4056 6334
693 353 832 410 1159

1657 349 1716 406 S.
1753 350 2026 408 CYRILLI
2058 350 2525 406 ALEXANDIHNI
2566 353 2884 409 ARCHIEP.

3805 366 3936 420 Η(ιο

693 468 973 537 indignum
1004 479 1128 520 esse
1187 479 1285 519 nos
1310 463 1739 532 antiquissimam
1773 465 1895 519 ﬁdei
1922 467 2258 521 traditionem

2370 469 2680 538 χαιοτάτην,
2709 470 2803 523 καὶ
2841 467 2900 533 ἐξ
2928 471 3104 522 αὐτῶν
3138 472 3246 522 τῶν
3289 474 3454 539 ἀγίων
3502 475 3826 531 ἀποστόλων
3867 480 3936 532 δι-

689 562 783 630 (ut
841 574 962 627 qua:
1000 559 1067 614 ab
1099 559 1229 626 ipsis
1279 557 1484 611 sanctis
1513 558 1768 625 apostolis
1802 558 2042 626 profecta
2069 562 2134 612 ad
2169 575 2265 614 nos

691 666 862 721 usque
881 650 1162 719 pervenit)
1188 658 1404 720 propter
1429 648 1673 701 curiosas
1711 649 1968 715 quasdam
1995 664 2056 704 ac
2079 666 2266 719 super-

692 756 962 796 vacaneas
1007 742 1249 796 rationes
1294 754 1357 793 ac
1407 739 1823 808 disceptationes
1874 741 2147 806 deserere,
2187 745 2264 795 vel

694 833 878 888 nimiis
903 831 1343 902 inquisitionihus
1376 832 1623 883 humanae
1649 832 1842 885 mentis
1869 844 2083 902 captum
2108 850 2266 888 exce-

692 925 875 977 dentia
900 922 1206 992 subjicere;
1244 921 1348 990 ιθ
1372 920 1454 974 vel
1485 921 1535 973 in
1566 921 1795 973 medium
1844 924 2065 978 exsilire
2101 925 2263 977 veluti

687 1015 920 1084 judices,
953 1023 1011 1068 ut
1043 1024 1227 1068 nostro
1266 1027 1450 1076 sensu,
1485 1022 1789 1079 contempto
1819 1016 2077 1082 periculo,
2111 1017 2266 1082 quid—

691 1108 776 1160 vis
812 1107 1116 1169 metientes,
1144 1104 1389 1158 dicamus
1420 1121 1433 1156 :
1463 1102 1573 1157 lloc
1617 1113 1760 1157 recte
1813 1120 1868 1157 se
1923 1107 2103 1170 habet,
2138 1108 2264 1160 illm]

691 1211 823 1248 vero
853 1209 1030 1248 secus.
1049 1192 1263 1258 Quanto
1304 1193 1496 1255 satius,
1531 1203 1841 1261 quantoque
1889 1194 2073 1248 utilius
2106 1196 2262 1257 foret,

692 1286 1090 1355 sapientissimo
1111 1283 1219 1338 Deo
1251 1283 1598 1338 consiliorum
1645 1300 1864 1337 suorum
1916 1287 2149 1339 rationes
2178 1288 2260 1340 in-

693 1389 844 1445 ωσι-ο
869 1377 1203 1445 permittere,
1239 1386 1294 1429 et
1319 1390 1380 1428 ea
1415 1390 1532 1443 qure
1575 1377 1674 1445 ipsi
1705 1377 2082 1446 probatissima
2117 1389 2262 1443 sunt,

693 1470 857 1539 impie
879 1485 982 1523 non
1005 1471 1419 1539 reprehendere,
1455 1472 1747 1536 prtcsertim
1769 1487 1890 1524 cum
1919 1472 2061 1523 illum
2080 1485 2266 1540 aperte

689 1559 1058 1624 dicentem,ct
1106 1562 1262 1629 quasi
1295 1563 1726 1628 expostulantetu
1762 1565 2078 1616 audiamus:
2106 1583 2122 1614 ι
2151 1564 2262 1619 Νοιι

689 1661 818 1706 sunt
850 1651 1072 1705 consilia
1104 1666 1221 1704 mea
1251 1651 1382 1704 sicul
1405 1653 1626 1706 consilia
1663 1663 1860 1715 vestra,
1891 1670 1987 1708 nec
2013 1656 2108 1707 viae
2135 1672 2263 1708 mea:

691 1752 753 1796 ut
776 1743 877 1797 viae
912 1751 1141 1797 vestrae:
1170 1743 1263 1796 sed
1318 1744 1460 1796 sicut
1500 1745 1663 1798 distat
1714 1746 1908 1799 caelum
1942 1761 1969 1798 a
2000 1757 2162 1810 terra,
2189 1750 2259 1800 ita

690 1837 792 1889 viae
816 1850 995 1889 mensa
1025 1837 1126 1891 viis
1167 1838 1382 1901 vestris,
1406 1846 1462 1890 et
1503 1838 1858 1905 cogitationes
1891 1854 2020 1894 mea:
2051 1855 2078 1893 a
2109 1843 2257 1910 cogi-
2296 1818 2335 1870 Β

690 1926 984 1980 tationihus
1015 1930 1206 1982 vestris
1227 1929 1291 1980 ".
1325 1946 1343 1978 ι

760 2018 948 2073 XVIII.
983 2018 1162 2085 Quare
1201 2020 1328 2074 licet
1363 2018 1642 2087 templum,
1675 2019 1817 2088 quod
1846 2018 2024 2075 Verbo
2051 2022 2256 2075 unitum

690 2120 794 2178 est,
834 2112 1010 2164 anima
1043 2112 1277 2165 humana
1307 2114 1603 2180 perlectum
1631 2122 1686 2166 et
1732 2113 2078 2166 informatum
2109 2124 2260 2167 certo

687 2205 997 2267 credamus,
1037 2219 1142 2256 non
1195 2204 1330 2257 duos
1383 2214 1559 2258 tamen
1618 2204 1757 2258 filios
1817 2206 2127 2266 adoramus,
2162 2220 2259 2257 nec

687 2298 824 2351 duos
854 2296 1102 2349 Christus
1132 2297 1495 2365 agnoscimus.
1524 2295 1594 2350 Ut
1626 2298 1768 2349 enim
1802 2297 2013 2349 tametsi
2046 2296 2259 2348 Emt‘na-

690 2387 900 2438 nuelelu
957 2402 1020 2437 ex
1079 2387 1190 2440 sola
1245 2401 1411 2440 carne
1447 2397 1500 2438 ct
1538 2387 1628 2438 Dei
1679 2387 1850 2439 Patris
1888 2383 2256 2449 Verbo,juxla

689 2477 1004 2543 opinionem
1068 2489 1228 2539 quam
1286 2475 1359 2525 illi
1417 2477 1866 2540 complectuntur,
1898 2476 2255 2539 compositum

691 2573 956 2625 statuant,
1018 2562 1160 2614 nulla
1195 2562 1366 2614 adhuc
1402 2570 1578 2612 tamen
1631 2561 1838 2612 ratione
1873 2560 1973 2611 huc
2011 2559 2083 2610 illi
2118 2559 2257 2626 adigi

690 2667 751 2706 se
789 2659 1122 2720 paterentur,
1168 2659 1223 2702 ut
1246 2664 1409 2702 carne
1444 2662 1710 2706 seursmn,
1736 2658 1791 2700 et
1825 2647 2109 2714 Uuigenito
2137 2662 2256 2697 rur-

689 2756 808 2794 sum
839 2755 1080 2794 seorsum
1137 2739 1332 2808 pusitu,
1377 2740 1511 2792 duo.»
1551 2738 1793 2791 Christos
1842 2736 2254 2803 proﬁterentur;

690 2835 766 2887 ita
796 2847 892 2888 nos
943 2846 1172 2899 quoque,
1204 2830 1452 2898 quamvis
1506 2829 1600 2881 Dei
1645 2827 1898 2890 Verbum,
1936 2828 2255 2881 humanitati

692 2937 890 2980 nostra:
923 2924 1214 2978 secundum
1243 2923 1470 2990 propri-te
1503 2931 1706 2974 natqu
1742 2922 2005 2973 rationem
2037 2921 2257 2974 omnino

691 3017 927 3086 perfecte
979 3017 1212 3077 unitum,
1257 3012 1619 3080 inell'abilique
1687 3029 1749 3065 ac
1810 3013 2258 3078 incmuprehenso

691 3109 850 3176 plane
881 3108 1038 3161 modo
1082 3106 1346 3159 sociatum
1384 3105 1735 3166 allirmamus,
1785 3119 1889 3156 non
1923 3105 2054 3158 duos
2078 3115 2253 3156 tamen

690 3199 830 3252 ﬁlios
885 3208 1060 3251 mente
1107 3196 1466 3264 concipimus,
1499 3196 1594 3248 sed
1661 3210 1824 3247 unum
1880 3197 2253 3263 eumdemque,

690 3289 780 3356 qui
814 3287 1030 3354 quidem
1080 3293 1270 3338 natura
1317 3285 1455 3338 Deus
1505 3283 1796 3347 exsislens,
1826 3293 2008 3348 ulpote
2046 3301 2111 3338 ex
2164 3285 2252 3338 Dei

690 3388 746 3432 et
779 3376 956 3431 Patris
989 3377 1292 3430 substantia
1331 3385 1501 3438 ortus,
1535 3386 1588 3426 et
1641 3375 1692 3426 iu
1757 3374 2019 3426 extremis
2076 3374 2255 3428 surculi

693 3469 1024 3537 temporibus
1084 3469 1244 3521 homo
1293 3466 1468 3519 lactus
1505 3466 1574 3526 ⁵³,
1614 3474 1671 3518 et
1714 3480 1780 3517 ex
1835 3481 1988 3518 sacra
2039 3466 2254 3533 deipara

691 3559 913 3630 Virgine
942 3567 1120 3620 natus,
1148 3572 1270 3611 cum
1301 3572 1330 3609 a
1364 3555 1541 3620 nobis,
1584 3565 1694 3608 tum
1742 3556 1811 3608 ab
1868 3557 1997 3623 ipsis
2042 3570 2256 3623 quoque

689 3651 893 3704 sanctis
931 3649 1156 3717 angelis,
1192 3645 1484 3702 secundum
1543 3645 1847 3713 Scripturas
1886 3647 1951 3712 ⁸⁵,
1984 3649 2178 3700 colitur
2203 3656 2256 3700 et

691 3740 967 3794 adoratur.

762 3831 900 3887 XIX.
932 3833 1083 3897 Quod
1135 3832 1180 3887 si
1221 3831 1456 3885 dixerint
1484 3847 1652 3901 genus
1690 3841 1931 3886 nostrum
1967 3833 2081 3885 solo
2125 3832 2252 3887 Uni-

689 3926 856 3995 geniti
911 3927 1143 3980 adventu
1198 3925 1494 3994 indiguisse
1559 3937 1718 3995 atque
1761 3927 1880 3978 ideo
1911 3926 2080 3991 illum,
2111 3927 2251 3994 quod

686 4019 755 4072 ab
794 4020 859 4073 iis
889 4020 1062 4086 quiin
1109 4019 1267 4071 terris
1305 4019 1524 4083 degunt,
1563 4016 1734 4076 cerni,
1788 4015 2068 4081 amiceque
2103 4029 2251 4079 ⁸οιιιιι

687 4109 992 4163 hominibus
1021 4106 1348 4170 conversari,
1386 4116 1440 4159 et
1468 4107 1588 4160 vita:
1620 4107 1944 4174 evangelicm
1990 4106 2128 4158 viain
2160 4122 2253 4158 no-

685 4201 770 4255 bis
800 4209 1215 4268 praemonstrare
1266 4200 1446 4261 vellet,
1469 4199 1863 4266 tlispensaloria
1894 4199 2126 4266 quadam
2161 4214 2250 4251 ra-

687 4294 835 4347 tione
857 4291 1025 4345 solum
1065 4305 1290 4344 carnem
1332 4291 1488 4344 nobis
1521 4290 1754 4343 similem
1811 4290 2045 4343 induisse
2077 4290 2252 4358 (Deus

686 4399 920 4452 namque
955 4385 1248 4436 secundum
1274 4398 1424 4437 suam
1445 4393 1688 4435 naturam
1709 4383 1810 4436 sub
1845 4390 2119 4449 aspectum
2148 4396 2249 4433 non

2369 561 2606 628 ήκουσαν
2633 562 2712 623 είς
2742 563 2886 628 ἡμᾶς
2919 561 3233 631 παράδοσιν,
3266 565 3327 616 οὐ
3370 568 3489 628 ταῖς
3520 568 3934 638 ὑπερμέτροιςε

2364 650 2671 720 ἀκριϐείαις
2692 651 2976 704 καταλύειν
2995 654 3019 691 ιι
3044 653 3213 718 ἀξιον,
3241 655 3362 708 οὒτε
3390 659 3494 728 μὴν
3516 662 3637 723 ταῖς
3668 663 3748 723 είς
3774 664 3936 730 ἀκρον

2364 740 2613 809 ἐρεύναις
2659 741 2952 811 ὑποφέρειν
2993 743 3063 794 τὰ
3130 744 3269 812 ὑπὲρ
3317 747 3458 812 νοῦν,
3488 749 3750 802 ἀλλὀῦδὲ
3788 752 3938 820 ἥκειν

2363 833 2443 894 είς
2491 834 2654 901 μέσον
2702 832 2897 904 οἷάπερ
2921 836 3072 898 τινὰς
3110 837 3363 906 ὁριστὰς,
3411 841 3503 893 καὶ
3552 841 3939 911 ῥιψοκινδύνως

2365 923 2654 992 λέγοντας,
2701 927 2774 989 ὡς
2826 927 2887 980 τὸ
2931 929 3076 982 δεῖνα
3123 929 3222 998 μὲν
3270 929 3466 999 ὀρθῶς,
3498 933 3557 984 τὺ
3593 934 3742 986 δεῖνα
3795 933 3842 985 δ”
3877 929 3935 986 αὖ

2365 1016 2568 1086 ἑτέρως
2597 1018 2761 1087 ἔχειν.
2780 1015 2976 1089 Ἐχρῆν
3011 1020 3205 1089 δήπου,
3229 1021 3324 1073 καὶ
3350 1016 3416 1091 ἦν
3443 1023 3666 1091 ἄμεινον
3703 1024 3933 1093 ἀληθῶς,

2363 1109 2659 1177 ἀπονέμειν
2697 1111 2897 1180 μᾶλλον
2950 1113 3028 1183 τῷ
3059 1115 3315 1183 πανσόφῳ
3343 1116 3463 1183 Θεῴ
3499 1117 3608 1168 τῶν
3646 1117 3796 1168 ἰδίων
3829 1117 3936 1169 δια-

2366 1203 2608 1270 σκέψεων
2654 1204 2754 1273 τὴν
2804 1205 2942 1267 ὁδὸν,
2978 1208 3073 1259 καὶ
3106 1207 3178 1277 μὴ
3205 1211 3316 1270 τοῖς
3353 1205 3410 1260 εὖ
3447 1209 3592 1278 ἔχειν
3623 1212 3761 1280 παρ’
3790 1212 3934 1279 αὐτῷ

2362 1293 2860 1364 δεδοκιμασμένοις,
2931 1299 3158 1361 ἀνοσίως
3220 1301 3500 1369 ἐπιτιμᾷν.
3561 1302 3933 1371 ’Λκουσόμεθα

2364 1384 2471 1453 γὰρ
2501 1385 2746 1452 λέγοντος
2779 1389 3022 1457 ἐναργῶς
3042 1403 3054 1416 ·
3089 1409 3106 1440 ι
3135 1391 3208 1441 Οὐ
3235 1391 3343 1460 γάρ
3369 1394 3504 1443 εἰσιν
3537 1395 3592 1444 αἱ
3619 1393 3808 1461 βουλαί
3841 1412 3934 1461 μου

2362 1475 2549 1546 ὥσπερ
2582 1479 2637 1529 αἱ
2671 1477 2856 1546 βουλαὶ
2883 1480 3056 1549 ὑμῶν,
3087 1481 3206 1533 οὐδὲ
3248 1482 3435 1552 ῶσπερ
3466 1485 3522 1535 αἱ
3553 1485 3664 1536 ὁδοὶ
3697 1485 3855 1552 ὑμῶν
3887 1489 3934 1537 αἱ

2362 1564 2467 1616 ὁδοί
2503 1582 2602 1633 μου
2624 1580 2636 1592 '
2692 1566 2807 1618 ἀλλ’
2834 1569 2909 1630 ὡς
2939 1570 3129 1637 ἀπέχει
3173 1572 3200 1620 ὁ
3234 1571 3458 1640 οὐρανὸς
3508 1574 3616 1624 ἀπὸ
3659 1574 3762 1642 τῆς
3791 1573 3895 1642 γῆς
3921 1615 3933 1633 ,

2362 1656 2532 1718 οὕτως
2559 1657 2751 1726 ἀπέχει
2785 1662 2816 1728 ὴ
2847 1661 2961 1723 ὁδός
2997 1679 3098 1729 μου
3127 1662 3232 1714 ἀπὸ
3260 1664 3367 1715 τῶν
3385 1665 3519 1716 ὁδῶν
3549 1667 3731 1735 ὑμῶν,
3755 1668 3847 1718 καὶ
3873 1668 3931 1717 τὰ

2361 1745 2696 1815 διανοήματα
2733 1749 2884 1817 ὑμῶν
2917 1751 3022 1802 ἀπὸ
3056 1751 3152 1819 τῆς
3181 1753 3416 1817 διανοίας
3452 1771 3572 1824 μου.
3611 1776 3628 1805 ι

2432 2017 2538 2068 lll'.
2585 2017 2746 2080 Υἱοὺς
2803 2018 2859 2070 δὲ
2886 2018 3001 2071 οὔτι
3037 2035 3139 2072 που
3177 2020 3267 2072 δύο
3305 2024 3784 2092 προσκυνήσομεν,
3814 2024 3928 2077 ἀλλ’

2360 2108 2478 2160 οὐδὲ
2510 2110 2779 2179 Χριστοὺς
2808 2111 3035 2180 ἐροῦμεν
3055 2109 3166 2174 δύο,
3190 2111 3293 2164 κᾶν
3317 2113 3632 2182 ὲψυχῶιςοαι
3668 2116 3927 2166 πιστεύω-

2363 2216 2460 2267 μεν
2483 2200 2626 2270 ψυχῇ
2650 2201 2838 2271 λογικῇ
2868 2202 2955 2254 τὸν
2983 2195 3251 2255 ένωΟέντα
3271 2205 3349 2273 τῷ
3381 2206 3538 2274 Λόγῳ
3566 2207 3929 2273 ναόν.”Ωσπερ

2359 2293 2492 2361 γὰρ,
2522 2293 2660 2345 κατά
2686 2310 2748 2360 γε
2776 2293 2838 2344 *τὸ
2884 2294 3113 2356 ἐκείνοις
3141 2291 3198 2346 εὖ
3230 2295 3373 2364 ἔχειν
3403 2296 3614 2352 δοκοῦν.
3654 2299 3763 2350 κᾶν
3796 2299 3843 2349 εί
3871 2300 3926 2349 ar.

2361 2383 2527 2452 μὸνης
2553 2383 2762 2450 λέγοιτο
2783 2386 2854 2432 i-J
2880 2385 2980 2452 τῆς
3009 2385 3229 2452 σαρκὸς,
3257 2385 3452 2437 καὶτοῦ
3472 2387 3537 2436 ὲκ
3558 2386 3695 2438 Θεοῦ
3730 2389 3926 2456 Πατρὸς

2359 2473 2663 2541 πεφηνότος
2712 2474 2909 2541 Λόγου,
2939 2474 3112 2536 οὐδεὶς
3153 2475 3348 2537 αὐτοὺς
3385 2476 3669 2527 ἀναπείσει
3711 2479 3923 2545 τρόπος,

2357 2557 2462 2609 ἀνὰ
2495 2557 2657 2627 μέρος
2683 2561 2779 2626 τὴν
2817 2562 2991 2627 σάρκα
3022 2564 3289 2624 τιυέντας,
3325 2565 3417 2612 καὶ
3442 2565 3542 2612 ἀνὰ
3578 2566 3750 2631 μέρος
3775 2566 3926 2615 αὐτὸν

2359 2647 2659 2715 Μονογενῆ,
2688 2647 2854 2698 δυάδα
2904 2648 2959 2699 δὲ
3000 2649 3246 2717 Χριστῶν
3284 2649 3564 2718 ὁμολογεῖν
3588 2667 3599 2678 ·
3634 2650 3781 2702 οὕτω
3833 2654 3924 2703 κᾶν

2358 2739 2423 2804 τῇ
2447 2736 2566 2788 καθ’
2594 2739 2742 2805 ἡμᾶς
2779 2732 3156 2807 ἀνθρωπότητι
3185 2739 3399 2801 τελείως
3430 2740 3551 2808 ὲχού
3565 2749 3650 2811 ῒῃ,
3695 2743 3841 2793 κατὰ
3867 2759 3920 2809 γε

2357 2827 2446 2878 τὸν
2475 2829 2572 2898 τῆς
2606 2828 2739 2891 ἰδίας
2789 2830 2999 2896 φύσεως
3050 2830 3226 2896 λόγον,
3258 2832 3417 2882 οἱονεὶ
3454 2833 3842 2901 συνενηνέχῡαι
3872 2851 3925 2884 τε

2358 2918 2451 2969 καὶ
2486 2917 2726 2986 ἠνῶσΟαι
2774 2917 3015 2987 λέγωμεν
3047 2919 3376 2989 ἀπορῤἡτως
3407 2937 3465 2970 τε
3504 2920 3598 2971 καὶ
3630 2921 3771 2990 ὑπὲρ
3809 2920 3923 2972 νοῦν

2356 3010 2446 3060 τὸν
2490 3010 2553 3060 ἐκ
2596 3009 2730 3060 Θεοῦ
2772 3009 2961 3075 Λόγον,
2998 3011 3095 3077 οὐχ
3126 3011 3256 3062 υἱῶν
3280 3010 3442 3062 δυάδα
3470 3013 3760 3081 νοήσομεν,
3804 3013 3924 3064 ἀλλ’

2359 3099 2453 3150 ἕνα
2482 3101 2575 3151 καὶ
2608 3099 2698 3151 τὸν
2726 3100 2908 3162 αὑτὸν,
2943 3099 3101 3166 φύσει
3141 3102 3240 3169 μὲν
3270 3104 3395 3155 ὄντα
3428 3102 3578 3165 Θεὸν,
3605 3105 3698 3154 καὶ
3747 3103 3810 3166 ἐξ
3839 3104 3925 3155 αὺ-

2357 3190 2455 3257 τῆς
2488 3190 2762 3259 πεφηνότα
2805 3191 2904 3259 τῆς
2950 3191 3133 3253 οὐσίας
3164 3189 3258 3244 τοῦ
3293 3193 3425 3246 Θεοῦ
3471 3195 3561 3245 καὶ
3596 3195 3843 3263 Πατρός·
3874 3198 3926 3246 ἐν

2357 3280 2603 3348 ἐσχάτοις
2633 3281 2689 3332 δὲ
2714 3281 2806 3333 τοῦ
2835 3283 3028 3345 αἰῶνος
3057 3287 3268 3353 καιροῖς
3301 3285 3586 3354 γενόμενον
3610 3286 3922 3354 ἄνθρωπον,

2359 3373 2451 3425 καὶ
2483 3373 2570 3425 διὰ
2611 3375 2707 3442 τῆς
2746 3375 2907 3442 ἁγίας
2937 3377 3030 3428 καὶ
3059 3377 3320 3430 Osos/mou
3358 3380 3624 3448 Παρθένου
3659 3396 3923 3448 γεγεννη-

2361 3462 2536 3530 μένον,
2574 3464 2668 3515 καὶ
2699 3466 2835 3534 πρός
2868 3484 2924 3518 τε
2957 3467 3112 3535 ἡμῶν
3144 3469 3320 3520 αὐτῶν
3352 3469 3444 3520 καὶ
3479 3471 3584 3520 τῶν
3613 3470 3792 3536 ἁγίων
3826 3473 3922 3537 ἀγ-

2359 3555 2529 3621 γέλων
2565 3557 3056 3626 προσκυνούμενον,
3093 3562 3232 3611 κατά
3258 3559 3352 3620 τὰς
3382 3560 3616 3628 Γραφὰς.

2428 3846 2525 3894 ιιειν.
2569 3844 2629 3894 Εἰ
2659 3842 2714 3894 δὲ
2745 3842 2807 3912 δὴ
2836 3846 3008 3910 φαῖεν,
3041 3844 3122 3895 ὅτι
3155 3842 3322 3912 μόνης
3353 3843 3450 3910 μὲν
3490 3842 3657 3893 ἐδεῖτο
3679 3842 3747 3892 τὰ
3787 3843 3922 3895 καο“

2356 3935 2501 3997 ἡμᾶς
2546 3937 2641 3997 τῆς
2685 3933 2780 3978 τοῦ
2829 3930 3164 3994 Μονογενοῦς
3211 3927 3534 3995 ἐπιδημίας⁸
3565 3931 3832 3997 ἐθελήσεις
3870 3935 3921 3982 δὲ

2354 4020 2586 4087 ὀφθῆναι
2611 4022 2722 4080 τοῖς
2751 4021 2840 4071 ἐπὶ
2870 4021 2991 4089 γῆς,
3017 4022 3109 4071 καὶ
3132 4017 3436 4088 ἀνθρώποις
3468 4016 3918 4089 συναναστραφῆ-

2355 4129 2461 4174 ναι,
2493 4109 2810 4180 παραδεῖξαί
2852 4129 2912 4162 τε
2952 4113 3086 4181 ἡμῖν
3133 4111 3234 4179 τῆς
3281 4111 3610 4180 ἀγγελικῆςιι
3644 4112 3918 4173 πολιτείας

2356 4204 2449 4273 τὴν
2482 4203 2619 4264 ὁδὸν,
2651 4203 3004 4271 οἰκονομικῶς
3025 4203 3330 4271 ἠμπίσχετο
3355 4201 3365 4238 ¹
3399 4203 3496 4272 τὴν
3523 4203 3762 4271 ὁμοίανπι
3789 4207 3919 4273 ἡμῖν

2355 4297 2532 4364 σάρκα
2579 4293 2660 4363 (τὸ
2687 4295 2793 4362 γάρ
2821 4310 2902 4346 τοι
2945 4294 3098 4346 Θεῖον
3129 4294 3268 4345 κατά
3295 4292 3455 4360 φύσιν
3490 4293 3622 4345 ἰδίαν
3654 4294 3751 4363 οὐχ
3788 4296 3916 4364 ὀρα-

2353 4387 2486 4451 τύν)”
2524 4387 2852 4454 ἠγνοηκότες
2892 4385 3186 4438 ἁλώσονται
3207 4389 3304 4454 τῆς
3335 4385 3796 4454 ἐνανορωπήσεως
3831 4388 3915 4438 τὸν

682 4475 892 4544 cadit),
931 4475 1005 4528 illi
1047 4473 1438 4528 incarnationis
1489 4488 1710 4541 scopum
1756 4487 1814 4525 se
1840 4473 2104 4540 ignorare,
2142 4486 2255 4524 ma-

2360 4478 2578 4541 σκοπὸν,
2595 4478 2686 4528 καὶ
2705 4477 2975 4538 συνιέντες
2995 4477 3243 4544 οὐδαμῶς
3270 4476 3328 4527 τὸ
3352 4476 3494 4544 μέγα
3517 4475 3612 4544 τῆς
3639 4477 3912 4536 εὐσεϐεΞπ

685 4582 958 4637 gnumque
1025 4567 1154 4620 illud
1211 4567 1428 4635 pietatis
1463 4566 1776 4637 mysterium
1813 4566 1858 4596 ⁵⁵
1894 4580 2112 4634 prorsus
2143 4580 2248 4617 non

687 4658 1006 4728 intelligere,
1032 4669 1218 4727 aperte
1252 4658 1564 4712 ostendunt.
1594 4657 1725 4710 Nam
1753 4658 1795 4711 si
1833 4655 2155 4725 Uuigeuitus
2187 4665 2250 4706 ea

685 4753 858 4806 solum
893 4755 957 4806 de
1007 4767 1166 4806 causa
1216 4752 1550 4817 incarnatus,
1571 4750 1672 4803 hoc
1721 4759 1822 4812 est,
1863 4750 2020 4802 homo
2081 4748 2254 4802 lactus

685 4853 913 4910 est,quo
939 4845 1007 4896 ab
1050 4844 1115 4896 iis
1133 4843 1223 4910 qui
1260 4843 1313 4896 in
1355 4843 1512 4896 terris
1553 4851 1765 4894 mtatem
1799 4849 1982 4908 agunt,
2013 4840 2252 4908 conspici

688 4945 888 5002 posset,
918 4934 1161 5001 nihilque
1209 4935 1354 4987 aliud
1411 4944 1671 5002 praetcrea
1703 4934 1969 4986 commodi
2000 4933 2142 4986 illius
2172 4933 2254 4985 in-

685 5025 932 5080 carnatio
962 5025 1208 5076 humana:
1251 5033 1452 5077 natura:
1499 5025 1677 5078 attulit
1708 5043 1720 5079 :
1750 5040 1844 5078 cur
1887 5024 2096 5076 illorum
2128 5039 2250 5077 sen—

688 5118 870 5172 tentiae
914 5117 1258 5170 subscribere
1293 5116 1394 5184 17
1428 5131 1530 5168 non
1560 5117 1761 5184 pigeat,
1791 5115 1879 5183 qui
1911 5115 2248 5182 phantastica

690 5220 896 5261 tantum
954 5223 1119 5262 carne
1167 5222 1222 5263 et
1255 5223 1480 5275 corpore
1515 5206 1742 5261 Verbum
1785 5208 2048 5268 indutum,
2075 5221 2248 5274 neque

757 5364 800 5394 δ’
842 5363 941 5417 lsa.
972 5378 1060 5426 LV,
1092 5365 1144 5416 8.
1221 5364 1265 5394 ⁵³
1309 5362 1465 5415 Ilebr.
1501 5379 1538 5425 t,
1574 5363 1625 5426 l,
1658 5364 1712 5413 ‘2.

1789 5364 1830 5391 '“
1873 5361 2014 5415 Psal.
2046 5378 2186 5426 xcvi,
2220 5363 2273 5416 8.

2361 4567 2675 4637 μυστήριον.
2705 4567 2766 4617 Εἰ
2812 4567 2920 4635 γὰρ
2958 4565 3020 4636 δὴ
3065 4567 3231 4635 μόνην
3258 4567 3370 4636 ἔχει
3403 4569 3500 4638 τὴν
3535 4570 3790 4640 ἀφορμὴν
3823 4572 3910 4624 τοῦ

2353 4661 2578 4730 ὀφθῆναι
2609 4665 2722 4723 τοῖς
2755 4661 2847 4712 ἐπὶ
2880 4662 2982 4731 γῆς
3017 4661 3110 4714 τοῦ
3159 4665 3492 4731 Μονογενοῦς
3543 4668 3574 4734 ἡ
3621 4668 3908 4737 σάρκω-τις,

2354 4753 2566 4819 ἧγουνη
2621 4751 3058 4822 ἐνανορώπησις,
3113 4753 3408 4822 προσετέθη
3441 4763 3544 4821 γεο
3599 4756 3706 4824 μὴν
3735 4758 3910 4826 ἓτεῳν

2352 4842 2502 4892 οὐδὲν
2539 4845 2602 4912 τῇ
2633 4843 2922 4911 ἀνθρώπου
2946 4843 3124 4912 φύσει’
3158 4844 3272 4906 πῶς
3303 4845 3401 4896 οὐκ
3425 4844 3647 4913 ἄμεινον
3676 4849 3774 4916 ἤδη
3801 4867 3911 4910 πῶς

2353 4934 2445 4983 καὶ
2478 4935 2654 5001 σοφῶν
2673 4945 2721 4995 ι’,
2762 4937 2825 5004 τῇ
2854 4934 2962 4986 τῶν
2997 4936 3246 5003 Δοκητῶν
3276 4936 3649 5006 συμφέρεσθαι
3673 4939 3796 5009 δόξῃ
3823 4943 3912 4990 καὶ

2357 5025 2501 5092 ἡμᾶς
2533 5027 2748 5088 αὖτοὺς,
2767 5027 2814 5078 οἳ
2853 5027 3054 5095 σαρκός
3082 5045 3138 5079 τε
3167 5027 3303 5098 ὁμοῦ
3332 5029 3425 5078 καὶ
3452 5029 3640 5097 γηῖνου
3667 5031 3912 5100 σώματος

2358 5116 2826 5184 ἀπαμφιεννῦντες
2869 5117 2958 5168 τὸν
2993 5119 3182 5186 Λόγον,
3217 5114 3394 5186 ὦφθαι
3431 5120 3528 5189 μὲν
3578 5122 3671 5172 ἐπὶ
3710 5123 3810 5191 γῆς
3845 5125 3913 5174 (τις

2356 5207 2634 5275 ἄνθρωπον
2665 5209 3127 5278 μυθοπλαστοῦσιν
3153 5213 3199 5262 oi
3221 5210 3470 5274 δείλαιοι;
3509 5212 3913 5284 Ἠμαρτηκότς

2348 5364 2391 5392 ⁵⁵
2433 5365 2447 5416 Ι
2483 5364 2618 5416 Tim.
2655 5379 2739 5426 ιιι,
2774 5366 2858 5418 16.

1793 5515 1962 5569 Variae
1999 5515 2252 5570 lectiones
2286 5517 2484 5571 codicis
2519 5518 2870 5589 Seguieriani.

761 5686 784 5723 s
826 5675 1182 5746 ὑπέρμετρον.
1261 5674 1287 5711 h
1313 5676 1645 5729 καταλιπεῖν.

690 5747 870 5817 σετίθη
895 5763 976 5814 γε,
1054 5757 1081 5794 P
1123 5746 1299 5814 σοφόν.

1734 5673 1816 5724 i-i
1855 5673 2073 5727 ἕλοιντο.
2141 5675 2164 5713 κ
2197 5673 2575 5744 εὐαγγελικῆς.
2639 5672 3008 5745 ιἠμπέσχετο.
3068 5690 3106 5718 ιη
3151 5679 3303 5734 ἰδίαν.
3344 5692 3370 5717 η
3417 5680 3652 5737 εἴτόὗν.

3727 5691 3750 5718 ο
3780 5701 3905 5754 πρε-
