4056 6334
128 402 265 459 1161

1081 399 1168 455 DE
1208 397 1432 456 RECTA
1472 396 1628 452 FIDE
1666 396 1755 452 AD
1794 396 2236 455 THEODOSIUM
2278 398 2416 454 lMP.

3229 401 3365 456 H62

128 518 189 571 δὲ
216 514 482 587 τάληθοῦς
533 508 711 569 ἁλοῖεν
747 514 814 569 ἂν
845 513 939 571 καὶ
971 514 1031 568 οὐ
1062 516 1159 569 σὺν
1190 514 1375 585 ἱδρῶτι
1407 512 1702 585 μακρῷ.’Ἡ

1813 514 1857 567 in
1897 514 2126 570 hominis
2157 524 2370 580 natura,
2404 513 2495 569 sed
2523 513 2575 568 in
2610 513 2845 571 hominis
2876 523 3084 571 tantum
3116 517 3367 572 similitu-

127 611 232 663 οὐκ
261 609 482 678 ἄμεινον
511 609 749 680 ἐροῦσιν,
781 611 828 663 εί
858 608 1023 680 μηδὲν
1050 610 1256 680 ὀνίνησι
1287 609 1385 682 τὴν
1412 608 1699 680 ἀνθρώπου

129 700 296 768 φύσιν
340 702 369 753 6
412 700 475 753 ὲκ
514 700 648 753 Θεοῦ
675 701 868 770 Λόγος,
903 702 952 753 εί
980 701 1075 755 καὶ
1108 701 1298 769 γέγονε
1332 701 1487 771 σὰρξ,
1526 701 1701 754 ἀπαλ-

129 790 421 843 λάττεσθαι
452 790 549 861 μὲν
596 789 932 862 ἀκαθαρσίας
982 791 1285 860 σαρκικῆς,
1316 790 1461 857 δόξαι
1486 789 1575 862 [δ’]
1607 785 1701 843 οὖν

129 879 283 945 ἆπαξ
323 879 397 950 τῷ
429 882 602 951 γηΐνῳ
629 881 1067 953 προσκεχρῆσθαι
1102 880 1337 951 σώματι,
1372 880 1698 949 διαπερᾶναι

130 989 193 1023 τε
217 972 359 1026 οὕτω
391 973 481 1025 τὸν
513 971 844 1043 προτεθέντα
875 972 1103 1038 σκοπόν;
1136 973 1230 1036 Τίς
1260 968 1352 1026 οὖν
1380 973 1446 1027 ἂν
1492 975 1703 1042 γένοιτο

129 1063 318 1116 λοιπὸν
351 1064 451 1134 τῆς
508 1063 799 1135 ἐπιδημίας
830 1064 859 1115 6
886 1064 1078 1132 λόγος,
1114 1064 1147 1135 ἢ
1192 1064 1275 1128 τίς
1308 1065 1336 1116 ὁ
1373 1064 1572 1135 τρόπος
1602 1064 1702 1135 τῆς

133 1154 637 1227 ὲνανθρωπήσεως,
685 1156 999 1227 πέπρακται
1034 1156 1090 1208 δὲ
1135 1157 1257 1211 ὅτου
1286 1158 1467 1228 χάριν,
1523 1156 1577 1210 εί
1618 1174 1703 1220 τίς

132 1245 314 1315 ἔροιτο
342 1247 521 1316 τυχὸν,
541 1247 933 1301 ἀντακούσεται
963 1250 1093 1318 παρ’
1118 1249 1303 1319 ήμῶν·
1335 1249 1399 1303 Ἡ
1416 1247 1535 1303 θεία
1560 1248 1703 1304 διδά-

134 1337 215 1400 ξει
247 1337 571 1406 Γραφή.”1οι
598 1338 661 1406 δὴ
705 1334 818 1405 οῦν,
842 1333 888 1391 ὧ
936 1343 1171 1410 γενναῖε,
1201 1339 1372 1394 πυθοῦ
1404 1341 1511 1394 τῶν
1542 1339 1703 1411 ἱερῶν

132 1430 505 1499 Γραμμάτων,
538 1430 631 1482 καὶ
657 1432 776 1492 ταῖς
819 1430 928 1484 τῶν
958 1433 1126 1500 ἁγίων
1155 1434 1467 1487 ἀποστόλων
1495 1438 1701 1504 φωναῖς

132 1521 413 1590 ἐνερείσας
442 1518 500 1573 εὖ
533 1522 677 1591 μάλα
708 1524 806 1594 τῆς
845 1523 1078 1587 διανοίας
1106 1525 1196 1578 τὸν
1223 1524 1520 1595 ὀφθαλμὸν,
1549 1525 1702 1594 ἄθρει

131 1612 200 1681 δὴ
237 1612 419 1675 καλῶς
451 1614 512 1665 τὸ
534 1614 884 1685 ζητούμενον.
910 1617 1055 1686 Ἔφη
1093 1617 1273 1669 τοίνυν
1306 1618 1334 1669 6
1366 1617 1526 1686 σοφὸς
1571 1620 1703 1688 ημῖν

136 1702 373 1767 Παῦλος,
418 1704 578 1757 αὑτὸν
625 1702 761 1773 ἔχων
808 1705 866 1756 ὲν
916 1703 1095 1774 ἑαυτῷ
1138 1704 1401 1758 λαλοῦντα
1448 1705 1700 1776 Χριστόν·

140 1814 158 1845 ι
187 1796 405 1865 Ἐπειδὴ
457 1796 515 1849 δὲ
564 1797 635 1849 τὰ
684 1796 873 1849 παιδία
922 1795 1317 1867 κεκοινώνηκεν
1355 1798 1581 1868 αἵματος
1611 1798 1706 1851 καὶ

134 1887 360 1956 σαρκὸς,
378 1889 472 1939 καὶ
500 1887 661 1950 αὐτὸς
690 1887 1085 1959 παραπλησίως
1112 1890 1340 1959 μετέσχε
1372 1890 1479 1942 τῶν
1502 1888 1701 1954 αὑτῶν,

135 1978 226 2030 ἴνα
253 1978 338 2030 διὰ
360 1978 452 2029 τοῦ
484 1978 715 2031 θανάτου
744 1981 1068 2052 καταργήσῃ
1091 1982 1182 2033 τὸν
1205 1981 1266 2033 τὸ
1291 1982 1495 2050 κράτος
1517 1981 1706 2052 ἔχοντα

131 2065 231 2115 τοῦ
267 2063 516 2129 θανάτου,
546 2064 790 2117 τουτέστι
823 2066 913 2118 τὸν
964 2067 1236 2133 διάϐολον,
1275 2072 1369 2123 καὶ
1418 2072 1705 2144 ἀπαλλάξῃ

130 2154 380 2220 τούτους,
426 2155 540 2207 ὅσοι
594 2156 745 2227 φόϐῳ
795 2157 1027 2211 θανάτου
1075 2159 1162 2212 διὰ
1211 2162 1408 2223 παντὸς
1455 2162 1548 2214 τοῦ
1607 2164 1706 2235 ζῇν

130 2248 311 2316 ἔνοχοι
335 2242 473 2317 ἦσαν
509 2248 769 2312 δουλείας.
796 2268 814 2301 ν
844 2252 953 2303 Καὶ
986 2251 1091 2323 μὴν
1121 2254 1215 2305 καὶ
1244 2254 1466 2323 ἑτέρωθι
1507 2256 1707 2325 τρόπον

130 2340 269 2407 ἡμῖν
315 2339 728 2409 ἀφηγούμενος,
769 2359 786 2391 ‹
816 2340 889 2393 Τὸ
936 2342 1041 2413 γὰρ
1091 2343 1349 2396 ἀδύνατον
1388 2346 1481 2396 τοῦ
1516 2348 1701 2414 νόμου,

132 2430 325 2501 φησὶν,
363 2434 419 2484 ὲν
445 2426 488 2499 ᾧ
518 2432 731 2503 ἠσθένει
758 2432 846 2486 διὰ
868 2433 966 2504 τῆς
998 2436 1217 2504 σαρκὸς,
1246 2437 1419 2499 όΘεὸς
1451 2436 1540 2489 τὸν
1572 2438 1703 2491 ἑαυ-

129 2525 230 2577 τοῦ
269 2525 398 2578 Υίὺν
428 2526 716 2596 ἐκπέμψας
747 2528 804 2579 ὲν
828 2525 1136 2597 ὁμοιώματι
1181 2528 1381 2599 σαρκὸς
1407 2528 1699 2598 ἁμαρτίας,

131 2617 231 2668 καὶ
278 2617 405 2686 περὶ
448 2616 741 2686 ἁμαρτίας,
774 2618 1062 2689 κατέκρινε
1108 2618 1207 2687 τὴν
1254 2620 1527 2690 ἁμαρτίαν
1554 2621 1608 2673 ὲν
1634 2624 1700 2691 τῇ

133 2706 325 2774 σαρκὶ,
361 2706 448 2759 ἵνα
474 2706 536 2759 τὸ
565 2707 840 2777 δικαίωμα
866 2707 959 2761 τοῦ
984 2708 1150 2778 νόμου
1176 2707 1434 2779 πληρωθῇ
1466 2710 1522 2761 ὲν
1548 2710 1701 2778 ἡμῖν,

131 2801 248 2861 τοῖς
283 2799 356 2870 μὴ
388 2798 529 2851 κατά
554 2801 730 2871 σάρκα
765 2800 1178 2871 περιπατοῦσιν,
1206 2800 1341 2854 ἀλλὰ
1369 2800 1509 2853 κατὰ
1542 2798 1707 2852 πνεῦ-

136 2909 235 2959 μα.
271 2911 291 2943 ι

1806 605 1930 660 dine
1969 606 2019 659 in
2051 607 2211 661 terris
2242 606 2563 675 apparuisse
2594 604 2936 661 fabulantur?
2965 607 3160 663 Verum
3192 623 3366 678 quan-

1808 696 1994 750 tumhi
2022 697 2204 751 miseri
2240 712 2267 751 a
2298 698 2539 752 veritatis
2583 712 2747 766 scopo
2790 699 3066 764 aberrent,
3102 699 3243 754 incili
3271 715 3364 754 no-

1807 788 1951 855 gmio
2001 789 2208 844 ostendi
2264 798 2459 858 potest.
2511 788 2590 853 Si,
2652 790 2891 859 inquam,
2952 792 3044 846 Dei
3106 793 3367 859 Verbum,

1806 879 2015 933 etiamsi
2042 896 2168 935 caro
2197 880 2395 935 factum
2439 890 2540 945 est,
2569 881 2772 935 nullum
2804 883 2949 937 aliud
2977 884 3222 941 humana:
3270 902 3368 943 na-

1809 977 1940 1023 turae
1965 970 2299 1024 commodum
2322 970 2529 1035 attulit,
2564 987 2633 1024 an
2668 987 2773 1026 non
2807 974 3006 1027 rectius
3041 985 3372 1030 statueretur

1808 1060 2042 1114 acarnis
2088 1062 2304 1130 quidem
2355 1061 2693 1116 immunditia
2752 1064 2974 1117 omnino
3023 1066 3365 1128 abstinuisse.

1809 1160 2022 1205 terreno
2057 1150 2404 1208 nihilominus
2437 1167 2665 1222 corpore
2724 1156 2796 1209 uti
2831 1156 3001 1211 visum
3038 1172 3177 1223 esse,
3207 1167 3368 1228 atque

1807 1242 1907 1297 hac
1938 1242 2145 1297 ratione
2185 1242 2325 1313 quod
2368 1243 2681 1299 decreverat
2736 1245 3063 1312 perfecisse?
3101 1248 3366 1305 Caeterum

1807 1332 1928 1399 quis
1950 1332 2207 1388 adventus
2237 1333 2377 1388 illius
2416 1333 2579 1388 fuerit
2633 1350 2784 1401 usus,
2809 1346 2864 1392 et
2888 1338 3063 1407 qualis
3111 1339 3366 1399 incarna-

1809 1422 1970 1478 tionis
2003 1426 2267 1490 modus,si
2292 1426 2412 1494 quis
2442 1426 2577 1481 forte
2598 1442 2626 1480 a
2654 1427 2806 1482 nobis
2830 1429 3160 1496 sciscitetur,
3190 1434 3367 1499 cujus-

1808 1532 1912 1585 que
1959 1520 2033 1574 rei
2089 1523 2259 1589 gratia
2299 1530 2505 1590 patrata
2552 1523 2652 1588 sit;
2688 1524 2776 1577 ille
2815 1525 3058 1594 responsi
3117 1526 3236 1581 loco
3268 1528 3369 1579 hoc

1808 1612 1993 1679 paucis
2043 1611 2450 1682 habeatzAge,
2496 1614 2640 1669 istud
2701 1615 2878 1669 divina
2934 1615 3218 1685 Scriptura
3274 1618 3369 1673 tibi

1810 1703 2112 1772 patefaciet.
2143 1702 2294 1759 Vade
2353 1720 2484 1776 ergo
2528 1715 2583 1759 et
2636 1720 2821 1761 sacras
2850 1706 3081 1762 Litteras
3130 1708 3369 1775 consule,

1810 1796 2113 1865 mentisque
2159 1798 2372 1851 oculum
2410 1808 2722 1854 sanctorum
2750 1801 3111 1869 apostolorum
3150 1803 3371 1856 vocibus

1807 1885 1981 1953 infer;
2010 1898 2061 1941 et
2090 1889 2229 1956 quod
2249 1890 2773 1958 quaeritur,dilucide
2806 1891 2892 1945 hic
2918 1907 3036 1946 mox
3065 1893 3366 1948 intuebere.

1808 1978 1971 2045 Igitur
2023 1980 2457 2047 sapientissimus
2506 1981 2786 2048 apostolus
2831 1982 3053 2051 Paulus,
3089 1984 3179 2052 qui
3215 1982 3372 2039 Chri-

1808 2079 1945 2125 stum
1968 2070 2018 2122 in
2044 2084 2101 2124 se
2122 2070 2427 2138 loquentem
2462 2071 2715 2138 habebat,
2751 2074 2818 2128 ad
2849 2073 2991 2129 hunc
3011 2077 3224 2129 modum
3245 2090 3375 2130 con-

1807 2162 2150 2215 cionaturu
2217 2160 2352 2227 Quia
2424 2177 2553 2232 ergo
2618 2165 2769 2232 pueri
2841 2169 3373 2221 communicaverunt

1809 2254 1957 2307 carni
1986 2262 2040 2308 et
2069 2254 2337 2323 sanguini,
2361 2264 2415 2308 et
2463 2255 2576 2322 ipse
2605 2256 2855 2309 similiter
2900 2256 3368 2324 participaviteis-

1813 2345 1957 2407 dem,
1987 2353 2040 2395 ut
2077 2360 2171 2411 per
2218 2354 2445 2396 mortem
2493 2345 2797 2397 destrueret
2840 2358 2961 2398 eum
3005 2345 3094 2413 qui
3142 2345 3372 2404 habebat

1815 2435 2003 2485 mortis
2037 2432 2339 2500 imperium,
2378 2433 2428 2485 id
2464 2443 2546 2486 est
2586 2434 2881 2499 diabolum,
2912 2445 2965 2489 et
2997 2435 3249 2491 liberaret
3280 2449 3371 2489 eos

1813 2524 1903 2593 qui
1935 2540 2031 2594 per
2067 2533 2241 2579 totam
2295 2525 2454 2575 vitam
2508 2523 2728 2578 obnoxii
2775 2532 2929 2579 erant
2973 2528 3216 2581 servituti
3247 2527 3313 2579 ⁵⁵.
3345 2542 3366 2575 ι

1810 2618 1949 2670 Alibi
1976 2617 2113 2670 idem
2147 2617 2307 2669 aliam
2344 2631 2555 2684 quoque
2596 2616 2755 2686 hujus
2802 2619 2877 2671 rei
2927 2633 3147 2673 causam
3180 2620 3369 2686 aperit.

1814 2710 2013 2765 Scribit
2044 2708 2186 2761 enim
2214 2725 2226 2760 :
2261 2726 2278 2759 ι
2314 2707 2464 2773 Quod
2513 2709 2842 2777 impossibile
2879 2722 2995 2764 erat
3026 2711 3152 2781 legi,
3186 2712 3236 2764 in
3267 2724 3375 2781 quo

1812 2801 2187 2857 inﬁrmabatur
2235 2814 2330 2867 per
2361 2814 2577 2854 carnem
2603 2842 2617 2866 ,
2657 2800 2796 2855 Deus
2818 2802 3011 2857 Filium
3046 2819 3201 2859 suum
3253 2802 3374 2855 mit-

1815 2905 1932 2949 tens
1964 2894 2015 2945 in
2047 2890 2453 2946 similitudinem
2494 2890 2675 2946 carnis
2717 2895 2945 2960 peccati,
2978 2904 3031 2949 et
3057 2895 3121 2948 de
3153 2902 3373 2962 peccato

133 2987 415 3039 damnavit
457 2995 740 3054 peccatum
801 2985 856 3040 in
894 3000 1077 3048 carne,
1114 2996 1170 3039 ut
1208 2987 1522 3055 justiiicatio
1564 2988 1695 3058 legis
1735 2988 2051 3059 impleretur
2108 2984 2359 3049 innobis,
2387 2981 2477 3051 qni
2509 2996 2615 3037 non
2687 2987 2981 3039 secundum
3016 3000 3229 3041 carnem
3259 2998 3374 3037 atu-
3425 3008 3431 3013 -

131 3079 406 3140 bulnmus,
431 3078 523 3131 sed
559 3077 851 3130 secundum
887 3078 1135 3144 spiritum
1158 3079 1226 3131 ³⁷.
1265 3096 1285 3129 ι

209 3171 298 3222 K’.
340 3164 461 3240 Ἆρ’
488 3165 600 3231 οῦν,
634 3168 754 3236 οὐχὶ
793 3169 1205 3239 προδηλότατον,
1236 3172 1329 3223 καὶ
1379 3172 1554 3225 οὐδενὶ
1602 3172 1707 3224 τῶν

1885 3169 2003 3223 XX.
2034 3168 2221 3221 Annon
2262 3165 2664 3236 apertissimum
2722 3174 2826 3229 est,
2889 3166 3140 3229 obsecro,
3189 3166 3374 3235 unige-

132 3263 308 3314 ὀντων
338 3261 671 3330 ἁσυμφανὲς,
700 3261 783 3312 ὅτι
813 3258 934 3312 καθ’
968 3261 1112 3329 ἡμᾶς
1153 3260 1374 3327 γέγονεν
1408 3264 1435 3313 6
1464 3263 1703 3329 Μονογε-

132 3352 255 3421 νὴς,
285 3350 531 3403 τουτέστι
556 3350 759 3413 τέλειος
788 3350 1091 3419 ἄνθρωπος,
1126 3350 1210 3402 ἵνα
1245 3350 1347 3419 τῆς
1381 3350 1480 3419 μὲν
1525 3352 1707 3403 ἐπεισ-

134 3445 309 3497 άκτου
342 3442 545 3515 φθορᾶς
576 3443 636 3496 τὸ
669 3443 855 3512 γήϊνον
895 3442 1055 3511 ἡμῶν
1098 3441 1386 3513 ἀπαλλάξῃ
1425 3442 1602 3511 σῶμα,
1640 3444 1708 3513 τῇ

133 3537 262 3591 καθ’
298 3537 491 3591 ἕνωσιν
529 3534 810 3605 οἰκονομίᾳ
850 3532 949 3604 τὴν
986 3533 1120 3587 ίδίαν
1150 3532 1298 3603 αὑτῷ
1328 3532 1470 3602 ζωὴν
1507 3532 1666 3596 ὲνιείς
1689 3550 1703 3565 ο

133 3629 320 3700 ψυχὴν
340 3628 395 3681 δὲ
424 3628 559 3684 ἰδίαν
578 3628 678 3700 τὴν
699 3626 1045 3697 ἀνθρωπίνην
1067 3627 1410 3697 ποιούμενος,
1436 3626 1711 3696 ἁμαρτίας

136 3721 314 3792 αὐτὴν
344 3721 599 3791 ἀποφήνῃ
642 3719 949 3792 κρείττονα,
984 3717 1085 3789 τῆς
1119 3717 1252 3781 ἰδίας
1285 3719 1497 3787 φύσεως
1523 3718 1582 3769 τὸ
1618 3734 1713 3769 πε-

136 3809 321 3880 πηγός
351 3825 408 3861 τε
436 3808 529 3860 καὶ
553 3808 843 3879 ἄτρεπτον,
875 3801 1070 3875 οἷάπερ
1092 3808 1223 3879 ἐρίῳ
1250 3807 1448 3879 βαφὴν,
1480 3809 1713 3874 ἐγκατα-

139 3901 365 3971 χρώσας
411 3899 583 3968 αὐτῇ;
634 3901 754 3951 Δεῖν
781 3900 890 3969 γὰρ
922 3894 1075 3968 οἶμαι
1106 3902 1216 3962 τοῖς
1248 3900 1599 3969 περὶτούτων
1628 3900 1711 3952 λό·

138 4005 261 4057 γοις
294 3987 771 4057 παραδειγμάτων,
791 3988 922 4040 πολὺ
951 3988 1068 4040 λίαν
1098 3988 1356 4056 ἔχουσιτὸ
1372 3990 1710 4058 ἀσυμφανές·

138 4080 256 4152 ὁρῶ
291 4080 387 4149 μὲν
415 4077 521 4148 γὰρ
558 4078 709 4147 μόλις
741 4080 799 4131 ὲν
824 4078 1071 4149 ἐσόπτρῳ
1095 4095 1153 4132 τε
1199 4080 1292 4133 καὶ
1338 4080 1615 4148 αίνίγματι
1647 4080 1715 4136 τὰ

143 4170 268 4224 θεῖά
298 4186 355 4222 τε
386 4170 479 4223 κα)⁸
509 4168 648 4237 ὑπὲρ
680 4166 805 4218 νοῦν
839 4168 1132 4236 μυστήρια.
1172 4167 1270 4235 Εἶη
1295 4167 1340 4218 δ’
1373 4169 1438 4220 ἂν
1465 4169 1564 4220 οὐκ
1593 4168 1715 4221 ἂτο.

140 4280 272 4327 πον,
303 4255 479 4330 οἶμαι,
514 4258 575 4311 τὸ
604 4257 821 4328 χρῆμαο
852 4258 1006 4329 φέρει
1054 4258 1161 4328 γὰρ
1193 4260 1250 4311 ὲν
1285 4258 1462 4329 ἑαυτῷ
1504 4259 1597 4311 τὸν
1638 4262 1715 4314 ει-

142 4355 303 4417 κότα,
325 4351 521 4422 μᾶλλον
551 4350 605 4403 δὲ
636 4349 730 4405 καὶ
758 4350 847 4404 τὸν
881 4349 1054 4419 ἀληθῆ
1082 4349 1574 4424 λογισμόν.”Ωσπερ
1598 4348 1711 4415 οὖν,

144 4444 333 4515 ἐπειδὴ
356 4445 545 4511 γέγονε
570 4443 705 4513 σὰρξ
726 4442 816 4496 τοῦ
839 4442 1223 4507 ζωοποιοῦντος
1242 4443 1308 4494 τὰ
1326 4444 1498 4495 πάντα
1514 4445 1709 4512 Λόγου,

1816 3262 1983 3315 nitum
2016 3259 2105 3313 Dci
2134 3257 2325 3310 Filium
2354 3258 2583 3310 similem
2614 3257 2792 3319 nobis,
2819 3256 2918 3310 hoc
2947 3268 3052 3321 est,
3081 3256 3373 3328 perfectum

1810 3353 2079 3406 lmininem
2136 3349 2331 3402 factum
2374 3362 2515 3409 esse,
2538 3361 2643 3415 quo
2669 3348 2926 3399 nimirum
2979 3358 3246 3402 terrenum
3276 3347 3375 3399 hoc

1811 3454 2052 3498 nostrum
2081 3456 2299 3510 corpus,
2323 3441 2433 3493 vita
2458 3437 2673 3509 prapria
2691 3453 2783 3508 per
2803 3439 3188 3495 weonomicam
3227 3439 3377 3491 unio—

1811 3550 1929 3589 nem
1956 3534 2027 3586 illi
2063 3532 2325 3593 immissa,
2354 3530 2422 3583 ab
2447 3530 2663 3583 inducta
2694 3529 3038 3598 corruptione
3084 3527 3375 3591 liberaret;

1810 3626 2041 3677 animam
2074 3638 2283 3675 rursum
2336 3619 2652 3682 humanam,
2676 3629 3024 3688 posteaquam
3066 3620 3211 3673 illam
3247 3632 3374 3686 pro-

1812 3714 1985 3784 priam
2015 3712 2115 3765 sibi
2143 3712 2493 3772 reddidisset,
2530 3722 2747 3778 sumque
2790 3718 2997 3763 natura:
3034 3708 3285 3762 firmitate
3314 3721 3376 3760 ao

1817 3803 2251 3861 immutabilitate
2276 3800 2499 3869 perinde
2532 3815 2595 3856 ac
2638 3799 2806 3855 vellus
2840 3800 3021 3856 colore
3066 3801 3372 3859 imbuisse’c.

1813 3905 2032 3966 peccato
2064 3894 2397 3962 superiorem
2421 3892 2724 3949 declararet
2740 3895 3023 3949 ?Arbitror
3043 3895 3184 3949 enim
3202 3908 3374 3947 exema

1812 3989 1938 4058 piis,
1979 4001 2096 4055 quae
2131 4001 2239 4039 rem
2276 4000 2371 4054 per
2393 3999 2452 4039 se
2486 3986 2773 4039 obscuram
2806 3986 3046 4040 nonnihil
3084 3987 3372 4046 illustrent.

1816 4081 1866 4132 in
1902 4079 2000 4134 hac
2046 4077 2286 4130 doctrina
2326 4091 2460 4146 Opus
2489 4091 2645 4131 esse:
2674 4077 2934 4146 siquidem
2976 4079 3080 4150 ιε
3123 4076 3375 4147 mysteria

1814 4171 2018 4235 divina,
2052 4178 2307 4236 tanquam
2361 4168 2611 4221 humanm
2642 4169 2837 4223 mentis
2866 4186 3083 4225 sensum
3108 4169 3375 4222 excedenv

1817 4262 1910 4327 tia,
1936 4262 2019 4314 vix
2064 4260 2115 4313 in
2173 4258 2391 4326 speculo
2440 4269 2494 4313 et
2536 4258 2871 4326 murigmatice
2911 4262 3149 4315 videmus
3174 4259 3237 4312 ⁸⁸.
3285 4257 3375 4310 Est

1815 4364 1989 4408 autem
2030 4351 2333 4420 exemplum
2389 4351 2608 4405 allatum
2643 4353 2713 4429 ad
2740 4366 2852 4405 rem
2894 4360 3373 4423 peropportunum,

1815 4446 2011 4515 quippe
2040 4445 2181 4513 quod
2203 4459 2389 4498 verum
2436 4447 2631 4514 potius,
2664 4459 2831 4512 quam
2863 4445 3151 4498 verisimile
3179 4442 3274 4500 rei,
3307 4442 3373 4494 de

143 4536 209 4586 τὸ
242 4534 447 4602 φθορᾶς
482 4534 576 4587 καὶ
622 4533 851 4585 θανάτου
899 4534 1261 4606 ὑπερφέρεται
1310 4534 1539 4604 κράτος·
1575 4535 1707 4585 κατὰ

1820 4553 1922 4606 qua
1955 4553 2135 4591 sermo
2162 4548 2261 4599 est,
2315 4538 2612 4607 symbolum
2668 4551 2778 4604 prae
2808 4552 2867 4588 se
2925 4536 3081 4589 ferat.
3112 4532 3379 4597 Quemad-

144 4628 240 4681 τὸν
291 4625 471 4689 αὑτὸν,
520 4620 693 4691 οἶμαι,
742 4625 965 4693 τρόπον,
1022 4627 1142 4677 ἐπεὶ
1188 4625 1377 4693 γέγονε
1428 4626 1571 4696 ψυχὴ
1623 4626 1715 4677 τοῦ

148 4718 491 4789 πλημμελεῖν
531 4714 631 4765 οὐκ
675 4714 905 4776 εἰδότος,
938 4715 1333 4786 ἐρηρεισμένην
1371 4716 1483 4788 ἔχει
1532 4716 1715 4771 λοιπὸν

144 4814 248 4881 τὴν
296 4808 572 4878 ἐφ’ἆπασι
623 4807 735 4866 τοῖς
785 4803 1007 4870 ἀγαθοῖς
1057 4808 1456 4878 ἀμεταποίητον
1507 4808 1711 4870 στάσιν,

147 4905 244 4955 καὶ
283 4902 381 4971 τῆς
424 4899 592 4954 πάλαι
634 4894 756 4950 καθ’
786 4892 943 4964 ἡμῶν
972 4897 1405 4969 τυραννευούσης
1436 4896 1710 4967 ἁμαρτίας

147 4992 498 5062 ἀσυγκρίτως
521 4985 955 5055 εὐσθενεστέραν,
989 4984 1209 5053 Πρῶτός
1230 5002 1287 5036 τε
1316 4988 1423 5056 γὰρ
1447 4987 1539 5042 καὶ
1563 4986 1718 5056 μόνος

148 5083 437 5151 ἄνθρωπος
488 5082 579 5133 ὲπῖ
629 5081 726 5150 τῆς
770 5080 871 5149 γῆς
916 5078 946 5128 6
986 5075 1219 5146 Χριστὸς
1270 5096 1287 5126 ι
1316 5079 1415 5131 οὐκ
1464 5079 1719 5149 ἐποίησεν

150 5173 449 5244 αμαρτίαν,
483 5173 600 5226 οὐδὲ
634 5171 829 5241 εὑρέθη
860 5168 1005 5230 δόλος
1036 5170 1093 5222 ἐν
1119 5166 1196 5238 τῷ
1227 5169 1449 5237 στόματι
1478 5169 1662 5221 αὑτοῦ.
1696 5188 1714 5219 i

163 5266 317 5329 Ῥίζα
344 5263 399 5315 δὲ
429 5263 612 5333 ὥσπερ
648 5266 739 5315 καὶ
772 5261 994 5335 ἀπαρχὴ
1024 5259 1332 5328 τεθειμένος
1360 5259 1468 5312 τῶν
1495 5265 1573 5324 είς
1604 5279 1721 5315 και-

157 5359 353 5426 νόνητα
382 5355 526 5423 ζωῆς
556 5354 1052 5424 ἀναμορςςουμὲνων
1084 5355 1140 5405 ὲν
1171 5352 1464 5424 Πνεῦματι,
1490 5359 1581 5408 καὶ
1614 5358 1712 5429 τὴν

152 5449 249 5504 τοῦ
276 5444 521 5516 σώματος
542 5444 866 5512 ἀφθαρσίαν,
892 5444 1066 5497 καὶτὸ
1087 5444 1183 5512 τῆς
1208 5442 1455 5510 θεότητος
1478 5446 1713 5512 ἀσφαλὲς

153 5534 564 5612 ἐρηρεισμένον,
595 5532 668 5593 ὼς
696 5536 751 5582 ὲν
785 5535 996 5600 μεθέξει
1028 5534 1120 5586 καὶ
1148 5532 1288 5585 κατά
1312 5533 1485 5599 χάριν,
1519 5534 1609 5582 καὶ
1636 5536 1712 5593 εἰς

153 5631 305 5684 Emam
360 5623 459 5694 ἤδη
512 5621 569 5673 τὸ
616 5620 952 5687 ἀνθρώπινον
1000 5622 1354 5691 παραπέμψει
1394 5621 1565 5685 γένος.
1606 5621 1712 5670 Καὶ

224 5780 274 5813 ⁵⁵
316 5776 473 5831 llehr.
510 5788 568 5833 Il,
603 5771 687 5829 i4,
727 5770 806 5820 i5.

358 5874 632 5928 Parnm.
675 5865 786 5920 (in.
843 5862 1103 5921 LXXVI.

1825 4626 2040 4679 modum
2070 4641 2198 4695 ergo
2228 4641 2375 4689 caro,
2401 4637 2751 4693 posteaquam
2787 4624 2942 4679 Verbi
2971 4625 3148 4678 omnia
3200 4621 3374 4677 viviﬁ-

1823 4718 2001 4771 cantis
2030 4734 2157 4772 caro
2177 4717 2364 4772 eii‘ecta
2391 4725 2492 4776 est,
2534 4716 2721 4770 mortis
2752 4727 2807 4770 et
2831 4715 3393 4785 corruptionisimpev-

1820 4813 1901 4864 rio
1924 4812 2170 4877 superior
2187 4810 2390 4863 evasit:
2415 4809 2494 4863 sic
2526 4812 2725 4874 anima,
2758 4821 2927 4879 ntego
2943 4812 3155 4879 quidem
3179 4813 3373 4871 sentio,

1821 4911 2166 4969 posteaquam
2198 4899 2341 4954 illius
2364 4900 2550 4954 effecta
2588 4910 2669 4955 est
2704 4902 2792 4968 qui
2822 4910 3096 4967 peccatum
3143 4915 3246 4952 non
3280 4916 3377 4953 no-

1818 4994 1916 5057 vit,
1940 5008 1968 5045 e
1999 4991 2226 5060 vestigio
2273 5001 2471 5045 statum
2507 4995 2737 5053 lirmum,
2780 5002 2841 5040 ac
2872 4990 2919 5040 in
2946 4989 3195 5042 omnibus
3222 4991 3377 5045 bonis

1820 5085 2089 5149 stabilem,
2116 5094 2439 5154 peccatoque
2477 5082 2615 5150 quod
2642 5080 2765 5133 olim
2800 5080 3132 5150 tyrannidem
3159 5097 3379 5137 exerce-

1823 5178 1931 5243 bat,
1966 5178 2147 5232 multis
2205 5179 2444 5245 partibus
2486 5171 2839 5241 potentiorem
2872 5182 3029 5227 nacta
3087 5184 3190 5227 est.
3222 5174 3377 5229 Chri-

1823 5277 1937 5321 stus
1993 5281 2222 5334 namque
2263 5266 2464 5332 primus
2513 5270 2567 5314 et
2594 5261 2739 5315 solus
2770 5277 2833 5317 ex
2868 5266 3113 5317 oninibus
3141 5266 3190 5316 in
3229 5273 3373 5316 terra

1827 5373 1844 5404 ε
1881 5365 2159 5423 peccatum
2196 5369 2299 5408 non
2322 5351 2465 5413 fecit,
2504 5365 2600 5404 nec
2632 5353 2784 5406 dolus
2824 5354 3071 5407 inventus
3093 5362 3170 5406 est
3207 5354 3255 5405 in
3280 5369 3374 5405 oro

1823 5445 1961 5493 illius
1987 5444 2052 5495 ".
2100 5462 2117 5490 ι
2156 5441 2254 5504 Qui
2304 5456 2437 5492 unus
2480 5442 2700 5508 proinde
2735 5444 2937 5511 positus
2974 5451 3229 5511 tauquam
3286 5458 3371 5492 ra-

1822 5534 1905 5581 dix
1949 5546 1997 5582 et
2034 5533 2239 5581 initium
2288 5532 2552 5596 quoddam
2592 5545 2929 5594 cunctorum,
2965 5532 3130 5600 quiin
3168 5530 3368 5596 Spiritu

1822 5621 1886 5671 ad
1941 5622 2059 5672 vita:
2119 5620 2407 5674 novitatem
2467 5624 2869 5684 instaurantur,
2912 5632 2962 5674 ct
2997 5620 3236 5687 corporis
3272 5620 3373 5670 im~

883 5771 925 5798 ⁵⁷
969 5770 1122 5823 Hom.
1157 5789 1271 5836 vm,
1308 5774 1360 5837 5,
1397 5772 1451 5823 6.
1529 5771 1571 5802 ⁵⁸
1612 5768 1779 5822 lCur.
1814 5784 1931 5833 xm,
1966 5771 2046 5823 i2.
2129 5774 2171 5804 ³⁹
2212 5773 2229 5825 Ι
2264 5773 2406 5830 Pclr.
2443 5790 2499 5838 lt,
2532 5776 2618 5827 ‘22.

2976 5860 3049 5923 37
