4056 6334
690 383 827 441 “65

1674 380 1731 436 S.
1771 380 2041 437 CYRILLI
2079 380 2544 438 ALEXANDRINI
2583 381 2896 441 ARClllEP.

3793 368 3924 423 H64

683 501 1089 571 mortalitatem,
1114 508 1169 559 et
1195 515 1315 557 eam
1335 514 1452 570 qua:
1473 513 1539 556 ex
1564 499 1846 556 divinitate
1865 502 2248 570 proﬁciscitur,

2353 504 2508 557 τοῦτο
2549 505 2706 568 εἰδὼς
2751 507 2778 558 ὁ
2828 503 3111 566 θεσπέσιος
3141 501 3342 572 γράφει
3389 494 3630 556 Παῦλος·
3683 489 3924 556 ιἭσῐττερ

683 595 1034 651 securitatem
1095 610 1160 650 ac
1221 594 1555 658 ﬁrmitatem,
1606 597 1898 649 secundum
1961 595 2246 662 quamdam

679 687 872 754 gratiae
931 685 1474 741 communicationem
1532 684 1584 738 in
1627 685 1938 739 universum
1966 685 2244 739 hominum

681 793 850 845 genus
876 780 1230 832 lransmittet.
1257 776 1421 846 Cujus
1438 776 1655 846 quidem
1702 777 1778 831 rei
1804 777 2017 832 divinus
2048 776 2250 832 Paulus

681 886 786 924 non
823 871 1066 941 ignarus,
1110 870 1182 925 ita
1213 870 1440 925 scribit:
1481 889 1500 922 ι
1550 870 1700 925 Sicut
1737 867 2072 940 portavimus
2117 871 2251 926 ima-

679 962 861 1029 ginem
902 961 1128 1026 terreni,
1155 972 1435 1031 portemus
1466 972 1521 1017 et
1547 962 1839 1031 imaginem
1868 962 2106 1018 cmlestis
2133 964 2199 1018 ‘°.
2223 983 2241 1016 ι

679 1050 971 1120 Imaginem
1034 1052 1237 1105 terreni
1269 1051 1523 1121 peccandi
1561 1052 1995 1121 propensionem,
2021 1060 2074 1106 et
2101 1067 2245 1106 mor-

676 1148 786 1196 tem
812 1157 932 1212 qua:
953 1142 1080 1196 hinc
1112 1141 1308 1206 oritur,
1340 1150 1496 1197 vocat
1521 1160 1533 1196 :
1559 1151 1613 1195 at
1655 1157 1784 1196 vero
1827 1157 1921 1211 per
1957 1142 2240 1213 imaginem

677 1231 934 1298 cmlestis,
965 1234 1065 1288 hoc
1088 1239 1191 1298 est,
1213 1231 1441 1297 Christi,
1473 1233 1835 1286 constantiam
1896 1233 1946 1286 in
2006 1235 2319 1302 sanctitate,

675 1327 860 1394 ptione
892 1327 958 1381 ad
979 1326 1148 1380 vitam
1167 1336 1222 1380 et
1240 1325 1698 1379 immortalitatem
1726 1325 1990 1395 designat.

745 1414 888 1471 XXI.
932 1415 1126 1471 Totum
1161 1416 1344 1484 itaque
1385 1414 1481 1468 Dei
1516 1415 1747 1469 Verbum
1783 1417 1878 1470 toti
1917 1427 2123 1472 natura:
2157 1432 2255 1473 no-

676 1517 804 1562 stra;
854 1507 1103 1560 humanae
1150 1507 1358 1560 unitum
1411 1507 1725 1562 asserinrus.
1774 1507 1925 1564 Nulla
1980 1510 2122 1564 enim
2167 1525 2255 1565 ra-

677 1598 826 1654 tione
859 1597 1153 1666 putandum
1183 1605 1287 1661 est,
1330 1597 1573 1665 principe
1608 1598 1778 1653 nostri
1809 1610 1982 1668 parte,
2019 1602 2121 1656 hoc
2145 1609 2250 1667 est,

674 1688 854 1743 anima
883 1686 1149 1755 neglecta,
1179 1689 1636 1758 peregrinationis
1657 1704 1769 1744 sua:
1804 1691 2080 1747 molestias
2101 1693 2250 1747 carni

675 1778 862 1848 largiri
896 1765 1152 1833 voluisse.
1184 1777 1418 1835 Pulchre
1462 1789 1640 1834 autem
1676 1796 1772 1850 per
1808 1792 2096 1853 utramque
2126 1800 2253 1853 par-

678 1879 787 1925 tem
845 1869 1267 1938 dispensationis
1322 1881 1721 1926 sacramentum
1765 1873 2036 1940 perfecit:
2087 1889 2253 1928 carne

673 1975 776 2014 sua
815 1968 1066 2028 tanquam
1098 1974 1301 2030 organo
1345 1962 1413 2014 ad
1449 1961 1630 2016 carnis
1662 1978 1847 2032 opera,
1876 1964 2252 2034 naturalesque

675 2050 1044 2120 aegritudines,
1071 2064 1136 2104 ac
1169 2059 1362 2104 caetera
1404 2050 1577 2106 oﬂicia
1619 2053 2031 2122 vituperationis
2060 2071 2252 2124 exper-

673 2140 786 2206 tia;
828 2138 1008 2193 anima
1049 2153 1261 2192 rursum
1291 2139 1357 2192 ad
1408 2138 1674 2195 humanas
1725 2141 2134 2212 inculpatasque
2167 2144 2250 2199 af-

673 2227 939 2284 fectiones
987 2229 1259 2283 utebatur.
1303 2227 1438 2282 Nam
1488 2239 1541 2283 et
1586 2231 1845 2297 esuriem,
1895 2241 1949 2287 et
1989 2232 2250 2302 longioris

673 2320 886 2375 itineris
916 2320 1177 2384 laborem,
1224 2329 1279 2374 et
1324 2334 1576 2387 pavorem
1618 2337 1681 2376 ac
1716 2335 1942 2387 metum,
1985 2333 2039 2379 et
2077 2326 2250 2380 tristi-

676 2412 831 2476 tiam,
863 2420 917 2466 et
951 2424 1230 2477 angorem,
1258 2419 1314 2463 et
1345 2409 1513 2479 ipsam
1549 2411 1782 2479 denique
1815 2412 1868 2464 in
1905 2427 2064 2466 cruce
2105 2428 2250 2467 mor-

677 2513 784 2557 tem
815 2499 1102 2569 pertulisse
1133 2501 1381 2555 traditur.
1411 2499 1622 2553 Etenim
1669 2502 1814 2555 nullo
1850 2513 2097 2571 cogente,
2133 2505 2249 2557 ani-

673 2607 818 2647 mam
858 2607 1011 2646 suam
1047 2587 1218 2645 nostri
1253 2607 1416 2646 causa
1453 2593 1724 2660 posuit“,
1771 2608 1877 2662 quo
1910 2595 2160 2648 nimirum
2195 2606 2250 2650 et

674 2683 813 2737 vivis
842 2690 896 2737 et
920 2682 1146 2738 mortuis
1169 2682 1544 2737 dominaretur
1567 2684 1633 2738 “.
1669 2684 1733 2737 Et
1756 2686 1970 2754 quidem
1999 2687 2104 2757 19
2129 2702 2249 2742 car-

674 2786 797 2828 nem
827 2787 983 2827 suam
1012 2773 1152 2826 citra
1187 2772 1617 2827 controversiam
1651 2773 1987 2830 liherationis
2016 2777 2247 2844 pretium

673 2878 774 2934 pro
806 2864 1048 2918 onmium
1086 2877 1251 2917 carne
1284 2863 1542 2933 dependit
1569 2883 1583 2931 ;
1614 2866 1849 2919 animam
1883 2882 2012 2923 vero
2041 2867 2243 2935 justum

674 2969 774 3024 pro
825 2952 1131 3006 mortalium
1176 2953 1417 3006 omnium
1470 2954 1753 3009 animabus
1809 2957 2040 3024 pretium
2093 2958 2247 3010 exhi-

674 3046 817 3109 buit,
864 3043 1084 3098 tametsi
1115 3044 1278 3096 vitam
1307 3057 1468 3112 quam
1516 3057 1772 3114 posuerat
1803 3048 1948 3116 (nam
1977 3051 2084 3101 vita
2130 3059 2248 3102 erat

2353 595 2460 667 γὰρ
2499 597 2839 665 ὲφορέσαμεν
2870 595 2968 667 τὴν
3009 593 3189 647 εἰκόνα
3233 590 3328 644 τοῦ
3370 585 3575 659 χοϊκοῦ,
3605 582 3927 653 φορέσωμεν

2353 690 2447 740 καὶ
2471 688 2568 755 τὴν
2606 687 2788 740 εἰκόνα
2815 685 2909 740 τοῦ
2937 683 3280 755 ἐπουρανίου.
3307 699 3325 733 ι
3352 678 3547 734 Εῑκόνα
3579 676 3677 746 μὲν
3705 673 3820 741 γὰρ
3841 669 3928 722 τοῦ

2355 777 2565 848 χοϊκοῦ,
2602 777 2659 830 τὺ
2705 776 2977 830 εὑόλισθον
3033 776 3135 846 ἔφη
3187 773 3322 843 πρὸς
3358 768 3653 841 ἁμαρτίαν,
3687 764 3789 818 καὶ
3844 761 3929 848 τὸν

2355 845 2605 922 ἐντεῦθεν
2638 870 2767 940 ἡμῖν
2813 845 3170 940 ὲπιῤῥιφέντα
3202 865 3429 920 θάνατον
3456 879 3471 891 ·
3518 858 3708 913 εἰκόνα
3761 854 3820 906 δὲ
3869 845 3929 903 αὖ

2353 962 2447 1015 τοῦ
2502 962 2846 1030 ἐπουρανίου,
2879 962 3127 1014 τουτέστι
3178 955 3435 1028 Χριστοῦ,
3480 952 3540 1005 τὸ
3589 948 3808 1018 ἑδραῖον
3859 946 3932 1004 εἰς

2354 1053 2645 1123 ἁγιασμόν,
2677 1054 2769 1106 καὶ
2801 1053 2897 1124 τὴν
2921 1056 2987 1106 ὲκ
3011 1052 3240 1106 θανάτου
3287 1050 3381 1102 καὶ
3416 1046 3625 1116 φθορᾶς
3667 1042 3932 1106 tivam?“

2352 1145 2449 1217 δήν
2478 1163 2537 1198 τε
2566 1145 2661 1198 καὶ
2686 1145 3027 1200 ἀνακαίνισιν
3051 1147 3128 1208 εἰς
3154 1142 3464 1213 ἀφθαρσίαν
3497 1137 3590 1192 καὶ
3619 1133 3795 1205 ζωήν.

2358 1237 2699 1306 reditumque
2745 1246 2799 1290 et
2849 1237 3290 1292 instaurationem
3315 1249 3384 1288 ex
3418 1240 3593 1287 morte
3636 1237 3694 1282 et
3747 1238 3932 1280 corru-

2430 1423 2562 1477 ΚΜ.
2608 1422 2769 1476 Ὄλον
2818 1418 2910 1476 οῦν
2951 1423 3045 1494 ὅλῃ
3095 1418 3432 1490 συνηνῶσθαί
3474 1431 3656 1486 φαμεν
3705 1412 3776 1479 τῇ
3819 1406 3916 1459 καθ

2357 1514 2503 1584 ἡμᾶς
2530 1513 2910 1585 ἀνθρωπότητι
2953 1523 3044 1567 τον
3075 1515 3140 1566 ὲκ
3173 1511 3307 1564 Θεοῦ
3334 1511 3525 1577 Λόγον.
3564 1505 3642 1557 Οὑ
3688 1501 3803 1569 γάρ
3835 1513 3929 1548 που

2355 1606 2416 1658 τὸ
2463 1607 2684 1674 ἄμεινον
2745 1609 2803 1660 ὲν
2853 1608 3002 1676 ἡμῖν,
3043 1605 3286 1658 τουτέστι
3349 1600 3548 1671 ψυχὴν,
3607 1593 3828 1653 οὐδενὸς
3875 1590 3932 1642 ἆν

2354 1697 2554 1768 ἠξίωσε
2598 1700 2780 1767 λόγου,
2832 1701 2966 1770 μόνῃ
3013 1697 3356 1768 δωρούμενος
3380 1697 3448 1765 τῇ
3478 1689 3647 1764 σαρκὶ
3678 1687 3786 1755 τῆς
3817 1686 3930 1736 ἑπι-

2354 1789 2554 1859 δημίοις
2581 1791 2708 1852 τοὺς
2738 1789 2951 1853 πόνους.
2997 1791 3327 1860 Ἐπράττετο
3362 1785 3419 1838 δὲ
3452 1781 3638 1842 καλῶς
3668 1779 3740 1830 δι’
3771 1775 3931 1844 ἄμφω

2354 1881 2450 1949 τῆς
2505 1881 2816 1952 οἰκονομίας
2865 1883 2929 1935 τὸ
2985 1882 3320 1953 μυστήριον·
3371 1873 3800 1948 προσεχρήσατο
3858 1865 3930 1925 δὲ.

2354 1971 2608 2043 καθάπερ
2632 1974 2867 2044 ὀργάνῳ,
2901 1977 2969 2045 τῇ
3014 1973 3114 2044 μὲν
3164 1972 3269 2044 ίδίᾳ
3310 1968 3495 2040 σαρκὶ,
3537 1962 3656 2038 [τὰ]
3691 1960 3837 2030 πρὸς
3872 1956 3930 2008 τά

2356 2064 2559 2133 σαρκὸς
2603 2062 2738 2134 ἔργα
2762 2081 2820 2118 τε
2857 2064 2952 2118 καὶ
2983 2065 3401 2135 ἀρρωστήματα
3434 2054 3663 2129 φυσικὰ,
3707 2053 3810 2105 καὶ
3840 2050 3930 2102 ὅσα

2357 2154 2545 2224 μώμου
2581 2156 2796 2226 μακράν
2817 2169 2831 2184 °
2865 2155 3009 2226 ψυχῇ
3035 2155 3077 2208 δ’
3105 2150 3173 2208 αὖ
3206 2158 3271 2224 τῇ
3310 2153 3435 2224 ἰδίᾳ,
3465 2150 3601 2221 πρὸς
3629 2149 3698 2200 τά
3725 2142 3930 2213 ἀνθρώ-

2352 2247 2483 2300 πινά
2513 2264 2572 2300 τε
2601 2248 2692 2301 καὶ
2717 2249 3012 2301 ἀνυπαίτια
3042 2246 3213 2316 πάθη.
3242 2247 3504 2314 Πεινῆσαι
3546 2242 3657 2310 γὰρ
3684 2239 3927 2304 λέγεται.

2351 2340 2554 2401 κόπους
2613 2340 2935 2405 ὑπενεγκεῖν
2988 2339 3115 2398 τοὺς
3170 2339 3234 2388 ὲκ
3290 2335 3516 2405 μακρῶν
3583 2327 3928 2398 ὁδοιποριῶν.

2351 2429 2542 2490 πτοίας
2575 2445 2636 2481 τε
2673 2429 2767 2481 καὶ
2798 2428 3020 2497 φόϐους,
3051 2428 3144 2480 καὶ
3177 2425 3376 2496 λύπην,
3407 2424 3501 2477 καὶ
3531 2420 3802 2490 ἀγωνίαν,
3841 2417 3928 2471 καὶ

2351 2520 2441 2572 τὸν
2475 2519 2570 2572 ἐπὶ
2602 2518 2681 2590 τῷ
2726 2517 2946 2588 σταυρῷ
2982 2518 3232 2570 θάνατον.
3274 2513 3795 2581 Ἐπαναγκάςοντος
3828 2508 3927 2575 γὰρ

2351 2605 2586 2669 οὐδενὸς,
2618 2605 2860 2658 τέθεικεν
2903 2607 2996 2675 ἀφ’
3039 2605 3232 2659 ἑαυτοῦ
3267 2605 3363 2675 τὴν
3397 2603 3532 2657 ἰδίαν
3559 2601 3741 2671 ψυχὴν
3794 2599 3928 2667 ὑπὲρ

2349 2698 2533 2769 ἡμῶν,
2568 2699 2656 2754 ἵνα
2683 2699 2776 2754 καὶ
2796 2701 3005 2771 νεκρῶν
3043 2700 3136 2753 καὶ
3170 2697 3387 2762 ζώντων
3414 2694 3706 2766 κυριεύσῃ·
3748 2691 3926 2762 σάρκα

2354 2792 2453 2862 μὲν
2488 2791 2586 2862 τὴν
2635 2792 2792 2859 ἰδίαν,
2824 2795 2921 2862 τῆς
2969 2791 3223 2846 ἁπάντων
3263 2788 3463 2860 σαρκὸς
3509 2785 3926 2843 ἀνταποτιννὶις.

2349 2883 2520 2953 δῶρον
2559 2883 2772 2950 ἀληθῶς
2794 2884 3065 2949 ἀντάξιονο
3083 2883 3260 2952 ψυχὴν
3283 2881 3360 2942 δὲ,
3394 2880 3571 2949 ψυχῆς
3607 2878 3927 2946 ἀντίλυτρον

2349 2970 2451 3040 τῆς
2479 2972 2735 3024 ἁπάντων
2764 2973 3109 3039 ποιούμενος,
3149 2973 3198 3022 εί
3233 2971 3326 3022 καὶ
3359 2969 3561 3023 ἀνεϐίω
3594 2967 3783 3028 πάλιν,
3818 2967 3928 3034 ζωὴ

2352 3063 2496 3114 κατὰ
2526 3061 2686 3130 φύσιν
2717 3063 2976 3132 ὑπάρχων
3004 3062 3080 3121 ὡς
3109 3061 3261 3123 Θεός.
3293 3062 3404 3112 Καὶ
3428 3059 3558 3126 γοῦν
3583 3060 3610 3110 ό
3639 3057 3929 3118 θεσπέσιος

671 3151 735 3198 ιιι
771 3139 914 3195 Deus
966 3139 1262 3193 secundum
1321 3137 1598 3206 naturam)
1645 3137 1821 3192 denuo
1872 3143 2245 3209 resumpserit.

2353 3154 2560 3225 Πέτρος
2582 3194 2596 3217 ,
2634 3175 2650 3205 ι
2691 3154 2916 3224 ’Λνδρες
2945 3153 3188 3221 ἀδελφοὶ,
3219 3152 3406 3222 φησιν,
3436 3152 3555 3218 ἐξὸν
3584 3151 3759 3203 εἰπεῖν
3794 3151 3930 3221 μετά

674 3232 812 3288 Hinc
839 3232 1055 3286 divinus
1097 3230 1292 3285 Petrus
1322 3246 1336 3283 :
1373 3246 1393 3281 ι
1425 3227 1558 3295 Viri,
1594 3230 1788 3298 inquit,
1839 3230 2055 3292 fratres.
2093 3232 2253 3288 liceat

676 3327 941 3382 audenter
973 3325 1154 3380 dicere
1201 3322 1268 3376 ad
1304 3337 1397 3378 vos
1427 3321 1493 3377 de
1540 3323 1845 3392 patriarcha
1879 3323 2070 3388 David,
2117 3340 2252 3394 quo-

675 3417 820 3472 niam
847 3424 902 3471 et
926 3413 1213 3470 defunctus
1245 3421 1350 3477 est,
1381 3422 1433 3467 et
1466 3413 1710 3483 sepultus
1730 3421 1834 3478 est,
1861 3421 1914 3467 et
1938 3413 2249 3483 sepulcrum

674 3507 792 3577 ejus
817 3517 905 3561 est
933 3505 1075 3574 apud
1126 3520 1224 3559 nos
1258 3519 1428 3572 usque
1469 3505 1524 3558 in
1569 3505 1889 3560 hodiernum
1922 3507 2087 3560 diem.
2118 3506 2252 3560 Pro-

675 3601 834 3670 pheta
873 3599 1039 3669 igitur
1076 3611 1200 3652 cum
1233 3604 1399 3660 esset,
1443 3604 1500 3650 et
1547 3596 1712 3650 sciret
1745 3599 1872 3665 quia
1902 3598 2251 3665 jurejurando

669 3693 911 3762 jurasset
971 3690 1045 3744 illi
1105 3687 1266 3754 Deus,
1326 3689 1392 3742 de
1451 3686 1629 3742 fructu
1679 3689 1847 3742 lumbi
1902 3691 2018 3758 ejus
2061 3691 2252 3746 sedere

675 3803 837 3858 super
863 3785 1046 3841 sedem
1075 3783 1214 3853 ejus,
1269 3781 1560 3853 providens
1596 3781 1804 3837 locutus
1841 3793 1924 3837 est
1967 3785 2032 3837 de
2071 3798 2252 3837 resur-

676 3879 916 3933 rectione
957 3877 1182 3945 Christi,
1237 3879 1362 3947 quia
1396 3891 1572 3946 neque
1621 3878 1912 3932 derelictus
1956 3887 2038 3932 est
2072 3879 2124 3932 in
2167 3878 2251 3932 in-

676 3972 854 4036 ferno,
887 3984 1060 4038 neque
1085 3984 1214 4023 caro
1245 3969 1363 4036 ejus
1397 3969 1530 4023 vidit
1555 3969 1956 4035 corruptionem
1982 3969 2048 4020 ⁵³.
2087 3987 2105 4019 ι
2139 3967 2252 4022 Nec

676 4061 820 4114 enim
875 4058 958 4112 las
1001 4065 1086 4110 est
1135 4057 1336 4121 dicere,
1393 4069 1611 4108 carnem
1662 4051 1840 4108 Verbo
1893 4055 2099 4108 unitam
2151 4053 2251 4105 ali-

677 4149 893 4220 quando
926 4150 1164 4220 potuisse
1214 4146 1507 4215 corrumpi,
1543 4155 1634 4199 aut
1667 4145 1908 4200 divinam
1944 4145 2088 4198 illam
2133 4144 2250 4197 ani-

677 4261 819 4300 mam
867 4245 1008 4299 intra
1053 4241 1251 4298 inferni
1288 4251 1478 4312 portas
1517 4239 1768 4295 detineri.
1803 4240 1959 4306 Nam,
2015 4249 2074 4292 ut
2112 4238 2251 4292 divi-

678 4353 785 4393 nus
832 4336 1028 4392 Petrus
1051 4335 1147 4400 ait,
1188 4333 1369 4389 anima
1418 4330 1535 4400 ejus
1567 4332 1620 4385 in
1655 4330 1872 4386 inferno
1915 4329 2103 4385 relicta
2141 4343 2248 4383 non

675 4428 798 4485 fuit.
844 4428 1029 4498 Neque
1078 4441 1207 4482 vero
1254 4435 1504 4478 naturam
1552 4423 1869 4492 illam,qu'.e
1917 4437 2018 4476 nec
2068 4431 2248 4476 mente

2354 3245 2662 3316 παρρησίας
2696 3245 2833 3315 πρὸς
2872 3246 3017 3315 ὑμᾶς
3065 3245 3194 3314 περὶ
3223 3244 3316 3297 τοῦ
3346 3244 3683 3315 πατριάρχου
3734 3242 3928 3302 Δαῦὶδ,

2351 3335 2433 3387 ὅτι
2462 3335 2556 3387 καὶ
2588 3335 2908 3405 ἐτελεύτησε
2943 3336 3038 3389 καὶ
3071 3336 3245 3406 ἐτάφη
3272 3375 3285 3398 ,
3318 3336 3411 3388 καὶ
3443 3336 3503 3387 τὸ
3538 3335 3721 3404 μνῆμα
3761 3333 3927 3386 αὑτοῦ

2351 3428 2499 3481 ἐστιν
2530 3431 2587 3482 ὲν
2634 3430 2764 3499 ἡμῖν
2809 3428 2936 3499 ἄχρι
2981 3429 3082 3498 τῆς
3117 3430 3326 3499 ἡμέρας
3361 3429 3585 3497 ταύτηςι
3631 3430 3930 3500 "poetisa;

2350 3515 2444 3572 οῦν
2477 3519 2759 3589 ὑπάρχων,
2804 3520 2897 3572 καὶ
2927 3518 3084 3579 εἰδὼς
3112 3557 3127 3583 ,
3158 3520 3238 3571 ὅτι
3284 3520 3434 3588 ὅρκῳ
3477 3520 3688 3589 ὤμοσεν
3717 3521 3879 3590 αὑτῷ
3904 3523 3928 3572 ὁ

2352 3612 2506 3676 Θεὸς,
2535 3613 2598 3664 ἐκ
2627 3611 2840 3682 καρποῦ
2883 3612 2980 3681 τῆς
3014 3611 3210 3680 ὀσφύος
3241 3610 3405 3663 αὑτοῦ
3447 3611 3669 3664 καθίσαι
3713 3614 3813 3666 ἐπὶ
3837 3615 3928 3666 τοῦ

2353 3701 2544 3771 θρόνου
2587 3701 2774 3767 αὑτοῦ,
2823 3701 3089 3771 προειδὼς
3134 3701 3362 3771 ὲλάλησε
3409 3701 3665 3772 περὶτῆς
3692 3704 3929 3757 ἀναστά-

2353 3811 2492 3857 σεως
2522 3793 2616 3846 τοῦ
2661 3794 2920 3863 Χριστοῦ,
2957 3795 3039 3847 ὅτι
3082 3791 3204 3846 οὕτε
3252 3793 3648 3866 ἐγκατελείφθη
3699 3798 3732 3865 ἡ
3787 3797 3929 3867 ψ.)χὴ

2352 3882 2520 3936 αὑτοῦ
2546 3886 2624 3946 είς
2649 3884 2804 3955 ᾅδην,
2831 3885 2945 3938 οὗθ’
2972 3888 3005 3956 ἡ
3043 3885 3181 3956 σὰρξ
3208 3886 3372 3938 αὑτοῦ
3399 3882 3507 3939 οἶδε
3538 3887 3861 3957 διαφθοράν.
3904 3910 3922 3940 ι

2352 3974 2428 4027 Ού
2462 3974 2571 4044 γάρ
2593 3991 2676 4028 τοι
2700 3974 2860 4045 θέμις
2894 3977 3087 4042 εἰπεῖν,
3140 3975 3316 4045 φθορᾷ
3357 3976 3456 4045 μὲν
3485 3975 3745 4030 δύνασθαι
3794 3997 3927 4048 κρα-

2349 4065 2562 4119 τεῖσθαί
2589 4084 2720 4120 ποτε
2764 4068 2862 4138 τὴν
2906 4066 3199 4120 ὲνωθεῖσαν
3240 4067 3319 4137 τῷ
3356 4067 3512 4139 Λόγῳ
3562 4069 3762 4138 σάρκα,
3797 4072 3926 4124 κάτ-

2351 4173 2475 4227 οχον
2492 4157 2537 4210 δ’
2555 4153 2622 4210 αὖ
2645 4161 2763 4220 ταῖς
2784 4157 2910 4228 ᾅδου
2940 4158 3134 4221 πύλαις
3158 4159 3256 4227 τὴν
3281 4158 3431 4212 θείαν
3450 4160 3923 4233 γενέσθαιψυχήν·

2352 4248 2453 4302 οὑκ
2475 4249 2868 4318 ἐγκατελείφθη
2886 4249 2993 4319 γὰρ
3017 4250 3097 4312 είς
3125 4249 3277 4320 ᾅδην,
3297 4249 3440 4305 καθά
3465 4252 3558 4304 καὶ
3584 4253 3611 4305 ὀ
3637 4252 3926 4313 θεσπέσιος

2353 4336 2455 4408 ἔφη
2493 4337 2722 4408 Πέτρος.
2753 4337 2827 4390 Οὑ
2859 4339 2966 4407 γάρ
3007 4355 3110 4390 που
3135 4339 3234 4409 τήν
3264 4354 3323 4390 τε
3361 4338 3602 4407 ἄληπτον
3629 4342 3924 4405 παντελῶς,

2357 4429 2450 4481 καὶ
2494 4429 2767 4482 ἀνάλωτον
2809 4428 2888 4498 τῷ
2923 4429 3139 4498 θανάτῳ
3173 4428 3356 4495 φύσιν,
3389 4431 3636 4482 τουτέστι
3667 4432 3767 4502 τὴν
3811 4433 3926 4485 θεό-

675 4493 1096 4589 comprehendi,
1157 4533 1329 4586 neque
1378 4532 1475 4589 per
1525 4524 1754 4570 mortem
1816 4514 2084 4568 ullatenus
2130 4512 2247 4582 capi

2353 4534 2492 4588 τητα
2521 4516 2616 4569 τοῦ
2648 4493 2988 4586 Μονογενοῦς
3011 4557 3028 4582 ,
3079 4493 3195 4570 τῶν⁷
3222 4493 3348 4572 ὑπὸγ
3373 4519 3533 4590 χθόνα
3571 4493 3759 4592 μυχῶν
3802 4526 3927 4576 tiu-

675 4620 874 4683 potest,
902 4611 1003 4664 hoc
1029 4620 1112 4663 est
1134 4607 1408 4678 Unigeniti
1435 4608 1796 4672 divinitatem,
1822 4621 1852 4661 e
1877 4605 2248 4661 subterraneis

677 4704 783 4758 illis
812 4701 1080 4770 specubus
1116 4712 1330 4752 rursum
1371 4699 1660 4752 emersisse
1693 4700 1974 4753 dicemus:
2002 4697 2247 4767 quando-

678 4798 892 4864 quidem
959 4791 1104 4846 nulla
1153 4786 1510 4842 admiratione
1558 4787 1775 4855 dignum
1823 4797 2006 4851 esset,
2055 4791 2102 4843 si
2155 4789 2248 4844 Dei

680 4887 918 4942 Verbum
955 4882 1252 4941 divinitatis
1281 4881 1332 4934 vi
1368 4879 1725 4946 ejusdemque
1759 4876 1995 4931 elIicacia
2039 4882 2246 4946 nixum,

681 4980 820 5049 apud
845 4978 1044 5032 inferos
1077 4991 1184 5030 non
1221 4973 1532 5037 mansisset,
1561 4984 1681 5022 cum
1712 4969 2102 5024 admirabiliter
2129 4987 2247 5024 om-

681 5073 840 5126 nibus
905 5069 1064 5131 adsit,
1124 5067 1451 5136 impleatque
1509 5062 1712 5117 omnia.
1776 5059 1959 5113 Deitas
2015 5075 2249 5128 namque

678 5161 827 5215 omni
865 5159 983 5214 loco
1013 5167 1066 5211 et
1096 5155 1625 5225 circumscriptione,
1661 5162 1716 5207 et
1755 5151 2104 5205 mensurabili
2139 5167 2253 5204 ma-

680 5251 959 5322 gnitudine
1005 5248 1273 5316 superior,
1327 5264 1355 5302 a
1407 5247 1557 5302 nullo
1624 5244 1743 5312 capi
1796 5243 2250 5311 comprehendive

681 5357 874 5414 potest.

752 5486 796 5517 ⁶⁰
838 5485 857 5538 1
887 5485 1008 5541 Cor.
1053 5498 1142 5552 xv,
1170 5479 1260 5537 49.
1337 5479 1376 5509 ⁶¹
1421 5477 1440 5530 l
1470 5478 1625 5535 Joan.
1655 5496 1736 5548 tn,
1772 5479 1858 5538 16.
1937 5479 1980 5509 ⁶²
2023 5477 2179 5533 Rom.
2215 5491 2326 5544 xiv,
2355 5476 2409 5532 9.

2355 4609 2676 4679 κεκομίσθαι
2704 4611 2948 4679 φήσομεν
2969 4629 2982 4640 ·
3013 4610 3135 4662 οὔτε
3167 4610 3274 4681 γὰρ
3304 4610 3371 4665 ἂν
3407 4611 3618 4683 ἠξιώθη
3646 4616 3706 4668 τὸ
3737 4618 3929 4686 χρῆμα

2353 4700 2654 4769 θαύματος,
2689 4703 2737 4753 εί
2780 4702 2854 4772 μὴ
2916 4701 3223 4772 μεμένηκεν
3249 4705 3329 4766 είς
3356 4704 3449 4756 τὸν
3481 4704 3614 4774 ᾅδην
3646 4707 3674 4758 ό
3701 4707 3766 4758 ὲκ
3795 4707 3926 4758 Θεοῦ

2349 4794 2543 4862 Λόγος,
2607 4797 2673 4864 τῇ
2717 4795 2817 4863 τῆς
2884 4794 3138 4864 θεότητος
3194 4795 3446 4864 ἐνεργείᾳ⁴
3486 4813 3543 4846 τε
3599 4798 3693 4847 καὶ
3744 4796 3926 4862 φύσει,

2354 4884 2676 4954 παραδόξως
2735 4901 2794 4936 τε
2857 4885 2952 4937 καὶ
3013 4885 3152 4954 ὑπὲρ
3211 4885 3389 4951 λόγον,
3435 4885 3659 4954 πληρῶν
3711 4886 3814 4952 μὲν
3866 4891 3928 4940 τα

2356 4976 2553 5036 πάντα,
2586 4978 2682 5029 καὶ
2711 4979 2822 5038 τοῖς
2853 4978 3018 5028 πᾶσιν
3047 4974 3661 5044 ὲπιδημῶν.’Δνώτερον
3687 4976 3796 5044 γάρ
3828 4994 3924 5028 που

2357 5067 2451 5116 καὶ
2484 5065 2845 5138 περιορισμοῦ
2880 5065 2974 5118 καὶ
2999 5064 3162 5116 τόπου
3194 5066 3288 5116 καὶ
3316 5063 3580 5134 μεγέθους
3612 5067 3925 5138 μετρητοῦει

2356 5157 2418 5207 τὸ
2448 5156 2624 5220 Θεῖον,
2662 5158 2792 5210 αὐτὸ
2831 5157 2888 5209 δὲ
2921 5157 3026 5209 ὑπὸ
3054 5156 3282 5226 μηδενὸς
3310 5156 3675 5228 χωρούμενον.

2491 5475 2535 5506 ⁸³
2572 5474 2693 5529 Act.
2729 5491 2788 5540 ιι,
2822 5474 2998 5531 29-51.

1775 5633 1940 5686 Varia:
1973 5631 2237 5687 lectiones
2276 5629 2480 5684 codicis
2512 5627 2874 5698 Seguieriani.

756 5803 784 5845 τι
813 5792 1006 5866 μέτρου
1034 5796 1123 5850 καί
1154 5794 1338 5864 τόμου.
1373 5789 1670 5858 Utrumque
1698 5785 1847 5842 deest
1877 5788 1925 5841 in
1968 5787 2253 5857 manuscri]

2376 5787 2732 5855 Seguierano.
