4056 6334
134 394 272 447 “65

1071 389 1157 440 DE
1200 387 1420 438 IlEllTA
1464 388 1613 439 FIDE
1653 389 1739 441 AD
1781 390 2221 445 THEODOSIUM
2260 390 2397 441 IMP.

3190 396 3321 445 “66

203 508 331 557 KB’.
355 498 663 569 Παράδοξον
682 506 703 534 ³
733 497 788 549 δὲ
816 500 908 550 καὶ
939 501 1116 552 οὐδενὶ
1150 500 1256 551 τῶν
1282 500 1447 549 ὄντων
1476 500 1687 569 θαυμα-

1857 503 2019 555 XXII.
2065 504 2252 556 Mirum
2301 518 2427 556 vero
2480 502 2648 555 videri
2700 504 2878 564 debet,
2933 507 3070 571 quod
3139 521 3335 573 corpus

131 590 257 643 στὸν
280 599 323 649 ⁸.
354 591 435 640 ὅτι
467 586 625 652 σῶμα
667 583 764 651 μὲν
799 585 991 637 ἀνεϐίω
1024 587 1082 637 τὸ
1118 590 1188 653 τῇ
1236 585 1391 650 φύσει
1420 586 1684 653 φθαρτόνο

130 673 196 743 ἦν
226 675 334 740 γὰρ
371 672 501 721 ῖδιον
525 668 617 719 τοῦ
649 669 923 738 ἀφθάρτου
951 674 1143 737 Λόγου.
1161 671 1315 737 Ψυχὴ
1339 671 1391 720 δὲ
1420 671 1483 739 δὴ
1509 674 1690 735 πάλιν,

132 763 230 827 τὴν
281 758 413 826 πρὸς
462 757 623 811 αὐτὸν
653 757 893 824 λαχοῦσα
923 759 1227 828 συνδρομήν
1259 773 1315 805 τε
1350 761 1439 809 καὶ
1471 760 1685 822 ἕνωσιν,

133 848 574 916 καταπεφοίτηκε
610 849 706 918 μὲν
755 853 832 912 εἰς
867 851 1017 921 ᾅδου,
1066 850 1357 917 θεοπρεπεῖ
1383 849 1439 899 δὲ
1470 848 1693 916 δυνάμει

136 941 231 991 καὶ
294 938 512 1009 ἐξουσία
565 940 841 1010 χρωμένη,
888 942 982 993 καὶ
1019 943 1130 1001 τοῖς
1184 940 1363 990 ἐκεῖσε
1425 937 1697 1003 πνεύμασι

137 1030 511 1098 κατεφαίνετο.
574 1030 867 1101 Τοιγάρτοι
945 1032 1037 1083 καὶ
1099 1030 1301 1097 ἔφασκε
1348 1029 1456 1088 τοῖς
1511 1029 1566 1078 ἐν
1617 1027 1699 1077 δεο

140 1125 325 1190 σμοῖς·
363 1142 381 1173 ‹
430 1110 698 1187 Ἑξέλθετε
719 1142 731 1153 ο
763 1124 857 1176 καὶ
883 1125 990 1185 τοῖς
1018 1124 1073 1174 ὲν
1107 1120 1181 1191 τῷ
1209 1118 1416 1171 σκότει·
1466 1118 1694 1169 Ἀνακασ

137 1214 424 1267 λύπτεσθε.
463 1234 479 1265 ι
517 1214 623 1267 Καί
657 1232 745 1284 μοι
797 1214 943 1265 δοκεῖ
986 1213 1149 1281 φάναι
1184 1229 1235 1263 τι
1279 1208 1515 1261 τοιοῦτον
1548 1208 1641 1261 καὶ
1674 1209 1701 1259 ὁ

140 1299 423 1363 θεσπέσιος
465 1300 667 1369 Πέτρος
712 1300 841 1369 περὶ
884 1299 977 1351 τοῦ
1035 1298 1168 1351 Θεοῦ
1224 1297 1420 1364 Λόγου,
1467 1296 1559 1349 καὶ
1603 1296 1701 1364 τῆς

138 1395 257 1446 καθ’
286 1394 477 1446 ἕνωσιν
516 1392 825 1462 οἰκονομίας
846 1394 862 1427 ί
897 1390 1270 1460 γεγενημένης
1302 1387 1462 1441 αὑτοῦ
1488 1387 1663 1457 ψυχῆς
1684 1402 1697 1415 ·

145 1506 161 1537 ι
199 1489 463 1557 Κρεῖττον
494 1485 601 1555 γὰρ
626 1482 1108 1551 ἀγαθοποιοῦντας,
1145 1484 1193 1533 εί
1226 1481 1367 1533 θέλοι
1404 1479 1464 1531 τὸ
1491 1478 1701 1547 θέλημα

137 1578 228 1630 τοῦ
256 1576 415 1641 Θεοῦ,
444 1578 695 1647 πάσχειν,
722 1578 754 1647 ἢ
786 1575 1245 1635 κακοποιοῦντας·
1276 1574 1356 1625 ὃτι
1389 1572 1481 1624 καὶ
1516 1572 1542 1623 ὁ
1566 1570 1703 1639 Χρι-

140 1670 262 1731 στὸς
302 1667 449 1731 ἅπαξ
482 1668 621 1738 ὑπὲρ
652 1667 992 1738 ἁμαρτωλῶν
1028 1665 1263 1719 ἀπέθανε
1286 1702 1300 1725 ,
1331 1663 1532 1723 δίκαιος
1566 1659 1703 1729 ὑπὲρ

138 1760 359 1825 ἀδίκων,
410 1760 474 1811 ἶν’
502 1760 649 1830 ἡμᾶς
699 1758 1025 1829 προσαγάγῃ
1076 1756 1152 1825 τῷ
1198 1754 1337 1823 Θεῷ,
1372 1751 1704 1813 θανατωθεὶς

1792 599 1981 655 suapte
2017 598 2204 642 natura
2249 590 2484 643 iuteritui
2531 600 2586 641 et
2625 590 2781 641 morti
2810 591 3097 643 obnoxium
3154 594 3218 642 ad
3261 596 3337 642 vi-

1796 684 1902 726 tam
1946 675 2121 725 denuo
2187 677 2408 729 redierit

1796 763 2071 829 proprium
2120 771 2255 813 erat.
2307 763 2395 815 Sic
2444 778 2657 832 quoque
2704 763 2902 824 anima,
2944 779 3060 829 qua:
3094 780 3212 816 cum
3256 768 3346 817 illo

2452 695 2466 728 :
2512 677 2563 729 id
2614 676 2757 727 enim
2812 676 3130 728 immortalis
3178 676 3339 728 Verbi

1799 850 2081 916 conjuncta
2113 851 2462 917 copulataque
2494 856 2687 919 fuerat,
2717 855 2781 907 ad
2809 853 3009 907 inferos
3034 856 3307 907 descendit
3332 894 3345 913 ,

1800 940 2085 1005 divinaque
2111 939 2307 992 virtute
2342 955 2404 991 ac
2437 943 2671 1007 polentia
2704 953 2881 1005 utens,
2912 943 3187 1010 spiritibus
3216 959 3350 1009 quo-

1800 1041 1905 1093 que
1934 1025 2131 1079 ibidem
2163 1027 2391 1093 captivis
2420 1042 2537 1079 sese
2566 1031 2805 1084 exhibuit
2829 1032 2894 1083 “.
2928 1031 3140 1085 Etenim
3174 1032 3236 1084 iis
3260 1032 3351 1097 qui

1802 1112 2031 1167 vinculis
2083 1115 2153 1167 ibi
2188 1114 2465 1167 constricti
2504 1116 2885 1171 detinebantur
2917 1138 2929 1171 :
2968 1136 2983 1167 ι
3019 1120 3194 1180 Exite,
3232 1120 3307 1170 ait
3339 1134 3351 1168 :

1803 1207 1867 1260 iis
1892 1220 2016 1259 vero
2053 1203 2144 1273 qui
2185 1204 2422 1259 tenebris
2443 1205 2856 1273 operiebantur:
2882 1207 3210 1261 Revelamini
3238 1211 3302 1259 ⁸³.
3333 1229 3349 1259 ι

1802 1298 1977 1366 Atque
2028 1297 2132 1349 huc
2186 1294 2314 1347 mihi
2368 1309 2592 1364 magnus
2666 1295 2753 1348 ille
2807 1296 2997 1351 Petrus
3055 1300 3358 1367 respexisse

1803 1387 2031 1450 videtur,
2071 1398 2191 1437 cum
2220 1384 2286 1437 de
2322 1381 2417 1436 Dei
2451 1382 2649 1445 Verbo,
2685 1380 3030 1451 ejusdemque
3064 1386 3357 1439 secundum

1804 1474 2253 1545 dispensatoriam
2305 1474 2558 1528 unionem
2610 1473 2809 1538 anima,
2868 1477 3008 1527 hunc
3044 1476 3093 1527 in
3147 1480 3357 1532 modum

1805 1567 2158 1622 concionatur
2192 1584 2204 1618 :
2241 1585 2256 1616 ι
2290 1564 2479 1619 Melius
2524 1577 2604 1619 est
2653 1566 2797 1619 enim
2855 1565 3250 1623 benefacientes
3295 1574 3359 1638 (si

1805 1660 2049 1713 voluntas
2086 1656 2176 1712 Dei
2214 1656 2362 1727 velit)
2400 1659 2532 1726 pati,
2565 1672 2723 1725 quam
2756 1655 3158 1714 malefacient'cs
3190 1678 3201 1713 :
3236 1665 3361 1732 quia

1806 1761 1858 1806 et
1888 1751 2137 1805 Christus
2170 1749 2333 1804 semel
2372 1764 2469 1818 pro
2498 1750 2733 1818 peccatis
2766 1752 2964 1804 nostris
2994 1762 3234 1808 mortuus
3257 1766 3360 1821 est,

142 1851 236 1917 μὲν
288 1850 489 1921 σαρκὶ,
525 1828 893 1917 ζωοποιηθεὶς
938 1848 993 1899 δὲ
1042 1846 1118 1916 τῷ
1162 1846 1467 1914 πνεύματι·
1532 1846 1589 1897 ὲν
1636 1837 1699 1911 ᾧ,

1807 1844 1976 1911 iustus
2020 1857 2115 1913 pro
2142 1842 2377 1911 injustis,
2407 1841 2513 1910 20
2541 1849 2596 1892 ut
2644 1855 2742 1895 nos
2773 1839 2991 1895 offerret
3020 1838 3126 1896 Deo
3153 1858 3167 1907 ;
3216 1861 3362 1902 mor.

139 1942 288 2007 φησὶ,
350 1941 445 1993 καὶ
506 1942 614 2002 τοῖς
679 1941 734 1990 ὲν
806 1940 1019 2007 φυλακῇ
1084 1937 1354 2006 πνεύμασι
1418 1935 1702 2004 πορευθεὶς

138 2014 765 2101 ὲκήρῦξεν,ἀπειθήσασί
790 2045 941 2081 ποτε.
971 2048 988 2080 ι
1020 2028 1151 2081 Οὐδὲ
1179 2030 1306 2096 γὰρ,
1339 2024 1513 2096 οἶμαι,
1547 2029 1701 2094 φαῖεν

137 2118 221 2182 ἂν,
267 2118 342 2180 ὡς
392 2116 570 2186 γυμνὴ
600 2118 693 2169 καὶ
724 2116 840 2169 καθ’
882 2118 1078 2187 ἑαυτὴν
1121 2118 1152 2186 ἡ
1185 2116 1374 2186 θεότης
1403 2115 1494 2168 τοῦ
1526 2118 1700 2169 Μονο-

138 2204 327 2272 γενοῦς
372 2206 809 2273 καταπεφοίτηκε
856 2206 954 2275 μὲν
989 2207 1066 2268 εἰς
1114 2205 1263 2275 ᾆδον,
1321 2204 1605 2275 διεκήρυξε
1644 2200 1701 2255 δὲ

136 2298 243 2356 τοῖς
290 2296 470 2347 ἐκεῖσε
518 2296 820 2363 πνεύμασιν
856 2334 871 2357 ,
921 2297 1160 2358 ἄποπτος
1207 2293 1340 2349 οὖσα
1385 2295 1694 2357 παντελῶς·

139 2387 379 2454 κρεῖττον
408 2386 513 2457 γὰρ
542 2387 628 2439 ἀεὶ
666 2385 758 2438 τοῦ
786 2386 1013 2456 ὁρᾶσθαι
1040 2387 1101 2439 τὸ
1143 2386 1315 2439 Θεῖον.
1355 2387 1495 2437 Ἀλλ’
1522 2386 1581 2436 οὐ
1615 2385 1698 2435 δο-

138 2478 291 2544 κήσει
320 2477 415 2528 καὶ
438 2476 920 2545 ὲσχηματισμένως
963 2477 1043 2537 είς
1074 2476 1133 2528 τὸ
1161 2476 1339 2545 ψυχῆς
1370 2472 1506 2538 εἶδος
1532 2476 1699 2545 αὐτὴν

142 2566 533 2637 μεμορφῶσθαι
580 2565 821 2635 δώσομεν
845 2580 857 2594 ’
910 2566 1273 2635 παραιτητέον
1309 2567 1415 2635 γὰρ
1454 2567 1703 2634 πανταχῆ

140 2658 231 2726 τὴν
259 2657 501 2726 δόκησιν.
522 2656 658 2709 Ἀλλ’
688 2656 875 2727 ῶσπερ
907 2660 1019 2720 τοῖς
1041 2660 1133 2709 ἐπὶ
1160 2658 1265 2727 γῆς
1290 2659 1701 2726 συνανεστράφη

144 2750 277 2817 μετὰ
304 2750 529 2818 σαρκὸς,
564 2749 703 2801 οὕτω
750 2750 844 2802 καὶ
889 2752 1009 2812 ταῖς
1043 2752 1119 2811 είς
1150 2749 1274 2820 ᾆδον
1304 2749 1498 2818 ψυχαῖς
1527 2748 1704 2818 διεκήο

144 2839 315 2907 ρυξεν,
374 2840 500 2894 ἴδιον
556 2839 695 2909 έχων
754 2840 1002 2910 φόρημα,
1054 2840 1152 2911 τὴν
1209 2840 1499 2893 ένωθεῐσαν
1552 2839 1700 2908 αὐτῷ

144 2932 338 3001 ψυχήν-

143 3024 426 3091 degebant,
478 3033 721 3078 versatus
769 3024 935 3079 estin
985 3039 1258 3092 corpore;
1291 3024 1362 3079 ita
1430 3025 1729 3094 spiritibus,

1804 1935 2037 1988 tilicatus
2099 1934 2313 2002 quidem
2384 1946 2585 1994 carne,
2654 1930 2955 1986 viviﬁcatus
3023 1943 3197 1989 autem
3255 1940 3363 2007 spi-

1805 2025 1989 2086 ritu",
2053 2024 2103 2077 in
2154 2037 2260 2091 quo
2303 2033 2357 2075 et
2404 2024 2487 2075 his
2520 2023 2610 2092 qui
2650 2023 2703 2076 in
2750 2038 2971 2079 carcere
3021 2035 3176 2078 erant
3204 2030 3364 2097 ιιρὶι-ί-

1805 2117 1943 2170 tibus
1994 2116 2216 2168 veniens
2268 2113 2617 2182 praedicavit,
2673 2114 2764 2181 qui
2839 2115 3097 2169 increduli
3156 2116 3366 2178 fuerant

1801 2205 2141 2274 aliquando.»
2171 2200 2282 2257 Nec
2304 2217 2431 2257 vero
2451 2203 2630 2257 dicent
2657 2204 2991 2258 divinitatem
3012 2221 3103 2271 per
3125 2222 3182 2261 se
3202 2210 3366 2267 solam

1808 2296 1873 2348 ad
1914 2296 2116 2348 inferos
2157 2295 2523 2358 descendisse,
2568 2293 2954 2363 spiritibusque
3002 2296 3197 2352 ibidem
3242 2317 3367 2357 con-

1807 2384 1971 2439 clusis
2019 2385 2374 2453 prredicasse;
2425 2400 2545 2439 cum
2603 2385 2716 2453 ipsa
2769 2387 2989 2440 omnino
3036 2391 3136 2444 sub
3187 2396 3369 2449 oculos

1811 2491 1913 2529 non
1944 2476 2132 2539 cadat,
2178 2475 2627 2545 prasstantiorque
2685 2476 2773 2541 sit,
2822 2492 2984 2545 quam
3046 2490 3102 2533 ut
3147 2484 3213 2535 ab
3260 2487 3367 2541 ullo

1809 2566 1953 2619 cerni
1992 2574 2177 2635 queat.
2211 2565 2318 2619 Nec
2347 2566 2507 2619 etiam
2548 2567 2948 2621 concedendum
2987 2579 3067 2623 cst
3115 2571 3278 2638 ipsam
3315 2578 3363 2629 in

1810 2666 2153 2725 apparentem
2200 2657 2393 2710 animae
2444 2659 2674 2725 speciem
2719 2660 3153 2713 transformatam
3203 2679 3367 2720 esse:

1808 2748 2073 2816 siquidem
2128 2756 2363 2800 externa:
2416 2747 2571 2801 istius
2622 2750 2947 2816 apparentia:
3006 2764 3367 2809 commentum

1809 2840 2033 2896 omnino
2069 2838 2337 2907 repudiari
2389 2839 2563 2892 debet.
2612 2839 2717 2893 Sed
2754 2843 3201 2907 quemadmodum
3245 2842 3372 2899 Uni-

1807 2934 2019 3001 genitus
2070 2947 2195 2985 cunt
2254 2932 2353 2995 iis,
2401 2932 2488 2999 qui
2546 2946 2596 2984 tn
2667 2934 2987 3002 corporibus
3033 2935 3142 2989 suis
3193 2939 3372 2992 adhue

1804 3024 1896 3093 qui
1950 3024 2089 3093 apud
2140 3022 2341 3075 inferos
2398 3022 2746 3089 tenebantur,
2805 3025 3038 3079 animam
3087 3040 3265 3084 mente
3317 3044 3371 3086 et

145 3115 352 3171 ratione
391 3116 671 3183 praeditam
711 3116 810 3170 sibi
845 3114 1187 3185 conjunctam
1225 3117 1451 3179 habens,
1487 3118 1842 3171 concionatus
1883 3124 1987 3170 est.

212 3209 338 3259 Kl".
379 3206 489 3261 Καὶ
527 3206 692 3274 βαθὺς
724 3208 821 3277 μὲν
855 3208 982 3269 ἴσως
1012 3209 1107 3261 καὶ
1136 3209 1442 3280 ἀπόρρητος
1496 3209 1702 3279 ἀληθῶς

1879 3206 2066 3262 XXIII.
2110 3208 2204 3263 Est
2253 3224 2384 3264 sane
2418 3208 2811 3265 incarnationis
2857 3211 3043 3269 modus
3089 3217 3368 3278 admodum

145 3300 234 3351 καὶ
272 3302 396 3362 ταῖς
441 3300 738 3369 ἡμετέραις
787 3299 1045 3362 διανοίαις
1089 3300 1186 3369 οὐχ
1231 3300 1501 3371 ἁλώσιμος
1540 3304 1567 3353 ὁ
1607 3300 1705 3369 τῆς

144 3390 605 3461 ὲνανθρωπήσεως
633 3390 849 3460 τρόπος.
896 3391 1102 3443 Ἐκεῖνο
1131 3392 1175 3443 δ’
1209 3387 1299 3444 οῦν
1333 3393 1479 3461 ὅμως
1512 3392 1702 3445 ἀναλο-

144 3478 386 3544 γίζεσθαι
433 3478 666 3549 πρέπει⁶
712 3481 779 3533 τὰ
822 3480 930 3550 γάρ
958 3498 1040 3532 τοι
1092 3479 1167 3550 μὴ
1209 3479 1330 3533 καθ’
1363 3483 1511 3551 ἡμᾶς
1548 3480 1709 3533 πολυ-

146 3572 500 3639 πραγμονεῖν,
536 3571 635 3621 οὐκ
665 3571 896 3640 ἀζήμιον
920 3588 933 3603 ·
986 3574 1312 3625 ἀνούστατον
1350 3574 1405 3625 δὲ
1432 3573 1707 3637 παντελῶς

145 3662 201 3712 τὸ
234 3660 489 3729 βασάνοις
528 3660 819 3731 ὑποφέρειν
846 3663 913 3716 τὰ
946 3664 1084 3734 ὑπὲρ
1112 3664 1258 3727 νοῦν,
1296 3666 1386 3717 καὶ
1418 3664 1709 3735 πειρᾶσθαι

146 3754 277 3806 νοεῖν
316 3752 352 3805 ἃ.
403 3752 503 3823 οὐχ
528 3748 638 3804 οἷον
661 3771 743 3807 τε.
774 3756 843 3807 Ἢ
872 3755 973 3808 οὐκ
1011 3752 1187 3821 οἶσθα,
1234 3760 1315 3811 ὅτι
1360 3762 1421 3809 τὸ
1472 3757 1604 3825 βαθὺ
1645 3758 1707 3829 δὴ

146 3841 297 3895 τοῦτο
329 3844 649 3913 μυστήριον,
683 3844 775 3895 καὶ
802 3844 925 3897 νοῦν
953 3846 1220 3918 ὑπερέχον
1250 3847 1338 3899 τὸν
1369 3849 1425 3899 ἐν
1458 3847 1609 3916 ἡμῖν,
1641 3850 1709 3918 τῇ

148 3934 295 4005 ἡμῶν
320 3935 743 4006 ἀπεριεργάστῳ
772 3936 950 3990 πίστει
1007 3939 1328 4010 τετίμηται;
1358 3940 1429 3992 Τὸ
1455 3941 1510 3994 δὲ
1543 3943 1707 3995 ὰσυν-

148 4030 276 4093 έτως
311 4032 526 4099 λέγειν,
576 4050 593 4083 t
628 4031 746 4095 Πῶς
772 4031 989 4084 δύναται
1017 4029 1187 4085 ταῦτα
1229 4032 1514 4098 γενέσθαις
1555 4051 1572 4082 ι
1609 4033 1707 4085 Νι-

152 4122 366 4193 κοδήμῳ
387 4140 447 4174 τε
473 4122 665 4191 ἐκείνῳ
709 4122 802 4174 καὶ
833 4124 946 4184 τοῖς
974 4124 1096 4175 κατ’
1129 4124 1291 4175 αὑτὸν
1318 4123 1706 4193 ἀπονέμοντες,

150 4210 531 4273 ἁνενδοιάστως
564 4208 995 4280 παραδεξὼμεθα
1028 4210 1097 4264 τὰ
1120 4211 1207 4264 διὰ
1226 4211 1317 4263 τοῦ
1361 4212 1505 4265 θείου
1540 4213 1709 4265 Πνεῦ-

156 4316 315 4368 ματος
362 4298 853 4369 χρησμῳδούμενα,
894 4300 987 4351 καὶ
1040 4299 1184 4368 αὑτῷ
1223 4301 1280 4351 δὲ
1330 4301 1707 4370 πιστεύσωμεν

151 4388 349 4456 λέγοντι
388 4388 605 4459 Χριστῷ
628 4404 639 4415 ⁸
680 4407 697 4438 ι
740 4389 929 4457 Ἀμὴν,
963 4388 1106 4459 ἀμὴν
1130 4390 1271 4457 λέγω
1322 4392 1468 4460 ὑμῖν,
1496 4391 1531 4443 ἃ
1564 4393 1701 4444 οῖδα-

154 4499 265 4550 μεν,
317 4481 607 4552 λαλοῦμεν,
659 4481 751 4533 καὶ
794 4480 830 4533 ἃ
864 4481 1206 4551 ἑωράκαμεν,
1248 4483 1649 4553 μαρτυροῦμεν.
1685 4503 1701 4534 ι

1812 3301 2047 3365 subtilis,
2087 3316 2319 3370 vereque
2360 3300 2791 3372 inexplicabilis;
2840 3304 2964 3360 talis
2998 3308 3232 3377 demum,
3274 3318 3369 3383 qui

1811 3394 2155 3462 cogitationis
2197 3404 2494 3464 captusque
2522 3398 2695 3451 nostri
2727 3400 3004 3468 angusnas
3032 3402 3215 3458 multis
3253 3420 3375 3474 par-

1812 3486 1955 3539 tibus
1994 3485 2241 3540 excedat.
2274 3485 2615 3555 Quapropter
2652 3488 2787 3543 illud
2833 3491 3026 3546 iterum
3074 3495 3373 3568 iterumque

1812 3578 2116 3645 expendere
2170 3592 2265 3630 nos
2311 3579 2518 3632 decet:
2561 3595 2787 3650 nempe,
2843 3591 2901 3636 ut
2956 3586 3196 3652 periculo
3269 3606 3375 3644 non

1813 3678 1969 3722 vacat
2013 3668 2283 3723 curiosius
2323 3669 2375 3723 in
2414 3685 2476 3724 ea
2509 3670 2802 3740 inquirere,
2839 3690 2959 3744 quae
2991 3677 3223 3734 humana
3268 3698 3372 3736 non

1813 3768 1935 3813 sunt
1962 3777 1975 3811 :
2005 3760 2075 3813 ita
2119 3768 2375 3814 extrema:
2408 3763 2693 3817 dementia
2725 3765 2893 3820 videri
2932 3782 2994 3822 ea
3029 3786 3146 3839 qua:
3179 3775 3377 3829 mentis

1814 3860 2012 3907 nostra:
2064 3854 2234 3907 aciem
2279 3854 2588 3921 excedunt,
2635 3856 2858 3911 humani
2900 3859 3087 3929 judicii
3150 3866 3369 3920 trutina:

1812 3944 2078 4013 subjicere
2120 3944 2295 3999 moliri
2327 3965 2338 3999 :
2372 3946 2454 3999 vel
2502 3948 2567 4000 ad
2613 3962 2799 4003 eorum
2852 3964 3066 4005 rursum
3115 3956 3375 4024 cognitio-

1813 4052 1934 4091 nem
1989 4038 2149 4100 eniti,
2205 4052 2324 4107 quae
2377 4038 2523 4093 nullo
2576 4048 2734 4107 pacto
2782 4050 2968 4095 nostra
3024 4043 3375 4115 intelligentia

1813 4128 2196 4196 comprehendi
2246 4137 2489 4196 possunt.
2532 4128 2721 4184 Nescis
2751 4130 3069 4200 profundum
3116 4134 3216 4189 hoc
3262 4152 3377 4207 uty-

1813 4220 2062 4284 sterium,
2092 4219 2350 4288 omnique
2384 4222 2621 4275 humano
2643 4236 2807 4277 sensu
2841 4225 3146 4295 sublimius,
3175 4226 3278 4281 [ide
3308 4227 3377 4284 ali

1812 4311 1956 4364 omni
2013 4311 2226 4365 curiosa
2279 4311 2529 4379 indagine
2572 4312 2746 4367 aliena
2799 4314 3053 4370 honorari
3106 4333 3134 4371 a
3184 4320 3381 4374 nobis?

1814 4398 2173 4465 Quamobrem
2207 4401 2422 4453 stultam
2454 4400 2594 4454 illam
2625 4404 2974 4472 quaestionem
3002 4423 3017 4462 :
3054 4426 3071 4458 ‹
3101 4407 3377 4473 Quomodo

1815 4500 2038 4560 possunt
2080 4493 2192 4547 haec
2226 4492 2338 4547 ﬁeri
2366 4493 2451 4545 '7?
2482 4513 2499 4545 ι
2544 4493 2835 4549 Νῖεοάρηιο
2860 4496 3085 4565 ejusque
3116 4498 3378 4555 similibus

150 4574 381 4644 υἰχὲσθω
409 4575 477 4643 δὴ
509 4568 601 4626 οῦν
632 4573 794 4644 λῆρος
827 4572 926 4641 μὲν
958 4571 1121 4638 ἄπας,
1172 4574 1337 4643 μῦθός
1368 4592 1424 4625 τε
1453 4574 1702 4645 ἀδρανὴς1

1817 4582 2221 4651 relinquentes,
2276 4581 2407 4636 citra
2474 4582 2633 4635 ullam
2692 4564 3087 4640 haesitationem
3146 4587 3377 4655 Spiritus

151 4668 236 4717 καὶ
275 4667 617 4736 ψευδοδοξία,
651 4667 742 4718 καὶ
778 4665 1234 4734 κεκομψευμένων
1280 4667 1578 4736 ρημάτωνιι
1627 4684 1714 4734 φε-

152 4759 435 4828 νακισμός·
489 4757 826 4828 προσιέμεθα
872 4755 987 4809 οῦτι
1040 4775 1141 4809 που
1193 4757 1252 4809 τὸ
1326 4758 1709 4811 κατασίνεσθαι

153 4850 383 4919 πεφυκὸς
409 4890 424 4913 ,
457 4850 558 4903 κᾶν
598 4852 646 4901 εί
679 4852 789 4911 τοῖς
824 4850 960 4917 ἄγαν
1004 4849 1416 4919 ὲξησκημένοις,
1469 4851 1562 4903 καὶ
1605 4852 1709 4920 μὴν

153 4944 237 4993 καὶ
265 4944 483 5012 πικροῖς
512 4943 659 5011 ἡμᾶς
687 4945 1069 5011 κατακροτοῖεν
1111 4953 1136 4979 ν
1171 4942 1347 5009 λόγοις
1376 4944 1423 4994 οἱ
1465 4943 1531 4995 δι’
1556 4944 1703 4994 ἐναν-

152 5034 279 5095 τίας.
316 5036 473 5086 Ἔστι
505 5034 613 5101 γὰρ
658 5033 716 5084 τὸ
761 5032 900 5085 θεῖον
949 5035 1106 5102 ἡμῶν
1156 5035 1454 5105 μυστήριον
1502 5033 1600 5085 οὑκ
1647 5035 1704 5084 ἐν

155 5126 346 5188 πειθοῖς
375 5126 566 5193 σοφίας
594 5123 937 5194 ἀνθρωπίνης
968 5124 1168 5193 λόγοις,
1201 5125 1313 5178 ἀλλ’
1343 5126 1400 5176 ὲν
1430 5122 1704 5187 ἀποδείξει

156 5216 285 5269 livet}
295 5234 483 5287 ματος.

1811 4674 1985 4727 sancti
2019 4674 2233 4728 oracula
2275 4672 2654 4739 suscipiamus,
2695 4674 2907 4743 ipsique
2947 4676 3162 4733 Christo
3205 4680 3268 4733 de
3319 4698 3379 4735 se

1810 4765 2047 4832 loquenti
2100 4764 2256 4817 fidem
2311 4763 2649 4817 habeamus:
2684 4782 2701 4815 ι
2734 4764 2926 4834 Amen,
2979 4768 3170 4837 inquit,
3220 4787 3373 4827 amen

1808 4855 1929 4908 dico
1969 4852 2143 4917 vobis,
2200 4854 2325 4921 quia
2379 4867 2497 4921 qua:
2532 4853 2752 4920 scimus,
2801 4855 3105 4925 loquimur;
3174 4870 3227 4913 et
3260 4878 3378 4930 quae

1809 4945 2062 5008 vidimus,
2086 4944 2428 4998 testamur“.
2463 4964 2479 4995 ι
2516 4944 2740 5000 Valeant
2770 4947 2932 5017 igitur
2960 4950 3173 5017 deliria,
3206 4954 3379 5009 Iaces-

1812 5045 1936 5095 sant
1967 5049 2155 5088 omnes
2187 5034 2417 5089 infirma:
2444 5037 2507 5089 ad
2542 5039 2969 5105 persuadendum
3013 5040 3225 5106 fabulae,
3260 5046 3375 5112 epi-

1818 5126 2111 5191 uionesque
2144 5123 2311 5188 falsm,
2344 5140 2406 5178 ac
2437 5125 2835 5193 phaleratarum
2865 5130 3173 5185 vocularum
3209 5134 3379 5202 impo-

1820 5226 1982 5267 stunc
2010 5233 2023 5267 :
2053 5214 2180 5267 nihil
2211 5215 2352 5268 enim
2395 5216 2535 5283 quod
2570 5216 2952 5272 detrimentum
2982 5219 3180 5276 aﬂ'erre
3220 5224 3380 5287 solet,

156 5310 506 5375 admittimus;
547 5308 758 5363 etiamsi
822 5308 1113 5362 adversarii
1175 5308 1641 5362 excrcitatissimis
1703 5308 2094 5376 accrritnisqne
2148 5306 2447 5362 rationibus
2510 5322 2606 5363 nos
2668 5309 3019 5378 pulsaverint.
3084 5312 3177 5371 Est
3235 5317 3377 5372 enim

222 5462 264 5493 “
302 5462 315 5515 l
350 5464 494 5518 Petr.
526 5479 603 5527 tu,
642 5463 720 5514 l9.
801 5464 843 5492 ⁸⁵
886 5461 988 5516 Isa.
1022 5479 1165 5527 xm,
1196 5463 1249 5517 9.

1328 5462 1373 5493 “
1412 5462 1605 5517 chtr.
1642 5464 1842 5528 111,17,
1880 5462 1967 5517 13.

2046 5464 2087 5494 ⁸⁷
2129 5464 2284 5517 Joan.
2317 5480 2401 5526 ιιι,
2436 5465 2489 5517 9.
2570 5466 2613 5497 ⁸⁸
2654 5466 2781 5523 ibid.
2815 5468 2901 5523 II.

1232 5616 1399 5671 Varia?
1434 5618 1689 5672 lectiones
1720 5618 1922 5673 codicis
1948 5620 2305 5689 chuciriani.

225 5760 251 5794 ³
278 5756 333 5807 οὐ
361 5755 680 5823 παράδοξον.
758 5764 779 5791 ⁶
808 5756 1169 5826 ἀθαύμαστον.
1254 5759 1268 5794 ι
1302 5759 1665 5829 οἰκονομικήν.

1743 5768 1767 5795 υ
1800 5759 2099 5831 ῥηματίων.

2178 5770 2204 5799 ν
2236 5762 2505 5830 κρατοῖεν.
