4056 6334
686 389 816 443 H67

1628 376 1684 430 S.
1725 373 1998 430 CYRILLI
2043 370 2506 429 ALEXANDRINI
2545 371 2863 428 AllCHlEP.

3762 372 3898 428 “68

682 500 913 552 divinum
937 491 1035 546 hoc
1065 497 1307 543 nostrum
1343 496 1759 552 sacramentum,
1793 500 1899 540 non
1936 483 1986 536 in
2050 483 2496 551 persuasibilibus
2557 485 2807 540 humanm
2876 481 3153 553 sapientiae
3177 485 3357 542 verbis
3390 505 3404 542 :
3437 488 3530 543 sed
3571 486 3624 540 in
3669 484 3900 555 Spiritus

677 583 983 642 ostensione
1022 581 1253 651 positum
1275 580 1343 635 ⁸9.
1374 600 1393 633 ι

746 673 932 730 XXIV.
978 672 1292 744 Uuigenitus
1322 674 1500 742 igitur,
1533 669 1622 738 qui
1648 676 1701 722 et
1733 667 1897 733 Deus,
1926 677 1982 724 et
2013 667 2225 722 univer-

2405 671 2527 725 ΚΝ.
2570 672 2701 737 Θεὸς
2742 666 2834 725 οὖν
2868 667 3149 738 ὑπάρχων,
3192 670 3286 721 καὶ
3344 671 3449 724 τῶν
3489 671 3627 724 ὅλων
3675 669 3897 739 Κύριος,

677 783 854 822 sorum
911 766 1202 820 secundum
1253 763 1562 829 Seripturas
1606 760 1866 816 Dominus
1919 770 2031 825 est,
2081 761 2235 815 nobis

676 859 922 928 apparuit
958 876 970 910 :
1004 857 1148 909 visus
1177 864 1260 908 est
1297 854 1348 905 in
1385 861 1527 904 terra
1552 851 1621 918 ⁷⁸,
1651 860 1704 906 et
1734 853 1895 907 homo
1919 853 2112 918 factus,
2147 853 2230 908 his

673 950 762 1016 qui
806 951 856 1001 in
903 945 1136 1000 tenebris
1180 942 1555 1006 versabantur,
1607 942 1801 1008 illuxit,
1859 959 1966 996 non
2010 945 2236 1012 phanta-

674 1047 861 1100 smate,
906 1042 994 1086 aut
1041 1043 1266 1085 externo
1307 1041 1517 1085 tantum
1566 1036 1870 1098 schemate,
1909 1035 2079 1089 absitl
2134 1038 2236 1091 hoc

673 1131 810 1183 enim
843 1127 1059 1187 sentire,
1091 1131 1181 1175 aut
1208 1122 1407 1187 dicere,
1439 1135 1516 1178 est
1547 1135 1730 1194 aperte
1766 1125 2025 1181 insanire.
2052 1124 2235 1193 Neque

674 1229 882 1272 rursum
925 1227 1015 1281 per
1049 1212 1129 1264 sui
1177 1212 1548 1278 mutationem,
1589 1223 1678 1266 aut
1707 1215 2133 1279 conversionem,
2180 1217 2230 1269 iu

673 1321 887 1363 carnem
934 1302 1354 1356 transformatus
1384 1305 1486 1374 21
1521 1313 1602 1357 est
1632 1321 1646 1356 :
1677 1302 1770 1359 Dei
1821 1305 1964 1358 enim
1994 1305 2230 1360 Verbum

672 1397 846 1452 omnis
894 1393 1205 1446 mutationis
1256 1407 1468 1463 expers,
1517 1410 1624 1448 uno
1675 1410 1888 1464 semper
1934 1397 2232 1466 eodemque

671 1486 828 1542 modo
875 1498 933 1538 se
973 1482 1156 1536 habet.
1199 1482 1384 1551 Neque
1431 1498 1668 1537 comvam
1721 1500 1842 1540 cum
1892 1500 2054 1540 carne
2102 1486 2230 1540 Sub-

673 1575 924 1632 stantiam
952 1572 1172 1626 sortitus
1195 1582 1278 1628 est
1305 1590 1318 1625 :
1351 1575 1462 1643 ipse
1492 1589 1722 1643 namque
1763 1577 2081 1632 saeculorum
2111 1592 2233 1631 con-

670 1671 808 1722 ditor
843 1672 948 1718 est.
987 1661 1175 1732 Neque
1215 1664 1567 1733 hypostaseos
1595 1680 1801 1728 exsors,
1836 1675 1891 1721 ut
1926 1683 2106 1722 sermo
2142 1679 2234 1722 aut

669 1761 862 1814 nudum
892 1765 1096 1808 tantum
1132 1755 1470 1824 simplexque
1499 1758 1746 1822 verbum,
1772 1759 1912 1827 quod
1941 1759 1991 1812 in
2018 1759 2233 1813 homine

668 1849 983 1907 inhabitavit
1013 1867 1027 1903 :
1058 1863 1181 1902 nam
1214 1848 1300 1918 qui
1350 1863 1413 1903 ea
1456 1864 1574 1918 qua:
1619 1865 1722 1904 non
1761 1861 1906 1915 sunt,
1947 1861 2134 1904 evocat
2177 1861 2235 1904 ut

669 1946 774 2000 sint
821 1951 875 1996 et
916 1940 1201 2005 exsistant,
1260 1940 1306 1995 is
1355 1942 1660 1995 necessario
1707 1943 2032 2010 prmexsistit
2066 1961 2078 1997 :
2116 1943 2231 2012 ipse

2336 762 2477 816 κατὰ
2519 765 2618 827 τὰς
2656 761 2910 836 Γραφὰς,
2955 760 2982 811 6
3021 759 3364 831 Μονογενὴς,
3425 765 3697 832 ὲπέφανεν
3737 765 3898 832 ἡμῖν·

2337 849 2490 922 ὤφθη
2536 854 2644 924 γὰρ
2689 853 2780 905 ἐπὶ
2821 850 2957 920 γῆς,
2997 847 3091 899 καὶ
3125 849 3402 920 ἐπέλαμψε
3447 856 3559 916 τοῖς
3605 857 3665 906 ὲν
3705 853 3898 908 σκότει.

2335 943 2620 1012 γενόμενος
2643 943 2924 1014 ἄνθρωπος
2947 979 2961 1004 ,
2987 939 3046 992 ού
3079 939 3292 1008 δοκήσει
3316 980 3330 1003 ,
3363 941 3436 1011 μὴ
3461 943 3705 1010 γένοιτοε
3747 944 3900 1012 μανία

2337 1032 2444 1102 γὰρ
2474 1033 2630 1087 τοῦτό
2661 1051 2724 1102 γε
2754 1033 2987 1103 φρονεῖν,
3015 1028 3046 1098 ἢ
3075 1028 3254 1097 λέγειν
3278 1045 3292 1058 ·
3321 1031 3444 1083 οὔτε
3476 1035 3581 1104 μὴν
3616 1038 3699 1098 εἰς
3735 1036 3900 1105 σάρκα

2337 1124 2689 1193 παρενεχθεὶς
2715 1122 2856 1177 κατὰ
2897 1121 3245 1192 μετάστασιν,
3281 1120 3312 1189 ἦ
3344 1125 3581 1193 τροπήν·
3606 1124 3896 1177 ἀναλλοίω-

2336 1232 2424 1277 τος
2457 1217 2565 1286 γὸρ
2608 1217 2695 1270 ἀεὶ
2729 1216 2868 1270 κατὰ
2894 1215 2954 1268 τὸ
2992 1214 3122 1267 αὐτὸ
3167 1214 3261 1265 καὶ
3305 1215 3564 1277 ὡσαύτως
3611 1215 3757 1284 ἔχων
3793 1217 3821 1268 6
3845 1219 3900 1268 ἐκ

2335 1307 2467 1359 Θεοῦ
2499 1309 2688 1376 Λόγος.
2732 1309 2870 1361 Ἀλλ’
2901 1306 3022 1360 οὐδὲ
3052 1305 3345 1376 όμόχρονον
3369 1309 3433 1376 τῇ
3469 1308 3633 1376 σαρκὶ
3662 1308 3766 1377 τὴν
3807 1307 3898 1358 ῦπ-

2336 1397 2496 1467 αρξιν
2519 1381 2692 1466 ἔχων·
2729 1398 2893 1462 αὐτὸς·
2929 1400 3028 1470 γάρ
3055 1400 3168 1452 ἐστι
3201 1396 3307 1450 τῶν
3339 1397 3547 1450 αἰώνων
3581 1399 3610 1449 ό
3640 1397 3895 1467 Ποιητής.

2336 1487 2471 1542 Οὔτε
2501 1488 2606 1556 μὴν
2631 1488 2706 1550 ὡς
2730 1487 2886 1554 λόγος
2915 1489 3308 1554 ἀνυπόστατος,
3335 1487 3451 1541 οὐδὲ
3472 1488 3547 1551 ὡς
3571 1489 3729 1559 μα
3752 1488 3899 1556 ψιλὸν

2336 1581 2392 1632 ὲν
2429 1575 2701 1646 ἀνθρώπῳ
2727 1578 2946 1644 γεγονός
2963 1586 2989 1613 ι
3011 1595 3024 1608 ·
3051 1579 3078 1630 6
3112 1578 3218 1648 γάρ
3247 1595 3326 1630 τοι
3353 1576 3528 1630 καλῶν
3554 1578 3623 1630 τὰ
3649 1579 3752 1630 οῦκ
3779 1577 3898 1630 ὄντα

2337 1669 2466 1722 ποτὲ
2544 1667 2679 1738 πρὸς
2735 1666 2968 1737 ὕπαρξιν
3032 1669 3132 1722 καὶ
3183 1669 3429 1737 γένεσιν,
3484 1671 3898 1740 προϋφέστηκε)

2334 1760 2680 1829 ἀναγκαίως·
2731 1758 2894 1820 αὐτὸς
2936 1758 3043 1828 γάρ
3074 1759 3220 1810 ἐστιν
3270 1762 3302 1827 ὴ
3350 1759 3497 1827 ζωὴ,
3533 1761 3794 1829 πεφηνὼς
3843 1763 3899 1813 ὲκ

2337 1854 2481 1923 ζωῆς
2518 1850 2610 1904 τοῦ
2643 1849 2776 1903 Θεοῦ
2813 1849 2906 1902 καὶ
2936 1849 3148 1918 Πατρὸς
3169 1886 3184 1911 ,
3214 1847 3366 1911 ὄντος
3391 1865 3450 1900 τε
3478 1850 3569 1902 καὶ
3606 1852 3898 1919 νοουμένου

2338 1946 2456 1996 κατ’
2503 1944 2634 1996 ἰδίαν
2683 1942 2995 1994 ὑπόστασιν.
3037 1939 3176 1992 Ἀλλ’
3213 1939 3334 1991 οὐδὲ
3371 1940 3540 2009 μόνην
3585 1941 3902 2010 ἠμπέσχετο

666 2035 806 2091 enim
857 2041 939 2086 est
983 2031 1088 2084 vita
1125 2045 1191 2084 ex
1240 2030 1347 2084 vita
1407 2032 1514 2084 Deo
1561 2030 1723 2084 Putre
1772 2035 2092 2100 proisedens,
2138 2036 2225 2102 qni

2339 2035 2515 2104 σάρκα
2543 2034 2717 2104 ψυχῆς
2749 2033 2963 2103 ἐρήμην
2999 2031 3100 2099 τῆς
3142 2029 3394 2100 λογικῆς·
3436 2031 3757 2100 γεγέννηται
3800 2032 3901 2102 γάρ

666 2125 879 2197 quidem
928 2121 1222 2175 secundum
1266 2122 1537 2191 propriam
1587 2123 1898 2191 hypostusin
1950 2134 2003 2176 et
2049 2134 2130 2178 est
2174 2136 2228 2178 et

663 2213 996 2283 intelligitur.
1034 2210 1140 2265 Sed
1176 2226 1350 2280 neque
1388 2228 1606 2267 carnem
1639 2228 1874 2281 quoque,
1899 2229 2017 2281 qua!
2047 2214 2224 2266 anima

661 2305 869 2361 ratione
902 2304 1124 2372 praedita
1163 2314 1400 2366 vacaret,
1433 2304 1605 2357 induit
1636 2304 2104 2372 :quaudoquidem
2148 2304 2227 2358 vi-

660 2410 781 2449 vum
822 2392 950 2445 illud
994 2392 1424 2461 subsistensque,
1471 2406 1536 2446 ac
1566 2392 1673 2446 Deo
1701 2391 1848 2445 Patri
1892 2403 2219 2449 coaeternum

657 2487 797 2540 Deus
821 2483 1056 2540 Verbum
1086 2484 1269 2537 servili
1317 2483 1486 2536 forma
1519 2493 1789 2552 suscepta,
1840 2497 1966 2537 vere
1999 2499 2064 2534 ex
2110 2498 2228 2534 mu-

660 2579 786 2631 liere
835 2585 1039 2639 natum,
1085 2586 1139 2627 et
1174 2575 1335 2627 homo
1379 2574 1578 2629 factum
1629 2585 1746 2639 est,
1783 2583 1970 2642 estque
2000 2573 2226 2643 perinde

659 2669 949 2738 perlectum
1003 2665 1055 2718 in
1104 2665 1442 2719 humanitate
1474 2681 1539 2720 ac
1586 2665 1638 2718 in
1674 2664 1895 2721 deitate.
1939 2661 2052 2716 Non
2085 2663 2225 2717 enim

657 2776 720 2814 ex
769 2756 881 2812 sola
927 2770 1090 2810 carne
1137 2764 1191 2808 et
1241 2755 1460 2820 deitate,
1511 2757 1604 2810 sed
1648 2770 1711 2809 ex
1746 2753 1983 2824 perfecta
2034 2755 2225 2806 huma-

2340 2125 2480 2180 κατὰ
2508 2125 2761 2194 ἀλήθειαν
2791 2125 2854 2175 ἐκ
2887 2122 3163 2192 γυναικὸς,
3197 2122 3291 2176 καὶ
3321 2120 3561 2191 πέφηνεν
3590 2119 3899 2189 ἄνθρωπος,

2338 2214 2366 2264 6
2390 2213 2497 2277 ζῶν
2525 2215 2621 2265 καὶ
2651 2214 3043 2284 ύπάρχων,καὶ
3074 2213 3342 2274 συναῖδιος
3363 2211 3440 2281 τῷ
3468 2210 3587 2280 Θεῷ
3615 2210 3704 2262 καὶ
3725 2211 3901 2280 [Iasz

2337 2304 2467 2366 Θεὸς
2491 2305 2683 2370 Λόγος,
2729 2303 2940 2372 μορφὴν
2960 2302 3144 2354 δούλου
3177 2302 3354 2354 λαϐών
3374 2320 3387 2334 ·
3421 2303 3514 2355 καὶ
3544 2303 3683 2354 ἐστιν
3707 2300 3903 2373 ὥσπερ

2330 2392 2388 2442 ὲν
2424 2391 2637 2462 θεότητι
2687 2391 2932 2456 τέλειος,
2979 2389 3123 2442 οὕτω
3155 2390 3248 2442 καὶ
3292 2390 3350 2442 ἐν
3393 2390 3774 2461 ἁνθρωπότητι
3821 2394 3900 2444 τέ-

2329 2480 2503 2542 λειος·
2543 2481 2642 2533 οὐκ
2686 2484 2747 2533 ἐκ
2801 2481 2965 2550 μόνης
3013 2480 3262 2548 θεότητος
3307 2479 3402 2532 καὶ
3447 2481 3645 2552 σαρκὸς
3688 2483 3775 2544 εἰς
3812 2482 3900 2534 ἕνα

2331 2572 2568 2643 Χριστὸν
2617 2574 2712 2624 καὶ
2746 2573 2948 2644 Κύριον
2993 2571 3088 2623 καὶ
3119 2571 3248 2624 Υῐδν
3280 2572 3650 2642 συγκείμενος,
3685 2572 3814 2624 ἀλλ’
3843 2574 3901 2624 ἐκ

2331 2663 2476 2716 δυοῖν
2524 2663 2773 2728 τελείοιν,
2815 2663 3211 2733 ἀνθρωπότητα
3240 2662 3303 2732 δὴ
3333 2663 3475 2730 λέγω
3520 2665 3613 2716 καὶ
3643 2663 3898 2733 θεότητα,

2332 2756 2411 2818 εἰς
2438 2755 2536 2808 ἕνα
2563 2757 2654 2807 καὶ
2681 2755 2770 2808 τὸν
2796 2754 2955 2807 αὐτὸν
2984 2752 3301 2825 παραδόξως
3333 2752 3703 2822 συνδούμενος.

657 2855 822 2908 nitate
851 2860 905 2906 et
940 2851 1222 2905 divinitate
1254 2851 1306 2905 in
1354 2867 1517 2905 unum
1584 2853 1945 2921 eumdemque
2010 2849 2299 2904 Dominum
2340 2860 2395 2904 et
2436 2850 2629 2904 Filium
2684 2861 2739 2906 et
2784 2849 3060 2904 Christum
3109 2849 3409 2904 admirabili
3454 2853 3684 2919 quodam
3736 2851 3900 2903 modo

657 2944 954 3010 concrevit,
982 2943 1310 3013 coaluitque.

728 3035 892 3094 XXV.
933 3037 1000 3091 At
1042 3037 1130 3090 hic
1177 3036 1548 3091 sciscitabitur
1600 3036 1738 3090 forte
1774 3039 2039 3107 quispiam
2075 3062 2084 3095 :
2127 3055 2224 3094 cu-

652 3129 888 3200 jusmodi
937 3129 1150 3183 tandem
1181 3143 1333 3182 sacra
1378 3129 1538 3198 Virgo
1563 3130 1768 3199 peperit
1796 3170 1811 3196 ,
1857 3131 2222 3194 hominemne,

2397 3036 2524 3088 KE'.
2580 3036 2727 3105 Ἐρεῖ
2756 3035 2810 3087 δέ
2840 3052 2945 3101 τις,
2974 3042 3114 3087 κατα
3145 3031 3207 3084 τὸ
3235 3031 3400 3094 εἰκός·
3433 3031 3562 3084 Τίνα
3589 3031 3648 3102 δὴ
3682 3027 3783 3084 οὖν
3813 3035 3898 3085 τέο

2324 3143 2486 3179 τοκεν
2533 3126 2567 3196 ὴ
2617 3127 2747 3191 ἁγία
2784 3126 3096 3197 Παρθένος;
3148 3123 3238 3177 τὸν
3281 3125 3584 3197 ἄνθρωπον,
3619 3127 3652 3197 ἢ
3696 3127 3795 3179 τὸν
3839 3129 3899 3180 ἐκ

657 3241 724 3278 an
758 3220 852 3276 Dei
884 3221 1154 3276 Verbum?
1183 3219 1280 3274 Cui
1305 3234 1406 3276 nos
1431 3221 1838 3290 respondemus,
1864 3221 2006 3275 istud
2038 3221 2225 3292 exqui.

2328 3216 2461 3270 Θεοῦ
2493 3217 2696 3284 Λόγον;
2729 3219 2912 3286 Φαμὲν
2949 3217 3002 3267 δὲ
3031 3217 3222 3284 ἡμεῖς·
3256 3216 3367 3268 Καὶ
3390 3216 3544 3268 τοῦτό
3574 3219 3635 3284 γέ
3669 3219 3829 3271 ἐστιν
3863 3222 3894 3287 ὴ

657 3330 799 3378 rere,
851 3312 979 3367 nihil
1038 3311 1184 3366 aliud
1245 3326 1388 3373 esse,
1439 3326 1597 3380 quam
1648 3327 1862 3380 errare,
1913 3323 1967 3367 et
2020 3328 2050 3366 a
2097 3327 2226 3367 vero

657 3409 991 3475 honestoque
1025 3403 1236 3458 abduci.
1269 3401 1440 3457 Nemo
1474 3413 1595 3472 post
1621 3405 1876 3459 unionem
1906 3405 2222 3459 divisionem

657 3497 787 3552 mihi
845 3495 1045 3564 ﬁngat;
1119 3508 1291 3563 neque
1362 3490 1768 3548 Emmanuelem
1833 3492 1886 3546 in
1949 3493 2221 3547 hominem

658 3602 940 3650 seorsum,
986 3596 1037 3639 et
1087 3586 1141 3639 in
1190 3585 1359 3638 Deum
1413 3599 1660 3640 seorsum
1711 3587 2044 3654 dispesceus,
2091 3585 2223 3640 duas

653 3693 911 3751 personas
957 3675 1204 3731 efformet
1230 3695 1242 3729 :
1270 3692 1336 3731 ne
1377 3677 1502 3746 quis
1542 3677 1787 3732 meritam
1835 3679 1987 3730 vobis
2020 3675 2220 3748 [nobis]

653 3779 860 3824 notam.
893 3767 1091 3831 inurat,
1151 3775 1407 3835 tanquam
1449 3765 1539 3835 qui
1590 3765 1722 3819 nihil
1775 3776 1979 3818 rectum
2031 3778 2223 3833 sapere

654 3858 946 3916 instituatis
971 3855 1386 3929 [instituamus],
1414 3856 1508 3911 sed
1538 3856 1589 3909 id
1625 3855 1795 3910 solum
1831 3854 1972 3924 quod
2004 3869 2099 3922 per
2136 3853 2220 3907 di-

654 3955 808 4008 vinas
845 3951 1157 4018 Seripturas
1192 3948 1612 4004 condemnatum
1644 3957 1748 4004 est.
1792 3946 1942 4003 Unus
1978 3947 2120 4000 enim
2154 3962 2220 4000 ex

655 4043 852 4099 Christi
898 4041 1179 4110 discipulis
1214 4039 1330 4094 ait:
1369 4057 1387 4092 ι
1421 4038 1553 4105 Vos,
1590 4038 1920 4104 eharissimi,
1953 4052 2222 4093 memores

654 4143 829 4189 estote
868 4132 1180 4196 verborum,
1229 4146 1347 4200 qua:
1389 4132 1644 4200 praedicta
1684 4139 1809 4185 sunt
1860 4131 1926 4184 ab
1965 4129 2221 4199 apostolis

654 4225 864 4280 Domini
918 4225 1084 4278 nostri
1136 4222 1263 4277 Jesu
1311 4221 1538 4286 Christi,
1602 4220 1693 4291 qui
1743 4221 1997 4275 dicebant
2043 4220 2217 4285 vobis,

653 4315 907 4386 quoniam
957 4315 1008 4366 in
1061 4313 1370 4369 novissimis
1400 4311 1728 4381 temporibus
1767 4313 1984 4364 venient
2032 4311 2219 4363 illuso-

656 4423 762 4470 res,
800 4407 1094 4459 secundum
1128 4407 1396 4460 desideria
1433 4421 1528 4461 sua
1559 4405 1899 4460 ambulantes
1936 4403 1986 4457 in
2035 4403 2221 4480 impie-

653 4499 869 4550 tatibus.
919 4495 980 4549 lli
1019 4507 1142 4550 Sunt
1171 4496 1262 4564 qui
1307 4505 1615 4566 segregant,
1648 4495 1932 4558 animales,
1967 4495 2214 4564 spiritum

657 4602 760 4638 non
796 4585 1140 4654 habentes“.
1183 4602 1199 4635 ι
1245 4583 1401 4637 Nullo
1450 4586 1634 4652 itaque
1677 4587 1834 4639 tnodo
1882 4586 2215 4655 segregatio-

655 4693 774 4731 nem
830 4677 1127 4731 concedere
1172 4675 1253 4729 fas
1303 4683 1408 4737 est,
1452 4675 1578 4728 licet
1627 4686 1749 4744 post
1810 4678 2066 4730 unionem
2116 4678 2221 4729 duo

656 4782 912 4838 apparere
938 4767 1192 4831 debeant,
1225 4776 1280 4820 et
1310 4765 1561 4819 distincte
1589 4766 1661 4819 sit
1692 4777 1980 4833 utrumque
2020 4767 2223 4820 intelli-

654 4862 904 4932 gendum.
955 4859 1219 4924 Quocirca
1272 4858 1572 4922 sciendum,
1619 4858 1958 4911 considerari
2005 4858 2219 4927 quidem

656 4956 722 5006 ab
753 4951 1023 5007 intellectu
1057 4950 1346 5020 quamdam
1371 4959 1686 5004 naturarum
1719 4948 2074 5004 diﬂerentiam
2099 4947 2216 5020 (ne-

653 5060 755 5112 que
787 5045 927 5098 enim
955 5051 1036 5096 est
1060 5039 1247 5095 eadem
1273 5041 1490 5095 deitatis
1517 5051 1569 5096 et
1603 5040 1954 5095 humanitatis
1975 5039 2216 5109 natura),

650 5137 742 5190 sed
788 5149 891 5188 una
925 5148 1046 5188 cum
1093 5133 1196 5187 hac
1244 5132 1683 5188 consideratione
1714 5133 1983 5201 percipiet
2015 5131 2219 5186 utrius-

650 5242 752 5294 quc
788 5239 1113 5282 concursum
1145 5225 1212 5278 ad
1241 5224 1514 5279 unionem.
1553 5223 1702 5278 Unus
1739 5228 1920 5293 itaque
1949 5232 2033 5280 est
2059 5223 2219 5280 Chri-

722 5382 767 5410 θ’
807 5380 822 5432 l
855 5379 977 5436 Cor.
1010 5393 1069 5442 ιι,
1102 5378 1155 5432 4.
1235 5378 1280 5410 ⁷⁸
1321 5377 1529 5434 Baruch
1559 5394 1638 5448 tu,
1672 5379 1760 5435 58.
1840 5381 1882 5411 '“
1926 5378 2046 5433 Jud.
2081 5381 2255 5436 l7-l9.

2327 3307 2612 3378 πλόινησις,
2649 3309 2741 3360 καὶ
2771 3308 2831 3360 τὸ
2857 3307 3200 3377 ἀμάρτημαγ
3233 3305 3328 3359 τοῦ
3373 3307 3671 3376 πρέποντάς
3709 3325 3768 3360 τε
3807 3311 3897 3362 καὶ

2324 3400 2577 3470 ἀληθοῦς.
2607 3400 2699 3470 Μὴ
2732 3401 2839 3470 γάρ
2869 3415 2958 3467 μοι
2991 3398 3166 3469 διέλῃς
3204 3399 3342 3468 μετά
3387 3399 3484 3469 τὴν
3513 3399 3731 3462 ἕνωσιν,
3764 3401 3896 3470 μηδὲ

2323 3491 2532 3555 διιστὰς
2564 3495 2642 3554 εἰς
2663 3490 2946 3561 ἄνθρωπον
2981 3489 3221 3552 ιδικῶςτ,
3257 3493 3350 3543 καὶ
3379 3494 3460 3553 εἰς
3488 3492 3641 3555 Θεὸν,
3667 3492 3896 3562 διπρόσ-

2324 3599 2470 3634 ωπον
2518 3584 2651 3651 ήμῖν
2692 3578 2966 3634 ἁνατύπου
3016 3579 3107 3632 τὸν
3147 3580 3525 3650 Ἐμμανουήλ·
3558 3582 3632 3652 μὴ
3669 3582 3780 3651 ἄρα
3819 3601 3897 3644 τις

2325 3675 2456 3742 ἡμῖν
2481 3685 2505 3713 α
2538 3675 2763 3736 εἰκότως
2789 3671 3222 3741 διαμωμήσαιτο,
3259 3675 3474 3741 φρονεῖν
3497 3673 3779 3742 ἑλομένοις
3810 3674 3895 3745 ὀρ-

2324 3765 2413 3818 θὸν
2450 3767 2546 3836 μὲν
2576 3766 2750 3828 οὐδὲν,
2771 3767 2944 3817 ἐκεῖνο
2967 3764 3022 3816 δὲ
3060 3763 3281 3833 μᾶλλον,
3313 3764 3340 3816 ὃ
3371 3765 3463 3817 καὶ
3492 3763 3580 3817 διὰ
3607 3765 3708 3835 τῆς
3737 3767 3895 3832 ἁγίας

2325 3856 2692 3926 κατεδικάσθη
2747 3854 2988 3926 Γραφῆς.
3027 3848 3152 3907 Ὧδε
3195 3857 3305 3924 γάρ
3359 3872 3441 3916 τις
3498 3855 3602 3924 ἔφη
3651 3857 3760 3908 τῶν
3805 3856 3894 3908 τοῦ

2323 3947 2560 4016 Χριστοῦ
2591 3947 2845 4017 μαθητῶν
2867 3963 2880 3975 ·
2915 3965 2931 3997 ι
2975 3945 3161 4016 Ὑμεῖς
3195 3946 3270 4008 δὲ,
3295 3947 3587 4016 ἀγαπητοὶ,
3617 3947 3892 4017 μνήσθητε

2320 4037 2430 4090 τῶν
2457 4039 2716 4108 ῥημάτων
2746 4037 2855 4090 τῶν
2886 4037 3298 4110 προειρημένων
3321 4037 3424 4108 ὑπο
3451 4037 3559 4089 τῶν
3579 4038 3891 4091 ἀποστόλων

2321 4127 2413 4181 τοῦ
2446 4129 2648 4197 Κυρίου
2676 4128 2835 4199 ἡμῶν
2878 4127 3052 4198 Ἰησοῦ
3099 4127 3360 4198 Χριστοῦ,
3402 4128 3482 4180 ὅτι
3525 4128 3713 4197 ἔλεγον
3744 4129 3890 4198 ὑμῖν,

2320 4223 2402 4275 ὅτι
2451 4223 2788 4290 ἐπ’ὲσχάτου
2831 4221 2939 4275 τῶν
2967 4221 3173 4291 χρόνων
3219 4220 3525 4272 ἐλεύσονται
3561 4222 3620 4271 ἐν
3654 4222 3894 4288 ἐμπαιγ-

2324 4317 2457 4385 μονῇ
2496 4316 2822 4384 ἐμπαῖκται,
2875 4313 3015 4366 κατὰ
3046 4311 3144 4375 τὰς
3207 4312 3416 4365 ἑαυτῶν
3459 4313 3752 4383 ἐπιθυμίας
3801 4330 3892 4364 πο-

2327 4404 2610 4475 ρευόμενοι
2639 4402 2749 4454 τῶν
2775 4401 3059 4454 ἀσεϐειῶν.
3092 4396 3249 4455 Οὗτοί
3277 4405 3411 4454 εἰσιν
3445 4402 3494 4454 οἱ
3519 4401 3890 4473 ἀποδιορίζον-

2319 4513 2432 4560 τες,
2463 4494 2702 4564 ψυχικοὶ,
2744 4493 2961 4561 πνεῦμα
2990 4493 3064 4562 μὴ
3096 4493 3326 4562 ἔχοντες.
3352 4513 3370 4545 ι
3397 4496 3468 4546 Οὐ
3491 4495 3788 4565 διοριστέον
3803 4490 3890 4546 οὗν

2321 4589 2432 4658 ἄρα
2455 4587 2576 4639 κατ’
2603 4585 2791 4638 οὐδένα
2818 4585 3038 4654 τρόπον,
3069 4584 3176 4635 εἴτε
3203 4584 3282 4636 δεῖ
3309 4583 3544 4653 μάλιστα
3572 4587 3643 4639 τὰ
3671 4585 3765 4639 δύο
3788 4605 3890 4656 φα·

2321 4679 2478 4746 νῆναι
2521 4678 2659 4747 μετὰ
2707 4676 2806 4744 τὴν
2858 4676 3071 4739 ἕνωσιν,
3131 4673 3223 4726 καὶ
3276 4674 3380 4726 ἀνὰ
3434 4676 3594 4747 μέρος
3632 4678 3890 4748 ἑκάτερον

2321 4771 2479 4822 νοεῖν.
2528 4767 2723 4820 Ἰστέον
2751 4762 2862 4832 οὖν,
2906 4767 2986 4818 ὅτι
3022 4765 3218 4835 θεωρεῖ
3249 4765 3350 4836 μέν
3377 4781 3497 4818 τινα
3534 4766 3751 4835 φύσεων
3783 4769 3891 4824 δια-

2323 4862 2494 4934 φορὰν
2524 4863 2550 4914 ό
2586 4860 2707 4923 νοῦς
2729 4878 2744 4890 ·
2774 4859 2965 4914 ταυτὸν
2998 4858 3103 4928 γὰρ
3137 4857 3254 4910 οῦτι
3302 4876 3399 4912 που
3427 4858 3678 4928 θεότητός
3711 4878 3772 4913 τε
3803 4880 3834 4914 γ
3855 4864 3891 4914 tl.

2322 4950 2811 5022 ἀνθρωπότητοςδ·
2846 4949 3147 5013 είσόέξεται
3187 4948 3243 5002 δὲ
3284 4949 3416 5020 ὁμοῦ
3462 4953 3583 5014 ταῖς
3619 4954 3746 5022 περὶ
3777 4954 3892 5004 τού-

2322 5060 2429 5095 των
2455 5043 2683 5106 ἐννοίαις
2714 5043 2809 5094 καὶ
2837 5041 2931 5112 τὴν
2955 5042 3161 5110 ἀμφοῖν
3199 5042 3278 5104 εἰς
3314 5042 3538 5112 ἑνότητα
3566 5043 3886 5113 συνδρομήν.

2323 5131 2534 5185 Οὐκοῦν
2579 5132 2752 5196 Θεδςε
2800 5133 2901 5203 μὲν
2947 5130 3109 5202 ἐξέφυ
3145 5132 3238 5184 τοῦ
3275 5132 3481 5204 Πατρὸς
3521 5133 3596 5195 ὼς
3635 5133 3803 5198 Θεὸς,
3835 5137 3891 5185 ἐκ

2325 5223 2602 5294 Παρθένου
2649 5225 2706 5278 δὲ
2753 5224 3056 5295 ἄνθρωπος.
3106 5224 3164 5277 '0
3213 5224 3322 5296 γὰρ
3371 5226 3436 5278 ἐκ
3494 5223 3628 5276 Θεοῦ
3679 5225 3892 5295 Πατρὶς

1741 5535 1907 5590 νεηνίαι
1942 5537 2196 5591 lcetiones
2240 5536 2441 5592 codicis
2472 5535 2825 5605 Seguieriani.

726 5694 753 5719 ι·
781 5682 1033 5747 γεγονώς.
1108 5689 1136 5728 γ
1167 5680 1450 5749 ἁμαρτεῖν.

636 5750 952 5822 ’θριυπότης.
1034 5763 1053 5787 ε
1089 5749 1244 5801 Θεοῦ.

1568 5689 1587 5714 ’-
1622 5679 1856 5748 ἀληθῶν,
1889 5682 1975 5733 καὶ
2007 5681 2081 5742 εἰς
2108 5677 2225 5732 θεὸν
2265 5679 2420 5747 λόγον
2454 5677 2654 5742 ίδικῶς.

2767 5688 2784 5708 ⁸
2809 5678 2890 5731 ἵσ.
2932 5678 3080 5748 ύμῖν.
3195 5679 3220 5719 ι)
3257 5679 3341 5731 ῐσ.
3376 5679 3563 5747 θεότης
3593 5695 3650 5731 τε
3678 5679 3778 5731 καί
3800 5682 3887 5730 ἀν-
