4056 6334
148 402 278 457 1169

1092 402 1179 458 DE
1217 404 1444 462 RECTA
1479 406 1639 461 FIDE
1683 408 1773 461 AD
1814 407 2261 465 TIIEODOSIUM
2300 406 2434 460 IMP.

3238 401 3374 457 1170

144 519 468 592 ἀπορῤήτως
504 521 596 575 καὶ
628 523 765 593 ὑπὲρ
797 522 919 577 νοῦν
944 523 1264 595 ἀναλάμψας
1289 528 1479 595 Λόγος,
1514 547 1696 599 γεγεν-

1807 539 1940 595 stus,
1989 531 2079 599 qui
2112 530 2328 599 quidem
2380 542 2444 581 ex
2484 526 2591 579 Deo
2630 520 2791 577 Patre
2841 522 3078 575 nascitur
3112 531 3167 575 ιιι
3211 522 3372 587 Deus,

144 612 330 682 νῆσθαι
369 606 590 680 Ῑέγεται
622 614 686 667 ὲκ
727 614 1012 682 γυναικὸς,
1061 620 1467 688 καταφοιτήσας
1508 623 1564 672 ὲν
1615 624 1705 675 ἀν-

144 701 483 773 θρωπότητι,
513 704 605 757 καὶ
636 704 822 768 καθεὶς
851 706 1041 759 ἑαυτὸν
1071 709 1150 770 εἰς
1177 709 1312 778 ὅπερ
1344 710 1442 763 οὐκ
1471 707 1538 781 ἦν
1561 730 1573 742 '
1609 715 1703 783 οὐχ

144 792 224 846 ’ἵνα
253 793 412 865 μείνῃ
441 796 833 865 κεκενωμένος,
865 796 979 849 ἀλλ’
1008 797 1093 851 ἵνα
1116 798 1247 861 Θεὸς
1286 796 1418 852 εἶναι
1447 803 1704 874 πιστεύη-

140 901 259 946 ται,
296 885 390 936 καὶ
420 886 479 937 ὲν
512 886 637 939 είδει
666 887 741 957 τῷ
786 889 906 941 καθ’
952 891 1099 959 ἡμᾶς
1130 891 1385 960 πεφηνὼς
1430 894 1520 945 ἐπὶ
1565 897 1699 963 γῆς,

138 978 229 1046 οὐχ
251 977 325 1041 ὡς
353 979 413 1031 ὲν
439 980 712 1052 ἀνθρώπῳ
740 985 1090 1052 κατοικήσας,
1122 984 1237 1037 ἀλλ’
1271 986 1345 1046 ὡς
1371 987 1529 1049 αὐτὸς
1563 989 1703 1041 κατά

139 1068 434 1138 ἀλήθειανά
483 1072 768 1142 ἄνθρωπος
803 1075 1059 1143 γεγονὼς,
1109 1078 1249 1147 μετά
1286 1080 1381 1130 τοῦ
1428 1080 1526 1147 τὴν
1564 1081 1699 1135 ἰδίαν

138 1159 517 1215 ἀνασώσασθαι
564 1164 738 1229 δόξαν.
791 1167 899 1218 Καὶ
940 1166 1067 1233 γοῦν
1099 1169 1126 1219 ὀ
1165 1166 1448 1232 Θεσπέσιος
1491 1170 1701 1236 Παῦλος

138 1250 203 1301 τά
229 1251 360 1303 πολὺ
392 1252 491 1322 τῆς
526 1255 767 1325 ἀλλήλων
801 1257 1213 1328 όμοουσιότητος
1274 1258 1595 1328 διεστηκότα
1643 1280 1702 1314 τε

140 1339 227 1390 καὶ
269 1341 568 1412 ἀμετρήτῳ
596 1344 829 1415 διαφορᾷ
871 1346 1320 1416 διεσχοινισμένα,
1368 1348 1597 1417 θεότητά
1642 1367 1701 1402 τε

140 1430 227 1482 καὶ
248 1432 666 1504 ἀνθρωπότητα,
700 1436 971 1504 συλλέγων
1000 1438 1079 1500 είς
1108 1436 1166 1488 ἒν
1198 1438 1575 1507 οἰκονομικῶς,
1609 1441 1700 1493 καὶ

138 1520 191 1585 ἐξ
215 1524 418 1592 ἀμφοῖν
447 1525 538 1576 τὸν
568 1524 663 1576 ἕνα
698 1525 1123 1595 κατασημαίνων
1157 1526 1388 1597 Χριστὸν
1434 1529 1524 1580 καὶ
1576 1530 1701 1584 Υίὸν

140 1612 224 1663 καὶ
249 1613 400 1677 Θεὸν,
462 1633 481 1665 ι
524 1615 734 1678 Παῦλος
761 1614 963 1679 δοῦλος,
1013 1618 1195 1686 φησὶν,
1234 1617 1406 1685 Ἰησοῦ
1442 1619 1699 1687 Χριστοῦ,

138 1701 323 1771 κλητὸς
391 1705 726 1771 ἀπόστολος,
781 1708 1160 1777 ἀφωρισμένος
1227 1710 1305 1770 είς
1371 1711 1700 1777 Εὖαγγέλιον

138 1794 284 1861 Θεοῦ,
314 1795 341 1847 ὃ
378 1800 849 1869 προεπηγγείλατο
874 1800 960 1852 διὰ
985 1800 1092 1853 τῶν
1127 1801 1422 1872 προφητῶν
1451 1801 1616 1854 αὑτοῦ
1643 1803 1701 1854 ὲν

1808 622 1914 690 22
1945 635 2007 675 ex
2037 636 2189 674 sacra
2222 630 2396 674 autem
2420 616 2641 686 Virgine
2672 623 2730 669 ut
2768 613 2951 668 homo.
2996 612 3206 667 Etenim
3235 612 3374 665 idem

1808 712 1935 765 illud
1982 711 2213 766 Verbum
2263 711 2403 779 quod
2454 705 2816 777 inexplicabili
2860 705 3055 768 modo,
3108 716 3377 770 supraque

1805 815 2020 855 omnem
2072 801 2318 854 humanae
2373 798 2571 853 mentis
2628 806 2846 865 captum
2908 794 3078 849 eluxit
3142 808 3206 848 ex
3267 792 3376 847 Deo

1806 890 1984 955 Patre,
2023 890 2075 944 in
2111 891 2401 944 humanam
2442 898 2687 943 naturam
2725 886 3083 949 descendens,
3129 891 3185 937 et
3225 883 3276 936 in
3321 883 3374 935 id

1805 984 1949 1053 quod
1987 999 2095 1039 non
2144 994 2263 1038 erat
2312 997 2371 1037 se
2419 982 2717 1043 dimittens,
2768 992 2835 1034 ex
2888 976 3114 1031 muliere
3163 988 3376 1044 quoque

1804 1076 2003 1131 dicitur
2038 1084 2223 1129 natum
2256 1093 2268 1128 :
2305 1089 2409 1127 non
2456 1088 2566 1143 quo
2602 1078 2846 1126 maneret
2886 1068 3246 1127 exinanitum,
3281 1064 3375 1119 sed

1806 1165 1948 1221 Deus
1996 1180 2117 1219 esse
2153 1163 2493 1227 crederetur,
2532 1172 2817 1233 postquam
2865 1158 3028 1212 etiam
3081 1157 3133 1211 in
3168 1166 3375 1209 natum

1805 1262 2004 1309 nostra:
2030 1253 2201 1307 forma
2233 1253 2286 1307 in
2339 1253 2500 1307 terris
2543 1252 2793 1320 apparuit
2832 1268 2845 1304 :
2883 1264 2989 1304 non
3027 1257 3279 1315 tanquam
3327 1248 3376 1301 is

1803 1348 1897 1417 qui
1936 1346 2209 1400 hominem
2245 1345 2541 1409 inhabitet,
2573 1344 2666 1399 sed
2701 1353 2955 1413 tanquam
3003 1342 3050 1396 is
3082 1341 3171 1409 qui
3214 1340 3377 1395 homo

1805 1440 1979 1508 reipsa
2010 1438 2262 1500 exsistat,
2298 1436 2467 1506 gloria
2506 1443 2683 1489 tamen
2723 1448 2819 1489 sua
2860 1447 3081 1503 prorsus
3119 1431 3373 1486 incolumi

1804 1537 1856 1581 et
1882 1528 2053 1580 salva.
2085 1524 2426 1594 Quapropter
2455 1525 2670 1578 divinus
2700 1522 2898 1577 Paulus
2933 1522 3291 1584 divinitatem,
3322 1531 3377 1575 et

1804 1619 2240 1679 humanitatem,
2296 1631 2416 1685 quae
2458 1616 2601 1685 quod
2659 1617 2724 1669 ad
2785 1625 2992 1668 natura:
3041 1614 3375 1667 identitatem

1804 1710 2022 1772 attinet,
2058 1708 2371 1777 longissimo
2405 1706 2714 1770 intervallo,
2767 1706 3139 1774 immensoque
3178 1704 3375 1758 discri-

1808 1802 1951 1854 mine
1996 1816 2025 1854 a
2068 1814 2128 1855 se
2174 1807 2359 1852 mutuo
2392 1798 2615 1861 distant,
2663 1796 3064 1864 dispensatione
3114 1794 3167 1847 in
3210 1808 3375 1847 unum

136 1884 369 1953 Γραφαῖς
406 1888 593 1956 ἁγίαις
628 1891 755 1959 περὶ
778 1889 871 1942 τοῦ
902 1890 1032 1943 Υἰοῦ
1060 1890 1252 1953 αὑτοῦ,
1280 1891 1371 1944 τοῦ
1402 1893 1696 1961 γενομένου

1807 1904 2024 1958 cogens,
2060 1897 2115 1943 et
2148 1903 2214 1942 ex
2259 1889 2509 1955 utrisque
2543 1901 2707 1939 unum
2752 1884 3050 1947 Christum,
3081 1881 3249 1936 Deum
3279 1880 3376 1935 Fi-

135 1974 195 2027 ὲκ
239 1976 556 2046 σπέρματος
607 1981 770 2034 Δασιδ
811 1982 951 2033 κατὰ
990 1983 1189 2051 σάρκα,
1242 1982 1335 2034 τοῦ
1389 1984 1699 2053 ὁρισθέντος

134 2058 256 2112 Υίοῦ
287 2062 425 2117 Θεοῦ
466 2066 526 2117 ὲν
564 2067 829 2137 δυνάμει,
874 2067 1014 2121 κατὰ
1056 2068 1272 2137 πνεῦμα
1303 2069 1635 2140 ἁγιωσύνης.
1672 2090 1689 2121 ι

145 2152 268 2207 Ἰδοὺ
290 2154 352 2224 δὴ
388 2156 578 2225 σαφῶς
606 2158 911 2227 ἀφωρίσθαι
941 2159 1104 2227 φησιν
1129 2160 1317 2211 ἑαυτὸν
1338 2160 1418 2221 εις
1450 2161 1695 2226 Εὐαγγέ-

132 2243 235 2297 λιον
256 2246 411 2312 Θεοῦ,
452 2247 631 2301 καίτοι
662 2249 887 2318 γράφων
922 2250 1244 2319 ἀναφανδόν·
1283 2268 1301 2301 ι
1332 2253 1405 2304 Οὐ
1433 2253 1540 2323 γὰρ
1570 2255 1695 2304 ἐαυ-

131 2336 247 2397 τοὺς
274 2338 642 2408 κηρύσσομεν,
667 2340 801 2393 ἀλλά
827 2342 1060 2408 Χριστὸν
1091 2342 1315 2409 Ἰησοῦν·
1347 2362 1365 2394 ι
1397 2345 1490 2396 καὶ
1512 2343 1692 2395 πάλιν·

138 2442 154 2475 ι
187 2428 255 2477 Οὐ
285 2427 394 2497 γάρ
425 2428 618 2498 ἔκρινά
657 2447 707 2482 τι
742 2431 937 2483 ειδέναι
964 2432 1022 2483 ὲν
1073 2432 1220 2497 ὑμῖν,
1252 2433 1301 2483 εί
1347 2431 1422 2501 μὴ
1464 2432 1696 2502 Χριστὸν

143 2517 362 2587 Ἰησοῦν,
397 2522 494 2573 καὶ
520 2520 707 2573 τοῦτον
736 2523 1173 2593 ἐσταυρωμένον.
1207 2542 1225 2574 ›

1806 1980 1935 2034 lium
1972 1988 2228 2033 constare
2272 1977 2589 2042 ostendens,
2620 1977 2693 2029 ita
2728 1976 2806 2029 ait
2840 1994 2853 2029 :
2892 1993 2909 2026 ι
2940 1973 3138 2027 Paulus
3188 1986 3378 2027 servus

1806 2071 1930 2125 Jesu
1963 2071 2188 2134 Christi,
2210 2079 2435 2123 vocatus
2464 2067 2760 2136 apostolus,
2788 2076 3101 2135 segregatus
3123 2066 3174 2117 in
3201 2062 3378 2116 Evan-

1802 2162 1999 2231 gelium
2057 2161 2170 2224 Dei,
2218 2160 2362 2228 quod
2407 2166 2531 2211 ante
2578 2156 2905 2225 promiserat
2953 2169 3050 2223 per
3086 2154 3379 2223 prophetas

1803 2269 1929 2308 suos
1965 2254 2016 2306 in
2047 2251 2347 2321 Scripturis
2389 2251 2596 2305 sanctis
2632 2249 2699 2303 de
2742 2247 2879 2302 Filio
2911 2262 3033 2311 suo,
3062 2246 3155 2316 qui
3201 2246 3377 2300 factus

1801 2353 1886 2397 est
1935 2344 1983 2397 ei
2040 2356 2108 2395 ex
2155 2341 2364 2396 semine
2416 2339 2586 2393 David
2640 2338 2939 2393 secundum
2992 2353 3237 2400 carnem,
3284 2336 3377 2405 qui

1802 2431 2213 2503 praedestinatus
2246 2439 2329 2484 est
2360 2429 2529 2483 Filius
2556 2428 2651 2483 Dei
2702 2428 2754 2482 in
2801 2428 3023 2492 virtute,
3074 2426 3375 2482 secundum

1802 2523 2056 2592 spiritum
2100 2520 2640 2576 sanctiﬁcationis“.
2681 2540 2699 2572 ι
2753 2521 2894 2575 Ecce
2947 2520 3043 2574 tibi
3082 2529 3268 2589 aperte
3320 2518 3373 2570 in

131 2607 475 2677 Evangelium
528 2610 619 2666 Dei
672 2624 1011 2682 segregatum
1062 2614 1313 2669 afﬁrmat.
1360 2614 1518 2681 Atqui
1570 2615 1695 2669 alibi
1738 2616 1938 2670 diserte
2008 2614 2073 2667 ad
2120 2614 2261 2668 hunc
2311 2614 2527 2669 modum
2576 2612 2809 2668 scribit:
2842 2632 2861 2664 ι
2926 2612 3043 2667 Non
3095 2628 3192 2666 nos
3233 2612 3377 2679 ipsos

132 2701 518 2767 przedicamus,
565 2705 659 2758 sed
702 2707 890 2760 Jesum
938 2704 1307 2760 Christum".
1338 2725 1355 2758 ι
1410 2704 1644 2759 Rursum
1679 2724 1693 2759 :
1740 2724 1757 2757 ι
1796 2703 2168 2774 Nonjudicavi
2202 2720 2287 2760 me
2313 2704 2519 2774 aliquid
2578 2705 2719 2760 scire
2782 2706 2835 2760 in
2864 2706 3040 2771 vobis,
3070 2704 3373 2760 nisiJesum

144 2790 437 2859 Christum,
461 2806 516 2851 et
540 2796 679 2851 hunc
704 2798 1019 2851 cruciﬁxum
1042 2798 1108 2851 ⁷³.
1149 2817 1167 2849 ι

195 2884 337 2950 KQ”.
380 2886 510 2939 Υἰὸν
536 2887 590 2939 δὲ
615 2888 776 2940 αὐτὸν
821 2888 1095 2957 ὀνομάσας
1128 2886 1285 2951 Θεοῦ,
1317 2890 1411 2941 καὶ
1437 2890 1499 2940 ὲκ
1529 2888 1695 2959 σπέρ-

135 2986 292 3039 ματος
343 2975 441 3027 τοῦ
502 2976 663 3031 Δαὸὶδ
716 2977 1075 3047 γεγεννῆσθαί
1138 2994 1322 3047 φησιν,
1357 2979 1588 3050 ὡρίσθαι
1634 2997 1693 3033 τε

130 3063 515 3136 διισχυρίζεται
546 3069 639 3121 καὶ
670 3070 747 3131 εἰς
780 3070 905 3122 Υἱὸν
931 3070 1089 3123 Θεοῦ.
1133 3071 1257 3133 Πῶς
1283 3067 1396 3136 οῦν,
1425 3072 1544 3123 εἰπέ
1580 3090 1691 3141 μοι,

1875 2886 2066 2941 XXVI.
2110 2886 2279 2941 Porro
2329 2897 2506 2940 autem
2546 2902 2669 2941 eum
2708 2886 2880 2957 ipsum
2918 2884 3013 2940 Dei
3045 2886 3240 2942 Filium
3275 2903 3373 2942 no-

1804 2978 1994 3041 minet,
2025 2986 2081 3031 et
2123 2979 2189 3031 de
2232 2976 2442 3031 semine
2493 2977 2659 3031 David
2698 2988 2888 3030 natum
2931 2979 3203 3043 enuntiat,
3238 2988 3292 3032 et
3322 2980 3374 3033 in

1802 3068 1894 3122 Dei
1956 3068 2150 3121 Filium
2202 3068 2643 3137 praedestinatum
2711 3069 2995 3124 confirmat
3033 3072 3177 3139 :jam
3248 3073 3372 3137 die,

133 3154 252 3217 Θεὸς
293 3159 320 3210 ὀ
373 3160 438 3209 ὲκ
473 3160 787 3230 σπέρματος
815 3162 1024 3229 άναφὺς
1072 3161 1165 3214 τοῦ
1212 3164 1409 3228 Δαὸίδ;
1454 3164 1510 3215 '0
1543 3164 1599 3215 δὲ
1631 3164 1694 3234 δὴ

1801 3175 2003 3228 qumso,
2055 3175 2161 3230 qua
2214 3161 2424 3215 ratione
2477 3161 2522 3215 is
2577 3150 2719 3216 Deus
2764 3173 2868 3225 est,
2914 3163 3003 3232 qui
3059 3180 3122 3218 ex
3170 3165 3375 3218 semine

134 3247 218 3298 καὶ
246 3250 349 3319 πρὸ
390 3251 625 3315 αἰώνων,
674 3252 767 3305 καὶ
796 3253 982 3316 ἁῖδίως
1014 3254 1159 3317 Υἱὸς,
1197 3255 1331 3307 καθὸ
1361 3257 1599 3325 πέφηνεν
1632 3258 1696 3309 ἐκ

133 3337 276 3405 Θεοῦ,
306 3342 429 3395 τίνα
459 3342 523 3413 δὴ
545 3343 747 3413 τρόπον
778 3346 855 3408 εἰς
878 3345 1006 3397 Υἰὸν
1025 3344 1232 3415 ὡρίσθη
1266 3346 1422 3411 Θεοῦ,
1443 3348 1695 3417 καθάπερ

132 3431 203 3493 εἰς
243 3432 413 3501 ἀρχὰς
437 3444 459 3472 θ
493 3434 589 3487 τοῦ
626 3436 922 3503 ὑφεστάναι
974 3436 1366 3505 παρενεχθείςς
1408 3436 1551 3505 Ἔφη
1586 3440 1695 3509 γὰρ

131 3521 279 3584 αὐτὸς
301 3526 428 3593 περὶ
459 3526 653 3579 ἑαυτοῦ
675 3543 687 3555 ’
717 3546 735 3578 ι
762 3523 896 3580 Είπε
919 3527 1122 3595 Κύριος
1151 3527 1285 3597 πρός
1318 3543 1408 3597 με·
1440 3528 1567 3591 Υἱός
1592 3546 1693 3599 μου

132 3605 178 3659 εῐ
220 3611 302 3676 σὺ,
351 3612 465 3680 ἐγὼ
516 3615 756 3686 σήμερον
800 3616 1106 3685 γεγέννηκά
1145 3632 1226 3669 σε.
1272 3634 1290 3667 ι
1342 3615 1515 3669 καίτοι
1560 3616 1691 3681 τοῦ,

132 3688 404 3769 σήμερον,
438 3688 644 3767 ἀείπως
672 3707 805 3775 ἡμῖν
831 3708 929 3775 οὐχ
952 3707 1033 3759 ὃτι
1063 3707 1154 3759 τὸν
1184 3709 1580 3776 παρῳχηκότα,
1604 3708 1694 3761 τὸν

133 3792 391 3847 ἐνεστῶτα
419 3795 475 3848 δὲ
510 3797 709 3863 μᾶλλον
732 3798 1165 3869 καταδηλοῦντος
1196 3800 1406 3868 καιρόν.
1445 3801 1589 3853 Βαθὺ
1628 3802 1689 3853 τὸ

136 3887 438 3954 μυστήριον,
488 3888 628 3941 άλλά
673 3891 784 3951 τοῖς
835 3890 932 3958 μὲν
978 3890 1083 3942 ἀνὰ
1134 3890 1297 3962 μέρος
1345 3890 1539 3943 τιθεῖσι
1597 3892 1694 3944 καὶ

131 3976 407 4045 διορίζουσι
434 3979 757 4048 δυσέφικτόν
781 3997 839 4032 τε
866 3982 962 4044 καὶ
990 3980 1194 4051 ἄπορον
1218 3981 1454 4051 ἀληθῶς.
1484 3982 1607 4043 Τοῖς
1628 3998 1692 4049 γε

135 4069 234 4140 μὴν
281 4072 357 4135 είς
414 4072 644 4143 ἑνότητα
692 4073 1128 4141 κατασφίγγουσι
1180 4074 1269 4126 τὸν
1322 4076 1690 4145 Ἐμμανουὴλ,

134 4160 285 4226 ὲγγύς
312 4179 371 4213 τε
405 4164 548 4214 ἑλεῖν
604 4163 699 4215 καὶ
745 4163 1069 4232 ἑτοιμοτάτη
1119 4163 1238 4215 λίαν
1288 4165 1321 4233 ὴ
1374 4164 1480 4216 τῶν
1534 4164 1692 4231 ἱερῶν

131 4250 397 4319 δογμάτων
428 4252 810 4323 ἀκιὸδήλευτος
862 4251 1081 4319 γνῶσις.
1120 4253 1177 4303 '0
1208 4253 1319 4322 γὰρ
1349 4253 1427 4322 τῷ
1460 4254 1693 4322 φύσαντι

134 4340 406 4403 συναωιος,
432 4341 530 4393 καὶ
556 4342 660 4411 πρὸ
688 4341 887 4405 παντὸς
920 4341 1114 4404 αἰῶνος
1134 4342 1279 4405 Υἱὸς,
1304 4343 1492 4411 ἐπειδὴ
1520 4362 1692 4397 καταρ-

136 4428 348 4500 βέὸηκεν
384 4433 463 4494 εἰς
494 4432 591 4503 τὴν
624 4432 915 4503 ἀνθρώπου
954 4432 1137 4500 φύσιν,
1165 4434 1267 4485 οὐκ
1318 4433 1691 4503 ἀπολισθήσας

1801 3251 1969 3305 David
2009 3262 2166 3306 natus
2196 3254 2319 3307 est?
2349 3253 2607 3318 Rursum,
2641 3269 2798 3323 quem
2836 3264 2963 3309 ante
2990 3257 3181 3310 saecula
3216 3256 3375 3311 Pater

1798 3342 1898 3397 sibi
1940 3352 2266 3397 comternum
2311 3346 2519 3413 genuit,
2574 3361 2806 3413 quonam
2859 3358 3020 3416 pacto
3060 3347 3231 3403 Filius
3279 3349 3371 3404 Dei

1798 3434 2216 3502 prredestinatus
2268 3445 2371 3499 est,
2422 3437 2645 3503 perinde
2693 3438 2906 3493 scilicet
2950 3440 3106 3507 quasi
3158 3441 3371 3493 initium

1798 3524 2125 3579 subsistendi
2174 3528 2489 3594 acciperet?
2521 3529 2634 3595 ipse
2672 3544 2904 3597 namque
2938 3529 3005 3583 de
3038 3531 3217 3599 seipso
3250 3532 3326 3585 ait
3356 3550 3369 3585 :

1804 3631 1823 3665 ι
1856 3613 2117 3667 Dominus
2164 3615 2300 3668 dixit
2344 3617 2411 3669 ad
2456 3630 2578 3669 me:
2615 3615 2783 3673 Filius
2826 3633 2976 3673 meus
3036 3634 3096 3674 es
3152 3631 3227 3683 tu,
3273 3636 3372 3689 ego

1798 3705 1955 3758 hodie
1985 3707 2142 3774 genui
2172 3715 2222 3759 te
2242 3704 2312 3762 7".
2348 3724 2365 3755 ι
2401 3706 2545 3760 Sane
2573 3722 2696 3761 cum
2726 3709 2989 3777 particula
3028 3710 3162 3776 haec,
3192 3712 3365 3775 hodie,

1798 3809 2031 3863 prmsens
2067 3794 2179 3848 fere
2214 3809 2431 3863 semper
2480 3812 2751 3866 nunquam
2793 3800 3121 3867 prmteritum
3162 3810 3372 3870 tempus

1797 3887 2036 3948 denotet,
2067 3885 2390 3953 profundum
2419 3887 2637 3957 aliquod
2662 3894 2986 3959 mysterium
3019 3893 3102 3945 hic
3134 3893 3370 3946 insinua-

1797 3985 1903 4040 tur,
1935 3977 2028 4031 sed
2067 3977 2131 4030 iis
2168 3978 2259 4046 qui
2298 3980 2539 4035 sectiOne
2571 3980 2789 4035 inducta
2826 3996 3075 4037 seorsum
3110 3985 3364 4038 conside-

1795 4076 1917 4120 rant
1952 4077 2005 4120 et
2032 4068 2323 4123 collocant.
2359 4068 2492 4123 Nam
2526 4070 2615 4139 qui
2643 4069 3048 4125 Emmanuelem
3086 4075 3152 4126 ad
3187 4077 3369 4128 unita-

1799 4168 1903 4212 tem
1935 4168 2212 4225 revocant,
2245 4159 2309 4215 iis
2358 4170 2412 4214 et
2460 4162 2562 4215 hoc
2606 4161 2804 4230 ipsum,
2848 4172 2900 4217 et
2930 4175 3123 4218 cmtera
3165 4168 3363 4231 omnia,

1796 4265 1913 4318 quae
1943 4253 2009 4304 ad
2051 4252 2317 4306 sinceram
2348 4266 2629 4307 sacrorum
2659 4255 2967 4322 dogmatum
3006 4257 3365 4325 cognitionem

1796 4342 2089 4411 pertinent,
2149 4356 2276 4398 sunt
2326 4344 2502 4405 obvia,
2559 4354 2827 4415 captuque
2866 4345 3146 4402 facillima.
3201 4348 3367 4403 Filius

1796 4432 2001 4502 itaque,
2038 4433 2125 4501 qui
2164 4435 2440 4504 generanti
2482 4432 2629 4489 Patri
2664 4446 2966 4492 coaeternus
3006 4447 3111 4503 est,
3144 4449 3198 4493 et
3243 4451 3368 4493 ante

131 4518 215 4570 τοῦ
254 4517 388 4574 εἶναι
418 4522 574 4585 Θεὸς,
597 4522 925 4594 προσλαϐὼν
952 4522 1014 4575 τὸ
1044 4522 1406 4593 ἀνθρώπινον,
1439 4526 1597 4577 νοοίτ’
1621 4525 1686 4579 ἂν

1801 4522 2034 4575 omnium
2073 4523 2391 4577 surculorum
2436 4533 2651 4579 aetatem
2684 4525 2989 4580 subsistens
3021 4536 3123 4589 est,
3154 4539 3368 4594 postea-

134 4610 341 4674 εἰκότως
368 4614 467 4665 καὶ
506 4614 572 4666 ὲκ
611 4615 924 4681 σπέρματος
963 4613 1321 4683 γεγεννῆσθαι
1351 4612 1516 4666 Δαῦὶδ
1539 4652 1553 4676 ,
1593 4616 1687 4667 καὶ

1801 4627 1952 4681 quam
1988 4612 2271 4667 divinitate
2323 4628 2430 4667 non
2478 4615 2702 4678 amissa,
2769 4615 2863 4669 sed
2897 4616 3238 4672 humani-late
3281 4633 3367 4672 as-

133 4704 386 4775 νεωτάτην
414 4706 559 4775 ἔχειν
601 4706 697 4776 τὴν
729 4708 785 4759 ὲν
818 4705 1195 4777 ἀνθρωπότητι
1225 4706 1511 4777 γέννησινί
1536 4726 1550 4740 ·
1582 4708 1688 4761 ῶσ-

1801 4712 2025 4772 su’mpta,
2094 4707 2148 4759 in
2207 4705 2442 4759 hominis
2487 4705 2594 4775 23
2639 4715 2890 4759 naturam
2961 4721 3080 4762 sese
3128 4710 3363 4775 dimisit;

133 4808 186 4843 τε
209 4794 344 4847 οὐκε
377 4796 657 4869 ἀλλότριον
704 4798 869 4850 αὑτοῦ
913 4798 972 4849 τὸ
1009 4798 1373 4868 προσληφθέν,
1407 4799 1521 4852 ἀλλ’
1558 4799 1687 4853 ἴδιον

1801 4796 2097 4864 meritoque
2128 4804 2181 4848 et
2215 4809 2282 4849 ex
2316 4794 2488 4849 David
2532 4812 2748 4867 quoque
2789 4798 2998 4853 semine
3027 4801 3362 4870 progenitus,

135 4884 349 4956 ἀληθῶς.
404 4889 728 4957 Λελόγισται
774 4890 1062 4958 τοιγαροῦν
1090 4890 1165 4954 ὡς
1213 4890 1270 4944 ἒν
1312 4890 1447 4959 πρὸς
1498 4891 1683 4954 αὖτδνι

1801 4897 1848 4941 et
1889 4889 2086 4958 oppido
2141 4903 2329 4942 recens
2382 4897 2541 4943 natus
2600 4890 2937 4944 humanitate
2987 4893 3361 4960 praedicatur:

135 4974 365 5048 καθάπερ
398 4978 589 5047 ἀμέλει
620 4978 714 5032 καὶ
750 4978 849 5048 τὴν
876 4977 1218 5049 ἀνθρωπείαν
1240 4979 1485 5032 σύνθεσιν
1513 4997 1683 5033 κατα-

1801 4982 1996 5050 quippe
2032 4996 2151 5036 cum
2189 4981 2243 5035 id
2286 4982 2428 5051 quod
2464 4985 2781 5051 assumpsit,
2828 4983 2896 5037 ab
2926 4999 2992 5039 eo
3024 4985 3169 5041 nullo
3205 4990 3365 5043 modo

135 5062 294 5136 Θρήσῃ
335 5084 416 5131 τις
454 5069 547 5121 ἀν’
594 5068 1007 5138 συμπέκλεκται
1049 5070 1157 5141 γὰρ
1190 5069 1248 5135 ἐξ
1279 5072 1545 5141 ἀνομοίων
1586 5072 1683 5143 τὴν

135 5155 299 5219 φύσιν,
342 5160 519 5229 ψυχῆς
549 5161 635 5231 δὴ,
668 5160 832 5228 λέγω,
867 5164 964 5215 καὶ⁵
1009 5163 1259 5233 σώματος
1283 5180 1295 5192 ·
1334 5165 1448 5218 ἀλλ’
1479 5160 1571 5218 οὖν
1606 5161 1683 5229 εἷς

136 5245 319 5297 νοεῖται
345 5246 403 5299 τὸ
435 5249 845 5319 συναμφότερον
888 5250 1170 5321 ἄνθρωπος
1191 5268 1203 5279 '
1251 5252 1327 5315 ὼς
1360 5252 1467 5309 ἀπὸ
1511 5256 1682 5324 μόνης

140 5330 224 5397 μέν
248 5334 342 5404 τῆς
370 5336 575 5407 σαρκὸς
611 5338 730 5393 ὅλον
756 5340 868 5392 ἔσθ’
886 5341 973 5393 ὅτε
1000 5343 1417 5413 κατωνομάσθαι
1442 5343 1503 5396 τὸ
1520 5343 1679 5408 ζῶον,

196 5486 256 5530 τι·
296 5489 446 5545 Roni.
484 5509 524 5556 ι,
559 5494 668 5551 1-4.
742 5497 787 5528 τ’
827 5495 845 5550 l
877 5497 1002 5553 Cor.
1038 5514 1110 5564 tv,
1140 5499 1193 5552 5.
1272 5500 1316 5532 ⁷³
1357 5501 1373 5555 l
1407 5500 1529 5559 Cor.
1566 5519 1625 5570 ιι,
1665 5504 1721 5559 2.

1792 5071 2025 5127 alienum
2059 5073 2152 5128 sed
2185 5088 2312 5128 vere
2347 5072 2492 5129 illius
2528 5075 2806 5145 proprium
2841 5077 2913 5131 sit
2946 5094 2960 5131 :
2998 5093 3166 5147 quare
3195 5097 3361 5135 unum

1793 5173 2045 5222 censetur
2078 5182 2199 5221 cum
2237 5167 2373 5237 ipso.
2402 5168 2869 5235 Quemadmodum
2901 5173 3136 5241 exempli
3178 5189 3361 5241 causa,

1793 5258 1847 5311 in
1882 5258 2114 5313 hominis
2163 5274 2375 5329 quoque
2414 5262 2801 5331 compositione
2839 5264 3088 5320 accidere
3122 5265 3365 5319 animad-

1789 5349 2077 5416 vertimus;
2111 5349 2156 5405 is
2191 5351 2394 5408 etenim
2426 5366 2490 5408 ex
2520 5352 2701 5410 anima
2737 5362 2791 5411 et
2820 5368 3078 5427 corpore,
3114 5356 3364 5424 partibus

1804 5504 1850 5536 ”
1887 5506 2031 5567 Psal.
2061 5522 2118 5575 ιι,
2148 5509 2201 5567 7.

1217 5655 1386 5712 Varia:
1422 5642 1681 5713 lectiones
1730 5662 1930 5719 codicis
1968 5662 2323 5734 Seguicriani.

200 5769 228 5813 δ
254 5775 585 5849 κατὰφύσιν.
668 5795 689 5822 ε
721 5783 917 5856 ἀρχήν.
1000 5786 1016 5826 ί
1050 5786 1277 5856 γένγτιν.
1356 5798 1381 5835 ε
1418 5789 1530 5843 ἔστι
1557 5789 1609 5843 6':
1635 5793 1751 5848 οὐκ.
