4056 6334
690 374 816 431 ΗῚΙ
1663 388 1721 442 3.
1760 387 2032 444 CYRILLI
2071 390 2532 453 ALEXANDRINI
2575 398 2890 460 ARCHIEP.
3767 413 3897 471 H79

681 491 866 560 utique
913 493 1206 548 secundum
1243 504 1491 553 naturam
1537 500 1913 570 dissimilibus,
1963 508 2239 563 constitui-

2343 512 2518 582 ψυχῆς
2550 514 2608 568 δὲ
2655 517 3046 591 ὠνομασμένης
3091 525 3325 580 νοεῖσθαι
3370 525 3430 579 τὸ
3473 527 3895 597 συναμφότερον.

684 591 803 646 tur;
857 594 1091 638 attamen
1144 588 1286 655 quod
1337 603 1404 644 ex
1456 599 1684 661 utroque
1746 598 2056 664 concredit,
2103 615 2239 655 unus

2345 602 2501 680 Κατὰ
2529 603 2620 657 τὸν
2649 606 2760 660 ῖσον
2785 588 2891 677 ἄρα
2915 588 3112 681 τρόπον
3154 615 3247 669 καὶ
3279 618 3364 669 ἐπ’
3399 617 3560 670 αὑτοῦ
3591 588 3899 686 apage.

685 671 848 724 homo
891 683 1218 743 reputatur;
1256 686 1310 731 et
1359 682 1812 747 quemadmodum
1858 700 1888 739 a
1930 688 2042 742 sola
2077 703 2239 742 carne

2346 672 2487 760 μίεθα
2538 695 2632 748 τοῦ
2677 671 3059 767 Χριστοῦ.Ἐῖς
3085 705 3192 775 γὰρ
3238 707 3398 772 Υἱὸς,
3450 711 3543 762 καὶ
3585 671 3898 776 εἷξΚύριος

684 765 856 811 totum
917 759 1184 815 interdum
1237 764 1437 819 animal
1488 768 1895 841 denominatur;
1946 786 2000 829 et
2061 778 2237 830 anima

681 861 895 902 rursum
947 853 1238 919 nominata,
1280 856 1330 910 id
1382 860 1522 926 quod
1573 875 1636 914 ex
1683 871 1910 932 utroque
1951 865 2239 922 conﬂatum

2356 783 2561 851 Ἰησοῦς
2597 788 2862 857 Χριστὸς,
2908 793 3000 845 καὶ
3020 794 3125 864 πρὸ
3158 799 3375 866 σαρκὸς,
3411 801 3502 853 καὶ
3528 802 3619 854 ὅτε
3660 799 3898 869 πέφηνεν

2344 874 2440 928 ἄνθ
2447 895 2647 946 ρωπος.

680 952 784 1005 est,
812 957 916 1052 non
949 943 1314 1013 inlrequenter
1333 949 1645 1021 intelligitur
1679 958 1779 1010 :ad
1840 961 2089 1012 eumdem
2148 961 2303 1029 plane
2343 943 2578 1034 modum,
2633 988 2754 1042 qua:
2799 976 2864 1031 de
2902 977 3117 1034 Christo
3167 996 3379 1052 quoque
3431 983 3712 1045 dicuntur,
3762 978 3896 1034 acci-

681 1029 874 1092 pienda
908 1042 1051 1087 sunt.
1087 1033 1236 1090 Unus
1274 1047 1357 1092 est
1393 1039 1535 1094 enim
1574 1040 1764 1109 Filius,
1798 1060 1937 1098 unus
1977 1045 2234 1105 Dominus
2303 1052 2456 1111 Jesus
2502 1029 2772 1131 Christus,
2824 1076 2880 1120 et
2935 1078 3062 1124 ante
3115 1029 3357 1138 minem,

682 1122 842 1175 homo
874 1125 1142 1192 apparuit.

751 1216 966 1272 XXVII.
1004 1219 1072 1274 Et
1110 1223 1359 1291 quamvis
1394 1225 1535 1281 idem
1572 1226 1660 1282 ille
1699 1228 2020 1297 Redemptor
2054 1241 2238 1287 noster

678 1322 775 1375 per
804 1310 1050 1368 humana:
1084 1323 1291 1368 natura:
1321 1319 1699 1385 proprietates,
1745 1320 2232 1391 exinanitionisque

679 1400 1015 1456 conditiones
1049 1403 1321 1460 interdum
1369 1407 1523 1463 nobis
1563 1409 1892 1475 insinuetur,
1928 1428 2032 1466 non
2080 1415 2147 1467 ob
2184 1414 2236 1468 id

681 1498 858 1544 tamen
910 1491 1194 1548 Dominum
1251 1496 1341 1565 qui
1395 1513 1493 1552 nos
1546 1500 1795 1563 redemit,
1855 1501 2234 1556 inliciabimnr.

679 1577 893 1635 Judmos
924 1598 1054 1639 sane
1077 1584 1327 1643 Christus
1354 1586 1613 1643 Dominus
1648 1591 1717 1644 ita
1749 1590 2080 1659 alloquitur:
2119 1613 2135 1643 ι
2180 1592 2238 1648 Si

681 1672 770 1724 lilii
823 1673 1055 1728 Abraha:
1104 1678 1271 1742 estis,
1324 1694 1486 1747 opera
1545 1681 1777 1735 Abrahae
1821 1681 1985 1735 facile
2038 1700 2050 1735 :
2100 1698 2240 1738 nunc

679 1775 856 1818 autem
889 1766 1129 1834 qumritis
1151 1783 1234 1822 me
1267 1768 1572 1825 interﬁcere
1604 1772 1896 1838 hominem,
1923 1774 2016 1843 qui
2041 1773 2240 1827 verita-

683 1862 786 1906 tem
849 1855 999 1910 vobis
1057 1857 1267 1912 locutus
1322 1875 1438 1914 sum
1481 1878 1494 1912 :
1543 1860 1645 1916 hoc
1685 1838 1958 1919 Abraham
2008 1880 2112 1919 non
2159 1864 2236 1920 l‘e-
2269 1838 2311 1894 Β

679 1944 838 1998 cit".
868 1966 888 1995 ›
945 1946 1147 2003 Scribit
1194 1951 1259 2005 de
1310 1967 1376 2005 eo
1419 1951 1615 2007 Paulus
1664 1970 1875 2024 quoque
1916 1975 1928 2011 :
1982 1974 2000 2008 ι
2029 1958 2129 2023 Qui
2185 1959 2237 2012 in

679 2035 867 2091 diebus
935 2039 1115 2092 carnis
1179 2055 1287 2094 sua:
1344 2057 1533 2111 preces
1601 2045 2124 2117 supplicationesque
2175 2049 2239 2104 ad

678 2142 824 2192 eum,
853 2128 941 2196 qui
988 2131 1157 2199 possit
1189 2133 1336 2187 illum
1366 2136 1573 2190 salvum
1610 2138 1789 2192 facere
1823 2152 1852 2191 a
1897 2149 2088 2203 morte,
2118 2155 2238 2194 cum

678 2215 917 2272 clamore
954 2220 1130 2275 valido
1167 2231 1221 2276 et
1269 2222 1522 2294 lacryniis
1553 2224 1805 2291 oll'erens,
1837 2229 2118 2282 exauditus
2157 2237 2240 2282 est

680 2320 777 2370 pro
827 2322 924 2361 sua
986 2313 1294 2366 reverentia
1327 2331 1339 2365 :
1372 2326 1424 2368 et
1469 2316 1683 2384 quidem
1721 2332 1841 2371 cum
1890 2330 2031 2373 esset
2072 2321 2238 2376 Filius

680 2393 799 2459 Dei,
829 2398 1016 2453 didicit
1043 2415 1107 2456 ex
1141 2402 1225 2456 his
1252 2418 1369 2470 qua:
1401 2419 1588 2473 passus
1621 2415 1707 2461 est
1727 2408 2085 2463 obedientiam
2110 2410 2176 2462 ⁷⁸.
2212 2429 2229 2461 ι

679 2483 928 2555 Nunquid
970 2503 1098 2560 ergo
1133 2493 1273 2546 hunc
1300 2493 1469 2562 ipsum
1506 2495 1778 2550 Christum
1832 2498 2100 2552 hominem
2131 2516 2232 2553 nn-

679 2579 804 2630 dum
840 2581 1047 2635 caeteris
1069 2582 1211 2636 nulla
1243 2597 1306 2638 ex
1340 2593 1491 2652 parte
1527 2586 1957 2643 excellentiorem
1991 2590 2237 2644 censebi-

681 2669 1040 2725 mus?Absit!
1089 2673 1315 2738 Rursus,
1351 2674 1513 2730 Deine
1538 2677 1856 2746 sapientiam
1889 2687 1945 2735 et
1981 2680 2233 2736 virtutem

682 2759 732 2811 in
761 2773 876 2813 eam
910 2776 967 2815 se
999 2763 1365 2819 inﬁrmitatem
1397 2757 1658 2832 abiecisse
1685 2768 1949 2835 dabimus,
1986 2781 2043 2824 ut
2088 2788 2232 2826 mor—

678 2858 784 2903 tem
825 2853 1175 2923 extimuerit,
1230 2865 1284 2910 et
1331 2872 1359 2910 a
1415 2857 1574 2913 Patre
1628 2861 1824 2915 salvari
1878 2865 2236 2933 expetiverit?

677 2940 926 3010 Nunquid
973 2944 1374 3002 Emmanuelem
1427 2951 1587 3004 vitam
1641 2953 1932 3007 secundum
1987 2965 2232 3008 naturam

676 3045 797 3085 esse
842 3033 1049 3090 inﬁcias
1092 3035 1323 3092 ibimus?
1356 3043 1432 3094 An
1477 3057 1579 3095 non
1620 3042 1796 3110 patius
1820 3046 1884 3098 ad
1926 3046 2232 3100 humanita-

3408 1081 3464 1128 et
3542 1081 3893 1142 posteaquam

2419 1251 2545 1305 KZ'.
2584 1253 2694 1306 Kal.
2744 1254 2833 1307 τὸν
2883 1256 3228 1325 ἀγοράσαντα
3272 1257 3418 1328 ἡμᾶς
3468 1257 3756 1326 Δεσπότην
3806 1255 3897 1309 οὒκ

2346 1342 2735 1412 άρνησώμεθα,
2777 1345 2875 1398 κᾶν
2906 1349 2952 1399 εἰ
2978 1347 3065 1400 διὰ
3093 1348 3200 1401 τῶν
3227 1348 3578 1419 ἀνθρωπίνων
3619 1350 3780 1417 ἡμῖν,
3812 1346 3897 1399 καὶ

2341 1432 2404 1484 ἐκ
2429 1432 2536 1485 τῶν
2555 1437 2653 1503 τῆς
2677 1437 2956 1499 κενώσεως
2999 1439 3228 1509 μέτρων,
3261 1438 3370 1492 ἐσθ’
3408 1440 3496 1492 ὅτε
3543 1437 3896 1506 κατασημαί-

2340 1541 2517 1592 νηται.
2559 1527 2829 1592 Ἰουδαίοις
2862 1530 2958 1600 μὲν
2992 1530 3092 1601 ἔφη
3120 1531 3436 1600 προσλαλῶν
3456 1533 3482 1584 ὁ
3508 1529 3714 1599 Κύριος
3745 1527 3896 1598 ήμῶν

2354 1616 2559 1685 Ἰησοῦς
2589 1618 2852 1687 Χριστός·
2893 1639 2910 1670 ‹
2952 1622 3010 1673 El
3047 1621 3211 1675 τέκνα
3237 1621 3331 1674 τοῦ
3372 1621 3621 1690 Ἀϐραὰμ
3665 1615 3798 1689 ἦτε,
3835 1619 3897 1670 τὰ

2342 1704 2477 1776 ἔργα
2515 1706 2608 1759 τοῦ
2652 1708 2898 1778 Ἀϐραὰμ
2929 1711 3159 1763 ἐποιεῖτε
3205 1712 3301 1766 ἄν·
3353 1710 3447 1766 νῦν
3491 1711 3545 1763 δὲ
3577 1709 3794 1777 ζητεῖτέ
3835 1723 3896 1776 με

2342 1797 2684 1862 ἀποκτεῖναι,
2718 1799 3022 1870 ἄνθρωπον,
3069 1801 3124 1864 ὃς
3153 1802 3250 1871 τὴν
3275 1793 3697 1872 ἀλήθειανώμῖν
3743 1799 3898 1850 λελά-

2341 1889 2512 1959 ληκα·
2543 1889 2703 1942 τοῦτο
2738 1890 2988 1959 Ἀϐραὰμ
3014 1891 3113 1943 οὐκ
3154 1891 3395 1960 ἐποίησε.
3432 1910 3450 1942 ι
3484 1890 3687 1958 Γράφει
3717 1887 3780 1939 δὲ
3809 1887 3898 1938 καὶ

2340 1975 2549 2039 Παῦλος
2606 1977 2733 2047 περὶ
2789 1976 2990 2031 αὑτοῦ·
3040 1999 3057 2028 ι
3107 1980 3205 2040 Ὃς
3248 1981 3304 2030 ὲν
3353 1981 3470 2040 ταῖς
3514 1979 3754 2047 ἡμέραις
3802 1977 3896 2042 τῆς

2341 2067 2540 2137 σαρκὸς
2584 2067 2768 2130 αὑτοῦ,
2810 2067 3022 2139 δεήσεις
3051 2086 3110 2122 τε
3153 2072 3246 2123 καὶ
3295 2069 3574 2138 ἱκετηρίας
3621 2067 3760 2137 πρὸς
3810 2064 3897 2118 τὸν

2338 2157 2631 2226 δυνάμενον
2677 2157 2865 2221 σώζειν
2903 2160 3063 2212 αὑτὸν
3101 2161 3164 2213 ἐκ
3194 2160 3419 2213 Θανάτου
3467 2158 3597 2228 μετᾶ
3645 2156 3897 2226 κραυγῆς

2341 2250 2564 2319 ἰσχυρᾶς
2591 2249 2683 2303 καὶ
2703 2250 2949 2320 δακρύων
2983 2251 3373 2321 προσενέγκας,
3400 2250 3490 2302 καὶ
3523 2244 3897 2306 εἰσακουσθεὶς

2337 2340 2442 2392 άπὸ
2477 2341 2575 2407 τῆς
2603 2341 2906 2403 εὐλαϐείας·
2939 2341 3136 2408 καίπερ
3182 2341 3256 2394 ὢν
3282 2342 3425 2404 Υἱὸς,
3465 2341 3657 2410 ἔμαθεν
3684 2339 3790 2406 ἀφ’
3826 2331 3897 2390 ὧν

2338 2431 2505 2485 ἔπαθε
2535 2431 2632 2500 τὴν
2668 2432 2929 2502 ὑπακοήν.
2962 2452 2978 2482 ι
3011 2428 3137 2502 Ἆρ’
3178 2428 3270 2485 οὖν
3312 2432 3591 2500 ἄνθρωπον
3625 2431 3795 2483 αὐτὸν
3835 2427 3895 2496 δὴ

2337 2521 2520 2574 τοῦτον
2544 2520 2716 2589 ψιλὸν,
2735 2522 2827 2574 καὶ
2855 2522 2972 2574 κατ’
2999 2523 3185 2574 οὐδένα
3205 2523 3403 2591 τρόπον
3429 2520 3760 2589 ἀνεστηκότα
3786 2518 3895 2570 τῶν

2336 2608 2459 2661 καθ’
2507 2610 2670 2678 ἡμᾶς,
2722 2609 3048 2680 λογιούμεθα
3089 2611 3181 2663 τὸν
3227 2609 3492 2680 Χριστόν;
3527 2609 3613 2677 Μὴ
3646 2605 3891 2674 γένοιτοι

2337 2697 2449 2766 Τὴν
2472 2698 2529 2751 δὲ
2566 2699 2657 2751 τοῦ
2683 2699 2817 2751 Θεοῦ
2849 2699 3037 2767 σοφίαν
3067 2701 3160 2752 καὶ
3208 2700 3456 2769 δύναμιν,
3495 2697 3782 2757 ἀσθενείας
3820 2695 3895 2756 εἷς

2335 2789 2491 2844 τοῦτο
2521 2791 2835 2845 καθικέσθαι
2863 2792 3123 2863 δώσομεν,
3147 2793 3221 2856 ὡς
3246 2794 3472 2847 δεδιέναι
3510 2793 3604 2861 μὲν
3635 2789 3893 2846 θάνατον.

2337 2882 2566 2946 ἐξαιτεῖν
2593 2882 2730 2934 δὲτὸ
2759 2882 3023 2946 σώζεσθαι
3063 2883 3213 2954 παρά
3243 2884 3335 2936 τοῦ
3371 2883 3611 2953 Πατρός;
3665 2879 3762 2933 καὶ
3803 2877 3895 2931 τοῦ

2337 2974 2477 3026 κατὰ
2506 2973 2666 3040 φύσιν
2692 2970 2828 3027 εῖναι
2851 2974 2991 3043 ζωὴν
3019 2974 3371 3044 ἐκπέμψομεν
3391 2974 3483 3026 τὸν
3510 2969 3894 3042 Ἐμμανουήλς

2340 3067 2409 3118 ’Ἦ
2459 3066 2874 3136 περιτρέποντες
2929 3067 3008 3129 είς
3058 3067 3156 3136 τὴν
3205 3065 3619 3138 ἀνθρωπότητα,
3668 3062 3765 3116 καὶ
3822 3061 3896 3122 εἰς

677 3133 804 3186 tem,
862 3134 915 3178 et
976 3137 1172 3183 nostra:
1225 3140 1432 3186 natura:
1479 3133 1855 3199 humilitatem,
1906 3151 2234 3205 qum-cunque

2349 3133 2544 3227 μέτρον
2589 3156 2800 3223 φύσεως
2843 3157 2939 3224 τῆς
2972 3157 3092 3210 καθ’
3113 3133 3284 3226 ημᾶς,
3307 3133 3374 3209 -τὸ
3400 3155 3474 3219 ὡς
3507 3157 3561 3208 ὲν
3589 3153 3767 3222 λόγοις
3810 3167 3894 3219 μι-

677 3213 892 3269 humilia
937 3218 1004 3271 de
1053 3219 1167 3288 ipso
1208 3222 1479 3287 dicuntur,
1531 3223 1846 3291 referentes,
1895 3226 2236 3281 laudabiliter

678 3320 776 3362 nos
798 3321 1066 3374 geremus,
1105 3311 1148 3364 si
1183 3327 1248 3367 ex
1283 3313 1369 3376 iis,
1413 3315 1607 3382 quibus
1644 3315 1786 3370 Deus
1813 3331 1932 3370 esse
1963 3317 2235 3387 dignosci-

675 3397 802 3460 lur,
869 3413 1133 3454 summam
1204 3403 1373 3472 ipsius
1433 3404 1770 3472 maiestatem
1839 3421 2236 3475 agnoscamus,

677 3487 924 3542 eumdem
970 3490 1141 3558 ipsum
1175 3490 1342 3547 Deum
1392 3495 1596 3562 pariter
1645 3505 1698 3548 et
1736 3495 2031 3555 hominem.
2068 3496 2235 3552 Deum

677 3577 924 3633 videlicet
952 3580 1302 3637 humanatum
1336 3598 1456 3638 esse
1493 3585 1886 3654 intelligentes?
1916 3587 2024 3658 24
2052 3588 2154 3642 Sed
2185 3587 2235 3642 in

681 3668 914 3729 ,medium
952 3672 1177 3739 prodeat
1210 3674 1623 3743 prohatissimus
1656 3676 1743 3730 ille
1780 3679 2057 3746 apostolus
2098 3679 2239 3734 Pau-

683 3759 786 3822 lus,
811 3762 901 3828 qui
935 3761 1074 3816 elata
1100 3778 1232 3818 voce
1267 3764 1319 3818 in
1343 3764 1456 3820 hazc
1480 3766 1641 3820 verba
1668 3768 2017 3824 concionatur
2041 3788 2055 3824 ι
2087 3789 2106 3822 ι
2140 3771 2236 3825 Sa-

682 3849 934 3917 pientiam
957 3852 1226 3922 loquimur
1259 3856 1400 3910 inter
1423 3858 1728 3926 perfectos:
1758 3861 2076 3930 sapientiam
2109 3878 2238 3919 vero

681 3953 790 3993 non
835 3941 995 4010 hujus
1045 3945 1247 4011 saeculi,
1281 3960 1454 4014 neque
1489 3949 1792 4018 principum
1827 3952 1986 4021 hujus
2029 3954 2234 4019 seculi,

681 4032 770 4102 qui
824 4032 1219 4091 destruuntur:
1253 4036 1345 4090 sed
1393 4038 1662 4108 loquimur
1699 4041 1790 4096 Dei
1837 4045 2152 4114 sapientiam
2184 4046 2234 4100 in

682 4125 960 4194 mysterio,
994 4141 1114 4195 quae
1154 4128 1468 4190 abscondita
1507 4141 1610 4198 est,
1645 4148 1806 4202 quam
1841 4136 2238 4204 praedestinavit

682 4217 822 4272 Deus
849 4228 974 4274 ante
1013 4220 1208 4275 saecula
1255 4221 1308 4280 in
1337 4223 1560 4292 gloriam
1591 4236 1852 4293 nostram,
1885 4243 2043 4296 quam
2079 4243 2237 4284 nemo

678 4309 980 4378 principum
1007 4310 1167 4380 hujus
1188 4313 1368 4368 saeculi
1402 4317 1669 4384 cognovit.
1696 4315 1752 4370 Si
1776 4319 1918 4372 enim
1952 4320 2237 4390 cognovis-

683 4410 822 4464 sent,
856 4416 1130 4470 nunquam
1169 4402 1452 4459 Dominum
1481 4406 1664 4476 gloriae
1696 4408 2094 4465 cruciﬁxissent
2116 4411 2183 4464 ⁷⁷,
2215 4431 2231 4461 ι

685 4491 750 4543 Et
793 4493 898 4548 alio
939 4511 1149 4551 rursum
1189 4497 1348 4553 loco:
1386 4517 1404 4550 ι
1437 4501 1536 4567 Qui
1567 4516 1687 4555 cum
1724 4504 1795 4556 sit
1838 4502 2088 4572 splendor
2119 4503 2233 4573 glo—
2270 4493 2311 4546 D

684 4582 800 4648 ritu,
843 4593 898 4638 et
935 4586 1099 4656 ﬁgura
1145 4588 1466 4642 substantiae
1513 4591 1649 4660 ejus,
1684 4601 2010 4662 portansque
2059 4595 2236 4648 omnia

677 4674 843 4729 verbo
872 4676 1089 4731 virtutis
1113 4693 1220 4732 sua:
1242 4680 1617 4748 purgationem
1646 4693 1988 4751 peccatorum
2017 4685 2239 4750 faciens,

679 4767 831 4821 sedet
870 4783 900 4821 a
938 4768 1179 4824 dexteris
1222 4769 1526 4838 maiestatis
1567 4772 1617 4826 in
1652 4775 1910 4838 excelsis;
1950 4785 2095 4829 tanto
2129 4792 2240 4830 me—

678 4857 782 4911 lior
836 4860 1041 4928 angelis
1097 4858 1357 4924 ell‘eetus,
1405 4873 1606 4931 quanto
1661 4864 1992 4921 dillerentius
2046 4885 2236 4925 nomen

679 4963 791 5016 prae
818 4948 924 5004 illis
955 4951 1291 5005 haereditavit
1315 4953 1380 5005 ⁷⁸.
1419 4971 1436 5004 ι
1475 4953 1634 5023 Atqui
1667 4957 1845 5023 gloria:
1873 4959 2151 5014 Dominum
2184 4971 2239 5016 et

678 5051 800 5090 esse
828 5047 884 5091 et
917 5039 1204 5105 nominari,
1240 5054 1416 5094 nonne
1461 5041 1724 5096 immenso
1754 5046 1927 5112 Spatio
1977 5048 2026 5100 id
2079 5064 2239 5103 omne

683 5136 804 5193 post
842 5142 900 5182 se
929 5129 1204 5200 relinquit,
1245 5132 1388 5201 quod
1427 5145 1669 5186 creatum
1716 5144 1772 5188 et
1806 5138 2076 5194 conditum
2120 5141 2240 5198 est?

680 5217 830 5272 Mitto
861 5218 1090 5274 humana
1122 5222 1270 5292 (sunt
1295 5223 1436 5276 enim
1469 5223 1656 5277 isthmc
1679 5228 1858 5285 tenuia
1903 5228 2232 5301 admodum),

675 5324 878 5373 annon,
909 5311 1158 5376 obsecro,
1200 5313 1397 5382 quivis,
1431 5316 1589 5370 modo
1623 5316 1837 5382 ingenio
1875 5328 1926 5372 et
1977 5321 2238 5388 sapientia

677 5398 893 5466 polleat,
937 5402 1050 5456 sive
1085 5404 1318 5472 Angelos
1368 5407 1670 5471 nominare,
1721 5408 1832 5463 sive
1878 5409 2236 5481 Principalus,

677 5491 946 5557 Thronus,
986 5493 1390 5553 Dominationes
1437 5513 1776 5568 percensere,
1821 5509 1874 5557 et
1918 5511 1974 5555 ut
2010 5504 2239 5572 amplius

676 5582 805 5652 quid
839 5584 1036 5649 dicam,
1067 5586 1182 5641 sive
1211 5603 1449 5644 summos
1484 5589 1809 5660 Scraphicos
1836 5594 2061 5662 spiritus
2090 5612 2238 5650 com-

746 5741 791 5773 "
817 5739 974 5799 Joan.
1000 5760 1118 5813 vm,
1146 5747 1236 5812 3!),
1262 5747 1345 5800 40.
1424 5750 1467 5780 ⁷⁸
1491 5748 1652 5806 llcbr.
1686 5767 1736 5812 ν.
1772 5751 1821 5817 7,
1853 5752 1902 5807 3-

2340 3250 2648 3323 κροπρεπὲς
2671 3290 2685 3314 ,
2716 3249 2984 3319 δράσομέν
3026 3266 3079 3301 τι
3106 3247 3214 3300 τῶν
3255 3247 3658 3315 ἐπαινουμένων
3678 3259 3692 3272 ·
3727 3245 3790 3310 ἐξ
3824 3235 3895 3294 ὧν

2336 3341 2393 3393 δέ
2431 3342 2546 3393 ἐστι
2578 3340 2744 3404 Θεὸς,
2791 3340 2888 3410 τὴν
2935 3339 3299 3410 ύπερκόσμιον
3339 3336 3501 3392 αὑτοῦ
3545 3332 3895 3404 κατοψόμεθα

2338 3433 2516 3498 δόξαν,
2543 3431 2631 3484 τὸν
2661 3431 2818 3483 αὐτὸν
2851 3427 2987 3484 εἶναι
3033 3431 3303 3493 συνιέντες
3325 3429 3456 3482 Θεόν
3485 3445 3539 3481 τε
3572 3427 3775 3496 ὁμοίως
3805 3425 3896 3478 καὶ

2338 3524 2643 3594 ἄνθρωπον,
2669 3524 2785 3592 ἦτοι
2812 3522 2941 3574 Θεὸν
2964 3519 3420 3592 ἐνηνθρωπηκότα
3441 3516 3685 3581 ;Ἥκέτω
3715 3515 3781 3583 δὴ
3805 3509 3896 3567 οὖν

2340 3617 2418 3679 είς
2459 3616 2621 3686 μέσον
2667 3615 2797 3685 ἡμῖν
2825 3615 2852 3666 ὁ
2883 3613 3250 3683 δοκιμώτατος
3290 3611 3498 3672 Παῦλος
3518 3650 3533 3674 ,
3566 3607 3724 3660 ταυτὶ
3757 3604 3896 3674 βοῶν

2337 3723 2396 3758 τε
2427 3705 2521 3758 καὶ
2554 3703 2747 3771 λέγων·
2767 3721 2784 3752 ι
2805 3701 3003 3769 Σοφίαν
3035 3700 3091 3754 δὲ
3127 3697 3395 3763 λαλοῦμεν
3428 3697 3484 3749 ὲν
3513 3694 3625 3756 τοῖς
3648 3691 3893 3750 τελείοις·

2341 3796 2534 3864 σοφίαν
2562 3793 2618 3846 δὲ
2648 3793 2708 3845 οὐ
2734 3791 2828 3845 τοῦ
2862 3791 3056 3854 αἰῶνος
3094 3789 3303 3854 τούτου,
3336 3787 3456 3841 οὐδὲ
3484 3785 3594 3875 τῶν

2337 3881 2431 3935 τοῦ
2463 3880 2657 3943 αίῶνος
2682 3880 2870 3932 τούτου
2900 3878 3006 3931 τῶν
3030 3876 3517 3950 καταργουμένων·
3543 3869 3680 3926 ἀλλὰ
3703 3869 3894 3921 λαλοῦ-

2343 3988 2440 4040 μεν
2459 3967 2593 4022 Θεοῦ
2617 3967 2806 4036 σοφίαν
2841 3968 2898 4019 ὲν
2926 3967 3230 4037 μυστηρίῳ,
3246 3964 3344 4034 τὴν
3375 3957 3892 4030 ἀποκεκρυμμένην.

2337 4061 2405 4127 ἢν
2433 4058 2606 4120 οὐδεὶς
2649 4056 2758 4108 τῶν
2799 4055 3120 4127 ἀνθρώπων,
3155 4055 3351 4125 μᾶλλον
3391 4051 3448 4106 δὲ
3483 4051 3594 4104 τῶν
3623 4048 3897 4120 ἀρχόντων

2336 4149 2430 4203 τοῦ
2462 4149 2653 4211 αίῶνος
2688 4147 2877 4201 τούτου
2910 4147 3165 4215 ἔγνωκεν.
3197 4146 3259 4197 El
3286 4145 3393 4216 γάρ
3419 4142 3687 4211 ἔγνωσαν,
3702 4140 3804 4193 οὐκ
3830 4137 3898 4191 ἃν

2336 4241 2428 4294 τὸν
2471 4239 2674 4309 Κύριον
2703 4237 2801 4310 τῆς
2821 4237 2978 4307 δέξης
3009 4235 3379 4306 ἐσταύρωσαν.
3414 4253 3432 4285 ›
3485 4231 3599 4287 Καὶ
3651 4231 3757 4303 μὴν
3801 4229 3896 4283 καὶ

2338 4332 2428 4384 ἐπὶ
2471 4329 2676 4390 τούτοις
2699 4345 2712 4357 θ
2761 4347 2780 4378 ι
2816 4331 2910 4390 Ὃς
2948 4327 3022 4380 ὢν
3055 4326 3392 4395 ἀπαύγασμα
3435 4325 3534 4394 τῆς
3573 4323 3765 4392 δόξης.
3805 4321 3897 4374 καὶ

2339 4421 2625 4491 χαρακτὴρ
2648 4420 2746 4488 τῆς
2773 4418 3120 4479 ὑποστάσεως
3139 4416 3326 4480 αὐτοῦ,
3344 4415 3522 4484 φέρων
3550 4431 3612 4466 τε
3633 4413 3699 4466 τά
3721 4413 3898 4465 πάντα

2341 4512 2417 4581 τῷ
2464 4513 2666 4581 ῥήματι
2708 4510 2807 4577 τῆς
2853 4508 3130 4576 δυνάμεως
3181 4505 3366 4569 αὑτοῦ,
3411 4503 3751 4572 καθαρισμὸν
3789 4502 3898 4566 τῶν

2339 4601 2623 4673 ἁμαρτιῶν
2651 4601 2806 4670 ἡμῶν
2835 4599 3197 4667 ποιησάμενος
3219 4639 3234 4662 ,
3265 4597 3513 4651 ἐκάθισεν
3539 4596 3598 4647 ὲν
3630 4595 3781 4664 δεξιᾷ
3800 4593 3897 4663 τῆς

2341 4689 2731 4762 μεγαλωσύνης
2774 4689 2832 4740 ἐν
2874 4690 2988 4750 τοῖς
3038 4686 3288 4756 ὑψηλοῖς·
3337 4683 3588 4738 τοσοῦτον
3638 4684 3898 4755 κρείττων

2337 4781 2624 4851 γενόμενος
2649 4779 2753 4832 τῶν
2783 4779 3046 4847 ἀγγέλων,
3075 4779 3195 4832 ὅσον
3223 4777 3618 4848 διαφορώτερον
3649 4777 3778 4847 παρ’
3807 4777 3898 4828 αὖ·

2337 4875 2460 4935 τοὺς
2497 4871 2964 4942 κεκληρονόμηκεν
3002 4869 3188 4938 ὄνομα.
3218 4889 3235 4919 ι
3278 4870 3468 4922 Καίτοι
3495 4886 3558 4936 γε
3583 4870 3644 4921 τὸ
3667 4864 3810 4922 εῐναί
3840 4885 3898 4919 τε

2340 4962 2435 5014 καὶ
2481 4960 2843 5029 ὀνομάζεσθαι
2897 4962 2993 5030 τῆς
3033 4960 3189 5029 δόξης
3245 4961 3466 5032 Κύριον,
3514 4962 3631 5022 πῶς
3669 4961 3731 5014 οὗ
3781 4962 3900 5013 λίαν

2338 5052 2646 5122 ὑπερτενὲς.
2695 5052 2786 5108 καὶ
2814 5051 3011 5114 παντὸς
3041 5053 3294 5104 ἐπέκεινα
3323 5051 3578 5121 γεννητοῦ
3615 5052 3709 5104 καὶ
3768 5068 3900 5118 παρ-

2343 5142 2582 5213 ηγμένου
2616 5141 2749 5212 πρὸς
2776 5143 3024 5208 γένεσιν;
3061 5141 3168 5193 Καὶ
3196 5140 3428 5212 παρίημι
3463 5141 3560 5210 μὲν
3587 5141 3655 5193 τὰ
3691 5138 3901 5210 ἀνθρώ-

2344 5251 2474 5287 πινα
2499 5233 2735 5303 (σμικρὰ
2749 5233 2856 5304 γὰρ
2878 5234 2942 5302 δὴ
2967 5232 3131 5302 λίαν),
3151 5232 3260 5302 ἐρῶ
3281 5232 3323 5285 δ’
3334 5228 3446 5286 οὖν·
3468 5233 3586 5286 Κᾶν
3609 5231 3900 5300 Ἀγγέλους

2337 5324 2624 5394 ὀνομάσαι,
2659 5325 2754 5376 καὶ
2781 5325 2998 5394 Ἀρχὰς,
3033 5325 3126 5377 καὶ
3147 5324 3398 5394 Θρόνους,
3435 5324 3528 5377 καὶ
3557 5324 3900 5394 Κυριότητας

2337 5415 2781 5487 ὰπαριθμήσαιτό
2827 5432 2909 5477 τις
2934 5455 2949 5480 ,
2985 5414 3080 5467 καὶ
3124 5415 3230 5485 μὴν
3264 5415 3357 5467 καὶ
3399 5417 3447 5469 εί
3489 5415 3598 5467 τῶν
3637 5414 3900 5466 ἀνωτάτω

2336 5507 2501 5575 διαμέ
2510 5524 2706 5576 μνηται
2729 5506 3000 5575 Σεραφὶμ,
3016 5505 3241 5558 κατόπιν
3269 5505 3411 5558 ἰόντα
3430 5504 3530 5575 τῆς
3545 5503 3716 5567 οὕτως
3741 5503 3902 5571 ὑπερ·

2341 5596 2525 5659 τενοῦς
2555 5598 2940 5667 ὁμολογήσειεν
2969 5597 3031 5649 ἂν
3060 5596 3327 5660 εὐκλείας,
3360 5597 3472 5666 εἴγε
3507 5594 3634 5652 νοῦν
3663 5595 3782 5666 ἔχει
3816 5593 3902 5647 τὸν

1983 5755 2023 5783 ττ
2056 5755 2074 5806 l
2103 5755 2226 5809 Cur.
2265 5754 2481 5824 11,6-8.
2560 5757 2602 5788 ⁷⁸
2635 5754 2795 5814 Hebr.
2835 5773 2870 5825 I,
2897 5756 2947 5821 5,
2983 5756 3025 5810 ‘-
