  <div class='ocr_page' id='page_1' title='image "/cluster/home/n/w/nwhite01/storage/ocr_20150623/76/pst.000005712755/612.png"; bbox 0 0 4056 6334; ppageno 0'>
   <div class='ocr_carea' id='block_1_1' title="bbox 145 386 279 443">
    <p class='ocr_par' dir='ltr' id='par_1_1' title="bbox 145 386 279 443">
     <span class='ocr_line' id='line_1_1' title="bbox 145 386 279 443; baseline 0.03 -3"><span class='ocrx_word' id='word_1_1' title='bbox 145 386 279 443; x_wconf 70' lang='grc' dir='ltr'>Ητὸ</span> 
     </span>
    </p>
   </div>
   <div class='ocr_carea' id='block_1_2' title="bbox 1092 388 2435 452">
    <p class='ocr_par' dir='ltr' id='par_1_2' title="bbox 1092 388 2435 452">
     <span class='ocr_line' id='line_1_2' title="bbox 1092 388 2435 452; baseline 0.006 -12"><span class='ocrx_word' id='word_1_2' title='bbox 1092 388 1178 442; x_wconf 86' lang='lat' dir='ltr'><strong>DE</strong></span> <span class='ocrx_word' id='word_1_3' title='bbox 1218 389 1437 446; x_wconf 72' lang='lat' dir='ltr'><strong>RECTA</strong></span> <span class='ocrx_word' id='word_1_4' title='bbox 1488 391 1640 447; x_wconf 78' lang='lat' dir='ltr'><strong>FIDE</strong></span> <span class='ocrx_word' id='word_1_5' title='bbox 1680 393 1770 447; x_wconf 81' lang='lat' dir='ltr'><strong>Al)</strong></span> <span class='ocrx_word' id='word_1_6' title='bbox 1812 391 2257 452; x_wconf 79' lang='lat' dir='ltr'><strong>THEODOSIUM</strong></span> <span class='ocrx_word' id='word_1_7' title='bbox 2297 393 2435 449; x_wconf 77' lang='lat' dir='ltr'><strong>IMP.</strong></span> 
     </span>
    </p>
   </div>
   <div class='ocr_carea' id='block_1_3' title="bbox 3248 394 3385 451">
    <p class='ocr_par' dir='ltr' id='par_1_3' title="bbox 3248 394 3385 451">
     <span class='ocr_line' id='line_1_3' title="bbox 3248 394 3385 451; baseline 0.007 -3"><span class='ocrx_word' id='word_1_8' title='bbox 3248 396 3305 451; x_wconf 81' lang='grc' dir='ltr'>Η</span> <span class='ocrx_word' id='word_1_9' title='bbox 3318 394 3385 450; x_wconf 71' lang='grc' dir='ltr'>ἠ</span> 
     </span>
    </p>
   </div>
   <div class='ocr_carea' id='block_1_4' title="bbox 138 501 1719 584">
    <p class='ocr_par' dir='ltr' id='par_1_4' title="bbox 138 501 1707 580">
     <span class='ocr_line' id='line_1_4' title="bbox 138 501 1707 580; baseline 0.003 -21"><span class='ocrx_word' id='word_1_10' title='bbox 138 501 198 559; x_wconf 79' lang='grc' dir='ltr'>εὗ</span> <span class='ocrx_word' id='word_1_11' title='bbox 224 503 495 575; x_wconf 79' lang='grc' dir='ltr'>βεδηκότα</span> <span class='ocrx_word' id='word_1_12' title='bbox 519 504 611 557; x_wconf 80' lang='grc' dir='ltr'>καὶ</span> <span class='ocrx_word' id='word_1_13' title='bbox 641 505 822 573; x_wconf 80' lang='grc' dir='ltr'>σοφόν.</span> <span class='ocrx_word' id='word_1_14' title='bbox 859 506 1150 576; x_wconf 85' lang='grc' dir='ltr'>Ἕκκριτον</span> <span class='ocrx_word' id='word_1_15' title='bbox 1175 508 1285 579; x_wconf 74' lang='grc' dir='ltr'><strong>γὰρ</strong></span> <span class='ocrx_word' id='word_1_16' title='bbox 1316 506 1455 563; x_wconf 79' lang='grc' dir='ltr'>εἷναί</span> <span class='ocrx_word' id='word_1_17' title='bbox 1483 528 1623 580; x_wconf 80' lang='grc' dir='ltr'>φημι</span> <span class='ocrx_word' id='word_1_18' title='bbox 1648 510 1707 563; x_wconf 73' lang='grc' dir='ltr'>τὸ</span> 
     </span>
    </p>
   </div>
   <div class='ocr_carea' id='block_1_5' title="bbox 1821 501 3382 584">
    <p class='ocr_par' dir='ltr' id='par_1_5' title="bbox 1821 513 3382 584">
     <span class='ocr_line' id='line_1_5' title="bbox 1821 513 3382 584; baseline -0.001 -16"><span class='ocrx_word' id='word_1_19' title='bbox 1821 529 2112 571; x_wconf 86' lang='lat' dir='ltr'><strong>memorare</strong></span> <span class='ocrx_word' id='word_1_20' title='bbox 2148 516 2303 581; x_wconf 90' lang='lat' dir='ltr'><strong>velit,</strong></span> <span class='ocrx_word' id='word_1_21' title='bbox 2363 529 2565 578; x_wconf 89' lang='lat' dir='ltr'><strong>annon,</strong></span> <span class='ocrx_word' id='word_1_22' title='bbox 2599 518 2838 582; x_wconf 87' lang='lat' dir='ltr'><strong>inquam,</strong></span> <span class='ocrx_word' id='word_1_23' title='bbox 2873 513 2971 567; x_wconf 91' lang='lat' dir='ltr'><strong>hos</strong></span> <span class='ocrx_word' id='word_1_24' title='bbox 2997 527 3184 568; x_wconf 82' lang='lat' dir='ltr'><strong>omnes</strong></span> <span class='ocrx_word' id='word_1_25' title='bbox 3211 513 3382 584; x_wconf 90' lang='lat' dir='ltr'><strong>gloria</strong></span> 
     </span>
    </p>
   </div>
   <div class='ocr_carea' id='block_1_6' title="bbox 142 596 1712 670">
    <p class='ocr_par' dir='ltr' id='par_1_6' title="bbox 142 596 1712 670">
     <span class='ocr_line' id='line_1_6' title="bbox 142 596 1712 670; baseline 0.003 -22"><span class='ocrx_word' id='word_1_26' title='bbox 142 596 330 668; x_wconf 82' lang='grc' dir='ltr'>γέρας,</span> <span class='ocrx_word' id='word_1_27' title='bbox 360 596 455 651; x_wconf 75' lang='grc' dir='ltr'>καὶ</span> <span class='ocrx_word' id='word_1_28' title='bbox 483 596 594 648; x_wconf 89' lang='grc' dir='ltr'>δεῖν</span> <span class='ocrx_word' id='word_1_29' title='bbox 622 597 936 649; x_wconf 85' lang='grc' dir='ltr'>ἀνακεῖσθαι</span> <span class='ocrx_word' id='word_1_30' title='bbox 986 598 1120 669; x_wconf 84' lang='grc' dir='ltr'>μόνῃ</span> <span class='ocrx_word' id='word_1_31' title='bbox 1150 600 1217 669; x_wconf 75' lang='grc' dir='ltr'>τῇ</span> <span class='ocrx_word' id='word_1_32' title='bbox 1258 599 1366 652; x_wconf 83' lang='grc' dir='ltr'><strong>τῶν</strong></span> <span class='ocrx_word' id='word_1_33' title='bbox 1394 599 1528 653; x_wconf 84' lang='grc' dir='ltr'>ὅλων</span> <span class='ocrx_word' id='word_1_34' title='bbox 1564 600 1712 670; x_wconf 83' lang='grc' dir='ltr'>βασι-</span> 
     </span>
    </p>
   </div>
   <div class='ocr_carea' id='block_1_7' title="bbox 142 683 1711 761">
    <p class='ocr_par' dir='ltr' id='par_1_7' title="bbox 142 683 1711 761">
     <span class='ocr_line' id='line_1_7' title="bbox 142 683 1711 761; baseline 0.003 -23"><span class='ocrx_word' id='word_1_35' title='bbox 142 687 245 740; x_wconf 85' lang='grc' dir='ltr'>λίδι</span> <span class='ocrx_word' id='word_1_36' title='bbox 282 687 459 755; x_wconf 71' lang='grc' dir='ltr'>φύσει.</span> <span class='ocrx_word' id='word_1_37' title='bbox 489 687 613 749; x_wconf 82' lang='grc' dir='ltr'><strong>Πῶς</strong></span> <span class='ocrx_word' id='word_1_38' title='bbox 638 683 730 740; x_wconf 85' lang='grc' dir='ltr'>οῦν</span> <span class='ocrx_word' id='word_1_39' title='bbox 780 688 845 741; x_wconf 85' lang='grc' dir='ltr'>ἂν</span> <span class='ocrx_word' id='word_1_40' title='bbox 885 688 1094 757; x_wconf 82' lang='grc' dir='ltr'>γένοιτο</span> <span class='ocrx_word' id='word_1_41' title='bbox 1129 689 1333 759; x_wconf 82' lang='grc' dir='ltr'>Κύριος</span> <span class='ocrx_word' id='word_1_42' title='bbox 1360 691 1457 759; x_wconf 80' lang='grc' dir='ltr'><strong>τῆς</strong></span> <span class='ocrx_word' id='word_1_43' title='bbox 1489 690 1644 761; x_wconf 78' lang='grc' dir='ltr'>δόξης</span> <span class='ocrx_word' id='word_1_44' title='bbox 1684 691 1711 743; x_wconf 96' lang='lat'><strong>6</strong></span> 
     </span>
    </p>
   </div>
   <div class='ocr_carea' id='block_1_8' title="bbox 142 774 1713 850">
    <p class='ocr_par' dir='ltr' id='par_1_8' title="bbox 142 774 1713 850">
     <span class='ocr_line' id='line_1_8' title="bbox 142 774 1713 850; baseline 0.005 -25"><span class='ocrx_word' id='word_1_45' title='bbox 142 774 594 845; x_wconf 74' lang='grc' dir='ltr'>ὲσταυρωμένοςς</span> <span class='ocrx_word' id='word_1_46' title='bbox 630 796 647 828; x_wconf 83' lang='grc' dir='ltr'><strong>ι</strong></span> <span class='ocrx_word' id='word_1_47' title='bbox 686 776 758 829; x_wconf 82' lang='grc' dir='ltr'><strong>Τὸ</strong></span> <span class='ocrx_word' id='word_1_48' title='bbox 779 776 836 829; x_wconf 83' lang='grc' dir='ltr'>δὲ</span> <span class='ocrx_word' id='word_1_49' title='bbox 864 777 1203 848; x_wconf 77' lang='grc' dir='ltr'><strong>ἀπαύγασμα</strong></span> <span class='ocrx_word' id='word_1_50' title='bbox 1230 778 1323 831; x_wconf 90' lang='grc' dir='ltr'><strong>τοῦ</strong></span> <span class='ocrx_word' id='word_1_51' title='bbox 1357 779 1589 850; x_wconf 76' lang='grc' dir='ltr'>Πατρὸς,</span> <span class='ocrx_word' id='word_1_52' title='bbox 1620 782 1713 833; x_wconf 81' lang='grc' dir='ltr'>καὶ</span> 
     </span>
    </p>
   </div>
   <div class='ocr_carea' id='block_1_9' title="bbox 142 868 1711 947">
    <p class='ocr_par' dir='ltr' id='par_1_9' title="bbox 142 868 1711 947">
     <span class='ocr_line' id='line_1_9' title="bbox 142 868 1711 947; baseline 0.006 -28"><span class='ocrx_word' id='word_1_53' title='bbox 142 868 238 937; x_wconf 78' lang='grc' dir='ltr'><strong>τῆς</strong></span> <span class='ocrx_word' id='word_1_54' title='bbox 268 870 457 932; x_wconf 79' lang='grc' dir='ltr'>οὐσίας</span> <span class='ocrx_word' id='word_1_55' title='bbox 482 870 509 923; x_wconf 87' lang='grc' dir='ltr'>ὁ</span> <span class='ocrx_word' id='word_1_56' title='bbox 532 870 877 943; x_wconf 79' lang='grc' dir='ltr'>χαρακτὴρ,ό</span> <span class='ocrx_word' id='word_1_57' title='bbox 903 873 1081 943; x_wconf 87' lang='grc' dir='ltr'>φέρων</span> <span class='ocrx_word' id='word_1_58' title='bbox 1108 874 1176 930; x_wconf 75' lang='grc' dir='ltr'>τὰ</span> <span class='ocrx_word' id='word_1_59' title='bbox 1203 875 1379 929; x_wconf 80' lang='grc' dir='ltr'>πάντα</span> <span class='ocrx_word' id='word_1_60' title='bbox 1399 875 1476 947; x_wconf 86' lang='grc' dir='ltr'>τῷ</span> <span class='ocrx_word' id='word_1_61' title='bbox 1508 878 1711 946; x_wconf 82' lang='grc' dir='ltr'>ῥήματι</span> 
     </span>
    </p>
   </div>
   <div class='ocr_carea' id='block_1_10' title="bbox 141 958 1711 1035">
    <p class='ocr_par' dir='ltr' id='par_1_10' title="bbox 141 958 1711 1035">
     <span class='ocr_line' id='line_1_10' title="bbox 141 958 1711 1035; baseline 0.008 -27"><span class='ocrx_word' id='word_1_62' title='bbox 141 958 239 1020; x_wconf 79' lang='grc' dir='ltr'>τῆς</span> <span class='ocrx_word' id='word_1_63' title='bbox 269 959 553 1030; x_wconf 82' lang='grc' dir='ltr'>δυνάμεως</span> <span class='ocrx_word' id='word_1_64' title='bbox 576 962 1036 1033; x_wconf 81' lang='grc' dir='ltr'>αὐτοῦ,κρείττων</span> <span class='ocrx_word' id='word_1_65' title='bbox 1063 964 1310 1033; x_wconf 81' lang='grc' dir='ltr'>ἀγγέλων</span> <span class='ocrx_word' id='word_1_66' title='bbox 1334 986 1351 1017; x_wconf 81' lang='grc' dir='ltr'><strong>ι</strong></span> <span class='ocrx_word' id='word_1_67' title='bbox 1385 966 1711 1035; x_wconf 83' lang='grc' dir='ltr'>γεγενῆσθαι</span> 
     </span>
    </p>
   </div>
   <div class='ocr_carea' id='block_1_11' title="bbox 142 1048 1709 1127">
    <p class='ocr_par' dir='ltr' id='par_1_11' title="bbox 142 1048 1709 1127">
     <span class='ocr_line' id='line_1_11' title="bbox 142 1048 1709 1127; baseline 0.006 -27"><span class='ocrx_word' id='word_1_68' title='bbox 142 1048 390 1116; x_wconf 87' lang='grc' dir='ltr'>λέγεται·</span> <span class='ocrx_word' id='word_1_69' title='bbox 423 1052 565 1121; x_wconf 83' lang='grc' dir='ltr'><strong>τάχα</strong></span> <span class='ocrx_word' id='word_1_70' title='bbox 598 1070 699 1105; x_wconf 87' lang='grc' dir='ltr'>που</span> <span class='ocrx_word' id='word_1_71' title='bbox 728 1054 789 1107; x_wconf 82' lang='grc' dir='ltr'>τὸ</span> <span class='ocrx_word' id='word_1_72' title='bbox 816 1054 1055 1121; x_wconf 77' lang='grc' dir='ltr'>ἔλαττον,</span> <span class='ocrx_word' id='word_1_73' title='bbox 1106 1058 1181 1121; x_wconf 74' lang='grc' dir='ltr'>ὡς</span> <span class='ocrx_word' id='word_1_74' title='bbox 1212 1056 1474 1127; x_wconf 79' lang='grc' dir='ltr'>ἠγοῦμαι,</span> <span class='ocrx_word' id='word_1_75' title='bbox 1508 1057 1709 1121; x_wconf 81' lang='grc' dir='ltr'>λαὸὼν,</span> 
     </span>
    </p>
   </div>
   <div class='ocr_carea' id='block_1_12' title="bbox 143 1140 1710 1219">
    <p class='ocr_par' dir='ltr' id='par_1_12' title="bbox 143 1140 1710 1219">
     <span class='ocr_line' id='line_1_12' title="bbox 143 1140 1710 1219; baseline 0.006 -27"><span class='ocrx_word' id='word_1_76' title='bbox 143 1141 230 1193; x_wconf 82' lang='grc' dir='ltr'>ὅτε</span> <span class='ocrx_word' id='word_1_77' title='bbox 260 1140 503 1213; x_wconf 81' lang='grc' dir='ltr'><strong>πέφηνεν</strong></span> <span class='ocrx_word' id='word_1_78' title='bbox 533 1144 837 1215; x_wconf 78' lang='grc' dir='ltr'>ἄνθρωπος.</span> <span class='ocrx_word' id='word_1_79' title='bbox 871 1147 1185 1215; x_wconf 78' lang='grc' dir='ltr'>Γέγραπται</span> <span class='ocrx_word' id='word_1_80' title='bbox 1216 1148 1320 1218; x_wconf 85' lang='grc' dir='ltr'>γάρ</span> <span class='ocrx_word' id='word_1_81' title='bbox 1341 1164 1353 1178; x_wconf 79' lang='grc'><em>’</em></span> <span class='ocrx_word' id='word_1_82' title='bbox 1384 1147 1514 1199; x_wconf 77' lang='grc' dir='ltr'>«Τὸν</span> <span class='ocrx_word' id='word_1_83' title='bbox 1540 1148 1710 1219; x_wconf 81' lang='grc' dir='ltr'>βραχύ</span> 
     </span>
    </p>
   </div>
   <div class='ocr_carea' id='block_1_13' title="bbox 142 1233 1714 1309">
    <p class='ocr_par' dir='ltr' id='par_1_13' title="bbox 142 1233 1714 1309">
     <span class='ocr_line' id='line_1_13' title="bbox 142 1233 1714 1309; baseline 0.006 -25"><span class='ocrx_word' id='word_1_84' title='bbox 142 1249 194 1284; x_wconf 89' lang='grc' dir='ltr'><strong>τι</strong></span> <span class='ocrx_word' id='word_1_85' title='bbox 225 1235 357 1301; x_wconf 84' lang='grc' dir='ltr'>παρ’</span> <span class='ocrx_word' id='word_1_86' title='bbox 391 1233 652 1301; x_wconf 78' lang='grc' dir='ltr'><strong>ἀγγέλους</strong></span> <span class='ocrx_word' id='word_1_87' title='bbox 678 1236 1055 1307; x_wconf 76' lang='grc' dir='ltr'><strong>ἠλαττωμένον</strong></span> <span class='ocrx_word' id='word_1_88' title='bbox 1080 1238 1347 1308; x_wconf 80' lang='grc' dir='ltr'><strong>βλέπομεν</strong></span> <span class='ocrx_word' id='word_1_89' title='bbox 1373 1237 1598 1309; x_wconf 81' lang='grc' dir='ltr'><strong>Ἰησοῦν,</strong></span> <span class='ocrx_word' id='word_1_90' title='bbox 1627 1239 1714 1293; x_wconf 76' lang='grc' dir='ltr'>διὰ</span> 
     </span>
    </p>
   </div>
   <div class='ocr_carea' id='block_1_14' title="bbox 142 1322 1713 1400">
    <p class='ocr_par' dir='ltr' id='par_1_14' title="bbox 142 1322 1713 1400">
     <span class='ocr_line' id='line_1_14' title="bbox 142 1322 1713 1400; baseline 0.006 -26"><span class='ocrx_word' id='word_1_91' title='bbox 142 1322 203 1374; x_wconf 82' lang='grc' dir='ltr'><strong>τὸ</strong></span> <span class='ocrx_word' id='word_1_92' title='bbox 232 1324 460 1394; x_wconf 82' lang='grc' dir='ltr'>πάθημα</span> <span class='ocrx_word' id='word_1_93' title='bbox 493 1323 584 1377; x_wconf 88' lang='grc' dir='ltr'><strong>τοῦ</strong></span> <span class='ocrx_word' id='word_1_94' title='bbox 616 1325 868 1390; x_wconf 72' lang='grc' dir='ltr'>θανάτου,</span> <span class='ocrx_word' id='word_1_95' title='bbox 891 1327 1016 1397; x_wconf 78' lang='grc' dir='ltr'>δόξῃ</span> <span class='ocrx_word' id='word_1_96' title='bbox 1045 1328 1138 1380; x_wconf 74' lang='grc' dir='ltr'><strong>καὶ</strong></span> <span class='ocrx_word' id='word_1_97' title='bbox 1165 1332 1296 1399; x_wconf 83' lang='grc' dir='ltr'>τιμῇ</span> <span class='ocrx_word' id='word_1_98' title='bbox 1326 1330 1713 1400; x_wconf 77' lang='grc' dir='ltr'>ἐστεφανωμέ-</span> 
     </span>
    </p>
   </div>
   <div class='ocr_carea' id='block_1_15' title="bbox 145 1412 1717 1494">
    <p class='ocr_par' dir='ltr' id='par_1_15' title="bbox 145 1412 1717 1494">
     <span class='ocr_line' id='line_1_15' title="bbox 145 1412 1717 1494; baseline 0.004 -26"><span class='ocrx_word' id='word_1_99' title='bbox 145 1432 252 1468; x_wconf 88' lang='grc' dir='ltr'>νον.</span> <span class='ocrx_word' id='word_1_100' title='bbox 291 1434 311 1464; x_wconf 88' lang='grc'><strong>›</strong></span> <span class='ocrx_word' id='word_1_101' title='bbox 346 1412 471 1487; x_wconf 69' lang='grc' dir='ltr'><strong>Ἆρ’</strong></span> <span class='ocrx_word' id='word_1_102' title='bbox 506 1412 598 1471; x_wconf 79' lang='grc' dir='ltr'><strong>οῦν</strong></span> <span class='ocrx_word' id='word_1_103' title='bbox 625 1418 897 1489; x_wconf 80' lang='grc' dir='ltr'>ὲξώσομεν</span> <span class='ocrx_word' id='word_1_104' title='bbox 926 1421 1015 1473; x_wconf 79' lang='grc' dir='ltr'>τὸν</span> <span class='ocrx_word' id='word_1_105' title='bbox 1039 1422 1102 1473; x_wconf 84' lang='grc' dir='ltr'>ὲκ</span> <span class='ocrx_word' id='word_1_106' title='bbox 1128 1421 1261 1475; x_wconf 83' lang='grc' dir='ltr'><strong>Θεοῦ</strong></span> <span class='ocrx_word' id='word_1_107' title='bbox 1297 1422 1508 1494; x_wconf 83' lang='grc' dir='ltr'>Πατρὸς</span> <span class='ocrx_word' id='word_1_108' title='bbox 1541 1440 1717 1494; x_wconf 85' lang='grc' dir='ltr'>πεφη-</span> 
     </span>
    </p>
   </div>
   <div class='ocr_carea' id='block_1_16' title="bbox 144 1507 1718 1585">
    <p class='ocr_par' dir='ltr' id='par_1_16' title="bbox 144 1507 1718 1585">
     <span class='ocr_line' id='line_1_16' title="bbox 144 1507 1718 1585; baseline 0.006 -24"><span class='ocrx_word' id='word_1_109' title='bbox 144 1507 271 1561; x_wconf 85' lang='grc' dir='ltr'>νότα</span> <span class='ocrx_word' id='word_1_110' title='bbox 300 1510 474 1577; x_wconf 84' lang='grc' dir='ltr'>Λόγον</span> <span class='ocrx_word' id='word_1_111' title='bbox 525 1510 624 1579; x_wconf 79' lang='grc' dir='ltr'>τῆς</span> <span class='ocrx_word' id='word_1_112' title='bbox 671 1510 819 1581; x_wconf 87' lang='grc' dir='ltr'>αὐτῷ</span> <span class='ocrx_word' id='word_1_113' title='bbox 868 1513 1185 1583; x_wconf 78' lang='grc' dir='ltr'>πρεπούσης</span> <span class='ocrx_word' id='word_1_114' title='bbox 1229 1515 1518 1579; x_wconf 85' lang='grc' dir='ltr'>οὐσιώδους</span> <span class='ocrx_word' id='word_1_115' title='bbox 1549 1517 1718 1585; x_wconf 75' lang='grc' dir='ltr'>ὑπερο</span> 
     </span>
    </p>
   </div>
   <div class='ocr_carea' id='block_1_17' title="bbox 144 1598 1717 1678">
    <p class='ocr_par' dir='ltr' id='par_1_17' title="bbox 144 1598 1717 1678">
     <span class='ocr_line' id='line_1_17' title="bbox 144 1598 1717 1678; baseline 0.005 -28"><span class='ocrx_word' id='word_1_116' title='bbox 144 1598 293 1669; x_wconf 85' lang='grc' dir='ltr'>οχῆς,</span> <span class='ocrx_word' id='word_1_117' title='bbox 321 1600 415 1653; x_wconf 77' lang='grc' dir='ltr'><strong>καὶ</strong></span> <span class='ocrx_word' id='word_1_118' title='bbox 456 1600 556 1670; x_wconf 84' lang='grc' dir='ltr'>τῆς</span> <span class='ocrx_word' id='word_1_119' title='bbox 598 1601 735 1672; x_wconf 82' lang='grc' dir='ltr'>πρὸς</span> <span class='ocrx_word' id='word_1_120' title='bbox 763 1603 924 1656; x_wconf 77' lang='grc' dir='ltr'>αὐτὸν</span> <span class='ocrx_word' id='word_1_121' title='bbox 966 1604 1228 1676; x_wconf 74' lang='grc' dir='ltr'>ἀκριϐοῦς</span> <span class='ocrx_word' id='word_1_122' title='bbox 1256 1608 1573 1678; x_wconf 80' lang='grc' dir='ltr'>ὲμφερείας,</span> <span class='ocrx_word' id='word_1_123' title='bbox 1622 1605 1717 1661; x_wconf 76' lang='grc' dir='ltr'>καὶ</span> 
     </span>
    </p>
   </div>
   <div class='ocr_carea' id='block_1_18' title="bbox 143 1690 1716 1769">
    <p class='ocr_par' dir='ltr' id='par_1_18' title="bbox 143 1690 1716 1769">
     <span class='ocr_line' id='line_1_18' title="bbox 143 1690 1716 1769; baseline 0.004 -23"><span class='ocrx_word' id='word_1_124' title='bbox 143 1690 241 1762; x_wconf 73' lang='grc' dir='ltr'>τῆς</span> <span class='ocrx_word' id='word_1_125' title='bbox 274 1692 382 1747; x_wconf 85' lang='grc' dir='ltr'>τῶν</span> <span class='ocrx_word' id='word_1_126' title='bbox 413 1693 662 1761; x_wconf 82' lang='grc' dir='ltr'>ἀγγέλων</span> <span class='ocrx_word' id='word_1_127' title='bbox 695 1694 945 1759; x_wconf 86' lang='grc' dir='ltr'>εὐκλείας</span> <span class='ocrx_word' id='word_1_128' title='bbox 975 1696 1285 1769; x_wconf 80' lang='grc' dir='ltr'><strong>ἡττώμενον</strong></span> <span class='ocrx_word' id='word_1_129' title='bbox 1314 1699 1601 1768; x_wconf 85' lang='grc' dir='ltr'>βλέποντες</span> <span class='ocrx_word' id='word_1_130' title='bbox 1631 1700 1716 1754; x_wconf 86' lang='grc' dir='ltr'>διὰ</span> 
     </span>
    </p>
   </div>
   <div class='ocr_carea' id='block_1_19' title="bbox 144 1784 1715 1863">
    <p class='ocr_par' dir='ltr' id='par_1_19' title="bbox 144 1784 1715 1863">
     <span class='ocr_line' id='line_1_19' title="bbox 144 1784 1715 1863; baseline 0.005 -27"><span class='ocrx_word' id='word_1_131' title='bbox 144 1784 205 1837; x_wconf 82' lang='grc' dir='ltr'><strong>τὸ</strong></span> <span class='ocrx_word' id='word_1_132' title='bbox 233 1784 334 1854; x_wconf 82' lang='grc' dir='ltr'>τῆς</span> <span class='ocrx_word' id='word_1_133' title='bbox 369 1785 681 1856; x_wconf 71' lang='grc' dir='ltr'><strong>οἰκονομίας</strong></span> <span class='ocrx_word' id='word_1_134' title='bbox 730 1790 1105 1859; x_wconf 80' lang='grc' dir='ltr'>μικροπρεπὲς</span> <span class='ocrx_word' id='word_1_135' title='bbox 1134 1791 1451 1861; x_wconf 87' lang='grc' dir='ltr'>νοούμενον;</span> <span class='ocrx_word' id='word_1_136' title='bbox 1500 1794 1574 1845; x_wconf 89' lang='grc' dir='ltr'>Οὐ</span> <span class='ocrx_word' id='word_1_137' title='bbox 1612 1795 1715 1863; x_wconf 81' lang='grc' dir='ltr'><strong>μεν</strong></span> 
     </span>
    </p>
   </div>
   <div class='ocr_carea' id='block_1_20' title="bbox 1816 604 3382 677">
    <p class='ocr_par' dir='ltr' id='par_1_20' title="bbox 1816 604 3382 677">
     <span class='ocr_line' id='line_1_20' title="bbox 1816 604 3382 677; baseline -0.003 -17"><span class='ocrx_word' id='word_1_138' title='bbox 1816 606 2206 676; x_wconf 87' lang='lat' dir='ltr'><strong>tnajestateque</strong></span> <span class='ocrx_word' id='word_1_139' title='bbox 2241 619 2414 677; x_wconf 88' lang='lat' dir='ltr'><strong>usque</strong></span> <span class='ocrx_word' id='word_1_140' title='bbox 2464 605 2597 661; x_wconf 90' lang='lat' dir='ltr'><strong>adeo</strong></span> <span class='ocrx_word' id='word_1_141' title='bbox 2627 604 2948 675; x_wconf 61' lang='lat' dir='ltr'><strong>praecelleuti</strong></span> <span class='ocrx_word' id='word_1_142' title='bbox 2991 604 3173 659; x_wconf 90' lang='lat' dir='ltr'><strong>multis</strong></span> <span class='ocrx_word' id='word_1_143' title='bbox 3213 604 3382 673; x_wconf 86' lang='lat' dir='ltr'><strong>parti—</strong></span> 
     </span>
    </p>
   </div>
   <div class='ocr_carea' id='block_1_21' title="bbox 1816 695 3385 765">
    <p class='ocr_par' dir='ltr' id='par_1_21' title="bbox 1816 695 3385 765">
     <span class='ocr_line' id='line_1_21' title="bbox 1816 695 3385 765; baseline -0.002 -12"><span class='ocrx_word' id='word_1_144' title='bbox 1816 700 1915 753; x_wconf 87' lang='lat' dir='ltr'><strong>bus</strong></span> <span class='ocrx_word' id='word_1_145' title='bbox 1959 698 2247 754; x_wconf 76' lang='lat' dir='ltr'><strong>interiores</strong></span> <span class='ocrx_word' id='word_1_146' title='bbox 2279 698 2666 753; x_wconf 79' lang='lat' dir='ltr'><strong>conﬁtebitur?</strong></span> <span class='ocrx_word' id='word_1_147' title='bbox 2701 695 2969 752; x_wconf 87' lang='lat' dir='ltr'><strong>llonorem</strong></span> <span class='ocrx_word' id='word_1_148' title='bbox 3010 696 3205 765; x_wconf 81' lang='lat' dir='ltr'><strong>quippe</strong></span> <span class='ocrx_word' id='word_1_149' title='bbox 3246 712 3385 765; x_wconf 68' lang='lat' dir='ltr'><strong>pra-</strong></span> 
     </span>
    </p>
   </div>
   <div class='ocr_carea' id='block_1_22' title="bbox 1816 786 3381 856">
    <p class='ocr_par' dir='ltr' id='par_1_22' title="bbox 1816 786 3381 856">
     <span class='ocr_line' id='line_1_22' title="bbox 1816 786 3381 856; baseline -0.004 -13"><span class='ocrx_word' id='word_1_150' title='bbox 1816 790 2258 843; x_wconf 84' lang='lat' dir='ltr'><strong>cellcntissinmm</strong></span> <span class='ocrx_word' id='word_1_151' title='bbox 2295 804 2415 843; x_wconf 85' lang='lat' dir='ltr'><strong>esse</strong></span> <span class='ocrx_word' id='word_1_152' title='bbox 2459 788 2600 852; x_wconf 85' lang='lat' dir='ltr'><strong>dico,</strong></span> <span class='ocrx_word' id='word_1_153' title='bbox 2638 788 2845 856; x_wconf 91' lang='lat' dir='ltr'><strong>solique</strong></span> <span class='ocrx_word' id='word_1_154' title='bbox 2879 787 3106 856; x_wconf 88' lang='lat' dir='ltr'><strong>principi</strong></span> <span class='ocrx_word' id='word_1_155' title='bbox 3141 786 3381 840; x_wconf 87' lang='lat' dir='ltr'><strong>onmimn</strong></span> 
     </span>
    </p>
   </div>
   <div class='ocr_carea' id='block_1_23' title="bbox 1816 874 3382 944">
    <p class='ocr_par' dir='ltr' id='par_1_23' title="bbox 1816 874 3382 944">
     <span class='ocr_line' id='line_1_23' title="bbox 1816 874 3382 944; baseline -0.003 -12"><span class='ocrx_word' id='word_1_156' title='bbox 1816 890 2029 933; x_wconf 63' lang='lat' dir='ltr'><strong>natura;</strong></span> <span class='ocrx_word' id='word_1_157' title='bbox 2060 878 2427 933; x_wconf 90' lang='lat' dir='ltr'><strong>tribuendum.</strong></span> <span class='ocrx_word' id='word_1_158' title='bbox 2462 876 2742 943; x_wconf 85' lang='lat' dir='ltr'><strong>Quomodo</strong></span> <span class='ocrx_word' id='word_1_159' title='bbox 2780 891 2907 944; x_wconf 89' lang='lat' dir='ltr'><strong>ergo</strong></span> <span class='ocrx_word' id='word_1_160' title='bbox 2936 875 3095 929; x_wconf 79' lang='lat' dir='ltr'><strong>fuerit</strong></span> <span class='ocrx_word' id='word_1_161' title='bbox 3124 874 3382 930; x_wconf 87' lang='lat' dir='ltr'><strong>Dominus</strong></span> 
     </span>
    </p>
   </div>
   <div class='ocr_carea' id='block_1_24' title="bbox 1818 965 3381 1039">
    <p class='ocr_par' dir='ltr' id='par_1_24' title="bbox 1818 965 3381 1039">
     <span class='ocr_line' id='line_1_24' title="bbox 1818 965 3381 1039; baseline -0.003 -17"><span class='ocrx_word' id='word_1_162' title='bbox 1818 969 2002 1039; x_wconf 64' lang='lat' dir='ltr'><strong>gloriae</strong></span> <span class='ocrx_word' id='word_1_163' title='bbox 2044 968 2097 1023; x_wconf 89' lang='lat' dir='ltr'><strong>iu</strong></span> <span class='ocrx_word' id='word_1_164' title='bbox 2141 984 2302 1023; x_wconf 83' lang='lat' dir='ltr'><strong>cruce</strong></span> <span class='ocrx_word' id='word_1_165' title='bbox 2348 968 2609 1023; x_wconf 76' lang='lat' dir='ltr'><strong>suilixus!</strong></span> <span class='ocrx_word' id='word_1_166' title='bbox 2666 986 2683 1019; x_wconf 83' lang='grc' dir='ltr'><strong>ι</strong></span> <span class='ocrx_word' id='word_1_167' title='bbox 2719 968 2983 1036; x_wconf 80' lang='lat' dir='ltr'><strong>Splendor</strong></span> <span class='ocrx_word' id='word_1_168' title='bbox 3021 982 3148 1019; x_wconf 88' lang='lat' dir='ltr'><strong>vero</strong></span> <span class='ocrx_word' id='word_1_169' title='bbox 3183 965 3381 1028; x_wconf 81' lang='lat' dir='ltr'><strong>Patris,</strong></span> 
     </span>
    </p>
   </div>
   <div class='ocr_carea' id='block_1_25' title="bbox 1816 1055 3384 1125">
    <p class='ocr_par' dir='ltr' id='par_1_25' title="bbox 1816 1055 3384 1125">
     <span class='ocr_line' id='line_1_25' title="bbox 1816 1055 3384 1125; baseline -0.003 -12"><span class='ocrx_word' id='word_1_170' title='bbox 1816 1067 1873 1113; x_wconf 87' lang='lat' dir='ltr'><strong>et</strong></span> <span class='ocrx_word' id='word_1_171' title='bbox 1898 1058 2209 1112; x_wconf 74' lang='lat' dir='ltr'><strong>substantiae</strong></span> <span class='ocrx_word' id='word_1_172' title='bbox 2250 1060 2394 1113; x_wconf 91' lang='lat' dir='ltr'><strong>illius</strong></span> <span class='ocrx_word' id='word_1_173' title='bbox 2418 1059 2726 1121; x_wconf 82' lang='lat' dir='ltr'><strong>character,</strong></span> <span class='ocrx_word' id='word_1_174' title='bbox 2760 1066 2981 1125; x_wconf 83' lang='lat' dir='ltr'><strong>portans</strong></span> <span class='ocrx_word' id='word_1_175' title='bbox 3008 1057 3185 1111; x_wconf 87' lang='lat' dir='ltr'><strong>omnia</strong></span> <span class='ocrx_word' id='word_1_176' title='bbox 3219 1055 3384 1110; x_wconf 87' lang='lat' dir='ltr'><strong>verbo</strong></span> 
     </span>
    </p>
   </div>
   <div class='ocr_carea' id='block_1_26' title="bbox 1818 1145 3386 1217">
    <p class='ocr_par' dir='ltr' id='par_1_26' title="bbox 1818 1145 3386 1217">
     <span class='ocr_line' id='line_1_26' title="bbox 1818 1145 3386 1217; baseline -0.004 -16"><span class='ocrx_word' id='word_1_177' title='bbox 1818 1148 2041 1203; x_wconf 86' lang='lat' dir='ltr'><strong>virtutis</strong></span> <span class='ocrx_word' id='word_1_178' title='bbox 2083 1166 2215 1211; x_wconf 73' lang='lat' dir='ltr'><strong>suze.</strong></span> <span class='ocrx_word' id='word_1_179' title='bbox 2265 1149 2473 1217; x_wconf 89' lang='lat' dir='ltr'><strong>angelis</strong></span> <span class='ocrx_word' id='word_1_180' title='bbox 2517 1148 2861 1217; x_wconf 68' lang='lat' dir='ltr'><strong>praestantior</strong></span> <span class='ocrx_word' id='word_1_181' title='bbox 2898 1145 3182 1200; x_wconf 79' lang='lat' dir='ltr'><strong>effectus&quot;</strong></span> <span class='ocrx_word' id='word_1_182' title='bbox 3214 1164 3232 1196; x_wconf 77' lang='grc' dir='ltr'><strong>ι</strong></span> <span class='ocrx_word' id='word_1_183' title='bbox 3266 1160 3386 1214; x_wconf 88' lang='lat' dir='ltr'><strong>per-</strong></span> 
     </span>
    </p>
   </div>
   <div class='ocr_carea' id='block_1_27' title="bbox 1820 1238 3383 1309">
    <p class='ocr_par' dir='ltr' id='par_1_27' title="bbox 1820 1238 3383 1309">
     <span class='ocr_line' id='line_1_27' title="bbox 1820 1238 3383 1309; baseline -0.006 -13"><span class='ocrx_word' id='word_1_184' title='bbox 1820 1242 2079 1296; x_wconf 84' lang='lat' dir='ltr'><strong>hibetur:</strong></span> <span class='ocrx_word' id='word_1_185' title='bbox 2114 1241 2349 1295; x_wconf 76' lang='lat' dir='ltr'><strong>fortasse</strong></span> <span class='ocrx_word' id='word_1_186' title='bbox 2380 1241 2527 1309; x_wconf 83' lang='lat' dir='ltr'><strong>quia,</strong></span> <span class='ocrx_word' id='word_1_187' title='bbox 2564 1249 2621 1293; x_wconf 91' lang='lat' dir='ltr'><strong>ut</strong></span> <span class='ocrx_word' id='word_1_188' title='bbox 2659 1239 2915 1302; x_wconf 81' lang='lat' dir='ltr'><strong>arbitror,</strong></span> <span class='ocrx_word' id='word_1_189' title='bbox 2945 1239 3121 1292; x_wconf 91' lang='lat' dir='ltr'><strong>minus</strong></span> <span class='ocrx_word' id='word_1_190' title='bbox 3156 1238 3383 1306; x_wconf 84' lang='lat' dir='ltr'><strong>accepit,</strong></span> 
     </span>
    </p>
   </div>
   <div class='ocr_carea' id='block_1_28' title="bbox 1818 1329 3383 1404">
    <p class='ocr_par' dir='ltr' id='par_1_28' title="bbox 1818 1329 3383 1404">
     <span class='ocr_line' id='line_1_28' title="bbox 1818 1329 3383 1404; baseline -0.001 -19"><span class='ocrx_word' id='word_1_191' title='bbox 1818 1333 2032 1404; x_wconf 85' lang='lat' dir='ltr'><strong>quando</strong></span> <span class='ocrx_word' id='word_1_192' title='bbox 2061 1334 2307 1402; x_wconf 82' lang='lat' dir='ltr'><strong>apparuit</strong></span> <span class='ocrx_word' id='word_1_193' title='bbox 2336 1332 2511 1387; x_wconf 79' lang='lat' dir='ltr'><strong>factus</strong></span> <span class='ocrx_word' id='word_1_194' title='bbox 2558 1332 2740 1386; x_wconf 92' lang='lat' dir='ltr'><strong>homo.</strong></span> <span class='ocrx_word' id='word_1_195' title='bbox 2778 1330 3048 1399; x_wconf 88' lang='lat' dir='ltr'><strong>Scriptum</strong></span> <span class='ocrx_word' id='word_1_196' title='bbox 3086 1341 3169 1383; x_wconf 88' lang='lat' dir='ltr'><strong>est</strong></span> <span class='ocrx_word' id='word_1_197' title='bbox 3198 1329 3341 1383; x_wconf 89' lang='lat' dir='ltr'><strong>enim</strong></span> <span class='ocrx_word' id='word_1_198' title='bbox 3369 1349 3383 1384; x_wconf 91' lang='lat'><strong>:</strong></span> 
     </span>
    </p>
   </div>
   <div class='ocr_carea' id='block_1_29' title="bbox 1824 1422 3384 1494">
    <p class='ocr_par' dir='ltr' id='par_1_29' title="bbox 1824 1422 3384 1494">
     <span class='ocr_line' id='line_1_29' title="bbox 1824 1422 3384 1494; baseline -0.004 -14"><span class='ocrx_word' id='word_1_199' title='bbox 1824 1448 1842 1480; x_wconf 76' lang='grc' dir='ltr'><strong>ι</strong></span> <span class='ocrx_word' id='word_1_200' title='bbox 1877 1429 2010 1481; x_wconf 86' lang='lat' dir='ltr'><strong>Eum</strong></span> <span class='ocrx_word' id='word_1_201' title='bbox 2067 1427 2157 1494; x_wconf 89' lang='lat' dir='ltr'><strong>qui</strong></span> <span class='ocrx_word' id='word_1_202' title='bbox 2212 1426 2423 1479; x_wconf 89' lang='lat' dir='ltr'><strong>modico</strong></span> <span class='ocrx_word' id='word_1_203' title='bbox 2478 1440 2639 1493; x_wconf 92' lang='lat' dir='ltr'><strong>quam</strong></span> <span class='ocrx_word' id='word_1_204' title='bbox 2687 1422 2883 1491; x_wconf 88' lang='lat' dir='ltr'><strong>angeli,</strong></span> <span class='ocrx_word' id='word_1_205' title='bbox 2936 1422 3235 1478; x_wconf 87' lang='lat' dir='ltr'><strong>minoratus</strong></span> <span class='ocrx_word' id='word_1_206' title='bbox 3283 1431 3384 1479; x_wconf 90' lang='lat' dir='ltr'><strong>est.</strong></span> 
     </span>
    </p>
   </div>
   <div class='ocr_carea' id='block_1_30' title="bbox 1822 1512 3390 1585">
    <p class='ocr_par' dir='ltr' id='par_1_30' title="bbox 1822 1512 3390 1585">
     <span class='ocr_line' id='line_1_30' title="bbox 1822 1512 3390 1585; baseline -0.004 -13"><span class='ocrx_word' id='word_1_207' title='bbox 1822 1521 2069 1575; x_wconf 90' lang='lat' dir='ltr'><strong>videmus</strong></span> <span class='ocrx_word' id='word_1_208' title='bbox 2093 1516 2276 1571; x_wconf 82' lang='lat' dir='ltr'><strong>Jesum</strong></span> <span class='ocrx_word' id='word_1_209' title='bbox 2312 1527 2531 1585; x_wconf 84' lang='lat' dir='ltr'><strong>propter</strong></span> <span class='ocrx_word' id='word_1_210' title='bbox 2560 1516 2862 1585; x_wconf 86' lang='lat' dir='ltr'><strong>passionem</strong></span> <span class='ocrx_word' id='word_1_211' title='bbox 2898 1514 3107 1574; x_wconf 79' lang='lat' dir='ltr'><strong>mortis,</strong></span> <span class='ocrx_word' id='word_1_212' title='bbox 3141 1512 3307 1581; x_wconf 77' lang='lat' dir='ltr'><strong>gloria</strong></span> <span class='ocrx_word' id='word_1_213' title='bbox 3334 1520 3390 1566; x_wconf 87' lang='lat' dir='ltr'><strong>ct</strong></span> 
     </span>
    </p>
   </div>
   <div class='ocr_carea' id='block_1_31' title="bbox 1822 1603 3389 1675">
    <p class='ocr_par' dir='ltr' id='par_1_31' title="bbox 1822 1603 3389 1675">
     <span class='ocr_line' id='line_1_31' title="bbox 1822 1603 3389 1675; baseline -0.005 -10"><span class='ocrx_word' id='word_1_214' title='bbox 1822 1611 2028 1665; x_wconf 90' lang='lat' dir='ltr'><strong>honore</strong></span> <span class='ocrx_word' id='word_1_215' title='bbox 2063 1617 2382 1664; x_wconf 90' lang='lat' dir='ltr'><strong>coronatum</strong></span> <span class='ocrx_word' id='word_1_216' title='bbox 2400 1610 2467 1660; x_wconf 78' lang='grc' dir='ltr'><strong>⁸ο.</strong></span> <span class='ocrx_word' id='word_1_217' title='bbox 2502 1627 2519 1660; x_wconf 80' lang='grc' dir='ltr'><strong>ι</strong></span> <span class='ocrx_word' id='word_1_218' title='bbox 2559 1606 2665 1661; x_wconf 88' lang='lat' dir='ltr'><strong>Sed</strong></span> <span class='ocrx_word' id='word_1_219' title='bbox 2714 1606 2951 1675; x_wconf 84' lang='lat' dir='ltr'><strong>nunquid</strong></span> <span class='ocrx_word' id='word_1_220' title='bbox 2981 1605 3215 1659; x_wconf 80' lang='lat' dir='ltr'><strong>Verbum</strong></span> <span class='ocrx_word' id='word_1_221' title='bbox 3246 1603 3389 1671; x_wconf 87' lang='lat' dir='ltr'><strong>quod</strong></span> 
     </span>
    </p>
   </div>
   <div class='ocr_carea' id='block_1_32' title="bbox 1820 1696 3390 1762">
    <p class='ocr_par' dir='ltr' id='par_1_32' title="bbox 1820 1696 3390 1762">
     <span class='ocr_line' id='line_1_32' title="bbox 1820 1696 3390 1762; baseline -0.003 -6"><span class='ocrx_word' id='word_1_222' title='bbox 1820 1718 1885 1756; x_wconf 75' lang='lat' dir='ltr'><strong>ex</strong></span> <span class='ocrx_word' id='word_1_223' title='bbox 1938 1699 2099 1755; x_wconf 88' lang='lat' dir='ltr'><strong>Patre</strong></span> <span class='ocrx_word' id='word_1_224' title='bbox 2152 1710 2338 1755; x_wconf 85' lang='lat' dir='ltr'><strong>natum</strong></span> <span class='ocrx_word' id='word_1_225' title='bbox 2388 1711 2493 1762; x_wconf 87' lang='lat' dir='ltr'><strong>est,</strong></span> <span class='ocrx_word' id='word_1_226' title='bbox 2538 1700 2607 1754; x_wconf 83' lang='lat' dir='ltr'><strong>ob</strong></span> <span class='ocrx_word' id='word_1_227' title='bbox 2658 1699 2708 1752; x_wconf 91' lang='lat' dir='ltr'><strong>id</strong></span> <span class='ocrx_word' id='word_1_228' title='bbox 2761 1698 2829 1751; x_wconf 88' lang='lat' dir='ltr'><strong>ab</strong></span> <span class='ocrx_word' id='word_1_229' title='bbox 2865 1697 3155 1752; x_wconf 87' lang='lat' dir='ltr'><strong>eminentia</strong></span> <span class='ocrx_word' id='word_1_230' title='bbox 3195 1696 3280 1749; x_wconf 89' lang='lat' dir='ltr'><strong>illa</strong></span> <span class='ocrx_word' id='word_1_231' title='bbox 3334 1703 3390 1751; x_wconf 76' lang='lat' dir='ltr'><strong>et</strong></span> 
     </span>
    </p>
   </div>
   <div class='ocr_carea' id='block_1_33' title="bbox 1822 1790 3390 1863">
    <p class='ocr_par' dir='ltr' id='par_1_33' title="bbox 1822 1790 3390 1863">
     <span class='ocr_line' id='line_1_33' title="bbox 1822 1790 3390 1863; baseline -0.004 -15"><span class='ocrx_word' id='word_1_232' title='bbox 1822 1793 2107 1863; x_wconf 78' lang='lat' dir='ltr'><strong>dignitate,</strong></span> <span class='ocrx_word' id='word_1_233' title='bbox 2144 1808 2264 1862; x_wconf 74' lang='lat' dir='ltr'><strong>quae</strong></span> <span class='ocrx_word' id='word_1_234' title='bbox 2305 1792 2668 1846; x_wconf 83' lang='lat' dir='ltr'><strong>essentialiter</strong></span> <span class='ocrx_word' id='word_1_235' title='bbox 2697 1792 2748 1844; x_wconf 92' lang='lat' dir='ltr'><strong>in</strong></span> <span class='ocrx_word' id='word_1_236' title='bbox 2788 1790 2915 1843; x_wconf 87' lang='lat' dir='ltr'><strong>illud</strong></span> <span class='ocrx_word' id='word_1_237' title='bbox 2946 1790 3218 1851; x_wconf 87' lang='lat' dir='ltr'><strong>convenit,</strong></span> <span class='ocrx_word' id='word_1_238' title='bbox 3257 1800 3390 1842; x_wconf 90' lang='lat' dir='ltr'><strong>nec-</strong></span> 
     </span>
    </p>
   </div>
   <div class='ocr_carea' id='block_1_34' title="bbox 143 1853 1719 1950">
    <p class='ocr_par' dir='ltr' id='par_1_34' title="bbox 143 1853 1717 1950">
     <span class='ocr_line' id='line_1_34' title="bbox 143 1853 1717 1950; baseline 0.007 -25"><span class='ocrx_word' id='word_1_239' title='bbox 143 1864 256 1927; x_wconf 80' lang='grc' dir='ltr'>οῦν.</span> <span class='ocrx_word' id='word_1_240' title='bbox 291 1853 465 1943; x_wconf 78' lang='grc' dir='ltr'>Οἶμαι</span> <span class='ocrx_word' id='word_1_241' title='bbox 490 1853 599 1945; x_wconf 66' lang='grc' dir='ltr'><strong>γαρ</strong></span> <span class='ocrx_word' id='word_1_242' title='bbox 626 1853 756 1941; x_wconf 78' lang='grc' dir='ltr'>δεῖν,</span> <span class='ocrx_word' id='word_1_243' title='bbox 783 1853 904 1929; x_wconf 77' lang='grc' dir='ltr'>οῦτε</span> <span class='ocrx_word' id='word_1_244' title='bbox 928 1853 1033 1931; x_wconf 77' lang='grc' dir='ltr'>τῶν</span> <span class='ocrx_word' id='word_1_245' title='bbox 1058 1853 1413 1950; x_wconf 73' lang='grc' dir='ltr'><strong>ἀνθρωπίνων</strong></span> <span class='ocrx_word' id='word_1_246' title='bbox 1441 1853 1717 1935; x_wconf 55' lang='grc' dir='ltr'>ἀπαλλάτ-</span> 
     </span>
    </p>
   </div>
   <div class='ocr_carea' id='block_1_35' title="bbox 1821 1853 3387 1950">
    <p class='ocr_par' dir='ltr' id='par_1_35' title="bbox 1822 1880 3387 1944">
     <span class='ocr_line' id='line_1_35' title="bbox 1822 1880 3387 1944; baseline -0.003 -5"><span class='ocrx_word' id='word_1_247' title='bbox 1822 1900 1927 1939; x_wconf 91' lang='lat' dir='ltr'><strong>non</strong></span> <span class='ocrx_word' id='word_1_248' title='bbox 1960 1886 2030 1938; x_wconf 80' lang='lat' dir='ltr'><strong>ab</strong></span> <span class='ocrx_word' id='word_1_249' title='bbox 2072 1895 2261 1939; x_wconf 79' lang='lat' dir='ltr'><strong>exacta</strong></span> <span class='ocrx_word' id='word_1_250' title='bbox 2306 1882 2394 1936; x_wconf 93' lang='lat' dir='ltr'><strong>illa</strong></span> <span class='ocrx_word' id='word_1_251' title='bbox 2426 1882 2609 1937; x_wconf 85' lang='lat' dir='ltr'><strong>Patris</strong></span> <span class='ocrx_word' id='word_1_252' title='bbox 2636 1881 2992 1938; x_wconf 86' lang='lat' dir='ltr'><strong>similitudine</strong></span> <span class='ocrx_word' id='word_1_253' title='bbox 3019 1880 3387 1944; x_wconf 82' lang='lat' dir='ltr'><strong>excludcmus,</strong></span> 
     </span>
    </p>
   </div>
   <div class='ocr_carea' id='block_1_36' title="bbox 144 1964 1719 2044">
    <p class='ocr_par' dir='ltr' id='par_1_36' title="bbox 144 1964 1719 2044">
     <span class='ocr_line' id='line_1_36' title="bbox 144 1964 1719 2044; baseline 0.001 -29"><span class='ocrx_word' id='word_1_254' title='bbox 144 1979 257 2017; x_wconf 87' lang='grc' dir='ltr'>τειν</span> <span class='ocrx_word' id='word_1_255' title='bbox 299 1964 581 2029; x_wconf 83' lang='grc' dir='ltr'>παντελῶς</span> <span class='ocrx_word' id='word_1_256' title='bbox 625 1965 714 2018; x_wconf 82' lang='grc' dir='ltr'><strong>τὸν</strong></span> <span class='ocrx_word' id='word_1_257' title='bbox 761 1970 825 2020; x_wconf 82' lang='grc' dir='ltr'>ὲκ</span> <span class='ocrx_word' id='word_1_258' title='bbox 862 1968 997 2021; x_wconf 84' lang='grc' dir='ltr'><strong>Θεοῦ</strong></span> <span class='ocrx_word' id='word_1_259' title='bbox 1048 1971 1220 2037; x_wconf 89' lang='grc' dir='ltr'>Λόγον</span> <span class='ocrx_word' id='word_1_260' title='bbox 1268 1973 1407 2041; x_wconf 78' lang='grc' dir='ltr'>μετὰ</span> <span class='ocrx_word' id='word_1_261' title='bbox 1441 1976 1539 2044; x_wconf 77' lang='grc' dir='ltr'><strong>τὴν</strong></span> <span class='ocrx_word' id='word_1_262' title='bbox 1583 1974 1719 2044; x_wconf 73' lang='grc' dir='ltr'>πρὸς</span> 
     </span>
    </p>
   </div>
   <div class='ocr_carea' id='block_1_37' title="bbox 147 2055 1721 2135">
    <p class='ocr_par' dir='ltr' id='par_1_37' title="bbox 147 2055 1721 2135">
     <span class='ocr_line' id='line_1_37' title="bbox 147 2055 1721 2135; baseline 0.009 -28"><span class='ocrx_word' id='word_1_263' title='bbox 147 2055 325 2125; x_wconf 77' lang='grc' dir='ltr'>σάρκα</span> <span class='ocrx_word' id='word_1_264' title='bbox 377 2056 630 2120; x_wconf 81' lang='grc' dir='ltr'>σύνοδον,</span> <span class='ocrx_word' id='word_1_265' title='bbox 679 2057 803 2111; x_wconf 80' lang='grc' dir='ltr'>οὔτε</span> <span class='ocrx_word' id='word_1_266' title='bbox 857 2060 964 2131; x_wconf 83' lang='grc' dir='ltr'>μὴν</span> <span class='ocrx_word' id='word_1_267' title='bbox 1018 2062 1176 2131; x_wconf 79' lang='grc' dir='ltr'>δόξης</span> <span class='ocrx_word' id='word_1_268' title='bbox 1228 2065 1327 2135; x_wconf 83' lang='grc' dir='ltr'>τῆς</span> <span class='ocrx_word' id='word_1_269' title='bbox 1386 2065 1721 2135; x_wconf 79' lang='grc' dir='ltr'>θεοπρεποῦς</span> 
     </span>
    </p>
   </div>
   <div class='ocr_carea' id='block_1_38' title="bbox 145 2146 1719 2226">
    <p class='ocr_par' dir='ltr' id='par_1_38' title="bbox 145 2146 1719 2226">
     <span class='ocr_line' id='line_1_38' title="bbox 145 2146 1719 2226; baseline 0.01 -28"><span class='ocrx_word' id='word_1_270' title='bbox 145 2146 468 2219; x_wconf 76' lang='grc' dir='ltr'>ἀποστερεῖν</span> <span class='ocrx_word' id='word_1_271' title='bbox 492 2148 555 2201; x_wconf 84' lang='grc' dir='ltr'><strong>τὸ</strong></span> <span class='ocrx_word' id='word_1_272' title='bbox 581 2148 941 2217; x_wconf 86' lang='grc' dir='ltr'>ἀνθρώπινον,</span> <span class='ocrx_word' id='word_1_273' title='bbox 986 2156 1034 2206; x_wconf 86' lang='grc' dir='ltr'><strong>εί</strong></span> <span class='ocrx_word' id='word_1_274' title='bbox 1078 2155 1135 2208; x_wconf 81' lang='grc' dir='ltr'><strong>ὲν</strong></span> <span class='ocrx_word' id='word_1_275' title='bbox 1178 2155 1399 2226; x_wconf 84' lang='grc' dir='ltr'>Χριστῷ</span> <span class='ocrx_word' id='word_1_276' title='bbox 1423 2160 1595 2212; x_wconf 81' lang='grc' dir='ltr'>νοοῖτο</span> <span class='ocrx_word' id='word_1_277' title='bbox 1625 2159 1719 2213; x_wconf 81' lang='grc' dir='ltr'>καὶ</span> 
     </span>
    </p>
   </div>
   <div class='ocr_carea' id='block_1_39' title="bbox 143 2236 376 2306">
    <p class='ocr_par' dir='ltr' id='par_1_39' title="bbox 143 2236 376 2306">
     <span class='ocr_line' id='line_1_39' title="bbox 143 2236 376 2306; baseline 0 -15"><span class='ocrx_word' id='word_1_278' title='bbox 143 2236 376 2306; x_wconf 78' lang='grc' dir='ltr'><strong>λέγοιτο.</strong></span> 
     </span>
    </p>
   </div>
   <div class='ocr_carea' id='block_1_40' title="bbox 1818 1970 3389 2045">
    <p class='ocr_par' dir='ltr' id='par_1_40' title="bbox 1818 1970 3389 2045">
     <span class='ocr_line' id='line_1_40' title="bbox 1818 1970 3389 2045; baseline -0.004 -16"><span class='ocrx_word' id='word_1_279' title='bbox 1818 1975 1964 2045; x_wconf 89' lang='lat' dir='ltr'><strong>quod</strong></span> <span class='ocrx_word' id='word_1_280' title='bbox 2016 1974 2311 2029; x_wconf 90' lang='lat' dir='ltr'><strong>secundum</strong></span> <span class='ocrx_word' id='word_1_281' title='bbox 2365 1972 2789 2043; x_wconf 79' lang='lat' dir='ltr'><strong>dispensationis</strong></span> <span class='ocrx_word' id='word_1_282' title='bbox 2846 1985 3163 2026; x_wconf 77' lang='lat' dir='ltr'><strong>mensuram.</strong></span> <span class='ocrx_word' id='word_1_283' title='bbox 3211 1970 3389 2023; x_wconf 91' lang='lat' dir='ltr'><strong>animo</strong></span> 
     </span>
    </p>
   </div>
   <div class='ocr_carea' id='block_1_41' title="bbox 1817 2060 3389 2137">
    <p class='ocr_par' dir='ltr' id='par_1_41' title="bbox 1817 2060 3389 2137">
     <span class='ocr_line' id='line_1_41' title="bbox 1817 2060 3389 2137; baseline -0.005 -13"><span class='ocrx_word' id='word_1_284' title='bbox 1817 2077 2165 2137; x_wconf 87' lang='lat' dir='ltr'><strong>conceptum,</strong></span> <span class='ocrx_word' id='word_1_285' title='bbox 2214 2066 2529 2135; x_wconf 82' lang='lat' dir='ltr'><strong>angelorum</strong></span> <span class='ocrx_word' id='word_1_286' title='bbox 2576 2065 2803 2133; x_wconf 86' lang='lat' dir='ltr'><strong>gloriam</strong></span> <span class='ocrx_word' id='word_1_287' title='bbox 2841 2079 2946 2117; x_wconf 92' lang='lat' dir='ltr'><strong>non</strong></span> <span class='ocrx_word' id='word_1_288' title='bbox 2994 2060 3250 2132; x_wconf 87' lang='lat' dir='ltr'><strong>attingit?</strong></span> <span class='ocrx_word' id='word_1_289' title='bbox 3279 2061 3389 2122; x_wconf 71' lang='lat' dir='ltr'><strong>Ne,-</strong></span> 
     </span>
    </p>
   </div>
   <div class='ocr_carea' id='block_1_42' title="bbox 1818 2153 3396 2229">
    <p class='ocr_par' dir='ltr' id='par_1_42' title="bbox 1818 2153 3396 2229">
     <span class='ocr_line' id='line_1_42' title="bbox 1818 2153 3396 2229; baseline -0.003 -18"><span class='ocrx_word' id='word_1_290' title='bbox 1818 2173 2129 2229; x_wconf 87' lang='lat' dir='ltr'><strong>quaquam:</strong></span> <span class='ocrx_word' id='word_1_291' title='bbox 2162 2157 2400 2210; x_wconf 84' lang='lat' dir='ltr'><strong>arbitror</strong></span> <span class='ocrx_word' id='word_1_292' title='bbox 2448 2157 2591 2208; x_wconf 87' lang='lat' dir='ltr'><strong>enim</strong></span> <span class='ocrx_word' id='word_1_293' title='bbox 2628 2154 2719 2209; x_wconf 85' lang='lat' dir='ltr'><strong>Dei</strong></span> <span class='ocrx_word' id='word_1_294' title='bbox 2749 2153 2985 2209; x_wconf 81' lang='lat' dir='ltr'><strong>Verbum</strong></span> <span class='ocrx_word' id='word_1_295' title='bbox 3017 2162 3135 2222; x_wconf 84' lang='lat' dir='ltr'><strong>post</strong></span> <span class='ocrx_word' id='word_1_296' title='bbox 3179 2168 3396 2207; x_wconf 84' lang='lat' dir='ltr'><strong>assum-_</strong></span> 
     </span>
    </p>
   </div>
   <div class='ocr_carea' id='block_1_43' title="bbox 1820 2242 3391 2320">
    <p class='ocr_par' dir='ltr' id='par_1_43' title="bbox 1820 2242 3391 2320">
     <span class='ocr_line' id='line_1_43' title="bbox 1820 2242 3391 2320; baseline -0.004 -18"><span class='ocrx_word' id='word_1_297' title='bbox 1820 2260 1964 2320; x_wconf 88' lang='lat' dir='ltr'><strong>ptam</strong></span> <span class='ocrx_word' id='word_1_298' title='bbox 2006 2248 2171 2303; x_wconf 86' lang='lat' dir='ltr'><strong>semel</strong></span> <span class='ocrx_word' id='word_1_299' title='bbox 2207 2262 2447 2309; x_wconf 91' lang='lat' dir='ltr'><strong>carnem,</strong></span> <span class='ocrx_word' id='word_1_300' title='bbox 2481 2246 2549 2298; x_wconf 93' lang='lat' dir='ltr'><strong>ab</strong></span> <span class='ocrx_word' id='word_1_301' title='bbox 2587 2246 2835 2299; x_wconf 71' lang='lat' dir='ltr'><strong>humanae</strong></span> <span class='ocrx_word' id='word_1_302' title='bbox 2877 2255 3081 2297; x_wconf 72' lang='lat' dir='ltr'><strong>natura:</strong></span> <span class='ocrx_word' id='word_1_303' title='bbox 3127 2242 3391 2297; x_wconf 90' lang='lat' dir='ltr'><strong>conditio-</strong></span> 
     </span>
    </p>
   </div>
   <div class='ocr_carea' id='block_1_44' title="bbox 146 2332 3391 2413">
    <p class='ocr_par' dir='ltr' id='par_1_44' title="bbox 146 2332 3391 2413">
     <span class='ocr_line' id='line_1_44' title="bbox 146 2332 3391 2413; baseline 0.001 -28"><span class='ocrx_word' id='word_1_304' title='bbox 146 2332 303 2387; x_wconf 88' lang='lat' dir='ltr'><strong>nibus</strong></span> <span class='ocrx_word' id='word_1_305' title='bbox 328 2333 436 2403; x_wconf 69' lang='lat'><strong>25</strong></span> <span class='ocrx_word' id='word_1_306' title='bbox 465 2349 572 2389; x_wconf 87' lang='lat' dir='ltr'><strong>non</strong></span> <span class='ocrx_word' id='word_1_307' title='bbox 621 2350 741 2391; x_wconf 86' lang='lat' dir='ltr'><strong>esse</strong></span> <span class='ocrx_word' id='word_1_308' title='bbox 794 2338 1008 2406; x_wconf 88' lang='lat' dir='ltr'><strong>penitus</strong></span> <span class='ocrx_word' id='word_1_309' title='bbox 1055 2339 1483 2409; x_wconf 81' lang='lat' dir='ltr'><strong>excludendum;</strong></span> <span class='ocrx_word' id='word_1_310' title='bbox 1544 2359 1718 2413; x_wconf 81' lang='lat' dir='ltr'><strong>neque</strong></span> <span class='ocrx_word' id='word_1_311' title='bbox 1756 2342 2077 2398; x_wconf 85' lang='lat' dir='ltr'><strong>humanitati</strong></span> <span class='ocrx_word' id='word_1_312' title='bbox 2153 2355 2390 2405; x_wconf 81' lang='lat' dir='ltr'><strong>rursum,</strong></span> <span class='ocrx_word' id='word_1_313' title='bbox 2420 2339 2488 2403; x_wconf 89' lang='lat' dir='ltr'><strong>si,</strong></span> <span class='ocrx_word' id='word_1_314' title='bbox 2524 2347 2582 2391; x_wconf 93' lang='lat' dir='ltr'><strong>ut</strong></span> <span class='ocrx_word' id='word_1_315' title='bbox 2624 2338 2677 2391; x_wconf 93' lang='lat' dir='ltr'><strong>in</strong></span> <span class='ocrx_word' id='word_1_316' title='bbox 2715 2336 2937 2391; x_wconf 84' lang='lat' dir='ltr'><strong>Christo</strong></span> <span class='ocrx_word' id='word_1_317' title='bbox 3010 2344 3111 2401; x_wconf 91' lang='lat' dir='ltr'><strong>est,</strong></span> <span class='ocrx_word' id='word_1_318' title='bbox 3138 2333 3391 2391; x_wconf 89' lang='lat' dir='ltr'><strong>conside-</strong></span> 
     </span>
    </p>
   </div>
   <div class='ocr_carea' id='block_1_45' title="bbox 146 2423 1709 2497">
    <p class='ocr_par' dir='ltr' id='par_1_45' title="bbox 146 2423 1709 2497">
     <span class='ocr_line' id='line_1_45' title="bbox 146 2423 1709 2497; baseline 0.007 -23"><span class='ocrx_word' id='word_1_319' title='bbox 146 2430 313 2487; x_wconf 85' lang='lat' dir='ltr'><strong>retur,</strong></span> <span class='ocrx_word' id='word_1_320' title='bbox 341 2423 592 2491; x_wconf 85' lang='lat' dir='ltr'><strong>gloriam,</strong></span> <span class='ocrx_word' id='word_1_321' title='bbox 623 2438 741 2492; x_wconf 73' lang='lat' dir='ltr'><strong>qua:</strong></span> <span class='ocrx_word' id='word_1_322' title='bbox 771 2426 935 2478; x_wconf 90' lang='lat' dir='ltr'><strong>Deum</strong></span> <span class='ocrx_word' id='word_1_323' title='bbox 968 2429 1142 2490; x_wconf 89' lang='lat' dir='ltr'><strong>decet,</strong></span> <span class='ocrx_word' id='word_1_324' title='bbox 1174 2428 1543 2497; x_wconf 85' lang='lat' dir='ltr'><strong>denegandam</strong></span> <span class='ocrx_word' id='word_1_325' title='bbox 1571 2448 1709 2486; x_wconf 86' lang='lat' dir='ltr'><strong>esse.</strong></span> 
     </span>
    </p>
   </div>
   <div class='ocr_carea' id='block_1_46' title="bbox 212 2514 1744 2590">
    <p class='ocr_par' dir='ltr' id='par_1_46' title="bbox 212 2514 1744 2590">
     <span class='ocr_line' id='line_1_46' title="bbox 212 2514 1744 2590; baseline 0.008 -24"><span class='ocrx_word' id='word_1_326' title='bbox 212 2514 352 2567; x_wconf 82' lang='lat' dir='ltr'><strong>KH&#39;.</strong></span> <span class='ocrx_word' id='word_1_327' title='bbox 393 2514 541 2584; x_wconf 78' lang='grc' dir='ltr'>Πλὴν</span> <span class='ocrx_word' id='word_1_328' title='bbox 566 2515 932 2585; x_wconf 80' lang='grc' dir='ltr'>ἐρησομένους</span> <span class='ocrx_word' id='word_1_329' title='bbox 980 2518 1079 2571; x_wconf 84' lang='grc' dir='ltr'><strong>οὐκ</strong></span> <span class='ocrx_word' id='word_1_330' title='bbox 1122 2519 1367 2590; x_wconf 70' lang='grc' dir='ltr'>ἠγνόησὰ</span> <span class='ocrx_word' id='word_1_331' title='bbox 1408 2539 1557 2586; x_wconf 88' lang='grc' dir='ltr'>τινας</span> <span class='ocrx_word' id='word_1_332' title='bbox 1581 2540 1594 2555; x_wconf 84' lang='lat'><strong>&#39;</strong></span> <span class='ocrx_word' id='word_1_333' title='bbox 1622 2523 1744 2587; x_wconf 86' lang='grc' dir='ltr'>Τίς,</span> 
     </span>
    </p>
   </div>
   <div class='ocr_carea' id='block_1_47' title="bbox 144 2600 1723 2677">
    <p class='ocr_par' dir='ltr' id='par_1_47' title="bbox 144 2600 1723 2677">
     <span class='ocr_line' id='line_1_47' title="bbox 144 2600 1723 2677; baseline 0.009 -26"><span class='ocrx_word' id='word_1_334' title='bbox 144 2600 207 2670; x_wconf 84' lang='grc' dir='ltr'>δὴ</span> <span class='ocrx_word' id='word_1_335' title='bbox 233 2600 341 2670; x_wconf 75' lang='grc' dir='ltr'>ἄρα</span> <span class='ocrx_word' id='word_1_336' title='bbox 367 2602 515 2653; x_wconf 74' lang='grc' dir='ltr'>ἐστὶν</span> <span class='ocrx_word' id='word_1_337' title='bbox 542 2602 757 2673; x_wconf 84' lang='grc' dir='ltr'>ἀληθῶς</span> <span class='ocrx_word' id='word_1_338' title='bbox 789 2602 997 2673; x_wconf 87' lang='grc' dir='ltr'>Ἰησοῦς</span> <span class='ocrx_word' id='word_1_339' title='bbox 1030 2606 1292 2677; x_wconf 85' lang='grc' dir='ltr'>Χριστός;</span> <span class='ocrx_word' id='word_1_340' title='bbox 1322 2609 1349 2661; x_wconf 88' lang='grc' dir='ltr'><strong>ό</strong></span> <span class='ocrx_word' id='word_1_341' title='bbox 1373 2610 1437 2662; x_wconf 84' lang='grc' dir='ltr'>ὲκ</span> <span class='ocrx_word' id='word_1_342' title='bbox 1464 2612 1723 2677; x_wconf 81' lang='grc' dir='ltr'>γυναικὸς</span> 
     </span>
    </p>
   </div>
   <div class='ocr_carea' id='block_1_48' title="bbox 146 2692 1724 2774">
    <p class='ocr_par' dir='ltr' id='par_1_48' title="bbox 146 2692 1724 2774">
     <span class='ocr_line' id='line_1_48' title="bbox 146 2692 1724 2774; baseline 0.007 -29"><span class='ocrx_word' id='word_1_343' title='bbox 146 2692 453 2763; x_wconf 80' lang='grc' dir='ltr'>ἄνθρωπος,</span> <span class='ocrx_word' id='word_1_344' title='bbox 488 2694 654 2764; x_wconf 71' lang='grc' dir='ltr'>ἦγουν</span> <span class='ocrx_word' id='word_1_345' title='bbox 682 2696 711 2747; x_wconf 88' lang='lat'><strong>6</strong></span> <span class='ocrx_word' id='word_1_346' title='bbox 746 2696 810 2747; x_wconf 81' lang='grc' dir='ltr'>ἐκ</span> <span class='ocrx_word' id='word_1_347' title='bbox 835 2694 970 2752; x_wconf 83' lang='grc' dir='ltr'>Θεοῦ</span> <span class='ocrx_word' id='word_1_348' title='bbox 1003 2697 1206 2765; x_wconf 84' lang='grc' dir='ltr'>Λόγος;</span> <span class='ocrx_word' id='word_1_349' title='bbox 1247 2701 1358 2753; x_wconf 73' lang='grc' dir='ltr'><strong>Καὶ</strong></span> <span class='ocrx_word' id='word_1_350' title='bbox 1384 2702 1588 2771; x_wconf 72' lang='grc' dir='ltr'>ἠλίθιον</span> <span class='ocrx_word' id='word_1_351' title='bbox 1624 2704 1724 2774; x_wconf 84' lang='grc' dir='ltr'><strong>μὲν</strong></span> 
     </span>
    </p>
   </div>
   <div class='ocr_carea' id='block_1_49' title="bbox 147 2785 1723 2863">
    <p class='ocr_par' dir='ltr' id='par_1_49' title="bbox 147 2785 1723 2863">
     <span class='ocr_line' id='line_1_49' title="bbox 147 2785 1723 2863; baseline 0.006 -27"><span class='ocrx_word' id='word_1_352' title='bbox 147 2785 338 2855; x_wconf 73' lang='grc' dir='ltr'>κομιδῇ</span> <span class='ocrx_word' id='word_1_353' title='bbox 402 2785 463 2838; x_wconf 78' lang='grc' dir='ltr'><strong>τὸ</strong></span> <span class='ocrx_word' id='word_1_354' title='bbox 527 2785 889 2839; x_wconf 80' lang='grc' dir='ltr'>διατείνεσθαι</span> <span class='ocrx_word' id='word_1_355' title='bbox 946 2789 1211 2858; x_wconf 72' lang='grc' dir='ltr'>περιττὰ,</span> <span class='ocrx_word' id='word_1_356' title='bbox 1268 2792 1361 2843; x_wconf 76' lang='grc' dir='ltr'><strong>καὶ</strong></span> <span class='ocrx_word' id='word_1_357' title='bbox 1423 2793 1723 2863; x_wconf 75' lang='grc' dir='ltr'>φληνάφοις</span> 
     </span>
    </p>
   </div>
   <div class='ocr_carea' id='block_1_50' title="bbox 146 2873 1723 2953">
    <p class='ocr_par' dir='ltr' id='par_1_50' title="bbox 146 2873 1723 2953">
     <span class='ocr_line' id='line_1_50' title="bbox 146 2873 1723 2953; baseline 0.008 -28"><span class='ocrx_word' id='word_1_358' title='bbox 146 2873 518 2945; x_wconf 78' lang='grc' dir='ltr'>εῖκαιομύθοις</span> <span class='ocrx_word' id='word_1_359' title='bbox 544 2877 949 2945; x_wconf 74' lang='grc' dir='ltr'>ἁνταναερωνείν</span> <span class='ocrx_word' id='word_1_360' title='bbox 966 2875 1014 2934; x_wconf 74' lang='grc'><strong>⁵³.</strong></span> <span class='ocrx_word' id='word_1_361' title='bbox 1034 2878 1174 2949; x_wconf 87' lang='grc' dir='ltr'><strong>Ἐρῶ</strong></span> <span class='ocrx_word' id='word_1_362' title='bbox 1199 2881 1241 2932; x_wconf 83' lang='grc' dir='ltr'>δ’</span> <span class='ocrx_word' id='word_1_363' title='bbox 1271 2877 1384 2946; x_wconf 80' lang='grc' dir='ltr'>οῦν,</span> <span class='ocrx_word' id='word_1_364' title='bbox 1414 2884 1494 2936; x_wconf 85' lang='grc' dir='ltr'><strong>ὅτι</strong></span> <span class='ocrx_word' id='word_1_365' title='bbox 1525 2886 1723 2953; x_wconf 81' lang='grc' dir='ltr'>σφαλε-</span> 
     </span>
    </p>
   </div>
   <div class='ocr_carea' id='block_1_51' title="bbox 152 2965 1725 3042">
    <p class='ocr_par' dir='ltr' id='par_1_51' title="bbox 152 2965 1725 3042">
     <span class='ocr_line' id='line_1_51' title="bbox 152 2965 1725 3042; baseline 0.008 -24"><span class='ocrx_word' id='word_1_366' title='bbox 152 2965 239 3035; x_wconf 87' lang='grc' dir='ltr'><strong>ρόν</strong></span> <span class='ocrx_word' id='word_1_367' title='bbox 268 2983 329 3019; x_wconf 91' lang='grc' dir='ltr'><strong>τε</strong></span> <span class='ocrx_word' id='word_1_368' title='bbox 362 2967 459 3022; x_wconf 73' lang='grc' dir='ltr'>καὶ</span> <span class='ocrx_word' id='word_1_369' title='bbox 487 2967 587 3020; x_wconf 89' lang='grc' dir='ltr'><strong>οὐκ</strong></span> <span class='ocrx_word' id='word_1_370' title='bbox 616 2966 850 3038; x_wconf 72' lang='grc' dir='ltr'>ἀζήμιον</span> <span class='ocrx_word' id='word_1_371' title='bbox 890 2969 953 3022; x_wconf 84' lang='grc' dir='ltr'><strong>τὸ</strong></span> <span class='ocrx_word' id='word_1_372' title='bbox 1001 2970 1307 3042; x_wconf 81' lang='grc' dir='ltr'>διατέμνειν</span> <span class='ocrx_word' id='word_1_373' title='bbox 1350 2975 1429 3037; x_wconf 77' lang='grc' dir='ltr'><strong>εἰς</strong></span> <span class='ocrx_word' id='word_1_374' title='bbox 1475 2976 1587 3037; x_wconf 76' lang='grc' dir='ltr'>δύο,</span> <span class='ocrx_word' id='word_1_375' title='bbox 1632 2978 1725 3030; x_wconf 73' lang='grc' dir='ltr'>καὶ</span> 
     </span>
    </p>
   </div>
   <div class='ocr_carea' id='block_1_52' title="bbox 148 3058 1723 3133">
    <p class='ocr_par' dir='ltr' id='par_1_52' title="bbox 148 3058 1723 3133">
     <span class='ocr_line' id='line_1_52' title="bbox 148 3058 1723 3133; baseline 0.008 -23"><span class='ocrx_word' id='word_1_376' title='bbox 148 3058 422 3129; x_wconf 83' lang='grc' dir='ltr'>ἁναμέρος</span> <span class='ocrx_word' id='word_1_377' title='bbox 473 3060 646 3129; x_wconf 77' lang='grc' dir='ltr'>ἱστᾷν,</span> <span class='ocrx_word' id='word_1_378' title='bbox 683 3060 969 3131; x_wconf 79' lang='grc' dir='ltr'>ἄνθρωπόν</span> <span class='ocrx_word' id='word_1_379' title='bbox 1020 3079 1081 3115; x_wconf 85' lang='grc' dir='ltr'><strong>τε</strong></span> <span class='ocrx_word' id='word_1_380' title='bbox 1136 3065 1231 3117; x_wconf 70' lang='grc' dir='ltr'><strong>καὶ</strong></span> <span class='ocrx_word' id='word_1_381' title='bbox 1260 3065 1451 3133; x_wconf 91' lang='grc' dir='ltr'>Λόγον,</span> <span class='ocrx_word' id='word_1_382' title='bbox 1483 3069 1583 3121; x_wconf 93' lang='grc' dir='ltr'><strong>οὐκ</strong></span> <span class='ocrx_word' id='word_1_383' title='bbox 1628 3070 1723 3122; x_wconf 82' lang='grc' dir='ltr'><strong>ἀν-</strong></span> 
     </span>
    </p>
   </div>
   <div class='ocr_carea' id='block_1_53' title="bbox 1890 2517 3389 2590">
    <p class='ocr_par' dir='ltr' id='par_1_53' title="bbox 1890 2517 3389 2590">
     <span class='ocr_line' id='line_1_53' title="bbox 1890 2517 3389 2590; baseline -0.004 -13"><span class='ocrx_word' id='word_1_384' title='bbox 1890 2520 2127 2577; x_wconf 79' lang='lat' dir='ltr'><strong>XXVlll.</strong></span> <span class='ocrx_word' id='word_1_385' title='bbox 2162 2520 2276 2575; x_wconf 86' lang='lat' dir='ltr'><strong>Non</strong></span> <span class='ocrx_word' id='word_1_386' title='bbox 2334 2520 2576 2590; x_wconf 83' lang='lat' dir='ltr'><strong>ignoravi</strong></span> <span class='ocrx_word' id='word_1_387' title='bbox 2624 2530 2801 2573; x_wconf 89' lang='lat' dir='ltr'><strong>autem</strong></span> <span class='ocrx_word' id='word_1_388' title='bbox 2834 2517 3063 2581; x_wconf 78' lang='lat' dir='ltr'><strong>futuros,</strong></span> <span class='ocrx_word' id='word_1_389' title='bbox 3096 2518 3184 2586; x_wconf 93' lang='lat' dir='ltr'><strong>qui</strong></span> <span class='ocrx_word' id='word_1_390' title='bbox 3218 2521 3389 2573; x_wconf 86' lang='lat' dir='ltr'><strong>inter-</strong></span> 
     </span>
    </p>
   </div>
   <div class='ocr_carea' id='block_1_54' title="bbox 1820 2608 3393 2682">
    <p class='ocr_par' dir='ltr' id='par_1_54' title="bbox 1820 2608 3393 2682">
     <span class='ocr_line' id='line_1_54' title="bbox 1820 2608 3393 2682; baseline -0.003 -15"><span class='ocrx_word' id='word_1_391' title='bbox 1820 2622 2052 2680; x_wconf 81' lang='lat' dir='ltr'><strong>rogent:</strong></span> <span class='ocrx_word' id='word_1_392' title='bbox 2090 2613 2355 2682; x_wconf 84' lang='lat' dir='ltr'><strong>Agedum,</strong></span> <span class='ocrx_word' id='word_1_393' title='bbox 2412 2622 2531 2665; x_wconf 86' lang='lat' dir='ltr'><strong>uter</strong></span> <span class='ocrx_word' id='word_1_394' title='bbox 2584 2626 2706 2665; x_wconf 90' lang='lat' dir='ltr'><strong>vere</strong></span> <span class='ocrx_word' id='word_1_395' title='bbox 2760 2620 2843 2663; x_wconf 91' lang='lat' dir='ltr'><strong>est</strong></span> <span class='ocrx_word' id='word_1_396' title='bbox 2894 2608 3049 2665; x_wconf 83' lang='lat' dir='ltr'><strong>Jesus</strong></span> <span class='ocrx_word' id='word_1_397' title='bbox 3094 2609 3393 2663; x_wconf 77' lang='lat' dir='ltr'><strong>Christus?</strong></span> 
     </span>
    </p>
   </div>
   <div class='ocr_carea' id='block_1_55' title="bbox 1823 2702 3390 2777">
    <p class='ocr_par' dir='ltr' id='par_1_55' title="bbox 1823 2702 3390 2777">
     <span class='ocr_line' id='line_1_55' title="bbox 1823 2702 3390 2777; baseline -0.004 -15"><span class='ocrx_word' id='word_1_398' title='bbox 1823 2709 1938 2763; x_wconf 92' lang='lat' dir='ltr'><strong>isne</strong></span> <span class='ocrx_word' id='word_1_399' title='bbox 1988 2709 2079 2777; x_wconf 87' lang='lat' dir='ltr'><strong>qui</strong></span> <span class='ocrx_word' id='word_1_400' title='bbox 2134 2708 2293 2761; x_wconf 86' lang='lat' dir='ltr'><strong>homo</strong></span> <span class='ocrx_word' id='word_1_401' title='bbox 2324 2722 2385 2759; x_wconf 73' lang='lat' dir='ltr'><strong>ex</strong></span> <span class='ocrx_word' id='word_1_402' title='bbox 2441 2706 2662 2759; x_wconf 88' lang='lat' dir='ltr'><strong>muliere</strong></span> <span class='ocrx_word' id='word_1_403' title='bbox 2715 2715 2871 2757; x_wconf 86' lang='lat' dir='ltr'><strong>natus</strong></span> <span class='ocrx_word' id='word_1_404' title='bbox 2923 2715 3117 2769; x_wconf 82' lang='lat' dir='ltr'><strong>est,an</strong></span> <span class='ocrx_word' id='word_1_405' title='bbox 3157 2702 3390 2756; x_wconf 75' lang='lat' dir='ltr'><strong>Verbum</strong></span> 
     </span>
    </p>
   </div>
   <div class='ocr_carea' id='block_1_56' title="bbox 1822 2796 3393 2872">
    <p class='ocr_par' dir='ltr' id='par_1_56' title="bbox 1822 2796 3393 2872">
     <span class='ocr_line' id='line_1_56' title="bbox 1822 2796 3393 2872; baseline -0.004 -18"><span class='ocrx_word' id='word_1_406' title='bbox 1822 2804 1964 2872; x_wconf 83' lang='lat' dir='ltr'><strong>quod</strong></span> <span class='ocrx_word' id='word_1_407' title='bbox 2022 2817 2087 2856; x_wconf 80' lang='lat' dir='ltr'><strong>ex</strong></span> <span class='ocrx_word' id='word_1_408' title='bbox 2141 2801 2250 2854; x_wconf 91' lang='lat' dir='ltr'><strong>Deo</strong></span> <span class='ocrx_word' id='word_1_409' title='bbox 2290 2801 2528 2867; x_wconf 85' lang='lat' dir='ltr'><strong>genitum</strong></span> <span class='ocrx_word' id='word_1_410' title='bbox 2564 2798 2681 2853; x_wconf 77' lang='lat' dir='ltr'><strong>est?</strong></span> <span class='ocrx_word' id='word_1_411' title='bbox 2706 2796 2797 2851; x_wconf 71' lang='lat' dir='ltr'><strong>Nae</strong></span> <span class='ocrx_word' id='word_1_412' title='bbox 2828 2798 3050 2851; x_wconf 86' lang='lat' dir='ltr'><strong>stultum</strong></span> <span class='ocrx_word' id='word_1_413' title='bbox 3080 2806 3163 2851; x_wconf 90' lang='lat' dir='ltr'><strong>est</strong></span> <span class='ocrx_word' id='word_1_414' title='bbox 3199 2809 3393 2863; x_wconf 89' lang='lat' dir='ltr'><strong>super-</strong></span> 
     </span>
    </p>
   </div>
   <div class='ocr_carea' id='block_1_57' title="bbox 1823 2883 3395 2953">
    <p class='ocr_par' dir='ltr' id='par_1_57' title="bbox 1823 2883 3395 2953">
     <span class='ocr_line' id='line_1_57' title="bbox 1823 2883 3395 2953; baseline -0.003 -12"><span class='ocrx_word' id='word_1_415' title='bbox 1823 2889 2075 2943; x_wconf 82' lang='lat' dir='ltr'><strong>vacaneis</strong></span> <span class='ocrx_word' id='word_1_416' title='bbox 2103 2888 2283 2943; x_wconf 89' lang='lat' dir='ltr'><strong>verhis</strong></span> <span class='ocrx_word' id='word_1_417' title='bbox 2301 2885 2647 2945; x_wconf 84' lang='lat' dir='ltr'><strong>contendere,</strong></span> <span class='ocrx_word' id='word_1_418' title='bbox 2685 2900 2748 2939; x_wconf 91' lang='lat' dir='ltr'><strong>ac</strong></span> <span class='ocrx_word' id='word_1_419' title='bbox 2788 2884 3118 2953; x_wconf 89' lang='lat' dir='ltr'><strong>quilmslibet</strong></span> <span class='ocrx_word' id='word_1_420' title='bbox 3161 2883 3395 2936; x_wconf 82' lang='lat' dir='ltr'><strong>anilibus</strong></span> 
     </span>
    </p>
   </div>
   <div class='ocr_carea' id='block_1_58' title="bbox 1823 2972 3392 3048">
    <p class='ocr_par' dir='ltr' id='par_1_58' title="bbox 1823 2972 3392 3048">
     <span class='ocr_line' id='line_1_58' title="bbox 1823 2972 3392 3048; baseline -0.004 -16"><span class='ocrx_word' id='word_1_421' title='bbox 1823 2979 1979 3048; x_wconf 78' lang='lat' dir='ltr'><strong>nugis</strong></span> <span class='ocrx_word' id='word_1_422' title='bbox 2014 2992 2136 3032; x_wconf 91' lang='lat' dir='ltr'><strong>sese</strong></span> <span class='ocrx_word' id='word_1_423' title='bbox 2182 2989 2471 3043; x_wconf 78' lang='lat' dir='ltr'><strong>apponere.</strong></span> <span class='ocrx_word' id='word_1_424' title='bbox 2509 2974 2827 3041; x_wconf 81' lang='lat' dir='ltr'><strong>Respondeo</strong></span> <span class='ocrx_word' id='word_1_425' title='bbox 2884 2972 3245 3026; x_wconf 74' lang='lat' dir='ltr'><strong>nihilominus</strong></span> <span class='ocrx_word' id='word_1_426' title='bbox 3285 2987 3392 3030; x_wconf 85' lang='lat' dir='ltr'><strong>non</strong></span> 
     </span>
    </p>
   </div>
   <div class='ocr_carea' id='block_1_59' title="bbox 1825 3063 3394 3136">
    <p class='ocr_par' dir='ltr' id='par_1_59' title="bbox 1825 3063 3394 3136">
     <span class='ocr_line' id='line_1_59' title="bbox 1825 3063 3394 3136; baseline -0.002 -14"><span class='ocrx_word' id='word_1_427' title='bbox 1825 3070 1996 3122; x_wconf 92' lang='lat' dir='ltr'><strong>solum</strong></span> <span class='ocrx_word' id='word_1_428' title='bbox 2061 3066 2445 3136; x_wconf 88' lang='lat' dir='ltr'><strong>periculosmu,</strong></span> <span class='ocrx_word' id='word_1_429' title='bbox 2474 3065 2565 3118; x_wconf 81' lang='lat' dir='ltr'><strong>sed</strong></span> <span class='ocrx_word' id='word_1_430' title='bbox 2619 3066 2780 3117; x_wconf 86' lang='lat' dir='ltr'><strong>etiam</strong></span> <span class='ocrx_word' id='word_1_431' title='bbox 2838 3063 3197 3132; x_wconf 88' lang='lat' dir='ltr'><strong>perniciosum</strong></span> <span class='ocrx_word' id='word_1_432' title='bbox 3249 3077 3394 3127; x_wconf 83' lang='lat' dir='ltr'><strong>esse,</strong></span> 
     </span>
    </p>
   </div>
   <div class='ocr_carea' id='block_1_60' title="bbox 150 3134 1719 3231">
    <p class='ocr_par' dir='ltr' id='par_1_60' title="bbox 150 3153 1719 3231">
     <span class='ocr_line' id='line_1_60' title="bbox 150 3153 1719 3231; baseline 0.003 -25"><span class='ocrx_word' id='word_1_433' title='bbox 150 3153 415 3225; x_wconf 84' lang='grc' dir='ltr'>εχομένης</span> <span class='ocrx_word' id='word_1_434' title='bbox 459 3154 560 3223; x_wconf 85' lang='grc' dir='ltr'>τῆς</span> <span class='ocrx_word' id='word_1_435' title='bbox 603 3157 937 3226; x_wconf 71' lang='grc' dir='ltr'>οἰκονομίας,</span> <span class='ocrx_word' id='word_1_436' title='bbox 969 3159 1064 3211; x_wconf 76' lang='grc' dir='ltr'><strong>καὶ</strong></span> <span class='ocrx_word' id='word_1_437' title='bbox 1088 3160 1322 3231; x_wconf 81' lang='grc' dir='ltr'>Χριστὸν</span> <span class='ocrx_word' id='word_1_438' title='bbox 1367 3160 1462 3212; x_wconf 71' lang='grc' dir='ltr'><strong>ἕνα</strong></span> <span class='ocrx_word' id='word_1_439' title='bbox 1510 3160 1719 3230; x_wconf 82' lang='grc' dir='ltr'>βοὼσης</span> 
     </span>
    </p>
   </div>
   <div class='ocr_carea' id='block_1_61' title="bbox 1821 3134 3397 3231">
    <p class='ocr_par' dir='ltr' id='par_1_61' title="bbox 1828 3134 3397 3225">
     <span class='ocr_line' id='line_1_61' title="bbox 1828 3134 3397 3225; baseline -0.003 -11"><span class='ocrx_word' id='word_1_440' title='bbox 1828 3134 2098 3214; x_wconf 84' lang='lat' dir='ltr'><strong>hominem</strong></span> <span class='ocrx_word' id='word_1_441' title='bbox 2131 3169 2185 3212; x_wconf 91' lang='lat' dir='ltr'><strong>et</strong></span> <span class='ocrx_word' id='word_1_442' title='bbox 2213 3157 2447 3212; x_wconf 74' lang='lat' dir='ltr'><strong>Vel-hum</strong></span> <span class='ocrx_word' id='word_1_443' title='bbox 2485 3157 2788 3225; x_wconf 81' lang='lat' dir='ltr'><strong>sejungere,</strong></span> <span class='ocrx_word' id='word_1_444' title='bbox 2829 3154 3091 3224; x_wconf 78' lang='lat' dir='ltr'><strong>factaque</strong></span> <span class='ocrx_word' id='word_1_445' title='bbox 3130 3154 3397 3210; x_wconf 76' lang='lat' dir='ltr'><strong>divisione</strong></span> 
     </span>
    </p>
   </div>
   <div class='ocr_carea' id='block_1_62' title="bbox 147 3244 1717 3319">
    <p class='ocr_par' dir='ltr' id='par_1_62' title="bbox 147 3244 1717 3319">
     <span class='ocr_line' id='line_1_62' title="bbox 147 3244 1717 3319; baseline 0.003 -22"><span class='ocrx_word' id='word_1_446' title='bbox 147 3244 241 3314; x_wconf 82' lang='grc' dir='ltr'>τῆς</span> <span class='ocrx_word' id='word_1_447' title='bbox 281 3244 644 3297; x_wconf 83' lang='grc' dir='ltr'>θεοπνεύστου</span> <span class='ocrx_word' id='word_1_448' title='bbox 673 3246 895 3317; x_wconf 84' lang='grc' dir='ltr'>Γραφῆς</span> <span class='ocrx_word' id='word_1_449' title='bbox 916 3263 929 3277; x_wconf 94' lang='grc'><strong>·</strong></span> <span class='ocrx_word' id='word_1_450' title='bbox 962 3248 1160 3319; x_wconf 84' lang='grc' dir='ltr'>χρῆναι</span> <span class='ocrx_word' id='word_1_451' title='bbox 1196 3250 1303 3319; x_wconf 81' lang='grc' dir='ltr'>γὰρ</span> <span class='ocrx_word' id='word_1_452' title='bbox 1354 3249 1527 3317; x_wconf 73' lang='grc' dir='ltr'>ἔγωγέ</span> <span class='ocrx_word' id='word_1_453' title='bbox 1554 3268 1717 3319; x_wconf 84' lang='grc' dir='ltr'>φημι,</span> 
     </span>
    </p>
   </div>
   <div class='ocr_carea' id='block_1_63' title="bbox 154 3334 1720 3409">
    <p class='ocr_par' dir='ltr' id='par_1_63' title="bbox 154 3334 1720 3409">
     <span class='ocr_line' id='line_1_63' title="bbox 154 3334 1720 3409; baseline 0.002 -21"><span class='ocrx_word' id='word_1_454' title='bbox 154 3338 285 3403; x_wconf 85' lang='grc' dir='ltr'>μήτε</span> <span class='ocrx_word' id='word_1_455' title='bbox 331 3336 425 3388; x_wconf 75' lang='grc' dir='ltr'>τὸν</span> <span class='ocrx_word' id='word_1_456' title='bbox 460 3337 524 3388; x_wconf 83' lang='grc' dir='ltr'>ὲκ</span> <span class='ocrx_word' id='word_1_457' title='bbox 551 3334 687 3388; x_wconf 84' lang='grc' dir='ltr'>Θεοῦ</span> <span class='ocrx_word' id='word_1_458' title='bbox 726 3336 897 3404; x_wconf 84' lang='grc' dir='ltr'>Λόγον</span> <span class='ocrx_word' id='word_1_459' title='bbox 944 3338 1361 3409; x_wconf 77' lang='grc' dir='ltr'>ἁνθρωπότητος</span> <span class='ocrx_word' id='word_1_460' title='bbox 1402 3339 1543 3407; x_wconf 81' lang='grc' dir='ltr'>δίχα,</span> <span class='ocrx_word' id='word_1_461' title='bbox 1583 3340 1720 3408; x_wconf 87' lang='grc' dir='ltr'>μήτε</span> 
     </span>
    </p>
   </div>
   <div class='ocr_carea' id='block_1_64' title="bbox 152 3425 1720 3500">
    <p class='ocr_par' dir='ltr' id='par_1_64' title="bbox 152 3425 1720 3500">
     <span class='ocr_line' id='line_1_64' title="bbox 152 3425 1720 3500; baseline 0.003 -21"><span class='ocrx_word' id='word_1_462' title='bbox 152 3425 254 3497; x_wconf 77' lang='grc' dir='ltr'>μὴν</span> <span class='ocrx_word' id='word_1_463' title='bbox 283 3428 376 3481; x_wconf 84' lang='grc' dir='ltr'>τὸν</span> <span class='ocrx_word' id='word_1_464' title='bbox 408 3427 476 3480; x_wconf 81' lang='grc' dir='ltr'>ὲκ</span> <span class='ocrx_word' id='word_1_465' title='bbox 502 3428 761 3496; x_wconf 79' lang='grc' dir='ltr'>γυναικὸς</span> <span class='ocrx_word' id='word_1_466' title='bbox 792 3429 1160 3499; x_wconf 81' lang='grc' dir='ltr'>ἁποτεχθέντα</span> <span class='ocrx_word' id='word_1_467' title='bbox 1202 3430 1349 3492; x_wconf 79' lang='grc' dir='ltr'>ναὸν,</span> <span class='ocrx_word' id='word_1_468' title='bbox 1383 3430 1459 3493; x_wconf 85' lang='grc' dir='ltr'>ὡς</span> <span class='ocrx_word' id='word_1_469' title='bbox 1486 3430 1560 3500; x_wconf 83' lang='grc' dir='ltr'>μὴ</span> <span class='ocrx_word' id='word_1_470' title='bbox 1587 3432 1720 3483; x_wconf 80' lang='grc' dir='ltr'>ἐνω-</span> 
     </span>
    </p>
   </div>
   <div class='ocr_carea' id='block_1_65' title="bbox 151 3516 1722 3593">
    <p class='ocr_par' dir='ltr' id='par_1_65' title="bbox 151 3516 1722 3593">
     <span class='ocr_line' id='line_1_65' title="bbox 151 3516 1722 3593; baseline 0.005 -24"><span class='ocrx_word' id='word_1_471' title='bbox 151 3516 307 3571; x_wconf 86' lang='grc' dir='ltr'>θέντα</span> <span class='ocrx_word' id='word_1_472' title='bbox 348 3517 427 3588; x_wconf 84' lang='grc' dir='ltr'>τῷ</span> <span class='ocrx_word' id='word_1_473' title='bbox 453 3519 629 3589; x_wconf 84' lang='grc' dir='ltr'>Λόγῳ,</span> <span class='ocrx_word' id='word_1_474' title='bbox 676 3520 909 3590; x_wconf 78' lang='grc' dir='ltr'>Χριστὸν</span> <span class='ocrx_word' id='word_1_475' title='bbox 941 3522 1147 3591; x_wconf 85' lang='grc' dir='ltr'>Ἰησοῦν</span> <span class='ocrx_word' id='word_1_476' title='bbox 1195 3522 1575 3593; x_wconf 75' lang='grc' dir='ltr'>ὀνομάζεσθαι.</span> <span class='ocrx_word' id='word_1_477' title='bbox 1604 3522 1722 3577; x_wconf 81' lang='grc' dir='ltr'><strong>Ἀν·</strong></span> 
     </span>
    </p>
   </div>
   <div class='ocr_carea' id='block_1_66' title="bbox 151 3608 1723 3682">
    <p class='ocr_par' dir='ltr' id='par_1_66' title="bbox 151 3608 1723 3682">
     <span class='ocr_line' id='line_1_66' title="bbox 151 3608 1723 3682; baseline 0.003 -22"><span class='ocrx_word' id='word_1_478' title='bbox 151 3608 462 3679; x_wconf 83' lang='grc' dir='ltr'>θρωπότητι</span> <span class='ocrx_word' id='word_1_479' title='bbox 488 3608 594 3681; x_wconf 74' lang='grc' dir='ltr'>γὰρ</span> <span class='ocrx_word' id='word_1_480' title='bbox 620 3608 741 3662; x_wconf 85' lang='grc' dir='ltr'>καθ’</span> <span class='ocrx_word' id='word_1_481' title='bbox 777 3611 971 3665; x_wconf 71' lang='grc' dir='ltr'>ἕνωσιν</span> <span class='ocrx_word' id='word_1_482' title='bbox 998 3610 1346 3682; x_wconf 70' lang='grc' dir='ltr'>οἰκονομικὴν</span> <span class='ocrx_word' id='word_1_483' title='bbox 1392 3612 1723 3682; x_wconf 78' lang='grc' dir='ltr'>ἀπορρήτως</span> 
     </span>
    </p>
   </div>
   <div class='ocr_carea' id='block_1_67' title="bbox 152 3700 1719 3773">
    <p class='ocr_par' dir='ltr' id='par_1_67' title="bbox 152 3700 1719 3773">
     <span class='ocr_line' id='line_1_67' title="bbox 152 3700 1719 3773; baseline 0.002 -19"><span class='ocrx_word' id='word_1_484' title='bbox 152 3700 609 3772; x_wconf 79' lang='grc' dir='ltr'>συνενηνεγμένος</span> <span class='ocrx_word' id='word_1_485' title='bbox 656 3702 684 3754; x_wconf 82' lang='lat'><strong>6</strong></span> <span class='ocrx_word' id='word_1_486' title='bbox 736 3704 801 3756; x_wconf 82' lang='grc' dir='ltr'>ὲκ</span> <span class='ocrx_word' id='word_1_487' title='bbox 844 3702 978 3757; x_wconf 87' lang='grc' dir='ltr'>Θεοῦ</span> <span class='ocrx_word' id='word_1_488' title='bbox 1016 3703 1205 3771; x_wconf 85' lang='grc' dir='ltr'>Λόγος,</span> <span class='ocrx_word' id='word_1_489' title='bbox 1236 3706 1436 3757; x_wconf 80' lang='grc' dir='ltr'>νοεῖται</span> <span class='ocrx_word' id='word_1_490' title='bbox 1466 3704 1719 3773; x_wconf 86' lang='grc' dir='ltr'>Χριστός.</span> 
     </span>
    </p>
   </div>
   <div class='ocr_carea' id='block_1_68' title="bbox 162 3792 1724 3864">
    <p class='ocr_par' dir='ltr' id='par_1_68' title="bbox 162 3792 1724 3864">
     <span class='ocr_line' id='line_1_68' title="bbox 162 3792 1724 3864; baseline 0.002 -19"><span class='ocrx_word' id='word_1_491' title='bbox 162 3792 457 3864; x_wconf 68' lang='grc' dir='ltr'>’Δνιίιτερος</span> <span class='ocrx_word' id='word_1_492' title='bbox 502 3793 601 3863; x_wconf 84' lang='grc' dir='ltr'>μὲν</span> <span class='ocrx_word' id='word_1_493' title='bbox 651 3794 1085 3864; x_wconf 84' lang='grc' dir='ltr'>ἀνθρωπότητος,</span> <span class='ocrx_word' id='word_1_494' title='bbox 1120 3796 1196 3858; x_wconf 86' lang='grc' dir='ltr'>ὼς</span> <span class='ocrx_word' id='word_1_495' title='bbox 1245 3796 1407 3863; x_wconf 81' lang='grc' dir='ltr'>φύσει</span> <span class='ocrx_word' id='word_1_496' title='bbox 1454 3796 1583 3859; x_wconf 81' lang='grc' dir='ltr'>Θεὸς</span> <span class='ocrx_word' id='word_1_497' title='bbox 1630 3796 1724 3848; x_wconf 75' lang='grc' dir='ltr'><strong>καὶ</strong></span> 
     </span>
    </p>
   </div>
   <div class='ocr_carea' id='block_1_69' title="bbox 150 3882 1723 3955">
    <p class='ocr_par' dir='ltr' id='par_1_69' title="bbox 150 3882 1723 3955">
     <span class='ocr_line' id='line_1_69' title="bbox 150 3882 1723 3955; baseline 0 -18"><span class='ocrx_word' id='word_1_498' title='bbox 150 3882 305 3947; x_wconf 73' lang='grc' dir='ltr'>Υἱόςο</span> <span class='ocrx_word' id='word_1_499' title='bbox 354 3885 459 3937; x_wconf 88' lang='grc' dir='ltr'><strong>οὐκ</strong></span> <span class='ocrx_word' id='word_1_500' title='bbox 490 3884 774 3955; x_wconf 74' lang='grc' dir='ltr'>ἀτιμάζων</span> <span class='ocrx_word' id='word_1_501' title='bbox 818 3885 876 3939; x_wconf 83' lang='grc' dir='ltr'>δὲ</span> <span class='ocrx_word' id='word_1_502' title='bbox 932 3886 1027 3939; x_wconf 79' lang='grc' dir='ltr'><strong>καὶ</strong></span> <span class='ocrx_word' id='word_1_503' title='bbox 1072 3886 1132 3939; x_wconf 79' lang='grc' dir='ltr'>τὸ</span> <span class='ocrx_word' id='word_1_504' title='bbox 1160 3887 1219 3938; x_wconf 85' lang='grc' dir='ltr'><strong>ὲν</strong></span> <span class='ocrx_word' id='word_1_505' title='bbox 1250 3886 1439 3952; x_wconf 81' lang='grc' dir='ltr'>ὑφέσει</span> <span class='ocrx_word' id='word_1_506' title='bbox 1471 3886 1723 3954; x_wconf 89' lang='grc' dir='ltr'>γενέσθαι</span> 
     </span>
    </p>
   </div>
   <div class='ocr_carea' id='block_1_70' title="bbox 149 3978 1723 4051">
    <p class='ocr_par' dir='ltr' id='par_1_70' title="bbox 149 3978 1723 4051">
     <span class='ocr_line' id='line_1_70' title="bbox 149 3978 1723 4051; baseline 0.001 -20"><span class='ocrx_word' id='word_1_507' title='bbox 149 3978 340 4043; x_wconf 80' lang='grc' dir='ltr'>δοκεῖν,</span> <span class='ocrx_word' id='word_1_508' title='bbox 385 3978 477 4031; x_wconf 81' lang='grc' dir='ltr'><strong>διὰ</strong></span> <span class='ocrx_word' id='word_1_509' title='bbox 524 3978 585 4032; x_wconf 81' lang='grc' dir='ltr'><strong>τὸ</strong></span> <span class='ocrx_word' id='word_1_510' title='bbox 636 3978 994 4049; x_wconf 83' lang='grc' dir='ltr'>ἀνθρώπινον.</span> <span class='ocrx_word' id='word_1_511' title='bbox 1067 3980 1352 4051; x_wconf 81' lang='grc' dir='ltr'>Τοιγάρτοι</span> <span class='ocrx_word' id='word_1_512' title='bbox 1431 3980 1560 4033; x_wconf 73' lang='grc' dir='ltr'>ποτὲ</span> <span class='ocrx_word' id='word_1_513' title='bbox 1623 3980 1723 4050; x_wconf 83' lang='grc' dir='ltr'><strong>μὲν</strong></span> 
     </span>
    </p>
   </div>
   <div class='ocr_carea' id='block_1_71' title="bbox 151 4069 1722 4143">
    <p class='ocr_par' dir='ltr' id='par_1_71' title="bbox 151 4069 1722 4143">
     <span class='ocr_line' id='line_1_71' title="bbox 151 4069 1722 4143; baseline 0.002 -21"><span class='ocrx_word' id='word_1_514' title='bbox 151 4069 415 4138; x_wconf 73' lang='grc' dir='ltr'>εφασκεν·</span> <span class='ocrx_word' id='word_1_515' title='bbox 460 4070 558 4123; x_wconf 75' lang='grc' dir='ltr'><strong>«Ὀ</strong></span> <span class='ocrx_word' id='word_1_516' title='bbox 601 4070 861 4143; x_wconf 78' lang='grc' dir='ltr'>ἑωρακὼς</span> <span class='ocrx_word' id='word_1_517' title='bbox 914 4072 1034 4142; x_wconf 68' lang='grc' dir='ltr'>ἐμὲ,</span> <span class='ocrx_word' id='word_1_518' title='bbox 1080 4072 1293 4142; x_wconf 78' lang='grc' dir='ltr'>ἑώρακε</span> <span class='ocrx_word' id='word_1_519' title='bbox 1339 4072 1430 4125; x_wconf 82' lang='grc' dir='ltr'><strong>τὸν</strong></span> <span class='ocrx_word' id='word_1_520' title='bbox 1482 4074 1722 4143; x_wconf 85' lang='grc' dir='ltr'>Πατέρα.</span> 
     </span>
    </p>
   </div>
   <div class='ocr_carea' id='block_1_72' title="bbox 162 4159 1722 4233">
    <p class='ocr_par' dir='ltr' id='par_1_72' title="bbox 162 4159 1722 4233">
     <span class='ocr_line' id='line_1_72' title="bbox 162 4159 1722 4233; baseline 0.001 -20"><span class='ocrx_word' id='word_1_521' title='bbox 162 4161 300 4231; x_wconf 82' lang='grc' dir='ltr'><strong>Ἐγὼ</strong></span> <span class='ocrx_word' id='word_1_522' title='bbox 341 4163 439 4217; x_wconf 72' lang='grc' dir='ltr'>καὶ</span> <span class='ocrx_word' id='word_1_523' title='bbox 466 4163 496 4215; x_wconf 85' lang='lat'><strong>6</strong></span> <span class='ocrx_word' id='word_1_524' title='bbox 524 4161 713 4233; x_wconf 77' lang='grc' dir='ltr'>Πατὴρ</span> <span class='ocrx_word' id='word_1_525' title='bbox 750 4161 808 4215; x_wconf 79' lang='grc' dir='ltr'>ἓν</span> <span class='ocrx_word' id='word_1_526' title='bbox 836 4165 1033 4233; x_wconf 78' lang='grc' dir='ltr'>ὲσμενο</span> <span class='ocrx_word' id='word_1_527' title='bbox 1065 4181 1084 4215; x_wconf 75' lang='grc' dir='ltr'><strong>ι</strong></span> <span class='ocrx_word' id='word_1_528' title='bbox 1124 4164 1254 4216; x_wconf 80' lang='grc' dir='ltr'>ποτὲ</span> <span class='ocrx_word' id='word_1_529' title='bbox 1300 4164 1355 4216; x_wconf 78' lang='grc' dir='ltr'>δὲ</span> <span class='ocrx_word' id='word_1_530' title='bbox 1400 4159 1467 4218; x_wconf 83' lang='grc' dir='ltr'>αὖ</span> <span class='ocrx_word' id='word_1_531' title='bbox 1519 4164 1679 4217; x_wconf 77' lang='grc' dir='ltr'>πάλιν</span> <span class='ocrx_word' id='word_1_532' title='bbox 1708 4179 1722 4191; x_wconf 89' lang='grc'><strong>·</strong></span> 
     </span>
    </p>
   </div>
   <div class='ocr_carea' id='block_1_73' title="bbox 158 4253 1723 4326">
    <p class='ocr_par' dir='ltr' id='par_1_73' title="bbox 158 4253 1723 4326">
     <span class='ocr_line' id='line_1_73' title="bbox 158 4253 1723 4326; baseline 0.001 -21"><span class='ocrx_word' id='word_1_533' title='bbox 158 4253 253 4310; x_wconf 75' lang='grc' dir='ltr'><strong>«Ὀ</strong></span> <span class='ocrx_word' id='word_1_534' title='bbox 284 4255 478 4326; x_wconf 81' lang='grc' dir='ltr'>Πατήρ</span> <span class='ocrx_word' id='word_1_535' title='bbox 511 4272 609 4325; x_wconf 86' lang='grc' dir='ltr'>μου</span> <span class='ocrx_word' id='word_1_536' title='bbox 657 4253 859 4324; x_wconf 75' lang='grc' dir='ltr'>μείζων</span> <span class='ocrx_word' id='word_1_537' title='bbox 898 4270 999 4323; x_wconf 87' lang='grc' dir='ltr'><strong>μου</strong></span> <span class='ocrx_word' id='word_1_538' title='bbox 1046 4255 1221 4308; x_wconf 73' lang='grc' dir='ltr'>ἐστίν’</span> <span class='ocrx_word' id='word_1_539' title='bbox 1262 4273 1280 4306; x_wconf 80' lang='grc' dir='ltr'><strong>ι</strong></span> <span class='ocrx_word' id='word_1_540' title='bbox 1315 4255 1375 4307; x_wconf 91' lang='grc' dir='ltr'><strong>οὐ</strong></span> <span class='ocrx_word' id='word_1_541' title='bbox 1411 4255 1578 4325; x_wconf 83' lang='grc' dir='ltr'>μείων</span> <span class='ocrx_word' id='word_1_542' title='bbox 1619 4254 1723 4325; x_wconf 85' lang='grc' dir='ltr'>γὰρ</span> 
     </span>
    </p>
   </div>
   <div class='ocr_carea' id='block_1_74' title="bbox 1824 3245 3397 3317">
    <p class='ocr_par' dir='ltr' id='par_1_74' title="bbox 1824 3245 3397 3317">
     <span class='ocr_line' id='line_1_74' title="bbox 1824 3245 3397 3317; baseline -0.004 -14"><span class='ocrx_word' id='word_1_543' title='bbox 1824 3259 2117 3317; x_wconf 90' lang='lat' dir='ltr'><strong>utrumque</strong></span> <span class='ocrx_word' id='word_1_544' title='bbox 2161 3262 2403 3303; x_wconf 88' lang='lat' dir='ltr'><strong>seorsum</strong></span> <span class='ocrx_word' id='word_1_545' title='bbox 2446 3256 2719 3307; x_wconf 83' lang='lat' dir='ltr'><strong>statuere;</strong></span> <span class='ocrx_word' id='word_1_546' title='bbox 2765 3246 2962 3314; x_wconf 89' lang='lat' dir='ltr'><strong>quippe</strong></span> <span class='ocrx_word' id='word_1_547' title='bbox 3022 3258 3143 3297; x_wconf 92' lang='lat' dir='ltr'><strong>cum</strong></span> <span class='ocrx_word' id='word_1_548' title='bbox 3179 3245 3397 3313; x_wconf 79' lang='lat' dir='ltr'><strong>dispen-</strong></span> 
     </span>
    </p>
   </div>
   <div class='ocr_carea' id='block_1_75' title="bbox 1825 3338 3396 3411">
    <p class='ocr_par' dir='ltr' id='par_1_75' title="bbox 1825 3338 3396 3411">
     <span class='ocr_line' id='line_1_75' title="bbox 1825 3338 3396 3411; baseline -0.004 -15"><span class='ocrx_word' id='word_1_549' title='bbox 1825 3342 2052 3396; x_wconf 88' lang='lat' dir='ltr'><strong>sationis</strong></span> <span class='ocrx_word' id='word_1_550' title='bbox 2083 3340 2395 3411; x_wconf 84' lang='lat' dir='ltr'><strong>mysterium</strong></span> <span class='ocrx_word' id='word_1_551' title='bbox 2417 3338 2679 3408; x_wconf 89' lang='lat' dir='ltr'><strong>ejusmodi</strong></span> <span class='ocrx_word' id='word_1_552' title='bbox 2713 3338 3008 3393; x_wconf 86' lang='lat' dir='ltr'><strong>sectionem</strong></span> <span class='ocrx_word' id='word_1_553' title='bbox 3054 3350 3396 3406; x_wconf 86' lang='lat' dir='ltr'><strong>nequaquam</strong></span> 
     </span>
    </p>
   </div>
   <div class='ocr_carea' id='block_1_76' title="bbox 1822 3429 3398 3502">
    <p class='ocr_par' dir='ltr' id='par_1_76' title="bbox 1822 3429 3398 3502">
     <span class='ocr_line' id='line_1_76' title="bbox 1822 3429 3398 3502; baseline -0.004 -14"><span class='ocrx_word' id='word_1_554' title='bbox 1822 3435 2092 3498; x_wconf 76' lang='lat' dir='ltr'><strong>admittat,</strong></span> <span class='ocrx_word' id='word_1_555' title='bbox 2127 3434 2380 3487; x_wconf 84' lang='lat' dir='ltr'><strong>etdiviua</strong></span> <span class='ocrx_word' id='word_1_556' title='bbox 2419 3443 2679 3502; x_wconf 63' lang='lat' dir='ltr'><strong>preterea</strong></span> <span class='ocrx_word' id='word_1_557' title='bbox 2737 3431 3015 3499; x_wconf 88' lang='lat' dir='ltr'><strong>Scriptura</strong></span> <span class='ocrx_word' id='word_1_558' title='bbox 3066 3446 3230 3484; x_wconf 91' lang='lat' dir='ltr'><strong>unum</strong></span> <span class='ocrx_word' id='word_1_559' title='bbox 3263 3429 3398 3483; x_wconf 90' lang='lat' dir='ltr'><strong>dun-</strong></span> 
     </span>
    </p>
   </div>
   <div class='ocr_carea' id='block_1_77' title="bbox 1826 3522 3396 3589">
    <p class='ocr_par' dir='ltr' id='par_1_77' title="bbox 1826 3522 3396 3589">
     <span class='ocr_line' id='line_1_77' title="bbox 1826 3522 3396 3589; baseline -0.001 -11"><span class='ocrx_word' id='word_1_560' title='bbox 1826 3533 1975 3579; x_wconf 79' lang='lat' dir='ltr'><strong>taxat</strong></span> <span class='ocrx_word' id='word_1_561' title='bbox 2030 3523 2305 3579; x_wconf 91' lang='lat' dir='ltr'><strong>Christum</strong></span> <span class='ocrx_word' id='word_1_562' title='bbox 2342 3539 2463 3578; x_wconf 86' lang='lat' dir='ltr'><strong>esse</strong></span> <span class='ocrx_word' id='word_1_563' title='bbox 2522 3524 2725 3578; x_wconf 88' lang='lat' dir='ltr'><strong>diserte</strong></span> <span class='ocrx_word' id='word_1_564' title='bbox 2782 3524 2987 3589; x_wconf 90' lang='lat' dir='ltr'><strong>tradat;</strong></span> <span class='ocrx_word' id='word_1_565' title='bbox 3024 3536 3211 3579; x_wconf 83' lang='lat' dir='ltr'><strong>assero</strong></span> <span class='ocrx_word' id='word_1_566' title='bbox 3248 3522 3396 3577; x_wconf 89' lang='lat' dir='ltr'><strong>enim</strong></span> 
     </span>
    </p>
   </div>
   <div class='ocr_carea' id='block_1_78' title="bbox 1824 3614 3397 3685">
    <p class='ocr_par' dir='ltr' id='par_1_78' title="bbox 1824 3614 3397 3685">
     <span class='ocr_line' id='line_1_78' title="bbox 1824 3614 3397 3685; baseline -0.001 -15"><span class='ocrx_word' id='word_1_567' title='bbox 1824 3632 1999 3685; x_wconf 88' lang='lat' dir='ltr'><strong>neque</strong></span> <span class='ocrx_word' id='word_1_568' title='bbox 2032 3614 2125 3669; x_wconf 87' lang='lat' dir='ltr'><strong>Dei</strong></span> <span class='ocrx_word' id='word_1_569' title='bbox 2171 3614 2397 3670; x_wconf 80' lang='lat' dir='ltr'><strong>Verbum</strong></span> <span class='ocrx_word' id='word_1_570' title='bbox 2439 3616 2645 3683; x_wconf 83' lang='lat' dir='ltr'><strong>absque</strong></span> <span class='ocrx_word' id='word_1_571' title='bbox 2675 3614 3037 3681; x_wconf 79' lang='lat' dir='ltr'><strong>humanitate,</strong></span> <span class='ocrx_word' id='word_1_572' title='bbox 3062 3628 3236 3683; x_wconf 88' lang='lat' dir='ltr'><strong>neque</strong></span> <span class='ocrx_word' id='word_1_573' title='bbox 3259 3622 3397 3674; x_wconf 86' lang='lat' dir='ltr'><strong>tem-</strong></span> 
     </span>
    </p>
   </div>
   <div class='ocr_carea' id='block_1_79' title="bbox 1826 3703 3395 3776">
    <p class='ocr_par' dir='ltr' id='par_1_79' title="bbox 1826 3703 3395 3776">
     <span class='ocr_line' id='line_1_79' title="bbox 1826 3703 3395 3776; baseline -0.004 -15"><span class='ocrx_word' id='word_1_574' title='bbox 1826 3707 1970 3776; x_wconf 89' lang='lat' dir='ltr'><strong>plum</strong></span> <span class='ocrx_word' id='word_1_575' title='bbox 2006 3720 2241 3769; x_wconf 89' lang='lat' dir='ltr'><strong>rursum,</strong></span> <span class='ocrx_word' id='word_1_576' title='bbox 2283 3706 2423 3768; x_wconf 86' lang='lat' dir='ltr'><strong>quod</strong></span> <span class='ocrx_word' id='word_1_577' title='bbox 2467 3720 2531 3759; x_wconf 79' lang='lat' dir='ltr'><strong>ex</strong></span> <span class='ocrx_word' id='word_1_578' title='bbox 2581 3705 2806 3759; x_wconf 89' lang='lat' dir='ltr'><strong>muliere</strong></span> <span class='ocrx_word' id='word_1_579' title='bbox 2856 3705 2908 3759; x_wconf 92' lang='lat' dir='ltr'><strong>in</strong></span> <span class='ocrx_word' id='word_1_580' title='bbox 2956 3704 3129 3759; x_wconf 90' lang='lat' dir='ltr'><strong>lucem</strong></span> <span class='ocrx_word' id='word_1_581' title='bbox 3188 3703 3395 3759; x_wconf 86' lang='lat' dir='ltr'><strong>editum</strong></span> 
     </span>
    </p>
   </div>
   <div class='ocr_carea' id='block_1_80' title="bbox 1826 3794 3395 3863">
    <p class='ocr_par' dir='ltr' id='par_1_80' title="bbox 1826 3794 3395 3863">
     <span class='ocr_line' id='line_1_80' title="bbox 1826 3794 3395 3863; baseline -0.004 -10"><span class='ocrx_word' id='word_1_582' title='bbox 1826 3809 1932 3862; x_wconf 89' lang='lat' dir='ltr'><strong>est,</strong></span> <span class='ocrx_word' id='word_1_583' title='bbox 1958 3797 2057 3851; x_wconf 90' lang='lat' dir='ltr'><strong>nisi</strong></span> <span class='ocrx_word' id='word_1_584' title='bbox 2090 3813 2212 3851; x_wconf 89' lang='lat' dir='ltr'><strong>cum</strong></span> <span class='ocrx_word' id='word_1_585' title='bbox 2232 3795 2404 3850; x_wconf 86' lang='lat' dir='ltr'><strong>Verbo</strong></span> <span class='ocrx_word' id='word_1_586' title='bbox 2420 3794 2767 3863; x_wconf 86' lang='lat' dir='ltr'><strong>conjunctum</strong></span> <span class='ocrx_word' id='word_1_587' title='bbox 2799 3797 2889 3861; x_wconf 90' lang='lat' dir='ltr'><strong>sit,</strong></span> <span class='ocrx_word' id='word_1_588' title='bbox 2907 3795 3185 3851; x_wconf 84' lang='lat' dir='ltr'><strong>Christum</strong></span> <span class='ocrx_word' id='word_1_589' title='bbox 3211 3796 3395 3851; x_wconf 82' lang='lat' dir='ltr'><strong>Jesum</strong></span> 
     </span>
    </p>
   </div>
   <div class='ocr_carea' id='block_1_81' title="bbox 1826 3886 3397 3958">
    <p class='ocr_par' dir='ltr' id='par_1_81' title="bbox 1826 3886 3397 3958">
     <span class='ocr_line' id='line_1_81' title="bbox 1826 3886 3397 3958; baseline -0.002 -16"><span class='ocrx_word' id='word_1_590' title='bbox 1826 3889 2085 3958; x_wconf 89' lang='lat' dir='ltr'><strong>appellari</strong></span> <span class='ocrx_word' id='word_1_591' title='bbox 2141 3904 2316 3957; x_wconf 86' lang='lat' dir='ltr'><strong>posse.</strong></span> <span class='ocrx_word' id='word_1_592' title='bbox 2376 3886 2820 3956; x_wconf 83' lang='lat' dir='ltr'><strong>Quandoquidem</strong></span> <span class='ocrx_word' id='word_1_593' title='bbox 2877 3887 2969 3941; x_wconf 90' lang='lat' dir='ltr'><strong>Dei</strong></span> <span class='ocrx_word' id='word_1_594' title='bbox 3014 3887 3246 3941; x_wconf 85' lang='lat' dir='ltr'><strong>Verbum</strong></span> <span class='ocrx_word' id='word_1_595' title='bbox 3300 3899 3397 3955; x_wconf 88' lang='lat' dir='ltr'><strong>per</strong></span> 
     </span>
    </p>
   </div>
   <div class='ocr_carea' id='block_1_82' title="bbox 1827 3978 3397 4050">
    <p class='ocr_par' dir='ltr' id='par_1_82' title="bbox 1827 3978 3397 4050">
     <span class='ocr_line' id='line_1_82' title="bbox 1827 3978 3397 4050; baseline -0.002 -16"><span class='ocrx_word' id='word_1_596' title='bbox 1827 3981 2280 4050; x_wconf 84' lang='lat' dir='ltr'><strong>dispensatoriam</strong></span> <span class='ocrx_word' id='word_1_597' title='bbox 2324 3980 2571 4047; x_wconf 80' lang='lat' dir='ltr'><strong>copulam</strong></span> <span class='ocrx_word' id='word_1_598' title='bbox 2613 3979 2915 4033; x_wconf 85' lang='lat' dir='ltr'><strong>admirabili</strong></span> <span class='ocrx_word' id='word_1_599' title='bbox 2956 3979 3116 4033; x_wconf 90' lang='lat' dir='ltr'><strong>modo</strong></span> <span class='ocrx_word' id='word_1_600' title='bbox 3145 3978 3397 4032; x_wconf 63' lang='lat' dir='ltr'><strong>humanm</strong></span> 
     </span>
    </p>
   </div>
   <div class='ocr_carea' id='block_1_83' title="bbox 1827 4068 3395 4138">
    <p class='ocr_par' dir='ltr' id='par_1_83' title="bbox 1827 4068 3395 4138">
     <span class='ocr_line' id='line_1_83' title="bbox 1827 4068 3395 4138; baseline -0.001 -13"><span class='ocrx_word' id='word_1_601' title='bbox 1827 4082 2034 4125; x_wconf 75' lang='lat' dir='ltr'><strong>natura:</strong></span> <span class='ocrx_word' id='word_1_602' title='bbox 2087 4072 2320 4131; x_wconf 87' lang='lat' dir='ltr'><strong>unitum,</strong></span> <span class='ocrx_word' id='word_1_603' title='bbox 2358 4070 2626 4127; x_wconf 83' lang='lat' dir='ltr'><strong>Christus.</strong></span> <span class='ocrx_word' id='word_1_604' title='bbox 2665 4084 2783 4125; x_wconf 90' lang='lat' dir='ltr'><strong>esse</strong></span> <span class='ocrx_word' id='word_1_605' title='bbox 2844 4070 3208 4138; x_wconf 87' lang='lat' dir='ltr'><strong>cognoscitur.</strong></span> <span class='ocrx_word' id='word_1_606' title='bbox 3262 4068 3395 4123; x_wconf 79' lang='lat' dir='ltr'><strong>Nam</strong></span> 
     </span>
    </p>
   </div>
   <div class='ocr_carea' id='block_1_84' title="bbox 1824 4160 3395 4230">
    <p class='ocr_par' dir='ltr' id='par_1_84' title="bbox 1824 4160 3395 4230">
     <span class='ocr_line' id='line_1_84' title="bbox 1824 4160 3395 4230; baseline -0.003 -13"><span class='ocrx_word' id='word_1_607' title='bbox 1824 4162 1927 4217; x_wconf 87' lang='lat' dir='ltr'><strong>etsi</strong></span> <span class='ocrx_word' id='word_1_608' title='bbox 1963 4162 2092 4216; x_wconf 90' lang='lat' dir='ltr'><strong>illud</strong></span> <span class='ocrx_word' id='word_1_609' title='bbox 2136 4172 2195 4217; x_wconf 90' lang='lat' dir='ltr'><strong>ut</strong></span> <span class='ocrx_word' id='word_1_610' title='bbox 2250 4161 2393 4217; x_wconf 90' lang='lat' dir='ltr'><strong>Deus</strong></span> <span class='ocrx_word' id='word_1_611' title='bbox 2426 4161 2799 4230; x_wconf 86' lang='lat' dir='ltr'><strong>naturalisque</strong></span> <span class='ocrx_word' id='word_1_612' title='bbox 2855 4162 2949 4216; x_wconf 88' lang='lat' dir='ltr'><strong>Dei</strong></span> <span class='ocrx_word' id='word_1_613' title='bbox 2999 4160 3175 4216; x_wconf 84' lang='lat' dir='ltr'><strong>Patris</strong></span> <span class='ocrx_word' id='word_1_614' title='bbox 3206 4160 3395 4226; x_wconf 87' lang='lat' dir='ltr'><strong>Filius,</strong></span> 
     </span>
    </p>
   </div>
   <div class='ocr_carea' id='block_1_85' title="bbox 1827 4254 3396 4324">
    <p class='ocr_par' dir='ltr' id='par_1_85' title="bbox 1827 4254 3396 4324">
     <span class='ocr_line' id='line_1_85' title="bbox 1827 4254 3396 4324; baseline 0 -19"><span class='ocrx_word' id='word_1_615' title='bbox 1827 4254 2163 4307; x_wconf 86' lang='lat' dir='ltr'><strong>humanitate</strong></span> <span class='ocrx_word' id='word_1_616' title='bbox 2200 4255 2447 4324; x_wconf 84' lang='lat' dir='ltr'><strong>superius</strong></span> <span class='ocrx_word' id='word_1_617' title='bbox 2474 4254 2817 4318; x_wconf 89' lang='lat' dir='ltr'><strong>sit,attamen</strong></span> <span class='ocrx_word' id='word_1_618' title='bbox 2849 4262 3071 4323; x_wconf 88' lang='lat' dir='ltr'><strong>propter</strong></span> <span class='ocrx_word' id='word_1_619' title='bbox 3091 4262 3396 4322; x_wconf 84' lang='lat' dir='ltr'><strong>susceptam</strong></span> 
     </span>
    </p>
   </div>
   <div class='ocr_carea' id='block_1_86' title="bbox 152 4344 1724 4417">
    <p class='ocr_par' dir='ltr' id='par_1_86' title="bbox 152 4344 1724 4417">
     <span class='ocr_line' id='line_1_86' title="bbox 152 4344 1724 4417; baseline 0.001 -20"><span class='ocrx_word' id='word_1_620' title='bbox 152 4344 222 4399; x_wconf 83' lang='grc' dir='ltr'><strong>ὣν</strong></span> <span class='ocrx_word' id='word_1_621' title='bbox 257 4345 348 4399; x_wconf 90' lang='grc' dir='ltr'><strong>τοῦ</strong></span> <span class='ocrx_word' id='word_1_622' title='bbox 399 4346 614 4416; x_wconf 74' lang='grc' dir='ltr'>[ἰατρὸς</span> <span class='ocrx_word' id='word_1_623' title='bbox 666 4345 806 4403; x_wconf 84' lang='grc' dir='ltr'>κατά</span> <span class='ocrx_word' id='word_1_624' title='bbox 852 4362 916 4415; x_wconf 82' lang='grc' dir='ltr'><strong>γε</strong></span> <span class='ocrx_word' id='word_1_625' title='bbox 966 4344 1028 4399; x_wconf 82' lang='grc' dir='ltr'><strong>τὸ</strong></span> <span class='ocrx_word' id='word_1_626' title='bbox 1078 4348 1137 4402; x_wconf 68' lang='grc' dir='ltr'><strong>ὲν</strong></span> <span class='ocrx_word' id='word_1_627' title='bbox 1184 4346 1341 4417; x_wconf 79' lang='grc' dir='ltr'>οὐσίᾳ</span> <span class='ocrx_word' id='word_1_628' title='bbox 1384 4346 1596 4409; x_wconf 73' lang='grc' dir='ltr'>ταυτὸν,</span> <span class='ocrx_word' id='word_1_629' title='bbox 1630 4347 1724 4399; x_wconf 80' lang='grc' dir='ltr'><strong>καὶ</strong></span> 
     </span>
    </p>
   </div>
   <div class='ocr_carea' id='block_1_87' title="bbox 154 4433 1722 4502">
    <p class='ocr_par' dir='ltr' id='par_1_87' title="bbox 154 4433 1722 4502">
     <span class='ocr_line' id='line_1_87' title="bbox 154 4433 1722 4502; baseline 0 -12"><span class='ocrx_word' id='word_1_630' title='bbox 154 4440 288 4492; x_wconf 74' lang='grc' dir='ltr'>κατὰ</span> <span class='ocrx_word' id='word_1_631' title='bbox 332 4441 443 4493; x_wconf 81' lang='grc' dir='ltr'>πᾶν</span> <span class='ocrx_word' id='word_1_632' title='bbox 490 4438 668 4491; x_wconf 81' lang='grc' dir='ltr'>ὁτιοῦν</span> <span class='ocrx_word' id='word_1_633' title='bbox 701 4439 761 4491; x_wconf 86' lang='grc' dir='ltr'><strong>τὸ</strong></span> <span class='ocrx_word' id='word_1_634' title='bbox 798 4436 1136 4502; x_wconf 83' lang='grc' dir='ltr'>ίσοστατοῦν,</span> <span class='ocrx_word' id='word_1_635' title='bbox 1180 4440 1239 4493; x_wconf 80' lang='grc' dir='ltr'><strong>ὲν</strong></span> <span class='ocrx_word' id='word_1_636' title='bbox 1274 4439 1549 4493; x_wconf 73' lang='grc' dir='ltr'>ἐλάττοσιν</span> <span class='ocrx_word' id='word_1_637' title='bbox 1580 4433 1722 4495; x_wconf 78' lang='grc' dir='ltr'>εἷναί</span> 
     </span>
    </p>
   </div>
   <div class='ocr_carea' id='block_1_88' title="bbox 155 4496 1719 4602">
    <p class='ocr_par' dir='ltr' id='par_1_88' title="bbox 155 4496 1133 4602">
     <span class='ocr_line' id='line_1_88' title="bbox 155 4496 1133 4602; baseline 0.005 -20"><span class='ocrx_word' id='word_1_638' title='bbox 155 4547 280 4600; x_wconf 78' lang='grc' dir='ltr'>φησι</span> <span class='ocrx_word' id='word_1_639' title='bbox 306 4532 396 4585; x_wconf 77' lang='grc' dir='ltr'>διὰ</span> <span class='ocrx_word' id='word_1_640' title='bbox 427 4532 489 4584; x_wconf 81' lang='grc' dir='ltr'><strong>τὸ</strong></span> <span class='ocrx_word' id='word_1_641' title='bbox 516 4530 877 4602; x_wconf 84' lang='grc' dir='ltr'>ἀνθρώπινον.</span> <span class='ocrx_word' id='word_1_642' title='bbox 1122 4496 1133 4502; x_wconf 39' lang='grc'><em>.</em></span> 
     </span>
    </p>
   </div>
   <div class='ocr_carea' id='block_1_89' title="bbox 1821 4496 3401 4602">
    <p class='ocr_par' dir='ltr' id='par_1_89' title="bbox 1831 4527 3401 4600">
     <span class='ocr_line' id='line_1_89' title="bbox 1831 4527 3401 4600; baseline 0.001 -17"><span class='ocrx_word' id='word_1_643' title='bbox 1831 4545 1937 4596; x_wconf 90' lang='lat' dir='ltr'><strong>me,</strong></span> <span class='ocrx_word' id='word_1_644' title='bbox 1977 4532 2121 4585; x_wconf 89' lang='lat' dir='ltr'><strong>videt</strong></span> <span class='ocrx_word' id='word_1_645' title='bbox 2147 4541 2202 4585; x_wconf 89' lang='lat' dir='ltr'><strong>et</strong></span> <span class='ocrx_word' id='word_1_646' title='bbox 2226 4531 2439 4586; x_wconf 89' lang='lat' dir='ltr'><strong>Patrem</strong></span> <span class='ocrx_word' id='word_1_647' title='bbox 2477 4545 2653 4585; x_wconf 90' lang='lat' dir='ltr'><strong>meum</strong></span> <span class='ocrx_word' id='word_1_648' title='bbox 2675 4530 2754 4599; x_wconf 74' lang='grc' dir='ltr'>ἰς</span> <span class='ocrx_word' id='word_1_649' title='bbox 2788 4549 2807 4583; x_wconf 82' lang='grc' dir='ltr'><strong>ι</strong></span> <span class='ocrx_word' id='word_1_650' title='bbox 2834 4540 2911 4595; x_wconf 90' lang='lat' dir='ltr'><strong>et,</strong></span> <span class='ocrx_word' id='word_1_651' title='bbox 2951 4550 2969 4582; x_wconf 78' lang='grc' dir='ltr'><strong>ι</strong></span> <span class='ocrx_word' id='word_1_652' title='bbox 3013 4530 3123 4600; x_wconf 75' lang='lat' dir='ltr'><strong>Ego</strong></span> <span class='ocrx_word' id='word_1_653' title='bbox 3155 4537 3209 4583; x_wconf 89' lang='lat' dir='ltr'><strong>et</strong></span> <span class='ocrx_word' id='word_1_654' title='bbox 3236 4527 3401 4584; x_wconf 87' lang='lat' dir='ltr'><strong>Pater</strong></span> 
     </span>
    </p>
   </div>
   <div class='ocr_carea' id='block_1_90' title="bbox 157 4619 3398 4693">
    <p class='ocr_par' dir='ltr' id='par_1_90' title="bbox 157 4619 3398 4693">
     <span class='ocr_line' id='line_1_90' title="bbox 157 4619 3398 4693; baseline -0 -18"><span class='ocrx_word' id='word_1_655' title='bbox 157 4636 313 4677; x_wconf 90' lang='lat' dir='ltr'><strong>unum</strong></span> <span class='ocrx_word' id='word_1_656' title='bbox 348 4640 536 4680; x_wconf 88' lang='lat' dir='ltr'><strong>sumus</strong></span> <span class='ocrx_word' id='word_1_657' title='bbox 562 4624 644 4687; x_wconf 77' lang='lat' dir='ltr'><strong>ll’;</strong></span> <span class='ocrx_word' id='word_1_658' title='bbox 676 4642 694 4675; x_wconf 76' lang='grc' dir='ltr'><strong>ι</strong></span> <span class='ocrx_word' id='word_1_659' title='bbox 722 4635 777 4678; x_wconf 89' lang='lat' dir='ltr'><strong>et</strong></span> <span class='ocrx_word' id='word_1_660' title='bbox 834 4623 963 4678; x_wconf 91' lang='lat' dir='ltr'><strong>illud</strong></span> <span class='ocrx_word' id='word_1_661' title='bbox 1036 4638 1251 4679; x_wconf 89' lang='lat' dir='ltr'><strong>rursum</strong></span> <span class='ocrx_word' id='word_1_662' title='bbox 1297 4623 1563 4693; x_wconf 85' lang='lat' dir='ltr'><strong>ejusdem,</strong></span> <span class='ocrx_word' id='word_1_663' title='bbox 1593 4621 1755 4675; x_wconf 87' lang='lat' dir='ltr'><strong>Pater</strong></span> <span class='ocrx_word' id='word_1_664' title='bbox 1794 4639 1945 4678; x_wconf 89' lang='lat' dir='ltr'><strong>meus</strong></span> <span class='ocrx_word' id='word_1_665' title='bbox 1992 4620 2167 4691; x_wconf 86' lang='lat' dir='ltr'><strong>major</strong></span> <span class='ocrx_word' id='word_1_666' title='bbox 2208 4638 2292 4677; x_wconf 90' lang='lat' dir='ltr'><strong>me</strong></span> <span class='ocrx_word' id='word_1_667' title='bbox 2364 4633 2447 4678; x_wconf 85' lang='lat' dir='ltr'><strong>est</strong></span> <span class='ocrx_word' id='word_1_668' title='bbox 2474 4624 2539 4676; x_wconf 86' lang='grc'><strong>⁸³.</strong></span> <span class='ocrx_word' id='word_1_669' title='bbox 2581 4643 2599 4676; x_wconf 84' lang='grc' dir='ltr'><strong>ι</strong></span> <span class='ocrx_word' id='word_1_670' title='bbox 2634 4623 2894 4689; x_wconf 85' lang='lat' dir='ltr'><strong>Quamvis</strong></span> <span class='ocrx_word' id='word_1_671' title='bbox 2920 4622 3089 4686; x_wconf 90' lang='lat' dir='ltr'><strong>enim,</strong></span> <span class='ocrx_word' id='word_1_672' title='bbox 3125 4619 3240 4676; x_wconf 85' lang='lat' dir='ltr'><strong>sive</strong></span> <span class='ocrx_word' id='word_1_673' title='bbox 3268 4620 3398 4674; x_wconf 87' lang='lat' dir='ltr'><strong>sub-</strong></span> 
     </span>
    </p>
   </div>
   <div class='ocr_carea' id='block_1_91' title="bbox 158 4714 3398 4788">
    <p class='ocr_par' dir='ltr' id='par_1_91' title="bbox 158 4714 3398 4788">
     <span class='ocr_line' id='line_1_91' title="bbox 158 4714 3398 4788; baseline 0 -18"><span class='ocrx_word' id='word_1_674' title='bbox 158 4720 362 4772; x_wconf 76' lang='lat' dir='ltr'><strong>stantia:</strong></span> <span class='ocrx_word' id='word_1_675' title='bbox 400 4719 767 4783; x_wconf 88' lang='lat' dir='ltr'><strong>identitatem,</strong></span> <span class='ocrx_word' id='word_1_676' title='bbox 790 4718 908 4773; x_wconf 85' lang='lat' dir='ltr'><strong>sive</strong></span> <span class='ocrx_word' id='word_1_677' title='bbox 938 4717 1081 4773; x_wconf 88' lang='lat' dir='ltr'><strong>aliud</strong></span> <span class='ocrx_word' id='word_1_678' title='bbox 1115 4720 1496 4788; x_wconf 90' lang='lat' dir='ltr'><strong>quodcunque,</strong></span> <span class='ocrx_word' id='word_1_679' title='bbox 1530 4717 1580 4769; x_wconf 90' lang='lat' dir='ltr'><strong>in</strong></span> <span class='ocrx_word' id='word_1_680' title='bbox 1614 4731 1719 4784; x_wconf 88' lang='lat' dir='ltr'><strong>quo</strong></span> <span class='ocrx_word' id='word_1_681' title='bbox 1794 4732 1913 4770; x_wconf 86' lang='lat' dir='ltr'><strong>cum</strong></span> <span class='ocrx_word' id='word_1_682' title='bbox 1966 4715 2127 4771; x_wconf 84' lang='lat' dir='ltr'><strong>Patre</strong></span> <span class='ocrx_word' id='word_1_683' title='bbox 2178 4717 2414 4772; x_wconf 74' lang='lat' dir='ltr'><strong>conferri</strong></span> <span class='ocrx_word' id='word_1_684' title='bbox 2468 4726 2650 4787; x_wconf 86' lang='lat' dir='ltr'><strong>queat,</strong></span> <span class='ocrx_word' id='word_1_685' title='bbox 2710 4724 2941 4787; x_wconf 84' lang='lat' dir='ltr'><strong>spectes,</strong></span> <span class='ocrx_word' id='word_1_686' title='bbox 2972 4714 3133 4769; x_wconf 90' lang='lat' dir='ltr'><strong>Patre</strong></span> <span class='ocrx_word' id='word_1_687' title='bbox 3192 4728 3398 4784; x_wconf 83' lang='lat' dir='ltr'><strong>nequa-</strong></span> 
     </span>
    </p>
   </div>
   <div class='ocr_carea' id='block_1_92' title="bbox 158 4808 2703 4886">
    <p class='ocr_par' dir='ltr' id='par_1_92' title="bbox 158 4808 2703 4886">
     <span class='ocr_line' id='line_1_92' title="bbox 158 4808 2703 4886; baseline 0.001 -22"><span class='ocrx_word' id='word_1_688' title='bbox 158 4826 312 4886; x_wconf 89' lang='lat' dir='ltr'><strong>quam</strong></span> <span class='ocrx_word' id='word_1_689' title='bbox 348 4811 525 4864; x_wconf 90' lang='lat' dir='ltr'><strong>minor</strong></span> <span class='ocrx_word' id='word_1_690' title='bbox 557 4812 662 4874; x_wconf 88' lang='lat' dir='ltr'><strong>sit;</strong></span> <span class='ocrx_word' id='word_1_691' title='bbox 707 4819 884 4865; x_wconf 90' lang='lat' dir='ltr'><strong>tamen</strong></span> <span class='ocrx_word' id='word_1_692' title='bbox 909 4820 1129 4880; x_wconf 86' lang='lat' dir='ltr'><strong>propter</strong></span> <span class='ocrx_word' id='word_1_693' title='bbox 1166 4818 1499 4878; x_wconf 88' lang='lat' dir='ltr'><strong>assumptam</strong></span> <span class='ocrx_word' id='word_1_694' title='bbox 1523 4808 1934 4875; x_wconf 87' lang='lat' dir='ltr'><strong>humanitatem,</strong></span> <span class='ocrx_word' id='word_1_695' title='bbox 1956 4810 2117 4865; x_wconf 88' lang='lat' dir='ltr'><strong>Patre</strong></span> <span class='ocrx_word' id='word_1_696' title='bbox 2142 4814 2405 4863; x_wconf 84' lang='lat' dir='ltr'><strong>minorem</strong></span> <span class='ocrx_word' id='word_1_697' title='bbox 2434 4825 2491 4864; x_wconf 92' lang='lat' dir='ltr'><strong>se</strong></span> <span class='ocrx_word' id='word_1_698' title='bbox 2525 4818 2703 4866; x_wconf 90' lang='lat' dir='ltr'><strong>vocat.</strong></span> 
     </span>
    </p>
   </div>
   <div class='ocr_carea' id='block_1_93' title="bbox 222 4900 1719 4972">
    <p class='ocr_par' dir='ltr' id='par_1_93' title="bbox 222 4900 1715 4972">
     <span class='ocr_line' id='line_1_93' title="bbox 222 4900 1715 4972; baseline -0.005 -13"><span class='ocrx_word' id='word_1_699' title='bbox 222 4905 349 4959; x_wconf 72' lang='grc' dir='ltr'><strong>ΚΘ.</strong></span> <span class='ocrx_word' id='word_1_700' title='bbox 388 4900 735 4972; x_wconf 81' lang='grc' dir='ltr'>Κηρύττεται</span> <span class='ocrx_word' id='word_1_701' title='bbox 766 4901 822 4953; x_wconf 86' lang='grc' dir='ltr'>δὲ</span> <span class='ocrx_word' id='word_1_702' title='bbox 856 4902 949 4954; x_wconf 70' lang='grc' dir='ltr'>καὶ</span> <span class='ocrx_word' id='word_1_703' title='bbox 980 4901 1068 4953; x_wconf 85' lang='grc' dir='ltr'><strong>διὰ</strong></span> <span class='ocrx_word' id='word_1_704' title='bbox 1100 4901 1210 4955; x_wconf 81' lang='grc' dir='ltr'><strong>τῶν</strong></span> <span class='ocrx_word' id='word_1_705' title='bbox 1256 4901 1415 4970; x_wconf 77' lang='grc' dir='ltr'>ἱερῶν</span> <span class='ocrx_word' id='word_1_706' title='bbox 1455 4900 1715 4969; x_wconf 76' lang='grc' dir='ltr'>Γραμμα-</span> 
     </span>
    </p>
   </div>
   <div class='ocr_carea' id='block_1_94' title="bbox 1821 4900 3399 4972">
    <p class='ocr_par' dir='ltr' id='par_1_94' title="bbox 1902 4901 3399 4971">
     <span class='ocr_line' id='line_1_94' title="bbox 1902 4901 3399 4971; baseline 0.001 -15"><span class='ocrx_word' id='word_1_707' title='bbox 1902 4901 2095 4957; x_wconf 78' lang='lat' dir='ltr'><strong>XXIX.</strong></span> <span class='ocrx_word' id='word_1_708' title='bbox 2130 4904 2268 4970; x_wconf 87' lang='lat' dir='ltr'><strong>Quin</strong></span> <span class='ocrx_word' id='word_1_709' title='bbox 2296 4917 2462 4957; x_wconf 73' lang='lat' dir='ltr'><strong>sacrae</strong></span> <span class='ocrx_word' id='word_1_710' title='bbox 2493 4916 2709 4971; x_wconf 87' lang='lat' dir='ltr'><strong>quoque</strong></span> <span class='ocrx_word' id='word_1_711' title='bbox 2736 4901 2957 4955; x_wconf 66' lang='lat' dir='ltr'><strong>Litterae</strong></span> <span class='ocrx_word' id='word_1_712' title='bbox 3004 4901 3399 4970; x_wconf 84' lang='lat' dir='ltr'><strong>dispensatoria</strong></span> 
     </span>
    </p>
   </div>
   <div class='ocr_carea' id='block_1_95' title="bbox 159 4990 1719 5063">
    <p class='ocr_par' dir='ltr' id='par_1_95' title="bbox 159 4990 1719 5063">
     <span class='ocr_line' id='line_1_95' title="bbox 159 4990 1719 5063; baseline -0.006 -14"><span class='ocrx_word' id='word_1_713' title='bbox 159 5016 280 5063; x_wconf 71' lang='lat' dir='ltr'><strong>mw,</strong></span> <span class='ocrx_word' id='word_1_714' title='bbox 317 4996 446 5053; x_wconf 81' lang='grc' dir='ltr'>ποτὲ</span> <span class='ocrx_word' id='word_1_715' title='bbox 484 4994 579 5063; x_wconf 80' lang='grc' dir='ltr'>μὲν</span> <span class='ocrx_word' id='word_1_716' title='bbox 607 4993 681 5054; x_wconf 85' lang='grc' dir='ltr'>ὼς</span> <span class='ocrx_word' id='word_1_717' title='bbox 711 4993 830 5054; x_wconf 83' lang='grc' dir='ltr'>ὅλος</span> <span class='ocrx_word' id='word_1_718' title='bbox 864 4992 940 5043; x_wconf 80' lang='grc' dir='ltr'><strong>ὢν</strong></span> <span class='ocrx_word' id='word_1_719' title='bbox 968 4991 1274 5062; x_wconf 77' lang='grc' dir='ltr'>ἄνθρωπος,</span> <span class='ocrx_word' id='word_1_720' title='bbox 1309 4990 1719 5059; x_wconf 80' lang='grc' dir='ltr'>σεσιωπημένης</span> 
     </span>
    </p>
   </div>
   <div class='ocr_carea' id='block_1_96' title="bbox 1821 4990 3398 5063">
    <p class='ocr_par' dir='ltr' id='par_1_96' title="bbox 1832 4992 3398 5063">
     <span class='ocr_line' id='line_1_96' title="bbox 1832 4992 3398 5063; baseline 0.003 -19"><span class='ocrx_word' id='word_1_721' title='bbox 1832 4996 2061 5063; x_wconf 88' lang='lat' dir='ltr'><strong>quadam</strong></span> <span class='ocrx_word' id='word_1_722' title='bbox 2118 4996 2345 5057; x_wconf 88' lang='lat' dir='ltr'><strong>ratione,</strong></span> <span class='ocrx_word' id='word_1_723' title='bbox 2374 4994 2653 5048; x_wconf 86' lang='lat' dir='ltr'><strong>divinitate</strong></span> <span class='ocrx_word' id='word_1_724' title='bbox 2712 4992 2855 5047; x_wconf 89' lang='lat' dir='ltr'><strong>illius</strong></span> <span class='ocrx_word' id='word_1_725' title='bbox 2878 5008 3189 5062; x_wconf 88' lang='lat' dir='ltr'><strong>suppressa,</strong></span> <span class='ocrx_word' id='word_1_726' title='bbox 3228 5002 3398 5050; x_wconf 81' lang='lat' dir='ltr'><strong>tntum</strong></span> 
     </span>
    </p>
   </div>
   <div class='ocr_carea' id='block_1_97' title="bbox 162 5077 1719 5155">
    <p class='ocr_par' dir='ltr' id='par_1_97' title="bbox 162 5077 1719 5155">
     <span class='ocr_line' id='line_1_97' title="bbox 162 5077 1719 5155; baseline -0.005 -14"><span class='ocrx_word' id='word_1_727' title='bbox 162 5088 316 5141; x_wconf 75' lang='grc' dir='ltr'>αὐτοῦ</span> <span class='ocrx_word' id='word_1_728' title='bbox 345 5088 447 5155; x_wconf 75' lang='grc' dir='ltr'><strong>τῆς</strong></span> <span class='ocrx_word' id='word_1_729' title='bbox 474 5085 724 5152; x_wconf 79' lang='grc' dir='ltr'>θεότητος</span> <span class='ocrx_word' id='word_1_730' title='bbox 754 5083 1113 5152; x_wconf 78' lang='grc' dir='ltr'>οἰκονομικῶς·</span> <span class='ocrx_word' id='word_1_731' title='bbox 1133 5099 1146 5113; x_wconf 86' lang='grc'><strong>·</strong></span> <span class='ocrx_word' id='word_1_732' title='bbox 1181 5084 1309 5135; x_wconf 82' lang='grc' dir='ltr'>ποτὲ</span> <span class='ocrx_word' id='word_1_733' title='bbox 1352 5084 1409 5136; x_wconf 79' lang='grc' dir='ltr'>δὲ</span> <span class='ocrx_word' id='word_1_734' title='bbox 1458 5077 1524 5135; x_wconf 77' lang='grc' dir='ltr'>αὖ</span> <span class='ocrx_word' id='word_1_735' title='bbox 1563 5082 1719 5135; x_wconf 83' lang='grc' dir='ltr'>πάλιν</span> 
     </span>
    </p>
   </div>
   <div class='ocr_carea' id='block_1_98' title="bbox 1821 5077 3400 5155">
    <p class='ocr_par' dir='ltr' id='par_1_98' title="bbox 1832 5080 3400 5150">
     <span class='ocr_line' id='line_1_98' title="bbox 1832 5080 3400 5150; baseline 0.001 -17"><span class='ocrx_word' id='word_1_736' title='bbox 1832 5080 2103 5135; x_wconf 89' lang='lat' dir='ltr'><strong>interdum</strong></span> <span class='ocrx_word' id='word_1_737' title='bbox 2141 5082 2440 5150; x_wconf 62' lang='lat' dir='ltr'><strong>pradicant</strong></span> <span class='ocrx_word' id='word_1_738' title='bbox 2491 5090 2546 5133; x_wconf 87' lang='lat' dir='ltr'><strong>ut</strong></span> <span class='ocrx_word' id='word_1_739' title='bbox 2578 5080 3099 5145; x_wconf 85' lang='lat' dir='ltr'><strong>hominem;contra</strong></span> <span class='ocrx_word' id='word_1_740' title='bbox 3148 5085 3400 5136; x_wconf 80' lang='lat' dir='ltr'><strong>nunnuu-</strong></span> 
     </span>
    </p>
   </div>
   <div class='ocr_carea' id='block_1_99' title="bbox 162 5170 1719 5246">
    <p class='ocr_par' dir='ltr' id='par_1_99' title="bbox 162 5174 1719 5246">
     <span class='ocr_line' id='line_1_99' title="bbox 162 5174 1719 5246; baseline -0.004 -14"><span class='ocrx_word' id='word_1_741' title='bbox 162 5180 229 5243; x_wconf 84' lang='grc' dir='ltr'>ὼς</span> <span class='ocrx_word' id='word_1_742' title='bbox 280 5179 430 5242; x_wconf 79' lang='grc' dir='ltr'>Θεὸς,</span> <span class='ocrx_word' id='word_1_743' title='bbox 472 5176 891 5246; x_wconf 84' lang='grc' dir='ltr'>σεσιωπημένης</span> <span class='ocrx_word' id='word_1_744' title='bbox 939 5174 1102 5228; x_wconf 83' lang='grc' dir='ltr'>αὐτοῦ</span> <span class='ocrx_word' id='word_1_745' title='bbox 1133 5175 1231 5243; x_wconf 81' lang='grc' dir='ltr'><strong>τῆς</strong></span> <span class='ocrx_word' id='word_1_746' title='bbox 1261 5174 1719 5244; x_wconf 72' lang='grc' dir='ltr'>ἀνθρωπότητοςτ</span> 
     </span>
    </p>
   </div>
   <div class='ocr_carea' id='block_1_100' title="bbox 1821 5170 3399 5246">
    <p class='ocr_par' dir='ltr' id='par_1_100' title="bbox 1832 5170 3399 5242">
     <span class='ocr_line' id='line_1_100' title="bbox 1832 5170 3399 5242; baseline 0.001 -16"><span class='ocrx_word' id='word_1_747' title='bbox 1832 5188 1993 5241; x_wconf 92' lang='lat' dir='ltr'><strong>quam</strong></span> <span class='ocrx_word' id='word_1_748' title='bbox 2018 5174 2354 5227; x_wconf 91' lang='lat' dir='ltr'><strong>humanitate</strong></span> <span class='ocrx_word' id='word_1_749' title='bbox 2383 5170 2623 5241; x_wconf 82' lang='lat' dir='ltr'><strong>ejusdem</strong></span> <span class='ocrx_word' id='word_1_750' title='bbox 2657 5172 2838 5237; x_wconf 83' lang='lat' dir='ltr'><strong>tacita,</strong></span> <span class='ocrx_word' id='word_1_751' title='bbox 2871 5180 3040 5226; x_wconf 90' lang='lat' dir='ltr'><strong>totum</strong></span> <span class='ocrx_word' id='word_1_752' title='bbox 3077 5172 3399 5242; x_wconf 81' lang='lat' dir='ltr'><strong>quandoque</strong></span> 
     </span>
    </p>
   </div>
   <div class='ocr_carea' id='block_1_101' title="bbox 164 5263 1719 5337">
    <p class='ocr_par' dir='ltr' id='par_1_101' title="bbox 164 5266 1719 5337">
     <span class='ocr_line' id='line_1_101' title="bbox 164 5266 1719 5337; baseline -0.003 -15"><span class='ocrx_word' id='word_1_753' title='bbox 164 5270 417 5323; x_wconf 81' lang='grc' dir='ltr'>ἀδικεῖται</span> <span class='ocrx_word' id='word_1_754' title='bbox 438 5268 495 5321; x_wconf 84' lang='grc' dir='ltr'>δὲ</span> <span class='ocrx_word' id='word_1_755' title='bbox 536 5267 655 5320; x_wconf 82' lang='grc' dir='ltr'>κατ’</span> <span class='ocrx_word' id='word_1_756' title='bbox 689 5267 880 5319; x_wconf 78' lang='grc' dir='ltr'>οὐδένα</span> <span class='ocrx_word' id='word_1_757' title='bbox 902 5267 1120 5337; x_wconf 86' lang='grc' dir='ltr'>τρόπον,</span> <span class='ocrx_word' id='word_1_758' title='bbox 1148 5266 1235 5319; x_wconf 70' lang='grc' dir='ltr'>διὰ.</span> <span class='ocrx_word' id='word_1_759' title='bbox 1273 5266 1373 5336; x_wconf 82' lang='grc' dir='ltr'><strong>τὴν</strong></span> <span class='ocrx_word' id='word_1_760' title='bbox 1415 5268 1617 5335; x_wconf 84' lang='grc' dir='ltr'>ἀμφοῖν</span> <span class='ocrx_word' id='word_1_761' title='bbox 1644 5268 1719 5328; x_wconf 88' lang='grc' dir='ltr'>εἰς</span> 
     </span>
    </p>
   </div>
   <div class='ocr_carea' id='block_1_102' title="bbox 1821 5263 3402 5337">
    <p class='ocr_par' dir='ltr' id='par_1_102' title="bbox 1835 5263 3402 5333">
     <span class='ocr_line' id='line_1_102' title="bbox 1835 5263 3402 5333; baseline -0.001 -16"><span class='ocrx_word' id='word_1_762' title='bbox 1835 5264 2110 5319; x_wconf 91' lang='lat' dir='ltr'><strong>insinuant</strong></span> <span class='ocrx_word' id='word_1_763' title='bbox 2131 5273 2189 5317; x_wconf 91' lang='lat' dir='ltr'><strong>ut</strong></span> <span class='ocrx_word' id='word_1_764' title='bbox 2218 5263 2404 5317; x_wconf 89' lang='lat' dir='ltr'><strong>Deum.</strong></span> <span class='ocrx_word' id='word_1_765' title='bbox 2436 5264 2686 5318; x_wconf 84' lang='lat' dir='ltr'><strong>Attamen</strong></span> <span class='ocrx_word' id='word_1_766' title='bbox 2738 5271 2961 5333; x_wconf 88' lang='lat' dir='ltr'><strong>propter</strong></span> <span class='ocrx_word' id='word_1_767' title='bbox 2988 5263 3268 5332; x_wconf 85' lang='lat' dir='ltr'><strong>utriusque</strong></span> <span class='ocrx_word' id='word_1_768' title='bbox 3303 5276 3402 5316; x_wconf 85' lang='lat' dir='ltr'><strong>na-</strong></span> 
     </span>
    </p>
   </div>
   <div class='ocr_carea' id='block_1_103' title="bbox 166 5352 1719 5425">
    <p class='ocr_par' dir='ltr' id='par_1_103' title="bbox 166 5354 1719 5425">
     <span class='ocr_line' id='line_1_103' title="bbox 166 5354 1719 5425; baseline 0.003 -20"><span class='ocrx_word' id='word_1_769' title='bbox 166 5357 381 5424; x_wconf 73' lang='grc' dir='ltr'>ὲνότητα</span> <span class='ocrx_word' id='word_1_770' title='bbox 430 5354 721 5425; x_wconf 78' lang='grc' dir='ltr'>σύμϐασιν.</span> <span class='ocrx_word' id='word_1_771' title='bbox 765 5356 876 5409; x_wconf 78' lang='grc' dir='ltr'><strong>Καὶ</strong></span> <span class='ocrx_word' id='word_1_772' title='bbox 909 5355 1037 5423; x_wconf 90' lang='grc' dir='ltr'>γοῦν</span> <span class='ocrx_word' id='word_1_773' title='bbox 1061 5358 1089 5409; x_wconf 86' lang='grc' dir='ltr'><strong>ὁ</strong></span> <span class='ocrx_word' id='word_1_774' title='bbox 1119 5355 1403 5419; x_wconf 81' lang='grc' dir='ltr'>Θεσπέσιος</span> <span class='ocrx_word' id='word_1_775' title='bbox 1434 5355 1662 5422; x_wconf 85' lang='grc' dir='ltr'>Παῦλος,</span> <span class='ocrx_word' id='word_1_776' title='bbox 1694 5358 1719 5410; x_wconf 90' lang='lat'><strong>6</strong></span> 
     </span>
    </p>
   </div>
   <div class='ocr_carea' id='block_1_104' title="bbox 1821 5352 3396 5425">
    <p class='ocr_par' dir='ltr' id='par_1_104' title="bbox 1834 5352 3396 5425">
     <span class='ocr_line' id='line_1_104' title="bbox 1834 5352 3396 5425; baseline -0.001 -16"><span class='ocrx_word' id='word_1_777' title='bbox 1834 5365 1967 5409; x_wconf 74' lang='lat' dir='ltr'><strong>tura:</strong></span> <span class='ocrx_word' id='word_1_778' title='bbox 2025 5354 2077 5409; x_wconf 92' lang='lat' dir='ltr'><strong>in</strong></span> <span class='ocrx_word' id='word_1_779' title='bbox 2132 5369 2292 5409; x_wconf 91' lang='lat' dir='ltr'><strong>unam</strong></span> <span class='ocrx_word' id='word_1_780' title='bbox 2354 5353 2706 5425; x_wconf 88' lang='lat' dir='ltr'><strong>eamdemque</strong></span> <span class='ocrx_word' id='word_1_781' title='bbox 2735 5368 3022 5425; x_wconf 84' lang='lat' dir='ltr'><strong>personam</strong></span> <span class='ocrx_word' id='word_1_782' title='bbox 3084 5352 3396 5420; x_wconf 81' lang='lat' dir='ltr'><strong>coitionem,</strong></span> 
     </span>
    </p>
   </div>
   <div class='ocr_carea' id='block_1_105' title="bbox 1827 4345 3400 4415">
    <p class='ocr_par' dir='ltr' id='par_1_105' title="bbox 1827 4345 3400 4415">
     <span class='ocr_line' id='line_1_105' title="bbox 1827 4345 3400 4415; baseline 0 -17"><span class='ocrx_word' id='word_1_783' title='bbox 1827 4346 2057 4400; x_wconf 87' lang='lat' dir='ltr'><strong>hominis</strong></span> <span class='ocrx_word' id='word_1_784' title='bbox 2092 4357 2341 4401; x_wconf 90' lang='lat' dir='ltr'><strong>naturam</strong></span> <span class='ocrx_word' id='word_1_785' title='bbox 2369 4346 2423 4400; x_wconf 90' lang='lat' dir='ltr'><strong>in</strong></span> <span class='ocrx_word' id='word_1_786' title='bbox 2452 4346 2756 4401; x_wconf 89' lang='lat' dir='ltr'><strong>humilitate</strong></span> <span class='ocrx_word' id='word_1_787' title='bbox 2786 4345 2973 4415; x_wconf 79' lang='lat' dir='ltr'><strong>jacere</strong></span> <span class='ocrx_word' id='word_1_788' title='bbox 2997 4360 3101 4400; x_wconf 94' lang='lat' dir='ltr'><strong>non</strong></span> <span class='ocrx_word' id='word_1_789' title='bbox 3128 4345 3400 4400; x_wconf 86' lang='lat' dir='ltr'><strong>detrecta-</strong></span> 
     </span>
    </p>
   </div>
   <div class='ocr_carea' id='block_1_106' title="bbox 1829 4435 3401 4507">
    <p class='ocr_par' dir='ltr' id='par_1_106' title="bbox 1829 4435 3401 4507">
     <span class='ocr_line' id='line_1_106' title="bbox 1829 4435 3401 4507; baseline 0.001 -19"><span class='ocrx_word' id='word_1_790' title='bbox 1829 4438 1924 4490; x_wconf 78' lang='lat' dir='ltr'><strong>vit.</strong></span> <span class='ocrx_word' id='word_1_791' title='bbox 1971 4438 2147 4507; x_wconf 78' lang='lat' dir='ltr'><strong>Atque</strong></span> <span class='ocrx_word' id='word_1_792' title='bbox 2202 4440 2306 4495; x_wconf 89' lang='lat' dir='ltr'><strong>huc</strong></span> <span class='ocrx_word' id='word_1_793' title='bbox 2342 4439 2505 4495; x_wconf 87' lang='lat' dir='ltr'><strong>tendit</strong></span> <span class='ocrx_word' id='word_1_794' title='bbox 2557 4437 2687 4493; x_wconf 91' lang='lat' dir='ltr'><strong>illud</strong></span> <span class='ocrx_word' id='word_1_795' title='bbox 2730 4436 2982 4493; x_wconf 88' lang='lat' dir='ltr'><strong>Christi:</strong></span> <span class='ocrx_word' id='word_1_796' title='bbox 3024 4455 3047 4491; x_wconf 73' lang='grc' dir='ltr'><strong>ε</strong></span> <span class='ocrx_word' id='word_1_797' title='bbox 3098 4436 3198 4504; x_wconf 81' lang='lat' dir='ltr'><strong>Qui</strong></span> <span class='ocrx_word' id='word_1_798' title='bbox 3253 4435 3401 4491; x_wconf 80' lang='lat' dir='ltr'><strong>videt</strong></span> 
     </span>
    </p>
   </div>
   <div class='ocr_carea' id='block_1_107' title="bbox 232 5508 1719 5581">
    <p class='ocr_par' dir='ltr' id='par_1_107' title="bbox 232 5508 1719 5581">
     <span class='ocr_line' id='line_1_107' title="bbox 232 5508 1719 5581; baseline -0.002 -12"><span class='ocrx_word' id='word_1_799' title='bbox 232 5512 275 5547; x_wconf 68' lang='grc' dir='ltr'><strong>ν’</strong></span> <span class='ocrx_word' id='word_1_800' title='bbox 298 5514 462 5572; x_wconf 82' lang='lat' dir='ltr'><strong>Hebr.</strong></span> <span class='ocrx_word' id='word_1_801' title='bbox 496 5514 539 5579; x_wconf 86' lang='lat' dir='ltr'><strong>l,</strong></span> <span class='ocrx_word' id='word_1_802' title='bbox 569 5515 625 5581; x_wconf 73' lang='lat'><strong>5,</strong></span> <span class='ocrx_word' id='word_1_803' title='bbox 660 5515 716 5569; x_wconf 77' lang='grc'><strong>4.</strong></span> <span class='ocrx_word' id='word_1_804' title='bbox 790 5513 834 5545; x_wconf 76' lang='grc'>⁸⁸</span> <span class='ocrx_word' id='word_1_805' title='bbox 866 5512 1027 5571; x_wconf 87' lang='lat' dir='ltr'><strong>llebr.</strong></span> <span class='ocrx_word' id='word_1_806' title='bbox 1074 5528 1131 5576; x_wconf 90' lang='lat' dir='ltr'><strong>ll,</strong></span> <span class='ocrx_word' id='word_1_807' title='bbox 1164 5510 1217 5566; x_wconf 90' lang='lat'><strong>9.</strong></span> <span class='ocrx_word' id='word_1_808' title='bbox 1292 5510 1335 5541; x_wconf 88' lang='grc'><strong>⁸¹</strong></span> <span class='ocrx_word' id='word_1_809' title='bbox 1358 5508 1515 5565; x_wconf 80' lang='lat' dir='ltr'><strong>Joan.</strong></span> <span class='ocrx_word' id='word_1_810' title='bbox 1563 5526 1672 5577; x_wconf 78' lang='lat' dir='ltr'><strong>xw,</strong></span> <span class='ocrx_word' id='word_1_811' title='bbox 1707 5512 1719 5566; x_wconf 74' lang='lat' dir='ltr'><strong>i</strong></span> 
     </span>
    </p>
   </div>
   <div class='ocr_carea' id='block_1_108' title="bbox 1821 5508 2898 5581">
    <p class='ocr_par' dir='ltr' id='par_1_108' title="bbox 1836 5508 2898 5580">
     <span class='ocr_line' id='line_1_108' title="bbox 1836 5508 2898 5580; baseline 0.003 -16"><span class='ocrx_word' id='word_1_812' title='bbox 1836 5511 1881 5543; x_wconf 83' lang='grc'><em>³³</em></span> <span class='ocrx_word' id='word_1_813' title='bbox 1914 5510 2071 5566; x_wconf 82' lang='lat' dir='ltr'><strong>Joan.</strong></span> <span class='ocrx_word' id='word_1_814' title='bbox 2104 5526 2159 5577; x_wconf 85' lang='lat' dir='ltr'><strong>x,</strong></span> <span class='ocrx_word' id='word_1_815' title='bbox 2204 5509 2293 5565; x_wconf 85' lang='grc'><strong>50.</strong></span> <span class='ocrx_word' id='word_1_816' title='bbox 2369 5510 2416 5546; x_wconf 77' lang='grc'><em>⁸³</em></span> <span class='ocrx_word' id='word_1_817' title='bbox 2443 5510 2601 5571; x_wconf 87' lang='lat' dir='ltr'><strong>Joan.</strong></span> <span class='ocrx_word' id='word_1_818' title='bbox 2655 5525 2771 5580; x_wconf 76' lang='lat' dir='ltr'><strong>xw,</strong></span> <span class='ocrx_word' id='word_1_819' title='bbox 2805 5508 2898 5567; x_wconf 77' lang='lat'><strong>28.</strong></span> 
     </span>
    </p>
   </div>
   <div class='ocr_carea' id='block_1_109' title="bbox 1260 5648 2360 5723">
    <p class='ocr_par' dir='ltr' id='par_1_109' title="bbox 1260 5648 2360 5723">
     <span class='ocr_line' id='line_1_109' title="bbox 1260 5648 2360 5723; baseline 0.002 -18"><span class='ocrx_word' id='word_1_820' title='bbox 1260 5650 1431 5707; x_wconf 75' lang='lat' dir='ltr'><strong>Varia:</strong></span> <span class='ocrx_word' id='word_1_821' title='bbox 1462 5652 1720 5710; x_wconf 88' lang='lat' dir='ltr'><strong>lectiones</strong></span> <span class='ocrx_word' id='word_1_822' title='bbox 1750 5651 1952 5711; x_wconf 84' lang='lat' dir='ltr'><strong>codicis</strong></span> <span class='ocrx_word' id='word_1_823' title='bbox 1994 5648 2360 5723; x_wconf 81' lang='lat' dir='ltr'><strong>Seguicriaui.</strong></span> 
     </span>
    </p>
   </div>
   <div class='ocr_carea' id='block_1_110' title="bbox 236 5788 1446 5866">
    <p class='ocr_par' dir='ltr' id='par_1_110' title="bbox 236 5788 1446 5866">
     <span class='ocr_line' id='line_1_110' title="bbox 236 5788 1446 5866; baseline -0.012 -12"><span class='ocrx_word' id='word_1_824' title='bbox 236 5795 261 5835; x_wconf 73' lang='grc'><strong>²¹</strong></span> <span class='ocrx_word' id='word_1_825' title='bbox 289 5793 598 5866; x_wconf 69' lang='grc' dir='ltr'>φληνάφους</span> <span class='ocrx_word' id='word_1_826' title='bbox 620 5789 996 5862; x_wconf 76' lang='grc' dir='ltr'>είκαιομυθῐας</span> <span class='ocrx_word' id='word_1_827' title='bbox 1026 5788 1446 5858; x_wconf 63' lang='grc' dir='ltr'>ἀνταναφωνεῖν.</span> 
     </span>
    </p>
   </div>
  </div>
