4056 6334
685 334 819 390 H75

675 537 889 595 divinus
929 543 1127 604 Paulus
1165 550 1420 613 Hebra'us
1467 576 1528 614 ex
1580 537 1839 629 Hebraeis,
1872 537 1944 619 es
1974 537 2245 634 Benjami-

677 633 779 686 tica
815 636 956 692 tribu
995 642 1062 696 ad
1083 649 1439 713 apostolatnm
1470 661 1707 718 vocatus,
1744 657 1828 710 his
1847 659 1936 727 qni
1964 675 2060 730 per
2083 633 2243 719 iidem

669 722 954 790 justiticati
1009 734 1242 803 fuerant,
1281 741 1627 810 carnaliaque
1679 749 1938 816 membra,
1974 763 2098 820 puta
2135 756 2244 809 l'ur-

673 815 1020 891 uicationem,
1046 831 1344 896 avaritiam,
1374 833 1564 886 malam
1594 838 1967 909 cupiditatem,
2000 855 2054 900 et
2087 859 2244 904 cmte-

672 918 762 960 ras
797 911 962 967 animi
996 921 1428 980 perturbationes
1479 928 1961 1001 mortiﬁcaverant,
1999 940 2065 993 ad
2100 941 2242 996 hunc

672 1000 891 1055 modum
923 1007 1148 1062 scribit:
1187 1027 1205 1059 ι
1243 1009 1439 1067 Mortui
1487 1019 1631 1075 enim
1669 1024 1820 1089 estis,
1849 1037 1903 1080 et
1930 1030 2036 1084 vita
2061 1043 2236 1088 vestra

670 1097 754 1141 cst
795 1093 1106 1150 abscondita
1141 1113 1266 1154 cum
1317 1102 1548 1164 Christo
1587 1112 1638 1164 in
1672 1113 1780 1168 Deo
1802 1115 1868 1169 ⁸⁸.
1900 1135 1918 1168 ι
1946 1118 2059 1172 lmo
2113 1137 2240 1175 vero

669 1176 783 1247 ipse
837 1182 1081 1241 Christus
1135 1189 1205 1244 ita
1238 1208 1535 1262 precatur:
1583 1221 1600 1252 ι
1639 1202 1798 1267 l‘ater
1834 1218 2043 1276 sancte,
2081 1227 2237 1268 serva

666 1283 760 1324 eos
785 1271 839 1326 in
871 1277 1086 1333 nomine
1116 1288 1229 1349 tuo,
1262 1300 1399 1355 quos
1426 1292 1616 1346 dedisti
1643 1294 1792 1358 mihi,
1820 1306 1877 1350 ut
1906 1298 2014 1354 sint
2046 1317 2236 1367 unum,

665 1362 806 1415 sicut
843 1374 898 1419 et
954 1385 1071 1428 nos.
1109 1373 1245 1430 Cum
1280 1394 1452 1433 cssem
1504 1398 1624 1461 cum
1671 1385 1770 1448 eis,
1804 1402 1904 1458 ego
1953 1393 2235 1448 servabam

665 1469 759 1508 eos
791 1457 840 1510 in
875 1467 1091 1520 nomine
1149 1480 1236 1522 tuo
1265 1490 1278 1526 :
1321 1490 1455 1541 quos
1503 1457 1693 1534 dedisti
1759 1486 1890 1539 mihi
1925 1503 2023 1555 ego
2056 1504 2238 1545 cusw-

667 1546 773 1600 divi
802 1567 816 1614 ;
852 1562 906 1606 et
934 1570 1090 1610 nemo
1121 1575 1183 1614 ex
1209 1563 1288 1616 eis
1319 1567 1500 1633 periit,
1546 1572 1648 1625 nisi
1704 1573 1846 1633 lilius
1888 1581 2234 1650 perditionis,

667 1647 723 1691 ut
747 1639 1023 1712 Scriptura
1046 1651 1155 1722 26
1184 1654 1488 1724 impleatur,
1526 1665 1676 1722 Nunc
1727 1639 1906 1727 autem
1961 1677 2026 1729 ad
2057 1687 2106 1730 te
2144 1694 2234 1732 vce

667 1728 754 1783 nio
789 1749 800 1784 :
829 1743 880 1786 ct
911 1733 1020 1791 hicc
1068 1740 1256 1810 loquor
1297 1748 1346 1802 in
1385 1757 1599 1819 mundo,
1632 1771 1688 1814 ut
1719 1762 1955 1820 habeant
1982 1770 2231 1837 gaudium

668 1837 843 1879 meum
885 1827 1162 1899 impletum
1203 1838 1255 1893 iu
1304 1849 1610 1917 semetipsis
1633 1850 1700 1905 ³⁸.
1741 1872 1758 1904 ι
1793 1854 2055 1925 lntelligis
2098 1875 2232 1926 quo-

667 1915 824 1968 modo
847 1933 941 1985 per
968 1922 1158 1989 solam,
1185 1944 1333 1986 more
1351 1947 1553 2002 nostro,
1577 1941 1963 1999 humanitatem
1995 1947 2081 2001 hic
2105 1949 2235 2004 insi-

659 2003 817 2055 nuari
856 2005 1139 2065 videatur?
1166 2014 1350 2085 Neque
1396 2026 1535 2077 enim
1580 2042 1644 2080 ex
1706 2029 1853 2085 hisce
1908 2036 2234 2096 concludere

663 2090 786 2147 licet
834 2094 1066 2154 Verbum
1095 2106 1275 2177 aliquo
1307 2127 1366 2167 se
1393 2114 1682 2186 abdidisse,
1707 2132 1798 2176 aut
1833 2139 1862 2178 e
1907 2131 2104 2184 mundo
2130 2132 2232 2187 hoc

659 2184 1460 2270 emigrasse:constatnamqne
1481 2206 1606 2260 alibi
1636 2220 1820 2278 aperte
1868 2215 2226 2273 disseruisse:

660 2292 684 2325 ι
718 2275 913 2346 Amen,
941 2297 1095 2336 amen
1151 2287 1272 2341 dico
1318 2293 1488 2357 vobis,
1524 2297 1609 2351 ubi
1662 2275 1788 2354 sunt
1842 2304 1947 2359 duo
1995 2318 2087 2361 aut
2122 2318 2232 2366 tres

659 2372 967 2439 congregati
1040 2375 1092 2429 in
1157 2380 1372 2435 nomine
1436 2399 1577 2451 meo,
1628 2389 1699 2444 ibi
1763 2407 1884 2447 sum
1931 2396 1986 2450 in
2055 2402 2231 2456 medio

658 2462 918 2516 eorum".
960 2482 979 2514 ι
1005 2464 1068 2518 Ει
1101 2466 1292 2523 iterum
1319 2486 1334 2526 :
1365 2493 1383 2525 ι
1422 2474 1560 2532 Ecce
1592 2480 1864 2537 vobiscum
1911 2499 2028 2541 smn
2056 2505 2230 2558 usque

658 2549 725 2602 ad
769 2557 1290 2614 consummationem
1324 2568 1505 2622 sreculi
1535 2569 1601 2622 ⁸⁷.
1639 2589 1656 2620 ι
1705 2573 1900 2630 Videas
1949 2589 2228 2637 et-sacra-

659 2639 924 2698 tissimum
983 2663 1198 2719 quoque
1242 2653 1470 2711 Paulum
1511 2675 1652 2730 saepe
1693 2666 1984 2737 multisque
2009 2671 2061 2725 in
2095 2675 2227 2730 locis

654 2733 893 2791 hominis
929 2742 1187 2797 vocabulo
1225 2752 1570 2804 cunctantius
1601 2757 1846 2812 eumdem
1895 2761 2181 2833 designare
2211 2787 2222 2821 :

663 2842 681 2871 ι
727 2823 945 2894 Paulus,
1003 2832 1198 2902 inquit,
1260 2842 1553 2908 apostolus,
1599 2861 1703 2902 non
1763 2852 1831 2905 ab
1892 2823 2220 2926 hominibus,

659 2930 831 2985 neque
861 2936 954 2986 per
994 2923 1286 2994 hominem,
1317 2934 1408 2988 sed
1451 2950 1544 3002 per
1581 2935 1763 2992 Jesum
1803 2941 2080 3000 Christum
2100 2950 2165 3004 ⁸⁸.

655 3003 918 3062 Rursum:
947 3029 964 3062 ι
993 3013 1184 3070 Nomm
1219 3031 1397 3076 autem
1428 3026 1576 3081 vobis
1611 3028 1769 3099 l'acio,
1795 3031 2014 3104 fratres,
2047 3039 2224 3094 Evan-

654 3281 837 3350 accepi
894 3281 1040 3345 illud,
1100 3302 1273 3356 neque
1335 3292 1520 3359 didici,
1559 3300 1652 3352 sed
1712 3316 1807 3368 per
1848 3307 2225 3363 revelationem

652 3365 779 3425 Jesu
839 3373 1044 3430 Christi
1077 3377 1143 3430 ιο.
1180 3397 1200 3431 ι
1239 3381 1305 3435 Ει
1334 3384 1441 3439 alio
1467 3386 1538 3441 ita
1581 3365 1745 3445 loco:
1780 3411 1796 3443 ‹
1837 3393 1914 3462 Si,
1944 3397 2039 3464 ait,
2074 3398 2228 3453 Chri-

653 3472 795 3516 stum
828 3469 1179 3535 cognovimus
1225 3478 1523 3532 secundum
1547 3495 1784 3548 carnem,
1818 3488 1911 3540 sed
1943 3485 2052 3552 jam
2086 3506 2228 3546 nunc

654 3569 759 3608 non
809 3559 1058 3615 novimus
1089 3560 1156 3617 ”.
1205 3581 1225 3616 ι
1261 3562 1379 3621 Jam
1427 3571 1741 3638 ecquisnam
1801 3586 1886 3630 est
1932 3577 2019 3633 ille
2071 3579 2227 3637 .Iesus

650 3646 924 3714 Christus,
970 3651 1061 3720 qui
1112 3658 1413 3722 apostolum
1481 3661 1781 3718 divinorum
1846 3671 2224 3736 mysteriorum

651 3738 843 3792 notitia
876 3755 1047 3811 usque
1079 3744 1212 3800 adeo
1247 3750 1481 3816 occulta,
1505 3763 1654 3808 certa
1683 3770 1745 3810 ac
1774 3757 1952 3814 divina
1987 3761 2226 3817 illustra-

651 3829 770 3885 vit!
800 3831 991 3888 Annon
1045 3835 1302 3906 Verbum,
1351 3843 1494 3910 quod
1552 3849 1719 3901 nostri
1755 3863 1916 3904 causa
1947 3852 2106 3908 homo
2147 3856 2224 3910 fa-

647 3931 799 3978 ctum
859 3939 926 3979 ex
983 3927 1212 3985 muliere
1269 3933 1420 3987 nasci
1452 3949 1556 3990 non
1606 3942 1910 3996 recusavit?
1941 3943 2023 3998 An
2058 3944 2220 4012 istud,

647 4027 854 4081 quasso,
879 4031 983 4070 non
1005 4028 1088 4073 est
1104 4035 1293 4076 verum
1313 4023 1335 4077 ?
1359 4024 1466 4080 imo
1489 4029 1851 4087 verissimum.
1880 4033 2224 4094 Meminimus

649 4121 886 4175 namque
915 4107 1220 4168 Gabrielem
1264 4115 1533 4184 ejusmodi
1565 4122 1808 4178 oratione
1865 4141 2072 4182 sacram
2104 4129 2224 4186 Vir-

648 4197 827 4268 ginem
868 4203 1214 4270 appellasse:
1256 4224 1278 4260 ι
1325 4208 1402 4264 Ne
1423 4213 1635 4277 timeas,
1672 4214 1840 4272 Maria
1873 4236 1887 4273 :
1919 4234 2045 4276 ecce
2075 4223 2220 4278 enim

648 4290 923 4360 concipies
955 4294 1006 4348 in
1037 4305 1210 4363 utero,
1241 4309 1297 4355 et
1341 4303 1520 4370 paries
1564 4304 1760 4361 Filium
1793 4319 1847 4364 et
1873 4314 2094 4368 vocabis
2126 4331 2225 4372 no-.

649 4397 772 4437 men
814 4385 934 4454 ejus
993 4385 1176 4444 Jesum
1209 4392 1275 4446 “.
1308 4412 1328 4445 ι
1363 4393 1567 4450 Nomen
1597 4402 1699 4454 hoc
1749 4415 1947 4456 novum
1971 4420 2000 4456 a
2034 4403 2218 4471 Patre,

1665 361 1724 414 ες
1761 363 2028 418 CYRlLLl
2072 363 2540 429 ALEXANDRINI
2579 379 2897 438 ARCHlEP.

679 449 821 503 "una
847 451 945 506 “ac
975 457 1188 523 (ibidem
1233 462 1283 516 in
1314 481 1372 522 re
1395 468 1620 525 allicitur
1652 473 1866 542 injuria.
1903 476 2229 546 Quapruplet

680 537 887 561 sine---
932 543 968 561 η
1045 545 1056 561 .
1165 550 1206 561 ..
1247 555 1256 561 .

2357 485 2604 560 Ἐϐραῖος
2638 497 2694 561 ἐξ
2718 499 2774 550 Ἐ

3792 396 3918 452 H76

2781 498 3003 569 ϐραίων,
3040 499 3132 551 καὶ
3165 503 3334 571 φυλῆς
3372 504 3695 573 Βενιαμὶν,ό
3727 508 3919 577 κλητὸς

2352 583 2666 657 ἀπόστολος,
2703 591 3004 643 ἐπιστέλλει
3028 593 3138 654 τοῖς
3171 575 3272 645 διὰ.
3301 596 3536 658 πίστεως
3562 596 3917 667 δεδικαιωμέο

2348 693 2479 740 νοις,
2525 680 2617 734 καὶ
2650 680 3092 750 κατανεκρώσασι
3124 682 3190 735 τὰ
3221 683 3354 755 μέλη
3398 689 3599 755 σαρκὸς
3627 689 3915 759 (πορνείαν

2346 765 2408 838 δὴ
2460 768 2602 839 λέγω
2656 773 2749 825 καὶ
2807 772 3012 834 πάθος,
3059 773 3352 844 ἐπιθυμίαν
3405 781 3620 848 κακὴν,
3681 783 3773 833 καὶ
3823 783 3915 850 τὴν

2351 860 2716 933 πλεονεξίαν)·
2756 885 2773 914 ι
2797 863 3119 917 Ἀπεθάνετε
3165 866 3291 937 γὰρ,
3326 870 3417 920 καὶ
3448 871 3479 940 ἠ
3509 871 3620 942 ζωὴ
3643 873 3801 942 ὑμῶν
3827 875 3909 926 κέ-

2346 967 2582 1019 κρυπται
2612 955 2706 1018 σὶρν
2728 955 2803 1024 τῷ
2838 955 3055 1026 Χριστῷ
3082 959 3138 1009 ὲν
3169 957 3244 1028 τῷ
3273 957 3409 1029 Θεῷ.
3439 980 3454 1011 ι
3489 963 3659 1028 Αὐτὸς
3696 962 3792 1018 οὖν
3815 965 3910 1033 ἔφη

2347 1044 2474 1113 περὶ
2515 1046 2625 1099 τῶν
2659 1047 2851 1101 ἑαυτοῦ
2896 1047 3186 1117 μαθητῶν·
3225 1069 3241 1101 ι
3277 1049 3636 1123 Πάτερ’ᾰγιε,
3676 1059 3910 1126 τήρησον

2342 1136 2540 1201 αὐτοὺς
2594 1139 2650 1192 ἐν
2689 1139 2764 1208 τῷ
2811 1140 3032 1206 ὀνόματί
3091 1159 3203 1207 σου,
3237 1141 3329 1206 οὓς
3375 1144 3613 1210 δέδωκάς
3670 1166 3783 1216 μοι,
3831 1148 3911 1200 ἵνα

2338 1219 2476 1281 ὦσιν
2529 1230 2607 1297 ἓν,
2639 1220 2820 1295 καθὼς
2870 1233 3184 1302 ήμεῖς.”οτε
3232 1234 3375 1306 ήμην
3411 1237 3526 1304 μετ’
3565 1238 3770 1298 αὐτῶν,
3805 1238 3909 1304 ἐγὼ

2340 1316 2568 1386 ἐτήρουν
2595 1320 2874 1382 αὑτοὺς.ὲν
2911 1320 2988 1388 τῷ
3014 1319 3236 1390 ὀνόματί
3270 1338 3386 1380 σου,
3415 1322 3506 1386 οὓς
3533 1324 3780 1385 δέδωκάς
3805 1344 3908 1393 μοι,

2339 1411 2434 1462 καὶ
2464 1412 2704 1478 ἐφύλαξα
2735 1414 2950 1476 αὐτοὺς,
2988 1413 3080 1466 καὶ
3139 1415 3314 1476 οὐδεὶς
3346 1417 3401 1480 ἐξ
3437 1415 3614 1467 αὐτῶν
3643 1416 3909 1482 ἀπώλετο,

2338 1502 2385 1552 εἰ
2426 1502 2498 1571 μὴ
2539 1504 2566 1555 ὁ
2611 1506 2724 1568 υἱὸς
2753 1507 2850 1574 τῆς
2890 1504 3184 1570 ἀπωλείας,
3221 1506 3307 1558 ἵνα
3335 1509 3367 1576 ἡ
3397 1506 3587 1575 Γραφὴ
3624 1506 3909 1577 πληρωθῇ,

2339 1594 2451 1646 Νῦν
2481 1595 2535 1646 δὲ
2564 1597 2698 1665 πρὸς
2730 1597 2787 1648 σὲ
2812 1598 3056 1668 ἔρχομαι,
3073 1600 3164 1651 καὶ
3180 1599 3351 1652 ταῦτα
3367 1599 3511 1652 λαλῶ
3529 1601 3584 1651 ὲν
3601 1598 3680 1668 τῷ
3699 1599 3912 1669 κόσμῳ,

2339 1687 2426 1739 ἵνα
2475 1686 2638 1756 ἔχωσι
2681 1688 2779 1756 τὴν
2828 1689 3000 1758 χαράν
3045 1691 3143 1759 τὴν
3194 1691 3332 1761 ἐμὴν
3377 1690 3827 1762 πεπληρωμένην
3859 1694 3914 1743 ἐν

2270 1813 2309 1866 Β
2339 1780 2542 1841 αὖτοῖςξ
2569 1798 2586 1830 ι
2617 1778 2813 1848 Συνίης
2840 1775 2952 1843 οὖν,
2985 1782 3132 1842 ὅπως
3177 1781 3283 1833 ἀπὸ
3310 1782 3475 1850 μόνης
3505 1781 3698 1852 ὥσπερ
3741 1785 3904 1853 ἠμῖνί

2339 1873 2437 1939 τῆς
2471 1869 2888 1940 ἁνθρωπότητος
2917 1868 2973 1920 έν
3017 1885 3077 1937 γε
3124 1871 3358 1922 τουτοισὶ
3396 1873 3912 1940 κατασημαίνεσθαι

2339 1962 2512 2024 δοκεῖ;
2565 1956 2862 2029 Οἰήσομαιὶ
2910 1957 3018 2028 γάρ
3052 1956 3299 2025 οὐδαμῶς
3351 1957 3659 2025 κεκρύφθαι
3704 1975 3767 2009 τε
3822 1958 3913 2008 καὶ

2337 2052 2636 2120 ἀποδημεῖν
2695 2049 2788 2103 τοῦ
2845 2049 3083 2120 κόσμου,
3129 2048 3305 2101 καίτοι
3371 2047 3620 2116 λέγοντος
3686 2049 3908 2113 σαφῶς·

2343 2159 2360 2189 ι
2386 2139 2574 2207 Ἀμὴν,
2621 2139 2768 2208 ἀμὴν
2815 2137 2959 2204 λέγω
3005 2139 3150 2208 ὑμῖν,
3182 2139 3262 2190 ὅτι
3309 2137 3439 2190 ὅπου
3470 2137 3563 2188 ἐὰν
3596 2136 3910 2204 συναχθῶσι

2334 2227 2428 2280 δύο
2471 2229 2502 2296 ἢ
2547 2229 2692 2296 τρεῖς
2728 2228 2805 2289 εἰς
2833 2228 2893 2278 τό
2922 2229 3053 2297 ὲμδν
3101 2229 3288 2297 ὄνομα.
3325 2228 3442 2280 ἐκεῖ
3486 2229 3602 2294 εἶμι
3654 2227 3713 2277 ὲν
3765 2226 3911 2296 μέσῳ

2334 2320 2576 2376 αὐτῶν.»
2630 2319 2741 2371 Καὶ
2787 2318 2980 2370 πάλιν·
3043 2338 3060 2368 ι
3091 2319 3221 2371 Ἰδοὺ
3276 2318 3386 2386 ἐγὼ
3437 2317 3745 2388 μεθ’ὖμῶν
3800 2319 3908 2386 εἰμι

2336 2410 2519 2471 πάσας.
2543 2408 2639 2470 τὰς
2670 2405 2904 2476 ἡμέρας,
2938 2406 3042 2468 ἕως
3074 2407 3172 2474 τῆς
3197 2404 3503 2470 συντελείας
3528 2408 3624 2460 τοῦ
3649 2409 3902 2470 αἰῶνος.»

2338 2498 2494 2559 ’ἰδοις
2529 2497 2571 2548 δ’
2603 2494 2667 2546 ἂν
2696 2498 2789 2546 καὶ
2817 2494 2980 2548 αὑτὸν
3021 2494 3110 2547 τὸν
3142 2495 3431 2568 ἱερώτατον
3458 2497 3671 2551 Παῦλον
3706 2504 3908 2571 καταρ-

2334 2586 2678 2658 ρᾳθυιμοῢντα
2732 2586 2990 2648 πολλάκις
3027 2587 3121 2640 τοῦ
3171 2588 3262 2640 καὶ
3300 2588 3584 2659 ἄνθρωπον
3618 2590 3734 2643 δεῖν
3777 2593 3908 2644 ἁνα-

2331 2678 2620 2746 κηρύττειν
2636 2677 2816 2730 αὐτόν.
2845 2697 2861 2727 ι
2891 2678 3099 2742 Παῦλος
3117 2678 3244 2748 γάρ,
3268 2680 3451 2748 φησιν,
3471 2680 3797 2743 ἀπόστολος,
3813 2683 3906 2733 οὐκ

2331 2769 2425 2823 ἀπ’
2451 2769 2773 2840 ἀνθρώπων,
2818 2771 2937 2824 οὐδὲ
2979 2771 3046 2824 δι’
3074 2770 3383 2839 ἀνθρώπου,
3434 2771 3567 2824 ἀλλά
3599 2772 3692 2824 διά
3731 2771 3904 2840 Ἰησοῦ

2331 2862 2590 2933 Χριστοῦ.
2626 2883 2643 2915 ι
2686 2864 2794 2916 Καὶ
2823 2861 2889 2918 αὗ
2920 2862 3012 2916 ἐπὶ
3045 2862 3283 2925 τούτοις·
3333 2883 3351 2914 ι
3379 2864 3635 2933 Γνωρίζω
3679 2865 3736 2917 δὲ
3780 2865 3904 2931 ὑμῖν

2330 2951 2390 3004 τὸ
2417 2951 2770 3020 Εὑαγγέλιον,
2803 2953 2956 3022 φησὶ,
2983 2951 3044 3004 τὸ
3084 2951 3463 3018 εὐαγγελισθὲν
3508 2953 3600 3004 ὑπ’
3630 2953 3792 3020 ἐμοῦ,
3828 2953 3903 3004 ὅτι

2330 3043 2429 3096 οὐκ
2479 3043 2593 3097 ἐστι
2649 3046 2768 3097 κατ’
2798 3043 3104 3113 ἄνθρωπον.
3141 3043 3277 3096 Οὐδὲ
3317 3043 3425 3113 γάρ
3457 3043 3569 3109 ἐγὼ
3608 3044 3765 3111 παρὰ
3814 3046 3904 3096 άν-

2331 3133 2549 3204 θρώπου
2597 3134 2901 3205 παρέλαϐον
2949 3134 3098 3199 αὐτὸ,
3128 3134 3248 3188 οὐδὲ
3295 3135 3598 3205 ἐδιδάχθην,
3638 3136 3778 3188 ἀλλὰ
3831 3137 3904 3189 δι’

2332 3225 2724 3294 ἀποκαλύψεως
2762 3225 2934 3295 Ἰησοῦ
2959 3224 3215 3295 Χριστοῦ.
3235 3244 3254 3274 ι
3284 3226 3393 3278 Καὶ
3421 3225 3526 3295 μὴν
3558 3228 3655 3279 καὶ
3679 3229 3906 3297 ἑτέρωθί

2332 3333 2495 3384 φησιν
2518 3332 2533 3346 ο
2571 3335 2588 3366 ι
2621 3315 2682 3368 Ei
2708 3315 2764 3368 δὲ
2799 3316 2892 3367 καὶ
2917 3313 3234 3384 ἐγνώκαμεν
3261 3315 3402 3368 κατὰ
3438 3317 3617 3385 σάρκα
3643 3317 3899 3388 Χριστὸν,

2328 3406 2464 3459 ἀλλὰ
2497 3407 2592 3460 νῦν
2617 3407 2800 3460 οὐκέτι
2833 3405 3191 3476 γινώσκομεν.
3222 3425 3238 3457 ι
3270 3407 3362 3470 Τίς
3389 3403 3480 3460 οὖν
3507 3409 3656 3460 ἐστιν
3697 3409 3902 3479 Ἰησοῦς

2327 3499 2356 3549 ὁ
2403 3498 2654 3568 Χριστὸς,
2698 3501 2725 3551 ὀ
2771 3497 2866 3568 τὴν
2896 3496 3066 3559 οὕτως
3099 3497 3308 3569 ἀπλανῆ
3355 3515 3415 3551 τε
3451 3498 3545 3552 καὶ
3590 3501 3901 3570 ἀπόρρητον

2326 3589 2480 3642 Θείαν
2511 3589 2849 3657 ἀποκάλυψιν
2881 3589 2988 3641 τῶν
3027 3587 3221 3642 ἑαυτοῦ
3273 3590 3586 3660 μυστηρίων
3633 3592 3900 3662 ὲναστρά-

2329 3697 2479 3734 πτων
2510 3679 2690 3749 αὐτῷς
2723 3677 2811 3751 ἆρ’
2839 3680 2958 3750 οὐχὶ
3006 3681 3298 3751 γενόμενος
3355 3681 3491 3751 σὰρξ
3522 3683 3551 3736 ὁ
3583 3683 3778 3750 Λόγος,
3808 3686 3899 3735 καὶ

2327 3771 2426 3842 τὴν
2470 3772 2536 3833 ὲκ
2584 3771 2840 3840 γυναικὸς
2871 3771 2939 3824 δι’
2973 3773 3121 3842 ἡμᾶς
3166 3773 3266 3850 oin:
3311 3772 3588 3842 ἀτιμάσας
3612 3773 3894 3844 γέννησιν;

2326 3867 2521 3921 Καίτοι
2551 3867 2666 3930 πῶς
2689 3867 2788 3920 οὐκ
2815 3865 3010 3935 ἀληθὲς
3039 3867 3173 3938 ὅπερ
3203 3868 3376 3937 ἔφηνς
3412 3868 3758 3938 Μεμνήμεθα
3792 3868 3896 3937 γάρ

2323 3959 2417 4012 τοῦ
2465 3958 2703 4028 Γασριὴλ
2747 3958 2993 4027 λέγοντος
3041 3959 3175 4030 πρὸς
3220 3960 3318 4028 τὴν
3373 3959 3534 4024 άγιαν
3579 3959 3891 4030 Παρθένον·

2331 4068 2349 4100 ι
2379 4049 2470 4120 Μὴ
2503 4048 2688 4115 φοϐοῦ,
2715 4051 2945 4118 Μαριάμ
2965 4065 2978 4078 ·
3019 4051 3127 4103 ἰδοὺ
3162 4050 3270 4120 γὰρ
3301 4041 3556 4119 ’συλλήψῃ
3589 4051 3646 4101 ὲν
3672 4053 3891 4120 γαστρὶ,

2325 4140 2419 4193 και⁷
2443 4140 2569 4210 τέξῃ
2595 4141 2728 4200 υἱὸν,
2753 4141 2845 4193 καὶ
2865 4139 3112 4203 καλέσεις
3138 4142 3197 4193 τὸ
3217 4139 3388 4210 ὄνομα
3414 4141 3579 4194 αὑτοῦ
3616 4139 3844 4211 Ἰησοῦν.
3869 4162 3886 4193 ι

2323 4230 2524 4284 Καινὺν
2569 4232 2626 4285 δὲ
2676 4229 2827 4301 οἶμαι
2857 4229 3013 4284 τοῦτο
3050 4231 3200 4303 παρὰ
3231 4230 3326 4284 τοῦ
3359 4230 3570 4300 Πατρὸς
3602 4231 3778 4300 ὄνομα
3808 4231 3891 4282 δε-

2323 4323 2509 4377 δόσθαι
2539 4321 2617 4393 τῷ
2644 4323 2802 4394 Λόγῳ
2839 4322 2926 4375 διὰ
2958 4322 3057 4392 τῆς
3099 4322 3194 4374 τοῦ
3241 4321 3472 4389 ἀγγέλου
3515 4320 3725 4390 φωνῆς.
3759 4323 3893 4389 Προ-

2324 4413 2682 4483 ανεκεκράγει
2703 4394 2810 4482 ’γάρ
2833 4413 2975 4466 οὕτω
3003 4412 3098 4465 καὶ
3125 4411 3504 4482 χρησμῴδημα
3532 4411 3888 4480 προφητικόνε

642 4474 861 4543 opinor,
880 4491 976 4545 per
1003 4481 1177 4551 angeli
1205 4498 1388 4540 vocem
1424 4488 1730 4557 impositum
1755 4500 1857 4547 est.
1885 4492 2222 4554 Priedixerat

2333 4525 2349 4556 ι
2381 4505 2492 4559 Καὶ
2521 4474 2807 4558 καλέσουσι
2841 4506 2901 4558 τὸ
2941 4474 3754 4575 ὄνομαΠαθτοθτὺυκαινόνξὸυὸ
3786 4503 3893 4555 KG-

649 4565 793 4620 enim
828 4571 996 4626 multo
1023 4583 1150 4628 ante
1177 4578 1437 4647 propheta
1469 4597 1483 4635 :
1524 4600 1543 4634 ι
1578 4582 1644 4637 Et
1687 4586 1966 4642 vocabitur
1991 4588 2095 4643 tibi
2124 4606 2221 4644 no-

648 4667 785 4710 men'
803 4673 1021 4725 novum,
1055 4664 1198 4734 quod
1226 4680 1289 4721 os
1318 4667 1528 4726 Domini
1563 4674 1860 4732 nominabit
1891 4679 1957 4734 ".
1996 4700 2016 4733 ι
2039 4677 2220 4747 Quan-

2323 4613 2434 4664 ριος
2455 4595 2712 4665 ὀνομάσει
2738 4596 2887 4650 αὑτό.
2902 4615 2919 4647 ι
2952 4598 3081 4650 Ὅτε
3099 4597 3278 4650 τοίνυν
3305 4595 3570 4658 συναΐδιος
3592 4594 3671 4665 τῷ
3694 4595 3887 4665 Πατρὶ,

2319 4687 2415 4741 καὶ
2448 4688 2554 4758 πρὸ
2585 4688 2784 4752 παντὸς
2809 4688 3004 4753 αἰῶνος
3038 4689 3165 4754 Υἱὸς
3201 4689 3515 4760 μονογενὴς,
3545 4687 3604 4740 ὲν
3639 4688 3892 4756 ἐσχάτοις

648 4748 718 4804 do
743 4764 871 4819 ergo
911 4753 1225 4822 unigenitus
1262 4758 1451 4827 Filius,
1482 4765 1573 4833 qui
1595 4765 1742 4821 Patri
1761 4780 2064 4829 coaeternus
2092 4787 2220 4833 ante

2332 4748 2528 4848 ιαιροῖς
2578 4748 2802 4847 γέγονεν
2850 4748 3160 4852 άνθριοπος,
3199 4748 3517 4850 γεγέννηται
3571 4778 3631 4831 δὲ
3686 4779 3782 4831 καὶ
3827 4779 3890 4830 ὲκ

647 4841 828 4897 omnia
863 4844 1059 4899 secula
1091 4847 1320 4914 exstitit,
1359 4853 1668 4912 novissimis
1693 4862 2023 4929 temporibus
2055 4865 2218 4923 homo

2332 4841 2601 4939 γυναικὸς,
2634 4841 2729 4923 καὶ
2775 4841 2982 4942 ὡρίσθη
3175 4841 3298 4935 vis;
3327 4841 3483 4932 Θεοῦ,
3515 4869 3889 4940 κεχρημάτικε

648 4933 848 4999 Iactus,
883 4945 938 4991 et
971 4953 1035 4992 ex
1081 4937 1305 4995 muliere
1355 4953 1516 4998 natus
1540 4945 1607 5012 ",
1631 4955 1686 5002 ct
1727 4949 1896 5008 Filius
1938 4957 2216 5023 praedesti-

647 5037 836 5094 natus,
860 5037 913 5083 et
954 5029 1344 5102 primogenitus
1387 5037 1706 5107 appellatus,
1735 5054 1788 5099 et
1843 5045 1982 5102 inter
2022 5049 2220 5108 multos

647 5117 851 5176 {ratres
888 5135 1203 5181 numeratus
1230 5135 1315 5182 est
1338 5129 1406 5193 ⁸⁵,
1438 5139 1567 5186 tunc
1605 5133 1694 5190 ille
1748 5152 1980 5207 quoque,
2015 5142 2106 5212 qui
2136 5156 2220 5197 se-

2329 4963 2384 5015 δὲ
2412 4963 2504 5016 καὶ
2533 4963 2890 5033 πρωτότοκος,
2928 4963 3022 5016 καὶ
3049 4963 3270 5032 γέγονεν
3295 4965 3351 5016 ὲν
3378 4962 3588 5026 πολλοῖς
3618 4960 3885 5061 ἀδελφοῗ·

2324 5055 2445 5107 τότε
2479 5056 2572 5108 καὶ
2623 5057 2651 5108 ό
2700 5054 2857 5124 φύσει
2889 5055 3074 5125 Πατὴρ
3117 5054 3286 5124 ὁρίζει
3316 5054 3378 5108 τὸ
3406 5055 3595 5124 ὄνομα,
3649 5055 3760 5114 τοῖς
3793 5054 3889 5120 τῆς

2331 5147 2688 5217 πατρότητος,
2726 5147 2791 5200 ἵν’
2820 5146 2990 5211 οὕτως
3020 5145 3283 5216 εἴπωμεν,
3315 5145 3503 5215 νόμοις
3528 5145 3816 5214 ἑπόμενος.

647 5212 885 5270 eundum
951 5225 1200 5275 naturam
1253 5219 1415 5278 Pater
1487 5237 1590 5293 est,
1651 5231 1991 5297 paternitatis
2055 5235 2224 5307 leges,
2271 5245 2330 5292 ut
2374 5212 2459 5294 ita-
2498 5212 2704 5312 loquar,
2729 5249 2964 5307 secutus,
3006 5253 3200 5296 nomen
3240 5240 3342 5294 hoc
3369 5237 3622 5309 imponit.

744 5396 792 5468 ’ἒ
817 5397 1026 5454 Coloss.
1075 5418 1162 5468 ιιι,
1197 5404 1252 5460 3.

647 5463 695 5498 ι’
719 5465 850 5524 ibid.
876 5469 962 5535 ll,
1001 5470 1090 5525 te.
1149 5463 1158 5468 '
1188 5474 1233 5535 φο
1256 5474 1300 5530 ιι
1327 5475 1450 5532 Cor.
1481 5494 1534 5543 v,
1566 5463 1652 5534 t6.

1340 5405 1387 5484 ξ’
1417 5405 1585 5484 Joan._
1607 5412 2001 5484 Δινιιηῌ-Ιὸ.
2078 5415 2123 5447 ⁸⁸
2161 5415 2352 5471 Matth.
2387 5433 2542 5484 xvm,
2563 5419 2654 5473 20.

2757 5421 2802 5452 ⁸⁷
2834 5419 3020 5474 Matth.
3049 5433 3241 5484 xxvm,
3264 5415 3354 5470 20.
3470 5415 3515 5448 ⁸⁸
3539 5413 3793 5484 Calathi.
3837 5413 3886 5467 Ι.

1755 5483 1797 5514 ’ί
1829 5483 1957 5541 Luc.
1999 5501 2058 5552 ll,
2100 5486 2186 5540 50.
2263 5487 2428 5542 "lsa.
2453 5504 2586 5553 an,
2619 5490 2675 5542 ‘2.
2737 5484 3006 5546 "’Galat.
3038 5506 3108 5555 iv,
3145 5492 3194 5543 4.
3228 5483 3233 5484 ί
3273 5489 3318 5521 ’⁸
3361 5487 3517 5543 Rom.
3558 5499 3682 5548 νιιι.
3721 5483 3814 5538 ‘39-

1741 5634 1912 5693 Varim
1938 5636 2198 5697 lectiones
2245 5638 2448 5697 codicis
2483 5639 2836 5712 Seguieriani.

726 5760 877 5833 sic,
903 5762 976 5827 ὡς
1018 5764 1145 5836 παρ’
1172 5766 1326 5838 ἡμῖν.
1407 5767 1420 5817 ι
1457 5768 1768 5841 οἰησόμεθα.
