4056 6334
200 386 337 440 ΗΠ

1148 388 1231 443 DE
1272 390 1497 445 REC'I‘A
1541 392 1693 445 FIDE
1732 393 1821 445 AD
1862 392 2305 450 TllEODOSIUll
2350 394 2481 447 lMP.

3297 396 3433 451 H78

271 502 349 553 A'.
401 500 460 555 Ὀ
508 502 669 563 αὐτὸς
708 497 800 552 οὖν
854 499 959 570 ἄρα
1010 502 1102 554 καὶ
1154 507 1443 574 μονογενής
1494 508 1629 565 ἐστι,
1675 505 1762 555 καί

1940 506 2106 560 XXX.
2152 508 2294 562 Idem
2358 512 2539 577 itaque
2593 509 2895 577 unigenitus
2941 520 2994 565 et
3045 509 3433 579 primogenitus

200 593 574 661 πρωτότοκος·
611 594 640 643 ό
664 591 772 660 γάρ
800 607 881 642 τοι
925 594 1213 664 μονογενὴς
1248 596 1321 658 ὡς
1348 596 1497 657 θεὸς,
1548 594 1759 663 πρωτό-

198 700 358 745 τοκος
415 685 473 735 ὲν
523 683 672 750 ἡμῖν,
709 680 831 732 καθ’
865 682 1055 736 ἕνωσιν
1108 687 1460 755 οἰκονομικῶς
1484 684 1529 746 ¹ί,
1564 684 1654 735 καὶ
1704 686 1760 737 ἐν

200 774 413 833 πολλοῖς
448 770 693 838 ἀδελφοῖς
738 771 811 834 ὡς
857 774 1136 845 ἄνθρωπος
1159 793 1172 806 ο
1228 778 1294 828 ἶν’
1319 777 1480 845 ἡμεῖς
1513 767 1658 842 ὦμεν
1687 773 1761 835 ὡς

200 867 258 915 ὲν
292 862 439 929 αὐτῷ
479 877 539 913 τε
578 863 670 914 καὶ
702 863 768 915 δι’
799 865 960 919 αὑτοῦ
997 868 1101 919 υἱοὶ
1130 868 1264 919 Θεοῦ
1298 865 1539 932 φυσικῶς
1579 882 1637 916 τε
1671 866 1787 916 καὶ·

200 955 339 1009 κατὰ
372 952 530 1022 χάριν
554 969 567 983 ’
598 956 839 1022 φυσικῶς
875 959 993 1027 μὲν,
1017 960 1089 1019 ὡς
1115 961 1170 1009 ὲν
1193 957 1339 1024 αὑτῷ
1368 973 1424 1006 τε
1459 955 1548 1007 καὶ
1578 956 1720 1025 μόνῳ
1744 974 1755 984 ·

202 1043 538 1111 μεθεκτικῶς
574 1046 629 1100 δὲ
660 1050 749 1101 καὶ
799 1050 939 1102 κατὰ
973 1049 1130 1117 χάριν
1178 1050 1339 1115 ἡμεῖς
1385 1047 1451 1098 δι’
1484 1047 1645 1099 αὑτοῦ
1704 1049 1760 1099 ἐν

200 1132 711 1206 Πνεύματι.Ὢσπερ
743 1136 834 1191 οὖν
874 1139 1092 1205 γέγονεν
1122 1137 1249 1188 ἴδιον
1280 1140 1375 1207 τῆς
1405 1137 1759 1208 ἀνθρωπότη-

199 1237 290 1283 τος
344 1224 400 1274 ὲν
439 1225 657 1295 Χριστῷ
703 1227 763 1278 τὸ
815 1225 1119 1295 μονογενὲς,
1159 1226 1245 1278 διὰ
1288 1226 1347 1278 τὸ
1396 1227 1637 1296 ἡνῶσθαι
1686 1228 1762 1298 τῷ

198 1312 358 1382 Λόγῳ
405 1316 543 1367 κατὰ
590 1315 857 1385 σύμϐασιν
904 1316 1281 1387 οἰκονομικήν·
1316 1318 1485 1379 οὓτως
1515 1319 1642 1371 ἴδιον
1668 1319 1758 1372 τοῦ

198 1404 398 1470 Λόγου,
417 1405 495 1467 τὸ,
508 1405 575 1457 ἐν
592 1405 841 1469 πολλοῖς
853 1404 1153 1472 ἀδελφοῖς,
1176 1408 1266 1459 καὶ
1279 1408 1358 1469 τὸ,
1372 1411 1758 1474 πρωτότοκος,

198 1495 289 1548 διά
324 1496 383 1547 τὸ
410 1496 645 1564 ἡνῶσθαι
677 1495 860 1564 σαρκί.
886 1495 1299 1564 Ἐρηρεισμένον
1325 1498 1369 1549 δ’
1394 1492 1485 1551 οὖν
1525 1498 1662 1567 ἔχων
1701 1500 1761 1552 τὸ

200 1580 339 1637 εἶναι
360 1585 509 1646 Θεὸς,
544 1586 638 1636 καὶ
663 1584 868 1653 τροπῆς
896 1585 1134 1653 ἀμείνων
1165 1588 1444 1657 ὑπάρχων.
1474 1590 1561 1641 ἀεὶ
1594 1589 1762 1658 μεμέ-

201 1692 364 1744 νηκεν
395 1676 529 1743 ὅπερ
558 1670 644 1743 ἦν,
678 1675 771 1727 καὶ
810 1675 897 1728 ὅτε
930 1676 1150 1743 γέγονεν
1192 1677 1496 1747 ἄνθρωπος,
1525 1682 1589 1750 τῇ
1620 1680 1760 1731 κατὰ

202 1770 419 1823 πάντων
450 1770 711 1842 ὑπεροχῇ,
748 1768 870 1842 δόξῃ
904 1787 961 1824 τε
991 1774 1057 1841 τῇ
1091 1771 1349 1824 ἀνωτάτω
1383 1768 1759 1837 κατεστεμμέ-

200 1877 313 1922 νος.
337 1862 620 1931 Τοιγάρτοι
650 1862 999 1915 κεκέλευσται
1037 1860 1155 1931 μεθ’
1178 1861 1334 1930 ἡμῶν
1368 1862 1459 1913 καὶ
1487 1861 1625 1929 αὑτὴ
1651 1860 1761 1913 τῶν

201 1952 315 2005 duo
343 1954 664 2023 πνευμάτων
702 1954 735 2023 ἡ
767 1953 897 2019 ἁγία
930 1969 990 2004 τε
1018 1952 1109 2003 καὶ
1143 1951 1510 2022 παμμακαρία
1557 1952 1764 2021 πληθὺς

202 2044 524 2111 προσκυνεῖν
569 2038 863 2113 αὑτῷ.⁷Ην
908 2041 1015 2110 γὰρ
1060 2041 1230 2111 δήπου
1279 2042 1371 2092 καὶ
1424 2041 1568 2111 μάλα
1616 2041 1764 2103 εἰκὸς

205 2134 503 2203 ἀνήνασθαι
553 2134 652 2205 τὴν
678 2132 1066 2205 προσκύνησιν,
1096 2131 1189 2184 καὶ
1218 2132 1547 2202 κατοκνῆσαι
1572 2134 1759 2203 τιμᾷν,

200 2222 262 2274 τὸ
302 2223 400 2291 τῆς
447 2222 860 2293 ἀνθρωπότητος
910 2221 1320 2294 σμικροπρεπὲς
1368 2223 1628 2291 ὁρῶντας,
1671 2223 1763 2276 καὶ

199 2316 293 2370 τὸν
321 2319 387 2370 δι’
419 2319 563 2387 ἡμᾶς
594 2318 884 2389 γενόμενον
913 2318 1032 2372 καθ’
1059 2318 1206 2387 ἡμᾶς
1233 2319 1331 2370 οὐκ
1363 2318 1590 2381 ἀξιῶσαι
1620 2317 1765 2381 δοξο-

200 2405 402 2474 λογεῖν,
430 2406 836 2474 ἁποφοιτῶντας
865 2407 940 2469 ὡς
968 2406 1237 2459 ἀπωτάτω
1267 2406 1360 2458 τοῦ
1389 2406 1763 2474 πεπλανῆσθαι

199 2497 679 2551 δοκεῖν.”Αποπτον
703 2496 812 2568 γάρ
840 2497 934 2550 καὶ
952 2497 1135 2560 αὐτοῖς
1160 2492 1229 2567 ἦν
1255 2496 1333 2549 ἔτι
1354 2500 1415 2550 τὸ
1441 2498 1531 2549 ἐπὶ
1548 2497 1764 2567 Χριστῷ

204 2584 522 2653 μυστήριον,
563 2582 891 2647 ὲξεκάλυπτε
942 2582 998 2634 δὲ
1049 2582 1109 2635 τὸ
1161 2581 1383 2651 Πνεῦμα
1431 2582 1633 2644 αὐτοῖς,
1670 2581 1766 2633 καὶ

200 2674 479 2726 δυσσεϐεῐν
523 2675 620 2727 οὐκ
662 2673 810 2743 ἠφίει
854 2674 979 2740 τοὺς
1023 2672 1402 2742 ήγιασμένους.
1471 2672 1765 2741 Τοιγάρτοι

202 2767 367 2835 φησιν
400 2769 426 2817 ὁ
458 2767 740 2828 θεσπέσιος
770 2765 973 2828 Παῦλος
994 2780 1009 2795 ·
1046 2765 1244 2817 «Ὅταν
1289 2764 1346 2815 δὲ
1374 2764 1642 2833 εἰσαγάγῃ
1672 2761 1766 2818 τὸν

206 2857 558 2925 Ιιρωτότοκον
604 2860 682 2920 εἰς
710 2856 807 2929 τὴν
857 2857 1201 2926 οἰκουμένην,
1230 2856 1413 2924 λέγει·
1442 2856 1552 2909 Καὶ
1591 2870 1765 2926 προσ-

204 2949 595 3018 κυνησάτωσαν
648 2949 794 3020 αὐτῷ
849 2951 1045 3011 πάντες
1088 2947 1306 3017 ἄγγελοι
1348 2948 1506 3002 θεοῦ.
1532 2949 1628 3000 »Ὀ
1655 2947 1764 3018 γὰρ

204 3038 429 3107 ἰδιότητι
472 3040 669 3107 φυσικῇ
703 3038 799 3108 τῆς
840 3037 1161 3107 οἰκουμένης
1195 3037 1414 3107 ἁπάσης
1446 3034 1759 3103 διενεγκὼν,

1864 598 1969 666 27
2008 608 2089 651 cst
2121 617 2133 650 :
2174 601 2480 667 unigenitus
2511 600 2724 668 quidem
2762 610 2819 653 ιιι
2851 602 3009 663 Deus,
3044 604 3432 672 primogenitus

1866 698 1992 735 vero
2049 693 2314 751 quatenus
2381 690 2676 742 secundum
2730 689 3114 741 mcouomicam
3179 694 3430 745 unionent

1866 773 2003 827 inter
2029 787 2124 826 nos
2144 785 2199 826 et
2241 775 2379 827 inter
2407 779 2599 830 multos
2636 778 2830 829 fratres
2876 778 3034 830 homo
3058 788 3301 832 versatus
3327 791 3428 843 est,

1862 873 2047 931 quoet
2085 878 2182 916 nos
2213 878 2422 931 quoque
2467 866 2518 917 in
2550 867 2665 934 ipso
2697 878 2751 921 et
2792 883 2884 933 per
2927 870 3097 935 ipsum
3136 871 3427 923 secundum

1864 965 2109 1007 naturam
2137 966 2191 1009 et
2216 958 2441 1023 gratiam
2478 956 2569 1009 lilii
2603 960 2691 1010 Dei
2725 959 3058 1012 elliccreniur
3088 979 3098 1012 :
3134 963 3426 1014 secundum

1864 1058 2110 1100 naturam
2142 1050 2377 1115 quidem,
2410 1057 2465 1101 ut
2500 1050 2551 1101 in
2587 1050 2700 1116 ipso
2742 1059 2794 1101 et
2826 1067 2931 1103 uno
2974 1069 2986 1103 :
3025 1053 3431 1121 participatione

1864 1151 2012 1199 vero,
2055 1146 2105 1188 et
2142 1139 2432 1191 secundum
2469 1139 2697 1207 gratiam
2752 1154 2845 1204 per
2877 1141 3050 1205 ipsum
3113 1141 3162 1191 in
3201 1141 3425 1210 Spiritu.

1863 1226 2320 1292 Quemadmodum
2350 1230 2510 1296 igitur
2540 1228 2737 1282 Christi
2775 1229 3115 1291 humanitati,
3150 1242 3426 1297 propterea

1863 1315 2002 1383 quod
2035 1317 2331 1368 secundum
2359 1317 2777 1386 dispensationis
2809 1318 3055 1385 copulam
3092 1318 3265 1372 Verbo
3301 1336 3429 1372 con-

1858 1406 2039 1474 juncta
2069 1416 2171 1471 est,
2200 1408 2536 1476 unigenitum
2573 1422 2693 1462 esse
2724 1419 2779 1462 et
2832 1409 2934 1462 dici
2998 1411 3271 1478 proprium
3304 1408 3430 1462 ril'e-

1862 1507 2008 1553 ctum
2048 1510 2130 1553 est
2165 1518 2177 1552 :
2217 1502 2283 1552 ita
2324 1500 2608 1565 Verho,eo
2639 1500 2780 1568 quod
2810 1502 3019 1553 unitum
3054 1511 3135 1554 est
3168 1504 3336 1565 carni,
3376 1503 3429 1557 id

1863 1592 2137 1659 proprium
2200 1591 2399 1644 factum
2434 1602 2533 1654 est,
2571 1604 2627 1643 ut
2675 1592 2814 1643 inter
2863 1594 3057 1647 multos
3100 1593 3296 1647 fratres
3329 1592 3432 1657 pri-

1864 1684 2159 1750 mogenitus
2192 1683 2261 1736 sit
2289 1690 2344 1735 et
2375 1683 2695 1751 appelletur.
2729 1682 2860 1735 Cum
2897 1682 2988 1735 Dei
3030 1685 3206 1749 itaque
3237 1692 3426 1735 natura

1862 1771 2093 1836 stabilis,
2120 1772 2341 1825 immota
2386 1775 2670 1840 omnisque
2727 1774 3041 1828 mutationis
3087 1788 3279 1843 expers
3334 1772 3424 1836 sit,

1864 1877 2135 1930 nunquam
2165 1863 2305 1920 Deus
2343 1863 2571 1917 Verbum
2603 1879 2706 1916 non
2751 1866 2951 1917 mansit
2987 1865 3128 1932 quod
3163 1862 3427 1917 erat.Ne-

1863 1967 1967 2021 que
1999 1969 2123 2009 vero
2156 1965 2263 2008 tum
2298 1956 2510 2021 quando
2529 1955 2689 2008 homo
2712 1956 2885 2009 factus
2909 1965 3010 2017 est,
3037 1971 3260 2010 summie
3284 1957 3428 2007 illius

1865 2042 2161 2111 tnajestatis
2186 2043 2574 2111 etglorim,qua
2607 2055 2830 2098 caeteros
2860 2059 3048 2098 omnes
3082 2044 3235 2112 longe
3260 2058 3427 2110 snpe-

1864 2143 1966 2198 rat,
2016 2133 2267 2188 coronam
2315 2134 2523 2187 amisit.
2580 2135 2939 2199 Quamobrem
2996 2144 3181 2187 sancta
3234 2135 3320 2186 illa
3377 2135 3429 2186 in

1864 2226 2160 2294 primisque
2192 2227 2347 2281 licata
2379 2226 2679 2281 cmlestium
2705 2227 2993 2294 spirituum
3036 2225 3341 2286 multitudo,
3376 2233 3433 2277 ut

1864 2314 2009 2367 illum
2053 2316 2263 2381 adoret,
2290 2332 2441 2386 aeque
2494 2332 2557 2370 ac
2593 2332 2689 2370 nos
2726 2317 3035 2369 mandatum
3073 2316 3303 2378 accepit.
3327 2312 3431 2365 Po-

1866 2415 2006 2459 terat
2030 2409 2194 2472 enim,
2233 2410 2346 2461 sola
2374 2410 2729 2462 humanitatis
2761 2408 3023 2475 parvitate
3053 2416 3105 2457 et
3134 2406 3432 2471 ahjectiouc

1864 2497 2196 2567 inspecta,el
2226 2500 2439 2567 quidem
2482 2500 2603 2567 jure
2653 2498 2972 2566 meritoque,
3008 2495 3268 2562 ejusmodi
3303 2497 3432 2549 ado-

1865 2590 2125 2645 rationem
2155 2604 2426 2653 recusare,
2460 2598 2513 2642 et
2562 2588 2783 2642 honoris
2835 2589 3037 2641 cultum
3090 2586 3431 2640 cunctantius

1866 2680 2193 2748 impendere,
2242 2695 2306 2733 ac
2367 2679 2439 2733 illi
2475 2679 2563 2745 qui
2630 2688 2847 2746 propter
2882 2695 2982 2733 nos
3022 2681 3193 2731 nostri
3241 2678 3432 2731 similis

1863 2767 2086 2825 eﬂ'ectus
2138 2768 2332 2835 fuerat,
2364 2768 2806 2838 gloriﬁcationem
2856 2770 3145 2835 denegare,
3209 2780 3273 2817 ne
3327 2780 3432 2831 quo

1864 2874 2048 2913 errore
2072 2860 2440 2929 imprudentes
2463 2861 2964 2928 constringerentur
2991 2875 3004 2910 :
3033 2857 3257 2909 necdum
3284 2856 3427 2908 enim

1863 2961 1918 3007 et
1957 2951 2128 3022 ipsius
2179 2953 2495 3020 mysterium
2548 2952 2677 3003 illud
2721 2950 2923 3003 Christi
2970 2946 3239 3016 cognitum
3291 2954 3429 3008 erat,

1865 3058 2050 3096 verum
2097 3055 2164 3095 ne
2193 3041 2552 3095 sanctissimas
2604 3041 2708 3094 illa;
2731 3050 2995 3093 creaturae
3051 3038 3101 3091 in
3159 3052 3277 3090 eam
3331 3037 3433 3088 im-

201 3128 307 3193 ἔξω
334 3144 391 3179 τε
418 3128 585 3197 αὐτῆς
624 3125 900 3196 ὑπάρχων,
930 3126 1065 3180 καθὸ
1092 3128 1289 3179 νοεῖται
1326 3126 1475 3191 Θεὸς,
1513 3125 1762 3195 εἰσϐέϐη-

1865 3133 2115 3201 pietatem
2168 3131 2491 3195 inciderent,
2523 3130 2760 3200 Spiritus
2789 3131 2839 3183 id
2880 3129 2986 3183 illis
3019 3128 3250 3195 aperuit.
3294 3124 3432 3177 llinc

202 3236 296 3271 κεν
326 3220 402 3279 εἰς
430 3218 616 3290 αὐτὴν,
649 3218 810 3288 μέρος
834 3219 1036 3288 κόσμου
1062 3216 1338 3287 πεφηνὼς,
1362 3216 1434 3278 ὡς
1456 3216 1758 3286 ἅνθρωπος·

200 3309 342 3379 πλὴν
375 3310 435 3361 οὐ
464 3311 550 3363 διὰ
578 3308 734 3362 τοῦτο
771 3309 870 3377 τῆς
902 3310 1050 3371 θείας
1085 3308 1362 3362 ἀπώλισθε
1393 3309 1762 3380 δόξης.Προσ-

200 3402 442 3452 κυνεῖται
469 3400 574 3470 γὰρ
601 3400 674 3459 ὡς
702 3399 1031 3468 Μονογενὴς,
1054 3399 1156 3452 κᾶν
1174 3400 1222 3451 εἰ
1247 3398 1462 3451 καλοῖτο
1491 3398 1763 3468 πρωτότο-

200 3507 328 3552 κος’
382 3491 518 3561 ὅπερ
563 3492 710 3544 ἐστὶν
758 3490 1002 3559 ἐναργῶς
1050 3491 1162 3553 τοῖς
1204 3489 1305 3560 τῆς
1348 3488 1762 3560 ἀνθρωπότητος

204 3582 423 3653 μέτροις
453 3584 534 3635 ὅτι
568 3582 801 3653 μάλιστα
830 3586 1060 3651 πρέπον.

1860 3224 1988 3279 illud
2037 3220 2224 3277 Pauli:
2262 3238 2282 3273 ι
2338 3221 2402 3274 Ει
2453 3236 2574 3275 cum
2640 3221 2844 3272 inducit
2912 3215 3332 3284 Primogenitum
3377 3213 3431 3265 in

1860 3314 2043 3369 orbem
2079 3322 2255 3375 terrae,
2284 3311 2412 3366 dicit
2446 3329 2460 3365 :
2492 3310 2559 3364 Et.
2604 3310 2830 3363 adorent
2856 3322 2977 3360 eum
3035 3320 3224 3359 oumes
3249 3302 3424 3371 angeli

1860 3402 1974 3470 ejus
1995 3404 2061 3455 ".
2088 3422 2106 3455 ι
2142 3403 2194 3457 Is
2234 3402 2400 3466 enim,
2424 3401 2514 3469 qui
2566 3409 2772 3453 natura
2806 3399 3133 3468 proprietate
3177 3394 3433 3448 universo

1860 3499 2127 3545 terrarum
2160 3490 2291 3545 orbe
2336 3489 2621 3545 sublimior
2644 3499 2748 3555 est,
2774 3498 2825 3544 et
2852 3495 3010 3558 prout
3062 3485 3205 3539 Deus
3254 3491 3435 3537 mente

1857 3580 2185 3650 concipitur,
2216 3590 2371 3635 extra
2398 3582 2572 3650 ipsum
2598 3590 2706 3643 est,
2742 3583 2794 3634 in
2831 3579 3007 3645 ipsum
3060 3584 3121 3630 ut
3156 3576 3318 3628 homo
3347 3574 3434 3624 in-

199 3690 435 3744 gressus,
469 3688 593 3740 pars
620 3673 802 3727 mundi
836 3671 1057 3727 ell'eclus
1082 3682 1202 3727 est:
1238 3681 1606 3728 verumtamen
1641 3670 1837 3725 nullam
1902 3686 1965 3726 ea
1992 3673 2056 3726 de
2078 3686 2241 3727 causa
2303 3672 2498 3725 divina:
2541 3671 2728 3740 gloria:
2790 3671 3055 3737 jacturam
3093 3670 3240 3725 fecit.
3292 3669 3437 3723 Ado-

202 3779 351 3821 ratur
377 3781 604 3835 namque
632 3775 690 3819 ut
729 3765 1068 3835 Unigenitus,
1125 3768 1224 3821 etsi
1270 3766 1564 3835 appelletur
1624 3768 2035 3836 primogenitus,
2091 3780 2210 3836 quae
2271 3781 2403 3820 sane
2447 3765 2734 3835 appellatio
2794 3765 3149 3819 humanitatis
3204 3765 3437 3821 modulis

200 3872 364 3927 quam
404 3860 605 3926 optime
640 3859 909 3912 convenit.

272 3944 532 4019 ᾹᾹ’.¹Ἀρ’
563 3944 654 4002 οῦν
690 3949 766 4012 ὡς
808 3949 1090 4018 ἄνθρωπον
1129 3949 1576 4017 προσκυνήσομεν
1609 3946 1766 4016 μόνον

200 4044 291 4095 τδν
325 4041 705 4111 Ἑμμανουήλς
746 4042 834 4109 Μὴ
864 4039 1103 4107 γένοιτοί
1136 4038 1301 4107 λῆρος
1332 4037 1439 4109 γὰρ
1482 4039 1581 4108 ἤδη
1610 4038 1767 4090 τοῦτο

200 4134 298 4187 καὶ
329 4133 532 4200 ἀπάτη,
573 4134 666 4185 καὶ
701 4132 983 4200 πλόινησις.
1035 4130 1315 4199 Διοίσομεν
1356 4130 1412 4183 δὲ
1461 4131 1581 4183 κατ’
1615 4130 1765 4183 οὐδὲν

198 4223 310 4276 τῶν
336 4226 400 4292 τῇ
435 4222 609 4274 κτίσει
640 4221 1076 4291 λελατρευκότων
1101 4221 1249 4290 παρά
1270 4221 1360 4271 τὸν
1388 4221 1644 4273 κτίσαντα
1669 4221 1763 4272 καὶ

1938 3945 2129 4001 XXXI.
2172 3949 2381 4015 Ergone
2415 3946 2816 4001 Emmanuelem
2854 3956 2912 3999 ut
2955 3946 3126 4001 solum
3163 3946 3432 4000 hominem

1864 4037 2242 4090 adorabimus?
2287 4037 2503 4092 Minime
2553 4040 2789 4107 gentium
2840 4055 2852 4091 :
2909 4038 3052 4091 istud
3108 4037 3251 4090 enim
3304 4037 3433 4089 nihil

1864 4126 2005 4180 aliud
2058 4126 2214 4193 foret,
2244 4142 2404 4197 quam
2464 4128 2756 4192 errare,in
2816 4126 3061 4180 fraudem
3125 4127 3325 4187 induci,
3373 4141 3435 4178 ac

1867 4218 2119 4272 delirare.
2146 4218 2255 4272 llac
2295 4220 2559 4287 siquidem
2605 4218 2812 4273 ratione
2869 4220 3001 4273 nihil
3042 4220 3330 4287 quidquam
3369 4218 3436 4274 ab

201 4313 453 4383 ποιητὴν,
509 4313 707 4374 οἵτινες
766 4332 781 4362 ι
833 4310 1167 4381 μετήλλαξαν
1215 4310 1313 4380 τὴν
1361 4310 1616 4379 ἀλήθειαν
1669 4309 1761 4362 τοῦ

1868 4310 1933 4364 iis
1962 4309 2404 4373 dissentiremus,
2441 4313 2531 4380 qui
2576 4312 2787 4381 opiﬁcis
2813 4320 2865 4364 et
2902 4310 3263 4378 procreatoris
3320 4311 3436 4360 loco

199 4404 338 4457 Θεοῦ
371 4406 427 4455 ὲν
456 4404 531 4473 τῷ
562 4402 766 4473 ψεύδει,
804 4422 821 4453 ι
868 4402 1011 4455 κατὰ
1052 4402 1112 4453 τὸ
1160 4400 1559 4473 γεγραμμένον.
1588 4396 1681 4462 Οἷς
1715 4402 1763 4452 εἰ

201 4496 578 4563 φρονήσαιμεν
625 4492 849 4560 ἀδελφὰ,
885 4492 979 4543 καὶ
1023 4490 1463 4559 συνακουσόμεθα
1510 4489 1725 4549 πάντως
1752 4504 1766 4519 ·

209 4606 228 4639 ι
258 4586 563 4647 Φάσκοντες
586 4580 723 4638 εἶναι
753 4584 923 4653 σοφοὶ,
951 4581 1368 4652 ἐμωράνθησαν,
1399 4580 1492 4631 καὶ
1532 4578 1765 4647 magn

198 4677 307 4747 τὴν
338 4676 493 4740 δόξαν
536 4673 627 4726 τοῦ
661 4674 936 4743 ἀφθάρτου
972 4673 1107 4725 Θεοῦ
1136 4674 1192 4723 ἐν
1216 4669 1521 4739 ὁμοιώματι
1563 4670 1766 4734 εἰκόνος

202 4764 448 4836 φθαρτοῦ
482 4764 790 4835 ἀνθρώπου,
825 4766 914 4816 καὶ
947 4763 1229 4823 πετεινῶν,
1256 4760 1351 4813 καί⁵
1398 4760 1761 4826 τετραπόδων,

204 4859 302 4911 καὶ
351 4856 613 4927 ἑρπετῶν.
652 4858 751 4908 »Ἦ
800 4856 907 4925 γὰρ
961 4855 1079 4923 οὐχὶ
1126 4853 1217 4906 καὶ
1268 4854 1428 4922 ἡμεῖς
1476 4850 1627 4903 αὐτοὶ
1672 4852 1764 4904 καὶ

208 4950 452 5017 ἰσουργοὶ
469 4948 562 4999 καὶ
584 4946 887 5016 σύμφρονες
913 4949 1019 5007 τοῖς
1046 4943 1487 5015 μνημονευθεῖσιν
1509 4943 1762 5012 ἐσόμεθα,

200 5037 304 5109 τὴν
328 5038 419 5090 τοῦ
449 5037 583 5090 Θεοῦ
614 5037 771 5101 δόξαν
808 5040 865 5089 ἐν
892 5037 968 5106 τῷ
992 5036 1171 5105 ψεύδει
1209 5035 1677 5105 μεταλλάττοντες,
1709 5036 1766 5088 ὲν

201 5128 509 5199 ὁμοιώματι
531 5128 735 5193 εἰκόνος
758 5128 993 5196 φθαρτοῦ
1012 5126 1319 5197 ἀνθρώπου,
1338 5129 1383 5179 εἰ
1400 5126 1474 5189 ὼς
1494 5126 1765 5197 ἀνθρώπῳ

202 5220 366 5289 ψιλῷ,
405 5220 496 5272 καί
529 5220 607 5271 ἑνὶ
637 5219 748 5270 τῶν
784 5219 905 5270 καθ’
933 5221 1077 5288 ἡμᾶς
1098 5218 1456 5290 προσοίσομεν
1474 5219 1570 5288 τὴν
1600 5236 1768 5287 προσ-

204 5309 430 5379 κύνησιν
473 5309 552 5378 τῷ
585 5308 959 5379 Ἐμμανουήλ;
996 5310 1058 5362 Τί
1084 5309 1139 5361 δέ
1162 5327 1175 5375 ;
1202 5309 1319 5377 οὺχί
1352 5311 1444 5361 καὶ
1485 5310 1621 5379 αὑτὴ
1653 5309 1759 5361 τῶν

269 5465 318 5497 ⁸⁸
351 5466 509 5520 Hebr.
542 5482 581 5531 ι,
615 5464 668 5518 6.
746 5464 791 5495 ⁸⁸
826 5464 979 5520 Rom.
1006 5482 1042 5530 ι,
1070 5464 1159 5519 ‘25.
1236 5466 1278 5497 ⁸⁷
1311 5464 1438 5518 ibid.
1471 5464 1667 5529 22,25.

1865 4408 2163 4453 creaturam
2198 4402 2578 4464 adoraverunt,
2598 4422 2617 4452 ι
2648 4403 3057 4468 veritatemque,
3086 4409 3145 4452 ut
3175 4399 3432 4465 scriptum

1868 4499 1948 4542 est
1980 4490 2027 4520 ⁹⁶
2057 4490 2108 4543 in
2137 4491 2474 4544 mendacium
2504 4500 2941 4545 converterunt.»
2978 4490 3033 4544 Si
3062 4491 3273 4543 illorum
3307 4503 3436 4555 ergo

1862 4581 2142 4634 sententia:
2164 4582 2579 4647 accesserimus,
2600 4583 2818 4636 omnino
2837 4596 2938 4633 una
2963 4596 3084 4633 cum
3112 4581 3214 4633 illis
3236 4590 3287 4633 et
3305 4580 3435 4634 illud

1860 4670 2101 4739 Apostoli
2150 4687 2366 4740 quoque
2437 4674 2716 4726 audiemus
2762 4689 2776 4724 :
2828 4690 2846 4722 ι
2910 4671 3160 4724 Dicentes
3201 4686 3258 4723 se
3315 4685 3436 4723 esse

1860 4762 2151 4830 sapientes,
2179 4763 2288 4831 28
2314 4764 2462 4816 stulti
2504 4762 2627 4815 facti
2662 4769 2816 4825 sunt;
2850 4772 2902 4814 et
2930 4771 3274 4815 mutaverunt
3325 4763 3434 4829 glo-

1863 4852 1999 4905 riam
2048 4852 2473 4919 incorruptibilis
2511 4853 2604 4906 Dei
2638 4852 2689 4905 in
2739 4851 3148 4905 similitudinem
3188 4852 3434 4921 imaginis

1862 4942 2226 5012 corruptibilis
2253 4943 2505 5007 hominis,
2525 4954 2577 4998 et
2604 4944 2899 5006 volucrum,
2921 4953 2975 4997 et
3001 4945 3431 5011 quadrupedum,

1862 5042 1918 5089 et
1947 5043 2254 5102 serpentum
2287 5034 2354 5089 ⁸⁷.
2389 5052 2407 5085 ι
2438 5034 2613 5100 Quid?
2654 5048 2831 5087 nonne
2859 5043 2913 5087 et
2940 5048 3037 5085 nos
3086 5032 3183 5100 ipsi
3223 5047 3435 5101 quoque

1865 5125 1951 5190 iis,
1981 5139 2212 5195 quorum
2273 5126 2431 5180 modo
2480 5125 2851 5189 meminimus,
2890 5122 3084 5177 similia
3140 5121 3319 5177 facere
3383 5132 3437 5176 et

1864 5217 2065 5271 sentire
2097 5216 2456 5281 censebimur,
2486 5217 2656 5286 utqui
2694 5216 2785 5269 Dei
2835 5215 3061 5284 gloriam
3116 5214 3167 5267 in
3215 5213 3437 5267 menda-

1866 5310 2007 5363 cium
2035 5320 2089 5364 et
2110 5310 2516 5367 similitudinem
2559 5309 2812 5379 imaginis
2842 5306 3210 5378 corruptibilis
3258 5307 3432 5361 homi-

1301 5600 1472 5655 Varitc
1510 5601 1767 5656 lectiones
1797 5601 1997 5658 codicis
2038 5600 2398 5671 Seguieriaui.

278 5742 301 5781 ιι
332 5737 700 5807 οἰκονομικὴν.
