4056 6334
626 388 766 446 “79

1615 379 1673 432 S.
1716 375 1990 430 (li’RlLLl
2033 369 2494 428 ALEXANDRINI
2536 368 2848 425 AIiClllEP.

3732 365 3874 420 H80

625 501 711 557 nis
789 494 1266 559 demutaverimus,
1330 493 1376 548 si
1451 492 1854 547 Enuuauuclem
1933 501 2186 557 tanquam

2310 486 2616 556 ὶγγέλωνῐὴ
2667 486 2875 556 πληθὺς
2919 487 3030 548 τοῖς
3073 485 3153 547 είς
3204 483 3359 537 τοῦτο
3415 483 3610 553 μανίας
3668 483 3873 551 ἥκουσι

627 590 852 654 nudum,
885 595 1190 654 nostraeque
1208 583 1536 638 conditionis
1558 581 1830 636 hominem
1859 576 2192 633 adorationis

624 678 768 733 cultu
824 674 1248 746 prosequemur?
1283 671 1473 728 Nonne
1527 670 1762 728 caelestis
1828 682 2039 739 quoque
2105 665 2194 720 ille

625 768 939 837 angelorum
995 775 1166 822 castus
1229 765 1280 818 in
1341 771 1542 818 tantam
1601 760 1866 816 insaniam
1931 756 2196 828 prolapsis

626 857 1108 912 annumerabitur?
1136 855 1274 922 Quin
1339 863 1392 909 et
1449 868 1665 923 gregem
1716 850 2077 913 ethnicorum,
2107 863 2195 900 ar-

629 954 820 1011 bitror,
853 967 956 1005 non
999 950 1105 1004 erit
1140 965 1234 1003 cur
1261 949 1714 1011 condemnemus;
1758 959 1854 999 nec
1885 942 2040 996 facile
2089 940 2194 995 elui

630 1042 825 1109 poterit
868 1049 1106 1094 veterum
1152 1040 1431 1108 culparum
1465 1054 1622 1091 noxa.
1660 1037 1819 1091 Errat
1865 1051 2098 1104 namque
2143 1044 2199 1090 et

632 1148 771 1185 nitnc
803 1146 1015 1200 quoque
1051 1132 1269 1200 perinde
1307 1145 1369 1184 ac
1399 1130 1547 1195 olim,
1580 1140 1634 1183 et
1667 1129 1911 1183 semitam
1960 1143 2081 1196 quae
2129 1127 2196 1182 ad

630 1223 915 1275 veritatem
971 1222 1140 1285 ducit,
1204 1221 1468 1287 ignorat:
1513 1234 1685 1288 neque
1743 1221 1928 1272 beatus
1997 1217 2198 1271 Paulus

631 1311 764 1368 satis
830 1321 1132 1380 opportune
1195 1309 1416 1365 Galatas
1468 1311 1727 1376 increpat.
1787 1309 1876 1360 Ait
1923 1322 2195 1375 namque:

635 1418 656 1452 ι
694 1400 844 1453 Tunc
898 1402 1207 1469 ignorantes
1243 1400 1430 1464 Deum,
1464 1401 1530 1454 iis
1569 1399 1659 1469 qui
1691 1407 1881 1452 natura
1920 1415 2023 1453 non
2077 1407 2202 1452 sunt

630 1491 730 1553 dii,
761 1491 1100 1545 serviebatis.
1156 1489 1307 1543 Nunc
1357 1499 1538 1543 autem
1567 1505 1686 1543 cum
1717 1488 1880 1544 Deum
1927 1503 2194 1559 cognove-

634 1580 775 1645 ritis,
811 1581 917 1634 imo
951 1581 1149 1649 cogniti
1209 1581 1329 1635 sitis
1363 1596 1393 1633 a
1426 1581 1555 1643 Deo,
1597 1581 1864 1649 quomodo
1929 1579 2197 1634 converti-

635 1669 766 1723 mini
804 1670 994 1724 iterum
1024 1670 1089 1723 ad
1126 1669 1338 1724 inﬁrma
1369 1679 1531 1739 atque
1563 1685 1730 1739 egena
1762 1671 2052 1736 elementa,
2081 1671 2202 1738 qui-

635 1763 735 1816 bus
769 1764 943 1816 denuo
993 1763 1195 1818 servire
1231 1761 1390 1816 vultis
1421 1762 1515 1817 "?
1561 1779 1580 1812 ι
1616 1760 1748 1814 Nam
1781 1761 1882 1815 nisi
1931 1760 2198 1827 Christus,

2301 577 2710 641 συντετὰξεται;
2752 575 3086 646 ’Λνεξίτητον
3115 576 3190 641 δὲ,
3216 571 3369 646 οἶμαί
3397 591 3519 636 που,
3543 573 3642 644 τὴν
3667 572 3770 625 ἐπὶ
3796 571 3874 640 τῷ

2299 667 2675 738 πεπλανῆσθαι
2702 666 2916 736 γραφὴν
2971 667 3062 718 καὶ
3087 669 3150 735 τῇ
3181 667 3289 718 τῶν
3315 665 3480 718 ἐθνῶν
3510 664 3680 733 ἀγέλῃ
3710 678 3871 732 περι-

2301 760 2564 830 θήσομεν·
2602 761 2692 812 καὶ
2723 760 3120 813 δυσαπόνιπτον
3144 761 3254 830 ἔχει
3283 760 3391 813 τῶν
3419 759 3665 830 ἀρχαίων
3689 760 3872 811 αἰτια-

2303 851 2488 919 μάτων
2540 853 2598 904 τὸ
2645 852 2858 921 βλάϐος.
2911 853 3183 905 Πλανᾶται
3220 852 3349 922 γὰρ,
3391 846 3581 919 οἶμαι,
3630 848 3735 901 καὶ
3779 847 3872 900 νῦν

2301 942 2452 995 οὐδὲν
2480 937 2660 1012 ἦττον,
2692 944 2724 1012 ἢ
2753 945 2938 1008 πάλαι,
2963 944 3057 996 καὶ
3085 944 3182 1012 τὴν
3207 946 3287 1006 είς
3307 943 3436 995 εύθὺ
3458 942 3872 1011 διαστείχουσαν

2301 1033 2537 1102 ἠγνόηκε
2569 1033 2768 1102 τρίϐον.
2801 1036 2908 1087 Καὶ
2931 1034 3203 1104 περιττὸς,
3230 1034 3302 1097 ὠς
3327 1033 3521 1098 ἔοικεν,
3545 1035 3572 1085 ὁ
3599 1031 3874 1101 μακάριος

2305 1125 2534 1188 Παῦλος,
2577 1127 2912 1196 προσφωνῶν
2955 1145 3013 1180 τε
3065 1128 3248 1189 αὐτοῖς
3281 1126 3374 1179 καὶ
3417 1126 3624 1194 λέγων·
3667 1142 3687 1173 ι
3713 1121 3874 1175 Ἀλλά

2302 1213 2422 1266 τότε
2456 1216 2554 1284 μὲν
2588 1216 2687 1268 οὐκ
2733 1215 2931 1277 εἰδότες
2979 1215 3132 1280 Θεὸν,
3162 1215 3508 1267 ἐδουλεύσατε
3555 1214 3674 1275 τοῖς
3715 1209 3874 1280 φύσει

2307 1307 2378 1376 μὴ
2407 1301 2523 1358 οὖσι
2571 1307 2729 1368 θεοῖς.
2761 1306 2871 1358 Νῦν
2900 1307 2955 1360 δὲ
2983 1307 3198 1375 γνόντες
3223 1306 3372 1370 Θεὸν,
3414 1305 3613 1376 μᾶλλον
3640 1305 3700 1358 δὲ
3735 1321 3876 1372 γνω-

2306 1399 2521 1462 σθέντες
2569 1398 2672 1450 ὑπὸ
2718 1398 2873 1460 Θεοῦ,
2912 1399 3029 1461 πῶς
3067 1399 3423 1468 ἐπιστρέφετε
3459 1397 3622 1451 πάλιν
3669 1395 3767 1449 ἐπὶ
3811 1392 3877 1446 τά

2304 1489 2502 1559 ἀσθενῆ
2550 1491 2641 1541 καὶ
2674 1489 2865 1559 πτωχὰ
2911 1492 3167 1560 στοιχεῖα,
3212 1486 3292 1553 οἷς
3319 1488 3479 1542 πάλιν
3505 1487 3718 1542 ἄνωθεν
3754 1485 3877 1539 δου-

2304 1571 2479 1632 λεύειν
2527 1580 2741 1643 θέλετε;
2775 1600 2792 1630 ι
2849 1581 3006 1632 Ποῖον
3037 1581 3145 1651 γὰρ
3175 1580 3253 1633 ἔτι
3284 1580 3415 1632 Θεὸν
3458 1577 3792 1646 ἐγνώκασιν,
3827 1575 3873 1627 εί

2310 1674 2384 1741 μὴ
2435 1672 2591 1739 φύσει
2638 1672 2768 1734 Θεὸς
2814 1673 2842 1724 ὁ
2887 1672 3139 1743 Χριστὸς,
3174 1673 3252 1735 εἰς
3297 1671 3357 1725 ὃν
3406 1671 3876 1732 πεπιστεύκασινς

2307 1761 2418 1813 Καὶ
2468 1761 2516 1813 εί
2567 1761 2989 1832 λελατρεύκασιν
3036 1760 3327 1832 ἀνθρώπῳ,
3353 1763 3464 1824 τοῖς
3510 1761 3612 1830 τῆς
3641 1757 3880 1828 ἀρχαίας

633 1851 689 1904 in
713 1866 871 1921 quem
912 1853 1278 1918 crediderunt,
1301 1861 1489 1922 suapte
1527 1860 1714 1906 natura
1747 1852 1886 1907 Deus
1927 1862 2029 1917 est,
2063 1867 2198 1922 qua-

2310 1852 2518 1921 πλάνης
2571 1853 2842 1922 ἐνέχονται
2893 1853 3206 1924 βρόχοις.Ἣ
3239 1855 3340 1906 ούκ
3366 1852 3561 1923 ἀληθὲς
3614 1853 3643 1905 ό
3693 1867 3877 1920 quin;

633 1939 762 2003 lem,
817 1954 1021 2007 quaeso,
1083 1941 1250 1995 Deum
1314 1941 1723 2011 cognoverunt?
1770 1941 1836 1994 Et
1897 1941 1941 1994 si
2000 1940 2204 1995 homini

634 2031 962 2096 servierunt,
1014 2046 1120 2086 non
1162 2031 1368 2101 antiqui
1425 2032 1628 2086 erroris
1663 2030 1872 2099 laqueis
1911 2030 2203 2083 etianmum

635 2121 832 2175 irretiti
863 2121 1156 2175 tenentur?
1185 2121 1265 2173 An
1299 2135 1398 2191 ego
1436 2135 1541 2174 non
1594 2135 1778 2175 verum
1834 2121 1989 2173 dico?
2021 2120 2207 2188 utique

636 2212 781 2266 dico.
836 2211 1028 2267 Cernis
1107 2212 1294 2280 igitur,
1354 2212 1820 2267 Christianissime
1891 2213 2204 2280 imperator,

633 2302 907 2372 quomodo
932 2303 1256 2357 necessariis
1306 2303 1614 2357 notionibus
1670 2302 1909 2366 adducti,
1945 2301 2035 2356 Dei
2076 2301 2208 2355 Ver-

635 2395 787 2458 bum,
814 2394 999 2449 estoin
1030 2393 1198 2446 forma
1229 2403 1412 2448 nostra
1462 2395 1790 2464 apparuerit,
1809 2404 2072 2463 tanquam
2118 2408 2208 2446 ve-

637 2501 757 2540 rum
787 2496 978 2539 natura
1007 2485 1170 2539 Deum
1200 2485 1496 2553 prudenter
1542 2484 1772 2538 adorare
1809 2482 1924 2536 fere
1970 2481 2209 2550 compel-

638 2573 811 2626 lamur
831 2592 846 2626 :
868 2574 1064 2642 quippe
1090 2587 1212 2626 cum
1235 2574 1462 2625 duarum
1487 2582 1804 2626 naturarum
1848 2572 1900 2624 in
1942 2572 2205 2626 unitatem

636 2677 935 2717 concursus
967 2663 1124 2717 facile
1150 2661 1343 2731 possit,
1377 2661 1419 2715 si
1451 2677 1556 2730 qua
1579 2677 1674 2715 nos
1697 2662 1875 2715 turbat
1895 2662 2206 2730 aliquando,

638 2754 998 2822 suspicionem
1038 2753 1223 2807 tollere
1275 2755 1339 2805 de
1381 2751 1494 2806 sola
1546 2752 1898 2806 humanitate.
1926 2753 2210 2806 Enimvero

638 2841 800 2898 Verbi
850 2853 1037 2896 natura
1093 2843 1382 2896 humanam
1435 2851 1683 2896 naturam
1727 2844 2050 2911 suscipiens,
2104 2857 2208 2895 non

637 2945 724 2991 est
767 2937 907 2988 nuda
950 2935 1254 2989 humanitas
1284 2952 1296 2988 :
1326 2935 1434 2988 imo
1487 2949 1615 2989 vero
1681 2934 1898 3003 pr0pria
1954 2934 2121 3004 gloria
2157 2943 2213 2988 et

640 3026 924 3093 majestate
991 3035 1326 3095 assumptam
1380 3034 1627 3080 naturam
1679 3029 1969 3089 excedens,
2023 3026 2211 3079 incon-

639 3129 904 3180 cussaqne
957 3129 1019 3166 ac
1071 3113 1290 3168 immota
1360 3115 1674 3184 persistens,
1730 3115 1927 3168 nullam
1987 3129 2212 3185 prorsus

2319 1945 2540 2013 Ἀληθές
2568 1945 2665 2014 μὲν
2685 1941 2997 2015 οῦν.Ἃθρει
3015 1946 3079 2014 δὴ
3100 1941 3211 2008 οῦν,
3233 1938 3278 1998 ὦ
3302 1944 3612 2014 φιλόχριστε
3630 1941 3877 2011 βασιλεῦ,

2307 2037 2452 2097 ὅπως
2479 2035 2536 2100 ἐξ
2563 2035 2876 2101 ἀναγκαίων
2903 2035 3002 2105 ἤδη
3037 2035 3411 2105 συλλογισμῶν
3437 2033 3724 2105 μονονουχὶ
3759 2051 3881 2086 συν-

2306 2125 2593 2195 ωθούμεθα
2640 2127 2773 2195 πρός
2824 2143 2889 2194 γε
2934 2126 2995 2179 τὸ
3041 2127 3152 2180 δεῖν
3199 2126 3505 2196 ἐμφρόνως,
3533 2124 3610 2187 ὡς
3644 2123 3769 2192 Θεῷ
3805 2121 3881 2192 τῷ

2307 2217 2448 2270 κατά
2497 2217 2676 2285 φύσιν,
2704 2219 3027 2287 προσκυνεῖν
3059 2217 3136 2286 τῷ
3168 2218 3232 2269 ἐκ
3277 2215 3408 2269 Θεοῦ
3449 2214 3671 2284 Πατρὸς
3723 2214 3880 2282 τρύντι

2309 2310 2486 2378 Λόγῳ,
2517 2309 2609 2361 καὶ
2637 2309 2696 2361 ἐν
2728 2309 2804 2376 τῷ
2844 2308 2961 2361 καθ’
2989 2310 3138 2378 ἡμᾶς
3181 2308 3442 2378 πεφηνότι
3472 2307 3750 2376 σχήματι·
3783 2305 3880 2371 τῆς

2307 2399 2509 2466 ἀμφοῖν
2532 2399 2609 2458 εἰς
2636 2396 2862 2465 ἑνότητα
2886 2397 3190 2466 συνδρομῆς
3212 2396 3313 2448 οὐκ
3355 2395 3625 2457 ἀνικάνως
3649 2391 3881 2462 ἐχούσης

2308 2487 2444 2557 πρὸς
2487 2487 2547 2539 τὸ
2590 2487 2850 2553 ἀφανίσαι
2894 2485 3055 2554 τυχὸν
3089 2486 3148 2539 τὸ
3179 2487 3272 2539 καὶ
3299 2484 3409 2538 ἔσθ’
3440 2485 3528 2538 ὅτε
3565 2483 3778 2536 λυποῦν
3805 2483 3883 2544 εἰς

2313 2579 2479 2646 μόνης
2522 2579 2667 2646 ἡμᾶς
2711 2577 3128 2647 ἀνθρωπότητος
3177 2575 3446 2644 ὑποψίαν·
3495 2573 3882 2644 προσλαϐοῦσα

2309 2667 2417 2738 γὰρ
2444 2674 2476 2736 ἠ
2512 2668 2603 2719 τοῦ
2647 2668 2818 2734 Λόγου
2851 2667 3014 2736 φύσις
3046 2667 3106 2720 τὸ
3134 2667 3488 2738 ἀνθρώπινον,
3527 2666 3631 2718 οὐκ
3671 2665 3880 2734 ἀνθρωο

2311 2757 2481 2826 πότης
2515 2756 2665 2808 ἔσται
2696 2756 2860 2826 ψιλήο
2904 2755 3106 2809 νικῶσα
3156 2756 3212 2808 δὲ
3263 2756 3461 2820 μᾶλλον
3506 2756 3615 2825 [δίᾳ
3657 2755 3790 2825 δόξῃ
3825 2754 3883 2806 τὸ

2312 2847 2677 2917 προσληφθὲν.
2713 2849 2771 2900 ὲν
2797 2848 3074 2917 ἁκλονήτῳ
3107 2846 3338 2910 σώζεται
3363 2832 3590 2918 διαμονῇ
3633 2847 3735 2915 τῆς
3769 2846 3881 2899 θεο-

2313 2937 2556 3008 πρεποῦς
2589 2936 2885 3008 ὑπεροχῆς.
2914 2937 3099 2990 Ταῦτα
3147 2937 3470 3005 φρονοῦντες
3516 2939 3566 2990 οἱ
3619 2936 3880 3007 μαθηταὶ,

2313 3027 2679 3096 προσεκύνουν
2722 3026 3003 3094 λέγοντες·
3061 3026 3338 3094 (Ἀληθῶς
3378 3026 3512 3079 Θεοῦ
3557 3027 3690 3090 Υἱὸς
3745 3021 3830 3078 εἶ·
3861 3043 3880 3077 ι

2315 3117 2493 3170 καίτοι
2547 3117 2714 3185 βάδην
2759 3117 2904 3168 ίόντα
2950 3115 3257 3185 βλέποντες,
3297 3116 3391 3168 καλ⁵
3436 3115 3496 3166 ἐν
3547 3115 3718 3187 σαρκὶ
3759 3113 3886 3166 καθ’

639 3203 837 3258 divina:
864 3204 1006 3258 illius
1023 3206 1358 3259 excellentiae
1401 3221 1560 3274 passa
1604 3215 1692 3260 est
1721 3205 2017 3272 jacturam.
2049 3207 2204 3274 Cujus

2315 3208 2463 3275 ἡμᾶς
2483 3222 2496 3236 ο
2541 3205 2626 3256 ἐπ’
2661 3205 2832 3274 ἄκρου
2862 3204 2968 3275 γὰρ
3010 3205 3073 3276 δὴ
3103 3204 3269 3258 διέθει
3298 3205 3543 3276 κύματος
3569 3203 3886 3274 παραδόξοις

639 3294 856 3361 quidem
908 3293 981 3346 rei
1014 3291 1214 3347 Christi
1253 3293 1499 3362 discipuli
1537 3309 1642 3347 non
1677 3293 1874 3362 ignari,
1901 3295 2201 3349 adorabunt

2308 3296 2382 3357 ὡς
2408 3293 2559 3358 Θεός.

638 3399 786 3449 eum,
835 3386 1116 3440 dicentes:
1155 3404 1174 3437 ι
1212 3384 1350 3440 Vere
1417 3385 1586 3440 Filius
1635 3385 1727 3439 Dei
1787 3400 1846 3440 es
1885 3394 1938 3440 tu
1976 3388 2042 3452 ",
2083 3406 2102 3438 ι
2146 3387 2245 3442 etsi
2326 3388 2475 3441 illum
2534 3388 2757 3455 pedibus
2809 3397 3049 3450 euntem,
3100 3397 3390 3458 nostroque
3449 3389 3610 3444 modo
3668 3403 3888 3459 corpore

641 3477 889 3530 indutum
951 3476 1267 3541 cernebant,
1293 3476 1436 3545 quod
1467 3475 1859 3530 admirabiliter
1887 3477 1940 3529 in
1982 3477 2211 3532 summis
2249 3476 2501 3532 liuet-ibus
2527 3475 2858 3540 ambulabat,
2883 3479 2958 3530 uti
2996 3477 3155 3530 Deus.

712 3569 821 3638 29
837 3565 1051 3621 XXXII.
1080 3565 1184 3620 Sed
1209 3551 1406 3635 aliquis
1430 3565 1570 3620 forte
1590 3581 1654 3620 ex
1678 3566 1764 3630 iis,
1787 3566 1877 3635 qui
1905 3567 2026 3621 huic
2047 3572 2211 3620 tantm

640 3663 825 3731 gloriae
870 3661 1242 3722 adversantur,
1303 3657 1445 3712 dicet
1483 3673 1497 3711 :
1535 3658 1728 3726 Ecquis
1781 3658 1870 3712 ille
1919 3667 2057 3720 erat,
2119 3655 2211 3726 qui

643 3751 853 3807 mulieri
909 3749 1264 3804 Samaritana:
1313 3747 1535 3801 aiebat:
1570 3767 1590 3799 ι
1631 3747 1739 3801 Vos
1786 3749 2024 3802 adoratis
2069 3748 2212 3816 quod

641 3844 903 3900 nescitis:
938 3858 1034 3896 nos
1088 3849 1269 3894 autem
1316 3840 1606 3893 adoramus
1653 3841 1795 3906 quod
1851 3841 2136 3894 scimus'?
2186 3858 2206 3892 ι

639 3934 921 4002 Quomodo
957 3947 1086 4001 ergo
1125 3938 1271 3984 recte
1300 3929 1578 3993 adoratur,
1611 3929 1702 3998 qui
1738 3931 1880 3985 inter
1922 3931 2212 3984 adorantes

638 4024 928 4081 censetur?
992 4023 1070 4079 Ad
1119 4023 1222 4076 hoc
1279 4021 1528 4089 equidem
1582 4020 1977 4087 responderim.
2031 4020 2208 4085 istud,

641 4118 773 4184 Quis
812 4116 899 4169 ille
927 4124 1062 4179 erat,
1097 4114 1163 4167 de
1190 4113 1403 4167 Christo
1441 4112 1633 4166 stolide
1663 4112 1886 4166 omnino
1917 4120 2078 4179 atque
2109 4113 2210 4164 im-

641 4210 813 4278 perite
847 4207 950 4262 dici
982 4222 996 4258 :
1035 4205 1180 4259 nullo
1205 4206 1347 4258 enim
1388 4205 1544 4258 modo
1579 4203 1830 4257 Christus
1861 4204 2068 4257 divisus
2103 4212 2203 4258 est.

641 4299 820 4366 Quare
869 4298 958 4367 qui
998 4313 1118 4350 cum
1155 4296 1467 4350 muliercula
1509 4295 1851 4364 loquebatur,
1885 4304 2001 4348 erat
2047 4309 2206 4358 ututs,

639 4404 696 4444 et
728 4392 874 4444 solus
927 4390 1182 4442 Dominus
1233 4387 1388 4441 Jesus
1439 4387 1709 4447 Christus,
1753 4402 1818 4442 ex
1873 4386 2208 4440 humanitate

2389 3567 2512 3619 AB’.
2558 3567 2703 3636 Ἐρεῖ
2744 3567 2799 3618 δὲ
2841 3565 2968 3629 ἴσως
3001 3569 3028 3618 ὁ
3062 3569 3126 3635 τῇ
3168 3566 3343 3635 τοιᾷδε
3387 3567 3509 3640 δόξῃ
3547 3570 3883 3641 μαχόμενος·

2318 3656 2430 3710 Καὶ
2458 3655 2541 3717 τίς
2572 3651 2639 3724 ἦν
2673 3658 2700 3708 ό
2731 3656 2907 3724 λέγων
2940 3655 3075 3727 πρὸς
3103 3655 3201 3726 τὴν
3227 3659 3283 3708 ὲν
3309 3659 3592 3729 Σαμαρείᾳ
3623 3667 3882 3729 γυναῖκα·

2322 3764 2342 3797 ι
2401 3746 2588 3814 Ὑμεῖς
2621 3748 2977 3814 προσκυνεῖτε
3023 3746 3049 3796 ὃ
3079 3747 3178 3798 ούκ
3214 3747 3413 3811 οἴδατε,
3460 3750 3620 3818 ἡμεῖς
3646 3768 3884 3823 προσκυ-

2315 3835 2514 3905 νοῦμεν
2540 3836 2568 3888 ὃ
2605 3838 2825 3906 οἴδαμεν
2852 3855 2864 3901 ;
2903 3856 2920 3886 ι
2959 3833 3092 3890 Εἶτα
3269 3838 3417 3891 ἔσται
3448 3845 3829 3912 προσκυνητὸς
3855 3847 3882 3898 ὁ

2311 3931 2423 3990 τοῖς
2473 3928 2834 3996 προσκυνοῦσι
2899 3928 3356 3997 συντεταγμένοςς
3411 3930 3552 3997 Ἐγὼ
3608 3933 3670 3986 δὲ
3725 3935 3882 4006 φαίην

2313 4019 2400 4082 ἂν,
2436 4020 2518 4072 ὅτι
2573 4020 2653 4084 τὸ,
2685 4019 2782 4082 Τίς
2828 4015 2933 4089 ἧνς
2964 4020 3100 4081 ὅλως
3155 4019 3248 4071 ἐπὶ
3290 4021 3528 4090 Χριστοῦ
3573 4022 3880 4094 λεγόμενον,

2313 4112 2590 4182 ἀσύφηλόν
2617 4129 2676 4164 τε
2707 4113 2806 4164 καὶ
2837 4111 3048 4182 ἀμαθές
3072 4127 3085 4141 ⁸
3119 4113 3446 4183 μεμέρισται
3475 4116 3586 4184 γὰρ
3613 4117 3878 4188 οὐδαμῶς.

2325 4200 2384 4252 Ὀ
2412 4201 2468 4253 δὲ
2504 4199 2582 4269 τῷ
2614 4201 2820 4269 γυναίῳ
2849 4200 3182 4270 προσλαλῶν,
3212 4203 3240 4254 ὁ
3268 4197 3349 4265 εἷς
3367 4219 3425 4255 τε
3462 4204 3555 4256 καὶ
3581 4206 3746 4274 μόνος
3779 4208 3880 4261 K6-

2320 4307 2432 4360 ριος
2461 4286 2529 4360 ἦν
2571 4290 2777 4360 Ἰησοῦς
2815 4291 3068 4360 Χριστὸς,
3101 4293 3164 4344 ἐκ
3202 4291 3302 4361 τῆς
3344 4295 3762 4367 προσκυνούσης
3791 4299 3879 4350 ἀνα

2317 4381 2683 4452 θρωπότητος,
2734 4381 2826 4434 καὶ
2851 4384 2913 4434 ἐκ
2952 4383 3052 4450 τῆς
3094 4384 3574 4454 προσκυνουμένης
3613 4385 3880 4457 θεότητος,

640 4483 899 4535 adorante
927 4489 980 4533 et
1007 4479 1274 4532 adoranda
1311 4477 1586 4532 divinitate
1611 4477 1956 4538 constitutus,
1986 4476 2112 4531 illud
2157 4477 2204 4528 in

2315 4473 2375 4525 τὸ
2417 4469 2554 4525 εἷναί
2592 4489 2648 4524 τε
2701 4473 2796 4524 καὶ
2835 4472 3193 4542 ὀνομάζεσθαι
3223 4474 3355 4537 Θεός
3382 4492 3439 4527 τε
3493 4476 3629 4544 ὁμοῦ
3672 4480 3768 4532 καὶ
3798 4481 3880 4534 ἀνα

641 4585 701 4624 se
754 4571 1136 4637 complectens,
1197 4568 1339 4621 unde
1394 4570 1533 4622 Deus
1584 4567 1740 4619 simul
1780 4575 1835 4620 et
1879 4568 2041 4620 homo
2084 4580 2204 4622 vere

2318 4560 2550 4631 θρωπος,
2604 4560 2802 4630 ἀληθὲς
2831 4560 2967 4639 ἔχων
3013 4561 3097 4629 ἐφ’
3145 4561 3356 4631 ἐαυτῷ·
3407 4563 3661 4636 καθάπερ
3695 4568 3881 4638 ἀμέλει

641 4662 771 4725 dici,
804 4662 1095 4729 haberique
1122 4660 1289 4728 possit
1318 4676 1330 4711 :
1376 4659 1822 4726 quemadmodum
1859 4658 2112 4712 videlicet
2141 4657 2204 4711 de

2319 4651 2452 4722 φαίη
2489 4670 2569 4714 τις
2604 4651 2669 4704 ἂν
2706 4653 2800 4704 καὶ
2839 4653 3036 4721 ἑτέρως
3065 4653 3194 4724 περὶ
3221 4655 3411 4707 αὐτοῦ’
3506 4657 3606 4726 μὲν
3630 4659 3743 4729 γάρ
3775 4661 3882 4714 ἐστι

639 4769 706 4806 co
735 4752 890 4805 aliter
929 4751 1106 4803 dicere
1146 4749 1266 4817 quis
1306 4757 1521 4816 potest;
1556 4759 1820 4815 quatenus
1867 4748 2008 4802 enim
2073 4749 2204 4802 Deus

2317 4743 2469 4808 Θεὸς,
2509 4745 2664 4795 νοοῖτ’
2704 4743 2769 4794 ἂν
2796 4743 3056 4814 ὑπάρχων
3081 4743 3242 4807 αὐτὸς
3272 4747 3300 4797 ὁ
3344 4745 3442 4814 τῆς
3463 4746 3622 4817 δόξης
3648 4747 3880 4820 Κύριος·

641 4851 745 4904 est,
780 4841 890 4908 ipse
944 4839 1198 4893 Dominus
1246 4841 1428 4909 gloriae
1457 4841 1624 4895 ’csse
1681 4838 2032 4907 intelligitur;
2077 4854 2212 4906 qua-

643 4945 801 4988 tenus
848 4948 974 4987 vero
1003 4931 1177 4985 lactus
1226 4941 1308 4986 est
1344 4932 1507 4985 homo
1533 4930 1622 4983 ille
1647 4930 1738 4998 qui
1792 4928 1884 4982 Dei
1934 4930 2208 4982 consortio

644 5023 1062 5092 gloriﬁcabatur,
1087 5023 1254 5091 gloria
1285 5022 1578 5091 indigebat,
1599 5020 1745 5088 juxta
1779 5019 1904 5073 illud
1934 5035 1948 5073 :
1981 5037 1999 5068 ι
2023 5017 2203 5082 Pater,

644 5111 880 5166 clariﬁca
931 5110 1123 5164 Filium
1157 5120 1308 5163 tuum
1346 5110 1388 5164 ⁸.
1438 5128 1457 5160 ι
1511 5107 1624 5174 Nat,
1661 5109 1755 5163 sed
1801 5124 1938 5161 unus
1994 5107 2209 5161 interim

645 5201 936 5256 secundum
987 5199 1289 5268 Scripturas
1312 5209 1396 5255 est
1429 5199 1706 5262 Dominus,
1733 5213 1838 5251 una
1872 5197 2023 5261 ﬁdes,
2044 5212 2208 5250 unum

645 5296 912 5364 baptisma
946 5292 988 5348 ⁸.
1061 5292 1127 5346 Et
1177 5291 1623 5362 quemadmodum
1671 5305 1773 5344 una
1838 5299 1920 5344 est
1966 5288 2097 5343 lides
2155 5291 2207 5342 in

715 5450 760 5481 ”
783 5447 960 5504 Galat.
990 5461 1066 5514 tv,
1093 5447 1147 5511 8,
1171 5445 1221 5501 9.
1299 5447 1343 5478 ”
1365 5445 1551 5502 Matth.
1578 5460 1686 5512 xw,
1717 5445 1806 5500 55.

2319 4830 2352 4908 ᾖ
2382 4835 2438 4886 δὲ
2466 4834 2686 4902 γέγονεν
2719 4835 2746 4887 ὁ
2775 4834 2913 4886 κατὰ
2952 4833 3168 4904 μέθεξιν
3199 4836 3296 4904 τὴν
3325 4836 3472 4904 παρά
3497 4836 3633 4890 Θεοῦ
3671 4839 3884 4904 δοξαζό-

2316 4942 2474 4995 μενος
2519 4927 2821 4996 ἄνθρωπος,
2861 4927 3028 4978 ἐδεῖτο
3060 4926 3153 4978 καὶ
3186 4925 3363 4995 δόξης,
3389 4927 3561 4996 λέγων
3581 4945 3595 4959 ·
3626 4947 3644 4978 ι
3682 4932 3882 5004 Πάτερ,

2313 5014 2534 5080 δόξασόν
2558 5032 2648 5067 σου
2672 5016 2764 5068 τὸν
2784 5015 2926 5068 Υἱόν.
2947 5034 2964 5066 ι
2985 5015 3147 5078 Ἀλλ’,
3171 5011 3294 5078 «Εἷς
3317 5017 3538 5088 Κύριος,
3556 5020 3656 5089 μία
3685 5023 3882 5087 πίστις,

2313 5105 2690 5175 ἒνβάπτισμα,
2719 5124 2738 5156 ι
2761 5106 2899 5158 κατά
2927 5107 2987 5158 τὸ
3014 5108 3638 5182 γεγραμμένον.”Ωσπερ
3655 5108 3750 5165 οὖν
3773 5115 3883 5166 ἐστι

2320 5199 2416 5267 μία
2455 5198 2638 5261 πίστις
2666 5200 2698 5268 ἡ
2723 5199 2778 5250 ἐν
2802 5198 3021 5268 Χριστῴ
3047 5197 3089 5263 ι,
3124 5199 3218 5251 καὶ
3247 5199 3304 5251 ἓν
3335 5199 3548 5272 ἀληθῶς
3579 5201 3882 5274 βάπτισμα,

2315 5288 2492 5341 καίτοι
2532 5287 2940 5358 βαπτιζομένων
2979 5288 3073 5342 καὶ
3106 5291 3546 5345 πεπιστευκότων
3601 5293 3759 5362 ἡμῶν
3806 5295 3882 5358 είς

1888 5445 1900 5472 ¹
1941 5443 2102 5499 Joan.
2142 5459 2216 5509 tv,
2242 5443 2333 5496 22.
2413 5444 2432 5473 ²
2455 5441 2476 5496 ι
2501 5443 2628 5498 Cor.
2664 5459 2724 5509 Il,
2753 5445 2807 5499 8.
2881 5443 2901 5474 ³
2929 5443 3085 5500 Joan.
3115 5459 3247 5514 xm,
3291 5446 3341 5502 ι.
3420 5447 3442 5480 δ
3470 5444 3665 5518 Ephes.
3699 5459 3773 5511 Iv,
3798 5446 3853 5505 5.

1741 5603 1913 5660 Variae
1947 5603 2209 5660 lectiones
2241 5602 2442 5659 codicis
2487 5602 2844 5672 Seguieriani.

730 5737 750 5784 ι
777 5740 857 5803 είς
892 5741 1142 5812 Χριστόν.
