4056 6334
192 397 318 454 1181

1145 397 1231 451 DE
1275 399 1500 453 RECTA
1539 397 1694 452 FIDE
1734 398 1824 450 AD
1864 397 2311 459 THEODOSIUM
2345 404 2480 460 IMP.

3302 411 3444 470 H82

191 520 430 588 Πατέρα,
466 520 558 570 καὶ
595 517 736 577 Υίὸν,
774 517 865 568 καὶ
907 515 1058 583 ἅγιον
1092 516 1347 586 Πνεῦμα·
1381 517 1520 570 κατὰ
1546 518 1636 568 τὸν
1666 517 1764 568 αὖ·

1889 518 2174 586 Zhristum,
2225 531 2279 578 et
2325 541 2488 579 unum
2563 516 2691 580 item
2778 527 3065 596 baptisma,
3117 529 3330 584 etiamsi
3385 532 3442 586 in

191 612 304 670 τὸν,
336 606 510 678 οἶμαι,
550 608 748 677 τρόπον
786 623 844 658 τε
876 608 969 658 καὶ
992 605 1169 673 λόγον.
1211 607 1308 674 μία
1340 604 1763 675 προσκύνησιςή

193 701 425 769 Πατρὸς,
460 700 554 752 καὶ
583 697 1099 767 ὲνανορωπήσαντος
1127 697 1276 759 Υίοῦ,
1308 698 1398 749 καὶ
1423 697 1575 764 ἁγίου
1607 697 1767 749 Πνεῦ-

198 808 384 860 ματος.
447 789 845 856 Ἐξωσθήσεται
896 788 1004 857 γὰρ
1037 787 1272 856 οὐδαμοῦ
1317 787 1408 840 τοῦ
1450 791 1767 858 προσκυνεῖ-

197 879 322 932 σοαι
354 881 460 931 δεῖν
500 880 634 948 πρὸς
660 894 717 928 τε
748 877 905 945 ἡμῶν
931 877 1110 929 αὐτῶν
1149 878 1242 930 καὶ
1273 877 1380 928 τῶν
1410 878 1581 945 ἁγίων
1605 877 1767 944 ἀγγέ-

195 972 303 1023 λων
330 973 357 1022 6
383 970 708 1038 Μονογενὴς,
743 969 789 1020 εἰ
815 970 905 1021 καὶ
933 969 1121 1036 γέγονε
1151 967 1306 1039 σὰρξ,
1337 969 1430 1020 καὶ
1460 969 1766 1039 ἐσκήνωσεν

194 1065 254 1115 ἐν
283 1064 432 1132 ἡμῖν,
462 1041 834 1132 κεχρηματικέ
877 1078 935 1113 τε
967 1060 1309 1131 πρωτότοκος
1357 1060 1431 1122 ὡς
1464 1063 1520 1112 ἐν
1555 1059 1768 1122 πολλοῖς

195 1157 446 1224 ἀδελφοῖς
467 1169 479 1182 ’
513 1154 634 1207 ἐπεὶ
671 1155 755 1217 τίς
778 1153 842 1206 ἂν
878 1153 962 1224 εἴη
1010 1153 1170 1206 πάλιν
1202 1155 1229 1205 ό
1260 1153 1357 1221 τῆς
1389 1154 1475 1204 ἐπ’
1507 1151 1654 1222 αύτῷ
1680 1153 1769 1206 πί-

200 1267 372 1312 στεως
415 1247 605 1315 λόγος;
655 1247 779 1309 Πῶς
813 1241 906 1298 οῦν
937 1245 1037 1298 ούκ
1067 1245 1214 1309 ἄξιον
1266 1245 1426 1308 ἰδεῖν;
1463 1245 1600 1298 Οὐδὲ
1639 1243 1767 1313 γὰρ,

197 1337 376 1408 οἶμαι,
407 1341 562 1406 φαῖεν
591 1337 676 1399 ἂν,
709 1338 867 1408 εἴπερ
899 1353 960 1406 γε
998 1336 1446 1404 ’ἐλοιντοφρονεῖν
1472 1335 1668 1404 ὀρθῶς,
1695 1334 1770 1397 ὡς

198 1434 294 1494 El;
323 1431 482 1500 μόνον
511 1428 950 1498 πεπιστεύκαμεν
971 1428 1063 1480 τὸν
1086 1431 1149 1482 ὲκ
1184 1428 1315 1481 Θεοῦ
1351 1428 1563 1497 Πατρὸς
1598 1427 1773 1493 φύντα

197 1521 391 1587 Λόγον,
447 1519 884 1589 ἁπογυμνοῦντες
927 1518 1089 1571 αὑτὸν
1116 1518 1215 1586 τῆς
1270 1519 1494 1589 σαρκός·
1545 1518 1655 1570 οὐδ’
1704 1517 1770 1571 αὖ

199 1615 379 1664 ὲκεῖνο
412 1613 729 1681 παρήσομεν
757 1613 958 1663 εἰπεῖν’
993 1610 1261 1675 λελέξεται
1294 1612 1433 1680 γάρ’
1468 1611 1529 1662 ού
1559 1610 1669 1680 γὰρ
1695 1613 1774 1674 εἰς

199 1707 298 1757 ἕνα
327 1705 433 1757 τῶν
466 1703 586 1756 καθ’
612 1706 782 1774 ἡμᾶς,
809 1702 931 1756 οῦτε
953 1704 1057 1773 μὴν
1087 1705 1166 1765 είς
1193 1702 1478 1773 ἄνθρωπον
1501 1704 1531 1772 ἡ
1571 1705 1773 1768 πίστις,

201 1796 318 1849 ἀλλ’
351 1797 432 1860 είς
467 1797 597 1848 Θεὸν
642 1796 942 1866 πράττεται
989 1793 1082 1847 τὸν
1128 1795 1285 1864 φύσει
1322 1795 1666 1864 καὶ³ἀληθῶς
1718 1798 1775 1848 ὲν

1866 606 2107 672 Patrem,
2135 620 2186 664 et
2237 611 2450 681 Filium,
2476 625 2529 670 et
2560 615 2821 684 Spiritum
2853 627 3096 671 sanctum
3134 619 3442 686 credamus,

1866 707 1922 752 et
1952 701 2291 766 baptizemur
2319 721 2333 757 :
2368 705 2437 757 ita
2472 706 2647 773 plane,
2673 716 2730 759 ut
2755 722 2853 775 ego
2887 707 3145 771 arbitror,
3172 724 3275 761 una
3307 725 3443 778 quo-

1867 804 1974 858 que
2007 791 2204 856 Patris,
2244 803 2296 846 et
2338 795 2600 849 incarnati
2634 796 2779 859 Filii,
2812 806 2866 849 et
2899 797 3134 864 Spiritus
3162 799 3331 852 sancti
3364 807 3447 849 est

1867 883 2133 937 adoratio.
2193 882 2448 948 Quamvis
2516 888 2657 941 enim
2709 887 3032 956 Unigenitus
3084 903 3211 946 caro
3272 888 3449 945 factus

1870 974 2008 1027 inter
2055 989 2149 1029 nos
2207 975 2482 1039 habitarit,
2535 994 2632 1030 nec
2691 993 2792 1030 non
2859 979 3252 1048 primogenitns
3309 980 3449 1030 inter

1871 1067 2066 1120 multus
2129 1066 2326 1121 fratres
2375 1069 2669 1136 appellatus
2725 1073 2792 1124 sil
2828 1072 2883 1136 ⁸,
2929 1071 3030 1124 hoc
3079 1080 3254 1123 tamen
3318 1070 3448 1123 nihil

1871 1157 2109 1225 impedit,
2149 1160 2434 1226 quominus
2487 1176 2607 1214 cum
2639 1175 2667 1214 a
2695 1159 2868 1223 nobis,
2902 1171 3010 1215 tum
3043 1162 3109 1215 ab
3143 1161 3272 1228 ipsis
3317 1177 3449 1227 quo-

1870 1266 1974 1317 que
2026 1251 2228 1322 angelis
2273 1252 2484 1305 adorari
2531 1253 2743 1305 debeat.
2798 1252 2930 1306 Nam
2985 1269 3103 1321 qum
3170 1245 3276 1305 alia
3328 1250 3448 1307 ﬁdei

1873 1344 2007 1394 ratio
2042 1342 2093 1395 in
2128 1344 2300 1410 ipsum
2344 1351 2593 1396 constare
2620 1343 2840 1410 posset?
2869 1344 3151 1410 Quomodo
3175 1358 3300 1397 vero
3347 1343 3450 1396 hoc

1872 1435 2098 1504 quzcsitu
2137 1449 2238 1486 non
2271 1434 2536 1502 dignum?
2586 1434 2768 1502 Neque
2813 1435 2955 1489 enim
2991 1435 3070 1503 (si
3103 1437 3260 1488 modo
3307 1443 3452 1488 recte

1873 1541 2060 1591 sapere
2091 1524 2394 1594 voluerint)
2428 1525 2620 1579 dicturi
2651 1537 2798 1592 sunt,
2848 1529 3066 1597 opinor,
3101 1528 3241 1594 quod
3274 1527 3324 1578 in
3359 1525 3450 1579 Dei

1873 1616 2049 1674 Patris
2105 1615 2335 1670 Verbum
2382 1615 2556 1670 solum
2621 1631 2783 1671 carne
2831 1627 3052 1675 exutum
3120 1621 3450 1674 credamus:

1876 1723 2049 1777 neque
2085 1707 2211 1761 illud
2247 1722 2461 1761 rursum
2490 1708 2907 1775 praeteriblmus,
2939 1723 3132 1776 nempe
3165 1707 3304 1776 quod
3348 1721 3453 1759 non

1877 1800 1930 1854 in
1975 1815 2136 1853 unum
2171 1799 2400 1866 aliquem
2447 1799 2614 1853 nostri
2662 1799 2915 1863 similem,
2960 1808 3051 1852 aut
3086 1799 3138 1852 in
3178 1797 3453 1852 hominem

203 1886 483 1956 προσώπῳ
534 1863 791 1957 Χριστοῦ.
838 1863 1172 1956 Συλλήψεται
1227 1886 1284 1938 δὲ
1316 1886 1393 1955 τῷ
1436 1863 1579 1957 λόγῳ
1623 1887 1718 1938 καὶ
1749 1888 1778 1939 6

1889 1889 1983 1943 lide
2021 1863 2322 1953 tendamus,
2355 1890 2448 1943 sed
2473 1889 2634 1956 quod,
2661 1891 2760 1944 sub
2785 1905 3011 1958 persona
3028 1889 3250 1952 Christi,
3280 1890 3330 1942 in
3365 1903 3457 1942 ve-

203 1978 370 2045 σοφὸς
397 1976 625 2046 γράφων
655 1976 867 2040 Παῦλος
886 1993 898 2007 ·
940 1995 958 2028 ι
1007 1979 1080 2030 Οὐ
1119 1977 1226 2048 γὰρ
1256 1977 1481 2040 ἑαυτοὺς
1511 1978 1779 2046 κηρύσσο-

205 2086 330 2138 μεν,
367 2069 501 2121 ἀλλὰ
525 2069 758 2138 Χριστὸν
797 2067 1006 2139 Ἰησοῦν
1044 2067 1247 2138 Κύριον
1272 2086 1286 2100 ·
1331 2069 1556 2131 ἑαυτοὺς
1587 2069 1641 2121 δὲ
1664 2068 1779 2121 δού-

203 2157 331 2219 λους
357 2156 512 2228 ὑμῶν
553 2158 641 2210 διὰ
682 2157 854 2227 Ἰησοῦ
889 2157 1149 2228 Χριστοῦ.
1176 2158 1295 2211 Ὀτι
1329 2159 1357 2209 6
1388 2158 1520 2221 Θεὸς
1559 2161 1585 2210 6
1611 2159 1779 2212 εἰπὼν

203 2251 273 2302 ὲκ
308 2251 530 2313 σκότους
552 2249 666 2318 φῶς
695 2250 926 2320 λάμψαι,
961 2251 1019 2314 ὃς
1039 2251 1278 2322 ἔλαμψεν
1301 2255 1361 2305 ἐν
1389 2253 1505 2315 ταῖς
1535 2252 1780 2323 καρδίαις

204 2338 387 2408 ἡμῶν,
422 2339 560 2408 πρὸς
582 2343 860 2408 φωτισμὸν
884 2343 983 2410 τῆς
1009 2341 1262 2408 γνώσεως
1298 2342 1395 2411 τῆς
1419 2342 1575 2412 δόξης
1615 2341 1779 2395 αὑτοῦ

204 2433 268 2484 ἐν
309 2429 586 2501 προσώπῳ
633 2430 805 2502 Ἰησοῦ
851 2431 1107 2502 Χριστοῦ.
1152 2453 1169 2482 ι
1215 2433 1344 2486 Ἰδοὺ
1373 2433 1436 2501 δὴ
1487 2433 1674 2500 σαφῶς
1725 2449 1780 2484 τε

206 2521 307 2574 καὶ
335 2521 580 2591 ἐναργῶς
616 2523 643 2574 6
669 2522 948 2592 φωτισμὸς
979 2522 1078 2591 τῆς
1110 2521 1363 2590 γνώσεως
1387 2521 1478 2574 τοῦ
1521 2522 1656 2575 Θεοῦ
1691 2525 1783 2576 καὶ

208 2613 425 2686 Πατρὸς
453 2615 509 2668 ὲν
535 2613 808 2684 προσώπῳ
830 2613 1090 2682 διέλαμψε
1115 2614 1208 2666 τοῦ
1242 2611 1476 2683 Χριστοῦ
1501 2629 1513 2642 ⁸
1560 2614 1782 2684 τοιγάρ-

205 2723 291 2757 τοι
324 2705 416 2758 καὶ
445 2705 678 2772 ἔφασκεν
698 2721 712 2735 ο
746 2724 764 2756 ι
807 2705 864 2757 '0
889 2703 1145 2774 ἑωρακὼς
1179 2704 1298 2774 ἐμὲ,
1324 2704 1533 2775 ἑώρακε
1562 2706 1652 2757 τὸν
1675 2706 1785 2756 Πα-

206 2797 364 2865 τέρα.
398 2827 466 2837 --
512 2796 650 2866 Ἐγὼ
679 2797 773 2850 καὶ
798 2799 825 2850 6
854 2796 1040 2867 Πατὴρ
1067 2796 1126 2849 ἓν
1152 2796 1336 2866 ἐσμεν.
1385 2817 1404 2847 ι

285 2977 406 3030 AI".
441 2976 737 3047 Χαρακτὴρ
770 2976 825 3029 δὲ
866 2979 894 3029 6
928 2976 1068 3040 Οεῖος
1115 2976 1174 3029 ού
1213 2974 1542 3046 σωματικὸς,
1583 2973 1697 3026 ἀλλ’
1729 2975 1786 3026 ἐν

208 3070 440 3146 δυνάμει
484 3069 578 3121 καὶ
625 3067 749 3138 δόξῃ
793 3071 858 3136 τῇ
905 3068 1368 3138 θεοπρεπεστόιτῃ.
1420 3067 1588 3120 Τοῦτο
1634 3061 1786 3136 δὲῆν

1882 1997 1998 2034 rum
2038 1990 2089 2034 et
2135 1981 2432 2035 naturalem
2484 1979 2677 2034 Deum.
2705 2031 2708 2033 _
2739 1980 2836 2035 Cui
2879 1991 2932 2035 et
2979 1982 3194 2050 sapiens
3244 1993 3460 2048 quoque

1881 2072 2078 2126 Paulus
2110 2071 2478 2140 patrocinatur
2506 2088 2520 2124 :
2552 2071 2740 2126 scribit
2770 2071 2912 2124 enim
2947 2086 2961 2124 :
3000 2091 3018 2122 ι
3062 2071 3175 2125 Non
3215 2079 3458 2125 nosmet-

1882 2161 2027 2230 ipsos
2072 2160 2448 2229 prmtlicamus,
2494 2161 2588 2214 sed
2636 2157 2816 2213 Jesum
2851 2159 3128 2214 Christum
3163 2159 3459 2213 Dominum

1883 2261 2164 2315 nostrum;
2197 2265 2293 2304 nos
2325 2259 2504 2304 autem
2531 2265 2719 2306 servos
2740 2260 2954 2305 vestros
2983 2266 3075 2320 per
3091 2250 3294 2305 .lesum.
3327 2249 3467 2316 Quo-

1884 2342 2024 2395 niam
2057 2340 2194 2393 Deus
2217 2341 2308 2409 qui
2335 2341 2468 2395 dixit
2495 2341 2560 2394 de
2589 2342 2825 2395 tenebris
2859 2341 3030 2395 lucem
3062 2341 3463 2407 splendescere,

1885 2438 1996 2503 ipse
2055 2434 2229 2486 illuxit
2274 2434 2324 2484 in
2383 2431 2635 2485 cordibus
2685 2433 2883 2486 nostris
2914 2433 2979 2485 ad
3023 2433 3464 2486 illuminationem

1884 2523 2118 2578 scientia:
2157 2524 2422 2577 claritatis
2451 2523 2543 2576 Dei
2577 2527 2628 2576 in
2662 2523 2799 2578 facie
2825 2524 2933 2593 30
2963 2523 3161 2577 Christi
3201 2522 3326 2576 Jesu
3353 2522 3395 2575 ⁸.
3439 2541 3457 2573 ι

1885 2615 2022 2669 Ecce
2068 2629 2250 2683 aperte
2307 2614 2685 2681 evidenterque
2733 2614 3054 2668 illuminatio
3101 2611 3342 2667 scientiae
3372 2611 3466 2667 Dei

1885 2704 2062 2760 Patris
2103 2707 2152 2759 in
2194 2721 2418 2774 persona
2471 2705 2671 2759 Christi
2714 2705 2933 2758 ell'ulsit.
3001 2704 3152 2759 Unde
3198 2712 3248 2757 et
3303 2702 3466 2770 ipse:

1897 2818 1914 2849 ι
1940 2798 2040 2864 Qui
2070 2801 2213 2852 videt
2249 2817 2354 2862 me,
2384 2801 2580 2868 inquit,
2614 2800 2758 2854 videt
2785 2807 2837 2853 et
2883 2796 3101 2850 Patrem
3120 2797 3163 2851 ".
3187 2826 3256 2836 —
3283 2795 3394 2865 Ego
3416 2800 3474 2850 et

1890 2890 2054 2944 Pater
2088 2906 2249 2941 nnmn
2280 2906 2466 2943 smnus
2490 2891 2532 2944 ⁸.
2565 2910 2582 2942 ι

1959 2979 2195 3035 XXXIII.
2230 2981 2494 3033 Caeterum
2523 2981 2736 3033 divinus
2783 2980 3070 3034 character
3102 2994 3202 3032 non
3234 2988 3316 3032 est
3350 2992 3471 3032 cor-

1888 3088 2100 3143 poreus,
2139 3072 2230 3126 scd
2286 3072 2336 3124 in
2389 3087 2596 3124 summa
2655 3073 2852 3123 virtute
2897 3081 2952 3123 et
2986 3070 3150 3137 gloria
3203 3084 3320 3136 qua:
3363 3068 3473 3121 Deo

211 3160 515 3232 ἀκραιφνὲς
553 3162 611 3213 ὲν
652 3161 889 3231 Χριστῷ.
925 3161 1287 3231 Γνωρίζεσθαι
1317 3159 1374 3212 δὲ
1415 3160 1504 3211 καὶ
1545 3160 1633 3212 διὰ
1663 3160 1786 3211 τού-

1893 3162 2163 3226 convenit,
2193 3162 2419 3228 positus.
2466 3162 2589 3213 Erat
2623 3161 2667 3214 is
2697 3175 2856 3227 porro
2891 3161 2942 3212 in
2975 3160 3192 3211 Christo
3233 3159 3476 3227 apprime

213 3270 325 3304 των
352 3253 524 3320 ἠξίου,
557 3253 649 3304 καὶ
679 3251 765 3304 διὰ
809 3253 908 3321 τῆς
944 3253 1048 3305 τῶν
1081 3252 1376 3321 δρωμένων
1417 3251 1688 3322 ὑπεροχῆς
1713 3252 1790 3314 εἰς

215 3343 428 3404 ἐννοίας
474 3342 765 3412 ἀναφοιτᾷν
807 3342 904 3404 τὰς
935 3343 1019 3394 ἐπ’
1060 3342 1207 3411 αὐτῴ
1241 3341 1366 3401 τοὺς
1411 3342 1794 3411 ἀκροωμένους

215 3435 399 3506 ἧϐελε,
431 3433 973 3505 κατασμικρυνούσης
995 3435 1154 3487 αὐτὸν
1183 3435 1366 3505 ἡρέμα
1394 3434 1543 3504 παρά
1583 3451 1645 3501 γε
1683 3435 1793 3496 τοῖς

216 3528 502 3591 ἀσυνέτοις
532 3526 630 3596 τῆς
672 3526 953 3596 όρωμένης
1004 3528 1222 3597 σαρκός.
1263 3545 1280 3575 ι
1313 3527 1374 3579 Ei
1408 3527 1516 3597 γὰρ
1564 3527 1622 3578 ού
1656 3526 1795 3578 ποιῶ

217 3620 291 3672 τὰ
321 3619 456 3689 ἔργα
500 3617 594 3670 τοῦ
630 3617 839 3688 Πατρός
888 3635 1009 3686 μου,
1042 3617 1193 3686 φησι,
1224 3617 1297 3688 μὴ
1348 3617 1633 3670 πιστεύετέ
1669 3634 1793 3687 μοι·

219 3714 270 3763 εἰ
305 3711 359 3762 δὲ
384 3709 541 3774 ποιῶ,
573 3709 674 3762 κᾶν
717 3709 840 3778 ὲμοί
868 3709 942 3778 μὴ
972 3708 1284 3778 πιστεύητε,
1316 3710 1425 3770 τοῖς
1463 3707 1644 3778 ἔργοις
1695 3724 1795 3776 μου

222 3803 568 3856 πιστεύσατε.
607 3821 624 3853 ι
658 3803 825 3855 Φάναι
849 3802 905 3854 δὲ
927 3798 1076 3872 οἶμαι
1108 3803 1266 3855 ταυτὶ
1288 3803 1347 3856 τὸ
1378 3803 1630 3873 τηνικάδε
1661 3804 1796 3871 Χρι-

222 3894 372 3957 στὸν,
429 3893 529 3947 ούκ
565 3892 849 3955 ἀσυντελὲς
891 3894 970 3955 είς
1019 3893 1204 3962 ὄνησιν
1253 3893 1429 3945 εἰδότα
1477 3893 1538 3944 τὸ
1588 3893 1794 3963 χρῆμα.

235 3985 456 4054 Ἐπειδὴ
485 3985 591 4054 γὰρ
634 3985 800 4054 ᾤοντο
839 3984 971 4036 Θεὸν
1014 3985 1112 4053 μὲν
1155 3986 1254 4037 οὐκ
1293 3983 1431 4038 εῖναι
1464 3986 1603 4038 κατὰ
1639 3985 1798 4053 φύσιν

221 4077 318 4130 τὸν
373 4077 440 4129 δι’
477 4078 623 4146 ἡμᾶς
673 4075 1154 4146 ὲνηνθρωπηκότα,
1209 4075 1360 4144 ψιλὸν
1410 4076 1464 4128 δὲ
1517 4076 1801 4146 ἄνθρωπον

221 4169 416 4232 ἁπλῶς
445 4170 565 4223 καθ’
597 4171 764 4239 ἡμᾶς,
800 4169 1172 4239 διακαραδεκτον
1201 4168 1255 4221 δὲ
1288 4170 1374 4221 διὰ
1398 4167 1556 4221 τοῦτο
1583 4167 1683 4238 τὴν
1713 4167 1800 4220 ἐπ’

223 4259 379 4330 αύτῷ
413 4261 594 4313 πίστιν
631 4258 908 4312 ἐποιοῦντό
948 4275 1091 4319 τινες
1113 4275 1126 4288 ·
1176 4258 1488 4326 ἀναγκαίως
1525 4257 1586 4310 τὸ
1616 4258 1799 4326 δεῖμα,

229 4354 326 4407 καὶ
374 4353 465 4405 τὸν
523 4353 617 4405 ἐπὶ
649 4350 858 4412 τούτοις
889 4349 1045 4402 ὄκνον
1091 4349 1542 4418 ὑποτεμνόμενος,
1589 4351 1654 4418 τῇ
1701 4350 1804 4419 τῆς

228 4443 484 4512 Θεότητος
514 4441 673 4511 φύσει
694 4440 794 4511 τὴν
822 4438 1003 4491 πίστιν
1026 4437 1295 4500 ἀνατιθεὶς
1327 4437 1403 4500 ώς
1435 4440 1493 4490 ὲν
1527 4437 1802 4508 προσώπῳ

1893 3262 2115 3308 exactus
2145 3261 2197 3306 et
2230 3253 2458 3305 lucidus.
2516 3249 2693 3304 Voluit
2723 3261 2902 3305 autem
2937 3265 3039 3304 non
3073 3265 3168 3317 per
3199 3250 3312 3302 haec
3355 3259 3476 3301 tan-

1896 3355 2005 3398 tum
2066 3343 2205 3397 dicta
2265 3345 2633 3406 innotescere,
2680 3340 2774 3395 scd
2824 3356 2921 3410 per
2973 3356 3194 3407 operum
3263 3355 3477 3407 quoque

1894 3433 2265 3490 excellentiam
2322 3432 2538 3485 volebat
2582 3432 2857 3485 auditores
2895 3431 2961 3486 ad
3015 3431 3260 3484 notitiam
3311 3429 3479 3497 ipsius

1898 3525 2382 3589 conscendere;.si
2430 3525 2645 3592 quidem
2689 3539 2888 3591 corpus
2935 3522 3077 3592 quod
3133 3522 3477 3582 cernebatur,

1897 3618 2270 3672 auctoritatem
2311 3614 2454 3668 illius
2481 3613 2623 3681 apud
2658 3612 3026 3682 imprudentes
3078 3602 3247 3681 magis
3281 3612 3478 3680 magis-

1896 3724 2000 3777 que
2042 3708 2269 3762 subinde
2312 3705 2606 3760 minuebat.
2661 3706 2751 3757 Ait
2792 3720 2919 3773 ergo
2955 3721 2970 3758 :
3018 3724 3036 3756 ι
3068 3705 3122 3759 Si
3191 3721 3294 3758 non
3343 3704 3481 3758 facio

1898 3816 2057 3869 Opera
2093 3799 2273 3853 Patris
2334 3797 2460 3860 mei,
2511 3796 2676 3851 nolite
2722 3789 2987 3850 credere:
3015 3796 3060 3850 si
3099 3807 3279 3850 autem
3322 3795 3479 3861 facio,

1900 3892 2002 3946 etsi
2031 3890 2158 3945 mihi
2190 3905 2296 3943 non
2324 3890 2563 3952 creditis,
2599 3887 2857 3956 operibus
2885 3888 3094 3943 credite
3128 3889 3171 3944 ’.
3229 3907 3246 3939 ι
3279 3888 3349 3940 Ea
3383 3903 3481 3942 au-

1904 3993 2011 4037 tem
2047 3981 2324 4038 Christum
2359 3980 2559 4034 dixisse
2588 3979 2865 4045 existimo,
2891 3994 3011 4048 quae
3045 3989 3171 4033 tunc
3196 3978 3480 4033 utilitatem

1901 4076 2131 4129 allatura
2163 4082 2405 4127 noverat.
2452 4071 2585 4127 Nam
2636 4088 2757 4127 cum
2800 4072 2957 4141 vulgo
2991 4086 3307 4142 persuasum
3341 4079 3484 4126 esset

1903 4180 2046 4229 eum,
2067 4166 2157 4234 qui
2190 4165 2359 4219 nostri
2378 4180 2539 4220 causa
2569 4165 2730 4220 homo
2764 4163 2937 4219 factus
2959 4175 3062 4229 est,
3097 4175 3287 4218 natura
3317 4164 3483 4219 Deum

1904 4272 2009 4310 non
2045 4271 2186 4321 esse,
2213 4259 2304 4310 sed
2330 4257 2599 4310 hominem
2644 4256 2964 4325 simpliciter
2992 4257 3150 4310 nobis
3172 4271 3267 4327 per
3304 4256 3482 4309 omnia

1905 4347 2157 4410 similem,
2190 4356 2246 4400 et
2271 4346 2340 4400 ob
2367 4347 2415 4401 id
2445 4346 2662 4416 quidam
2697 4345 2854 4400 (idem
2891 4348 2946 4400 in
2972 4347 3120 4400 illum
3153 4363 3258 4401 non
3290 4346 3486 4399 adiuit-

1907 4439 2120 4491 tendam
2168 4435 2497 4490 aﬂirtnarent
2541 4455 2554 4490 :
2599 4437 2744 4491 omni
2798 4445 2972 4490 melus
3024 4438 3487 4505 cunctationisque

228 4532 466 4603 Πατρὸς,
492 4531 587 4583 καλ⁸
615 4530 734 4600 οὐχὶ
755 4531 820 4598 τῇ
853 4528 974 4581 καθ’
997 4529 1142 4598 ἡμᾶς
1167 4527 1605 4599 σμικροπρεπείᾳ
1636 4544 1787 4596 προσ-

1904 4543 2063 4582 causa
2114 4528 2369 4596 praecisa,
2419 4527 2755 4597 Paternaque
2809 4544 3038 4598 persona
3095 4539 3341 4596 sumpta,
3378 4543 3484 4581 non

229 4626 450 4696 νέμων,
494 4623 766 4692 ἔφασκεν·
823 4641 842 4673 ι
893 4622 950 4674 ’0
1005 4620 1273 4674 πιστεύων
1320 4622 1399 4683 είς
1441 4618 1559 4688 ἐμὲ,
1596 4620 1656 4672 οὐ
1712 4637 1800 4671 πι-

232 4717 414 4771 στεύει
460 4718 537 4779 είς
575 4715 696 4786 ἐμὲ,
742 4713 878 4768 ἀλλὰ
929 4715 1007 4778 εἰς
1035 4714 1124 4767 τὸν
1163 4713 1454 4783 πέμψαντά
1500 4728 1599 4782 με·
1649 4713 1742 4765 καὶ
1773 4714 1800 4764 ὁ

230 4804 458 4879 Θεωρῶν
485 4807 606 4877 ἐμὲ,
653 4807 845 4875 Θεωρεῖ
898 4805 989 4857 τὸν
1024 4803 1315 4874 πέμψαντά
1366 4819 1452 4872 με.
1487 4821 1504 4853 ι
1536 4796 1662 4872 'Ap‘
1707 4797 1800 4855 οὖν

229 4900 335 4952 οὐκ
361 4901 472 4952 ἴσον
516 4899 722 4953 εἰπεῖν·
754 4895 822 4948 Ὦ
864 4896 972 4948 τῶν
1012 4895 1160 4965 ἐμῶν
1205 4895 1462 4964 κατήκοοι
1502 4894 1692 4961 λόγων,
1727 4895 1801 4963 μὴ

236 4991 413 5061 μικρὰ
447 4991 538 5045 καὶ
561 4989 907 5062 χαμαιρμφῆ
938 4987 1006 5039 τὰ
1033 4989 1113 5050 είς
1139 4986 1236 5056 ἐμὲ
1270 4985 1518 5051 δοξάζετε
1539 4998 1551 5011 ·
1583 4984 1693 5037 ἴστε
1720 4984 1800 5048 δὲ,

229 5084 319 5135 ὅτι
345 5081 442 5151 τὴν
490 5082 568 5143 εἰς
608 5079 767 5131 αὑτὸν
815 5078 916 5147 ἐμὲ
961 5078 1021 5130 τὸ
1046 5075 1319 5147 ὁρώμενον
1344 5077 1402 5128 ὲν
1437 5073 1600 5144 σαρκὶ
1630 5090 1802 5144 προο-

234 5171 440 5242 ιέμενοι
505 5171 725 5231 πίστιν,
770 5168 870 5219 οὐκ
922 5168 1002 5229 είς
1041 5165 1325 5236 ἄνθρωπον
1375 5162 1558 5225 ἁπλῶς
1617 5160 1804 5214 ἔσεσθε

232 5262 681 5323 πεπιστευκότες,
713 5259 826 5312 ἀλλ’
873 5260 950 5322 εἰς
981 5258 1140 5311 αὐτὸν
1179 5257 1267 5309 τὸν
1310 5255 1524 5326 Πατέρα
1553 5254 1620 5306 δι’
1649 5253 1805 5321 ἐμοῦ,

231 5354 332 5407 τοῦ
358 5355 498 5407 κατὰ
519 5355 626 5406 πᾶν
650 5351 824 5405 ὁτιοῦν
866 5351 993 5412 ἴσως
1016 5367 1074 5402 τε
1100 5350 1192 5401 καὶ
1216 5346 1648 5418 ἀπαραλλάκτως
1667 5344 1809 5414 ἕχονι

231 5462 331 5507 τος
353 5443 507 5507 Υίοῦ,
542 5440 916 5513 σαρκωοέντος
965 5441 1063 5511 μὲν
1092 5440 1158 5493 δι’
1186 5439 1351 5508 ὑμᾶς,
1379 5437 1472 5490 καὶ
1497 5437 1724 5505 περίϐλη
1736 5453 1809 5505 μα

236 5533 654 5606 σμικροπρεπὲς
704 5532 1128 5600 οἰκειωσαμένου
1193 5531 1292 5599 τὴν
1367 5529 1801 5600 ἀνθρωπότητα·

234 5627 301 5684 τε
334 5645 395 5695 γε
430 5628 537 5697 μὴν
571 5625 782 5693 ἱσοξυές
813 5641 872 5676 τε
899 5625 989 5676 καὶ
1017 5622 1283 5692 ἱσουργὸν,
1319 5621 1407 5674 καὶ
1440 5622 1493 5673 ἐν
1521 5621 1806 5691 ταυτότητι

1908 4621 2154 4674 humana:
2190 4618 2502 4686 abjectioni,
2541 4621 2634 4674 sed
2662 4620 2858 4673 diviuae
2888 4629 3093 4673 natura:
3128 4621 3283 4672 fidem
3329 4619 3486 4672 attri-

1905 4710 2063 4774 buit;
2097 4711 2175 4764 ait
2217 4710 2404 4764 enim:
2443 4730 2461 4762 ι
2503 4709 2603 4776 Qui
2647 4711 2816 4765 credit
2846 4710 2897 4764 in
2927 4724 3032 4773 me,
3073 4726 3177 4763 non
3224 4711 3392 4763 credit
3434 4710 3485 4762 in

1908 4817 2012 4865 me,
2047 4800 2140 4856 sed
2170 4800 2224 4856 in
2254 4816 2374 4854 eum
2404 4801 2493 4870 qui
2529 4800 2677 4855 misit
2706 4816 2790 4855 me
2823 4820 2835 4854 :
2872 4811 2919 4854 et
2963 4801 3052 4869 qui
3085 4801 3227 4854 videt
3259 4817 3364 4863 me,
3407 4803 3489 4852 vi-

1909 4893 1997 4947 det
2037 4907 2157 4946 eum
2185 4891 2278 4959 qui
2322 4892 2468 4945 misit
2495 4908 2581 4947 me
2608 4893 2668 4944 '°.
2727 4910 2745 4943 ι
2791 4891 3022 4947 Perinde
3063 4908 3126 4946 ac
3154 4893 3197 4946 si
3225 4893 3365 4946 dicat
3397 4910 3410 4946 :
3445 4892 3489 4947 Ο

1851 5038 1855 5042 _
1908 4982 2010 5036 viri
2055 4981 2145 5050 Qui
2186 4996 2273 5035 me
2309 4981 2527 5046 auditis,
2577 4997 2646 5036 ne
2699 4996 2860 5051 parva
2907 4991 2962 5037 et
3013 4982 3234 5036 humilia
3281 4983 3347 5036 de
3403 4997 3490 5035 me

1911 5072 2204 5143 opiuemini
2254 5089 2269 5128 :
2320 5071 2451 5142 quin
2519 5073 2572 5128 id
2647 5075 2829 5143 petius
2897 5073 2966 5129 de
3029 5089 3115 5129 me
3175 5090 3486 5143 persuasum

1913 5166 2065 5219 vobis
2096 5165 2369 5226 habetote,
2419 5180 2610 5234 nempe
2640 5166 2684 5219 si
2712 5168 2762 5219 in
2805 5181 2891 5221 me
2931 5181 3090 5237 quem
3137 5168 3186 5220 in
3215 5168 3318 5221 hoc
3366 5183 3492 5220 cor-

1912 5269 2044 5323 pore
2083 5255 2326 5316 cernitis,
2374 5254 2736 5322 credideritis,
2795 5272 2899 5310 non
2955 5257 3005 5310 in
3054 5273 3215 5310 unmn
3256 5257 3488 5326 aliquem

1907 5362 1971 5398 ex
2002 5344 2182 5399 multis
2208 5344 2510 5400 credituros
2542 5362 2634 5400 vos
2661 5362 2801 5413 esse,
2835 5347 2928 5402 sed
2956 5348 3007 5401 in
3041 5347 3215 5416 ipsum
3248 5348 3488 5408 Patrem,

1909 5454 2004 5508 per
2033 5453 2117 5492 me
2140 5437 2335 5492 Filium
2369 5454 2382 5490 :
2412 5439 2502 5508 qui
2546 5440 2676 5496 licet
2717 5441 2883 5496 vestri
2928 5456 3090 5496 causa
3138 5457 3266 5495 caro
3314 5441 3495 5496 factus

1909 5532 2032 5596 sim,
2079 5541 2133 5584 et
2177 5531 2334 5585 vilem
2399 5531 2557 5586 istam
2609 5534 2843 5588 hominis
2894 5533 3122 5587 formam
3182 5533 3490 5593 induerim,

1908 5621 2052 5677 Patri
2099 5631 2276 5677 tamen
2320 5623 2541 5678 omnino
2577 5626 2823 5695 aequalis,
2853 5624 3106 5694 nullaque
3151 5625 3203 5679 iu
3237 5639 3292 5678 re
3324 5625 3394 5679 ab
3423 5640 3490 5680 eo

307 5789 329 5822 ⁸
353 5789 517 5846 Rom.
559 5805 672 5853 \'lll,
706 5790 791 5842 νει.
860 5789 878 5817 ⁵
910 5787 925 5840 ι
953 5787 1076 5842 Cor.
1120 5802 1190 5850 ιν,
1228 5787 1279 5851 5,
1313 5785 1364 5838 6.
1436 5787 1454 5816 ⁷
1487 5782 1787 5850 ,Ιυιιιιμκιιῃ

1934 5783 1954 5810 ’⁸
1982 5781 2136 5837 Joau.
2170 5799 2224 5850 χ,
2255 5783 2343 5837 50.
2413 5785 2433 5815 ⁹
2461 5783 2616 5840 Joan.
2658 5799 2711 5852 χ,
2737 5783 2827 5837 57.
2886 5782 2928 5815 ¹⁰
2963 5779 3231 5850 Joan.xu,
3273 5782 3364 5850 ll,
3392 5780 3484 5840 45.
