4056 6334
638 361 775 418 H83

1659 375 1712 429 S.
1757 375 2019 432 CYlillLI
2061 379 2524 439 ALEXANDRINI
2565 387 2880 445 AllClllEP.

3746 402 3885 456 "Si

634 475 897 542 divulsus,
935 488 1025 532 aut
1055 491 1335 549 separatus
1376 502 1515 552 sum,
1547 501 1729 559 utpote
1759 496 1946 548 eadem
1981 511 2083 563 qua
2113 496 2185 550 ille

2301 497 2456 568 δόξης
2495 501 2859 573 ἁδιαλώϐητον
2903 506 3178 571 παντελῶς
3229 509 3440 579 ἔχοντος
3497 515 3630 582 πρὸς
3671 519 3884 583 αὑτόν;

635 574 846 630 natura.
871 572 1104 637 potentia
1135 589 1199 629 ac
1227 577 1394 646 gloria
1419 585 1696 650 przeditus.

705 652 944 712 XXXIV.
994 659 1403 721 Animadvertat
1446 673 1710 740 quispiam
1738 675 1842 728 alio
1879 675 2003 730 item
2041 680 2198 733 modo

633 745 792 799 ﬁdem
846 748 897 802 in
953 765 1012 806 se
1059 768 1400 825 nequaquam
1451 764 1732 832 repulisse,
1781 767 1993 823 etiamsi
2040 771 2198 823 homo

633 834 806 893 factus
827 854 1001 909 esset;
1034 847 1125 900 sed
1155 849 1288 903 citra
1319 852 1476 908 ullam
1504 858 1723 912 omnino
1757 861 2075 927 sectionem,
2107 873 2198 917 aut

632 929 1032 989 distinctionem
1077 938 1130 991 in
1176 945 1446 1010 pr0priam
1499 962 1782 1015 personam
1831 952 1975 1005 illam
2021 956 2196 1007 admi-

631 1020 766 1074 sisse
789 1039 809 1077 ,:
843 1028 1273 1096 quandoquidem
1307 1049 1428 1088 cum
1456 1037 1523 1091 ab
1553 1047 1671 1093 ortu
1698 1055 1895 1095 caecum
1928 1055 2193 1111 satiasset,

629 1118 684 1160 et
727 1111 879 1166 dulce
928 1115 1028 1170 hoc
1076 1117 1455 1194 insuetumque
1503 1129 1600 1198 ipsi
1647 1132 1824 1187 lumen
1879 1134 2194 1190 intuendum

628 1202 961 1268 praebuisset,
998 1208 1048 1260 in
1076 1225 1270 1280 magna
1304 1219 1496 1273 merito
1528 1223 1883 1280 admiratione
1915 1229 2053 1297 apud
2078 1245 2196 1283 om-

628 1304 724 1343 nes
750 1290 852 1360 31
876 1304 1012 1352 erat.
1043 1296 1239 1354 Verum
1267 1305 1332 1370 is,
1355 1308 1444 1376 qui
1489 1313 1674 1367 morbo
1705 1290 1964 1372 liberatus
1993 1319 2192 1388 fuerat,

628 1382 753 1434 dum
776 1399 804 1437 a
825 1381 1022 1442 Judazis
1050 1390 1487 1464 interrogaretur,
1511 1402 1777 1459 medicum
1823 1408 2191 1473 proﬁtebatur.

629 1467 759 1522 Nam
799 1487 921 1527 cum
950 1475 1198 1536 Christus
1226 1483 1363 1539 forte
1401 1487 1450 1542 in
1481 1489 1626 1544 illum
1672 1493 1917 1551 incidens
1965 1513 2193 1566 percon-

628 1569 832 1616 taretur
875 1580 889 1616 :
936 1584 954 1616 ι
1007 1568 1195 1627 Credis
1236 1576 1287 1628 in
1329 1577 1523 1634 Filium
1576 1583 1666 1639 Dei
1715 1585 1796 1638 “?
1859 1606 1877 1638 ι
1934 1589 2021 1643 ille
2066 1606 2194 1645 vero

625 1662 808 1707 eontra
848 1659 1226 1719 succlamasset
1258 1682 1271 1717 :
1310 1687 1329 1719 ι
1374 1671 1506 1736 Quis
1549 1684 1651 1741 est,
1699 1677 1944 1746 Domine,
1978 1691 2034 1734 ut
2072 1699 2192 1738 cre-

623 1741 741 1793 dam
763 1743 811 1796 in
833 1760 952 1800 eum
971 1753 1014 1782 "
1031 1752 1083 1803 τ»
1107 1769 1418 1822 responsum
1439 1762 1560 1816 tulit
1577 1764 1834 1833 ejusmodi
1858 1793 1868 1824 ;
1895 1789 1912 1820 ι
1931 1741 2188 1827 Εινίόὶειὶ

621 1844 766 1897 eum,
809 1847 862 1890 et
900 1841 990 1907 qui
1020 1841 1255 1912 loquitur
1295 1857 1494 1918 tecum,
1523 1854 1612 1909 ille
1650 1866 1750 1910 est.
1793 1859 1861 1913 At
1905 1861 1994 1916 illc
2017 1863 2188 1917 dixit:

620 1920 822 1989 Credo,
858 1927 1083 1987 Domine
1114 1951 1128 1988 :
1159 1944 1214 1990 et
1240 1938 1484 1997 adoravit
1510 1959 1631 1998 eum
1657 1947 1720 2001 ".
1764 1967 1783 2000 ι
1811 1951 1878 2003 At
1902 1954 2044 2006 enim
2071 1957 2190 2023 quis

622 2013 794 2068 nescit
847 2017 1080 2075 divinam
1132 2025 1276 2080 illam
1331 2044 1742 2105 supremamque
1798 2053 2042 2097 naturam
2090 2049 2188 2101 sub

620 2114 896 2169 aspectum
928 2109 1082 2177 plane
1111 2129 1217 2170 non
1250 2119 1441 2174 cadere
1460 2122 1488 2174 .?
1521 2142 1542 2174 ‹
1575 2123 1737 2181 Deum
1779 2131 1945 2195 enim,
1974 2144 2029 2187 ut
2057 2139 2190 2190 scri-

618 2200 768 2258 ptum
792 2206 877 2249 est
903 2199 965 2262 ",
1002 2215 1159 2256 nemo
1187 2205 1317 2261 vidit
1350 2225 1607 2279 unquam.
1647 2234 1666 2268 ι
1713 2219 1768 2271 Si
1795 2221 1959 2288 igitur
1997 2224 2188 2279 Imma-

617 2281 842 2338 nitatem
872 2302 900 2340 a
931 2305 990 2343 se
1018 2291 1326 2364 sejungens,
1353 2303 1505 2370 quasi
1533 2305 1584 2358 in
1616 2306 1708 2363 Dei
1740 2311 1965 2368 Verbum
2013 2318 2184 2372 solum

616 2386 681 2425 ac
703 2375 902 2430 nudum
934 2380 1088 2435 ﬁdem
1117 2388 1296 2456 exegit
1329 2407 1342 2443 :
1377 2406 1476 2446 cur
1505 2409 1647 2450 ραιοο
1674 2399 1968 2456 sanitatem
1992 2407 2186 2475 adepto

617 2478 722 2517 non
771 2466 1075 2538 imperavit,
1120 2491 1188 2530 ne
1227 2478 1278 2533 in
1325 2495 1401 2546 se,
1432 2487 1526 2539 sed
1569 2486 1621 2540 in
1662 2490 1894 2546 divinam
1936 2506 2182 2552 naturam

620 2557 814 2610 mentis
872 2561 1056 2617 oculos
1122 2567 1437 2635 conjiceret,
1489 2574 1582 2628 sed
1631 2578 1868 2647 seipsum
1926 2599 2185 2654 corporeo

616 2646 890 2704 schemate
914 2650 1176 2719 indutum,
1204 2659 1440 2729 ipsisque
1476 2665 1648 2721 oculis
1677 2672 1979 2738 expositum
2005 2688 2185 2734 osten-

615 2734 731 2786 dit?
769 2739 843 2792 ait
888 2741 1031 2796 euim
1066 2760 1081 2796 :
1125 2764 1144 2798 ι
1196 2748 1264 2803 Ει
1317 2752 1496 2807 vidisti
1541 2769 1684 2825 eum,
1725 2734 1779 2814 et
1817 2765 1908 2832 qui
1951 2765 2186 2836 loquitur

616 2835 790 2881 tecum
840 2831 954 2898 ipse
998 2845 1099 2890 est.
1137 2856 1156 2887 ι
1207 2839 1342 2895 Ecce
1388 2845 1606 2925 dubium
1649 2863 1768 2905 esse
1821 2863 2017 2922 potest,
2053 2861 2182 2927 quin

612 2930 808 2984 cci-pus
840 2935 994 2974 suum
1024 2940 1203 2981 coram
1236 2921 1559 2990 cernendum
1593 2939 1938 2999 exhibuerit?
1980 2949 2050 3002 At
2080 2967 2184 3020 quo

615 3009 827 3060 tandem
872 3022 1028 3078 pacto
1064 3015 1174 3083 ipse
1209 3027 1290 3073 est
1329 3036 1483 3089 caro,
1515 3027 1615 3082 nisi
1648 3031 1698 3084 id
1728 3033 1900 3102 ipsum
1933 3053 2056 3094 esse
2097 3044 2180 3098 in-

613 3097 906 3166 telligatur,
936 3107 1078 3172 quod
1103 3112 1392 3166 secundum
1422 3118 1671 3174 unionem
1705 3122 1845 3180 illius
1873 3127 2069 3185 factum
2100 3144 2182 3187 est

614 3187 930 3253 proprium?
975 3190 1159 3249 Simile
1189 3199 1316 3265 quid
1357 3200 1410 3254 in
1457 3205 1608 3259 nobis
1647 3223 1863 3280 quoque
1901 3217 2186 3276 observare

613 3273 758 3328 licet.
804 3277 969 3334 Nemo
1017 3283 1160 3338 enim
1207 3287 1478 3347 hominem
1524 3310 1588 3350 ex
1641 3301 1818 3354 anima
1866 3319 1919 3359 et
1960 3324 2185 3377 corpore

612 3379 950 3425 constantem
1001 3376 1216 3433 divisim
1266 3396 1329 3436 ac
1377 3399 1442 3438 ex
1496 3397 1650 3456 parte
1709 3404 1983 3456 ostensum
2046 3407 2181 3473 vult,

612 3461 819 3515 etim-isi
843 3465 1010 3518 solam
1044 3483 1259 3526 carnem
1289 3473 1527 3546 designet
1555 3498 1568 3546 ;
1603 3484 1698 3537 sed
1727 3494 1917 3544 totum.

686 3547 900 3605 XXXV.
978 3556 1177 3612 Scribit
1221 3561 1320 3616 hac
1360 3565 1424 3619 de
1481 3582 1538 3620 re
1571 3574 1896 3642 evangelista
1946 3577 2185 3641 Joannes

612 3653 873 3707 quoque:
915 3662 933 3694 ι
971 3645 1156 3713 Multa,
1192 3651 1286 3715 ait,
1334 3663 1389 3708 et
1428 3657 1532 3712 alia
1576 3661 1726 3730 signa
1772 3664 1898 3722 fecit
1938 3669 2096 3729 Jesus
2128 3677 2181 3731 in

610 3743 901 3798 conspectu
956 3735 1358 3808 discipulorum,
1395 3762 1515 3815 quae
1562 3767 1664 3806 non
1705 3769 1832 3811 sunt
1873 3765 2069 3832 scripta
2129 3770 2180 3823 in

611 3819 750 3875 libro
795 3823 917 3878 hoc.
978 3826 1101 3883 llmc
1161 3842 1342 3887 autem
1389 3840 1587 3908 scripta
1642 3856 1801 3913 sunt,
1855 3864 1914 3905 ut
1955 3857 2182 3914 credatis

609 3913 737 3978 quia
774 3913 931 3970 Jesus
959 3928 1040 3972 est
1070 3921 1318 3979 Christus
1348 3927 1515 3983 Filius
1572 3932 1688 4000 Dei,
1719 3946 1773 3991 et
1805 3950 1862 3994 ut
1900 3948 2183 4004 credentes

611 4005 772 4056 vitam
804 4006 1044 4063 habeatis
1075 4012 1128 4065 in
1169 4016 1384 4071 nomine
1409 4021 1608 4090 ejus”.
1640 4046 1658 4077 ι
1693 4028 1868 4099 Αεηιιο
1918 4036 2179 4097 admirari

611 4096 713 4150 hoc
745 4098 859 4154 loco
884 4111 939 4154 et
967 4103 1206 4161 divinum
1229 4122 1443 4178 quoque
1472 4113 1688 4173 Petrum
1715 4121 1838 4178 licet
1867 4141 1880 4176 :
1917 4127 2003 4184 hic
2035 4133 2177 4186 enim

609 4185 872 4256 intrepide
929 4193 1237 4266 discrteque
1265 4199 1482 4260 Iudaeos
1525 4209 1786 4277 ejusmodi
1820 4218 2063 4274 oratione
2094 4223 2178 4276 af-

608 4273 752 4327 fatur
782 4295 796 4332 :
839 4297 857 4327 ‹
896 4279 1172 4352 Principes
1205 4290 1405 4358 populi,
1440 4302 1494 4348 et
1522 4299 1785 4366 seniores,
1815 4307 1859 4358 si
1893 4320 1991 4363 nos
2021 4309 2179 4366 hodie

607 4459 709 4511 iste
739 4463 918 4519 Salvus
959 4466 1132 4524 factus
1171 4485 1254 4529 est
1287 4493 1299 4528 :
1342 4489 1523 4536 notum
1559 4487 1629 4540 sit
1658 4491 1909 4548 omnibus
1942 4497 2094 4553 vobis
2125 4510 2179 4556 et
2211 4477 2252 4530 θ

607 4552 749 4602 omni
780 4553 917 4621 plebi
952 4557 1134 4628 Israel,
1173 4568 1314 4634 quod
1342 4570 1394 4625 in
1433 4576 1650 4631 nomine
1677 4578 1801 4636 Jesu
1832 4583 2031 4641 Christi

607 4645 810 4710 zareni,
849 4662 1010 4714 quem
1043 4667 1137 4708 vos
1165 4661 1534 4729 cruciﬁxistis,
1567 4685 1726 4738 quem
1771 4675 1910 4729 Deus
1946 4682 2173 4734 suscita-

604 4734 683 4786 vit
715 4749 778 4788 ex
818 4742 1061 4808 mortuis,
1103 4745 1155 4798 in
1206 4747 1308 4802 hoc
1349 4751 1450 4808 iste
1493 4766 1631 4812 astat
1673 4777 1854 4818 coram
1901 4769 2050 4823 vobis
2083 4786 2172 4825 sa-

606 4839 709 4879 nus
736 4826 797 4881 “.
835 4847 854 4880 ι
884 4830 946 4883 Et
967 4843 1086 4900 post
1109 4837 1209 4892 alia
1235 4855 1448 4896 rursum
1477 4864 1489 4898 :
1527 4865 1544 4898 ι
1577 4849 1643 4902 Ει
1675 4867 1778 4906 non
1809 4867 1887 4908 est
1916 4860 1964 4912 in
1991 4860 2170 4930 aliquo

606 4916 713 4970 alio
741 4918 907 4977 salus.
967 4925 1152 4996 Neque
1177 4933 1321 4988 enim
1357 4937 1500 4992 aliud
1539 4954 1729 4997 nomen
1762 4945 1868 5016 32
1898 4950 1997 5005 sub
2035 4953 2172 5009 caelo

608 5007 789 5061 datum
824 5023 907 5068 est
947 5016 1271 5092 hominibus,
1324 5028 1375 5081 in
1425 5045 1531 5099 quo
1563 5045 1810 5102 oporteat
1851 5056 1947 5095 nos
1995 5043 2172 5100 salvos

610 5094 723 5151 ﬁeri
758 5101 820 5154 ".
886 5123 903 5154 ›
949 5106 1165 5176 Ecquis,
1209 5117 1454 5186 obsecro,
1484 5135 1566 5178 est
1613 5126 1700 5180 ille
1738 5131 1826 5198 qui
1859 5142 1912 5186 et
1945 5144 2168 5192 mortem

607 5187 792 5257 subiit,
824 5203 875 5246 et
907 5211 1026 5251 cum
1057 5202 1326 5275 triumpho
1357 5226 1385 5263 a
1420 5216 1646 5272 mortuis
1671 5221 1956 5289 excitatus,
1984 5235 2039 5280 et
2066 5226 2170 5282 Na-

688 5361 907 5441 [1930;
936 5384 1010 5436 ιι,
1041 5372 1133 5429 εδ.
1203 5378 1244 5410 ¹¹
1273 5380 1406 5439 ibid.
1432 5385 1521 5441 56.

687 5390 907 5460 ηίιζέυιιιιὲ
937 5390 1010 5436 Ix,
1041 5390 1133 5429 20.
1203 5390 1244 5410 "
1273 5390 1406 5439 ibid.
1432 5390 1521 5441 56.
1624 5390 1667 5422 ¹³
1695 5392 1824 5449 ibid.
1863 5397 1953 5460 57,
2001 5400 2090 5456 58.

615 5428 656 5460 ⁸⁷
685 5429 815 5488 ibid.
844 5436 924 5491 12.

2372 697 2489 750 AA'.
2519 699 2693 752 Μάθοι
2723 701 2767 753 δ’
2795 701 2862 753 ἄν
2895 719 2976 765 τις
3006 703 3101 756 καὶ
3132 705 3330 776 ἑτέρως
3363 706 3525 761 αὐτὸν
3557 708 3656 779 τὴν
3693 711 3883 763 πίστιν

2296 789 2357 840 ού
2394 791 2583 844 διωθού
2592 810 2773 862 μενον,
2805 794 2939 847 ἀλλά
2966 797 3134 866 τομῆς
3174 816 3317 862 τινος
3346 799 3469 870 δίχα
3491 801 3586 855 καὶ
3609 803 3883 872 διαφορᾶς

2298 879 2700 950 είσδεδεγμένον
2739 883 2905 954 αὐτὴν
2933 885 3006 948 ὡς
3035 887 3091 938 ὲν
3125 886 3238 956 ἰδίῳ
3265 889 3558 961 προσώπῳ,
3589 892 3686 943 καὶ
3713 894 3762 943 εξ
3789 893 3881 958 γέ-

2295 985 2450 1035 γονεν
2473 972 2773 1044 ἄνθρωπος.
2794 975 3008 1044 Ἐπειδὴ
3030 977 3138 1048 γὰρ
3165 979 3257 1034 τὸν
3293 982 3355 1033 ὲκ
3384 983 3611 1051 γενετῆς
3635 984 3755 1035 ίᾶτο
3780 1000 3876 1036 τυ-

2298 1058 2447 1124 φλὸν,
2489 1063 2582 1114 καὶ
2631 1064 2691 1116 τὸ
2722 1064 2889 1132 γλυκὺ
2935 1066 3054 1136 μὲν,
3096 1067 3262 1138 ἄηθες
3315 1069 3359 1122 δ’
3405 1065 3498 1125 οὖν
3541 1072 3875 1141 ὲνεφύτευσε

2298 1148 2413 1215 φῶς
2443 1151 2611 1220 αὐτῷ,
2644 1153 2792 1224 παρά
2825 1155 3040 1209 πάντων
3077 1159 3300 1224 εἰκότως
3323 1139 3691 1231 ἐθαυμάζετο.
3732 1139 3874 1216 Ἀλῖσ

2293 1240 2323 1292 6
2348 1240 2448 1307 μὲν
2468 1243 2560 1295 τοῦ
2592 1243 2790 1308 πάθους
2812 1246 3246 1318 ἀπηλλαγμένος,
3274 1251 3426 1321 παρά
3451 1255 3562 1317 τοῖς
3592 1253 3876 1316 Ἰουδαίοις

2294 1329 2560 1401 ἐκρίνετο,
2589 1336 2682 1388 καὶ
2709 1336 2975 1406 ὡμολόγει
3001 1338 3092 1391 τὸν
3129 1340 3330 1416 ίατρόνς
3366 1343 3600 1412 Χριστὸς
3627 1344 3689 1397 δὲ
3722 1338 3875 1412 αῦτῷ

2295 1425 2599 1495 περιτυχών
2616 1443 2628 1455 °
2651 1446 2669 1479 ι
2701 1429 2770 1480 Σὺ
2799 1431 3091 1497 πιστεύεις,
3112 1433 3369 1503 ἔφασκεν,
3396 1438 3475 1499 είς
3502 1437 3594 1489 τὸν
3617 1436 3751 1490 Υίδν
3777 1436 3873 1489 τοῦ

2295 1511 2426 1565 Θεοῦ
2449 1531 2462 1578 ;
2485 1533 2502 1564 ι
2538 1517 2642 1569 Τοῦ
2670 1517 2725 1570 δὲ
2747 1560 2760 1582 ,
2795 1539 2812 1569 ‹
2851 1520 2946 1584 Τίς
2974 1523 3109 1587 ἐστι,
3141 1523 3332 1595 Κύριε,
3359 1543 3376 1576 ι
3419 1526 3870 1594 διακεκραγότος,

2301 1621 2318 1651 ι
2350 1603 2432 1655 ἶνα
2467 1607 2738 1660 πιστεύσω
2761 1611 2840 1671 είς
2869 1611 3030 1667 αἰετόν
3053 1631 3066 1678 ;
3093 1631 3111 1663 ›
3137 1613 3450 1682 ἀντεφώνει,
3483 1615 3680 1682 λέγων’
3714 1636 3731 1666 ι
3763 1616 3873 1668 Καὶ

2293 1692 2542 1763 ἑώρακας
2565 1697 2747 1758 αὑτὸν,
2779 1700 2870 1752 καὶ
2892 1703 2919 1753 ό
2943 1701 3120 1756 λαλῶν
3146 1704 3282 1772 μετά
3317 1704 3431 1768 σοῦ,
3462 1707 3671 1769 ἐκεῖνός
3694 1710 3868 1760 ἐστιν.

2303 1782 2366 1834 Ὅ
2380 1784 2433 1835 δὲ
2456 1784 2579 1855 ἔφη·
2601 1787 2868 1855 Πιστεύω,
2891 1791 3080 1862 Κύριε.
3098 1795 3207 1847 Καὶ
3228 1797 3633 1868 προσεκύνησεν
3659 1797 3864 1866 αὐτῷ.)

2295 1874 2484 1928 Καίτοι
2519 1877 2633 1940 πῶς
2663 1879 2758 1949 οὐχ
2791 1881 2961 1934 ἂπασι
2994 1886 3292 1953 συμφανὲς,
3325 1887 3401 1950 ὡς
3430 1888 3675 1951 ἄποπτος
3735 1906 3864 1942 παν-

2290 1965 2458 2029 τελῶς
2482 1969 2512 2036 ὴ
2543 1967 2658 2020 θεία
2684 1987 2740 2022 τε
2767 1973 2860 2024 καὶ
2875 1974 3134 2028 ἀνωτάτω
3159 1976 3319 2045 φύσις
3341 1979 3528 2044 ςιΘεδν
3556 1981 3666 2049 γὰρ
3693 1982 3869 2044 οὐδεὶς

2291 2054 2499 2126 ἑώρακε
2541 2057 2781 2126 πώποτε,
2813 2082 2830 2112 ι
2856 2065 2996 2117 κατὰ
3026 2068 3086 2119 τὸ
3113 2070 3518 2140 γεγραμμένον.
3551 2073 3731 2142 Εἷπερ
3775 2070 3866 2126 οὖν

2287 2145 2497 2210 διιστὰς
2523 2150 2718 2204 ἑαυτοῦ
2744 2153 2804 2205 τὸ
2829 2153 3188 2223 ἀνθρώπινον,
3221 2161 3297 2223 ὼς
3327 2160 3457 2212 αὐτὸ
3479 2161 3541 2230 δὴ
3565 2162 3751 2225 τοῦτο,
3775 2162 3866 2216 καὶ

2289 2240 2545 2309 πεφηνὼς
2591 2244 2654 2297 ix
2683 2245 2817 2299 Θεοῦ
2849 2248 3061 2319 Πατρός
3092 2250 3262 2318 Λόγος
3288 2251 3512 2320 γυμνὸς,
3564 2252 3664 2305 καὶ
3707 2255 3866 2323 μόνος

2287 2330 2439 2399 ἠξίου
2467 2337 2836 2391 πιστεύεσθαι·
2862 2340 2914 2392 τί
2939 2342 3013 2411 μὴ
3047 2343 3246 2411 μᾶλλον
3274 2344 3372 2415 τὴν
3395 2346 3489 2398 τοῦ
3520 2347 3658 2399 Θεοῦ
3702 2347 3864 2416 φύσιν

2286 2419 2696 2488 ἀναλογίζεσθαι
2711 2427 2842 2492 δεῖν,
2864 2430 2984 2499 ἣτις
3007 2431 3135 2484 ποτέ
3163 2433 3299 2497 ἔστι,
3323 2435 3414 2487 τδν
3435 2432 3492 2488 εὖ
3517 2436 3766 2490 παθόντα
3785 2438 3863 2489 δι-

2286 2510 2585 2579 εκελεύετο,
2621 2517 2905 2586 παρέδειξε
2946 2519 3004 2572 δὲ
3044 2523 3394 2590 σωματικῶς,
3434 2524 3508 2587 ὡς
3547 2527 3644 2578 καὶ
3679 2527 3865 2589 αὐτοῖς

2283 2601 2494 2671 ὄμμασι
2545 2606 2987 2663 καταθεάσασθαι
3034 2621 3074 2649 ω
3124 2614 3296 2684 παρόν
3327 2625 3383 2682 n;
3431 2616 3536 2686 ἔφη
3589 2617 3726 2687 γὰρ,
3783 2618 3862 2671 δτι

2291 2711 2310 2742 ι
2342 2695 2450 2748 Καὶ
2475 2695 2726 2764 ἑώρακας
2752 2700 2932 2767 αὐτὸν,
2965 2704 3056 2755 καὶ
3086 2706 3113 2758 6
3135 2706 3309 2758 λαλῶν
3337 2708 3473 2776 μετά
3513 2707 3631 2771 σοῦ,
3658 2710 3862 2773 ἐκεῖνός

2288 2785 2453 2837 ἐστιν.
2492 2805 2509 2837 ι
2545 2785 2613 2839 Ἥ
2660 2790 2782 2860 οὐχὶ
2828 2790 2926 2861 τὴν
2967 2793 3146 2862 σάρκα
3197 2795 3514 2866 παραδεῖξαι
3568 2801 3857 2868 φήσομενς

2286 2870 2403 2926 εἶτα
2451 2876 2567 2940 πῶς
2595 2880 2755 2942 αὐτὸς
2786 2880 2852 2934 ἂν
2898 2883 2982 2952 εἴη
3015 2883 3254 2955 λοιπὺνή
3292 2885 3448 2959 σὰρξ,
3480 2890 3530 2940 εἰ
3559 2887 3637 2959 μὴ
3691 2893 3860 2942 νοοῖτο

2285 2965 2405 3017 καθ’
2432 2966 2645 3032 ἕνωσιν,
2665 2968 2740 3032 ὡς
2769 2969 2929 3034 αὐτὸς
2950 2972 3208 3043 ὑπάρχων
3232 2974 3293 3027 τὸ
3317 2975 3448 3028 rem
3468 2977 3638 3030 αὐτοῦ
3661 2996 3674 3040 ;
3709 2980 3858 3032 Καθο

2286 3051 2424 3122 άπερ
2470 3056 2662 3125 ἀμέλει
2711 3059 2803 3111 καὶ
2850 3059 2936 3128 ἐφ’
2972 3060 3129 3130 ἡμῶν
3158 3061 3350 3130 γένοιτ’
3387 3064 3452 3116 ἄν
3475 3081 3490 3096 ο
3519 3066 3859 3130 καταδείξειε

2208 3151 2250 3208 c
2285 3144 2392 3214 γὰρ
2421 3144 2483 3197 ἀν
2510 3162 2592 3208 τις
2623 3147 2683 3198 οὐ
2731 3151 3167 3219 μεμερισμένως,
3211 3152 3331 3204 οὐδὲ
3367 3153 3576 3216 ἀτελῶς
3613 3157 3707 3207 τὸν
3739 3156 3857 3209 καθ’

2294 3235 2432 3302 ἡμᾶς
2464 3234 2768 3305 ἄνθρωπον,
2796 3236 2888 3289 τὸν
2909 3239 2973 3290 ἐκ
2999 3238 3173 3310 ψυχῆς
3211 3240 3276 3312 δὴ
3298 3241 3440 3295 λένω
3461 3246 3555 3296 καὶ
3583 3244 3853 3316 σώματος,

2287 3325 2379 3377 καὶ
2412 3325 2518 3378 ἀπὸ
2543 3325 2708 3397 μόνης
2740 3327 2901 3380 αὑτοῦ
2927 3328 3026 3399 τῆς
3054 3330 3279 3396 σαρκός.

2355 3593 2477 3647 AE'.
2507 3594 2754 3663 Γέγραφε
2784 3596 2841 3649 δέ
2874 3614 2976 3650 που
3021 3600 3114 3651 καὶ
3137 3602 3164 3653 6
3201 3602 3363 3670 σοφὸς
3403 3602 3537 3672 ἡμῖν
3577 3603 3854 3677 Ἰωάννης,

2285 3684 2368 3736 ὅτι
2404 3704 2422 3734 ι
2452 3685 2630 3739 Πολλὰ
2677 3687 2774 3756 μὲν
2801 3683 2894 3742 οὖν
2917 3690 3010 3742 καὶ
3043 3690 3175 3744 ἄλλα
3199 3694 3399 3762 σημεῖα
3421 3695 3682 3765 ἐποίησεν
3712 3697 3854 3767 όΊη-

2286 3775 2410 3838 σούς
2443 3775 2669 3829 ἐνώπιον
2713 3778 2820 3830 τῶν
2871 3778 3128 3849 μαθητῶν
3168 3783 3355 3844 αὑτοῦ,
3391 3784 3425 3836 ἃ
3462 3787 3562 3838 οὐκ
3604 3787 3724 3840 ἔστι
3765 3806 3853 3855 γε·

2283 3868 2574 3937 γραμμένα
2601 3869 2657 3921 ὲν
2687 3868 2763 3939 τῷ
2791 3869 2980 3941 βιϐλίῳ
3002 3873 3196 3942 τούτῳ.
3223 3874 3410 3928 Ταῦτα
3435 3876 3491 3928 δὲ
3515 3878 3848 3948 γέγραπται,

2285 3957 2371 4009 ἴνα
2404 3958 2750 4029 πιστεύσητε,
2776 3961 2859 4014 ὅτι
2899 3963 3105 4032 Ἰησοῦς
3151 3965 3298 4018 ἐστιν
3331 3967 3360 4017 ό
3393 3967 3628 4037 Χριστὸς
3671 3972 3700 4022 6
3733 3970 3853 4034 Υἱὸς

2281 4048 2375 4101 τοῦ
2417 4049 2552 4103 Θεοῦ
2577 4093 2592 4116 ,
2643 4053 2738 4104 καὶ
2783 4053 2868 4106 ἵνα
2911 4055 3260 4119 πιστεύοντες
3297 4057 3442 4122 ζωὴν
3488 4059 3649 4128 ἔχητε
3683 4064 3742 4114 ὲν
3777 4063 3851 4131 τῷ

2281 4139 2502 4208 ὀνόματι
2533 4141 2721 4196 αὑτοῦ.
2748 4162 2766 4194 ›
2798 4144 3182 4216 Κατατεθήποι
3212 4147 3258 4198 δ’
3287 4148 3351 4201 ἄν
3375 4165 3461 4211 τις
3491 4151 3552 4202 οὐ
3586 4155 3741 4220 μεῖον
3762 4153 3851 4205 καὶ

2279 4232 2370 4284 τὸν
2416 4232 2701 4286 θεσπέσιον
2749 4234 2975 4304 Πέτρον,
3022 4237 3296 4302 Ἰουδαίοις
3345 4245 3848 4312 προσπεφωνηκότα

2283 4323 2468 4391 σαφῶς
2511 4326 2602 4377 καὶ
2655 4326 2991 4395 ἀναφανδόνο
3029 4345 3048 4378 ι
3092 4329 3387 4398 ’Ἄρχοντες
3421 4332 3515 4383 τοῦ
3566 4332 3698 4387 λαοῦ
3756 4336 3848 4388 καὶ

2282 4412 2661 4483 πρεσϐύτεροι,
2716 4416 2764 4466 εί
2813 4417 2973 4484 ἡμεῖς
3023 4418 3266 4489 σήμερον
3314 4422 3723 4492 ἀνακρινόμεθα
3764 4427 3847 4479 ἐπ’

2281 4503 2569 4574 εὐεργεσίᾳ
2612 4503 2897 4574 ἀνθρώπου
2943 4509 3220 4574 ἀσθενοῦς,
3246 4513 3304 4565 ὲν
3344 4512 3450 4565 τίνι
3479 4507 3633 4577 οὗτος
3679 4519 3849 4571 σέσω-

2281 4611 2401 4646 σται
2422 4611 2433 4622 ·
2473 4597 2712 4663 γνωστὸν
2744 4597 2882 4652 ἔστω
2928 4601 3092 4654 πᾶσιν
3126 4603 3274 4671 ὑμῖν,
3312 4605 3406 4658 καὶ
3440 4607 3603 4659 παντὶ
3628 4608 3708 4678 τῷ
3739 4609 3846 4679 λαῷ

2289 4685 2524 4757 Ἰσραὴλ,
2562 4688 2643 4739 ὅτι
2669 4690 2725 4741 ἐν
2749 4689 2826 4761 τῷ
2861 4691 3085 4761 ὀνόματι
3125 4693 3300 4762 Ἰησοῦ
3335 4696 3571 4766 Χριστοῦ
3597 4699 3692 4750 τοῦ
3733 4700 3817 4752 Na

2277 4776 2537 4847 ζωραίου,
2566 4778 2625 4830 ὃν
2660 4780 2814 4850 ὑμεῖς
2854 4782 3255 4854 ἐσταυρώσατε,
3283 4785 3341 4838 ὃν
3369 4785 3397 4837 6
3443 4785 3573 4848 Θεὸς,
3627 4789 3844 4862 ἤγειρεν

2278 4867 2343 4920 ὲκ
2389 4868 2615 4938 νεκρῶν,
2669 4871 2726 4922 ἐν
2780 4871 2953 4940 τούτῳ
2996 4868 3150 4938 οὗτος
3208 4875 3553 4948 παρέστηκεν
3616 4879 3844 4933 ἐνώπιον

2275 4956 2429 5025 ὑμῶν
2453 4959 2665 5029 ύγιής.ι
2697 4962 2807 5015 Καὶ
2828 4963 2944 5033 μεθ’
2966 4965 3127 5035 ἔτερα
3158 4965 3320 5020 πάλιν
3342 4981 3355 4996 ·
3386 4985 3405 5018 ι
3432 4967 3541 5020 Καὶ
3567 4969 3672 5021 οὐκ
3701 4969 3844 5023 ἐστιν

2273 5048 2330 5100 ἐν
2360 5049 2504 5119 ἄλλῳ
2537 5052 2769 5123 οὐδενὶὴ
2814 5056 3056 5127 σωτηρία
3080 5072 3096 5088 ·
3129 5057 3249 5111 οὐδὲ
3294 5057 3404 5130 γὰρ
3434 5059 3624 5130 ἓτερον
3675 5061 3843 5134 δνομά

2273 5137 2420 5192 ἐστιν
2444 5141 2548 5194 ὑπὸ
2576 5142 2666 5194 τὸν
2694 5145 2920 5214 οὐρανὸν
2941 5146 3000 5199 τὸ
3029 5147 3311 5216 δεδομένον
3344 5151 3402 5202 ἐν
3425 5148 3756 5221 ἀνθρώποις,
3785 5155 3842 5206 έν

2273 5224 2317 5299 ᾧ
2350 5232 2431 5286 δεῖ
2465 5235 2701 5308 σωθῆναι
2728 5239 2891 5308 ἡμᾶς.
2934 5257 2953 5291 ι
2987 5240 3083 5302 Τίς
3114 5237 3206 5295 οὖν
3244 5242 3352 5314 ἄρα
3391 5244 3537 5298 ἐστὶν
3574 5247 3604 5299 6
3629 5247 3724 5300 καὶ
3752 5247 3841 5302 θά-

2176 5404 2220 5436 "
2256 5404 2412 5462 Joan.
2442 5423 2480 5476 ι,
2522 5409 2608 5466 18.
2678 5412 2723 5444 ¹⁸
2764 5410 2919 5470 Joan.
2952 5430 3042 5485 xx,
3071 5415 3162 5488 30,
3188 5416 3278 5474 3|.
3351 5417 3397 5453 ¹⁶
3422 5417 3542 5477 Act.
3575 5435 3651 5488 tv,
3692 5419 3835 5478 8-10.

1707 5619 1880 5679 Varia:
1916 5625 2168 5688 lectiones
2211 5633 2417 5692 codicis
2449 5635 2802 5708 chuieriani.

684 5739 725 5770 II
757 5731 1118 5790 καταθεᾶσθαι
1152 5738 1355 5809 παρών.
1433 5752 1460 5781 ιι
1495 5751 1748 5820 παρόντα.
