4056 6334
187 394 314 447 1185

1123 395 1207 448 υΕ
1246 394 1466 447 RECTA
1508 397 1661 451 FIDE
1702 400 1792 453 AD
1831 402 2269 461 THEODOSIUM
2312 411 2443 465 IMP.

3244 414 3375 466 H86

183 523 333 559 νατον
364 503 582 567 ὑποδὺς,
621 504 712 556 καὶ
750 501 1113 569 ἐγηγερμένος
1154 509 1210 557 ὲν
1247 506 1391 575 δόξῃ,
1420 509 1513 558 καὶ
1542 509 1602 559 ὲκ
1624 511 1732 563 Na-

1855 531 2066 571 :arenus
2121 522 2409 585 appellatus
2449 522 2566 587 fuit,
2615 522 2715 575 nisi
2763 522 3007 577 Christus
3055 524 3227 589 Iesus,
3281 528 3383 577 hoc

184 597 361 664 ξαρὲτν
392 595 440 646 εἱ
470 596 545 663 μὴ
570 590 801 661 Χριστὸς
842 592 1062 661 Ἰησοῦς,
1104 596 1377 648 τουτέστιν
1406 599 1433 648 6
1465 598 1568 663 πρὸ
1600 616 1732 651 παν-

184 687 269 749 τὸς
300 687 395 756 μὲν
432 686 623 745 αἰῶνος
654 683 716 734 ὲκ
739 682 872 735 Θεοῦ
902 685 1109 756 Πατρὸς
1130 689 1455 758 ἀπορρήτως
1481 704 1738 759 γεγεννη-

1835 616 1935 668 cst,
1992 622 2127 658 unus
2171 609 2271 669 ille,
2320 612 2406 675 qui
2463 612 2818 679 inexplicabili
2862 612 3021 664 modo
3066 623 3186 665 ante
3228 629 3386 667 omne

1836 708 2004 745 :evum
2036 709 2097 745 ex
2129 693 2234 745 Deo
2268 694 2421 747 Patre
2448 700 2678 763 genitus,
2707 699 2893 752 ultimo
2924 699 3027 751 hoc
3052 710 3105 751 et
3134 700 3198 751 ad
3230 701 3387 753 linem

189 779 358 846 μένος,
396 779 452 828 ὲν
480 776 535 827 δέ
563 791 624 841 γε
658 772 733 842 τῷ
765 773 959 847 λοίσθῳ
1000 781 1092 831 καὶ
1120 780 1199 841 εἰς
1226 778 1395 848 πέρας
1432 778 1615 846 ἥκοντι
1644 779 1736 830 τοῦ

1859 796 1941 832 am
1972 780 2286 833 decurrente
2319 784 2492 834 smeuli
2527 793 2761 850 tempore
2804 787 3157 855 corporaliter
3184 801 3394 853 queque

186 868 371 928 αἰῶνος
416 864 612 935 καιρῷ,
640 867 733 918 καὶ
780 870 1099 939 σωματικῶς
1134 873 1195 923 ὲκ
1230 869 1515 938 γυναικός;
1554 871 1609 921 'U
1648 871 1737 922 πί-

189 974 297 1009 στιν
332 952 424 1009 οὗν
454 956 559 1025 ἄρα
589 955 685 1026 τὴν
733 958 867 1029 πρὸς
907 962 1068 1013 αὑτὸν
1102 970 1126 994 ο
1162 961 1537 1029 προσιέμενος,
1570 962 1739 1030 γέρας

185 1046 468 1098 ἀποίσεται
515 1048 573 1097 τὸ
639 1047 945 1113 ἐξαίρετον·
995 1050 1407 1118 διακεκλήσεται
1460 1050 1566 1118 γὰρ
1628 1052 1739 1116 υίὸς

186 1135 334 1189 Θεοῦ.
375 1155 392 1186 ι
432 1136 585 1190 "Octo:
620 1138 727 1210 γὰρ
759 1140 945 1192 ἔλαϐον
985 1141 1167 1201 αὐτὸν,
1206 1140 1401 1193 ἔδωκεν
1440 1144 1619 1205 αὐτοῖς
1657 1145 1740 1208 ἑξ-

186 1225 365 1278 ουσίαν
401 1226 565 1280 τέκνα
596 1230 729 1282 Θεοῦ
763 1229 1035 1297 γενέσθαι,
1068 1234 1177 1293 τοῖς
1206 1232 1547 1285 πιστεύουσιν
1570 1236 1647 1297 είς
1683 1237 1743 1288 τὸ

186 1317 349 1385 ὄνομα
376 1318 539 1373 αὑτοῦ
567 1338 580 1351 ·
610 1321 657 1373 οἳ
691 1321 789 1373 οὐκ
814 1321 871 1386 ἐξ
899 1323 1160 1391 αἱμάτων,
1197 1325 1315 1376 οὐδὲ
1351 1328 1414 1378 ἐκ
1444 1326 1743 1396 θελήματος

189 1406 400 1475 σαρκὸς,
453 1410 573 1462 οὐδὲ
617 1411 679 1463 ὲκ
730 1410 1030 1480 θελήματος
1080 1414 1288 1484 ἀνδρὸς,
1347 1417 1458 1469 ἀλλ’
1494 1420 1556 1471 ὲκ
1608 1418 1740 1471 Θεοῦ

188 1496 564 1567 ἐγεννήθησαν.
604 1517 622 1549 ›
664 1500 780 1552 ’Ἱνα
813 1500 920 1570 γὰρ
957 1504 1178 1574 γένηται
1222 1506 1517 1574 πρωτεύων
1547 1511 1604 1561 ἐν
1637 1513 1741 1562 πᾶ-

190 1603 267 1635 σιν
300 1588 479 1650 αὐτὸς,
538 1588 678 1641 καθὰ
729 1590 1057 1661 γέγραπται,
1106 1613 1123 1645 ι
1170 1595 1491 1667 γεγέννηται
1547 1600 1645 1668 μὲν
1680 1602 1744 1653 ἐκ

188 1677 460 1741 γυναικός.
505 1696 522 1727 ι

252 1768 389 1831 ΑΕΓ.
434 1767 647 1838 Ἐπειδὴ
682 1770 738 1822 δέ
769 1773 917 1824 ἐστιν
948 1774 1167 1844 ἀπαρχὴ
1200 1776 1299 1845 τῆς
1325 1778 1739 1850 ἀναμορφουμέ-

189 1872 280 1923 νης
308 1857 537 1919 κτίσεως
560 1860 625 1911 δι’
654 1863 925 1931 ἁγιασμοῦ
952 1864 1087 1933 πρὸς
1114 1867 1265 1931 Θεὸν,
1296 1871 1390 1922 καὶ
1418 1873 1524 1941 πρό
1548 1889 1611 1939 γε
1636 1875 1744 1927 τῶν

190 1946 357 1998 ἄλλων
391 1948 553 2013 αὐτὸς
599 1954 849 2021 γεννητὸς
896 1954 1108 2026 ἐδείχθη
1168 1959 1233 2011 ὲκ
1264 1960 1598 2030 Πνεύματος,
1649 1965 1745 2035 τὴν

150 2044 153 2049 ’
188 2038 376 2107 ἀνδρός
407 2056 464 2090 τε
498 2042 591 2093 καὶ
637 2044 891 2111 γυναικὸς
917 2045 978 2096 οὐ
1019 2051 1326 2119 περιμένων
1376 2053 1611 2116 σύνοδον,
1654 2058 1747 2110 καὶ

190 2128 282 2178 οὐκ
316 2129 512 2201 ἀτιμία
546 2134 639 2185 καὶ
672 2132 845 2203 μώμῳ
895 2138 1267 2202 καταδικάζων
1310 2143 1405 2213 τὴν
1442 2146 1603 2213 φύσιν
1647 2148 1748 2215 (τί-

191 2236 305 2291 μιος
332 2227 441 2292 γὰρ
461 2225 488 2275 6
517 2226 714 2291 γάμος,
744 2226 837 2277 καὶ
873 2244 891 2276 ι
919 2229 947 2278 6
981 2229 1192 2294 πλάσας
1230 2233 1322 2285 ἀπ’
1352 2236 1545 2305 ἀρχῆς,
1582 2237 1749 2308 ἄρσεν

190 2309 279 2360 καὶ
315 2312 451 2380 θῆλυ
505 2313 760 2381 ἐποίησεν
790 2315 1031 2387 αὐτοὺς),
1066 2318 1197 2373 ἀλλὰ
1235 2322 1310 2392 τῷ
1362 2325 1571 2393 μείζονι
1598 2338 1623 2376 P
1658 2330 1750 2380 καὶ

189 2401 531 2470 ἀσυγκρίτως
582 2403 959 2474 ὑπερκειμένῳ
1016 2408 1338 2479 προσνέμων
1386 2413 1484 2483 ἤδη
1536 2432 1653 2480 πως
1682 2418 1757 2470 τὰ

189 2488 533 2555 ἀνθρώπινα·
569 2492 859 2559 γεννητοὺς
898 2492 1005 2562 γὰρ
1040 2494 1372 2564 Πνεύματος,
1405 2499 1504 2550 οὑκ
1542 2501 1752 2572 ἀνδρῶν

189 2578 328 2645 ἡμᾶς
373 2578 454 2630 ἔτι
505 2578 861 2647 χρηματίζειν
904 2582 1079 2651 ἧθελε.
1114 2585 1224 2637 Καὶ
1263 2586 1411 2652 γοῦν,
1460 2605 1478 2639 ι
1509 2590 1750 2660 Πατέρα,

190 2668 339 2736 φησι,
373 2667 449 2738 μὴ
475 2668 739 2738 καλέσητε
766 2670 918 2740 ὑμῶν
947 2673 1040 2725 ἐπὶ
1078 2672 1176 2742 τῆς
1216 2672 1345 2745 γῆς·
1379 2673 1459 2741 εἷς
1480 2680 1584 2749 γάρ
1608 2682 1755 2735 ἐστιν

195 2757 222 2806 6
246 2756 432 2827 Πατὴρ
477 2757 631 2825 ὑμῶν
656 2760 683 2810 6
714 2760 980 2829 οὐράνιος,
1015 2762 1213 2825 πάντες
1255 2765 1311 2818 δὲ
1346 2766 1500 2835 ὑμεῖς
1544 2770 1754 2837 ἀδελφοί

197 2848 335 2898 ὲστε.
370 2865 389 2898 ι
430 2847 638 2899 Οὐκοῦν
666 2849 963 2921 ἀμώμητον
996 2854 1271 2917 παντελῶς
1293 2855 1353 2908 τὸ
1377 2860 1651 2912 πιστεύειν
1677 2863 1756 2925 εἰς

197 2940 375 3003 αὑτὸν,
421 2941 621 3010 μᾶλλον
650 2942 705 2996 δὲ
731 2944 823 2996 καὶ
854 2947 919 3014 τῇ
944 2944 1052 2998 τῶν
1076 2946 1561 3019 πλημμελημάτων
1583 2954 1758 3024 ἀμνη-

1838 885 1903 923 ex
1952 870 2173 923 muliere
2229 879 2384 922 natus
2433 873 2557 923 est?
2600 872 2747 927 Unde
2806 877 2897 943 qui
2957 877 3110 927 Iidem
3142 876 3193 927 in
3225 876 3395 942 ipsum

1840 958 2147 1027 complexus
2178 959 2355 1023 fuerit,
2386 960 2633 1013 eximiam
2659 965 2779 1017 inde
2814 965 3109 1017 mercedem
3140 962 3397 1028 gloriam-

1841 1065 1944 1119 que
1984 1048 2276 1118 reportabit
2308 1064 2321 1099 :
2357 1048 2630 1101 vocabitur
2674 1066 2898 1118 namque
2942 1052 3105 1104 Filius
3136 1052 3247 1105 Dei.
3310 1048 3402 1103 Est

1841 1143 1981 1195 enim
2010 1141 2145 1209 apud
2174 1152 2417 1195 sanctum
2447 1138 2707 1192 Joannem
2742 1154 2757 1191 :
2793 1157 2809 1187 ι
2841 1139 3108 1205 Quotquot
3133 1143 3274 1191 enim
3320 1154 3403 1191 re-

1842 1242 2100 1302 ceperunt
2128 1233 2296 1297 illum,
2328 1232 2476 1284 dedit
2508 1231 2612 1284 illis
2646 1238 2961 1297 potestatem
2993 1229 3127 1281 filios
3154 1228 3242 1281 Dei
3268 1228 3402 1291 fieri,

1844 1326 1925 1379 his
1962 1325 2050 1393 qui
2092 1324 2319 1378 credunt
2352 1314 2412 1375 in
2446 1323 2658 1375 nomine
2711 1323 2866 1387 ejus;
2904 1319 2993 1385 qui
3037 1334 3139 1373 non
3172 1333 3238 1371 ex
3284 1333 3406 1372 san-

1844 1417 2112 1486 guinibus,
2154 1430 2326 1483 neque
2352 1420 2414 1468 ex
2455 1413 2726 1465 voluntate
2770 1411 2965 1474 carnis,
3024 1424 3193 1479 neque
3221 1424 3283 1463 ex
3314 1424 3409 1462 vo-

1844 1507 2050 1559 luntate
2079 1507 2198 1570 viri,
2225 1507 2315 1559 sed
2344 1519 2408 1558 ex
2442 1504 2549 1557 Deo
2575 1503 2682 1555 nati
2706 1501 2911 1555 sunt".
2953 1520 2971 1551 ι
3006 1498 3136 1553 Nam
3167 1515 3271 1568 quo
3298 1501 3407 1570 ipse

1844 1594 2130 1662 primatum
2164 1595 2214 1646 in
2242 1608 2428 1647 omnes
2456 1593 2745 1655 obtineret,
2766 1602 2822 1645 ut
2847 1590 3104 1658 scriptum
3124 1600 3205 1643 est
3220 1590 3311 1657 ",c
3345 1604 3409 1645 ex

1846 1681 2068 1735 muliere
2098 1682 2241 1734 nasci
2283 1682 2447 1734 voluit
2476 1682 2540 1734 ".
2592 1698 2609 1730 ι

1918 1770 2156 1825 XXXVI.
2189 1771 2319 1837 Quia
2356 1787 2482 1825 vero
2521 1780 2781 1824 creatura:
2813 1784 2908 1839 per
2939 1768 3409 1827 sanctificationeut

1850 1865 1988 1933 apud
2039 1865 2201 1937 Deum
2254 1861 2553 1917 reformata:
2590 1861 2798 1914 initium
2865 1862 3097 1922 exstitit,
3138 1861 3250 1927 ipse
3304 1878 3411 1932 pne

1852 1957 2060 2009 eceteris
2086 1954 2332 2009 omnibus
2366 1970 2431 2008 ex
2466 1953 2671 2021 Spiritu
2716 1952 2927 2022 genitus
2970 1951 3287 2016 declaratur,
3323 1962 3411 2006 ut-

1853 2060 1976 2117 pOte
2033 2046 2235 2114 absque
2281 2045 2381 2097 viri
2432 2045 2776 2113 mulierisque
2824 2057 3111 2109 congressu
3155 2042 3206 2095 in
3243 2041 3412 2098 lucem

1854 2139 2025 2193 fusus.
2054 2136 2240 2207 Neque
2277 2138 2475 2191 idcirco
2517 2146 2689 2189 tamen
2722 2135 2951 2203 aliquam
2996 2134 3294 2203 ignominiaa
3325 2152 3416 2188 no-

1854 2240 1962 2286 tam
1994 2239 2197 2283 natnrre
2228 2230 2443 2283 inurere
2472 2228 2636 2281 voluit
2666 2234 2828 2297 (sunt
2855 2226 2995 2279 enim
3028 2224 3227 2292 nuptia:
3254 2225 3417 2280 hono-

1857 2321 2055 2375 rabiles
2084 2322 2145 2385 “,
2174 2329 2227 2373 et
2258 2339 2276 2369 ι
2303 2319 2392 2388 qui
2424 2318 2572 2371 initio
2604 2316 2852 2370 formavit
2879 2315 3079 2376 omnia,
3127 2314 3414 2369 masculum

1858 2420 1911 2465 et
1941 2410 2190 2463 feminam
2222 2408 2348 2463 fecit
2395 2422 2488 2461 eos
2513 2408 2558 2437 “
2589 2425 2606 2457 ι
2631 2407 2671 2477 ),
2718 2406 2811 2459 sed
2862 2414 3104 2457 naturam
3134 2404 3414 2458 humanam

1859 2501 2213 2569 pratstantiori
2256 2498 2544 2567 multisque
2572 2497 2811 2565 partibus
2842 2494 3208 2549 excellentiori
3246 2496 3419 2563 digni-

1862 2600 1968 2643 tate
2026 2589 2480 2643 cohonestandam
2533 2586 2739 2656 putavit
2773 2599 2789 2638 :
2828 2601 2930 2639 non
2969 2585 3111 2638 enim
3165 2584 3286 2650 viri,
3328 2589 3420 2640 sed

1862 2679 2093 2749 Spiritus
2129 2694 2344 2747 germen
2386 2692 2506 2732 esse
2546 2677 2798 2743 deinceps
2841 2690 2941 2730 nos
2986 2673 3153 2727 voluit
3186 2689 3200 2726 :
3238 2684 3293 2729 et
3321 2676 3423 2730 huc

1862 2778 2072 2836 spectat
2101 2787 2115 2823 :
2151 2786 2169 2819 ι
2206 2767 2418 2821 Patrem
2448 2767 2612 2820 nolite
2633 2764 2783 2818 vobis
2807 2778 2996 2818 vocare
3021 2776 3179 2831 super
3202 2772 3417 2817 terram.

1866 2862 2014 2916 Unus
2044 2860 2185 2913 enim
2216 2868 2298 2913 est
2338 2858 2492 2911 Pater
2522 2866 2703 2911 vester
2732 2854 2966 2909 celestis
2995 2871 3009 2907 :
3039 2870 3225 2909 omnes
3248 2866 3422 2911 autem

1862 2967 1959 3005 vos
1999 2950 2192 3005 fratres
2234 2950 2365 3004 estis
2386 2948 2450 3002 ".
2491 2965 2511 2999 ι
2547 2946 2904 3012 Quamobrem
2940 2944 2994 2998 in
3029 2945 3176 2998 illum
3208 2946 3426 3000 credere

198 3031 317 3099 στία
366 3032 671 3101 τετίμηται.
723 3034 927 3103 Γράφει
978 3035 1034 3088 δὲ
1071 3030 1173 3088 ὦδε
1224 3037 1383 3093 πάλιν
1423 3043 1453 3093 ὀ
1507 3041 1752 3114 ἔκκριτος

1862 3045 2005 3099 omni
2034 3031 2253 3110 prorsus
2296 3040 2713 3111 reprehensione
2742 3049 2895 3093 vacat
2925 3056 2937 3103 ;
2978 3040 3083 3092 imo
3116 3038 3264 3091 istud
3304 3052 3429 3104 pec-

191 3120 397 3184 Παῦλος
418 3138 431 3151 ·
468 3141 485 3174 ι
520 3122 735 3186 Είδότες
757 3123 833 3189 δὲ,
863 3125 944 3177 ὅτι
973 3127 1033 3179 οὐ
1058 3126 1361 3182 δικαιοῦται
1385 3130 1670 3202 ἄνθρωπος
1698 3136 1757 3199 ἐξ

190 3210 361 3279 ἔργων
410 3212 599 3283 νόμου,
632 3212 725 3266 ὲὰν
760 3215 833 3285 μὴ
875 3214 963 3270 διὰ
1007 3218 1238 3282 πίστεως
1284 3220 1457 3290 Ἰησοῦ
1496 3224 1755 3294 Χριστοῦ,

190 3303 280 3353 καὶ
308 3304 470 3371 ἡμεῖς
516 3305 597 3367 εἰς
635 3306 866 3377 Χριστὸν
913 3308 1313 3379 ἐπιστεύσαμεν
1344 3312 1431 3364 ἵνα
1457 3313 1759 3368 δικαιωθῶ-

194 3409 287 3461 μεν
320 3394 377 3445 ὲν
429 3395 595 3465 αὐτῷ.
640 3416 657 3447 ι
698 3398 1031 3468 Κατοκνήσω
1074 3400 1129 3453 δὲ
1160 3401 1429 3470 οὐδαμῶς,
1482 3406 1619 3476 ὅπερ
1658 3407 1757 3477 ἠδη

193 3483 402 3552 φθάσας
431 3485 587 3555 ἔφην,
618 3488 996 3558 ἁνακυκλήσας
1041 3492 1236 3557 εἰπεῖν,
1273 3494 1352 3545 ὅτι
1380 3496 1611 3565 Χριστὸς
1653 3500 1756 3568 Ἰη-

194 3573 314 3636 σοῦς
347 3576 410 3626 οὐ
451 3576 657 3645 γυμνὸς
690 3578 784 3630 καὶ
836 3578 956 3633 καθ’
993 3582 1182 3635 ἑαυτὸν
1209 3587 1408 3637 νοεῖται
1457 3588 1484 3638 6
1513 3589 1577 3641 ἐκ
1624 3588 1757 3640 Θεοῦ

192 3663 381 3728 Λόγος,
409 3664 524 3715 ἀλλ’
552 3664 639 3717 ὅτε
666 3667 968 3733 προσέλαϐε
992 3669 1051 3723 τὸ
1072 3669 1433 3742 ἀνθρώπινον,
1466 3675 1557 3727 καλ⁵
1592 3677 1761 3744 ἀσυγ-

192 3754 365 3823 χύτως
393 3756 669 3827 ὲνεπλάκη
701 3758 883 3829 σαρκί.
903 3760 1089 3825 υῦτως
1121 3761 1311 3831 ἔχοντα
1343 3765 1435 3817 καὶ
1463 3765 1760 3834 ὁρώμενον,

192 3853 282 3901 καὶ
314 3850 372 3902 ὲν
416 3849 547 3902 εῖδει
578 3850 655 3921 τῷ
706 3852 827 3904 καθ’
856 3853 1002 3922 ἡμᾶς
1048 3854 1401 3924 τυγχάνοντα,
1434 3859 1546 3919 τοῖς
1587 3858 1761 3927 ἁγίοις

191 3942 508 4005 ἀποστόλοις
553 3943 867 4013 παρέδειξεν
894 3945 921 3996 6
954 3945 1167 4016 Πατὴρ,
1200 3950 1384 4017 φωνῆς
1432 3947 1639 4002 ἄνωθεν
1672 3950 1765 4002 ὲκ-

192 4035 555 4105 πεμπομένης
602 4036 815 4087 τοιᾶσδε
840 4052 852 4064 ·
895 4055 915 4087 ι
949 4032 1115 4100 Οὗτός
1165 4039 1312 4096 ἐστιν
1356 4040 1383 4092 6
1422 4038 1547 4103 Υἱός
1595 4058 1696 4110 μου
1734 4041 1761 4090 6

191 4125 493 4196 ἀγαπητὸς,
534 4130 589 4179 ἐν
627 4120 670 4194 ᾦ
702 4127 1009 4196 ηὑδόκησα*
1057 4128 1222 4181 αὐτοῦ
1261 4129 1507 4183 ἀκούετε.
1544 4152 1563 4183 ι
1598 4132 1763 4196 Σύνες

191 4211 302 4277 οὖν,
340 4217 492 4278 ὅπως
524 4218 643 4282 οῦκ,
682 4217 769 4269 Ἐν
802 4218 993 4288 τούτῳ,
1030 4220 1215 4288 φησὶν,
1244 4222 1393 4273 ἐστὶν
1421 4225 1451 4274 6
1487 4224 1606 4285 Υἱός
1637 4241 1761 4292 μου,

192 4309 276 4362 ἶνα
312 4309 387 4379 μὴ
424 4308 531 4361 ἀνὰ
565 4309 749 4379 μέρος,
786 4311 859 4372 ὡς
907 4312 1091 4381 ἕτερος
1135 4315 1194 4365 ὲν
1223 4314 1397 4384 ἑτέρῳ
1439 4315 1617 4384 τυχὸν,
1647 4316 1761 4369 ἀλλ’

1858 3144 2098 3189 calorum
2130 3133 2418 3195 oblivione,
2442 3131 2542 3185 hoc
2569 3140 2649 3186 est
2682 3131 3077 3184 eondonatione
3108 3130 3422 3191 honoratum

1859 3236 1961 3282 ρει.
2015 3225 2217 3281 Scribit
2245 3226 2388 3278 enim
2427 3222 2655 3278 eximius
2694 3222 2781 3276 ille
2809 3220 3082 3291 apostolus
3129 3219 3323 3273 Paulus
3362 3222 3427 3275 ad

1859 3319 2001 3373 hunc
2032 3318 2269 3371 modum.
2322 3333 2339 3365 ι
2376 3314 2618 3369 Scientes
2652 3323 2832 3368 autem
2881 3313 3009 3383 quia
3035 3326 3139 3366 non
3166 3310 3427 3381 justiflca-

1863 3418 1949 3462 tur
1998 3409 2158 3463 homo
2205 3423 2269 3462 ex
2310 3408 2561 3476 operibus
2608 3406 2759 3476 legis,
2806 3405 2904 3458 nisi
2950 3419 3043 3473 per
3085 3403 3239 3456 fidem
3302 3401 3427 3456 Jesu

1860 3499 2091 3565 Christi;
2127 3509 2180 3552 et
2211 3515 2305 3553 nos
2330 3500 2380 3553 in
2406 3499 2619 3553 Christo
2657 3496 2787 3552 Jesu
2817 3496 3163 3558 credidimus,
3191 3505 3248 3547 ut
3272 3495 3430 3563 justi-

1862 3588 2083 3643 ftcernur
2113 3590 2166 3642 in
2198 3588 2315 3658 ipso
2340 3588 2403 3640 “.
2440 3607 2459 3641 ι
2511 3588 2776 3642 Ceterum
2804 3586 2944 3654 quod
2982 3600 3142 3654 supra
3178 3585 3426 3648 iudicavi,

1861 3682 2183 3750 idrepetere
2218 3696 2323 3734 non
2368 3681 2650 3749 gravab0r,
2683 3684 2810 3745 puta
2849 3677 2938 3730 Dei
2970 3674 3143 3728 Patris
3194 3672 3423 3727 Verbum

1863 3773 1999 3827 nude
2046 3787 2142 3841 per
2188 3786 2247 3826 se
2298 3771 2532 3840 positum
2581 3785 2686 3823 non
2735 3768 2957 3836 intelligi
3000 3766 3303 3826 Christum;
3334 3765 3427 3817 sed

1865 3874 1989 3917 tunc
2014 3865 2224 3918 demum
2261 3863 2313 3916 id
2343 3877 2535 3915 nomen
2567 3859 2884 3924 obtinuisse,
2921 3874 3043 3913 cum
3074 3858 3306 3910 humana
3336 3872 3426 3907 na-

1864 3960 1981 4003 tura
2005 3960 2276 4017 assumpta
2310 3949 2444 4002 citra
2487 3948 2648 4000 ullam
2688 3946 2909 3999 omnino
2939 3946 3303 3999 confusionem
3334 3943 3428 3996 ad—

1857 4041 2100 4111 junctum
2127 4051 2208 4093 est
2237 4039 2407 4093 carni.
2441 4036 2515 4091 lta
2543 4037 2813 4102 allectum,
2842 4049 2895 4091 et
2923 4035 3245 4105 aspectabile
3267 4034 3427 4088 elice-

1866 4140 2006 4192 tum,
2057 4139 2347 4197 nostraque
2409 4129 2579 4181 forma
2634 4129 2888 4183 vestitum
2940 4128 3176 4181 caelestis
3245 4126 3425 4191 Pater,

1864 4234 1993 4273 voce
2040 4220 2252 4274 ccelitus
2297 4218 2535 4287 delapsa,
2590 4219 2793 4273 sanctis
2839 4219 3074 4272 ostendit
3118 4217 3373 4285 apostolis
3411 4235 3424 4270 :

1871 4329 1890 4362 ι
1932 4310 2048 4375 llic,
2080 4311 2272 4380 inquit,
2307 4322 2387 4365 est
2414 4310 2585 4365 Filius
2616 4325 2765 4366 meus
2805 4311 3053 4371 dilectus,
3092 4307 3198 4378 33
3230 4309 3281 4362 in
3322 4324 3430 4375 quo

192 4396 267 4464 εἷς
298 4404 475 4454 νοοῖτο
503 4402 530 4453 6
561 4401 719 4466 αὐτὸς
749 4412 777 4451 ει
804 4402 922 4454 καθ’
952 4404 1142 4457 ἓνωσιν
1175 4406 1544 4476 οἰκονομικήν.
1572 4407 1752 4477 Πλημ-

1870 4406 1995 4458 mihi
2042 4405 2177 4458 bene
2216 4403 2547 4473 complacui;
2582 4404 2757 4472 ipsum
2803 4403 2984 4455 audite
3018 4401 3081 4454 ²⁸.
3128 4420 3145 4450 ι
3198 4402 3429 4454 Adverte

195 4494 350 4562 μελὲς
380 4494 439 4546 δὲ
462 4494 539 4545 ὅτι
570 4493 630 4547 τὸ
650 4495 966 4548 ἀντιτείνειν
993 4497 1128 4561 ἐστὶ,
1161 4499 1256 4550 καὶ
1281 4498 1388 4554 τῶν
1415 4500 1495 4551 ὅτι
1532 4500 1763 4570 μάλιστα

194 4580 646 4653 σφαλερωτάτων,
708 4585 988 4637 ἀναπείθει
1042 4587 1267 4658 γράφων
1335 4588 1583 4659 Ἰωάννης
1633 4591 1759 4643 ὠδί’

198 4687 215 4719 ι
250 4670 371 4723 Ὅτι
410 4669 551 4742 αὕτη
596 4672 741 4725 ἐστὶν
788 4675 818 4743 ἡ
862 4676 1135 4745 μαρτυρία
1181 4676 1273 4729 τοῦ
1308 4678 1464 4743 Θεοῦ,
1494 4680 1575 4732 ὅτι
1612 4689 1635 4717 ι·
1669 4697 1757 4750 με·

195 4761 514 4831 μαρτύρηκε
561 4763 690 4838 περὶ
736 4764 828 4816 τοῦ
869 4765 997 4817 Υίοῦ
1043 4767 1229 4820 αὑτοῦ.
1268 4768 1323 4820 '0
1374 4770 1640 4822 πιστεύων
1684 4773 1763 4833 είς

192 4849 277 4903 τὸν
307 4850 437 4904 Υἱὸν
470 4850 563 4904 τοῦ
604 4853 760 4917 Θεοῦ,
791 4854 902 4923 ἔχει
930 4855 1026 4924 τὴν
1063 4858 1368 4928 μαρτυρίαν
1414 4860 1505 4911 τοῦ
1536 4860 1673 4913 Θεοῦ
1707 4863 1764 4913 ὲν

193 4942 382 5012 ἑαυτῷ·
405 4942 433 4994 6
463 4942 536 5013 μὴ
555 4942 822 4997 πιστεύων
853 4944 976 5015 [εἰς]
1000 4947 1091 4998 τὸν
1114 4948 1263 5011 Υἱὸν,
1280 4948 1515 5019 ψεύστην
1538 4952 1766 5020 πεποίη-

191 5048 283 5084 κεν
314 5033 504 5096 αὑτὸν,
534 5034 615 5086 ὅτι
640 5033 739 5085 οὐκ
763 5034 1080 5088 ἐπίστευσεν
1117 5040 1195 5101 είς
1224 5039 1321 5107 τὴν
1352 5043 1672 5110 μαρτυρίαν,
1700 5044 1763 5109 ἦν

194 5124 619 5195 μεμαρτύρηκεν
663 5128 691 5179 6
732 5126 861 5188 Θεὸς
893 5128 1019 5197 περὶ
1064 5129 1158 5182 τοῦ
1199 5131 1325 5183 Υίοῦ
1369 5133 1554 5184 αὑτοῦ.
1595 5152 1613 5184 ι
1649 5136 1761 5185 Με-

196 5216 512 5286 μαρτύρηκε
550 5215 627 5279 δὲ,
660 5216 742 5269 ὃτι
775 5214 940 5279 Οὗτος
969 5220 995 5271 ὁ
1028 5221 1165 5288 μετὰ
1217 5222 1435 5291 σαρκὸς,
1474 5223 1566 5275 καὶ
1595 5224 1653 5275 ἐν
1692 5227 1756 5295 τῇ

278 5374 499 5433 "Joan.
572 5392 609 5441 l,
672 5376 876 5439 12,15.

195 5458 349 5507 Isin,
386 5448 443 5499 9.
535 5446 580 5478 “
632 5445 805 5501 Galat.
840 5463 898 5511 tt,
944 5448 1027 5501 16.
1140 5451 1183 5482 ³⁸
1215 5452 1403 5505 Matth.
1432 5469 1566 5519 xvn,
1609 5455 1662 5511 ὅ.

956 5378 999 5449 ἐξ
1036 5378 1241 5433 Coloss.
1271 5398 1309 5443 l,
1346 5381 1428 5434 18.
1497 5384 1541 5413 ¹⁰
1565 5384 1738 5438 Galal.
1770 5384 1913 5449 tv,4.
1985 5385 2026 5414 ἰ
2068 5382 2229 5437 Hebr.
2262 5397 2383 5447 xm,
2407 5381 2459 5437 6.
2538 5384 2581 5414 "
2624 5379 2810 5435 Matth.
2856 5394 2970 5445 XIX,
3003 5378 3057 5433 4.

1860 4505 2038 4550 autem
2078 4493 2345 4563 quomodo
2393 4494 2481 4547 hic
2516 4508 2620 4547 nou
2660 4493 2849 4545 dicat:
2888 4490 2944 4544 ln
2988 4492 3088 4545 hoc
3132 4499 3215 4543 est
3265 4490 3430 4543 Filius

1859 4604 2043 4654 meus;
2079 4602 2177 4641 nec
2229 4602 2472 4641 seorsqu
2516 4594 2577 4638 ut
2618 4584 2755 4637 alter
2791 4584 2843 4637 in
2872 4583 3040 4637 altero
3082 4582 3428 4648 intelligatur,

1857 4681 1952 4735 sed
1991 4682 2283 4734 secundum
2311 4676 2758 4747 dispensatoriam
2793 4676 3042 4727 unionem
3087 4686 3226 4725 unus
3262 4672 3431 4725 idem-

1859 4785 1964 4837 que
2016 4767 2334 4836 simpliciter
2403 4764 2717 4833 accipiatur.
2781 4763 3016 4830 ~Quanto
3070 4769 3247 4813 autem
3307 4774 3427 4812 cum

1866 4857 2177 4910 discrimine
2222 4870 2513 4923 erroreque
2555 4854 2905 4922 coniunctum
2935 4853 3025 4915 sit,
3054 4852 3200 4905 hisce
3234 4849 3425 4912 obniti,

1868 4948 1916 5002 id
1944 4948 2172 5001 dilucide
2189 4945 2791 5008 demoustratJoannes,
2815 4947 2885 4997 ita
2919 4944 3162 4997 scribens
3191 4961 3203 4997 :
3236 4963 3253 4994 ι
3286 4944 3429 5009 Quo-

1864 5042 2003 5093 niam
2036 5042 2135 5093 hoc
2165 5046 2251 5092 est
2281 5040 2646 5092 testimonium
2682 5037 2798 5098 Dei,
2836 5038 2976 5104 quod
3006 5046 3088 5090 est
3114 5036 3432 5089 testificatus

1861 5133 1927 5185 dc
1955 5131 2090 5185 Filio
2120 5147 2240 5185 suo.
2284 5131 2386 5195 Qui
2424 5128 2597 5182 credit
2632 5128 2685 5182 in
2720 5128 2914 5181 Filium
2950 5127 3065 5193 Dei,
3095 5128 3257 5182 habet
3284 5126 3433 5180 testi-

1860 5224 2097 5278 monium
2152 5223 2242 5277 Dei
2291 5222 2345 5275 in
2386 5235 2467 5275 se.
2510 5218 2611 5285 Qui
2653 5234 2757 5273 non
2804 5219 2974 5275 credit
3010 5217 3167 5283 Filio,
3206 5216 3432 5269 menda-

3158 5376 3203 5409 "
3227 5374 3420 5431 Matth.

1272 5607 1439 5662 Varia:
1470 5608 1734 5666 lectiones
1772 5607 1973 5665 codicis
2023 5608 2379 5679 Seguieriani.

336 5737 414 5798 εἰς
446 5733 628 5788 αὐτόν.
710 5746 735 5783 P
770 5736 1053 5807 κρείττονι.
1126 5750 1158 5788 .4
1197 5740 1285 5794 καὶ
1323 5742 1502 5805 αὑτός.
1584 5752 1603 5780 τ
1645 5744 1731 5809 ἦν.
