4056 6334
624 390 762 448 “87

1653 383 1710 435 S.
1752 379 2027 436 CYRILLI
2067 372 2534 432 ALEXANDRINI
2572 369 2889 427 ARCIIIEP.

3751 362 3875 415 “83

622 518 739 557 cem
771 499 898 558 fecit
918 516 1067 568 cum,
1093 501 1220 571 quia
1252 515 1355 555 non
1390 497 1559 551 credit
1589 495 1639 547 in
1667 496 2032 549 testimonium
2053 497 2195 564 quod

2300 493 2394 545 τοῦ
2425 492 2609 544 δούλου
2647 491 2849 558 μορφῇ,
2877 489 3178 556 μοναδικῶς
3209 488 3300 540 καὶ
3346 484 3526 544 ἰδικῶς
3563 481 3708 549 ἐμὸς
3754 480 3876 542 5:11}-

620 589 942 647 testiflcatus
975 602 1058 647 est
1096 592 1240 646 Deus
1291 590 1356 642 de
1385 585 1519 638 Filio
1546 600 1647 638 suo
1671 586 1736 637 “.
1780 605 1797 634 ι
1854 585 2196 640 Testilicatus

2297 585 2406 646 Θῶς
2435 583 2577 642 Υἱός.
2607 579 2715 631 Καὶ
2739 577 2905 645 αὐτὴν
2936 577 2992 628 δὲ
3022 580 3121 647 τὴν
3145 579 3232 630 διὰ
3258 577 3352 629 τοῦ
3378 574 3532 641 ἁγίου
3561 568 3876 637 βαπτίσμα-

621 689 706 730 est
737 692 915 734 autem
949 696 1096 746 eum,
1131 678 1222 743 qui
1254 688 1416 728 carne
1445 674 1735 743 servilique
1769 673 1942 728 forma
1982 675 2195 726 indutus

2300 691 2384 736 τος
2417 670 2614 724 εὐκλεᾶ
2641 669 2818 736 χάριν,
2858 667 2953 718 καὶ
2997 669 3095 736 τὴν
3121 670 3177 721 ἐν
3207 667 3354 737 αὺτῷ
3399 661 3766 729 ζωοποίησιν,
3792 657 3877 706 καὶ

622 772 891 836 apparuit,
926 772 1100 831 unice,
1131 766 1348 834 proprie
1385 780 1448 818 ac
1479 780 1602 819 vere
1633 781 1790 818 suum
1821 781 1940 818 esse
1976 764 2191 817 Filium.

622 855 885 911 Praeterea
931 857 1194 909 illustrem
1227 854 1370 906 illam
1399 855 1541 908 sacri
1579 854 1916 922 baptismatis
1942 853 2190 920 gratiam,

621 962 848 1014 qumque
893 946 988 1012 ipsi
1028 946 1263 998 colueret
1302 945 1739 1006 vivificationem,
1770 951 1823 994 et
1855 943 1944 993 Dei
1978 943 2196 1008 partici-

622 1037 886 1104 pationem
916 1049 1012 1103 per
1040 1033 1518 1087 sanctificationem
1555 1034 1604 1084 in
1639 1032 1840 1100 Spiritu
1887 1046 1982 1098 per
2007 1030 2192 1084 Jcsum

620 1125 887 1180 Christum
944 1123 1099 1177 nobis
1158 1124 1458 1192 obtingere,
1527 1122 1816 1174 fatebimur
1862 1123 2190 1176 necessario.

620 1215 956 1270 Meminimus
1019 1214 1160 1267 enim
1214 1213 1472 1266 Joannem
1515 1211 1780 1266 dicentem
1816 1231 1828 1266 :
1865 1229 1883 1262 ι
1923 1210 2023 1276 Qui
2075 1223 2194 1280 post

617 1325 704 1363 me
745 1316 1001 1360 venturus
1049 1315 1151 1367 est,
1202 1303 1390 1357 fortior
1433 1319 1517 1357 me
1563 1313 1665 1366 est,
1707 1303 1864 1372 cujus
1921 1320 2025 1357 non
2072 1319 2191 1358 sum

619 1396 809 1461 dignus
863 1390 1223 1446 calceamenta
1274 1401 1538 1458 portare:
1590 1393 1693 1448 iste
1753 1408 1848 1447 vos
1904 1393 2195 1463 baptizabit

621 1485 824 1557 Spiritu
871 1493 1054 1537 sancto
1087 1492 1142 1536 et
1175 1482 1282 1551 igni
1315 1484 1382 1536 ".
1431 1501 1449 1534 ι
1505 1482 1622 1537 Jam
1667 1485 1755 1538 hic
1792 1493 1846 1539 te
1876 1485 2148 1555 interrogo
2176 1502 2191 1539 :

619 1595 744 1635 num
783 1574 982 1644 Spiritu
1012 1583 1202 1627 sancto
1236 1584 1290 1627 et
1313 1575 1419 1641 igni
1460 1573 1741 1641 baptizare
1776 1592 1934 1646 posse
1965 1593 2101 1646 opus
2124 1578 2196 1632 sit

618 1669 787 1725 solius
818 1669 1064 1721 humana:
1098 1665 1342 1718 naturae?
1376 1665 1529 1732 Quis,
1557 1682 1762 1735 qua-so,
1789 1669 1933 1722 istud
1973 1670 2195 1724 credat?

614 1760 774 1830 Atqui
811 1759 983 1810 virum
1018 1755 1167 1809 illum
1205 1757 1296 1826 qui
1335 1773 1458 1812 mox
1508 1759 1797 1812 adfuturus
1823 1774 1885 1813 ac
1933 1759 2195 1815 videndus

2295 765 2392 834 τὴν
2419 761 2553 814 Θεοῦ
2585 756 2801 828 μέθεξιν
2831 756 2898 807 δι’
2919 757 3195 826 ἀγιασμοῦ
3227 760 3282 810 ὲν
3311 753 3612 824 Πνεύματι,
3646 745 3742 799 διὰ
3784 746 3878 810 τιτι-

2297 854 2389 906 σοῦ
2414 849 2649 921 Χριστοῦ
2677 845 2992 916 πεπρᾶχθαι
3013 845 3255 916 δώσομεν
3282 845 3617 916 ἀναγκαίως.
3646 839 3875 907 Μεμνή-

2299 944 2437 1014 μεθα
2461 943 2569 1011 γὰρ
2605 939 2848 993 Ἰωάννου
2878 937 3128 1004 λέγοντος
3153 954 3166 966 ·
3196 956 3214 988 ι
3270 939 3328 991 '0
3366 939 3542 990 ὀπίσω
3582 950 3696 1006 μου
3730 928 3878 999 ἐρχό-

2299 1051 2480 1103 μενος,
2505 1029 2850 1103 ἰσχυρότερός
2878 1045 2980 1098 μου
3019 1029 3189 1092 ἐστὶν,
3220 1022 3281 1080 οῦ
3311 1030 3410 1082 οὐκ
3435 1029 3550 1099 είμὶ
3599 1021 3796 1084 ἱκανὸς
3817 1017 3877 1070 τὰ

2295 1127 2620 1196 ὑποδήματα
2641 1122 2925 1194 βαστάσαι·
2945 1123 3148 1183 ἐκεῖνος
3171 1121 3314 1189 ὑμᾶς
3336 1121 3591 1188 βαπτίσει
3615 1122 3679 1169 ἐν
3711 1111 3878 1167 Πνεῦ-

2298 1234 2427 1285 ματι
2464 1217 2602 1285 ἁγίῳ
2631 1217 2723 1268 καὶ
2752 1213 2935 1283 πυρί.)
2967 1209 3134 1282 τΑρα,
3164 1212 3286 1263 είπέ
3318 1229 3426 1279 μοι,
3457 1211 3558 1278 τῆς
3587 1207 3879 1276 καθ’ἡμᾶς

2295 1308 2712 1378 ἀνθρωπότητος
2738 1305 2897 1376 ἔργον
2917 1302 3054 1358 εἷναί
3072 1319 3248 1373 φαμεν
3271 1303 3330 1354 τὸ
3350 1304 3407 1354 ἐν
3429 1301 3721 1370 Πνεύματι
3747 1298 3881 1366 ἀγίῳ

2297 1395 2578 1464 βαπτίζειν
2606 1397 2866 1451 δύνασθαι
2898 1397 2992 1449 καὶ
3021 1395 3152 1464 πυρί
3179 1411 3194 1460 ;
3234 1395 3343 1446 Καὶ
3371 1391 3488 1454 πῶς
3523 1391 3589 1444 ἂν
3614 1393 3705 1459 εἴη
3728 1389 3878 1442 τοῦτό

2295 1506 2392 1556 τες
2444 1492 2553 1543 Καὶ
2603 1492 2708 1562 μὴν
2758 1493 2926 1563 ἄνδρα
2970 1492 3145 1559 λέγων
3187 1490 3275 1542 τὸν
3319 1489 3444 1542 ὅσον
3483 1487 3709 1540 οὐδέπω
3744 1501 3880 1552 παρ·

2296 1581 2550 1651 εσὸμενὸν
2578 1598 2635 1632 τε
2660 1584 2752 1634 καὶ
2769 1583 3159 1653 ὀφθησόμενον,
3187 1583 3348 1635 αὑτὸν
3376 1581 3478 1650 ἔφη
3506 1575 3801 1649 βαπτίζειν
3828 1577 3880 1626 ἐν

2295 1672 2428 1741 πυρὶ
2461 1672 2553 1724 καὶ
2592 1672 2733 1738 ἀγίῳ
2765 1671 3060 1738 Πνεύματι,
3091 1672 3150 1723 οὐ
3199 1671 3258 1723 τὸ
3302 1670 3584 1740 ἀλλότριον
3632 1666 3755 1726 τοῖς
3790 1663 3880 1731 βα-

2298 1762 2637 1832 πτιζομένοις
2664 1760 2872 1813 ἐνιέντα
2898 1761 3121 1829 Πνεῦμα
3143 1760 3525 1829 ὼυλοπρεπῶς
3557 1762 3652 1810 καὶ
3687 1758 3882 1824 ὑπουρ-

614 1860 748 1914 erat,
780 1847 982 1917 Spiritu
1008 1856 1198 1902 sancto
1223 1858 1275 1901 et
1311 1847 1434 1916 igne
1466 1847 1866 1916 baptizaturum
1900 1850 2191 1916 prardicat'.

2300 1854 2488 1922 γικὼς,
2517 1852 2630 1905 ἀλλ’
2664 1852 2740 1914 ὠς
2764 1850 2896 1904 Θεὸν
2949 1851 3092 1902 κατά
3124 1851 3286 1918 φύσιν
3325 1852 3445 1920 μετ’
3493 1849 3752 1916 ἐξουσίας
3787 1845 3881 1913 τῆς

614 1941 807 2010 quippe
833 1953 953 1993 cum
1001 1939 1256 1992 immittat
1285 1937 1544 2006 Spiritum
1577 1937 1886 2005 baptizatis,
1924 1953 2028 1991 non
2063 1939 2195 1994 alie-

616 2047 766 2096 num,
798 2040 858 2084 ut
880 2044 1070 2084 servus
1103 2040 1154 2085 et
1193 2030 1456 2090 minister,
1494 2029 1586 2083 sed
1621 2041 1679 2082 ut
1707 2029 1851 2083 Deus
1888 2031 2191 2083 secundum

615 2136 856 2182 naturam
904 2135 1026 2174 cum
1065 2136 1274 2174 summa
1321 2129 1584 2190 potestate
1609 2131 1660 2174 et
1691 2121 2016 2175 auctoritate
2069 2137 2191 2176 eum

617 2218 706 2286 qui
771 2229 834 2268 ex
890 2211 981 2266 illo
1013 2222 1094 2266 est
1149 2223 1204 2266 et
1261 2213 1429 2281 ipsius
1466 2222 1550 2266 est
1579 2213 1850 2281 proprius.
1915 2212 2017 2266 Per
2051 2216 2194 2268 hunc

615 2321 828 2378 quoque
863 2304 1077 2358 divinus
1113 2304 1398 2358 character
1427 2303 1582 2357 nobis
1623 2303 1986 2370 imprimitur;
2025 2305 2193 2357 refor-

615 2409 826 2450 mamur
854 2391 998 2445 enim
1025 2391 1078 2444 in
1118 2389 1397 2444 Christum
1428 2388 1634 2456 Jesum,
1670 2390 1832 2443 veluti
1871 2393 1922 2442 in
1953 2391 2188 2444 divinam

615 2485 901 2555 quamdam
929 2481 1220 2551 imaginem
1254 2497 1268 2534 :
1306 2495 1412 2534 non
1437 2482 1579 2549 quod
1615 2495 1928 2548 corpoream
1959 2480 2193 2548 aliquam

616 2573 1108 2630 conformationem
1157 2573 1445 2626 subeamus
1487 2572 1672 2640 (istud
1716 2587 1950 2640 namque
1983 2573 2194 2642 opinari

614 2666 855 2735 desipere
881 2665 1093 2736 esset);
1123 2665 1214 2719 sed
1262 2665 1404 2733 quod
1436 2663 1672 2732 Spiritus
1701 2665 1872 2718 sancti
1902 2666 2194 2734 participes

614 2757 809 2820 effecti,
851 2758 1023 2825 ipsqu
1051 2757 1102 2809 in
1131 2756 1286 2809 nobis
1329 2754 1610 2809 Christum
1668 2755 1983 2820 habeamus,
2025 2756 2096 2808 ita
2137 2765 2197 2810 ut

2298 1945 2559 1998 ἀνωτάτω
2589 1945 2648 1997 τὸ
2680 1942 2738 2008 ἐξ
2780 1940 2947 1995 αὑτοῦ
2980 1959 3038 1994 τε
3077 1941 3171 1994 καὶ
3203 1941 3334 1993 ῑδιον
3361 1940 3522 1993 αὑτοῦ
3549 1958 3564 1972 ο
3595 1941 3666 1995 δι’
3700 1933 3763 1993 οὗ
3795 1937 3883 1990 καί

2299 2038 2327 2087 ὁ
2366 2037 2506 2098 θεῖος
2553 2037 2684 2106 ἡμῖν
2731 2033 3120 2104 ἐνσημαίνεται
3152 2034 3461 2105 χαρακτήρ.
3501 2032 3880 2102 Ἀναμορςοὺ-

2304 2127 2443 2194 μεθα
2473 2127 2602 2196 γὰρ,
2628 2127 2702 2189 ὠς
2727 2128 2807 2189 εἰς
2835 2125 3016 2178 είκόνα
3047 2125 3145 2196 τὴν
3175 2125 3343 2189 θείαν,
3379 2126 3458 2186 εἰς
3487 2125 3732 2193 Χριστὸν
3778 2125 3880 2192 Ἰη-

2303 2216 2450 2278 σοῦν,
2515 2219 2575 2270 οὐ
2629 2219 2940 2286 σωματικὸν
2988 2217 3348 2286 ὑπομένοντες
3386 2215 3476 2267 τὸν
3518 2215 3882 2284 ἀναπλασμὸν

2300 2307 2515 2377 (κομιδῇ
2532 2309 2639 2378 γὰρ
2658 2307 2850 2376 εὔηθες
2880 2307 3088 2360 οἴεσθαι
3112 2305 3417 2374 ταυτὶ),διά
3439 2305 3495 2358 δὲ
3522 2305 3621 2357 τοῦ
3653 2306 3882 2375 μεταλα-

2298 2401 2413 2466 χεῖν
2444 2398 2597 2464 ἁγίου
2625 2397 2958 2467 Πνεύματος,
2993 2398 3153 2450 αὑτὸν
3189 2398 3245 2448 ἐν
3278 2398 3491 2458 ἑαυτοῖς
3522 2395 3880 2459 πλουτοῦντες

2297 2488 2562 2557 Χριστόν·
2601 2488 2673 2551 ὡς
2703 2489 2799 2557 ήδη
2832 2489 3119 2559 χαίροντας
3145 2490 3320 2542 ἐκεῖνο
3354 2492 3551 2559 φωνεῖν
3574 2507 3586 2519 ·
3622 2509 3641 2541 ‹
3689 2490 3881 2558 Ἀγαλο

2298 2578 2504 2631 λιάσθω
2529 2581 2560 2649 ἡ
2587 2580 2730 2648 ψυχή
2784 2596 2886 2648 μου
2922 2581 3012 2632 ἐπὶ
3051 2579 3126 2649 τῷ
3155 2580 3343 2650 Κυρίῳ
3364 2597 3376 2610 ·
3420 2580 3640 2632 ἐνέδυσε
3672 2579 3786 2648 γὰρ
3818 2597 3880 2646 με

2302 2668 2517 2738 ἱμάτιον
2547 2668 2834 2738 σωτηρίου,
2865 2671 2957 2723 καὶ
3001 2670 3203 2740 χιτῶνα
3241 2672 3600 2742 εὐφροσύνης.
3625 2701 3698 2710 -
3728 2671 3880 2723 Ὅσοι

2300 2760 2408 2828 γὰρ
2433 2763 2510 2824 είς
2539 2761 2770 2833 Χριστὸν
2793 2760 3176 2831 ἐϐαπτίσθητε,
3213 2765 3447 2833 Χριστὸν
3472 2764 3822 2818 ἐνεδύσασθε.
3858 2781 3875 2812 ι

609 2851 718 2917 jam
767 2849 892 2903 illud
959 2850 1331 2917 propheticum
1373 2847 1696 2902 laetabundis
1747 2857 1970 2902 cantare
2013 2848 2173 2902 liceat
2214 2867 2228 2902 :
2275 2870 2292 2901 ι
2335 2853 2578 2908 Exsultet
2627 2855 2804 2907 anima
2839 2869 2954 2909 mea
3011 2856 3064 2906 in
3099 2857 3364 2909 Domino:
3399 2857 3573 2911 induit
3606 2859 3755 2912 enim
3801 2870 3880 2908 me

614 2941 812 2995 amictu
852 2939 1064 3004 salutis,
1091 2937 1338 3005 stolaque
1379 2935 1574 2991 laetitia:
1603 2938 1743 2990 ²⁸.-
1767 2937 2091 3005 Quicunque
2151 2939 2294 2992 enim
2346 2941 2400 2994 iu
2436 2943 2654 2998 Christo
2685 2944 2937 3011 baptizati
2967 2943 3118 3008 estis,
3151 2945 3429 3001 Christum
3471 2947 3729 3004 induistis
3756 2951 3822 3002 ”.
3859 2962 3876 2993 ι

681 3030 945 3087 XXXVII.
986 3033 1137 3098 Quod
1181 3032 1222 3086 si
1253 3031 1377 3101 quis
1404 3030 1633 3087 ulterius
1676 3033 2014 3101 interroget:
2053 3031 2190 3086 Num

2371 3034 2491 3089 AZ'.
2525 3036 2586 3088 El
2620 3036 2676 3088 δέ
2699 3037 2759 3106 δή
2789 3053 2872 3099 τις
2900 3036 3076 3107 ἔροιτο
3103 3037 3342 3108 προσιών
3367 3055 3380 3068 ·
3403 3033 3531 3110 Ἆρ’
3561 3036 3659 3093 οὖν
3688 3044 3772 3105 είς
3793 3045 3880 3096 ἄνα

614 3140 742 3196 ergo
767 3126 820 3179 in
844 3124 1114 3179 hominem
1159 3122 1419 3191 baptizati
1466 3124 1704 3177 smnus?
1750 3124 1814 3177 Et
1843 3125 1943 3177 hoc
1983 3125 2195 3178 inlicia-

2303 3124 2519 3196 θρωπον
2543 3127 2948 3197 βεϐαπτίσμεθα
2975 3146 2988 3192 ;
3015 3129 3124 3181 Καὶ
3148 3129 3306 3181 τοῦτο
3330 3124 3469 3183 εἶναι
3489 3132 3738 3200 φήσομεν
3760 3134 3885 3203 ἀλή·

614 3221 714 3276 bor
768 3217 1009 3270 minime.
1067 3213 1175 3286 35
1245 3215 1349 3269 Sed
1395 3214 1496 3268 hoc
1557 3232 1584 3267 a
1651 3217 1806 3270 nobis
1874 3231 2194 3283 responsum

616 3310 799 3365 audiet
862 3326 874 3361 :
933 3310 1080 3361 Heus
1150 3319 1238 3370 tu,
1303 3309 1549 3376 quisquis
1593 3322 1683 3372 es,
1752 3309 1880 3377 quid
1955 3309 2199 3364 moliris?

618 3405 760 3456 itane
815 3414 1031 3454 omnem
1096 3414 1245 3467 spem
1312 3399 1362 3451 in
1419 3409 1616 3452 terram
1667 3399 1953 3454 detrahis?
2012 3400 2196 3469 Bapti-

619 3493 726 3548 zati
768 3505 897 3547 Sane
949 3505 1137 3544 sumus
1179 3505 1280 3542 non
1337 3489 1388 3543 in
1429 3490 1694 3542 hominem
1735 3490 2071 3557 simpliciter,
2109 3506 2199 3544 ve-

621 3601 738 3640 rum
759 3586 810 3637 in
832 3583 1000 3636 Deum
1022 3583 1293 3635 hominem
1315 3581 1537 3646 factum,
1553 3583 1641 3649 qni
1663 3596 1868 3650 pcenas,
1889 3592 2199 3651 veteresque

618 3689 788 3731 noxas
821 3674 885 3726 iis
906 3673 997 3741 qui
1026 3672 1182 3724 fidem
1208 3672 1260 3724 in
1287 3671 1431 3724 illum
1480 3669 1951 3740 praestolabantur,
1976 3671 2058 3725 vel
2099 3688 2198 3740 po-

621 3769 726 3821 tius
765 3763 1024 3833 complexi
1072 3768 1221 3827 sunt,
1252 3761 1494 3815 remittit.
1556 3759 1704 3814 Unde
1742 3760 1959 3814 divinus
2002 3759 2199 3815 Petrus

618 3857 830 3911 Judaaos
859 3856 934 3909 ita
960 3854 1254 3923 alloquitur
1280 3871 1294 3906 :
1335 3871 1352 3904 ‹
1383 3851 1765 3905 Paenitentiam
1794 3853 1956 3922 agite,
1983 3863 2038 3907 et
2066 3852 2196 3922 bap-

622 3951 815 4003 tizetur
839 3945 1216 4013 unusquisque
1244 3953 1484 3997 vestrum
1520 3944 1572 3997 in
1603 3945 1824 3998 nomine
1845 3941 1973 3998 Jesu
1997 3943 2199 3998 Christi

621 4042 674 4093 in
706 4036 1074 4092 remissionem
1112 4044 1456 4103 peccatorum
1496 4043 1844 4099 vestrorum;
1880 4043 1935 4089 et
1967 4035 2200 4104 accipie-

622 4132 690 4184 tis
719 4131 916 4183 donum
958 4127 1192 4195 Spiritus
1221 4125 1391 4180 sancti
1415 4125 1480 4176 ⁸ο.
1529 4143 1548 4176 ι
1598 4124 1824 4180 Peccata
1861 4141 2094 4194 namque
2132 4126 2198 4181 iis

621 4221 711 4284 qui
747 4221 820 4274 illi
861 4219 1158 4282 adlnerent,
1213 4218 1546 4280 condonaus,
1588 4231 1684 4271 suo
1729 4233 1852 4271 mox
1910 4218 2062 4285 ungit
2105 4231 2199 4272 eos

619 4315 836 4385 spiritu,
877 4327 1038 4383 quem
1070 4309 1286 4381 quidem
1327 4321 1387 4362 ιιι
1417 4309 1508 4362 Dei
1558 4308 1734 4363 Patris
1790 4309 2027 4364 Verbum
2089 4311 2201 4378 ipse

620 4407 885 4468 immittit,
915 4415 968 4458 et
992 4419 1056 4458 ex
1083 4403 1295 4472 propria
1330 4411 1522 4454 natura
1563 4401 1615 4453 in
1651 4416 1749 4455 nos
1778 4403 1932 4469 quasi
1957 4418 2022 4455 ex
2052 4401 2200 4456 fonte

2301 3219 2449 3272 θειαν
2477 3231 2524 3284 ³,
2557 3221 2652 3274 καὶ
2681 3220 2818 3292 πρὸς
2846 3219 3001 3290 ἡμῶν
3021 3221 3409 3274 ἀντακοῦσεται
3433 3241 3446 3251 ο
3479 3224 3759 3294 Εὐφήμει,
3791 3227 3880 3279 ἀν-

2300 3311 2485 3381 θρωπε
2507 3327 2522 3342 °
2562 3313 2615 3365 τί
2662 3312 2816 3382 δρᾷς,
2846 3307 2890 3365 ὦ
2930 3304 3104 3376 οὗτος,
3139 3313 3522 3382 κατακομίζων
3561 3317 3577 3351 ι
3609 3317 3771 3385 ἡμῶν
3807 3319 3882 3380 είς

2299 3405 2401 3474 γῆν
2432 3404 2532 3474 τὴν
2563 3404 2787 3465 ἐλπίδας
2818 3403 3238 3474 Βεϐαπτίσμεθα
3284 3405 3390 3475 γάρ
3423 3407 3523 3458 οὐκ
3551 3409 3634 3470 είς
3675 3408 3883 3477 ἀνθρω-

2301 3513 2399 3546 πον
2421 3495 2623 3558 ἁπλῶς,
2645 3494 2760 3548 ἀλλ’
2781 3495 2858 3557 είς
2877 3494 3008 3547 Θεὸν
3033 3495 3514 3566 ἐνηνθρωπηκότα,
3542 3500 3640 3550 καὶ
3665 3501 3881 3553 ἀνιέντα

2279 3573 2491 3652 ’ποινῆς
2517 3590 2566 3646 α,
2606 3582 2703 3636 καὶ
2728 3581 2834 3634 τῶν
2861 3582 3105 3653 ἀρχαίων
3139 3585 3478 3653 αίτιαμὰτων
3519 3585 3648 3650 τοὺς
3676 3587 3775 3656 τὴν
3805 3589 3882 3649 εἰς

2299 3673 2461 3726 αὑτὸν
2492 3672 2673 3727 πίστιν
2702 3674 3121 3743 ἐκδεδεγμένους
3152 3685 3200 3739 τ,
3228 3674 3430 3746 μᾶλλον
3451 3675 3506 3729 δὲ
3537 3677 3881 3746 είσδεδεγμέ-

2300 3782 2448 3829 νους·
2477 3765 2570 3818 καὶ
2592 3765 2721 3833 γοῦν
2742 3765 2770 3817 ὁ
2797 3765 3081 3828 θεσπέσιος
3108 3767 3311 3836 Πέτρος
3344 3766 3620 3830 Ἰουδαίοις
3646 3768 3882 3838 προσλα-

2300 3858 2408 3911 λῶν
2425 3858 2527 3929 έφη
2545 3874 2560 3887 ⁸
2588 3877 2605 3909 t
2630 3858 3015 3928 Μετανοήσατε
3037 3854 3151 3923 οὖν,
3171 3860 3263 3910 καὶ
3287 3859 3641 3930 βαπτισθήτω
3656 3861 3882 3925 ἕκαστος

2302 3946 2456 4018 ὑμῶν
2505 3948 2600 3999 ἐπὶ
2656 3947 2733 4017 τῷ
2787 3946 3010 4016 ὀνόματι
3058 3945 3233 4017 Ἰησοῦ
3277 3946 3514 4017 Χριστοῦ
3560 3949 3641 4010 είς
3685 3949 3882 4017 ἄφεσιν

2302 4038 2584 4109 ἁμαρτιῶν
2619 4038 2800 4109 ὑμῶν·
2837 4039 2931 4091 καὶ
2953 4038 3187 4108 λήψεσθε
3221 4037 3318 4108 τὴν
3352 4037 3559 4109 δωρεὰν
3593 4038 3688 4091 τοῦ
3722 4040 3880 4106 ἁγίου

2301 4129 2638 4198 Πνεῦματος.
2685 4147 2704 4181 ι
2757 4127 3033 4180 Ἀπολύων
3084 4127 3190 4199 γὰρ
3245 4128 3522 4198 ἁμαρτίας
3584 4127 3678 4180 τὸν
3731 4129 3882 4197 αὐτῷ

2302 4218 2718 4292 προσκείμενον,
2757 4217 2836 4288 τῷ
2860 4217 2975 4289 ἰδίῳ
3010 4218 3194 4271 λοιπὸν
3231 4218 3516 4288 καταχρίει
3557 4218 3841 4288 Πνεῦματι
3864 4260 3878 4280 ,

2301 4312 2437 4381 ὅπερ
2471 4310 2646 4380 ἐνίησι
2695 4309 2793 4379 μὲν
2823 4308 3006 4374 αὐτὸς,
3034 4309 3108 4372 ὡς
3148 4310 3212 4361 ἐκ
3256 4308 3387 4361 Θεοῦ
3420 4309 3638 4378 Πατρὺς
3682 4311 3880 4376 Λόγος.

2302 4404 2397 4454 καὶ⁹
2446 4400 2507 4465 ἐξ
2555 4402 2692 4464 ἰδίας
2735 4402 2867 4471 ἡμῖν
2918 4399 3263 4472 ἁναπηγάζει
3304 4400 3536 4468 φύσεως.
3589 4401 3788 4452 Κοινὸν
3829 4403 3883 4454 δὲ

621 4497 851 4567 quodam
893 4495 1221 4548 transfundit
1262 4511 1274 4547 :
1315 4493 1613 4562 quinetiam
1653 4492 1911 4547 facultate
1942 4494 2040 4546 hac
2085 4507 2195 4560 pro-

2304 4489 2492 4558 ὥσπερ
2538 4488 2600 4541 τὸ
2647 4489 2838 4559 χρῆμα
2865 4487 3035 4550 τιθεὶς
3074 4489 3140 4557 τῇ
3176 4487 3311 4556 μετὰ
3348 4486 3548 4555 σαρκὸς
3597 4487 3884 4556 οἰκονομίᾳ⁸

624 4602 738 4658 pter
807 4587 1058 4640 unionem
1098 4595 1152 4638 et
1195 4585 1586 4640 incarnationis
1638 4584 2020 4649 oeconomiam,
2070 4598 2192 4637 cum

626 4681 840 4735 homine
864 4678 1279 4740 communicata,
1306 4678 1660 4745 corporaliter
1692 4690 1908 4745 quoque
1939 4685 2000 4727 ut
2037 4676 2196 4728 homo

627 4769 956 4839 inspirabat;
997 4765 1287 4821 insumavit
1341 4767 1486 4818 enim
1539 4765 1591 4818 iu
1640 4773 1856 4818 sanctos
1905 4763 2196 4833 apostolos,

627 4863 837 4915 dicens:
863 4879 880 4910 ι
902 4858 1142 4926 Accipite
1166 4856 1426 4924 Spiritum
1444 4863 1691 4908 sanctum
1711 4854 1775 4906 ³¹.
1804 4873 1821 4904 ι
1851 4853 1955 4908 Sed
1981 4871 1999 4904 ι
2027 4868 2201 4922 neque

623 4969 690 5006 ex
716 4966 968 5007 mensura
1011 4951 1103 5003 dat
1137 4949 1416 5017 Spiritum,
1450 4967 1468 4999 ι
1497 4946 1652 5014 juxta
1680 4945 1904 5000 Joannis
1926 4961 2108 4999 vocem
2130 4945 2199 5008 ³⁸,

627 5045 718 5097 sed
749 5059 812 5097 ex
851 5057 910 5096 se
968 5057 1071 5094 non
1123 5055 1282 5095 secus
1314 5055 1376 5093 ac
1417 5037 1579 5091 Pater
1634 5038 1883 5090 eumdem
1949 5034 2200 5090 infundit.

635 5137 782 5191 Unde
821 5150 1048 5204 magnus
1069 5134 1157 5187 ille
1177 5134 1379 5188 Paulus
1403 5142 1567 5187 totam
1594 5131 1734 5184 hanc
1763 5129 2198 5185 controversiam

629 5245 658 5281 e
690 5228 863 5280 medio
888 5227 1096 5289 tollens,
1139 5225 1298 5279 modo
1337 5224 1598 5293 Spiritum
1639 5223 1744 5276 Deo
1769 5233 1822 5277 et
1851 5222 2018 5286 Patri,
2045 5222 2202 5275 modo

633 5333 845 5371 rursum
891 5317 991 5385 ipsi
1029 5316 1161 5371 Filio
1198 5315 1408 5370 tribuit.
1461 5313 1551 5369 Sic
1590 5316 1731 5370 enim
1771 5314 1994 5369 scribit:
2031 5331 2050 5364 ι
2097 5311 2202 5367 Vos

2300 4581 2390 4635 διὰ.
2414 4581 2512 4651 τὴν
2559 4581 2772 4642 ἕνωσιν,
2813 4581 2907 4634 καὶ
2947 4580 3021 4642 ὡς
3055 4580 3340 4649 ἄνθρωπος
3393 4578 3604 4630 ἐνέπνει
3639 4595 3884 4647 σωματιο

2304 4673 2448 4736 κῶς·
2485 4671 2784 4742 ἐνεφύσησε
2814 4672 2921 4742 γὰρ
2950 4674 3062 4734 τοῖς
3093 4671 3268 4739 ἁγίοις
3293 4670 3630 4732 ἀποστόλοις,
3671 4671 3848 4723 εἰπών
3868 4688 3881 4703 ·

2312 4785 2329 4818 ι
2364 4765 2570 4820 Λάϐετε
2618 4764 2841 4834 Πνεῦμα
2871 4766 3046 4832 ᾰγιον.
3090 4782 3108 4814 ›
3139 4765 3248 4816 Καὶ
3282 4781 3299 4813 ι
3329 4763 3431 4815 οὐκ
3473 4765 3535 4816 ἐκ
3569 4762 3771 4832 μέτρου
3806 4763 3885 4815 δί-

2304 4858 2454 4922 δωσι,
2487 4875 2504 4908 ι
2557 4855 2696 4909 κατὰ
2725 4854 2824 4926 τὴν
2864 4856 3113 4909 Ἰωάννου
3139 4854 3342 4924 φωνὴν,
3374 4854 3434 4906 τὸ
3468 4853 3712 4922 Πνεῦμα,
3766 4855 3883 4908 ἀλλ’

2307 4949 2466 5011 αὐτὸς
2491 4949 2696 5018 ἐνίησιν
2725 4946 2784 5011 ἐξ
2810 4947 3026 5011 ἐαυτοῦ,
3064 4947 3315 5016 καθάπερ
3363 4945 3554 5013 ἀμέλει
3590 4945 3683 4996 καὶ⁵
3712 4946 3738 4996 ὁ
3771 4944 3882 4995 Πα-

2310 5042 2434 5109 τήρ.
2464 5041 2574 5093 Καὶ
2597 5039 2725 5106 γοῦν
2748 5041 2777 5091 ὁ
2821 5037 3106 5100 θεσπέσιος
3137 5036 3367 5099 Παῦλος,
3403 5036 3530 5104 ὅλην
3571 5035 3886 5106 ἀποστήσας

2309 5130 2408 5199 τὴν
2431 5129 2486 5182 έν
2517 5147 2580 5197 γε
2606 5129 2778 5199 τούτῳ
2806 5128 3091 5201 διαφορὰν,
3123 5127 3254 5180 ποτὲ
3291 5127 3388 5196 μὲν
3416 5125 3564 5195 αὐτῷ
3607 5139 3630 5165 ι
3663 5125 3738 5194 τῷ
3768 5126 3885 5195 Θεῷ

2311 5221 2406 5274 καὶ
2449 5222 2624 5291 Πατρὶ
2677 5220 2998 5289 προσνέμων
3033 5220 3247 5288 ὁρᾶται,
3275 5217 3402 5271 ποτὲ
3444 5218 3488 5270 δ’
3526 5212 3698 5286 αῦτῷ
3750 5217 3881 5286 Υξῷ.

2311 5311 2518 5382 Γράφει
2566 5310 2672 5382 γὰρ
2709 5306 2843 5366 ὦδε’
2883 5329 2901 5362 ι
2951 5311 3136 5380 Ὑμεῖς
3183 5309 3239 5362 δὲ
3283 5310 3384 5362 οὐκ
3431 5307 3552 5360 ἐστε
3606 5310 3664 5362 ἐν
3699 5312 3886 5387 σαρκὶ,

700 5469 745 5501 ³⁸
771 5467 964 5524 lJoan.
1001 5484 1054 5537 v,
1085 5470 1139 5536 9,
1173 5471 1259 5526 10.
1335 5470 1377 5501 ’⁷
1417 5469 1604 5524 Matth.
1636 5485 1718 5536 ιιι,
1758 5470 1844 5524 Η.
1889 5469 1932 5499 ’⁸
1964 5468 2104 5522 Psal.
2129 5483 2195 5520 xx

2300 5509 2313 5530 ,
2339 5467 2392 5522 9.
2435 5468 2479 5499 ”
2506 5466 2681 5521 Galat.
2711 5482 2793 5534 ιιι,
2815 5466 2905 5521 27.
2953 5465 2999 5497 ³ο
3035 5465 3159 5520 Act.
3195 5481 3250 5530 ιι,
3281 5462 3371 5520 28.
3415 5464 3458 5496 "
3485 5464 3639 5521 Joan.
3668 5479 3755 5528 xx,
3790 5465 3882 5519 ‘22.

1717 5625 1890 5681 Vari-.e
1921 5625 2176 5681 lectiones
2229 5625 2431 5680 codicis
2464 5624 2822 5695 Seguieriaui.

705 5771 731 5803 ⁸
768 5765 985 5837 ἀληθές.
1066 5770 1081 5804 ί
1116 5767 1517 5837 κατακομίζεις.
1598 5779 1618 5804 ι’
1655 5763 1868 5818 ποινῶν.

1066 5770 1081 5804 ¹
1116 5767 1517 5838 κατακομίζεις.

1952 5773 1976 5798 τ
2011 5761 2451 5832 ετσδεδεγμένους
2483 5761 2685 5832 absque
2717 5761 2841 5816 aliis
2875 5759 3076 5815 verbis.

3163 5771 3186 5798 ι
3214 5755 3363 5809 αὑτό.
