4056 6334
160 407 303 464 1189

1127 405 1214 461 DE
1255 403 1483 462 RECTA
1520 398 1678 457 FIDE
1716 397 1807 453 AD
1845 394 2292 453 TIIEOI)OSIUM
2333 395 2470 453 IMP.

3279 398 3415 455 “90

153 530 276 584 ἀλλ’
328 533 384 584 ὲν
418 529 730 601 Πνεύματι,
773 529 929 600 εἴπερ
977 527 1201 598 Πνεῦμα
1251 525 1387 579 Θεοῦ
1437 523 1636 578 ἐνοικεῖ
1680 523 1738 574 ὲν

1863 525 2020 571 utlcm
2063 518 2115 571 in
2157 531 2318 571 carne
2343 533 2446 571 non
2479 516 2631 582 estis,
2673 515 2765 572 sed
2797 518 2848 571 in
2883 518 3085 588 Spiritu
3116 534 3132 573 :
3163 519 3209 575 si
3238 529 3414 575 tamen

155 625 312 692 ὑμῖν.
350 621 418 674 El'
442 641 525 686 τις
553 624 610 676 δὲ
638 621 862 692 Πνεῦμα
890 618 1126 690 Χριστοῦ
1153 619 1253 672 οῦκ
1288 618 1420 688 ἔχει,
1455 608 1611 679 οὗτος
1642 615 1741 667 οὐκ

151 715 311 768 ἐστιν
346 713 508 766 αὑτοῦ
535 729 550 742 '
593 714 640 765 εί
689 713 745 766 δὲ
789 711 1023 782 Χριστὸς
1051 711 1108 762 ὲν
1155 710 1305 780 ὑμῖν,
1341 707 1402 760 τὸ
1433 707 1533 778 μὲν
1581 705 1741 776 σῶμα

154 804 361 874 νεκρὸν
388 805 478 858 διά
515 804 810 875 ἁμαρτίαν,
845 803 906 856 τὸ
942 802 998 854 δὲ
1029 800 1247 870 πνεῦμα
1281 798 1389 863 ζῶν
1430 799 1516 852 διὰ
1539 798 1744 852 δικαιο-

155 896 355 967 σύνην.
396 917 415 950 ι
466 898 701 968 ¹Ἃραρεν
731 893 846 960 οῦν,
878 898 957 950 ὅτι
989 896 1082 948 καὶ
1121 895 1251 948 ἴδιόν
1289 897 1403 946 ἐστι
1433 893 1491 945 τὸ
1521 888 1743 959 Πνεῦμα

152 988 258 1041 τοῦ
298 989 451 1051 Υίοῦ,
484 989 578 1041 καῖ⁵
600 987 714 1042 οὔτι
749 1006 848 1041 που
890 987 1048 1058 μόνον
1141 986 1310 1054 Λόγος
1338 985 1453 1037 ἐστὶ
1487 980 1742 1054 πεφηνὼς

155 1083 232 1135 ἐκ
264 1083 499 1153 Πατρδς,
543 1080 657 1137 ἀλλ’
685 1084 732 1136 εί
774 1084 867 1135 καὶ
903 1085 1073 1134 νοοῖτο
1111 1081 1233 1134 καθ’
1272 1082 1421 1151 ἡμᾶς
1458 1079 1742 1147 ἄνθρωπος

155 1173 428 1242 γεγονὼς,
457 1173 516 1226 ού
547 1175 655 1226 τῶν
683 1173 778 1244 τῆς
806 1172 1058 1242 θεότητος
1090 1174 1396 1243 ἰδιωμάτων
1429 1172 1504 1234 ὡς
1535 1175 1591 1223 ἐν
1639 1170 1743 1239 ἰδίᾳ

156 1266 330 1335 φύσει
363 1265 701 1336 λειπόμενος.
739 1264 846 1318 Καὶ
889 1266 1014 1334 γοῦν
1045 1266 1204 1328 αὐτὸς
1247 1265 1510 1334 ὑπάρχων
1533 1265 1566 1330 ή
1607 1262 1743 1314 πάν-

156 1374 274 1409 των
315 1356 450 1426 ζωὴ,
477 1353 566 1409 διὰ
613 1355 710 1426 τὴν
759 1357 824 1410 ὲκ
861 1355 956 1409 τοῦ
1004 1355 1204 1419 ζῶντος
1251 1356 1464 1424 Πατρὸς
1509 1354 1747 1422 ἄρρητον

157 1449 446 1518 γέννησιν,
475 1448 854 1513 ζωοποιεῖσθαι
885 1449 1102 1518 λέγεται
1138 1447 1259 1518 μεθ’
1304 1446 1478 1518 ἡμῶν.
1517 1445 1673 1513 Πάρα
1699 1443 1744 1493 δ’

159 1534 262 1592 οῦν
285 1540 434 1610 ὅμως
483 1539 609 1592 ἰδεῖν
638 1537 995 1610 χαριζόμενον
1032 1539 1128 1608 μὲν
1177 1540 1243 1608 τῇ
1291 1537 1394 1608 ἰδίᾳ
1439 1534 1604 1605 σαρκὶ
1651 1533 1748 1603 τῆς

163 1631 512 1704 Θεοπρεποῦς
539 1632 823 1701 ἂνεργείας
861 1630 958 1702 τὴν
997 1630 1174 1695 δόξαν,
1204 1628 1574 1698 οἰκειούμενον
1614 1625 1658 1678 δ’
1679 1619 1746 1677 αὖ

161 1726 270 1795 τὴν
301 1726 477 1796 σάρκα
507 1731 555 1785 r,
588 1725 682 1776 καὶ
712 1723 873 1775 οἱονεί
907 1740 1024 1786 πως
1065 1721 1188 1774 καθ’
1235 1721 1428 1774 ἕνωσιν
1474 1721 1750 1788 οἰκονομι-

165 1814 296 1886 κὴν,
333 1815 427 1867 καὶ
456 1815 523 1884 τῇ
558 1813 663 1883 ἰδίᾳ
697 1810 1041 1882 περιτιθέντα
1071 1809 1253 1880 φύσει.

240 2062 377 2115 AH'.
423 2062 492 2114 Ἦ
519 2061 638 2130 οῦχί
667 2061 730 2131 δὴ
772 2061 1003 2130 μάλιστα
1038 2060 1272 2129 πρέπειν
1300 2059 1416 2130 ἐρεῖ
1448 2077 1532 2121 τις
1571 2059 1649 2128 τῷ
1684 2074 1749 2126 γε

163 2152 281 2206 ὄντι
315 2153 457 2205 κατά
502 2152 663 2221 φύσιν
693 2153 756 2205 ὲκ
802 2151 936 2204 Θεοῦ
968 2154 1178 2224 Πατρὸς
1215 2153 1394 2222 Λόγῳ,
1432 2150 1510 2220 τῷ
1549 2150 1754 2202 ἄνωθεν

165 2246 328 2315 ἥκειν
356 2245 450 2296 καὶ
477 2243 535 2307 ἐξ
559 2241 788 2312 ούρανοῦ
813 2283 827 2307 ,
852 2243 913 2294 τὸ
955 2243 1239 2309 ζωογονεῖν
1279 2240 1538 2293 δύνασθαι
1568 2240 1637 2292 τὰ
1676 2234 1758 2301 οἷς

167 2339 238 2390 ἂν
269 2337 471 2389 ἐνιέναι
502 2335 746 2405 βούλοιτο
769 2337 869 2404 τὴν
893 2334 1070 2404 ζωήν;
1103 2335 1168 2386 Τί
1197 2333 1253 2386 δὲ
1286 2333 1344 2384 τὸ
1377 2333 1754 2401 δημιουργεῖν,

165 2429 294 2481 εἰπέ
331 2445 456 2499 μοις
492 2428 688 2490 Θεῖκῶς
721 2429 837 2499 δοίη
872 2445 955 2490 τις
978 2428 1045 2482 ἂν
1081 2422 1242 2490 εἶναι,
1279 2427 1310 2496 ἢ
1340 2426 1448 2477 τῶν
1481 2423 1754 2495 ἀνθρωπί-

167 2539 312 2586 νων;
341 2520 622 2590 Οὐδαμῶς.
655 2521 773 2583 Πῶς
806 2520 1016 2584 τοίνυν;
1061 2521 1235 2590 Ἡμεῖς
1267 2519 1518 2582 ζωοποιεῖ
1557 2518 1654 2586 μὲν
1684 2515 1758 2578 ὡς

167 2613 306 2674 (θεός
329 2629 342 2642 ·
378 2613 518 2683 πλὴν
560 2613 621 2664 ού
660 2612 806 2682 μόνῳ
840 2613 916 2682 τῷ
955 2613 1279 2682 μεταλαχεῖν
1314 2611 1467 2679 ἁγίου
1506 2609 1761 2678 Πνεῦμα-

166 2719 294 2768 τος,
345 2703 460 2755 ἀλλ’
505 2703 727 2771 ὲδεστὴν
761 2704 1032 2772 παραθεὶς
1080 2704 1173 2755 καὶ
1213 2704 1309 2772 τὴν
1357 2703 1761 2773 ἀναληφθεῖσαν

172 2796 358 2847 σάοκα
381 2793 471 2846 τοῦ
491 2793 618 2845 Υίοῦ
641 2791 736 2845 τοῦ
759 2791 1068 2864 ἀνθρώπου.
1096 2794 1240 2861 Ἔφη
1271 2792 1397 2864 γὰρ,
1413 2794 1494 2845 ὅτι
1525 2813 1541 2843 ι
1568 2795 1757 2863 Ἀμὴν,

169 2881 325 2952 ἀμὴν
377 2882 519 2949 λέγω
558 2882 710 2951 ὑμῖν,
764 2883 858 2934 ἐὰν
915 2883 989 2951 μὴ
1031 2881 1240 2950 φάγητε
1286 2883 1384 2951 τὴν
1433 2882 1611 2952 σάρκα
1665 2881 1759 2934 τοῦ

171 2976 310 3026 Υἰοῦ
341 2973 435 3026 τοῦ
481 2972 792 3044 ἀνθρώπου,
837 2974 932 3026 καὶ
967 2974 1128 3043 πίητε
1162 2973 1222 3024 τὸ
1256 2970 1426 3042 αἷμα,
1471 2974 1568 3025 οὐκ
1611 2974 1760 3042 ἔχετε

172 3066 326 3137 ζωὴν
357 3069 415 3117 ὲν
445 3067 672 3128 ἑαυτοῖς.
707 3085 724 3115 ι
759 3063 1330 3136 Κατακερτομούντων
1359 3065 1415 3117 δὲ
1455 3066 1616 3117 αὑτὸν
1653 3067 1763 3118 τῶν

185 3156 463 3208 Ἰουδαίων
508 3155 635 3206 ποτὲ
658 3196 670 3216 ,

175 3251 472 3313 ἀνάπτειν,
514 3249 612 3301 οῦκ
651 3245 749 3298 οἷδ’
778 3249 957 3309 ὅπως,
1002 3247 1498 3316 ἐπικεχειρηκότων
1545 3249 1623 3316 τῷ
1660 3267 1764 3317 μα-

175 3340 359 3410 καρίῳ
387 3341 595 3403 Μωσεῖ,
624 3337 922 3407 εἰρηκότων
944 3337 1000 3389 δὲ
1025 3339 1328 3406 ἀναφανδόν
1349 3356 1361 3368 ·
1391 3358 1408 3389 ι
1443 3341 1504 3391 Οἱ
1532 3342 1765 3410 πατέρες

177 3435 341 3504 ἡμῶν
384 3433 584 3502 ἔφαγον
623 3433 685 3485 τὸ
727 3431 902 3502 μάννα
947 3432 1002 3483 ἐν
1050 3435 1114 3501 τῇ
1159 3431 1379 3502 ὲρήμῳ,
1427 3431 1607 3494 καθώς
1650 3433 1768 3484 ἐστι

176 3525 592 3596 γεγραμμένον·
617 3525 832 3593 Ἀρτον
845 3523 912 3576 ἐκ
931 3523 1034 3577 τοῦ
1050 3523 1310 3592 οὐρανοῦ
1328 3524 1549 3577 ἔδωκεν
1563 3523 1768 3589 αὐτοῖς

179 3617 404 3688 φαγεῖν
425 3635 438 3648 ο
469 3619 521 3670 τί
554 3621 722 3681 ποιεῖς
751 3619 816 3670 σὺ
839 3620 1085 3687 σημεῖον,
1114 3617 1201 3670 ἵνα
1223 3615 1565 3686 πιστεύωμεν
1598 3633 1712 3681 σοι;
1744 3634 1760 3666 ι

180 3712 238 3765 τί
279 3711 518 3782 ἐργάζῃ,
561 3711 636 3774 ὼς
676 3708 880 3764 ἄνωθεν
919 3711 1050 3779 ἡμῖν
1097 3709 1191 3763 καὶ
1232 3708 1291 3773 ἐξ
1327 3708 1558 3780 ούρανοῦ
1597 3725 1768 3762 κατα-

182 3804 420 3872 κομίσας
449 3805 508 3855 τδ
538 3803 732 3871 σῶμας
765 3803 928 3872 φησίν
947 3819 962 3831 ·
995 3821 1013 3854 ι
1056 3802 1245 3871 Ἀμὴν,
1276 3803 1424 3873 ἀμὴν
1450 3802 1590 3870 λέγω
1618 3803 1766 3872 ὑμῖν,

183 3897 250 3949 οῦ
281 3894 522 3959 Μωῡσῆς
560 3894 793 3946 δέδωκεν
826 3895 956 3962 ὑμῖν
985 3895 1076 3946 τὸν
1105 3895 1268 3963 ἄρτον
1297 3896 1362 3946 ἐκ
1388 3893 1482 3946 τοῦ
1512 3893 1767 3964 ούρανοῦ,

184 3990 302 4044 ἀλλ’
333 3991 362 4041 ὁ
393 3989 581 4056 Πατήρ
614 4001 716 4055 μου
749 3985 962 4038 δίδωσιν
993 3986 1122 4053 ὑμῖν
1145 3985 1236 4037 τὸν
1265 3986 1431 4054 ἄρτον
1466 3987 1529 4036 ὲκ
1557 3985 1652 4038 τοῦ
1682 3989 1771 4038 οῦ-

189 4081 358 4156 ρανοῦ
403 4081 492 4132 τὸν
524 4078 795 4145 ἀληθινόν.
829 4078 888 4128 Ὀ
919 4079 1026 4146 γὰρ
1061 4076 1225 4146 άρτος
1255 4076 1346 4128 τοῦ
1382 4076 1519 4128 Θεοῦ
1566 4079 1712 4130 ἐστιν
1744 4080 1772 4131 ὁ

187 4170 540 4227 καταόαίνων
580 4172 643 4222 ἐκ
691 4168 783 4220 τοῦ
837 4166 1088 4236 οὐρανοῦ,
1135 4167 1227 4219 καὶ
1279 4166 1423 4237 ζωὴν
1471 4167 1644 4230 διδοὺς
1693 4167 1770 4238 τῷ

187 4267 402 4335 κόσμῳ.
433 4283 450 4315 ι
487 4263 598 4316 Καὶ
637 4262 773 4332 πρός
807 4276 869 4328 γε
914 4260 1121 4322 τούτοις
1153 4259 1316 4312 πάλιν
1361 4260 1643 4330 μονονουχὶ
1678 4260 1771 4312 καὶ

187 4357 440 4426 δακτύλῳ
469 4366 490 4393 ι
523 4355 877 4417 καταδεικνὺς
917 4353 1108 4405 ἑαυτὸν
1138 4353 1449 4422 ὲνσώματον
1476 4364 1500 4390 α
1519 4369 1531 4381 ·
1569 4369 1586 4401 ι
1632 4350 1772 4418 Ἐγώ

189 4450 307 4518 εἰμι
335 4450 362 4500 ὁ
387 4447 549 4517 ἄρτος
574 4448 602 4498 ὁ
637 4447 764 4508 ζῶν.
795 4446 822 4496 ὁ
853 4446 915 4496 ὲκ
959 4444 1053 4498 τοῦ
1082 4444 1311 4515 οὐρανοῦ
1344 4443 1604 4507 καταϐάς.
1647 4443 1771 4496 Ἐάν

718 3157 812 3208 καὶ
858 3156 957 3225 τὴν
1003 3157 1096 3206 ἐπὶ
1140 3157 1254 3217 τοῖς
1289 3156 1538 3224 ἀμείνοσι
1585 3156 1763 3226 ψῆφον
1791 3193 1832 3226 ,η

1845 606 2082 676 Spiritus
2123 606 2215 662 Dei
2258 607 2464 662 habitat
2508 608 2562 660 in
2603 607 2775 674 vobis,
2817 607 2873 663 Si
2910 609 3032 679 quis
3078 618 3256 664 autem
3298 610 3417 679 Spi-

1845 699 2006 752 ritum
2048 697 2249 753 Christi
2291 714 2396 752 non
2426 697 2602 762 habet,
2647 697 2736 753 hic
2775 713 2882 753 non
2921 710 3005 754 est
3044 688 3179 768 eius.
3222 699 3278 754 Si
3325 716 3418 756 au-

1845 797 1953 844 tem
1981 788 2228 844 Christus
2259 788 2311 844 in
2345 789 2500 842 vobis
2533 797 2637 853 est,
2666 803 2866 858 corpus
2901 790 3114 858 quidem
3147 799 3416 846 mortuum

1843 889 1930 935 est
1966 889 2183 950 propter
2221 891 2522 949 peccatum,
2561 879 2784 948 spiritus
2821 891 3003 935 autem
3037 882 3169 934 vivit
3198 892 3420 950 propter

1840 970 2285 1041 justiﬁeationem
2315 971 2381 1025 ³³.
2431 989 2450 1022 ι
2495 970 2649 1024 Patet
2688 986 2816 1041 ergo
2845 971 3112 1040 Spiritum
3141 971 3261 1026 Filii
3289 986 3422 1040 quo-

1846 1079 1953 1134 que
2004 1064 2277 1132 proprium
2319 1076 2474 1126 esse,
2513 1077 2610 1117 nec
2646 1063 2820 1116 solum
2862 1071 3132 1131 quatenus
3186 1061 3420 1116 Verbum

1846 1167 1932 1212 est
1962 1173 2028 1212 ex
2056 1156 2214 1211 Patre
2248 1157 2522 1225 prodiens,
2548 1157 2640 1211 sed
2671 1157 2832 1209 etiam
2859 1155 2905 1209 si
2939 1157 3204 1225 cogitetur
3231 1170 3424 1210 secun-

1847 1250 1973 1304 dutn
2033 1263 2130 1303 nos
2170 1249 2330 1303 homo
2384 1249 2581 1312 factus,
2627 1247 2920 1301 divinitatis
2980 1247 3420 1315 proprietatibus,

1847 1357 1969 1412 qua:
2008 1359 2058 1395 tn
2103 1343 2372 1410 propriam
2428 1342 2571 1396 illius
2615 1350 2860 1393 naturam
2915 1340 3260 1406 conveniunt,
3317 1353 3422 1393 non

1849 1434 2160 1488 destitutus.
2201 1432 2334 1485 Nam
2376 1431 2500 1487 licet
2537 1441 2594 1484 ut
2631 1433 2791 1484 homo
2831 1429 3059 1498 proinde
3098 1445 3162 1484 ac
3201 1445 3297 1483 nos
3343 1430 3425 1482 vi-

1850 1524 2056 1577 vificari
2096 1524 2364 1576 interdum
2395 1522 2643 1583 dicatur;
2685 1530 2922 1573 attamen
2957 1530 3178 1589 propter
3199 1519 3426 1588 inexpli-

1851 1616 2077 1670 cahilem
2113 1614 2253 1667 illam
2294 1627 2359 1666 ex
2400 1613 2614 1666 vivente
2646 1609 2809 1665 Patre
2847 1611 3274 1680 generationem,
3312 1625 3427 1664 om-

1854 1708 2002 1761 nium
2039 1707 2145 1759 vita
2185 1705 2423 1760 exsistit.
2487 1701 2679 1755 Videre
2721 1711 2804 1755 est
2849 1709 3026 1754 autem
3063 1700 3151 1754 ubi
3197 1699 3426 1755 Verbum

1856 1799 2049 1853 divina:
2096 1795 2330 1850 actionis
2377 1793 2604 1864 gloriam
2655 1791 2886 1860 propria:
2921 1789 3069 1843 carni
3113 1789 3372 1860 largiatur
3411 1805 3427 1844 :

1857 1899 2042 1944 contra
2069 1902 2284 1941 rursum
2321 1886 2409 1938 ubi
2435 1899 2556 1952 quae
2582 1882 2762 1938 carnis
2790 1890 2936 1950 sunt,
2957 1881 3008 1932 ιιι
3037 1895 3095 1934 se
3119 1879 3426 1943 transferat,

1857 1993 1920 2030 ac
1971 1988 2187 2046 propter
2235 1971 2654 2043 dispensationis
2714 1973 2964 2024 unionem
3017 1971 3248 2038 propriae
3295 1984 3430 2039 quo-

1857 2068 2144 2120 dammodo
2185 2073 2391 2118 natura:
2416 2063 2642 2116 tribuat.

1929 2156 2210 2210 XXXVIII.
2274 2156 2469 2208 Annon
2521 2154 2572 2206 in
2630 2151 2888 2218 Verbum,
2952 2153 3093 2222 quod
3138 2150 3435 2207 secundum

1860 2260 2106 2301 naturam
2155 2261 2185 2299 a
2252 2245 2362 2299 Deo
2394 2242 2557 2298 Patre
2611 2244 3142 2313 procedit,ntaxitne
3183 2243 3434 2298 convenit

1860 2354 2092 2408 superne
2122 2354 2185 2392 ac
2215 2338 2281 2391 de
2315 2337 2452 2392 cmlo
2483 2335 2692 2399 venire,
2727 2334 2833 2404 35
2865 2350 3037 2404 eaque
3094 2337 3290 2406 quibus
3349 2335 3431 2388 vi—

1863 2441 1971 2483 tam
2001 2428 2262 2497 impartiri
2295 2429 2550 2493 voluerit,
2589 2442 2747 2496 posse
2777 2429 3088 2482 viviﬁcare?
3117 2429 3230 2495 Dic,
3255 2440 3434 2497 quaaso

1865 2537 1937 2592 te,
1969 2525 2206 2593 nunquid
2269 2526 2452 2579 divino
2519 2525 2678 2578 modo
2714 2526 2947 2578 condere
3009 2541 3072 2582 ac
3132 2539 3431 2595 procreare.

1864 2618 2110 2671 humanae
2141 2626 2346 2670 natura:
2379 2616 2715 2684 largiendum
2747 2616 2870 2668 est?
2902 2614 3126 2669 Minime
3170 2616 3432 2686 gentium.

1863 2705 2046 2774 Ecquo
2079 2720 2208 2774 ergo
2255 2706 2414 2758 modo
2465 2719 2561 2757 nos
2606 2703 2873 2758 vivitica‘l?
2911 2715 2966 2758 ιιι
3012 2704 3193 2759 Deus:
3226 2720 3437 2758 verum-

1865 2809 2041 2852 tan'en
2105 2814 2207 2850 non
2261 2813 2355 2866 per
2390 2798 2489 2850 hoc
2523 2796 2691 2849 solum
2730 2798 2779 2850 id
2837 2797 2985 2861 facit,
3018 2799 3160 2866 quod
3193 2808 3434 2853 sanctum

1864 2890 2018 2943 nobis
2063 2890 2324 2957 Spiritum
2387 2890 2715 2956 impartitur.
2749 2890 2840 2941 sed
2895 2905 2988 2958 per
3039 2892 3140 2945 hoc
3195 2904 3434 2958 quoque,

1864 2982 2004 3050 quod
2058 2978 2176 3032 Filii
2244 2980 2478 3032 hominis
2510 2994 2751 3044 carnem,
2784 2995 2942 3047 quant
2977 2984 3300 3049 assumpsit.
3349 2994 3439 3034 ve-

1869 3072 2125 3126 scendum
2177 3070 2447 3138 pr0ponit.
2485 3069 2570 3121 Ait
2603 3071 2744 3122 enim
2777 3086 2789 3121 :
2830 3088 2847 3120 ι
2888 3070 3084 3132 Amen,
3111 3084 3267 3123 amen
3319 3070 3438 3122 dico

1869 3163 2042 3225 vobis,
2075 3162 2172 3215 nisi
2228 3163 2684 3214 manducaveritis
2741 3177 2956 3216 carnem
3011 3161 3130 3215 Filii
3184 3163 3436 3222 hominis,

1866 3263 1920 3306 et
1950 3253 2193 3306 hiberitis
2235 3253 2350 3316 ejns
2395 3253 2734 3320 sanguinem,
2785 3267 2889 3306 non
2943 3253 3212 3308 habebitis
3275 3253 3436 3305 vitant

1867 3343 1918 3394 itt
1947 3342 2183 3395 vobis”.
2221 3361 2237 3392 ι
2278 3343 2511 3394 Ilut'sunt
2545 3357 2668 3393 cunt
2703 3341 2874 3395 Judaei
2922 3344 3095 3411 ipsum
3144 3342 3438 3412 aliquando

1865 3435 2198 3496 deriderent,
2258 3434 2628 3503 conviciisque
2702 3443 3038 3503 appeterent,
3090 3451 3154 3490 ac
3227 3436 3438 3488 beatum

1866 3526 2084 3597 Moysen
2127 3527 2200 3579 illi
2233 3526 2415 3580 nescio
2456 3541 2562 3594 quo
2609 3528 2767 3580 ntodo
2811 3537 3222 3596 anteponentes,
3258 3535 3441 3595 aperte

1868 3620 2146 3674 dicerent;
2187 3638 2203 3670 ι
2248 3617 2435 3672 Patres
2491 3619 2658 3672 nostri
2713 3622 3178 3672 manducaverunt
3244 3631 3439 3670 manna

1868 3708 1922 3762 in
1953 3710 2187 3771 deserto,
2231 3709 2368 3762 sicut
2411 3708 2672 3777 scriptum
2707 3718 2788 3762 est
2817 3726 2830 3762 :
2867 3708 3064 3761 Panem
3093 3709 3156 3763 de
3197 3707 3319 3762 caelo
3346 3707 3439 3759 de-

1868 3801 1943 3853 dit
1978 3802 2049 3855 eis
2087 3802 2450 3863 manducare;
2486 3800 2627 3868 quod
2669 3815 2796 3870 ergo
2836 3809 2889 3852 tu
2931 3800 3142 3868 signum
3189 3801 3340 3862 facis,
3385 3806 3442 3848 ιιι

1870 3894 2157 3948 credamus
2181 3893 2274 3946 tibi
2301 3892 2391 3945 "?
2421 3892 2558 3958 Quid
2593 3893 2858 3961 Operaris,
2892 3901 2950 3944 ttt
2975 3907 3171 3961 corpus
3211 3903 3440 3960 superne

1871 3985 1938 4038 de
1967 3985 2110 4039 coelo
2159 3985 2312 4038 nobis
2367 3984 2614 4039 attulisse
2669 3984 2954 4039 credaris?
2981 3982 3282 4055 Respondit
3309 3981 3395 4035 ille
3426 3997 3438 4032 :

1878 4095 1896 4127 ι
1925 4076 2123 4139 Amen,
2164 4089 2323 4126 amen
2349 4075 2474 4127 dico
2513 4076 2688 4137 vobis,
2729 4089 2832 4126 non
2877 4073 3088 4144 Moyses
3128 4074 3270 4128 dedit
3297 4069 3444 4124 vobis

1872 4183 2065 4238 panem
2097 4166 2164 4219 de
2208 4166 2368 4230 (celo,
2403 4166 2494 4218 sed
2544 4163 2706 4217 Pater
2756 4179 2910 4219 meus
2951 4165 3042 4219 dat
3077 4165 3226 4220 vobis
3253 4175 3440 4231 panem

1873 4263 1940 4312 de
1973 4258 2110 4312 coalo
2163 4272 2348 4310 verum
2379 4273 2392 4309 :
2429 4256 2584 4324 panis
2639 4255 2782 4310 enim
2833 4253 2928 4309 Dei
2953 4264 3056 4321 est,
3089 4256 3182 4326 qui
3210 4256 3274 4309 de
3306 4251 3443 4306 coelo

1874 4352 2170 4415 descendit,
2199 4359 2253 4404 et
2301 4352 2393 4404 dat
2435 4350 2601 4403 vitam
2639 4348 2838 4404 mundo
2868 4348 2936 4403 ³⁸.
2978 4367 2996 4401 ι
3038 4349 3279 4417 Denique
3326 4354 3443 4397 tan-

1877 4451 1987 4496 tunt
2045 4457 2150 4496 non
2203 4442 2371 4511 digito
2431 4442 2671 4509 seipsuin
2719 4441 2770 4494 in
2818 4455 3045 4511 corpore
3099 4439 3442 4493 constitutum

186 4557 277 4602 τις
303 4539 451 4608 φάγῃ
480 4541 544 4590 ὲκ
573 4537 665 4589 τοῦ
705 4537 867 4606 ἄρτου
905 4536 1115 4600 τούτου,
1144 4536 1298 4606 ζήσει
1329 4538 1409 4599 είς
1446 4537 1537 4589 τὸν
1563 4536 1760 4590 αίῶνα⁴

1879 4536 2276 4596 demonstrans,
2314 4533 2386 4585 ita
2427 4533 2545 4585 ait:
2586 4550 2604 4583 ι
2643 4532 2752 4598 Ego
2797 4546 2914 4584 sum
2960 4529 3115 4598 panis
3155 4529 3327 4588 vivus,
3352 4523 3444 4590 qui

189 4633 290 4686 καὶ
327 4633 355 4683 ὁ
389 4631 550 4699 ἄρτος
584 4628 640 4681 δὲ
670 4629 727 4679 ὃν
765 4627 874 4694 ἐγὼ
902 4627 1075 4690 δώσω,
1115 4631 1146 4696 ἠ
1193 4628 1330 4697 σάρξ
1364 4647 1464 4698 μου
1495 4630 1666 4695 ἐστὶν,
1705 4629 1770 4700 ἢν

190 4723 307 4792 ἐγὼ
344 4721 498 4775 δώσω
538 4719 676 4786 ὑπὲρ
724 4719 819 4788 τῆς
865 4718 956 4770 τοῦ
1000 4718 1202 4786 κόσμου
1245 4716 1410 4788 ζωῆς.
1447 4721 1505 4772 Ὀ
1543 4720 1772 4791 τρώγων

195 4831 299 4885 μου
329 4814 429 4883 τὴν
461 4811 657 4882 σάρκα,
689 4811 779 4862 καὶ
809 4807 976 4859 πίνων
1012 4824 1112 4876 μου
1144 4806 1205 4858 τὸ
1240 4801 1399 4877 αἷμα,
1435 4812 1491 4861 ἐν
1521 4811 1644 4881 ἐμοὶ
1678 4810 1773 4879 μέ-

192 4921 295 4968 νει,
329 4902 482 4972 κάγὼ
511 4904 568 4954 ὲν
602 4899 770 4970 αὐτῷ,
815 4897 1010 4959 Καθὼς
1043 4897 1326 4949 ἀπέστειλέ
1364 4917 1430 4967 με
1457 4900 1484 4949 ὁ
1520 4902 1628 4964 ζῶν
1664 4903 1774 4953 Πα-

194 4995 321 5064 τὴρ,
366 4995 522 5061 κάγὼ
560 4995 636 5057 ζῶ
679 4994 766 5048 διὰ
809 4992 898 5046 τὸν
933 4990 1180 5060 Πατέρα·
1212 4989 1305 5041 καὶ
1342 4991 1370 5041 ὁ
1397 4978 1624 5060 τρώγων
1673 5011 1770 5062 με,

194 5084 451 5144 κάκεῖνος
477 5080 632 5151 ζήσει
666 5083 733 5134 δι’
757 5083 878 5152 ἐμέ.
912 5103 928 5133 ι
965 5080 1155 5133 Καίτοι
1188 5077 1304 5140 πῶς
1344 5079 1440 5129 οὐκ
1480 5080 1676 5147 ἀληθὲς
1708 5083 1782 5133 εἰ-

198 5175 346 5234 πεῖν,
373 5171 447 5234 ὡς
476 5175 915 5244 καταπεφοίτηκε
950 5176 1046 5244 μὲν
1075 5173 1174 5226 οῦκ
1204 5169 1264 5235 ὲξ
1286 5170 1583 5240 οὑρανῶνὴ
1620 5173 1777 5243 σάρξ,

197 5265 314 5320 ἀλλ’
355 5259 421 5333 ἦν
465 5263 529 5314 ὲκ
561 5263 861 5333 Παρθένον,
894 5265 1034 5318 κατὰ
1065 5265 1163 5327 τὰς
1202 5261 1457 5334 Γραφάς;
1497 5261 1622 5315 Ὀτι
1665 5262 1780 5316 ἔστι

274 5444 319 5476 ³¹
348 5441 503 5496 Joan.
540 5457 622 5508 ut,
677 5443 728 5498 5.

203 5513 292 5578 5‘2,
320 5515 412 5581 57,
437 5513 528 5568 58.

809 5445 852 5476 ³³
877 5446 1034 5501 Itoni.
1069 5463 1188 5512 vm,
1238 5447 1291 5511 9,
1329 5443 1417 5499 I0.

1513 5443 1558 5474 ³³
1595 5441 1755 5497 Joau.
1807 5461 1881 5508 vt,
1915 5442 2006 5497 54.

1880 4628 1945 4680 de
2003 4625 2141 4679 crelo
2189 4625 2462 4680 descendi.
2489 4623 2544 4676 Si
2590 4625 2711 4691 quis
2757 4621 3170 4675 manducaverit
3219 4632 3282 4671 ex
3342 4614 3443 4668 hoc

1881 4731 2037 4786 pane,
2071 4717 2212 4771 vivet
2245 4717 2294 4768 iu
2326 4727 2585 4768 aeternum
2623 4729 2636 4764 :
2669 4720 2722 4767 et
2750 4713 2904 4782 panis
2934 4726 3094 4780 quem
3137 4722 3236 4777 ego
3284 4705 3441 4768 dabo,

1882 4823 2009 4862 caro
2029 4824 2142 4862 mea
2175 4818 2258 4861 est
2290 4822 2386 4876 pro
2427 4805 2607 4859 tnundi
2635 4805 2764 4855 vita.
2802 4802 2900 4868 Qui
2935 4802 3219 4855 manducat
3273 4809 3444 4847 meam

1883 4909 2198 4964 carnem,et
2236 4897 2367 4951 bibit
2412 4908 2586 4948 meum
2619 4893 2958 4959 sanguinem,
3001 4890 3050 4940 in
3103 4901 3186 4939 me
3245 4893 3445 4947 manet,

1883 4999 1935 5045 et
1963 5005 2062 5060 ego
2091 4992 2142 5043 in
2190 4988 2300 5042 illo.
2348 4984 2498 5038 Sicut
2532 4997 2616 5036 nte
2648 4980 2795 5033 misit
2826 4979 3008 5031 vivens
3049 4976 3231 5040 Pater,
3264 4984 3318 5030 et
3349 4990 3448 5044 ego

1881 5082 2002 5133 vivo
2033 5088 2251 5148 propter
2289 5074 2505 5128 Patrem
2535 5090 2548 5125 :
2583 5080 2636 5126 et
2667 5071 2760 5140 qui
2788 5069 3081 5123 manducat
3111 5085 3218 5131 nte.
3249 5078 3304 5123 et
3332 5068 3447 5134 ipse

1881 5172 2025 5225 vivet
2067 5178 2285 5237 propter
2327 5182 2412 5218 me
2439 5164 2505 5216 ⁸⁷.
2559 5181 2576 5212 ι
2621 5161 2783 5229 Atqui
2839 5160 2968 5215 nulli
3031 5160 3320 5215 obscurum
3368 5167 3454 5210 est

1881 5276 2097 5317 carnem
2126 5258 2248 5312 Filii
2276 5257 2509 5311 hominis
2537 5269 2640 5308 non
2691 5253 3034 5309 descendisse
3059 5251 3126 5305 de
3167 5249 3338 5310 cat-lis,
3355 5248 3450 5301 sed

2085 5439 2129 5470 ³⁵
2157 5438 2287 5493 ibid.
2311 5437 2399 5504 50,
2424 5437 2514 5492 51.
2593 5435 2639 5467 ³⁸
2663 5434 2792 5491 ibid.
2822 5434 2912 5501 ⁸52,
2944 5433 3030 5487 33.
3108 5431 3150 5464 ³⁷
3190 5428 3324 5485 ibid.
3357 5428 3450 5491 51,

1306 5655 1480 5709 Variae
1514 5653 1771 5707 lectiones
1805 5649 2019 5702 codices
2056 5644 2421 5711 Segnieriani.

275 5793 304 5836 1
328 5786 395 5839 τά
424 5784 643 5857 σαρκός.

725 5794 746 5821 ι
782 5783 1062 5847 δακτύλοις
1096 5785 1517 5855 κατασημαίνων
1549 5781 1711 5833 αὑτὸν
1742 5776 2070 5844 ὲνσώματον.

2151 5783 2168 5805 ·
2204 5777 2258 5824 ὲν
2289 5773 2548 5842 σώματι..
