4056 6334
615 391 753 448 H87

1644 385 1700 436 S.
1743 381 2017 438 CYRILLI
2057 374 2523 434 ALEXANDRINI
2562 371 2880 429 ARCIIIEP.

3737 366 3874 419 H88

612 519 729 559 cem
761 501 888 560 fecit
909 517 1057 569 cum,
1084 502 1210 572 quia
1243 517 1345 557 non
1379 499 1549 553 credit
1579 498 1630 549 in
1658 498 2022 551 testimonium
2044 499 2187 566 quod

2290 495 2384 548 τοῦ
2415 494 2599 548 δούλου
2638 493 2840 560 μορφῇ,
2867 491 3168 558 μοναδικῶς
3198 489 3291 542 καὶ
3337 486 3517 546 ἰδικῶς
3554 485 3689 552 ἐμὸς
3739 484 3874 546 άλη-

610 591 933 649 testiﬁcatus
965 603 1048 648 est
1087 593 1230 647 Deus
1281 592 1346 643 tle
1375 587 1509 640 Filio
1537 600 1638 640 suo
1662 588 1727 639 "°.
1770 605 1787 636 ι
1844 587 2186 642 Testilicatus

611 690 697 732 est
727 694 906 736 autem
939 698 1086 747 eutn,
1121 679 1212 745 qui
1244 689 1407 730 carne
1435 676 1726 744 servilique
1760 675 1932 730 forma
1973 677 2186 728 indutus

613 773 881 838 apparuit,
916 774 1091 833 unice,
1121 767 1338 836 proprie
1375 782 1438 819 ac
1469 782 1593 821 vere
1624 783 1780 820 suum
1811 783 1930 820 esse
1966 766 2181 819 Filium.

613 858 876 913 Praeterea
922 859 1185 911 illustrem
1218 856 1361 908 illam
1390 857 1531 910 sacri
1569 856 1906 923 baptismatis
1933 855 2181 921 gratiam,

612 963 839 1016 quaeque
883 948 978 1013 ipsi
1018 948 1253 1000 cohaeret
1292 946 1730 1008 vivificationem,
1760 954 1814 997 et
1845 944 1934 996 Dei
1968 944 2187 1010 partici-

612 1039 876 1106 pationem
907 1051 1002 1104 per
1031 1035 1508 1089 sanctificationem
1545 1036 1595 1086 in
1629 1033 1830 1102 Spiritu
1878 1048 1973 1100 per
1996 1032 2182 1086 .lesum

611 1126 877 1182 Christum
934 1125 1089 1179 nobis
1148 1126 1449 1194 obtingere,
1517 1124 1806 1176 fatebimur
1852 1124 2180 1178 necessario.

609 1217 946 1272 Meminimus
1009 1216 1150 1270 enim
1204 1215 1462 1268 Joannem
1505 1213 1770 1268 dicentem
1807 1233 1819 1267 :
1855 1231 1874 1264 ι
1913 1211 2014 1278 Qui
2065 1225 2185 1282 post

607 1326 694 1365 me
735 1317 991 1362 venturus
1040 1317 1141 1369 est,
1192 1305 1379 1359 fortior
1423 1321 1508 1360 me
1553 1315 1655 1367 est,
1697 1305 1854 1374 cujus
1911 1323 2015 1359 non
2063 1321 2181 1359 sum

609 1398 799 1463 dignus
853 1392 1213 1447 calceamenta
1264 1403 1529 1461 portare:
1581 1395 1684 1449 iste
1743 1410 1838 1448 vos
1894 1395 2186 1465 baptizabit

611 1487 814 1559 Spiritu
861 1495 1044 1539 sancto
1078 1493 1132 1538 et
1165 1484 1273 1552 igni
1305 1486 1372 1538 ’⁷.
1421 1503 1439 1536 ι
1495 1484 1612 1538 Jam
1659 1487 1746 1540 hic
1783 1495 1837 1540 te
1867 1487 2181 1557 interrogo:

609 1597 734 1637 num
772 1576 972 1647 Spiritu
1002 1584 1193 1629 sancto
1227 1585 1280 1628 et
1303 1577 1410 1643 igni
1451 1575 1732 1643 baptizare
1766 1593 1924 1647 posse
1955 1595 2091 1648 opus
2115 1580 2186 1634 sit

608 1671 778 1727 solius
808 1671 1054 1723 humana:
1088 1667 1333 1720 natura}?
1367 1667 1520 1734 Quis,
1549 1684 1753 1737 qua-so,
1779 1670 1924 1724 istud
1964 1672 2186 1726 credat?

603 1762 764 1832 Atqui
802 1761 973 1812 virttm
1009 1757 1158 1811 illum
1195 1759 1286 1827 qui
1325 1775 1447 1814 mox
1498 1760 1787 1814 adfuturus
1813 1775 1875 1814 ac
1923 1761 2184 1817 videndus

604 1862 738 1916 erat,
770 1849 972 1918 Spiritu
998 1857 1188 1903 sancto
1213 1860 1266 1903 et
1301 1849 1424 1918 igne
1456 1850 1857 1918 baptizaturum
1890 1852 2181 1918 praedicat:
2218 1840 2260 1895 Β

604 1942 797 2012 quippe
823 1955 943 1994 cum
991 1940 1246 1994 immittat
1275 1940 1535 2009 Spiritum
1568 1939 1875 2008 baptizatis,
1914 1955 2018 1994 non
2053 1941 2185 1996 alie-

606 2048 756 2098 num,
788 2042 848 2086 ut
871 2046 1060 2086 servus
1093 2042 1145 2086 et
1184 2032 1446 2092 minister,
1484 2031 1576 2085 sed
1611 2043 1669 2084 ut
1697 2031 1841 2084 Deus
1879 2033 2182 2086 secundum

605 2138 846 2184 naturain
894 2137 1016 2176 cum
1057 2138 1264 2176 summa
1312 2131 1574 2192 potestate
1599 2132 1650 2176 et
1682 2123 2007 2176 auctoritate
2059 2139 2181 2177 eum

607 2221 696 2288 qui
761 2232 825 2270 ex
881 2213 971 2268 illo
1003 2224 1085 2268 est
1139 2225 1194 2268 et
1251 2216 1419 2283 ipsius
1456 2224 1539 2268 est
1569 2215 1841 2283 proprius.
1905 2213 2008 2268 Per
2041 2217 2184 2269 hunc

605 2323 819 2380 quoque
853 2306 1067 2359 divinus
1103 2306 1388 2360 character
1417 2305 1571 2359 nobis
1612 2306 1977 2373 imprimitur;
2015 2306 2183 2359 refor-

605 2410 817 2452 matnur
845 2393 988 2448 enim
1015 2393 1068 2446 in
1109 2392 1387 2446 Christum
1418 2390 1624 2458 Jesum,
1659 2392 1822 2445 veluti
1861 2395 1912 2444 in
1943 2393 2179 2446 divinam

606 2487 892 2557 quamdam
919 2483 1210 2554 imaginem
1245 2499 1258 2536 :
1296 2497 1401 2536 non
1427 2484 1569 2550 quod
1604 2496 1918 2550 corpoream
1949 2481 2183 2550 aliquam

607 2576 1098 2632 conformationem
1147 2575 1435 2628 subeamus
1476 2573 1662 2642 (istud
1706 2589 1939 2641 namque
1973 2575 2184 2644 Opinari

604 2668 845 2737 desipere
872 2666 1084 2738 esset);
1113 2667 1205 2721 sed
1252 2667 1394 2736 quod
1426 2665 1662 2734 Spiritus
1691 2667 1862 2720 sancti
1892 2668 2183 2736 participes

604 2759 799 2822 eﬂ'ecti,
840 2760 1014 2827 ipsum
1041 2759 1092 2811 iii
1121 2757 1277 2811 nobis
1319 2757 1600 2811 Christum
1658 2757 1974 2822 habeamus,
2015 2758 2086 2811 ita
2128 2766 2187 2812 ut

2288 587 2396 648 θῶς
2425 585 2567 644 Υἱός.
2597 581 2705 634 Καὶ
2729 579 2896 648 αὐτὴν
2927 579 2983 630 δὲ
3013 581 3111 650 τὴν
3135 581 3223 633 διὰ
3249 579 3343 631 τοῦ
3369 577 3522 643 ἁγίου
3552 573 3875 638 βαπτίσμα-

2284 693 2375 738 τος
2408 673 2604 726 εὐκλεᾶ
2632 671 2809 738 χάριν,
2848 668 2944 720 καὶ
2987 671 3086 739 τὴν
3111 673 3167 724 ἐν
3197 670 3345 740 αὐτῷ
3390 663 3752 732 ζωοποίησιν,
3781 660 3876 710 καὶ

2285 766 2382 836 τὴν
2410 763 2544 816 Θεοῦ
2576 759 2792 829 μέθεξιν
2822 758 2888 809 δι’
2910 759 3185 828 ἁγιασμοῦ
3217 762 3273 812 ἐν
3301 755 3597 826 Πνεῦματι,
3627 749 3725 802 διὰ
3771 750 3876 814 Ἰη-

2287 856 2380 908 σοῦ
2404 850 2639 924 Χριστοῦ
2668 847 2982 918 πεπρᾶχθαι
3004 847 3245 918 δώσομεν
3273 848 3602 918 ἀναγκαίως.
3627 841 3872 911 Μεμνή-

2289 946 2428 1016 μεθα
2451 945 2560 1013 γὰρ
2596 940 2839 994 Ἰωάννου
2868 938 3118 1006 λέγοντος
3143 956 3156 968 ·
3187 959 3205 990 ι
3261 941 3319 993 '0
3357 941 3531 993 ὀπίσω
3573 953 3677 1008 μου
3712 932 3874 1003 ἐρχό-

2289 1053 2470 1105 μενος,
2496 1031 2840 1104 ίσχυρὸτερός
2869 1047 2970 1100 μου
3009 1031 3180 1093 ἐστὶν,
3211 1024 3272 1082 οῦ
3303 1031 3401 1084 οὐκ
3427 1031 3540 1100 εἰμὶ
3588 1025 3782 1087 ἱκανὸς
3805 1021 3872 1074 τὰ

2285 1129 2611 1198 ὑποδήματα
2632 1124 2916 1196 βαστάσαι·
2935 1125 3138 1184 ἐκεῖνος
3162 1123 3305 1191 ὑμᾶς
3327 1123 3580 1190 βαπτίσει
3602 1125 3660 1172 ὲν
3692 1115 3873 1170 Πνεῦ-

2289 1236 2417 1287 ματι
2454 1219 2593 1288 ἁγίῳ
2621 1218 2714 1271 καὶ
2742 1216 2926 1284 πυρί.»
2957 1210 3125 1284 τΑρα,
3155 1214 3277 1265 είπέ
3309 1230 3417 1280 μοι,
3447 1213 3548 1280 τῆς
3576 1209 3872 1280 καθ’ήμᾶς

2285 1309 2703 1380 ἀνθρωπότητος
2728 1307 2888 1378 ἔργον
2908 1304 3045 1359 εἷναί
3063 1321 3239 1375 φαμεν
3261 1304 3320 1356 τὸ
3341 1306 3399 1356 ὲν
3419 1303 3703 1371 Πνεῦματι
3731 1301 3875 1368 ἁγίῳ

2287 1397 2568 1466 βαπτίζειν
2597 1398 2856 1453 δύνασθαι
2889 1399 2982 1451 καὶ
3012 1397 3143 1466 πυρί
3169 1414 3184 1461 ;
3224 1396 3334 1449 Καὶ
3362 1393 3480 1456 πῶς
3513 1392 3579 1446 ἂν
3603 1395 3688 1462 εἴη
3710 1392 3872 1445 τοῦτό

2285 1507 2383 1559 γε;
2435 1493 2543 1544 Καὶ
2594 1493 2699 1564 μὴν
2749 1495 2917 1564 ἄνδρα
2961 1493 3135 1561 λέγων
3177 1491 3266 1544 τὸν
3311 1491 3436 1544 ὅσον
3475 1489 3692 1542 οὐδέπω
3727 1504 3874 1555 παρ-

2286 1583 2541 1653 εσόμενόν
2569 1600 2626 1634 τε
2650 1585 2742 1636 καὶ
2760 1585 3150 1655 ὀφθησόμενον,
3177 1585 3339 1637 αὑτὸν
3366 1583 3469 1652 ἔφη
3498 1578 3786 1651 βαπτίζειν
3817 1581 3872 1628 ἐν

2286 1675 2418 1742 πυρὶ
2451 1673 2544 1725 καὶ
2583 1673 2724 1740 ἁγίῳ
2756 1673 3051 1741 Πνεῦματι,
3081 1673 3140 1725 οὑ
3189 1673 3248 1725 τὸ
3293 1672 3573 1741 ἀλλότριον
3620 1669 3738 1729 τοῖς
3773 1666 3873 1734 βα-

2288 1765 2627 1834 πτιζομένοις
2655 1762 2863 1815 ἐνιέντα
2888 1763 3112 1831 Πνεῦμα
3133 1762 3517 1831 ὼυλοπρεπῶς
3545 1764 3640 1813 καὶ
3671 1761 3874 1827 ὑπο-,ιρι

2287 1856 2479 1924 γικὼς.
2508 1855 2620 1908 ἀλλ’
2655 1854 2730 1915 ὼς
2755 1852 2887 1906 Θεὸν
2939 1853 3082 1905 κατά
3115 1853 3277 1920 φύσιν
3316 1855 3437 1922 μετ’
3485 1852 3737 1918 ἐξουσίας
3770 1849 3874 1917 τῆς

2288 1947 2550 2000 ἀνωτάτω
2579 1946 2639 1998 τὸ
2670 1944 2729 2009 ἐξ
2771 1942 2938 1998 αὑτοῦ
2971 1961 3028 1996 τε
3068 1944 3161 1997 καὶ
3193 1944 3324 1995 ίδιον
3352 1942 3514 1996 αὑτοῦ
3539 1961 3552 1974 ·
3583 1945 3653 1997 δι’
3684 1936 3747 1996 οῦ
3779 1940 3874 1994 καί

2289 2040 2317 2090 ὁ
2356 2038 2497 2100 θεῖος
2544 2039 2674 2108 ἡμῖν
2721 2035 3111 2106 ἐνσημαίνεται
3142 2036 3452 2107 χαρακτήρ.
3493 2035 3872 2105 Ἀναμορςξού-

2295 2128 2433 2196 μεθα
2463 2129 2592 2199 γὰρ,
2618 2129 2693 2191 ὡς
2717 2130 2797 2191 εἰς
2825 2128 3006 2181 εἰκόνα
3037 2128 3136 2198 τὴν
3166 2127 3334 2192 Θείαν,
3370 2128 3450 2189 είς
3477 2127 3716 2197 Χριστὸν
3763 2127 3872 2195 Ἰη-

2293 2219 2440 2280 σοῦν,
2506 2221 2565 2272 οὐ
2620 2221 2930 2288 σωματικὸν
2978 2221 3339 2288 ὑπομένοντες
3377 2217 3466 2269 τὸν
3510 2218 3872 2288 ἀναπλασμὲιν

2290 2309 2506 2378 (κομιδῇ
2523 2311 2630 2381 γὰρ
2649 2309 2840 2379 εὔηθες
2871 2310 3079 2362 οἴεσθαι
3103 2307 3408 2377 nomen.
3430 2307 3486 2360 δὲ
3514 2307 3610 2360 τοῦ
3643 2309 3874 2378 μεταλαο

2289 2403 2403 2468 χεῖν
2435 2400 2587 2465 ἁγίου
2615 2400 2949 2469 Πνεῦματος,
2983 2400 3144 2452 αὑτὸν
3180 2400 3236 2450 ἐν
3269 2400 3482 2462 ἑαυτοῖς
3513 2399 3870 2462 πλουτοῦντες

2287 2490 2552 2559 Χριστόν*
2591 2490 2664 2553 ὡς
2693 2491 2790 2560 ἥδη
2822 2491 3109 2561 χαίροντας
3135 2493 3311 2544 ἐκεῖνο
3345 2494 3542 2562 φωνεῖν
3562 2510 3574 2523 ο
3612 2511 3631 2543 ι
3678 2493 3872 2560 Ἀγαλ-

2288 2580 2494 2633 λιὰσθω
2519 2583 2550 2651 ἡ
2577 2582 2721 2651 ψυχή
2774 2598 2876 2650 μου
2913 2583 3003 2634 ἐπὶ
3041 2582 3118 2652 τῷ
3145 2582 3334 2653 Κυρίῳ
3355 2600 3367 2612 ·
3411 2583 3630 2635 ἐνέδυσε
3661 2582 3773 2651 γάρ
3806 2600 3871 2651 με

2292 2671 2507 2740 ἱμάτιον
2538 2671 2825 2740 σωτηρίου,
2855 2673 2948 2724 καὶ
2992 2673 3194 2742 χιτῶνα
3231 2675 3589 2745 εὐφροσύνης.
3613 2704 3687 2712 -
3716 2674 3870 2727 ’Ὅσοι

2291 2762 2399 2831 γὰρ
2423 2765 2501 2826 είς
2529 2763 2761 2835 Χριστὸν
2784 2763 3167 2834 ἐϐαπτίσθητε,
3203 2767 3438 2836 Χριστὸν
3461 2767 3809 2820 ἐνεδύσασθε.
3847 2784 3865 2816 ι

599 2853 708 2920 jam
756 2851 882 2905 illud
949 2852 1321 2918 propheticum
1363 2850 1685 2904 iazlabundis
1736 2859 1960 2903 cantare
2003 2850 2163 2904 liceat
2204 2869 2218 2905 :
2266 2873 2283 2903 ι
2324 2855 2568 2910 Exsultet
2616 2857 2795 2910 anima
2829 2871 2946 2911 mea
3003 2858 3055 2909 in
3091 2859 3355 2912 Domino:
3389 2859 3562 2914 induit
3593 2861 3742 2915 enim
3788 2873 3870 2912 me

604 2943 802 2996 amictu
842 2941 1053 3006 salutis,
1082 2940 1329 3007 stolaque
1370 2937 1564 2993 latitia:
1593 2940 1733 2992 ³⁸.-
1757 2939 2081 3007 Quicunque
2142 2941 2284 2995 enim
2336 2943 2390 2997 in
2427 2945 2644 3000 Christo
2676 2947 2928 3014 baptizati
2959 2947 3109 3010 estis,
3142 2947 3420 3004 Christum
3461 2949 3717 3006 induistis
3744 2954 3811 3006 ".
3847 2965 3866 2997 ι

671 3032 935 3090 XXXVII.
976 3035 1128 3100 Quod
1171 3034 1212 3087 si
1243 3033 1366 3103 quis
1395 3033 1623 3088 ulterius
1665 3036 2004 3104 interroget:
2043 3032 2181 3088 Num

2361 3036 2482 3091 AZ'.
2516 3039 2576 3091 Εί
2611 3038 2666 3091 δὲ
2689 3039 2750 3108 δή
2780 3055 2863 3102 τις
2891 3038 3067 3110 ἔροιτο
3095 3040 3334 3110 προσιών
3359 3057 3371 3071 ·
3394 3036 3520 3112 Ἆρ’
3551 3039 3647 3096 οὖν
3677 3047 3760 3108 εἰς
3781 3048 3870 3100 ἄν·

604 3142 732 3198 ergo
757 3127 810 3181 in
834 3125 1104 3181 hominem
1149 3123 1409 3193 baptizati
1456 3127 1695 3179 sumus?
1740 3126 1804 3179 Et
1833 3127 1933 3180 hoc
1974 3126 2184 3180 inficia-

2293 3126 2508 3199 θρωπον
2533 3129 2939 3200 βεόαπτίσμεθα
2966 3148 2980 3196 ;
3006 3132 3116 3184 Καὶ
3139 3132 3297 3184 τοῦτο
3320 3127 3459 3186 εἶναι
3478 3135 3726 3203 φήσομεν
3749 3137 3874 3206 ἀλή-

604 3222 704 3278 hor
758 3219 999 3272 minime.
1057 3215 1165 3287 34
1235 3217 1339 3271 Sed
1384 3216 1486 3270 hoc
1547 3234 1574 3268 a
1641 3218 1796 3272 nobis
1864 3233 2184 3286 responsum

606 3313 789 3367 audiet
852 3328 864 3363 :
922 3312 1070 3364 Heus
1141 3321 1228 3372 tu,
1294 3311 1540 3378 quisquis
1582 3324 1673 3374 es,
1742 3310 1870 3379 quid
1945 3311 2189 3366 moliris?

608 3407 749 3458 itane
806 3416 1020 3456 onmem
1086 3415 1235 3469 spem
1302 3401 1352 3453 in
1409 3411 1606 3455 terram
1657 3401 1943 3456 detrahis?
2003 3402 2186 3471 Bapti-

609 3495 715 3549 zati
758 3507 887 3549 sane
938 3508 1127 3546 sumus
1169 3507 1270 3544 non
1327 3491 1378 3544 in
1419 3492 1684 3544 hominem
1726 3492 2062 3559 simpliciter,
2100 3508 2189 3546 ve-

611 3603 728 3642 rum
750 3588 800 3639 in
821 3585 990 3638 Deum
1012 3585 1282 3637 hominem
1305 3583 1631 3652 factum,qui
1654 3598 1859 3651 pinnas,
1879 3594 2189 3653 veteresque

608 3691 777 3733 noxas
810 3676 875 3728 iis
896 3675 986 3743 qui
1016 3673 1172 3727 Iidem
1198 3673 1250 3726 in
1277 3674 1421 3726 illum
1469 3671 1942 3742 praastolabantur,
1966 3673 2048 3727 vel
2089 3690 2188 3741 po-

611 3770 716 3823 tius
754 3765 1014 3835 comp'lexi
1062 3770 1211 3829 sunt,
1241 3762 1484 3817 remittit.
1547 3762 1695 3816 Unde
1732 3762 1950 3816 divinus
1992 3761 2190 3817 Petrus

607 3859 820 3913 Iudaeos
849 3858 923 3911 ita
950 3856 1245 3925 alloquitur
1269 3873 1283 3908 :
1325 3873 1342 3906 ι
1375 3853 1756 3908 Paenitentiam
1785 3855 1946 3925 agite,
1973 3865 2028 3909 et
2055 3855 2187 3924 bap-

612 3954 805 4004 tizetur
828 3947 1206 4015 unusquisque
1234 3954 1474 3998 vestrum
1511 3945 1562 3998 iii
1593 3947 1814 4000 nomine
1835 3944 1962 4000 Jesu
1987 3945 2188 4001 Christi

611 4043 664 4095 in
695 4038 1064 4094 remissionem
1101 4047 1446 4104 peccatorum
1487 4045 1834 4102 vestrorum;
1871 4046 1925 4091 et
1957 4038 2189 4106 accipie-

611 4135 680 4186 tis
708 4133 906 4185 donum
948 4129 1182 4197 Spiritus
1210 4128 1380 4182 sancti
1406 4127 1470 4179 '°.
1519 4145 1538 4178 ι
1588 4126 1813 4182 Peccata
1852 4143 2085 4196 namque
2122 4128 2189 4183 iis

611 4223 700 4286 qui
736 4223 810 4276 illi
851 4221 1147 4284 adhaerent,
1203 4220 1537 4282 condonans,
1578 4233 1674 4272 suo
1719 4235 1843 4274 mox
1900 4220 2052 4287 ungit
2096 4233 2189 4274 eos

608 4317 825 4388 spiritu,
867 4329 1027 4385 quem
1060 4311 1276 4383 quidem
1317 4323 1377 4364 ut
1407 4311 1499 4364 Dei
1549 4311 1724 4365 Patris
1780 4311 2018 4366 Verbum
2079 4313 2191 4381 ipse

610 4409 874 4470 iirmittit,
905 4417 958 4460 et
981 4421 1045 4460 ex
1072 4405 1285 4474 propria
1320 4414 1512 4456 natura
1553 4403 1605 4456 in
1641 4417 1739 4458 nos
1768 4405 1923 4471 quasi
1947 4419 2012 4457 ex
2043 4403 2190 4458 fonte

2291 3222 2440 3274 θειαν
2467 3233 2513 3286 ³,
2548 3224 2643 3276 καὶ
2671 3223 2808 3294 πρὸς
2837 3222 2992 3292 ήμῶν
3012 3223 3399 3276 άντακούσεται
3423 3243 3436 3254 υ
3469 3227 3748 3297 Εὐφήμει,
3779 3231 3870 3282 άν-

2291 3313 2512 3384 θρωπε·
2553 3315 2606 3367 τί
2653 3315 2806 3385 δρᾷς,
2836 3309 2880 3367 ὧ
2921 3307 3095 3379 οὗτος,
3130 3316 3510 3385 κατακομίζων
3551 3319 3566 3354 ί
3595 3319 3760 3388 ἡμῶν
3795 3322 3872 3383 είς

2289 3408 2391 3476 γῆν
2422 3406 2522 3476 τὴν
2553 3407 2778 3468 ἐλπίδα;
2809 3406 3228 3477 Βεὸαπτίσμεθα
3275 3407 3381 3478 γὰρ
3413 3410 3511 3460 οὐκ
3540 3411 3620 3473 είς
3663 3411 3873 3480 ἄνθρω-

2291 3515 2389 3549 πον
2411 3497 2614 3560 ἁπλῶς,
2636 3497 2750 3550 ἀλλ’
2772 3498 2849 3560 είς
2867 3496 2998 3550 Θεὸν
3024 3497 3180 3567 ἐνηνο
3190 3499 3502 3569 ρωπηκότα,
3531 3502 3626 3553 καὶ
3653 3503 3870 3555 ἀνιέντα

2269 3576 2481 3655 ,ποινῆς
2507 3593 2556 3648 ιι,
2597 3585 2694 3638 καὶ
2718 3583 2825 3637 τῶν
2852 3585 3096 3655 ἀρχαίων
3129 3587 3468 3656 αίτιαμάτων
3507 3588 3636 3652 τοὺς
3665 3589 3766 3659 τὴν
3795 3592 3870 3652 εἰς

2289 3675 2451 3729 αὑτὸν
2483 3675 2664 3729 πίστιν
2693 3676 3111 3746 ἐκδεδεγμένους
3142 3687 3191 3742 τ,
3219 3677 3420 3748 μᾶλλον
3441 3678 3495 3731 δὲ
3526 3679 3870 3749 είσδεδεγμέ-

2290 3784 2438 3832 νουςο
2467 3768 2560 3821 καὶ¹
2582 3767 2712 3836 γοῦν
2733 3767 2761 3819 ὁ
2787 3767 3071 3830 θεσπέσιος
3099 3769 3303 3839 Πέτρος
3334 3769 3608 3833 Ἰουδαίοις
3635 3771 3870 3842 προσλα-

2290 3860 2398 3913 λῶν
2415 3861 2517 3931 ἔφη
2536 3876 2550 3890 ·
2579 3879 2596 3912 ι
2621 3861 3005 3930 Μετανοήσατε
3028 3857 3141 3926 οῦν,
3162 3863 3253 3913 καὶ
3277 3861 3630 3932 βαπτισθήτω
3645 3864 3868 3928 ἕκαστος

2292 3949 2446 4019 ὑμῶν
2496 3950 2590 4001 ἐπὶ
2646 3949 2723 4019 τῷ
2777 3949 3002 4019 ὀνόματι
3049 3948 3224 4020 Ἰησοῦ
3268 3949 3503 4019 Χριστοῦ
3551 3951 3631 4013 εἰς
3679 3953 3868 4020 ἄφεσιν

2291 4041 2574 4111 ἁμαρτιῶν
2609 4040 2790 4112 ὑμῶν·
2827 4041 2921 4093 καὶ
2942 4039 3176 4110 λήψεσθε
3211 4039 3309 4111 τὴν
3343 4040 3550 4112 δωρεὰν
3585 4041 3682 4094 τοῦ
3715 4043 3868 4109 ἁγίου

2291 4131 2628 4200 Πνεύματος.
2676 4149 2695 4182 ι
2748 4129 3024 4183 Ἀπολύων
3074 4129 3180 4202 γὰρ
3236 4131 3512 4201 ἁμαρτίας
3576 4131 3671 4183 τὸν
3723 4132 3869 4201 αὐτῷ

2291 4220 2710 4294 προσκείμενον,
2748 4219 2826 4290 τῷ
2850 4220 2965 4291 ἰδίῳ
3001 4221 3184 4274 λοιπὸν
3222 4221 3506 4291 καταχρίει
3547 4221 3828 4292 Πνεῦματι
3852 4263 3864 4285 ,

2291 4314 2427 4383 ὅπερ
2461 4313 2636 4383 ἐνίησι
2685 4311 2783 4381 μὲν
2813 4311 2997 4377 αὐτὸς,
3024 4311 3099 4374 ὡς
3138 4313 3202 4364 ἐκ
3247 4311 3378 4364 Θεοῦ
3411 4313 3630 4382 Πατρδς
3677 4314 3868 4380 Λόγος,

2292 4406 2386 4457 καὶ
2436 4403 2497 4467 ἐξ
2545 4404 2682 4467 ίδίας
2726 4404 2857 4473 ἡμῖν
2908 4402 3253 4474 ἁναπηγάζει
3295 4403 3526 4470 φύσεως.
3582 4405 3776 4456 Κοινὸν
3817 4406 3870 4458 δὲ

609 4500 841 4569 quodam
883 4497 1211 4550 transfundit
1251 4514 1264 4549 :
1305 4496 1604 4564 quinetiam
1644 4494 1901 4548 facultate
1932 4496 2029 4548 hac
2075 4510 2187 4562 pro-

2294 4491 2482 4560 ὥσπερ
2529 4491 2590 4543 τὸ
2638 4491 2828 4562 χρῆμα
2855 4489 3026 4553 τιθεὶς
3064 4493 3130 4559 τῇ
3166 4489 3301 4559 μετὰ
3339 4489 3539 4558 σαρκὸς
3590 4490 3871 4558 οἰκονομία

613 4605 727 4660 pter
797 4589 1047 4642 unionem
1088 4598 1141 4640 et
1185 4587 1576 4642 incarnationis
1628 4587 2010 4651 teconomiam,
2059 4599 2182 4639 cum

615 4683 829 4737 homine
853 4680 1269 4742 communicata,
1295 4680 1650 4747 corporaliter
1683 4692 1899 4746 quoque
1929 4687 1990 4729 ut
2027 4678 2185 4730 homo

615 4772 945 4842 inspirabat;
986 4768 1276 4823 insulilavit
1331 4768 1476 4821 enim
1529 4767 1582 4820 in
1630 4775 1846 4821 sanctos
1895 4765 2185 4834 apostolos,

615 4865 827 4917 dicens:
852 4881 869 4913 ι
891 4861 1132 4928 Accipite
1155 4858 1416 4926 Spiritum
1434 4865 1682 4910 sanctum
1701 4857 1765 4908 ³¹.
1794 4875 1812 4906 ι
1841 4855 1946 4910 Sed
1971 4873 1989 4906 ι
2017 4870 2191 4924 neque

613 4972 679 5008 ex
705 4969 956 5009 mensura
1000 4954 1092 5006 dat
1125 4951 1407 5020 Spiritum,
1440 4968 1457 5001 ι
1487 4948 1642 5016 juxta
1670 4947 1894 5002 Joannis
1917 4963 2098 5001 vocem
2121 4947 2189 5010 ³⁸,

615 5047 706 5099 sed
738 5061 802 5099 ex
840 5059 899 5099 se
956 5060 1060 5097 non
1111 5057 1272 5097 secus
1303 5057 1365 5095 ac
1407 5039 1569 5094 Pater
1624 5040 1874 5092 eumdem
1939 5036 2191 5092 infundit.

624 5140 770 5194 Unde
809 5153 1036 5206 magnus
1057 5137 1146 5190 ille
1166 5136 1368 5190 Paulus
1393 5144 1557 5189 totam
1584 5133 1724 5186 hanc
1753 5131 2188 5186 controversiam

617 5249 646 5284 e
679 5231 852 5283 medio
877 5230 1085 5292 tollens,
1127 5229 1287 5281 modo
1327 5226 1587 5296 Spiritum
1629 5225 1734 5278 Deo
1759 5235 1812 5279 et
1841 5223 2008 5288 Patri,
2035 5224 2193 5277 modo

620 5336 833 5374 rursum
879 5320 979 5388 ipsi
1018 5318 1151 5374 Filio
1187 5318 1397 5372 tribuit.
1451 5316 1541 5372 Sic
1580 5317 1721 5372 enim
1761 5316 1984 5371 scribit:
2021 5332 2040 5366 ι
2087 5313 2192 5369 Vos

2290 4583 2379 4637 διὰ
2403 4583 2502 4654 τὴν
2549 4583 2763 4645 ἕνωσιν,
2803 4583 2898 4636 καὶ
2938 4583 3012 4645 ὡς
3046 4582 3331 4652 ἅνθρωπος
3384 4581 3598 4633 ἐνέπνει
3632 4598 3873 4651 σωματι-

2294 4675 2438 4739 κῶς·
2475 4674 2774 4745 ἐνεφύσησε
2805 4674 2911 4744 γὰρ
2941 4677 3052 4738 τοῖς
3084 4673 3259 4742 ἁγίοις
3284 4673 3624 4736 ἀποστόλοις,
3665 4675 3870 4727 εἰπών’

2302 4787 2319 4820 ι
2353 4768 2561 4823 Λάϐετε
2608 4767 2832 4837 Πνεῦμα
2862 4768 3037 4834 ἆγιον.
3081 4785 3098 4816 ι
3130 4767 3238 4819 Καὶ
3273 4784 3289 4816 ι
3321 4766 3422 4818 οὐκ
3463 4768 3525 4818 ἐκ
3560 4765 3762 4837 μέτρου
3794 4766 3873 4818 δί-

2294 4860 2445 4925 δωσι,
2477 4878 2494 4910 ι
2547 4858 2686 4912 κατὰ
2715 4857 2813 4930 τὴν
2855 4859 3104 4912 Ἰωάννου
3131 4857 3333 4927 φωνὴν,
3363 4857 3424 4909 τὸ
3458 4857 3708 4926 Πνεῦμα,
3757 4858 3872 4911 ἀλλ’

2297 4951 2456 5014 αὐτὸς
2481 4952 2686 5021 ἐνίησιν
2715 4950 2774 5014 ἐξ
2800 4949 3017 5014 ἐαυτοῦ,
3055 4949 3305 5019 καθάπερ
3353 4947 3544 5016 ἀμέλει
3583 4949 3676 5000 καὶ
3705 4949 3734 5000 ὀ
3761 4947 3872 4999 Πα-

2300 5045 2424 5112 τήρ.
2455 5043 2564 5095 Καὶ
2587 5042 2715 5109 γοῦν
2738 5043 2766 5094 ὁ
2810 5041 3098 5103 θεσπέσιος
3128 5039 3357 5103 Παῦλος,
3393 5039 3520 5108 ὃλην
3561 5039 3874 5110 ἀποστήσας

2299 5133 2398 5203 τὴν
2421 5132 2476 5184 ἐν
2507 5150 2571 5200 γε
2596 5132 2768 5202 τούτῳ
2796 5131 3082 5204 διαφορὰν,
3113 5129 3245 5183 ποτέ
3281 5131 3378 5200 μὲν
3406 5128 3554 5198 αὐτῷ
3598 5143 3622 5169 ι
3653 5128 3732 5199 τῷ
3758 5129 3874 5198 Θεῷ

2301 5224 2396 5276 καὶ
2438 5224 2614 5293 Πατρὶ
2667 5223 2989 5292 προσνέμων
3025 5223 3238 5291 ὁρᾶται,
3265 5221 3393 5275 ποτὲ
3434 5221 3478 5273 δ’
3517 5215 3583 5273 αὖ
3612 5219 3689 5290 τῷ
3743 5222 3868 5289 Υίῷ.

2301 5314 2508 5385 Γράφει
2555 5313 2662 5385 γάρ
2700 5309 2833 5368 ὦδε’
2873 5332 2891 5365 ι
2941 5314 3127 5384 Ὑμεῖς
3174 5313 3230 5366 δὲ
3275 5313 3374 5366 οὐκ
3421 5310 3542 5364 ἐστε
3597 5313 3654 5365 ἐν
3689 5314 3871 5389 σαρκὶ,

688 5469 953 5528 “lJoan.
991 5487 1042 5540 ν,
1075 5473 1128 5539 9,
1163 5474 1248 5528 10.
1324 5472 1366 5504 ’τ
1407 5471 1594 5526 Matth.
1627 5487 1708 5537 ιιι,
1749 5472 1834 5526 ll.
1879 5472 1922 5501 ’³
1953 5470 2094 5524 Psal.
2120 5485 2186 5523 xx

2290 5511 2303 5532 ,
2329 5470 2382 5524 9.
2425 5471 2469 5501 ἐ’
2496 5469 2671 5524 Galat.
2701 5485 2784 5536 ιιι,
2805 5469 2895 5524 27.
2944 5468 2990 5500 ³ο
3026 5468 3150 5524 Act.
3185 5485 3242 5533 ιι,
3271 5466 3362 5523 ‘28.
3405 5467 3448 5500 ³²
3475 5467 3630 5526 Joan.
3658 5483 3746 5532 xx,
3777 5468 3863 5522 9.9..

1709 5627 1880 5683 Vari-.c
1911 5628 2166 5683 lectiones
2219 5627 2422 5682 codicis
2453 5626 2813 5698 Seguieriani.

693 5775 718 5806 ⁵
756 5769 974 5840 ἀληθές.
1055 5772 1071 5806 ί
1105 5768 1508 5840 κατακομίζεις.
1587 5781 1608 5806 ι’
1645 5766 1859 5820 ποινῶν.

1055 5772 1071 5806 ί
1105 5768 1508 5841 κατακομίζεις.

1942 5775 1964 5800 τ
2001 5764 2441 5835 εποδεδεγμένους
2472 5764 2676 5835 absque
2708 5764 2831 5819 aliis
2867 5762 3067 5819 verbis.

3153 5774 3177 5802 ι
3205 5758 3355 5812 αὐτό.
