4056 6334
161 407 303 464 1189

1127 406 1215 462 DE
1255 404 1484 462 RECTA
1521 399 1679 458 FIDE
1716 398 1807 454 AD
1845 395 2293 454 TIIEOI)OSIUM
2332 395 2471 453 IMP.

3279 399 3415 456 “90

154 531 276 584 ἀλλ’
327 534 384 585 ἐν
418 530 730 602 Πνεύματι,
773 530 929 602 εἴπερ
976 529 1202 599 Πνεῦμα
1251 525 1388 580 Θεοῦ
1437 524 1637 578 ἐνοικεῖ
1680 525 1738 575 ὲν

1862 525 2021 571 intem
2063 519 2116 572 in
2157 532 2318 572 carne
2343 534 2446 572 non
2480 517 2632 582 estis,
2673 517 2765 573 sed
2797 518 2847 572 in
2883 519 3084 589 Spiritu
3116 535 3132 574 :
3163 520 3209 576 si
3237 529 3414 576 tamen

155 625 312 693 ὑμῖν.
350 623 418 675 Εἴ
443 641 526 686 τις
553 624 610 678 δὲ
638 622 862 693 Πνεῦμα
890 619 1126 690 Χριστοῦ
1154 620 1253 673 οὐκ
1288 619 1420 688 ἔχει,
1456 609 1612 680 οὗτος
1643 617 1741 668 ούκ

152 715 311 769 ἐστιν
345 714 508 767 αὑτοῦ
535 729 550 743 ο
593 715 640 766 εί
690 713 746 766 δὲ
789 712 1023 783 Χριστὸς
1050 711 1108 764 ὲν
1156 711 1306 780 ὑμῖν,
1342 708 1403 762 τὸ
1434 709 1534 779 μὲν
1581 705 1742 776 σῶμα

155 804 360 874 νεκρὸν
387 805 478 858 διὰ
515 805 810 876 ἁμαρτίαν,
845 804 907 856 τὸ
942 803 998 856 δὲ
1030 801 1247 871 πνεῦμα
1281 799 1388 864 ζῶν
1430 799 1517 853 διὰ
1540 799 1744 852 δικαιο-

157 897 354 968 σύνην.
396 918 414 950 ι
465 899 702 970 Ἀραρεν
731 893 846 961 οῦν,
877 899 956 950 ὅτι
989 897 1082 950 καί¹
1122 896 1252 950 ῖδιόν
1289 897 1404 947 ὲστι
1432 894 1491 946 τὸ
1521 889 1743 960 Πνεῦμα

153 988 257 1042 τοῦ
298 989 451 1051 Υἱοῦ,
484 990 578 1042 καὶ
600 989 714 1042 οὔτι
749 1007 848 1041 που
891 988 1048 1058 μόνον
1142 988 1310 1055 Λόγος
1337 986 1454 1038 ἐστὶ
1486 981 1742 1054 πεφηνὼς

156 1083 230 1135 ὲκ
263 1083 499 1154 Πατρδς,
543 1081 657 1137 ἀλλ’
685 1085 732 1137 εί
774 1084 866 1136 καὶ
902 1085 1074 1135 νοοῖτο
1111 1082 1233 1134 καθ’
1273 1083 1422 1152 ἡμᾶς
1458 1081 1743 1148 ἄνθρωπος

157 1174 427 1243 γεγονὼς,
456 1173 516 1226 ού
547 1176 655 1227 τῶν
683 1174 778 1244 τῆς
806 1173 1058 1244 θεότητος
1091 1175 1396 1244 ἰδιωμάτων
1429 1173 1504 1236 ὼς
1535 1175 1591 1224 ἐν
1639 1171 1743 1240 ἰδία

158 1267 329 1335 φύσει
363 1266 701 1336 λειπόμενος.
739 1264 846 1319 Καὶ
888 1267 1014 1335 γοῦν
1044 1267 1204 1329 αὐτὸς
1248 1266 1510 1336 ὑπάρχων
1533 1265 1566 1331 ἠ
1607 1263 1743 1314 πάν-

158 1374 273 1410 των
313 1356 450 1427 ζωὴ,
477 1354 567 1410 διὰ
613 1355 710 1427 τὴν
759 1358 824 1410 ὲκ
861 1356 956 1410 τοῦ
1004 1357 1205 1419 ζῶντος
1251 1357 1464 1424 [Ἰατρὸς
1509 1355 1746 1423 ἄρρητον

158 1449 446 1518 γέννησιν,
475 1449 854 1514 ζωοποιεῖσθαι
885 1450 1102 1518 λέγεται
1138 1448 1259 1520 μεθ’
1304 1446 1478 1518 ἡμῶν.
1517 1446 1673 1514 Πάρα
1699 1443 1743 1494 δ’

160 1535 260 1593 οῦν
285 1541 434 1610 ὅμως
481 1540 609 1592 ἰδεῖν
637 1538 995 1611 χαριζόμενον
1031 1540 1128 1609 μὲν
1177 1542 1243 1609 τῇ
1291 1538 1395 1608 ἰδία
1439 1534 1604 1605 σαρκὶ
1650 1534 1747 1603 τῆς

165 1632 511 1704 θεοπρεποῦς
539 1633 823 1702 ἐνεργείας
861 1631 959 1702 τὴν
997 1631 1174 1696 δόξαν,
1203 1628 1574 1698 οἰκειούμενον
1613 1626 1657 1679 δ’
1679 1620 1745 1677 αῦ

161 1727 269 1795 τὴν
301 1727 476 1797 σάρκα
505 1731 554 1786 γ,
588 1725 681 1778 καὶ
712 1723 873 1776 οἱονεί
907 1741 1023 1786 πως
1065 1722 1188 1775 καθ’
1235 1721 1426 1774 ἕνωσιν
1473 1721 1749 1788 οἰκονομι-

165 1815 296 1887 κὴν,
331 1815 426 1869 καὶ
455 1816 522 1885 τῇ
557 1814 663 1884 [δίᾳ
696 1811 1041 1882 περιτιθέντα
1071 1810 1252 1880 φύσει.

241 2063 376 2116 AH'.
422 2063 490 2115 Ἦ
518 2061 638 2130 ούχὶ
666 2061 729 2132 δὴ
771 2061 1002 2130 μάλιστα
1037 2061 1271 2130 πρέπειν
1299 2060 1416 2130 ἐρεῖ
1447 2077 1531 2122 τις
1570 2059 1648 2129 τῷ
1683 2074 1748 2127 γε

163 2153 280 2207 ὄντι
314 2154 456 2207 κατὰ
501 2153 663 2222 φύσιν
692 2154 756 2206 ὲκ
802 2151 935 2206 Θεοῦ
967 2155 1176 2225 Πατρὸς
1214 2153 1394 2222 Λόγῳ,
1431 2151 1509 2221 τῷ
1547 2150 1753 2203 ἄνωθεν

164 2247 328 2316 ήκειν
355 2245 449 2297 καὶ
475 2244 534 2308 ἐξ
558 2243 788 2314 ούρανοῦ
812 2284 826 2308 ,
852 2244 912 2296 τὸ
955 2244 1238 2310 ζωογονεῖν
1277 2240 1537 2294 δύνασθαι
1567 2241 1636 2293 τὰ
1675 2235 1756 2302 οἷς

166 2339 240 2390 ἂν
270 2338 470 2390 ἐνιέναι
501 2335 745 2405 βούλοιτο
768 2338 868 2406 τὴν
892 2335 1069 2405 ζωήν;
1102 2336 1166 2387 Τί
1195 2334 1252 2387 δὲ
1284 2334 1343 2386 τὸ
1375 2334 1752 2402 δημιουργεῖν,

164 2431 294 2482 εἰπέ
330 2447 456 2500 μοι;
491 2429 688 2492 θεῖκῶς
721 2430 836 2501 δοίη
871 2445 954 2491 τις
977 2429 1044 2483 ἂν
1080 2424 1241 2491 εἶναι,
1278 2428 1309 2497 ἢ
1339 2427 1447 2478 τῶν
1480 2423 1753 2496 ἀνθρωπί-

165 2540 312 2587 νων;
341 2521 621 2592 υύδαμῶς.
654 2522 772 2584 Πῶς
805 2521 1015 2585 τοίνυν;
1059 2522 1234 2591 Ἠμᾶς
1266 2520 1517 2584 ζωοποιεῖ
1556 2519 1653 2587 μὲν
1683 2517 1757 2579 ὼς

166 2615 306 2674 θεός
328 2630 342 2642 ·
377 2615 518 2684 πλὴν
559 2615 620 2666 οῦ
659 2613 806 2683 μόνῳ
839 2613 916 2684 τῷ
953 2614 1278 2683 μεταλαχεῖν
1313 2612 1466 2680 ἁγίου
1505 2610 1760 2679 Πνεύμα-

165 2720 296 2769 τος,
344 2704 458 2756 ἀλλ’
504 2704 726 2773 ὲδεστὴν
760 2705 1030 2774 παραθεὶς
1078 2705 1171 2757 καὶ
1211 2705 1307 2774 τὴν
1355 2704 1760 2774 ἀναληφθεῖσαν

171 2796 358 2848 σάοκα
379 2794 471 2847 τοῦ
490 2794 618 2846 Υίοῦ
640 2793 735 2846 τοῦ
757 2793 1066 2865 ἀνθρώπου.
1094 2795 1238 2863 Ἔφη
1269 2793 1396 2865 γὰρ,
1412 2795 1492 2846 ὅτι
1523 2814 1540 2845 ι
1567 2796 1756 2865 Ἀμὴν,

169 2883 325 2953 ἀμὴν
376 2884 519 2951 λέγω
557 2883 708 2953 ύμῖν,
763 2884 858 2936 ἐὰν
913 2884 987 2952 μὴ
1029 2883 1238 2951 φάγητε
1284 2884 1382 2952 τὴν
1431 2883 1610 2954 σάρκα
1664 2881 1758 2935 τοῦ

171 2976 310 3027 Υἰοῦ
341 2974 434 3027 τοῦ
480 2974 791 3045 ἀνθρώπου,
836 2976 931 3028 καὶ
965 2976 1127 3045 πίητε
1160 2974 1220 3026 τὸ
1255 2971 1424 3044 αἷμα,
1469 2976 1566 3027 ούκ
1609 2976 1757 3044 ἔχετε

172 3067 326 3138 ζωὴν
357 3070 414 3118 ὲν
444 3068 671 3129 ἑαυτοῖς.
707 3087 722 3116 ι
759 3065 1328 3138 Κατακερτομούντων
1357 3067 1413 3119 δὲ
1454 3067 1614 3119 αὐτὸν
1651 3069 1761 3120 τῶν

185 3157 462 3210 Ἰουδαίων
507 3157 670 3217 ποτὲ,
718 3159 810 3209 καὶ
857 3158 955 3227 τὴν
1002 3159 1094 3208 ἐπὶ
1138 3159 1252 3218 τοῖς
1287 3158 1536 3226 ἀμείνοσι
1583 3157 1761 3228 ψῆφον
1789 3195 1830 3228 ,π

173 3251 471 3314 ἀνάπτειν,
513 3250 611 3302 οῦκ
650 3246 748 3300 οἶδ’
777 3250 956 3311 ὅπως,
1000 3249 1495 3318 ἐπικεχειρηκότων
1543 3249 1620 3317 τῷ
1658 3268 1762 3318 μα-

175 3341 359 3411 καρίῳ
387 3342 594 3404 Μωσεῖ,
623 3338 920 3408 εἰρηκότων
942 3339 998 3391 δὲ
1023 3341 1326 3408 ἀναφανδόν
1347 3357 1359 3370 ’
1389 3359 1406 3390 ι
1440 3343 1502 3393 Οἱ
1530 3343 1763 3412 πατέρες

177 3435 342 3506 ἡμῶν
383 3433 583 3503 ἔφαγον
622 3434 683 3486 τὸ
725 3433 901 3503 μάννα
945 3434 1001 3484 ὲν
1047 3437 1112 3503 τῇ
1157 3433 1376 3504 ἐρήμῳ,
1425 3433 1605 3496 καθώς
1647 3435 1766 3486 ἐστι

177 3527 591 3597 γεγραμμένον·
616 3527 830 3594 Ἀρτον
844 3525 910 3578 ἐκ
929 3524 1033 3579 τοῦ
1048 3524 1309 3593 οὐρανοῦ
1326 3526 1547 3578 ἔδωκεν
1560 3525 1766 3591 αὐτοῖς

180 3619 402 3688 φαγεῖν
424 3636 437 3649 ·
468 3620 520 3671 τί
552 3621 722 3682 notat;
751 3619 814 3671 σὺ
838 3621 1083 3688 σημεῖον,
1112 3618 1199 3671 ἵνα
1221 3617 1562 3688 πιστεύωμεν
1596 3635 1710 3682 σοι;
1742 3636 1758 3668 ι

179 3713 238 3766 τί
279 3712 517 3782 ἐργάζῃ,
560 3712 636 3775 ὼς
675 3709 879 3764 ἄνωθεν
917 3712 1048 3780 ἡμῖν
1095 3711 1189 3764 καὶ
1230 3710 1289 3775 ἐξ
1325 3709 1555 3782 ούρανοῦ
1596 3728 1766 3764 κατα-

182 3805 420 3872 κομίσας
449 3806 506 3856 το
537 3804 730 3872 arbita;
764 3804 926 3873 φησίν
946 3820 960 3832 σ
994 3823 1011 3855 ι
1054 3803 1243 3873 Ἀμὴν,
1274 3804 1422 3875 ἀμὴν
1447 3803 1588 3872 λέγω
1616 3805 1764 3873 ὑμῖν,

183 3898 250 3949 ού
281 3895 521 3961 Μωῦσῆς
559 3895 792 3946 δέδοικεν
824 3897 954 3963 ὑμῖν
983 3896 1074 3947 τὸν
1103 3897 1266 3964 ἄρτον
1295 3897 1360 3948 ἐκ
1386 3895 1479 3947 τοῦ
1510 3895 1765 3966 ούρανοῦ,

183 3990 302 4045 ἀλλ’
333 3991 361 4042 6
393 3989 580 4057 Πατήρ
613 4001 715 4056 μου
748 3986 960 4038 δίδωσιν
991 3987 1120 4055 ὑμῖν
1143 3987 1234 4038 τὸν
1263 3988 1428 4056 ἄρτον
1463 3989 1526 4038 ἐκ
1555 3987 1649 4039 τοῦ
1679 3990 1770 4040 ού-

188 4082 358 4156 ρανοῦ
402 4082 491 4133 τὸν
523 4079 794 4146 ἀληθινόν.
828 4079 887 4130 Ὀ
917 4080 1025 4147 γὰρ
1059 4077 1223 4147 ἄρτος
1253 4077 1344 4130 τοῦ
1380 4077 1516 4130 Θεοῦ
1564 4080 1710 4131 ἐστιν
1741 4081 1769 4132 6

187 4171 539 4227 καταϐαίνων
579 4173 642 4222 ἐκ
690 4169 782 4221 τοῦ
835 4167 1086 4237 ούρανοῦ,
1133 4169 1225 4220 καὶ
1277 4168 1421 4238 ζωὴν
1468 4169 1642 4232 διδοὺς
1691 4169 1768 4239 τῷ

187 4267 402 4336 κόσμῳ.
433 4284 450 4316 ι
487 4264 596 4316 Καὶ
636 4263 771 4334 πρός
805 4277 867 4328 γε
913 4261 1120 4323 τούτοις
1151 4261 1314 4314 πάλιν
1359 4262 1640 4331 μονονουχὶ
1675 4262 1769 4314 καὶ

186 4357 439 4427 δακτύλῳ
468 4367 489 4393 τ
522 4355 876 4418 καταδεικνὺς
916 4354 1106 4406 ἑαυτὸν
1136 4354 1447 4423 ὲνσώματον
1474 4366 1497 4392 ι
1516 4370 1529 4382 ο
1567 4371 1584 4402 ι
1629 4352 1769 4420 Ἐγώ

187 4451 307 4519 ειμι
335 4451 361 4500 6
387 4448 549 4517 ἄρτος
573 4449 601 4498 6
635 4447 762 4508 ζῶν,
793 4447 820 4497 6
851 4447 913 4497 ὲκ
957 4445 1051 4498 τοῦ
1080 4445 1310 4516 οὐρανοῦ
1341 4444 1602 4508 καταϐάς.
1644 4445 1768 4497 Ἐάν

1845 607 2082 677 Spiritus
2123 607 2215 662 Dei
2258 608 2464 663 habitat
2509 609 2563 661 in
2603 608 2776 676 vobis,
2816 608 2872 664 Si
2910 610 3032 679 quis
3078 619 3255 666 autem
3298 611 3418 681 Spi-

1845 701 2007 753 ritum
2048 698 2249 754 Christi
2291 714 2396 753 non
2426 699 2603 763 habet,
2647 698 2736 754 hic
2776 714 2881 754 non
2921 711 3005 756 est
3044 690 3178 768 eius.
3222 701 3278 755 Si
3324 717 3417 757 au-

1845 799 1952 844 tem
1981 789 2228 844 Christus
2259 789 2311 844 in
2346 790 2500 844 vobis
2533 797 2637 853 est,
2666 803 2865 859 corpus
2900 790 3114 859 quidem
3147 800 3416 847 mortuum

1844 891 1929 936 est
1965 890 2183 951 propter
2221 892 2521 950 peccatum,
2561 880 2784 948 spiritus
2821 892 3003 936 autem
3037 883 3168 936 vivit
3197 894 3420 951 propter

1840 971 2284 1042 justiﬁeationem
2315 973 2381 1025 ³³.
2431 990 2450 1023 ι
2495 971 2649 1024 Patet
2687 987 2816 1041 ergo
2844 972 3111 1040 Spiritum
3141 972 3261 1026 Filii
3288 987 3422 1041 quo-

1846 1080 1953 1134 que
2004 1064 2277 1133 proprium
2318 1077 2474 1128 esse,
2512 1078 2610 1117 nec
2646 1063 2820 1117 solum
2861 1072 3132 1132 quatenus
3186 1062 3419 1118 Verbum

1846 1168 1930 1213 est
1962 1174 2028 1213 ex
2056 1157 2213 1212 Patre
2248 1159 2521 1226 prodiens,
2547 1157 2640 1211 sed
2671 1157 2832 1210 etiam
2859 1156 2905 1210 si
2939 1157 3203 1226 cogitetur
3230 1171 3424 1211 secun-

1847 1251 1972 1305 dum
2033 1264 2129 1304 nos
2169 1249 2329 1304 homo
2383 1249 2580 1312 Iactus,
2627 1247 2919 1302 divinitatis
2980 1247 3420 1316 preprietatibus,

1847 1358 1968 1412 qua:
2008 1359 2058 1396 ιιι
2101 1343 2372 1411 propriam
2428 1343 2571 1396 illius
2614 1351 2861 1394 naturam
2914 1341 3260 1406 conveniunt,
3317 1354 3422 1394 non

1849 1435 2160 1489 destitutus.
2201 1432 2333 1486 Nam
2375 1433 2500 1488 licet
2537 1442 2594 1486 ut
2631 1434 2791 1485 homo
2830 1430 3059 1499 proinde
3098 1445 3161 1485 ac
3201 1446 3298 1484 nos
3343 1431 3425 1483 vi-

1849 1524 2056 1577 viiicari
2095 1525 2363 1576 interdum
2395 1523 2643 1584 dicatur;
2685 1531 2922 1574 attamen
2957 1531 3178 1590 propter
3198 1520 3426 1589 inexpli-

1850 1616 2076 1670 caliilem
2111 1615 2252 1668 illam
2293 1628 2358 1667 ex
2400 1614 2614 1667 vivente
2645 1611 2808 1666 Patre
2847 1612 3274 1682 generationem,
3311 1626 3426 1665 om—

1853 1709 2001 1762 nium
2039 1707 2144 1760 vita
2183 1706 2421 1760 exsistit.
2487 1701 2678 1756 Videre
2720 1712 2803 1756 est
2849 1710 3025 1755 autem
3063 1701 3151 1755 ubi
3196 1700 3425 1756 Verbum

1855 1799 2048 1853 divina:
2095 1796 2329 1850 actionis
2376 1794 2604 1865 gloriam
2654 1792 2886 1861 propria:
2921 1790 3069 1844 carni
3111 1789 3372 1860 largiatur
3410 1805 3426 1845 :

1856 1899 2041 1944 contra
2069 1903 2284 1942 rursum
2320 1887 2408 1939 ubi
2435 1900 2555 1953 quae
2581 1883 2762 1938 carnis
2789 1891 2935 1951 sunt,
2957 1881 3007 1934 in
3036 1896 3094 1935 se
3119 1880 3426 1943 transferat,

1856 1993 1920 2030 ac
1970 1988 2186 2047 propter
2235 1971 2654 2043 dispensationis
2713 1973 2963 2025 unionem
3016 1972 3247 2040 propriae
3294 1985 3429 2040 quo-

1857 2068 2144 2120 dammodo
2184 2074 2390 2118 natura:
2415 2063 2642 2117 tribuat.

1928 2156 2210 2211 XXXVIII.
2273 2156 2468 2209 Annon
2521 2154 2571 2207 in
2629 2152 2888 2219 Verbum,
2951 2154 3092 2223 quod
3136 2151 3434 2208 secundum

1859 2261 2106 2302 naturam
2155 2261 2184 2300 a
2252 2246 2362 2299 Deo
2393 2243 2557 2299 Patre
2611 2245 3140 2313 procedit,maxiine
3181 2244 3434 2300 convenit

1859 2355 2091 2408 superne
2121 2355 2184 2392 ac
2214 2339 2280 2392 de
2315 2338 2452 2392 caelo
2482 2335 2692 2400 venire,
2726 2335 2832 2405 35
2864 2351 3036 2405 eaque
3093 2338 3290 2407 quibus
3349 2337 3431 2389 vi-

1861 2442 1970 2483 tam
2000 2429 2262 2498 impartiri
2295 2429 2549 2494 voluerit,
2588 2443 2746 2498 posse
2776 2429 3088 2483 viviﬁcare?
3116 2431 3230 2496 Dic,
3254 2444 3434 2499 quaeso

1864 2538 1935 2593 te,
1968 2526 2206 2594 nunquid
2268 2527 2452 2580 divino
2519 2526 2677 2580 modo
2713 2526 2946 2579 condere
3009 2542 3071 2583 ac
3131 2541 3431 2596 procreare.

1862 2619 2109 2671 humana:
2140 2627 2346 2671 natura:
2379 2617 2714 2684 largiendum
2747 2616 2870 2669 est?
2901 2615 3125 2670 Minime
3169 2617 3432 2688 gentium.

1861 2707 2045 2776 Eequo
2078 2722 2207 2774 ergo
2255 2707 2413 2760 modo
2464 2720 2560 2758 nos
2605 2704 2873 2759 viviﬁca‘t?
2910 2717 2966 2758 nt
3011 2705 3193 2760 Deus:
3225 2721 3436 2760 verum-

1864 2811 2040 2853 tan-en
2103 2815 2206 2851 non
2261 2814 2354 2867 per
2388 2799 2488 2852 hoc
2522 2797 2690 2850 solum
2729 2799 2778 2852 id
2837 2798 2985 2863 facit,
3017 2801 3159 2868 quod
3192 2810 3434 2854 sanctum

1863 2891 2018 2944 nobis
2062 2892 2324 2959 Spiritum
2386 2891 2714 2958 intpartitur,
2749 2892 2840 2943 sed
2893 2906 2988 2959 per
3038 2893 3139 2947 hoc
3195 2906 3433 2960 quoque,

1862 2983 2003 3051 quod
2056 2979 2175 3034 Filii
2243 2982 2477 3034 hominis
2509 2995 2750 3046 carnem,
2783 2996 2942 3048 quam
2976 2986 3300 3050 assumpsit,
3347 2995 3438 3035 ve-

1867 3073 2124 3127 scendum
2177 3071 2446 3140 proponit.
2483 3070 2569 3123 Ait
2602 3072 2744 3123 enim
2776 3087 2789 3123 :
2829 3089 2846 3121 ι
2886 3071 3084 3134 Amen,
3111 3085 3267 3124 amen
3319 3072 3438 3124 dico

1866 3165 2041 3227 vobis,
2073 3164 2170 3216 nisi
2227 3164 2683 3216 mamlucaveritis
2740 3179 2955 3217 carnem
3010 3163 3130 3216 Filii
3184 3165 3435 3224 hominis,

1865 3265 1919 3308 et
1949 3255 2192 3308 biberitis
2234 3255 2350 3318 ejus
2393 3255 2733 3321 sanguinein,
2784 3268 2888 3308 non
2943 3254 3211 3310 habebitis
3275 3254 3435 3307 vitam

1865 3345 1916 3396 in
1945 3344 2094 3397 vobis
2115 3344 2182 3394 ".
2220 3363 2236 3393 ι
2277 3345 2510 3396 Ilursutu
2543 3359 2667 3395 cum
2702 3343 2873 3396 Judaei
2921 3345 3094 3412 ipsum
3143 3343 3437 3413 aliquando

1863 3437 2197 3498 deriderent,
2257 3436 2626 3504 conviciisque
2701 3445 3036 3505 appeterent,
3089 3452 3153 3492 ac
3226 3438 3438 3491 beatum

1863 3528 2082 3599 Moysen
2125 3528 2198 3581 illi
2231 3527 2413 3582 nescio
2454 3543 2561 3596 quo
2607 3530 2766 3582 modo
2809 3539 3222 3598 anteponentes,
3257 3537 3440 3597 aperte

1866 3622 2144 3675 dicerent;
2184 3639 2202 3671 ι
2246 3618 2433 3673 Patres
2489 3621 2656 3673 nostri
2711 3624 3177 3674 manducaverunt
3244 3633 3439 3671 manna

1866 3710 1919 3763 in
1951 3712 2185 3773 deserto,
2229 3711 2366 3763 sicut
2409 3710 2671 3778 scriptum
2705 3719 2786 3764 est
2815 3727 2829 3764 :
2866 3710 3063 3763 Panem
3093 3711 3156 3765 de
3196 3709 3318 3764 calo
3345 3708 3438 3760 de-

1867 3803 1941 3855 dit
1975 3804 2047 3856 eis
2086 3803 2449 3865 manducare;
2485 3802 2626 3870 quod
2667 3817 2795 3872 ergo
2835 3811 2888 3854 tu
2930 3802 3141 3870 signum
3188 3802 3338 3864 facis,
3383 3808 3440 3850 nt

1868 3896 2154 3950 credamus
2180 3895 2272 3948 tibi
2300 3895 2389 3946 "?
2419 3893 2556 3960 Quid
2591 3895 2857 3963 Operaris,
2891 3903 2949 3947 ιιι
2974 3909 3170 3963 corpus
3211 3905 3440 3962 superne

1868 3987 1936 4040 de
1966 3986 2108 4040 coelo
2157 3987 2310 4040 nobis
2366 3987 2612 4041 attulisse
2667 3986 2953 4041 credaris?
2980 3984 3280 4057 Respondit
3307 3983 3394 4037 ille
3425 4000 3437 4034 :

1876 4097 1894 4128 ι
1923 4077 2121 4142 Amen,
2162 4091 2321 4128 amen
2347 4077 2471 4129 dico
2511 4078 2686 4139 vobis,
2727 4091 2831 4128 non
2876 4075 3086 4146 Moyses
3126 4076 3269 4130 dedit
3296 4071 3442 4126 vobis

1870 4185 2063 4239 panem
2095 4168 2162 4221 de
2207 4168 2365 4232 ccelo,
2401 4167 2492 4220 sed
2541 4165 2704 4219 Pater
2754 4181 2908 4222 meus
2950 4167 3041 4222 dat
3075 4167 3225 4222 vobis
3252 4177 3438 4234 panem

1871 4264 1938 4314 de
1971 4261 2108 4314 caelo
2161 4274 2346 4312 verum
2376 4275 2390 4311 :
2427 4258 2582 4326 panis
2637 4257 2781 4312 enim
2831 4256 2926 4312 Dei
2951 4266 3054 4324 est,
3087 4259 3180 4328 qui
3208 4258 3273 4311 de
3305 4253 3442 4309 caelo

1872 4354 2167 4416 descendit,
2197 4362 2250 4406 et
2299 4354 2390 4406 dat
2432 4352 2600 4406 vitam
2637 4350 2836 4407 mundo
2866 4350 2935 4406 ³⁸.
2976 4369 2994 4403 ι
3036 4351 3277 4418 Denique
3325 4357 3441 4399 tan-

1874 4453 1985 4498 tum
2043 4459 2148 4498 non
2201 4444 2369 4513 digito
2429 4444 2669 4511 seipsuin
2717 4443 2768 4496 in
2816 4458 3044 4513 corpore
3097 4441 3440 4495 constitutum

186 4557 277 4602 τις
303 4539 449 4608 φάγῃ
479 4541 543 4590 ὲκ
573 4538 664 4589 τοῦ
704 4538 866 4607 ἄρτου
903 4537 1114 4601 τούτου,
1143 4537 1296 4607 ζήσει
1328 4539 1406 4600 εἰς
1444 4538 1534 4590 τὸν
1561 4537 1760 4591 αἰῶνα·

1877 4537 2274 4598 demonstrans,
2312 4535 2384 4588 ita
2424 4536 2543 4587 ait:
2584 4552 2602 4585 ι
2640 4534 2750 4601 Ego
2795 4547 2912 4586 sum
2958 4532 3113 4600 panis
3153 4531 3325 4591 vivus,
3351 4525 3442 4592 qui

189 4633 290 4686 atat
326 4633 354 4683 6
388 4632 549 4699 ἄρτος
583 4628 640 4681 δὲ
669 4629 726 4679 ὃν
763 4627 872 4694 ἐγὼ
900 4628 1072 4691 δώσω,
1113 4631 1145 4697 ἡ
1192 4629 1328 4697 σάρξ
1361 4647 1461 4698 μου
1493 4631 1663 4696 ἐστὶν,
1702 4630 1768 4701 ἢν

191 4723 306 4792 ἐγὼ
343 4721 498 4775 δώσω
536 4719 674 4786 ὑπὲρ
723 4719 818 4788 τῆς
863 4719 954 4770 τοῦ
998 4719 1200 4786 κόσμου
1243 4717 1408 4788 ζωῆς.
1445 4722 1502 4773 Ὀ
1541 4721 1769 4793 τρώγων

195 4831 299 4884 μου
329 4814 427 4883 τὴν
460 4811 655 4882 σάρκα,
688 4811 777 4862 καὶ
807 4808 974 4860 πίνων
1010 4825 1110 4876 μου
1142 4807 1203 4858 τὸ
1238 4802 1397 4877 αἷμα,
1433 4813 1489 4862 ἐν
1519 4813 1641 4882 ἐμοὶ
1676 4811 1770 4880 μέ-

192 4921 295 4968 νει,
328 4902 482 4971 κάγὼ
509 4904 566 4954 ὲν
601 4899 768 4971 αὐτῷ.
813 4898 1008 4960 Καθὼς
1041 4897 1323 4950 ἀπέστειλέ
1362 4917 1427 4968 με
1455 4901 1482 4950 6
1518 4903 1625 4964 ζῶν
1661 4904 1772 4954 Πα-

193 4995 320 5064 τὴρ,
366 4995 520 5061 κάγὼ
559 4995 636 5058 ζῶ
678 4995 765 5048 διὰ
807 4993 896 5046 τὸν
932 4991 1177 5061 Πατέρα·
1209 4989 1302 5042 καὶ
1340 4992 1368 5042 ὁ
1394 4979 1622 5061 τρώγων
1671 5011 1768 5063 με,

194 5085 449 5144 κάκεῖνος
476 5080 630 5152 ζήσει
665 5083 731 5135 δι’
755 5084 876 5153 ἐμέ.
910 5104 926 5134 ι
964 5081 1152 5134 Καίτοι
1186 5078 1302 5140 πῶς
1342 5079 1438 5130 οὐκ
1478 5081 1673 5148 ἀληθὲς
1705 5084 1779 5134 εἱ-

197 5176 345 5234 πεῖν,
372 5171 445 5234 ὡς
475 5176 913 5245 καταπεφοίτηκε
948 5176 1044 5245 μὲν
1073 5174 1172 5226 οὐκ
1202 5170 1262 5235 ἐξ
1284 5170 1580 5241 οὺρανῶνή
1618 5173 1774 5244 σὰρξ,

209 5265 313 5320 ὶλϊ
353 5259 420 5332 ἦν
463 5263 528 5314 ὲκ
559 5263 859 5333 Παρθένου,
892 5265 1032 5319 κατὰ
1063 5265 1161 5328 τὰς
1200 5262 1455 5334 Γραφάς;
1495 5261 1619 5315 Ὅτι
1663 5263 1777 5316 ἔστι

273 5445 318 5476 ³¹
347 5442 501 5496 Joan.
537 5457 620 5508 ttt,
675 5443 726 5498 ’5.

201 5513 290 5578 5‘3,
318 5515 410 5581 57,
435 5513 526 5568 58.

807 5445 1032 5501 "Rom.
1068 5463 1186 5513 vttt,
1235 5446 1288 5510 9,
1327 5443 1414 5499 I0.

1511 5443 1554 5474 ³⁵
1593 5442 1752 5498 Joan.
1804 5461 1879 5508 Vl,
1913 5443 2003 5497 54.

1877 4629 1943 4681 de
2001 4627 2139 4680 ccelo
2187 4627 2459 4681 descendi.
2487 4624 2542 4678 Si
2588 4627 2710 4693 quis
2755 4623 3168 4678 manducaverit
3217 4635 3280 4673 ex
3340 4617 3441 4669 hoc

1879 4731 2035 4787 pane,
2069 4718 2210 4772 vivet
2243 4718 2292 4770 in
2324 4729 2583 4770 :eternum
2620 4731 2634 4766 :
2668 4723 2719 4768 et
2748 4715 2902 4784 panis
2933 4728 3092 4782 quem
3136 4724 3234 4778 ego
3282 4707 3439 4770 dabo,

1879 4824 2007 4863 caro
2027 4824 2140 4863 mea
2173 4819 2256 4862 est
2289 4823 2384 4878 pro
2424 4807 2604 4860 mundi
2633 4807 2762 4857 vita.
2800 4804 2898 4869 Qui
2933 4803 3217 4857 tnanducat
3271 4811 3441 4849 meam

1880 4909 2196 4964 carnetn,et
2233 4899 2365 4952 bibit
2410 4909 2584 4949 meum
2616 4894 2955 4960 sanguinem,
2999 4892 3048 4942 itt
3101 4903 3184 4940 me
3243 4895 3443 4949 manet,

1880 5001 1932 5046 et
1961 5006 2060 5060 ego
2089 4993 2140 5043 in
2187 4989 2298 5042 illo.
2346 4985 2496 5039 Sicut
2529 4999 2614 5038 me
2646 4982 2792 5035 misit
2824 4981 3006 5033 vivens
3046 4978 3228 5041 Pater,
3262 4986 3316 5032 et
3347 4992 3446 5046 ego

1879 5083 2000 5134 vivo
2031 5089 2249 5149 propter
2287 5075 2503 5128 Patrem
2533 5091 2546 5126 ι
2581 5082 2634 5127 et
2665 5073 2758 5142 qui
2786 5070 3079 5124 manducat
3109 5086 3216 5132 me.
3247 5079 3302 5124 et
3330 5070 3444 5136 ipse

1879 5173 2023 5226 vivet
2065 5179 2283 5238 propter
2325 5183 2410 5220 tne
2437 5165 2503 5217 ³⁷.
2557 5182 2574 5213 ι
2619 5162 2781 5230 Atqui
2837 5162 2966 5217 nulli
3029 5162 3318 5217 obscurum
3366 5169 3453 5211 est

1879 5277 2094 5318 carnem
2123 5259 2245 5313 Filii
2273 5257 2506 5312 hominis
2535 5270 2638 5309 non
2689 5255 3031 5311 descendisse
3057 5253 3123 5307 de
3165 5250 3447 5312 caelis,sed

2082 5440 2126 5470 ³⁵
2153 5439 2284 5493 ibid.
2309 5437 2397 5505 50,
2423 5437 2512 5493 51.
2590 5436 2637 5468 ⁸⁸
2661 5435 2790 5492 ibid.
2820 5435 2910 5502 52,
2941 5435 3027 5489 33.
3106 5433 3148 5465 ³⁷
3188 5430 3322 5487 ibid.
3354 5430 3448 5493 5‘1,

1305 5655 1478 5709 Vari-ce
1512 5653 1768 5707 lectiones
1802 5648 2016 5701 codices
2053 5644 2419 5712 Segnieriani.

274 5794 303 5835 1
326 5787 392 5840 τὰ
421 5784 641 5858 σαρκός.

723 5795 743 5822 ι
779 5783 1060 5846 δακτύλοις
1094 5784 1514 5854 κατασημαίνων
1548 5781 1708 5832 αὑτὸν
1741 5775 2068 5843 ἐνσώματον.

2148 5783 2166 5806 ⁸
2202 5777 2256 5826 ὲν
2288 5774 2546 5842 σώματι..
