4056 6334
585 348 715 408 1191

1570 339 1629 394 S.
1668 334 1946 394 CYRILLI
1984 331 2459 390 ALEXANDRINI
2498 329 2821 389 ARCHIEP.

3690 325 3828 384 “9'2

583 480 613 519 c
641 473 796 521 sacra
818 456 1028 530 virgine
1055 452 1352 512 secundum
1384 451 1696 522 Scripturas
1717 461 1984 521 sumptam
2007 463 2148 514 esse,

2283 447 2307 500 ὲ
2340 448 2442 501 οὐκ
2471 446 2686 509 ἐδεστὸς
2715 447 2744 498 ὁ
2784 442 2977 512 Λόγος,
3011 440 3124 496 ἀλλ’
3154 441 3233 506 είς
3270 441 3327 495 ἓν
3357 442 3526 514 ἄμφω
3556 441 3830 509 συλλέγων

582 567 732 622 teque
759 559 966 607 certum
1000 557 1080 604 est
1106 563 1121 601 :
1158 544 1388 601 Verbum
1417 543 1715 600 secundum
1752 557 1811 596 se
1839 543 2150 598 manducari

583 661 686 700 non
715 657 873 714 posse
891 685 905 710 ,
930 650 1169 696 attamen
1198 636 1494 694 secundum
1519 635 1975 705 dispensatoriam
2006 634 2153 690 illam

584 736 861 798 unionem,
880 731 1067 787 multis
1093 729 1294 800 passim
1321 728 1455 785 locis
1479 727 1665 782 videre
1685 725 1832 792 licet,
1858 734 1918 780 ut
1953 725 2157 780 utrius-

584 839 690 894 que
711 832 918 879 naturm
951 820 1317 892 preprietatcs
1358 817 1701 873 familiariter
1747 817 1849 873 sibi
1905 816 2161 872 vindicet

586 923 934 984 usurpetque.
964 913 1142 980 Quare
1176 910 1472 966 Nicodemo
1522 911 1840 980 mysterium
1903 909 2006 964 hoc
2050 923 2158 963 non

588 1005 925 1075 intelligenti,
957 1004 1051 1059 sed
1077 1001 1323 1072 imperite
1356 1019 1370 1054 :
1410 1018 1428 1051 ι
1471 999 1752 1066 Quomodo
1786 1007 2019 1069 possunt
2046 998 2160 1052 haec

589 1097 740 1150 ﬁeri?
762 1115 782 1148 ι
813 1094 1131 1159 sciscitanti,
1152 1093 1222 1146 ita
1247 1090 1523 1146 occurrit:
1549 1109 1568 1142 ι
1595 1091 1651 1145 Si
1681 1101 1895 1145 terrena
1927 1089 2038 1143 dixi
2066 1102 2162 1143 vo-

590 1189 695 1254 bis,
714 1197 766 1242 et
782 1202 884 1241 non
904 1187 1143 1248 creditis,
1161 1183 1429 1253 quomodo
1455 1181 1499 1237 si
1526 1181 1766 1237 ctelestia
1783 1181 1934 1237 vobis
1954 1180 2164 1245 dixero,

591 1278 876 1333 credetis?
909 1277 977 1331 Et
1020 1290 1181 1330 nemo
1244 1272 1488 1328 ascendit
1544 1273 1599 1326 in
1655 1270 1872 1334 ctelutn,
1905 1269 2008 1324 nisi
2072 1269 2162 1338 qui

591 1366 869 1423 descendit
900 1365 967 1420 de
1000 1364 1160 1431 caelo,
1196 1363 1366 1418 Filius
1407 1361 1518 1432 36
1556 1359 1793 1414 hominis
1817 1358 1880 1411 ³⁸.
1908 1375 1927 1408 ι
1966 1355 2166 1410 Judzeis

592 1469 770 1512 autem
817 1456 1004 1510 eodem
1032 1454 1191 1524 plane
1224 1452 1452 1508 inscitia:
1486 1451 1676 1504 morbo
1719 1463 1841 1502 cum
1877 1446 2168 1501 Nicodemo

593 1544 980 1607 laborantibus,
1006 1543 1216 1613 ipsique
1263 1542 1406 1612 quod
1450 1554 1645 1608 corpus
1671 1553 1825 1593 suum
1867 1535 2165 1598 viviﬁcum,

593 1650 800 1692 necnon
822 1637 887 1691 de
904 1635 1042 1690 cmlo
1074 1634 1338 1703 dilapsum
1359 1631 1677 1696 aliirmaret,
1697 1629 1878 1683 nescio
1902 1627 2169 1697 quomodo

595 1729 819 1782 illudere
871 1741 976 1781 non
1015 1726 1408 1787 dubitantibus,
1436 1723 1516 1777 sic
1567 1722 1747 1776 aiebat
1788 1734 1804 1775 :
1852 1739 1870 1771 ι
1913 1719 2025 1774 lloc
2075 1732 2169 1774 vos

2256 535 2398 590 κατὰ
2419 533 2689 605 σύμϐασιν
2710 531 3055 603 οἰκονομικὴν
3075 531 3143 585 τὰ
3167 532 3274 584 τῶν
3295 531 3508 600 φύσεων
3534 530 3827 601 ἰδιώματα,

2254 626 2346 680 διὰ
2377 624 2584 696 μυρίων
2623 625 2760 678 ὅσων
2786 625 2917 695 ἡμῖν
2942 623 3132 694 ὁρᾶται
3160 621 3356 690 λόγων.
3387 621 3688 692 Νικοδήμῳ
3731 620 3832 691 μὲν

2257 717 2366 788 γὰρ
2387 718 2447 770 οὺ
2481 717 2715 770 συνιέντι
2737 716 2799 768 τὸ
2831 717 3150 787 μυστήριον,
3178 714 3579 785 ἀνακεκραγότι
3603 714 3664 767 δὲ
3691 715 3838 783 ἁμα-

2266 809 2561 873 θῶςυιΠῶς
2587 806 2806 862 δύναται
2835 807 3003 861 ταῦτα
3033 805 3284 876 γενέσθαι
3305 807 3458 868 ;-Εί
3486 805 3555 858 τὰ
3591 806 3837 874 ἐπίγεια,

2262 901 2445 972 φησιν,
2478 896 2627 952 εἷπον
2662 900 2811 970 ὑμῖν,
2854 900 2946 952 xui
2973 899 3034 952 οὐ
3068 898 3354 952 πιστεύετε
3374 913 3387 928 ⁶
3419 898 3534 962 πῶς
3570 897 3666 950 ἐὰν
3699 899 3838 950 εἴπω

2261 994 2330 1046 τὰ
2365 991 2665 1063 ἐπουράνια
2699 993 2847 1062 ὑμῖν,
2881 992 3235 1062 πιστεύσητε;
3270 989 3379 1044 Καὶ
3415 989 3589 1052 οὐδεὶς
3634 989 3839 1041 ἀναδέ-

2265 1085 2434 1155 σηκεν
2463 1086 2541 1146 εἰς
2565 1083 2656 1135 τὸν
2683 1082 2928 1153 οὐρανὸν,
2957 1086 3007 1136 εί
3043 1083 3116 1154 μὴ
3145 1085 3172 1136 ὁ
3202 1083 3328 1146 Υἱὸς
3351 1081 3446 1135 τοῦ
3480 1080 3778 1151 ἀνθρώπου
3815 1081 3842 1132 ὁ

2267 1177 2332 1228 ὲκ
2369 1174 2463 1228 τοῦ
2498 1172 2723 1244 οὐρανοῦ
2767 1173 3030 1237 καταϐάς.
3057 1192 3073 1225 ι
3120 1173 3394 1236 Ἰουδαίοις
3428 1190 3486 1226 τε
3527 1173 3695 1225 πάλιν
3742 1171 3843 1243 τὴν

2267 1269 2389 1340 ῐσην
2420 1266 2610 1337 ἐκείνῳ
2641 1266 2884 1328 νοσοῦσιν
2906 1265 3280 1331 ἀπαιδευσίαν,
3315 1267 3407 1320 xui
3439 1266 3721 1337 διαγελᾷν,
3743 1266 3844 1317 οὐκ

2268 1356 2361 1414 οἷδ’
2382 1361 2549 1427 ὅπως,
2576 1360 2852 1430 ἑλομένοις
2873 1359 3052 1423 αὑτὸν,
3069 1359 3299 1429 ἐπείπερ
3324 1357 3426 1429 ἔφη
3455 1357 3726 1422 ζωοποιὸν
3749 1356 3846 1409 καὶ

2269 1453 2327 1519 ἐξ
2361 1453 2589 1523 οὐρανοῦ
2632 1453 2692 1505 τὸ
2726 1453 2854 1505 ἴδιον
2890 1452 3074 1522 σῶμα·
3109 1469 3128 1502 t
3164 1450 3334 1503 Τοῦτο
3373 1451 3516 1521 ὑμᾶς
3558 1448 3847 1503 σκανδαλί-

2272 1543 2384 1605 Cat;
2429 1544 2590 1614 φησίν
2617 1561 2628 1574 '
2664 1542 2756 1598 ἐὰν
2782 1539 2872 1595 οὖν
2904 1542 3140 1613 Θεῳρῆτε
3163 1541 3252 1594 τὸν
3278 1541 3403 1594 Υἱὺν
3427 1538 3521 1594 τοῦ
3551 1539 3844 1610 ἀνθρώπου

2271 1636 2626 1689 ἀναϐαίνοντα
2671 1636 2805 1688 ὅπου
2838 1631 2905 1706 ἦν
2945 1634 3006 1686 τὸ
3049 1634 3345 1705 πρότερον;
3377 1653 3393 1684 ι
3437 1634 3506 1685 Ἢ
3537 1633 3664 1701 οὐχὶ
3696 1631 3847 1683 τετέ-

2273 1723 2397 1794 χθαι
2432 1724 2608 1793 φαμὲν
2651 1725 2714 1774 ὲκ
2757 1721 3012 1790 γυναικὸς
3057 1737 3147 1773 τον
3182 1719 3558 1791 Ἐμμανουήλ;
3607 1717 3722 1772 Ποῦ
3756 1713 3847 1770 οὖν

595 1813 962 1868 scandalizat?
987 1812 1043 1866 Si
1073 1827 1201 1881 ergo
1223 1811 1469 1866 videritis
1491 1809 1686 1866 Filium
1719 1809 1952 1863 hominis
1985 1823 2169 1864 ascen-

2279 1817 2333 1868 τὸ
2362 1815 2624 1886 πρότερον
2648 1810 2738 1885 ἦν,
2768 1814 2800 1885 ἢ
2833 1813 2948 1876 πῶς
2979 1810 3314 1881 ἀναϐέϐηκεν
3345 1809 3471 1863 ἔνθα
3506 1812 3676 1882 φησὶν
3708 1807 3847 1862 εἶναι

596 1904 810 1957 dentem
856 1902 946 1958 ubi
995 1904 1144 1971 prius
1188 1902 1410 1957 erat"?
1447 1920 1464 1954 ι
1515 1901 1692 1969 Quid?
1724 1915 1902 1955 nonne
1952 1900 2170 1954 Emma-

595 1991 811 2048 nuclem
841 2007 908 2048 ex
934 1994 1160 2048 muliere
1209 2002 1394 2047 natum
1429 1991 1696 2047 dicimus?
1730 1990 1830 2048 Ubi
1863 2006 1993 2063 ergo
2020 1991 2168 2061 prius

595 2091 734 2149 erat,
770 2094 864 2138 aut
892 2097 998 2152 qua
1039 2084 1251 2138 ratione
1277 2095 1342 2136 eo
1372 2083 1682 2137 ascendisse
1721 2095 1781 2136 se
1825 2081 2040 2146 asserit,
2075 2081 2166 2135 ubi

599 2183 725 2227 ante
746 2173 903 2227 erat?
931 2172 1116 2228 Nonne
1155 2187 1382 2243 corpore
1418 2172 1522 2227 sibi
1551 2172 1701 2227 unito
1727 2186 1791 2227 ex
1819 2180 2003 2226 sancta
2039 2168 2165 2226 Vir-

598 2265 722 2333 gine
768 2274 957 2318 natum
1012 2263 1364 2333 proﬁtemur?
1410 2263 1604 2318 Annon
1653 2277 1872 2317 carnem
1930 2277 2050 2331 qua:
2100 2263 2168 2316 de

603 2365 746 2408 terra
769 2355 1030 2424 est,quod
1064 2355 1280 2422 quidem
1303 2353 1366 2406 ad
1384 2353 1655 2422 propriam
1681 2363 1927 2406 naturam
1954 2354 2168 2418 attinet,

601 2443 925 2500 inemeacem
973 2445 1039 2499 ad
1071 2447 1172 2500 hoc
1217 2459 1339 2500 esse
1391 2446 1761 2513 agnoscimus,
1802 2455 1862 2499 ut
1895 2445 2173 2500 viviﬁcare

602 2536 812 2604 possit?
842 2536 959 2604 Quo
987 2537 1150 2607 igitur
1205 2537 1366 2592 modo
1394 2536 1508 2603 die,
1532 2550 1733 2606 quaeso,
1758 2545 1851 2590 aut
1882 2551 2009 2591 caro
2037 2538 2173 2592 vivi-

602 2626 702 2680 lica
739 2634 843 2692 est,
874 2634 968 2678 aut
1012 2639 1210 2694 corpus
1253 2625 1394 2695 quod
1449 2635 1720 2679 terrenum
1751 2634 1890 2678 este
1926 2624 2064 2678 ctelo
2091 2625 2175 2678 dio

602 2715 808 2788 lapsum
834 2717 1057 2786 intelligi
1096 2716 1316 2786 potest?
1342 2715 1538 2785 Utique
1567 2715 1865 2770 secundum
1899 2716 2173 2782 unionem,

2275 1907 2475 1968 αὑτὸν,
2519 1906 2694 1958 καίτοι
2748 1903 3030 1974 τεχθέντος
3081 1901 3169 1955 διὰ
3205 1903 3303 1973 τῆς
3355 1902 3518 1970 ἁγίας
3563 1901 3847 1973 Παρθένου

2274 1997 2368 2051 τοῦ
2394 1995 2683 2058 ὲνωθέντος
2705 1994 2851 2064 αὐτῷ
2879 1993 3149 2064 σώματος
3173 1993 3304 2063 Οὐχὶ
3328 1993 3383 2047 δὲ
3415 1994 3510 2047 xui
3540 1996 3848 2064 ἀπρακτεῖν

2274 2086 2667 2159 ὁμολογήσαιμ⁶
2692 2085 2719 2124 δ
2749 2084 2816 2138 ἂν
2845 2084 2941 2155 τὴν
2975 2084 3082 2137 ἀπὸ
3117 2084 3221 2152 γῆς
3254 2084 3432 2154 σάρκα
3479 2083 3618 2154 πρὸς
3656 2083 3720 2135 τὸ
3763 2081 3850 2134 δύ-

2271 2180 2465 2234 νασθαι
2496 2179 2799 2243 ζωοποιεῖν,
2845 2179 2966 2230 ὅσον
3009 2172 3141 2247 ἧκεν
3189 2177 3266 2239 εἰς
3302 2177 3436 2230 ἰδίαν
3484 2176 3686 2246 φύσινς
3731 2175 3851 2238 Πῶς

2273 2266 2383 2332 οὖν,
2409 2270 2527 2322 είπὲ
2561 2287 2672 2340 μοι,
2701 2268 2962 2332 ζωοποιδς
2989 2270 3023 2337 ἡ
3050 2266 3216 2332 σηάρξς
3247 2268 3278 2336 ἢ
3311 2267 3429 2329 πῶς
3456 2267 3523 2319 ἂν
3548 2269 3733 2318 νοοῖτο
3760 2265 3850 2316 xui

2276 2359 2334 2425 ἐξ
2368 2357 2601 2428 οὖρα.νοῦ
2644 2358 2706 2409 τὸ
2749 2358 2856 2410 ἀπὸ
2885 2359 3016 2427 γῆς;
3059 2357 3195 2409 Καθ’
3235 2357 3426 2408 ἕνωσιν
3458 2356 3728 2426 δηλονότι,
3761 2355 3852 2425 τὴν

2276 2447 2415 2517 πρός
2455 2447 2517 2515 γέ
2562 2465 2702 2516 φημι
2733 2447 2823 2501 τὸν
2859 2448 3036 2511 ζῶντά
3078 2465 3137 2499 τε
3182 2448 3274 2500 xui
3317 2447 3610 2516 οὐρανόθεν
3641 2447 3848 2514 Λόγον·

2277 2539 2621 2609 φρονήσομεν
2659 2539 2766 2608 γὰρ
2811 2539 2907 2591 ὡδὶ
2940 2538 3009 2590 τὰ
3056 2537 3175 2591 λίαν
3208 2537 3364 2608 ὀρθὰ,
3403 2538 3495 2591 xui
3533 2540 3653 2600 τοῖς
3693 2538 3854 2608 ἱεροῖς

2280 2627 2646 2698 συμϐαίνοντα
2681 2629 2894 2696 Λόγοις.
2912 2628 3010 2698 Εἴη
3029 2628 3135 2700 γὰρ
3153 2629 3248 2700 οὐχ
3274 2629 3458 2700 ἕτερος
3474 2630 3570 2682 xui
3593 2631 3856 2700 Δημιουρ-

2279 2719 2373 2787 γδς
2398 2719 2614 2784 θεῖκῶς,
2646 2721 2740 2771 καὶ
2766 2720 2852 2772 ὅτε
2883 2718 2957 2790 μὴ
2986 2719 3108 2788 δίχα
3137 2721 3309 2772 νοοῖτο
3338 2718 3561 2790 σαρκός.

604 2826 709 2878 qua
756 2809 879 2864 vivo
926 2808 1001 2864 illi
1054 2807 1372 2877 caelestique
1423 2805 1601 2861 Verbo
1659 2807 2008 2875 conjunetum
2063 2816 2170 2862 est.
2219 2807 2374 2864 Hunc
2419 2825 2549 2881 ergo
2597 2812 2654 2864 in
2703 2811 2916 2864 modum
2964 2812 3280 2876 sentientes,
3333 2824 3483 2876 vera,
3548 2808 3854 2877 divinisque

604 2897 824 2970 Litteris
881 2905 1252 2953 consentanea
1319 2895 1636 2950 sentiemus.
1656 2892 1802 2948 Unus
1835 2893 1976 2947 enim
2008 2893 2257 2964 idemque
2295 2898 2511 2952 divinus
2531 2908 2614 2952 est
2635 2896 2827 2967 Opifex
2851 2901 3012 2953 etiam
3035 2913 3200 2952 carne
3230 2899 3476 2953 vestitus.

674 2987 916 3044 XXXIX.
961 2986 1295 3057 Astipulatur
1331 2984 1457 3040 huic
1491 2998 1709 3054 quoque
1735 2983 1997 3037 doctrinae
2047 2983 2181 3037 divi-
2209 2993 2253 3050 α

607 3095 710 3135 nus
736 3079 850 3144 ille,
879 3077 1228 3144 cmlestisque
1261 3074 1540 3144 sapientia:
1585 3073 1844 3142 magister
1892 3072 2178 3140 Apostolus

608 3168 826 3224 Paulus.
845 3165 1047 3222 Scribit
1074 3172 1254 3218 autem
1279 3163 1332 3216 in
1359 3163 1473 3217 haec
1492 3163 1656 3216 verba
1683 3178 1697 3215 :
1729 3177 1748 3212 ι
1785 3160 2003 3215 Gratias
2024 3176 2183 3230 agen-

612 3272 692 3316 tes
713 3260 845 3323 Deo,
872 3256 966 3328 qui
996 3257 1184 3326 dignos
1216 3269 1313 3309 nos
1348 3252 1476 3309 fecit
1508 3253 1560 3307 in
1606 3264 1816 3324 partem
1862 3253 2024 3308 sortis
2053 3268 2180 3308 san-

612 3361 819 3405 ctorum
870 3349 925 3403 in
971 3346 1327 3414 lumine;qui
1391 3345 1589 3414 eripuit
1637 3359 1736 3400 nos
1795 3345 1861 3399 de
1916 3352 2182 3412 potestate

612 3442 987 3502 tenebrarum,
1013 3448 1066 3493 et
1096 3437 1368 3490 transtulit
1393 3435 1446 3489 in
1473 3450 1694 3503 regnum
1723 3434 1848 3489 Filii
1878 3433 2183 3489 dilectiOnis

615 3546 748 3596 suae,
794 3529 846 3582 in
899 3541 1006 3598 quo
1055 3526 1316 3579 habemus
1375 3525 1823 3592 redemptionem,
1879 3533 1930 3579 et
1988 3526 2181 3578 remis-

615 3624 822 3679 sionem
875 3628 1216 3690 peccatorum
1250 3634 1262 3668 :
1293 3615 1384 3685 qui
1413 3625 1497 3670 est
1523 3616 1699 3684 imago
1746 3614 1840 3669 Dei
1873 3615 2180 3683 invisibilis,

615 3711 1003 3786 primogenitus
1027 3711 1203 3763 omnis
1221 3716 1483 3762 creaturae
1504 3725 1518 3761 :
1543 3707 1796 3775 quoniam
1829 3707 1879 3759 in
1909 3706 2024 3775 ipso
2052 3721 2184 3760 con-

617 3805 725 3859 dita
759 3813 885 3858 sunt
916 3803 1167 3855 universa
1202 3800 1255 3854 in
1280 3799 1453 3863 cmlis,
1497 3809 1550 3852 et
1586 3800 1638 3852 in
1672 3806 1834 3859 terra,
1869 3799 2096 3853 visibilia
2131 3807 2185 3853 et

618 3893 935 3955 invisibilia,
979 3892 1094 3945 sive
1137 3889 1364 3956 ’l‘hroni,
1415 3890 1529 3943 sive
1574 3887 2012 3951 Dominationes,
2074 3890 2186 3943 sive

619 3983 978 4054 Principatus,
1013 3983 1127 4036 sive
1179 3980 1486 4034 Potestates
1512 3996 1526 4033 :
1554 3980 1732 4032 omnia
1777 3995 1874 4048 per
1901 3980 2099 4048 ipsum,
2131 3989 2186 4036 et

621 4074 674 4128 in
699 4075 811 4144 ipso
837 4082 1020 4127 creata
1049 4080 1213 4137 sunt;
1249 4078 1303 4123 et
1334 4071 1448 4140 ipse
1479 4078 1563 4124 est
1593 4079 1720 4124 ante
1747 4085 1958 4136 omnes,
1990 4082 2045 4124 et
2067 4087 2187 4125 om-

622 4167 711 4220 nia
744 4168 796 4220 in
826 4167 941 4235 ipso
969 4164 1312 4219 constant.Et
1331 4164 1446 4232 ipse
1462 4163 1979 4232 estcaputcorporis
2002 4162 2190 4218 Eccle-

621 4258 734 4321 siae,
763 4259 853 4326 qui
883 4267 962 4312 est
993 4257 1335 4326 principium,
1369 4255 1759 4325 primogenitus
1803 4269 1868 4308 ex
1923 4253 2184 4319 mortuis;

2355 2989 2478 3041 ΛΘ’.
2520 2988 2876 3058 Συλλήπτορα
2922 2987 2978 3039 δὲ
3018 2984 3113 3040 τοῦ
3158 2985 3317 3054 λόγου
3357 2988 3662 3057 ποιήσομαι
3701 2987 3855 3043 πάλιν

2280 3077 2375 3130 ὡδὶ
2409 3078 2726 3148 γεγραφότα
2747 3077 2837 3129 τὸν
2864 3076 3237 3147 οὐρανόφρονα
3272 3076 3365 3128 καὶ
3397 3075 3689 3130 θεσπέσιον
3721 3081 3857 3132 Παῦ-

2281 3163 2397 3217 λονο
2434 3183 2452 3216 t
2480 3165 2941 3236 Εὑχαριστοῦντες
2987 3164 3062 3235 τῷ
3099 3165 3216 3236 Θεῷ
3250 3165 3346 3218 καὶ
3377 3168 3589 3239 Πατρὶ,
3625 3168 3704 3238 τῷ
3745 3171 3857 3222 Exu-

2281 3255 2511 3310 νώσαντι
2541 3259 2689 3327 ἡμᾶς
2720 3259 2800 3320 εἰς
2826 3251 2924 3327 τὴν
2954 3257 3147 3327 μερίδα
3179 3257 3270 3310 τοῦ
3302 3257 3505 3328 κλήρου
3543 3260 3652 3312 τῶν
3687 3262 3854 3329 ἁγίων

2281 3348 2338 3399 ὲν
2368 3347 2444 3417 τῷ
2475 3349 2610 3416 φωτί
2630 3366 2643 3379 ο
2675 3349 2733 3412 ὃς
2770 3348 3037 3419 ἐρρύσατο
3067 3350 3213 3418 ἡμᾶς
3251 3350 3313 3401 ὲκ
3350 3350 3444 3418 τῆς
3485 3347 3738 3414 ἐξουσίας
3767 3351 3857 3404 τοῦ

2285 3441 2526 3506 σιώτους,
2553 3441 2646 3493 xui
2679 3441 3009 3511 μετέστησεν
3039 3443 3117 3502 εἰς
3146 3440 3242 3509 τὴν
3275 3439 3555 3509 βασιλείαν
3589 3443 3686 3494 τοῦ
3725 3445 3850 3496 Υξοῦ

2283 3532 2381 3601 τῆς
2413 3532 2634 3601 ἀγάπης
2673 3531 2878 3593 αὑτοῦ,
2916 3532 2972 3582 ὲν
3004 3523 3047 3597 ᾧ
3086 3529 3280 3600 ἔχομεν
3316 3531 3413 3600 τὴν
3459 3532 3856 3601 ἀπολύτρωσιν,

2282 3625 2381 3694 τὴν
2406 3623 2598 3690 ἄφεσιν
2632 3622 2741 3674 τῶν
2773 3621 3059 3690 ἁμαρτιῶν
3085 3638 3098 3651 '
3130 3622 3187 3684 ὃς
3221 3622 3368 3674 ἐστιν
3395 3621 3556 3673 εἰκὼν
3586 3623 3682 3675 τοῦ
3724 3622 3858 3676 Θεοῦ

2283 3714 2378 3767 τοῦ
2426 3715 2690 3784 ἀοράτου,
2733 3713 3075 3780 πρωτότοκος
3130 3714 3309 3782 πάσης
3355 3713 3622 3776 κτίσεως·
3671 3716 3752 3766 ὅτι
3804 3717 3860 3769 ἐν

2285 3804 2434 3873 αὺτῷ
2472 3803 2694 3872 ἐκτίσθη
2724 3804 2790 3854 τὰ
2822 3803 3019 3866 πάντα,
3048 3802 3114 3854 τὰ
3144 3804 3200 3854 ὲν
3227 3805 3338 3863 τοῖς
3369 3803 3640 3872 οὐρανοῖς,
3672 3805 3763 3856 καὶ
3795 3805 3860 3856 τὰ

2288 3895 2380 3947 ἐπὶ
2415 3893 2514 3961 τῆς
2554 3890 2679 3960 γῆς,
2710 3892 2780 3944 τὰ
2815 3892 2984 3962 ὁρατὰ
3019 3892 3112 3944 xui
3139 3892 3210 3945 τά
3239 3891 3443 3961 ἀόρατα
3466 3906 3482 3920 ⁶
3506 3892 3617 3942 εἴτε
3649 3892 3858 3961 Θρόνοι,

2287 3984 2397 4038 εἴτε
2433 3985 2801 4053 Κυριότητες,
2849 3985 2958 4039 εἴτε
3011 3984 3236 4053 Ἀρχαὶ,
3283 3982 3414 4051 εἴτε¹
3448 3983 3758 4048 Ἐξουσίαι,
3794 3985 3860 4036 τὰ

2287 4077 2464 4129 πάντα
2491 4075 2558 4126 δι’
2583 4073 2748 4126 αὑτοῦ
2799 4076 2892 4126 καὶ
2925 4076 3005 4136 είς
3036 4076 3197 4127 αὐτὸν
3244 4074 3486 4127 ἔκτισται
3510 4090 3523 4104 ο
3563 4075 3659 4126 καὶ
3700 4064 3862 4139 αὐτός

2288 4169 2404 4220 ὲστι
2429 4167 2534 4237 πρὸ
2553 4167 2790 4229 πάντων,
2824 4166 2918 4218 xui
2951 4166 3018 4218 τὰ
3049 4166 3226 4219 πάντα
3258 4167 3317 4219 ὲν
3344 4165 3495 4235 αὐτῷ
3527 4166 3857 4237 συνέστηκεθ

2288 4260 2383 4310 xui
2409 4257 2568 4320 αὑτός
2591 4259 2740 4310 ἐστιν
2773 4257 2805 4328 ἠ
2835 4257 3045 4327 κεφαλὴ
3075 4256 3167 4308 τοῦ
3204 4255 3454 4324 σώματος
3493 4258 3595 4326 τῆς
3634 4255 3863 4327 Ἐκκλη-

623 4356 682 4400 ut
707 4349 777 4402 sit
810 4348 861 4402 in
924 4347 1173 4400 omnibus
1235 4347 1350 4415 ipse
1399 4345 1690 4414 primatum
1725 4355 1930 4398 tenens.
1968 4342 2104 4410 Quia
2135 4342 2177 4395 in

2294 4350 2435 4412 σίας,
2470 4349 2527 4410 ὃς
2556 4349 2702 4399 ἐστιν
2729 4347 2892 4418 ἀρχὴ,
2927 4347 3270 4416 πρωτότοκος
3295 4348 3358 4399 ἐκ
3384 4347 3494 4398 τῶν
3519 4346 3754 4418 νεκρῶν,
3781 4349 3862 4399 ἵνα

624 4441 740 4511 ipso
775 4441 1100 4508 complacuit
1151 4453 1365 4493 omnem
1420 4438 1809 4508 plenitudinem
1862 4435 2184 4499 inhabitare,

624 4541 681 4585 et
712 4547 804 4599 per
845 4547 964 4584 eum
1011 4529 1359 4583 reconciliare
1390 4531 1570 4583 omnia
1601 4530 1652 4581 in
1688 4524 2188 4596 ipsum,pacilicans

593 4629 719 4688 'per
748 4620 1060 4686 sanguinem
1090 4619 1267 4671 crucis
1296 4620 1434 4685 ejus,
1469 4620 1584 4673 sive
1617 4634 1735 4686 qua:
1769 4618 1824 4670 in
1868 4617 2047 4681 terris,
2077 4615 2188 4669 sive

628 4726 744 4776 qnze
784 4711 833 4762 in
862 4709 1010 4762 cmlis
1037 4717 1160 4762 sunt
1176 4709 1242 4762 ‘°.
1286 4727 1304 4759 ι
1352 4709 1428 4760 En
1466 4708 1552 4760 hic
1585 4709 1775 4760 iterum
1802 4707 2000 4761 diserte
2020 4721 2186 4774 expo-

629 4801 792 4863 nitur,
817 4815 913 4869 per
956 4800 1158 4869 ipsum,
1195 4808 1251 4852 et
1305 4799 1358 4852 in
1394 4798 1509 4867 ipso
1554 4797 1733 4849 omnia
1767 4811 1886 4849 esse
1937 4796 2187 4862 condita;

630 4905 840 4944 rursum
877 4903 1003 4946 ante
1046 4891 1223 4946 omnia
1249 4889 1532 4949 exsistere,
1562 4885 1667 4956 37
1725 4886 2082 4952 universziqne
2137 4887 2186 4937 in

633 4983 746 5050 ipso
769 4995 1037 5052 constare,
1066 4995 1175 5039 tum
1208 4987 1381 5054 ipsum
1438 4995 1651 5051 quoque
1679 4979 2092 5048 primogenitum
2126 4993 2190 5030 ex

637 5075 858 5138 mortuis
913 5077 1183 5143 praedicat,
1233 5080 1320 5145 qui
1363 5091 1456 5145 per
1505 5073 1820 5142 sanguinem
1869 5069 2047 5124 crucis
2085 5083 2195 5120 sum

631 5163 810 5218 Omnia
850 5163 1166 5231 paciﬁcarit,
1191 5177 1298 5220 tam
1352 5181 1469 5235 quae
1504 5166 1554 5219 in
1582 5163 1736 5219 caelis
1782 5176 1942 5231 quam
1969 5175 2086 5229 qua:
2141 5159 2191 5210 in

635 5256 816 5310 terris.
847 5256 915 5308 At
971 5256 1114 5325 quis,
1163 5273 1364 5326 quaeso,
1407 5275 1472 5314 ex
1533 5255 1762 5312 mortuis
1805 5253 2195 5325 primogenitus

703 5412 747 5444 ³⁸
773 5409 929 5469 Joan.
967 5427 1049 5476 ιιι,
1080 5410 1231 5477 9—12,
1274 5414 1361 5468 l5.
1438 5414 1480 5446 "
1509 5414 1665 5469 Joan.
1700 5413 1886 5480 vt,65.

2294 4438 2516 4507 γένηται
2546 4439 2603 4489 ὲν
2635 4437 2798 4489 πᾶσιν
2824 4436 2987 4498 αὐτὸς
3016 4434 3330 4506 πρωτεύων.
3359 4435 3480 4489 Ὀτι
3509 4439 3565 4487 ἐν
3595 4437 3744 4506 αὐτῷ
3782 4438 3862 4488 εὐ-

2294 4531 2488 4598 δόκησε
2524 4531 2630 4580 πᾶν
2673 4527 2733 4580 τδ
2763 4526 3034 4597 πλήρωμα
3075 4528 3424 4597 κατοικῆσαι,
3466 4528 3558 4580 καὶ
3602 4528 3669 4580 δι’
3703 4529 3860 4581 αὑτοῦ

2297 4621 2738 4687 ἀποκαταλλάξαι
2776 4620 2842 4672 τὰ
2893 4621 3069 4671 πάντα
3115 4620 3192 4682 είς
3234 4619 3417 4683 αὐτὸν,
3449 4620 3862 4689 εἰρηνοποιήσας

2297 4711 2382 4764 διὰ
2436 4712 2530 4770 τοῦ
2586 4711 2815 4779 αἵματος
2858 4707 2951 4761 τοῦ
3012 4709 3246 4780 σταυροῦ
3286 4709 3475 4770 αὐτοῦ,
3528 4708 3636 4760 εἴτε
3674 4708 3745 4760 τὰ
3780 4708 3863 4759 ἐπὶ

2295 4802 2394 4871 τῆς
2423 4803 2545 4870 γῆς,
2593 4802 2701 4854 εἴτε
2739 4799 2808 4851 τὰ
2849 4799 2907 4850 ὲν
2941 4800 3053 4859 τοῖς
3081 4799 3349 4869 οὐρανοῖς.
3379 4817 3396 4846 ι
3445 4797 3576 4848 Ἰδοὺ
3611 4796 3676 4864 δὴ
3712 4796 3862 4850 πάλιν

2297 4892 2597 4958 ἀναφανδὸν
2625 4892 2688 4942 δι’
2713 4888 2905 4948 αὑτοῦ,
2934 4889 3091 4956 φησι,
3111 4888 3204 4939 xui
3234 4887 3315 4947 είς
3338 4884 3498 4936 αὐτὸν
3528 4885 3770 4939 ἔκτισται
3803 4887 3862 4939 τὰ

2294 4982 2488 5041 πάντα,
2520 4981 2611 5030 xui
2645 4977 2749 5048 μὴν
2771 4978 2851 5029 ὅτι
2875 4977 2980 5044 πρὸ
2995 4977 3208 5029 πάντων
3227 4977 3360 5038 ἐστὶ,
3384 4977 3472 5029 καὶ
3493 4977 3574 5030 ὅτι
3604 4980 3670 5034 τὰ
3692 4979 3861 5032 πάντα

2297 5069 2626 5138 συνέστηκεν
2659 5070 2717 5121 ἐν
2772 5066 2949 5139 αὐτῷ·
3017 5066 3111 5119 xui
3141 5067 3299 5119 αὑτὸν
3333 5063 3469 5122 εἶναι
3538 5086 3674 5139 φησι
3717 5086 3859 5138 πρω-

2294 5161 2511 5214 τότοκον
2536 5164 2599 5215 ὲκ
2631 5162 2862 5232 νεκρῶν,
2889 5158 3369 5231 εἰρηνοποιήσαντα
3396 5161 3485 5215 διὰ
3508 5162 3602 5214 τοῦ
3638 5163 3858 5232 αἵματος

2292 5252 2387 5308 τοῦ
2416 5254 2650 5327 σταυροῦ
2674 5253 2862 5318 αὑτοῦ,
2880 5253 2949 5310 τά
2964 5269 3022 5306 τε
3048 5253 3105 5308 ἐν
3124 5253 3386 5325 οὐρανοῖς,
3412 5255 3505 5310 xui
3529 5256 3597 5310 τὰ
3625 5255 3722 5307 ἐπὶ
3745 5252 3839 5321 γῆς

1965 5413 2006 5444 ⁸ο
2032 5410 2242 5468 Coloss.
2290 5429 2330 5478 ι,
2360 5409 2550 5466 12-90.

1731 5569 1910 5624 Variae
1946 5569 2203 5625 lectiones
2230 5566 2434 5623 codicis
2459 5562 2819 5633 Segnieriani.

715 5697 739 5735 δ
764 5700 1198 5772 ὁμολογήσωμεν,
1229 5702 1354 5773 [Vell
1384 5702 1801 5771 ὁμολογήσομεν.
