4056 6334
148 399 268 453 H95

1072 399 1158 453 DE
1193 395 1418 453 RECTA
1460 393 1611 449 FIDE
1650 394 1738 446 AD
1776 392 2215 449 TllEODOSIUM
2255 390 2392 446 IMP.

3219 391 3353 445 “SM

144 508 263 563 Εἶτα
294 509 378 574 τίς
408 508 436 562 6
469 511 533 562 ὲκ
572 507 780 579 νεκρῶν
829 510 1202 580 πρωτότοκος,
1246 512 1294 563 εἰ
1347 508 1420 579 μὴ
1465 509 1695 579 Χριστὸς

1808 518 1896 569 est,
1938 508 2303 563 nisiChristus
2333 505 2511 570 Jesus,
2540 504 2638 558 hoc
2677 512 2779 566 cst,
2820 505 2869 556 in
2930 518 3093 559 carne
3142 513 3194 559 et
3234 522 3354 557 cum

154 601 367 671 Ἰησοῦς,
392 601 671 653 τουτέστιν
713 600 769 651 ὲν
802 603 964 674 σαρκὶ
997 604 1091 657 καὶ
1134 601 1271 673 μετὰ
1306 600 1503 669 σαρκὸς
1537 603 1563 652 6
1592 601 1693 653 Λό-

143 709 261 760 γοςς
291 690 523 759 Τεθναίη
555 690 661 761 γὰρ
694 689 758 743 ἂν
786 692 1037 763 οὐδαμῶς
1068 694 1130 746 τὸ
1159 709 1220 760 γε
1251 694 1329 753 εἰς
1363 690 1497 743 ἰδίαν
1534 689 1695 759 φύσιν

143 782 286 853 ἧκον,
315 782 445 845 Θεὸς
476 780 550 833 ὢν
578 783 605 834 6
636 782 806 850 Λόγος
826 801 838 814 ο
866 784 975 838 οὐδ’
998 787 1064 839 ἂν
1096 786 1267 837 νοοῖτο
1296 782 1403 835 τῶν
1435 783 1569 835 ὅλων
1604 784 1696 850 δη-

147 870 414 941 μιουργὸς,
443 870 566 923 καθ’
592 872 737 941 ἡμᾶς
760 872 835 925 ὢν
866 875 1170 945 ἄνθρωπος,
1201 872 1249 923 εί
1284 872 1358 942 μὴ
1388 872 1696 943 δεδημιούρ-

143 980 269 1032 γηκε
296 964 395 1031 μὲν
417 962 491 1025 ὡς
516 961 665 1027 Θεὸς,
694 964 796 1017 κᾶν
820 966 867 1017 εί
896 964 969 1034 μὴ
993 964 1115 1033 δίχα
1140 962 1337 1035 σαρκὸς
1361 968 1529 1016 νοοῖτο
1559 966 1695 1035 μετὰ

142 1053 231 1123 τὴν
256 1052 469 1105 ἕνωσιν.
501 1053 845 1121 Πρωτότοκος
870 1054 927 1106 δὲ
956 1054 1053 1105 καὶ
1086 1056 1149 1107 ἐκ
1179 1053 1406 1123 νεκρῶν,
1437 1055 1569 1108 καθὸ
1601 1056 1696 1108 πέ-

144 1160 299 1212 φηνεν
324 1142 629 1215 ἄνθρωπος,
652 1145 752 1197 οὐκ
776 1144 1065 1197 ἀποϐαλὼν
1087 1144 1145 1197 τὸ
1166 1139 1302 1197 εἶναι
1329 1144 1458 1208 Θεὸς
1485 1146 1571 1200 διὰ
1595 1146 1694 1213 τὴν

144 1234 289 1288 ὲνανθ
300 1234 563 1306 ρώπησιν.

208 1328 291 1379 Μ’.
334 1328 491 1390 Ἰδοις
523 1327 567 1379 δ’
596 1326 659 1379 ἂν
687 1324 779 1378 καὶ
810 1323 1037 1397 ἑτέρωθι
1065 1325 1152 1380 διὰ
1180 1325 1289 1379 τῶν
1321 1326 1497 1380 αὐτῶν
1525 1327 1698 1391 ἰόντας

143 1418 305 1486 λόγων
330 1422 454 1483 τοὺς
479 1418 977 1489 πνευματοφὸρους.
1010 1420 1261 1491 Ἰωάννης
1290 1420 1386 1491 μὲν
1408 1420 1515 1490 γὰρ
1532 1460 1547 1484 ,
1572 1440 1589 1472 t
1613 1421 1701 1473 ‘Ev

146 1513 299 1579 ἀρχῇ,
333 1512 518 1580 φησὶν,
554 1505 622 1580 ἦν
655 1512 684 1564 6
710 1510 904 1578 Λόγος,
946 1511 1040 1564 καὶ
1077 1512 1104 1563 6
1137 1510 1306 1578 Λόγος
1343 1506 1410 1579 ἦν
1444 1512 1579 1582 πρὸς
1612 1509 1702 1563 τὸν

144 1602 288 1661 Θεὸν,
318 1602 412 1654 καὶ
442 1600 574 1661 Θεὸς
612 1596 679 1671 ἦν
704 1602 732 1653 6
766 1601 955 1668 Λόγος.
1005 1596 1171 1665 Οὗτος
1204 1598 1272 1672 ἦν
1301 1604 1359 1655 ἐν
1388 1604 1530 1673 ἀρχῇ
1567 1603 1701 1673 πρὸς

144 1692 225 1742 τὸν
258 1690 409 1743 Θεόν.
446 1690 627 1743 Πάντα
657 1691 722 1743 δι’
747 1691 911 1743 αὑτοῦ
940 1691 1176 1759 ἐγένετο,
1205 1691 1298 1744 καλ⁹
1328 1693 1498 1762 χωρὶς
1537 1691 1700 1746 αὐτοῦ

145 1780 351 1845 ἐγένετο
390 1780 507 1833 οὐδὲ
537 1781 615 1835 ἓν,
648 1800 664 1831 ι
702 1780 914 1843 Παῦλος
941 1781 998 1835 δὲ
1034 1777 1101 1834 αὖ
1124 1798 1136 1811 ·
1178 1800 1197 1833 ι
1228 1776 1324 1843 Εἷς
1367 1782 1497 1845 Θεὸς
1526 1782 1554 1835 6
1585 1785 1701 1837 Πα-

1797 616 1960 657 carne
1992 599 2271 655 Verbum?
2299 600 2431 654 Nam
2480 612 2601 654 cum
2637 596 2870 651 Verbum
2908 595 3047 653 Deus
3103 598 3192 667 sit,
3216 600 3356 667 quod

1798 692 2011 761 quidem
2058 691 2124 744 ad
2187 690 2458 761 propriam
2519 698 2767 744 naturam
2830 687 3039 750 attinet,
3079 689 3357 744 intermori

1798 782 1947 836 nullo
1976 780 2133 835 modo
2182 791 2401 850 potest:
2434 796 2609 850 neque
2650 779 2694 833 si
2740 779 2902 833 homo
2939 785 3149 834 tanturn
3189 781 3359 833 nostri

1799 872 1990 926 similis
2017 871 2105 938 sit,
2136 870 2511 924 universorum
2547 870 2795 924 conditor
2832 867 2933 923 dici
2976 876 3186 937 potest;
3224 882 3359 922 con-

1804 964 1937 1017 didit
1974 972 2149 1017 autem
2179 971 2237 1016 ut
2278 960 2439 1024 Deus,
2472 961 2571 1013 etsi
2628 967 2747 1029 post
2778 957 3032 1011 unionem
3066 958 3203 1012 citra
3241 972 3362 1011 car-

1800 1069 1921 1108 nem
1949 1068 2052 1106 non
2090 1052 2441 1121 intelligatur.
2477 1050 2875 1121 Primogenitus
2898 1056 3075 1102 autem
3114 1063 3179 1103 ex
3212 1065 3362 1102 mor-

1801 1138 1908 1191 tuis
1943 1148 2197 1204 vocatur;
2249 1147 2408 1206 prout
2456 1137 2619 1191 homo
2664 1136 2934 1205 apparuit,
2965 1137 3141 1190 divina
3171 1148 3361 1191 natura

1801 1236 1922 1297 post
1952 1238 2276 1297 assumptum
2317 1228 2709 1283 humanitatem
2754 1244 2857 1281 non
2896 1228 3120 1295 ahjerta.

1872 1315 1985 1373 XL.
2022 1316 2218 1373 Videas
2243 1327 2299 1373 et
2319 1318 2454 1374 alios
2490 1331 2701 1387 quoque
2722 1318 2902 1373 divino
2926 1319 3127 1389 Spiritu
3161 1320 3367 1374 adlatos

1804 1408 2071 1464 similibus
2102 1410 2385 1465 sententiis
2417 1425 2797 1478 nonnunquam
2821 1409 3086 1479 uti.Apud
3105 1409 3362 1464 Joannem

1803 1499 1916 1554 haec
1941 1500 2169 1571 legimus
2204 1519 2217 1555 :
2260 1519 2279 1553 ι
2323 1501 2380 1555 ln
2414 1502 2677 1571 principio
2721 1512 2839 1555 erat
2863 1499 3120 1566 Verbum,
3149 1511 3203 1555 et
3238 1498 3365 1554 Ver-

1807 1593 1932 1645 bum
1977 1602 2094 1647 erat
2133 1591 2271 1662 apud
2326 1594 2512 1659 Deum,
2544 1604 2596 1647 et
2642 1592 2779 1647 Deus
2818 1602 2937 1647 erat
2980 1592 3227 1648 Verbum.
3255 1596 3367 1647 Hoc

1804 1693 1923 1737 erat
1966 1684 2017 1737 in
2069 1685 2338 1755 principio
2392 1684 2531 1754 apud
2597 1685 2784 1740 Deum.
2811 1685 3003 1739 Omnia
3064 1700 3157 1755 per
3194 1687 3366 1755 ipsum

1806 1773 1945 1829 facta
1974 1787 2118 1839 sunt,
2150 1787 2202 1830 et
2232 1777 2349 1831 sine
2376 1777 2495 1846 ipso
2523 1777 2719 1830 factum
2746 1787 2827 1831 est
2856 1792 3028 1848 neque
3060 1795 3222 1833 unum
3246 1780 3312 1835 δ’.
3342 1799 3361 1832 ι

145 1871 258 1938 τὴρ,
298 1871 356 1935 ἐξ
391 1865 451 1924 οὗ
482 1873 550 1925 τὰ
579 1873 789 1926 πάντα·
836 1872 931 1926 καὶ
973 1868 1051 1937 εἷς
1095 1873 1298 1945 Κύριος
1333 1873 1537 1945 Ἰησοῦς
1568 1877 1701 1946 Χρι-

1808 1867 1958 1934 Apud
2000 1866 2216 1921 beatum
2265 1867 2490 1922 Paulum
2540 1882 2728 1922 rursus
2780 1870 2938 1925 verba
2988 1870 3125 1925 illa:
3172 1890 3189 1922 ι
3218 1870 3370 1926 Unus

147 1962 257 2026 στὸς
279 2004 294 2027 ,
327 1964 393 2016 δι’
434 1958 494 2018 οὗ
529 1966 594 2018 τὰ
625 1966 821 2018 πάντα.
852 1984 869 2016 ι
918 1965 1057 2018 Ἀλλ’
1088 1966 1244 2033 εῐπερ
1276 1961 1342 2036 ἦν
1375 1983 1426 2018 τι
1469 1968 1703 2036 μεσολα-

144 2052 265 2106 ϐοὖν
299 2057 437 2125 μετὰ
458 2058 519 2109 τὸ
550 2056 789 2127 ἡνῶσθαι
822 2056 986 2126 σαρκὶ
1010 2056 1101 2110 τὸν
1134 2056 1327 2123 Λόγον,
1358 2056 1452 2109 καὶ
1481 2058 1564 2120 εις
1593 2059 1706 2110 ἑτε-

146 2145 339 2215 ρότητα
376 2147 761 2218 καταδιαιροῦν
804 2148 905 2218 τὴν
945 2145 1020 2209 ὼς
1048 2148 1107 2200 ὲν
1141 2147 1254 2217 Υἱῷ
1291 2147 1455 2201 δυάδα
1483 2158 1503 2185 ε
1540 2149 1703 2218 φημὶ,

144 2235 277 2289 κατὰ
301 2237 362 2289 τό
389 2256 497 2291 τισι
529 2238 742 2292 δοκοῦνο
774 2236 890 2301 πῶς
919 2237 1140 2308 ἐκτίσθη
1172 2237 1386 2291 ἅπαντα
1410 2238 1498 2291 διὰ
1532 2239 1704 2308 Ἰησοῦ

145 2325 409 2395 Χριστοῦ;
445 2329 606 2381 Ἀλλὰ
659 2329 765 2400 μὴν
819 2328 1041 2399 ἐκτίσθη
1093 2330 1159 2383 δι’
1200 2329 1364 2385 αὑτοῦ
1398 2330 1465 2383 τὰ
1508 2331 1703 2385 πάντα.

145 2416 411 2486 Πρόδηλον
456 2415 570 2483 οὖν,
619 2420 700 2473 ὅτι
733 2420 801 2472 τὰ
840 2420 997 2488 φύσει
1031 2438 1088 2473 τε
1140 2421 1232 2474 καὶ
1277 2420 1419 2482 ἰδίως
1467 2421 1705 2490 ἐνυπάρο

144 2524 301 2577 χοντα
341 2510 419 2579 τῷ
463 2511 526 2563 ὲκ
568 2512 779 2582 Πατρὸς
822 2512 935 2565 δντι
988 2512 1161 2582 Λόγῳ,
1208 2514 1501 2582 τετήρηται
1546 2511 1705 2565 πάλιν

143 2600 303 2669 αὐτῷ,
351 2602 445 2655 καὶ
485 2603 575 2655 ὅτε
615 2604 851 2672 πέφηνεν
901 2603 1206 2674 ἄνθρωπος.
1246 2602 1571 2669 Ἐπισφαλὲς
1616 2600 1707 2655 οὖν

144 2692 244 2761 ἄρα
286 2692 347 2745 τὸ
385 2693 693 2764 διατέμνειν
737 2694 1068 2763 ἀποτολμᾷν.
1102 2687 1196 2757 Εἷς
1221 2695 1328 2763 γὰρ
1367 2693 1567 2764 Κύριος
1611 2696 1708 2763 Ἰη-

148 2782 264 2845 σοῦς
299 2784 554 2852 Χριστὸς,
584 2787 676 2838 καὶ
698 2785 764 2838 δι’
791 2785 956 2838 αὐτοῦ
997 2785 1066 2837 τὰ
1100 2785 1279 2838 πάντα
1311 2785 1705 2856 δεδημιούργη-

146 2888 232 2923 κεν
254 2873 281 2924 6
311 2874 519 2945 Πατήρ.
549 2876 853 2946 Τοιγαροῦν
884 2877 975 2929 καὶ
1006 2875 1334 2947 δημιουργὸς
1361 2876 1577 2938 θεῐκῶς,
1615 2877 1708 2929 καὶ

146 2961 402 3025 ζωοποιὸς
434 2964 507 3025 ὡς
544 2964 677 3035 ζωὴ,
712 2965 1071 3036 ἀνθρωπίνοις
1099 2984 1156 3019 τε
1186 2962 1253 3019 αὖ
1291 2967 1384 3019 καὶ
1423 2970 1535 3029 τοῖς
1569 2966 1709 3037 ὑπὲρ

146 3051 425 3122 ἄνθρωπον
458 3054 743 3125 ἰδιώμασιν
781 3058 859 3119 εἰς
892 3056 950 3109 ἓν
978 3073 1031 3107 τι
1063 3056 1124 3109 τὸ
1174 3055 1373 3126 μεταξὺ
1413 3058 1706 3126 συγκείμε-

144 3161 246 3205 νος.
296 3144 540 3215 Μεσίτης
583 3147 690 3217 γάρ
735 3149 851 3199 ἐστι
892 3145 1026 3200 Θεοῦ
1067 3148 1161 3199 καὶ
1203 3146 1525 3216 ἀνθρώπων,
1569 3147 1708 3200 κατὰ

143 3234 236 3297 τὰς
274 3235 529 3306 Γραφὰς,
571 3237 729 3305 φύσει
770 3238 867 3307 μὲν
899 3239 1159 3309 ὑπάρχων
1188 3238 1320 3299 Θεὸς
1351 3240 1442 3290 καὶ
1482 3239 1541 3290 οὐ
1587 3238 1709 3308 δίχα

145 3325 375 3395 σαρκός·
422 3327 709 3398 ἄνθρωπος
755 3329 812 3381 δὲ
846 3328 1092 3398 ἀληθῶς,
1141 3332 1233 3383 καὶ
1267 3331 1328 3383 οὐ
1373 3330 1526 3401 ψιλὸς
1582 3332 1705 3386 καθ’

144 3416 303 3484 ἡμᾶς,
331 3416 448 3468 ἀλλ’
469 3418 544 3469 ῶν
566 3419 706 3489 ὅπερ
729 3414 817 3489 ἦν,
842 3421 931 3472 καὶ
948 3420 1199 3487 είγέγονε
1223 3420 1377 3492 σάρξ.
1398 3422 1711 3490 Γέγραπται

145 3506 266 3576 γὰρ,
293 3507 373 3559 ὅτι
404 3527 424 3558 r
459 3508 665 3578 Ἰησοῦς
694 3510 924 3581 Χριστὸς
946 3511 1071 3579 χθὲς
1101 3512 1193 3565 καὶ
1215 3513 1471 3583 σήμερον,
1498 3514 1526 3565 6
1548 3512 1711 3575 αὐτὸς

146 3596 233 3647 καὶ
264 3596 343 3658 είς
370 3598 498 3660 τοὺς
526 3598 745 3661 αἰῶνας.
783 3618 802 3648 ι

1807 1966 1891 2011 est
1937 1956 2079 2010 Deus
2108 1956 2288 2022 Pater,
2313 1972 2379 2013 ex
2428 1972 2535 2027 quo
2581 1960 2885 2013 omniazet
2932 1973 3069 2013 unus
3113 1959 3370 2014 Dominus

1805 2048 1961 2103 Jesus
1986 2047 2253 2113 Christus,
2272 2064 2368 2118 per
2408 2065 2566 2119 quem
2609 2051 2790 2105 omnia
2820 2049 2886 2103 “.
2924 2068 2943 2103 ι
2989 2049 3159 2105 Porro
3188 2061 3370 2107 autem

1806 2140 1851 2194 si
1882 2150 2231 2209 posteaquam
2282 2140 2515 2196 Verbum
2577 2143 2787 2195 unitum
2824 2153 2909 2196 est
2933 2143 3105 2209 carni,
3135 2144 3368 2198 medium

1808 2230 2020 2299 aliquod
2061 2231 2344 2297 divellens,
2372 2248 2435 2287 ac
2468 2233 2520 2285 in
2578 2232 2814 2298 diversa,
2848 2243 2973 2303 puta
3024 2235 3076 2289 in
3134 2235 3363 2289 filiorum

1808 2319 2229 2383 dualitatem,ut
2264 2320 2579 2388 quibusdam
2622 2321 2819 2390 placet,
2870 2323 3375 2387 distrahens,inter—

1807 2411 1981 2472 cedit;
2022 2411 2288 2477 quomodo
2338 2411 2519 2465 omnia
2559 2425 2654 2478 per
2702 2411 2884 2465 Jesnm
2934 2414 3206 2468 Christum
3237 2429 3371 2470 con-

1808 2500 1919 2552 dita
1968 2513 2086 2553 esse
2138 2514 2264 2554 vere
2299 2502 2597 2556 asseritur?
2629 2502 2792 2570 Atqui
2844 2504 3023 2556 omnia
3067 2519 3161 2573 per
3195 2506 3368 2573 ipsum

1810 2598 1934 2642 sunt
1990 2588 2226 2643 condita.
2262 2589 2616 2660 Perspicuum
2676 2602 2757 2645 est
2815 2607 2964 2662 ergo,
3020 2596 3222 2660 omnia,
3256 2610 3375 2664 quae

1812 2681 1986 2735 Verbo
2008 2698 2071 2735 ex
2110 2682 2267 2737 Patre
2302 2696 2426 2737 nato
2469 2684 2685 2752 proprie
2711 2693 2766 2737 et
2813 2686 3133 2741 naturaliter
3168 2686 3370 2748 insunt.

1808 2786 1871 2825 ea
1904 2773 2017 2841 ipsa
2054 2773 2260 2841 integra
2291 2775 2338 2827 ei
2386 2775 2765 2842 permansisse,
2791 2777 2953 2830 etiam
2993 2786 3102 2830 tum
3135 2793 3258 2832 cum
3294 2779 3375 2833 fa-

1808 2874 1953 2919 ctum
1989 2874 2071 2919 est
2098 2866 2278 2920 homo.
2318 2865 2685 2922 Periculosum
2720 2870 2945 2939 proinde
2969 2879 3051 2925 est
3078 2872 3370 2927 sectionem

1810 2956 2045 3023 aliquam
2077 2957 2329 3010 inducere
2362 2975 2376 3011 :
2412 2973 2549 3012 unus
2587 2959 2730 3013 enim
2780 2970 2863 3013 est
2912 2960 3171 3015 Dominus
3215 2960 3377 3015 Jesus

1811 3050 2079 3111 Christus.
2119 3066 2215 3118 per
2266 3067 2424 3120 quem
2476 3053 2632 3106 Pater
2682 3055 2923 3108 condidit
2974 3057 3175 3110 omnia.
3227 3054 3377 3111 Unde

1812 3144 2061 3197 conditor
2112 3152 2215 3207 est,
2258 3154 2317 3197 ut
2364 3145 2541 3208 Deus;
2576 3145 2879 3199 viviﬁcator
2942 3162 3073 3201 vero
3130 3157 3187 3200 ut
3229 3149 3376 3210 vita;

1812 3248 1876 3288 ex
1900 3234 2318 3304 proprietatibus
2348 3236 2597 3288 humanis
2623 3246 2677 3289 et
2704 3238 3121 3305 superhnmanis
3139 3238 3191 3293 in
3215 3255 3376 3294 unum

1810 3327 2078 3396 quoddam
2109 3326 2338 3379 medium
2359 3327 2680 3381 coeuntibus
2705 3331 3050 3383 constitutus.
3075 3328 3373 3401 Siquidem,

1811 3418 2106 3473 secundum
2166 3417 2499 3485 Scripturas,
2542 3416 2634 3472 Dei
2680 3429 2734 3472 et
2786 3421 3062 3474 hominum
3115 3422 3378 3477 mediator

1811 3514 1895 3561 est
1930 3505 2010 3570 υς
2037 3504 2128 3572 qui
2156 3506 2371 3573 quidem
2411 3516 2599 3560 natura
2637 3519 2720 3562 est
2754 3508 2916 3576 Deus,
2950 3511 3113 3564 etiam
3137 3513 3181 3566 si
3212 3527 3379 3568 carne

1814 3598 1885 3650 sit
1919 3595 2175 3662 indutus;
2214 3611 2373 3651 verus
2414 3608 2590 3652 autem
2640 3600 2817 3664 homo,
2852 3617 2956 3654 non
2995 3612 3173 3657 tamen
3212 3619 3379 3673 purus

145 3698 199 3741 ut
220 3704 315 3744 nos
343 3708 357 3743 :
382 3706 508 3744 nam
538 3692 638 3747 etsi
670 3686 904 3748 Verbum
941 3695 1138 3750 factum
1173 3704 1256 3749 est
1295 3711 1443 3763 caro,
1477 3694 1674 3748 mansit
1713 3702 1893 3755 tamen
1919 3690 2061 3761 quod
2091 3700 2228 3747 erat.
2248 3689 2517 3762 Scriptum
2543 3703 2625 3748 est
2648 3694 2830 3751 enim:
2861 3710 2881 3746 ι
2924 3694 3078 3753 Jesus
3134 3697 3379 3755 Christus

145 3784 252 3839 heri
286 3792 341 3837 et
377 3784 554 3850 hodie,
580 3795 633 3839 et
672 3785 811 3841 idem
842 3797 895 3841 et
924 3787 973 3840 in
1015 3788 1206 3841 satcula
1229 3788 1295 3841 “.
1332 3806 1351 3841 ι

208 3871 356 3935 MA'.
390 3875 461 3926 Ἦ
502 3874 611 3946 γὰρ
658 3876 780 3946 οὐχὶ
818 3877 904 3952 ὸιὰ
942 3877 1042 3946 τῆς
1084 3878 1243 3945 ἁγίας
1302 3880 1397 3932 καὶ
1446 3879 1705 3932 Θεοτόκου

146 3965 417 4037 Παρθένου
447 3967 695 4038 τετέχθαι
728 3972 906 4039 φαμὲν
946 3971 1040 4022 καὶ
1074 3970 1404 4039 πιστεύομεν
1435 3972 1493 4023 ὲν
1541 3968 1706 4039 ἐσχά-

146 4074 247 4120 τοις
276 4058 370 4110 τοῦ
408 4056 602 4119 αἰῶνος
631 4064 840 4131 καιροῖς
864 4062 955 4113 τὸν
1001 4063 1380 4131 Ἐμμανουήλ;
1420 4058 1553 4115 Εἶτα
1587 4060 1705 4125 πῶς

143 4148 293 4201 τοῦτο
339 4150 441 4202 οὐκ
473 4150 733 4221 ἀλήθεια;
769 4153 842 4205 Τὸ
869 4153 924 4206 δὲ
946 4153 1029 4221 δὴ,
1071 4154 1197 4223 χθὲς
1239 4155 1332 4208 καὶ
1370 4155 1629 4225 σήμερον,
1660 4146 1705 4207 ὧ

145 4237 450 4308 φιλόχριστε
476 4238 714 4308 βασιλεῦ,
740 4242 927 4311 καιρὸν
957 4243 1085 4311 ἡμῖν
1112 4242 1204 4295 τὸν
1230 4245 1581 4312 ἐνεστηκότα,
1609 4244 1705 4296 καὶ

142 4329 227 4380 τὸν
256 4331 354 4399 ἤδη
391 4333 757 4401 παρῳχηκότα
794 4334 1252 4405 κατασημαίνειεν
1274 4334 1297 4372 ἀ
1339 4334 1421 4387 ἄν.
1454 4336 1576 4397 Πῶς
1611 4331 1705 4389 οὖν

1886 3873 2018 3928 XLI.
2066 3874 2260 3928 Annon
2305 3873 2710 3929 Emmanuelem
2752 3876 2805 3929 in
2851 3877 3160 3935 novissimis
3196 3883 3376 3938 sarculi

1814 3961 2146 4031 temporibus
2170 3976 2237 4016 ex
2266 3976 2414 4016 sacra
2434 3962 2658 4032 Deipara
2692 3962 2911 4033 Virgine
2932 3977 3107 4021 ortum
3144 3970 3377 4027 dicimus

1814 4062 1872 4109 ct
1909 4052 2219 4107 credimus?
2248 4051 2425 4119 Sane;
2463 4069 2563 4108 nec
2606 4055 2659 4109 id
2714 4056 2766 4109 in
2808 4058 3158 4125 quastionem
3208 4062 3376 4118 cadit.

1813 4145 2078 4199 Caeterum
2139 4157 2257 4196 cum
2312 4142 2426 4196 heri
2466 4144 2519 4195 et
2559 4142 2715 4197 hodie
2771 4148 3099 4212 praeteritum
3147 4159 3199 4203 et
3237 4167 3375 4220 prus-

1812 4250 1938 4291 sens
1966 4244 2176 4304 tempus
2197 4233 2499 4302 significent
2529 4249 2543 4297 ;
2578 4232 2687 4302 38
2713 4238 3004 4302 quomodo,
3026 4237 3379 4295 Christianis-

1812 4327 1946 4382 sime
1977 4327 2290 4396 imperator,
2317 4325 2457 4378 idem
2492 4326 2712 4382 omnino
2756 4326 2861 4380 dici
2895 4337 3073 4397 potest
3104 4334 3379 4400 praeterito

143 4422 168 4472 6
196 4419 354 4482 αὐτὸς
384 4419 450 4472 ἂν
492 4421 575 4490 εῐη
607 4420 687 4483 εἷς
731 4438 790 4472 τε
832 4422 923 4474 τὸν
974 4424 1375 4493 παρῳχηκότα,
1426 4425 1602 4477 καίτοι
1640 4443 1704 4493 γε

1810 4418 2133 4486 tempore,si
2168 4418 2463 4472 secundum
2494 4431 2710 4471 carnem
2742 4421 2969 4473 necdum
2985 4432 3102 4475 erat
3127 4425 3378 4492 genitus?

144 4508 351 4573 γένεσιν
395 4506 546 4559 οῠπω
588 4508 730 4561 κατὰ
757 4509 853 4578 τὴν
888 4510 1026 4561 κατὰ
1054 4511 1232 4577 σάρκα
1262 4509 1437 4579 λαχών
1461 4528 1474 4575 ;
1499 4512 1704 4565 Οὐκοῦν

140 4596 203 4669 ἦν
230 4601 258 4651 ὁ
296 4599 469 4667 Λόγος
498 4600 554 4651 έν
586 4599 752 4669 ἀρκῇο
794 4600 888 4652 καὶ
921 4599 994 4662 ὡς
1031 4600 1089 4663 ἐξ
1128 4599 1299 4652 ἀϊδίου
1331 4616 1390 4651 τε
1422 4600 1517 4651 καὶ
1548 4600 1709 4670 ἀτρέ-

144 4709 272 4744 πτου
308 4689 566 4761 πεφηνὼς
591 4688 686 4742 τοῦ
717 4690 853 4743 Θεοῦ
893 4691 984 4743 καὶ
1015 4691 1245 4760 Πατρὸς,
1279 4690 1389 4761 ἔχει
1420 4692 1513 4743 καὶ
1546 4690 1708 4754 αὐτὸς

145 4784 198 4833 ἐν
222 4782 326 4852 ἰδίᾳ
355 4781 518 4851 φύσει
545 4780 604 4832 16
630 4781 800 4835 ἀΐδιόν
823 4799 881 4835 τε
912 4784 1003 4835 καὶ
1033 4784 1322 4852 ἄτρεπτον.
1352 4784 1420 4835 ’Ἦ
1440 4782 1559 4852 οιῖδχλ⁵
1577 4782 1707 4835 νεώ-

142 4888 294 4923 τατον
329 4871 547 4942 κομιδῇ,
577 4872 810 4935 καὶτοῖς
849 4872 948 4940 τῆς
990 4873 1455 4943 ὲνανθρωπήσεως
1494 4873 1706 4944 χρόνοις

145 4962 580 5034 συνδεδραμηκὸς
601 4962 766 5032 ὄνομα
781 4962 857 5033 τῷ
882 4964 1037 5031 Λόγῳ
1060 4963 1139 5025 τὸ,
1162 4965 1208 5013 Χ
1203 4964 1410 5031 plani;
1442 4963 1704 5031 ’1ησοῦς;

146 5052 247 5104 Καὶ
279 5052 392 5122 μὴν
424 5050 583 5105 τοῦτο
616 5054 745 5122 ἡμῖν
776 5054 874 5123 ἤδη
913 5052 1000 5105 διὰ
1028 5052 1291 5105 πλείστων
1331 5054 1468 5105 ὅσων
1494 5052 1703 5123 ἐδείχθη

143 5143 330 5209 λόγων.
360 5142 527 5205 Σύνες
571 5140 686 5207 οὖν,
716 5145 797 5197 ὅτι
838 5144 1072 5215 Χριστὸν
1107 5143 1331 5211 Ἰησοῦν,
1366 5144 1462 5196 καὶ
1504 5144 1565 5195 οὐ
1610 5161 1707 5212 μο-

145 5233 354 5296 νοειδῶς
385 5233 478 5284 τὸν
507 5234 695 5300 Λόγον,
731 5232 861 5303 χθές
894 5250 953 5285 τε
1001 5233 1091 5286 καὶ
1140 5235 1374 5301 σήμερον
1414 5233 1503 5286 τὸν
1547 5233 1709 5285 αὐτὸν

146 5319 274 5374 εἷναί
308 5341 445 5395 φησι
480 5325 573 5376 καὶ
601 5324 679 5387 είς
717 5324 841 5387 τοὺς
881 5324 1101 5387 αἰῶνας.
1136 5324 1255 5386 Πῶς
1288 5323 1331 5375 δ’
1363 5323 1427 5375 ἂν
1460 5323 1558 5393 ἔχῃ
1587 5335 1610 5362 ε
1648 5326 1709 5377 τὸ

212 5479 247 5508 δ’
272 5477 432 5532 Joan.
477 5494 514 5540 ι,
546 5478 666 5531 1-5.
742 5477 785 5506 δ’
817 5474 981 5533 lCor.
1016 5491 1130 5542 vm,
1169 5476 1218 5530 6.
1298 5474 1383 5527 ⁸³1
1413 5476 1549 5531 Tim.
1596 5491 1655 5543 tl,

1813 4509 2046 4562 Verbum
2066 4508 2204 4562 citra
2221 4506 2381 4559 ullam
2413 4509 2832 4562 controversiam
2857 4510 2908 4561 in
2943 4511 3207 4581 principio
3234 4526 3372 4577 erat,

1813 4612 1974 4671 atque
1995 4609 2053 4654 ut
2087 4614 2153 4654 ex
2181 4609 2383 4653 aeterno
2404 4608 2457 4652 et
2483 4598 2800 4653 immutabili
2850 4599 2958 4654 Deo
3002 4601 3161 4657 Patre
3188 4619 3380 4673 proce-

1816 4694 1914 4758 dit,
1960 4694 2031 4746 ita
2063 4692 2241 4762 ipsum
2267 4704 2479 4761 quoque
2499 4691 2790 4744 secundum
2836 4695 3106 4762 propriam
3134 4705 3378 4749 naturam

1812 4785 2164 4839 aeternitatem
2189 4791 2244 4837 et
2266 4782 2748 4839 immutabilitatem
2770 4786 3025 4854 possidet.
3048 4785 3151 4841 Sed
3179 4802 3375 4852 nonne,

1814 4874 2011 4944 inquis,
2042 4886 2234 4927 nomen
2267 4873 2368 4925 hoc
2400 4871 2556 4924 Jet‘ur
2582 4870 2819 4926 Christus
2844 4873 3128 4927 admodum
3163 4890 3374 4935 recens.

1815 4966 1916 5019 hoc
1954 4973 2038 5019 est
2067 4964 2181 5033 ipso
2212 4961 2603 5017 incarnationis
2632 4963 2881 5026 articulo,
2906 4962 3083 5019 Verbo
3110 4968 3377 5021 accessit?

1815 5061 1941 5125 Nee;
1975 5061 2074 5113 hoc
2103 5058 2244 5112 enim
2278 5058 2521 5127 pluribus
2548 5057 2658 5125 jam
2693 5067 2817 5114 ante
2841 5074 2868 5111 a
2902 5058 3054 5114 nobis
3105 5072 3376 5115 ostensum

1817 5163 1917 5207 est.
1939 5151 2189 5205 Advertis
2221 5165 2350 5219 ergo
2389 5149 2529 5219 quod
2573 5146 2844 5206 Christum
2872 5148 3077 5215 Iesum,
3105 5161 3161 5206 et
3192 5166 3293 5205 non
3322 5154 3375 5207 in

1816 5257 1920 5294 una
1958 5240 2128 5293 forma
2163 5238 2416 5304 Verbum,
2444 5236 2558 5293 heri
2576 5247 2629 5294 et
2659 5239 2817 5293 hodie
2845 5250 2900 5294 et
2927 5240 2976 5293 in
3006 5239 3197 5296 saecula
3229 5257 3379 5295 eum-

1818 5327 1936 5381 dem
1973 5339 2095 5380 esse
2133 5326 2295 5381 dicat.
2324 5327 2393 5382 At
2445 5328 2712 5397 quomodo
2745 5328 2977 5384 humana
3031 5339 3379 5401 natura,qu:e

1815 5475 1870 5507 ⁸³³
1906 5477 2064 5529 llcbr.
2104 5492 2213 5538 xui.
2242 5478 2292 5532 8.

1238 5633 1404 5687 Variae
1433 5634 1687 5689 lectiones
1718 5633 1916 5689 codicis
1951 5632 2302 5704 Segnieriaai.

213 5786 234 5813 ³
269 5778 323 5828 ἐν
359 5774 492 5827 υἱῶν
522 5774 689 5827 δυάδι.
762 5774 787 5812 ἀ
821 5774 1232 5843 κατασημαίνει.

461 5867 726 5926 PATROL.
773 5868 886 5925 Gn.
940 5867 1187 5925 LXXVI.

1316 5786 1335 5812 ο
1369 5774 1497 5843 ἔχοι.

2944 5860 3017 5921 38
