4056 6334
644 393 778 448 “95

1639 390 1696 445 S.
1742 390 2006 445 CYlllLLl
2047 385 2513 444 ALEXANDRINI
2552 383 2876 440 ARCIIIEP.

3743 377 3890 435 “95

644 507 926 562 mutationi
974 508 1203 560 obnoxia
1245 517 1344 571 est,
1373 516 1424 560 et
1477 507 1771 575 prmsertim
1811 506 1907 568 illi,
1933 506 2074 576 quod
2138 506 2204 560 de

2319 503 2574 574 irpsmdv
2619 519 2678 556 τε
2725 501 2825 555 καὶ
2861 497 2960 571 τὴν
2993 499 3050 551 ὲν
3091 509 3380 566 ταυτατητι
3414 494 3674 565 διαμονὴν
3704 495 3742 563 ἡ
3789 495 3890 546 ἁν-

644 615 748 654 nou
779 614 896 653 esse
933 600 998 653 ad
1042 614 1162 653 esse
1194 609 1249 654 et
1282 599 1462 652 vivere
1511 609 1694 651 evecta
1724 607 1825 659 est,
1853 597 2205 651 immutabili-

639 701 804 744 tateut
837 691 966 744 etin
1003 691 1284 745 identitate
1333 689 1682 744 stabilitatem
1716 689 1959 742 obtinere
1992 689 2208 756 potest?

641 782 998 836 Aberravitne
1033 797 1161 852 ergo
1194 798 1222 834 a
1251 780 1492 846 veritatis
1525 795 1686 847 scopo
1713 779 1988 847 Scriptura
2029 793 2205 840 sacra,

645 875 766 924 dum
806 888 925 925 euut
958 873 1047 940 qui
1098 873 1210 924 heri
1242 887 1343 924 non
1378 879 1517 932 erat,
1550 871 1698 937 prius
1728 870 2004 923 exstitisse
2052 883 2205 921 cont—

646 963 943 1016 memorat?
975 962 1128 1016 Absit
1159 960 1362 1028 procul,
1393 969 1447 1012 ut
1491 960 1595 1013 tale
1628 959 1902 1028 quidpiam
1961 959 2206 1026 equidem

644 1053 817 1108 dicam
855 1051 1133 1124 (Christus
1166 1051 1306 1105 enim
1332 1047 1485 1104 Jesus
1513 1049 1650 1103 idem
1680 1058 1762 1103 est
1783 1049 1920 1114 lteri,
1945 1059 1999 1104 et
2029 1050 2206 1112 hodie,

645 1156 699 1198 et
726 1145 776 1198 itt
808 1144 1058 1211 sarcula),
1087 1151 1178 1195 aut
1213 1151 1270 1195 ut
1306 1140 1556 1204 Verbum,
1592 1143 1806 1195 tametsi
1842 1156 1972 1195 caro
2007 1141 2207 1194 factum

643 1247 744 1298 est,
773 1235 1206 1304 antiquissimum
1250 1242 1303 1287 et
1355 1232 1688 1286 immutabile
1738 1247 1861 1286 esse
1915 1232 2210 1300 praedicare

646 1329 928 1382 dubitent!
1000 1337 1130 1396 puto
1191 1325 1332 1378 enim
1388 1325 1634 1378 eumdem
1701 1324 1991 1394 signiﬁcari
2044 1323 2208 1377 etiam

646 1429 767 1487 p05t
794 1420 1042 1472 unionem
1075 1433 1194 1471 cum
1228 1419 1443 1485 propria
1477 1431 1662 1480 carne,
1685 1426 1745 1469 ut
1795 1416 1908 1470 heri
1940 1415 2212 1469 exsistan-

648 1521 752 1564 tem
806 1520 967 1578 atque
1013 1513 1497 1578 praeexsisteutem.
1539 1509 1756 1564 Etenim
1810 1522 1931 1560 cum
1987 1507 2210 1560 insanus

646 1602 861 1657 Judazus
935 1604 1208 1658 Christum
1278 1610 1678 1667 exsecraretur,
1725 1599 2044 1669 repulsaque
2110 1596 2212 1650 [ide

647 1695 911 1764 lapidibus
967 1697 1212 1749 eumdem
1250 1697 1481 1750 obruere
1527 1693 1831 1748 adoriretur
1881 1691 2038 1759 (nam
2088 1702 2209 1742 cum

648 1787 916 1840 hominem
975 1788 1144 1841 nostri
1201 1787 1429 1842 similem
1481 1793 1773 1857 cerneret,
1808 1782 2208 1852 indignabatur,

643 1879 782 1946 quod
820 1887 1028 1934 mtatem
1059 1877 1291 1931 humana
1328 1877 1583 1944 majorem
1614 1874 1715 1928 sibi
1742 1881 2080 1942 arrogaret),
2102 1871 2213 1921 tale

643 1978 702 2021 ut
737 1968 877 2021 Deus
923 1967 988 2020 de
1023 1982 1080 2021 se
1128 1966 1489 2021 testimonium
1547 1965 1683 2020 dixit
1717 1982 1730 2018 :
1769 1981 1786 2014 ι
1826 1962 2016 2024 Amen,
2054 1975 2210 2014 amen

643 2061 764 2113 dico
787 2060 961 2121 vobis,
991 2059 1302 2127 priusquam
1337 2059 1608 2112 Abraham
1637 2057 1788 2110 ﬁeret
1821 2068 1922 2125 ego
1956 2068 2074 2108 sunt
2095 2052 2162 2105 ⁸⁵.
2188 2071 2206 2102 ι

641 2148 720 2202 Ad
752 2148 866 2202 haec
898 2155 1082 2201 contra
1119 2146 1192 2200 illi
1226 2165 1238 2200 :
1271 2165 1289 2198 ‹
1345 2146 1742 2215 Quinquaginta
1780 2157 1950 2197 annos
1977 2141 2210 2196 nondum

645 2241 831 2303 habes,
889 2249 942 2293 et
1000 2239 1271 2292 Abraham
1323 2237 1500 2291 vidisti
1523 2237 1600 2290 κοί
1643 2254 1661 2286 ι
1717 2233 1953 2289 Joannes
2003 2245 2214 2301 quoque

644 2332 714 2385 ita
749 2331 824 2383 ait
856 2348 869 2383 :
901 2348 919 2380 ι
958 2329 1055 2383 llic
1078 2339 1182 2392 est,
1207 2329 1271 2382 de
1299 2342 1405 2397 quo
1432 2327 1538 2381 dixi
1574 2325 1757 2380 vobis:
1787 2325 1918 2379 Post
1952 2337 2036 2377 nte
2069 2321 2214 2374 venit

642 2420 870 2489 vir,-qui
901 2429 1021 2472 ante
1054 2431 1138 2472 me
1165 2417 1336 2471 factus
1376 2424 1478 2480 est,
1515 2414 1638 2484 quia
1668 2416 1816 2484 prior
1848 2427 1932 2466 me
1957 2420 2071 2465 erat
2093 2409 2158 2463 ⁸⁷.
2188 2428 2206 2460 ι

642 2513 712 2565 At
744 2511 1013 2580 quomodo
1047 2524 1166 2563 eum
1205 2507 1604 2561 Emmanuelem
1629 2515 1682 2559 et
1715 2507 1890 2559 virum
1929 2513 2208 2573 agnoscat,

643 2611 698 2654 ct
719 2603 888 2653 virum
915 2601 1175 2662 nominet,
1202 2597 1348 2650 illum
1402 2597 1659 2664 priorem,
1696 2604 1752 2648 et
1777 2603 1901 2647 ante
1934 2608 1994 2648 se
2017 2593 2212 2646 factum

643 2693 920 2759 prmdieat,
953 2706 1073 2744 cum
1105 2700 1284 2743 tamen
1315 2698 1369 2740 et
1427 2688 1652 2748 tardius,
1678 2694 1731 2739 et
1767 2695 1886 2752 post
1915 2684 2088 2753 ipsum
2115 2696 2212 2734 na-

646 2795 729 2838 tus
756 2784 937 2838 esset?
959 2782 1063 2836 Sed
1089 2781 1253 2850 gloria
1281 2778 1417 2833 forte
1446 2793 1509 2831 ac
1544 2777 1805 2846 dignitate
1849 2774 2058 2829 Joanne
2100 2789 2215 2826 tua-

639 2877 811 2946 jorem
833 2876 1177 2942 prioreutque
1203 2871 1475 2925 exstitisse
1496 2868 1637 2923 dicet
1659 2867 1947 2936 quispiam,
1970 2874 2028 2918 ut
2051 2864 2211 2934 obiici

647 2967 935 3034 intelligo:
976 2979 1158 3019 verum
1219 2964 1464 3016 oratione
1496 2975 1600 3015 non
1657 2959 1945 3013 admodum
2003 2957 2212 3022 prolixa

645 3059 856 3114 oStendi
883 3065 1083 3125 potest,
1111 3055 1380 3124 ejusmodi
1408 3051 1801 3121 expositionem
1829 3060 1881 3104 et
1908 3063 2128 3119 pravam
2163 3057 2215 3101 et

2308 595 2526 667 θρώπου
2559 593 2740 663 φύσις,
2768 593 2948 645 καίτοι
2979 592 3189 658 κίνησιν
3237 587 3605 659 ὑπομένουσα,
3642 586 3742 638 καὶ
3779 585 3891 654 πρό

2307 705 2370 756 γε
2401 669 2508 740 τῶν
2535 687 2709 742 ἄλλων
2737 685 2836 756 τὴν
2859 683 2919 748 ἐξ
2945 682 3046 736 οὐκ
3069 682 3237 735 ὄντων
3266 681 3345 743 είς
3369 680 3430 732 τὺ
3453 675 3590 731 εῖναι
3617 676 3711 730 καὶ
3748 676 3889 746 ζῇνς

2309 777 2691 847 Διημάρτηκεν
2718 771 2811 828 οὖν
2839 773 2946 844 ἄρα
2981 770 3247 840 τάληθοῦς
3292 772 3425 840 ἡμῖν
3450 768 3509 821 τὸ
3543 768 3790 838 Γρὰμμα
3830 765 3892 816 τὸ

2313 868 2490 939 ίερόν;
2540 869 2634 921 καὶ
2661 867 2752 920 τὸν
2793 866 2915 935 χθὲς
2948 865 3047 917 οὐκ
3072 864 3200 916 ὅντα
3233 861 3476 932 προεῖναι
3509 877 3676 930 φησι;
3712 859 3891 926 Φαίην

2310 960 2377 1012 ἂν
2413 959 2532 1028 οὐχὶ
2560 956 2716 1012 τοῦτο
2747 956 2876 1026 ἐγὼ,
2906 954 3105 1009 πολλοῦ
3135 970 3199 1021 τε
3233 953 3326 1005 καὶ
3353 952 3461 1004 δεῖν
3495 950 3621 1020 χθὲς
3655 949 3769 1017 γὰρ
3799 948 3892 1000 καὶ

2313 1053 2548 1122 σήμερον
2590 1049 2618 1101 ὀ
2647 1048 2806 1110 αὐτὸς
2841 1045 2936 1099 καὶ
2963 1046 3044 1107 είς
3087 1044 3214 1106 τοὺς
3265 1041 3466 1104 αίῶνας
3496 1037 3705 1110 Ἰησοῦς
3752 1039 3891 1107 Χρι-

2313 1145 2454 1205 στός.
2484 1141 2556 1195 Τὸ
2583 1142 2639 1194 δὲ
2675 1139 2770 1194 τοῦ
2803 1140 2976 1207 Λόγου
3024 1133 3404 1207 πρεσϐύτατόν
3440 1150 3500 1187 τε
3538 1133 3633 1186 καὶ
3667 1129 3892 1190 ἁκλινὲς

2310 1235 2507 1305 ἥκιστα
2535 1234 2634 1304 μὲν
2659 1233 2985 1303 ἀρνήσομαι,
3011 1228 3106 1284 καὶ
3132 1231 3179 1282 εἱ
3207 1228 3397 1297 γέγονε
3426 1226 3596 1296 σάρξ·
3623 1225 3894 1292 οἰήσομαι

2309 1329 2364 1380 δὲ
2397 1327 2515 1381 καθ’
2538 1327 2729 1379 ἕνωσιν
2763 1324 2898 1395 μετὰ
2935 1326 3034 1394 τῆς
3070 1322 3205 1385 ιδίας
3240 1319 3443 1390 σαρκὸς
3469 1318 3547 1381 ὡς
3585 1316 3716 1385 χθὲς
3757 1315 3894 1367 ὄντα

2311 1421 2403 1471 καὶ
2435 1420 2854 1490 προῦπάρχοντα
2898 1412 3328 1486 καταδηλοῦσθαι
3367 1410 3527 1465 πάλιν
3556 1408 3742 1462 αὐτόν.
3775 1405 3893 1458 Καὶ

2311 1510 2441 1579 γοῦν
2499 1509 2936 1580 κατεμυσάττετο
2978 1506 3076 1576 μὲν
3142 1498 3505 1576 παραφρονῶν
3533 1499 3554 1539 ί
3609 1497 3892 1559 Ἰουδαῖος,

2312 1603 2405 1656 καὶ
2463 1601 2786 1657 καταλιθοῦν
2809 1599 2968 1652 αὑτὸν
2990 1597 3284 1667 ἐπεχείρει,
3309 1595 3406 1666 τὴν
3426 1593 3609 1645 πίστιν
3629 1591 3697 1642 οὐ
3726 1603 3896 1658 προσ-

2315 1695 2546 1763 ιέμενος.
2597 1690 2973 1760 Κατετεθήπει
3029 1687 3154 1758 γὰρ,
3206 1689 3288 1739 ὅτι
3337 1684 3514 1739 καίτοι
3562 1683 3689 1736 καθ’
3739 1681 3890 1750 ἡμᾶς

2313 1785 2586 1856 ὁρώμενος
2618 1782 2920 1854 ἄνθρωπος,
2949 1781 3046 1850 τῆς
3087 1779 3228 1849 ὑπὲρ
3257 1777 3540 1846 ἄνθρωπον
3588 1773 3894 1844 ἀρχαιότη-

2313 1894 2401 1939 τος
2441 1873 2621 1943 ἑαυτῷ
2665 1873 2726 1925 τὸ
2765 1870 3134 1942 πρεσϐύτατον
3168 1865 3557 1937 ἐπεμαρτύρει,
3604 1864 3784 1932 λέγων
3817 1862 3894 1924 ὡς

2313 1967 2443 2030 Fit-:6;
2466 1981 2482 1997 '
2520 1985 2538 2017 ι
2580 1964 2771 2035 Ἀμὴν,
2805 1963 2949 2033 ἀμὴν
2979 1963 3120 2028 λέγω
3155 1960 3304 2029 ὑμῖν,
3337 1958 3465 2028 πρὶν
3503 1955 3763 2024 Ἀϐραὰμ
3794 1971 3892 2022 γε-

2313 2055 2531 2118 νέσθαι,
2579 2051 2688 2121 ἐγώ
2740 2054 2874 2121 εἰμι.
2903 2070 2921 2101 ι
2969 2050 3098 2100 Ὅτε
3143 2045 3409 2116 καὶπρὸς
3449 2044 3608 2097 τοῦτο
3648 2043 3893 2112 ἔφασκον

2313 2150 2538 2200 ἐκεῖνοι⁹
2573 2165 2589 2195 ι
2622 2145 2962 2212 Πεντήκοντα
2992 2139 3085 2210 ἐτη
3111 2138 3264 2192 οῦπω
3303 2137 3465 2207 ἔχεις,
3509 2137 3603 2190 καὶ
3635 2135 3894 2204 Ἀϐραὰμ

2314 2239 2598 2310 ἑώρακας;
2640 2255 2657 2286 ι
2709 2235 2851 2304 Ἔφη
2896 2233 2953 2286 δὲ
3005 2232 3164 2285 πάλιν
3207 2231 3302 2284 καὶ
3337 2229 3591 2297 Ἰωάννης
3617 2245 3631 2258 ·
3671 2245 3691 2277 ι
3724 2223 3893 2289 Οὗτός

2314 2333 2462 2394 ἐστι,
2507 2330 2634 2399 περὶ
2665 2321 2726 2380 οὗ
2769 2326 2878 2395 ἐγὼ
2907 2321 3058 2376 εἷπον
3091 2325 3248 2394 ὑμῖν·
3291 2322 3496 2376 Ὀπίσω
3529 2338 3630 2391 μου
3667 2320 3891 2391 ἔρχεται

2313 2421 2471 2491 ἀνὴρ,
2513 2420 2587 2486 ὃς,
2610 2416 2920 2488 ἔμπροσθέν
2963 2433 3063 2486 μου
3109 2415 3350 2482 γέγονεν,
3393 2413 3475 2465 ὅτι
3521 2411 3746 2482 πρῶτός
3791 2427 3890 2480 μου

2312 2507 2400 2582 ἦν.
2429 2529 2447 2561 ι
2483 2509 2673 2562 Καίτοι
2708 2507 2826 2571 πῶς
2860 2507 3024 2576 ἄνδρα
3055 2522 3116 2558 τε
3155 2503 3309 2566 είδὼς
3337 2504 3430 2557 καὶ
3471 2502 3765 2574 ὀνομάζων
3807 2504 3892 2556 τὸν

2327 2583 2695 2672 Ἐμμανουὴλ,
2728 2598 3034 2670 ἔμπροσθέν
3073 2615 3133 2651 τε
3164 2596 3362 2661 αὑτοῦ,
3405 2597 3501 2649 καὶ
3535 2595 3762 2664 πρῶτον
3799 2612 3891 2663 γει

2315 2694 2500 2748 νέσθαι
2540 2693 2674 2763 φησὶ
2712 2693 2802 2744 τὸν
2840 2691 3064 2760 ὀψιγενῆ
3099 2706 3156 2741 τε
3203 2690 3299 2741 καὶ⁵
3346 2689 3464 2754 μετ’
3509 2687 3714 2753 αὐτόν;
3756 2685 3894 2739 Ἀλλ’

2315 2789 2432 2857 ἐρεῖ
2456 2802 2541 2848 τις
2582 2783 2738 2846 ἴσως·
2775 2782 3121 2853 Ἐμπροσοεν
3154 2781 3316 2833 αὐτὸν
3347 2780 3441 2832 καὶ
3483 2779 3707 2852 πρῶτον
3746 2779 3894 2846 γενέ-

2317 2878 2439 2931 σθαι
2479 2877 2613 2946 φησὶ
2646 2875 2787 2928 κατά
2817 2891 2877 2942 γε
2909 2873 3007 2944 τὴν
3036 2873 3213 2937 δόξαν,
3239 2870 3425 2942 ῶσπερ
3457 2867 3552 2924 οῦν
3584 2871 3773 2924 ἔπεισί
3809 2888 3892 2941 μοι

2314 2971 2484 3022 νοεῖνο
2518 2968 2612 3021 καὶ
2659 2966 2764 3038 μὴν
2800 2966 2882 3018 ὅτι
2915 2964 3166 3041 κίϐδηλόν
3198 2981 3258 3017 τε
3291 2965 3386 3016 καὶ
3418 2963 3628 3033 ἀμαθὲς
3673 2963 3740 3015 τὸ
3772 2965 3893 3035 τῇδε

2315 3062 2478 3122 νοεῖν,
2507 3059 2566 3111 οὐ
2607 3057 2811 3128 μακρὸς
2842 3059 2973 3127 ἡμῖν
3004 3055 3203 3118 διδάξει
3236 3054 3410 3123 λόγος.
3445 3054 3894 3125 Παραδεξάμενοι

646 3148 874 3202 inscitiae
905 3145 1118 3214 plenam
1175 3158 1314 3197 esse.
1343 3140 1473 3200 Nam
1515 3141 1561 3194 si
1609 3141 1846 3208 priorem
1895 3152 2040 3203 esse,
2071 3138 2211 3192 idem

2319 3151 2424 3219 γὰρ
2441 3149 2502 3202 τὸ
2528 3169 2544 3199 ι
2567 3149 2870 3219 ἔμπροσθεν
2902 3166 2918 3198 t
2943 3149 3020 3210 είς
3039 3147 3120 3209 τὸ,
3151 3147 3368 3216 ἄμεινον
3383 3148 3439 3199 ὲν
3469 3147 3620 3217 δόξῃ,
3644 3148 3791 3199 κατὰ
3809 3147 3894 3198 τὸν

644 3255 767 3295 esse
798 3238 1149 3293 statuerimus
1184 3234 1323 3302 quod
1357 3232 1467 3303 39
1492 3232 1542 3285 in
1563 3231 1732 3301 gloria
1764 3231 2027 3299 potiorem
2059 3243 2210 3295 esse;

2321 3243 2434 3294 ἴσον
2463 3259 2564 3293 που
2594 3239 2769 3309 λόγον,
2803 3243 2895 3292 καὶ
2921 3239 2982 3291 τὸ
3013 3257 3032 3290 ‹
3067 3238 3241 3292 ὀπίσω
3273 3257 3292 3290 ι
3345 3239 3586 3308 φήσομεν
3613 3237 3674 3290 τὸ
3729 3238 3808 3299 ὡς
3839 3240 3895 3289 ἐν

645 3333 832 3386 eadem
876 3329 1096 3383 omnino
1138 3325 1348 3380 ratione
1384 3324 1735 3394 posteriorem
1773 3335 1892 3376 esse
1928 3321 2068 3375 idem
2111 3321 2213 3374 erit

2321 3335 2541 3405 εὐκλείᾳ⁴
2593 3333 2843 3404 δεύτερον
2872 3327 2930 3386 εὖ
2967 3331 3108 3403 μάλα
3142 3331 3496 3402 καταδηλοῦν.
3543 3331 3895 3401 Συμϐήσεται

649 3423 789 3494 quod
813 3421 978 3490 gloria
1012 3417 1321 3472 inferiorem
1351 3433 1364 3467 :
1391 3423 1554 3482 atque
1587 3415 1660 3467 ita
1695 3411 1971 3466 Christum
2007 3409 2213 3464 Joanne

2319 3429 2497 3479 τοίνυν
2531 3425 2605 3488 ὡς
2646 3423 2705 3490 ἐξ
2737 3425 2984 3494 ἀνάγκης
3023 3425 3154 3494 ἡμῖν
3190 3423 3292 3492 τῆς
3323 3422 3566 3475 Ἰωάννου
3600 3421 3760 3490 δόξης
3800 3424 3897 3492 ἠτ-

648 3514 960 3570 ittferiorent
999 3508 1062 3578 (ο
1096 3523 1206 3561 rem
1258 3508 1491 3560 maxime
1523 3504 1813 3558 absurdam
1839 3503 1852 3555 ἒ
1877 3504 1893 3570 )
1917 3503 2213 3556 concedere

2319 3514 2514 3567 τᾶσθαι
2555 3514 2807 3584 Χριστὸν,
2833 3513 2927 3565 καὶ⁵
2955 3513 3129 3566 ὀπίσω
3167 3512 3415 3582 δραμεῖν,
3456 3512 3731 3575 ἀσυνέτως
3760 3512 3896 3581 ὁμο-

649 3604 1035 3675 eompellemur
1073 3618 1086 3654 :
1127 3599 1217 3653 Ait
1259 3599 1400 3651 enim
1453 3613 1466 3649 :
1511 3614 1527 3646 ι
1567 3595 1694 3648 Post
1741 3609 1828 3647 me
1868 3594 2012 3646 venit
2048 3592 2150 3646 vir.
2193 3610 2211 3642 ι

652 3698 797 3753 Sane
826 3695 870 3748 si
907 3702 1075 3755 recte,
1105 3689 1243 3758 quod
1266 3688 1316 3739 iu
1346 3684 1573 3738 Psalmis
1603 3685 1669 3736 de
1693 3696 1760 3737 eo
1792 3680 2054 3747 scriptunt
2090 3678 2220 3746 legi-

650 3794 760 3852 tur,
785 3783 1222 3854 expenderimus,
1249 3793 1360 3830 rem
1396 3775 1549 3845 longe
1573 3773 1728 3825 aliter
1757 3768 1956 3826 habere
1987 3771 2219 3822 arbitra-

649 3851 828 3935 bimur
903 3892 922 3926 ι
955 3873 1104 3939 Quis,
1139 3873 1332 3938 inquit,
1358 3869 1412 3922 itt
1444 3865 1673 3920 nubibus
1699 3863 1996 3931 mquabitur
2031 3851 2213 3914 Domi-

649 3972 760 4026 no?
794 3969 986 4024 similis
1021 3967 1125 4020 erit
1157 3963 1380 4015 Domino
1415 3961 1465 4013 in
1518 3959 1640 4012 ﬁliis
1699 3955 1789 4009 Dei
1818 3952 1905 4008 ⁸⁵δῖ
1942 3971 1960 4006 ι
1997 3951 2216 4006 Summa

651 4066 816 4134 igitur
846 4060 1138 4128 antiquitas
1167 4054 1342 4108 Verbo
1379 4061 1633 4120 tanquam
1662 4047 1773 4103 Deo
1798 4046 2096 4103 secundum
2126 4058 2221 4097 na-

657 4167 855 4214 turam,
887 4148 1099 4203 etiamsi
1161 4143 1309 4199 carni
1341 4143 1548 4194 unitum
1578 4139 1668 4202 sit,
1697 4138 2033 4207 pr0priaeque
2061 4145 2220 4187 natu-

653 4259 726 4299 rae
754 4245 891 4298 bona
912 4254 1034 4294 cum
1058 4249 1285 4305 corpore
1307 4232 1447 4301 quod
1479 4230 1791 4299 assumpsit,
1822 4226 2222 4281 communicare

651 4331 1014 4393 consueverit,
1039 4325 1381 4381 attribuenda
1413 4333 1516 4378 est.

725 4425 883 4481 XLII.
921 4421 1071 4487 Quod
1109 4419 1249 4474 istud
1290 4429 1467 4470 autem
1496 4415 1567 4468 ita
1610 4427 1668 4468 se
1717 4411 1932 4476 habeat,
1969 4417 2223 4477 recteque

2319 3607 2497 3674 λογεῖν
2524 3608 2568 3658 ε.
2599 3607 2742 3675 Ἔφη
2771 3605 2897 3673 γὰρ,
2927 3605 3006 3657 ὅτι
3033 3624 3050 3655 ι
3090 3603 3296 3659 Ὀπίσω
3326 3621 3426 3674 μου
3451 3603 3665 3674 ἔρχεται
3687 3604 3890 3674 ἁνήρ.»

2329 3698 2393 3750 Ὠ
2418 3699 2516 3767 τῆς
2547 3696 2809 3760 ἀτοπίαςῐ
2840 3695 3137 3766 οἰησόμεθα
3171 3696 3387 3765 γὰροὺχ
3414 3687 3514 3747 ὧδε
3547 3695 3706 3764 ἔχειν,
3740 3697 3896 3747 ἐννε-

2320 3789 2576 3858 νοηκότες
2611 3787 2785 3858 ὀρθῶς
2817 3787 2878 3840 τὸ
2959 3788 3016 3839 ὲν
3061 3786 3309 3856 Ψαλμοῖς
3349 3785 3730 3856 γεγραμμένον
3755 3827 3773 3850 ,
3814 3788 3898 3838 ὅτι

2327 3900 2344 3931 ι
2374 3879 2467 3942 Τίς
2502 3881 2559 3931 ὲν
2589 3879 2838 3949 νεφέλαις
2893 3878 3215 3946 ίσωθήσεται
3246 3875 3323 3944 τῷ
3367 3877 3586 3946 Κυρίῳ;
3620 3877 3900 3945 ὁμοιωθή-

2324 3989 2473 4024 σεται
2502 3970 2580 4041 τῷ
2609 3969 2797 4040 Κυρίῳ
2821 3971 2878 4021 ὲν
2904 3969 3042 4031 υἱοῖς
3066 3967 3200 4020 Θεοῦ
3225 3984 3239 4032 ;
3266 3985 3284 4018 ι
3322 3966 3632 4020 Ἀναθετέον
3658 3963 3755 4019 οῦν
3787 3967 3899 4038 ἄρα

2323 4056 2416 4109 καὶ
2448 4057 2588 4110 κατὰ
2619 4056 2815 4127 σαρκὸς
2837 4054 2987 4124 αὐτῷ
3008 4055 3070 4107 τὸ
3098 4054 3488 4126 πρεσϐύτατον,
3509 4055 3583 4118 ὡς
3605 4055 3723 4125 Θεῷ
3750 4061 3898 4109 κατὰ

2324 4147 2485 4216 φύσιν
2538 4146 2788 4200 ἐνωθέντι
2839 4146 3024 4217 σαρκὶ,
3073 4147 3168 4199 καὶ
3198 4146 3265 4200 τὰ
3288 4147 3389 4216 τῆς
3437 4147 3641 4209 οἰκείας
3674 4147 3900 4216 φύσεως

2324 4240 2502 4309 ἀγαθὰ
2530 4242 2851 4294 κοινοποιεῖν
2882 4240 3096 4294 εἰωθότι
3124 4240 3212 4311 τῷ,
3233 4240 3347 4312 ἰδίῳ
3381 4241 3609 4312 σώματι.

2395 4418 2527 4472 MB’.
2569 4416 2738 4471 Τοῦτο
2780 4415 2824 4469 δ’
2863 4416 2930 4471 ἃν
2967 4417 3157 4487 μάθοις
3191 4411 3293 4472 ὧδέ
3337 4436 3396 4472 τε
3428 4418 3568 4490 ἔχον,
3610 4419 3705 4474 καὶ
3737 4425 3899 4494 εἰρη-

652 4519 855 4575 dietum
888 4514 980 4579 sit,
1019 4514 1071 4568 id
1103 4526 1170 4566 ex
1196 4508 1316 4562 aliis
1354 4519 1566 4575 quoque
1604 4503 1947 4567 testimoniis,
1985 4502 2028 4555 si
2063 4501 2213 4552 modo

2329 4508 2492 4580 μένον
2518 4507 2712 4580 ὀρθῶς,
2741 4507 2835 4560 καὶ
2861 4507 2919 4572 ἐξ
2949 4507 3148 4578 ἑτέρων
3177 4509 3356 4575 εὐθὺς,
3385 4509 3540 4580 εῖπερ
3564 4510 3720 4573 ἕλοιο,
3761 4530 3894 4582 μαρ-

649 4608 890 4671 libuerit,
909 4605 1067 4659 facile
1096 4601 1389 4657 didiceris:
1423 4598 1810 4664 dicitnamque
1844 4591 2038 4647 alicubi
2081 4592 2223 4646 Deus

657 4716 752 4770 per
807 4697 1095 4766 quemdam
1155 4701 1462 4746 sanctorum
1489 4688 1869 4757 prophetarum
1906 4685 1970 4739 de
2001 4682 2221 4737 Christo

651 4810 713 4848 ex
746 4791 952 4846 semine
1007 4786 1170 4841 David
1211 4782 1503 4838 secandum
1536 4791 1756 4833 carnem
1787 4784 1945 4829 orto:
1984 4791 2003 4824 ι
2044 4773 2110 4826 Ει
2134 4781 2217 4834 tu,

656 4881 934 4936 Bethleem
982 4878 1177 4930 domus
1225 4873 1480 4940 Ephrata,
1515 4884 1620 4922 non
1650 4865 1868 4935 parvula
1911 4878 1970 4918 es
2005 4863 2057 4916 in
2101 4862 2221 4916 mil-

653 4975 795 5027 libus
826 4969 981 5024 Juda.
1006 4967 1083 5020 Ex
1123 4976 1173 5019 te
1207 4963 1336 5017 mihi
1368 4961 1672 5032 egredietur
1703 4956 1796 5026 qui
1840 4956 1910 5009 sit
1960 4954 2214 5009 Domina-

658 5076 740 5119 tor
772 5061 959 5124 lsrael,
990 5069 1044 5113 et
1073 5070 1323 5127 egressus
1355 5054 1469 5122 ejus
1500 5051 1566 5106 ab
1604 5049 1759 5104 initio
1780 5063 1807 5100 a
1843 5047 2033 5102 diebus
2063 5055 2222 5101 teter-

659 5152 843 5209 nitatis
866 5153 932 5206 δ’.
965 5169 983 5201 ι
1015 5151 1088 5204 De
1112 5149 1237 5203 ﬁliis
1260 5162 1385 5201 vero
1413 5143 1576 5198 lsrael
1605 5140 2004 5196 saeratissimus
2028 5137 2223 5192 Paulus

657 5248 729 5301 ita
786 5245 976 5299 scribit
1013 5261 1026 5296 :
1064 5259 1082 5291 ι
1123 5238 1322 5293 Omnes
1366 5238 1419 5290 in
1469 5233 1650 5303 Moyse
1689 5231 1944 5302 baptizati
1994 5239 2121 5284 sunt
2171 5230 2221 5282 in

659 5338 802 5392 nube
820 5345 872 5389 et
899 5335 949 5388 in
966 5333 1121 5395 mari,
1137 5342 1188 5384 et
1206 5343 1390 5385 omnes
1415 5325 1656 5382 eamdem
1677 5338 1853 5378 escam
1889 5321 2221 5391 spiritualem

659 5429 1141 5488 tnanducaverunt,
1174 5431 1227 5475 et
1277 5434 1465 5474 omnes
1515 5417 1762 5473 eumdem
1817 5422 2002 5484 potum
2067 5413 2226 5482 spiri-

2327 4599 2547 4670 τυριῶν.
2577 4599 2719 4670 Ἔφη
2763 4599 2860 4670 μὲν
2895 4599 3003 4669 γάρ
3035 4616 3135 4652 που
3169 4600 3300 4664 Θεὸς
3327 4602 3457 4672 περὶ
3489 4601 3582 4655 τοῦ
3616 4605 3680 4656 ὲκ
3721 4606 3901 4673 casp-

2330 4708 2497 4760 ματος
2539 4690 2698 4743 Δαυῖδ
2746 4690 2807 4742 τὸ
2845 4692 2987 4744 κατὰ
3021 4692 3198 4763 σάρκα
3231 4693 3465 4763 Χριστοῦ
3508 4694 3575 4747 δι’
3617 4695 3736 4759 ἑνὸς
3787 4698 3899 4750 τῶν

2325 4783 2493 4850 ἁγίων
2541 4781 2869 4852 προφητῶν
2914 4803 2933 4835 ι
2975 4784 3086 4838 Καὶ
3139 4786 3224 4849 σὺ,
3279 4784 3560 4857 Βηθλεὲμ,
3605 4782 3752 4852 οἶκος
3803 4790 3897 4842 τοῦ

2338 4871 2600 4943 Ἐφραθᾶ,
2627 4873 2701 4944 μὴ
2730 4874 3006 4944 ὀλιγοστὸς
3030 4872 3081 4929 εἷ
3104 4875 3196 4930 τοῦ
3220 4873 3354 4930 εῖναι
3373 4879 3429 4929 ἐν
3444 4878 3674 4947 χιλιάσιν
3703 4880 3896 4935 Ἰούδα.

2344 4964 2436 5017 Ἐκ
2458 4965 2550 5017 σοῦ
2577 4983 2667 5036 μοι
2687 4960 3028 5030 ὲξελεὺσετᾶι
3053 4967 3146 5020 τοῦ
3175 4963 3313 5021 εἶναι
3333 4970 3410 5031 είς
3436 4969 3707 5040 ’Ἄρχοντα
3729 4971 3791 5022 ὲν
3822 4973 3899 5042 τῷ

2341 5055 2584 5125 Ἰσραήλ·
2619 5055 2712 5108 καὶ
2752 5058 2806 5108 αί
2840 5056 3005 5121 ἔξοδοι
3039 5057 3200 5110 αὑτοῦ
3241 5058 3335 5112 ἀπ’
3360 5055 3534 5130 ἀρχῆς
3572 5058 3629 5123 ἐξ
3669 5062 3897 5131 ἡμερῶν

2329 5147 2542 5209 αἰῶνος.
2573 5167 2590 5198 t
2629 5147 2765 5218 Περὶ
2797 5147 2849 5202 δέ
2884 5166 2947 5216 γε
2976 5150 3083 5201 τῶν
3119 5148 3252 5202 υἱῶν
3288 5150 3502 5221 Ἰσραὴλ
3527 5152 3557 5203 ὁ
3600 5152 3898 5222 ἱερώτατος

2330 5235 2560 5298 Παῦλος,
2591 5237 2671 5289 ὅτι
2707 5255 2724 5286 t
2757 5238 2962 5301 Πάντες
2991 5241 3067 5301 είς
3101 5239 3191 5290 τὸν
3224 5240 3460 5310 Μωῦσῆν
3489 5239 3898 5312 ἐϐαπτίσθησαν

2332 5326 2389 5377 ἐν
2422 5328 2487 5395 τῇ
2521 5325 2718 5396 νεφέλῃ
2748 5327 2839 5380 καὶ
2862 5328 2919 5379 ὲν
2940 5330 3007 5398 τῇ
3042 5327 3303 5400 θαλάσσῃ,
3338 5329 3431 5382 καὶ
3461 5329 3663 5393 πάντες
3704 5330 3899 5402 βρῶμα

2334 5417 2701 5487 πνευματικὸν
2745 5418 2807 5471 τὸ
2849 5419 2980 5472 αὐτὸ
3027 5419 3242 5490 ἔφαγον,
3289 5423 3382 5474 καὶ
3425 5422 3625 5487 πάντες
3670 5424 3732 5478 τὸ
3768 5426 3900 5478 αὐτὸ

732 5545 776 5575 ⁵⁵
814 5541 970 5597 Joan.
1003 5555 1119 5603 vttt,
1141 5537 1226 5591 58.
1304 5535 1348 5566 “
1377 5534 1507 5588 ibid.
1543 5533 1630 5587 57.
1706 5530 1749 5562 ⁸⁷
1779 5529 1934 5585 Joan.
1975 5545 2012 5594 t,
2039 5532 2118 5585 50.
2199 5529 2243 5560 ⁸⁸
2274 5528 2414 5583 Psal.
2446 5549 2708 5599 Lxxxvttt,
2735 5534 2792 5590 7.
2863 5534 2911 5568 ”
2943 5534 3100 5591 Miclt.
3142 5550 3194 5600 v,
3223 5535 3290 5603 2;
3320 5535 3508 5592 Matth.
3556 5552 3617 5606 ιι,
3648 5537 3702 5592 6.

1767 5646 1940 5701 Vatia:
1973 5644 2228 5702 lectiones
2249 5645 2450 5702 codicis
2482 5645 2838 5719 Seguieriani.

740 5774 760 5811 ί
793 5775 821 5827 ὀ
855 5771 1172 5842 παράφρων.
1253 5770 1275 5806 ε
1310 5768 1572 5820 ὑπονοεῖν.
