4056 6334
117 424 258 481 {197

1066 424 1153 479 DE
1192 422 1413 479 RECTA
1455 421 1608 479 FIDE
1648 422 1737 475 AD
1776 422 2216 480 THEODOSIUM
2257 426 2382 482 IMP.

3203 430 3341 487 1198

116 540 490 609 πνευματικὸν
525 538 676 593 ἔπιον
708 540 889 610 πόμαο
924 539 1104 593 ἔπινον
1145 540 1251 613 γὰρ
1278 543 1339 594 ἐκ
1388 557 1682 611 πνευματιο

1789 540 1983 594 tualem
2073 543 2373 597 biberunt:
2426 542 2676 597 bibebam
2734 552 2909 598 autem
2964 544 3029 598 de
3077 544 3339 613 spirituali

116 635 216 704 κῆς
243 631 632 704 ὗκολουθούσης
658 634 859 704 πέτρας
879 651 892 664 ’
916 635 948 704 ή
975 634 1029 686 δὲ
1053 634 1224 704 πέτρα
1244 630 1310 705 ἦν
1333 637 1361 688 0
1383 635 1629 703 Χριστός.
1655 651 1673 682 ι

119 727 311 797 Ἀθρει
351 726 415 797 δὴ
459 722 553 779 οὖν
590 728 648 778 ἐν
694 725 911 796 Χριστῷ
958 726 1130 795 Ἰησοῦ
1176 725 1522 795 δεικνύμενον
1559 723 1678 777 καθ’

116 820 309 871 ἕνωσιν
349 816 694 886 οἰκονομικὴν
723 816 783 868 τὸ
825 816 1002 879 ίδικῶς
1034 816 1127 868 τοῦ
1161 818 1332 883 Λόγου
1373 816 1679 885 πρεσϐύτα-

116 926 226 962 τον.
261 911 333 961 Ἣ
369 910 467 961 οὐκ
495 909 728 978 ἐναργὴς
763 909 790 959 0
818 906 1008 973 λόγος;
1042 906 1144 957 Τὸν
1174 907 1361 975 γάρτοι
1392 906 1683 976 Βηθλεεμί-

115 1017 235 1070 την,
274 1000 350 1063 ὼς
380 1000 661 1069 ἄνθρωπον
698 999 789 1051 καὶ
828 999 889 1051 ἐκ
924 998 1201 1064 γυναικὸς,
1234 999 1327 1050 ἀπ’
1356 998 1526 1069 ἀρχῆς
1555 998 1683 1050 αίῶ-

117 1109 203 1155 νος
243 1092 345 1154 τὰς
391 1092 600 1157 ἐξόδους
631 1090 772 1159 ἔχειν
808 1086 867 1142 εὖ
898 1089 1041 1158 μάλα
1078 1089 1240 1157 φησίν
1262 1105 1274 1119 ⁶
1309 1092 1364 1141 ἐν
1398 1091 1536 1159 ἀρχῇ
1574 1089 1681 1159 γὰρ

116 1180 183 1253 ἦν
207 1184 305 1236 καὶ
335 1183 441 1253 πρὸ
467 1182 664 1244 παντὸς
704 1180 896 1243 αίῶνος
922 1180 949 1231 0
979 1180 1403 1251 ὲνανθρωπήσας
1428 1178 1557 1241 Θεὸς
1583 1180 1681 1231 Λό-

118 1290 244 1343 γος·
281 1277 375 1327 καὶ
408 1274 567 1336 αὐτὸς
600 1268 666 1342 ἦν
696 1274 729 1341 ἡ
765 1272 960 1343 πέτρα,
991 1271 1316 1341 δεδιψηκότα
1349 1274 1437 1326 τὸν
1470 1273 1682 1343 Ἰσραὴλ

118 1370 228 1428 τοῖς
256 1366 387 1436 παρ’
415 1364 605 1417 ἐλπίδα
638 1364 731 1417 καὶ
753 1364 1030 1434 ἀδοκήτως
1066 1362 1425 1457 ἐκμεθύσκων
1452 1364 1681 1435 νάμασι·

120 1460 297 1513 καίτοι
332 1456 611 1526 γεννηθεὶς
649 1455 790 1509 κατά
815 1472 876 1522 γε
918 1455 1015 1525 τὴν
1048 1453 1223 1524 σάρκα
1254 1456 1345 1508 καὶ
1383 1456 1444 1508 τὸ
1483 1453 1688 1526 ἀνθρώ-

121 1567 275 1602 πινον
325 1550 381 1602 ἐν
410 1549 657 1618 ἐσχάτοις
696 1545 791 1599 τοῦ
835 1546 1026 1609 αίῶνος
1082 1549 1311 1616 καιροῖς,
1352 1548 1446 1599 καὶ
1504 1564 1688 1615 κεχρι-

126 1642 321 1709 σμένος
346 1641 444 1710 τὴν
467 1641 545 1701 είς
573 1638 721 1691 τόνδε
752 1636 843 1689 τὸν
872 1636 1073 1706 κόσμον
1089 1637 1388 1706 ἀποστολὴν
1419 1636 1564 1707 παρά
1592 1636 1685 1689 τοῦ

122 1731 255 1785 Θεοῦ
282 1733 375 1783 καὶ
406 1731 643 1801 Πατρός’
677 1728 1091 1798 κατωνόμασται
1122 1730 1227 1798 γὰρ
1256 1730 1351 1797 οὐχ
1386 1729 1570 1799 ἐτέρου
1594 1744 1686 1779 του

122 1824 282 1893 χάριν
313 1823 345 1892 ἢ
374 1824 461 1875 διὰ
501 1822 657 1874 τοῦτο
690 1821 939 1890 Χριστός.
987 1821 1220 1890 Χριστὸς
1262 1822 1317 1873 δὲ
1349 1819 1417 1893 ἦν
1451 1822 1688 1893 η’πέτρα

124 1883 264 1964 κατὰ
298 1883 391 1963 10v
431 1910 615 1978 νόμον,
662 1883 755 1961 καί
805 1908 897 1959 τὸν
934 1883 1164 1961 Παῖλλον.
1204 1883 1688 1978 Ἔπαγωνιεῖταιδ
1721 1883 1761 1937 Β

125 1999 188 2055 αὖ
221 2003 317 2054 καὶ
366 2001 686 2069 συναθλήσει
728 1999 802 2067 τῷ
831 1999 973 2068 λόγῳ
1020 2002 1113 2053 καὶ
1154 2003 1181 2053 0
1212 2004 1371 2069 σοφὸς
1406 2003 1686 2071 Ἰωάννης,

126 2091 406 2161 μονονουχὶ
432 2091 525 2142 καὶ
558 2091 889 2159 συναγείρων
928 2090 1023 2153 τάς
1060 2091 1279 2159 φύσεις,
1326 2096 1421 2147 καὶ
1462 2095 1689 2147 συνδέων

123 2187 199 2247 είς
247 2185 444 2236 ἕνωσιν
482 2182 591 2235 τῶν
634 2184 871 2253 ἑκατέρα
904 2185 1211 2253 προσόντων
1246 2187 1550 2255 ἰδιωμάτων
1591 2189 1689 2259 τὴν

120 2275 371 2344 δύναμιν.
409 2273 517 2326 Θέα
565 2273 674 2343 γὰρ
720 2274 747 2326 0
781 2290 977 2342 φησιν·
1022 2292 1040 2324 ι
1076 2277 1138 2327 Ὃ
1176 2271 1241 2345 ἦν
1286 2278 1378 2327 ἀπ’
1420 2279 1621 2347 ἀρχῆς,
1663 2278 1691 2329 ὃ

121 2365 461 2434 ἀκηκόαμεν,
513 2363 541 2415 0
592 2364 916 2433 ἑωράκαμεν
959 2365 1069 2425 τοῖς
1115 2363 1407 2433 ὀφθαλμοῖς
1445 2366 1623 2433 ἡμῶν,
1663 2365 1691 2417 ὃ

124 2456 493 2525 ἐθεασάμεθα,
526 2458 611 2508 καλ
649 2457 702 2507 al
749 2459 926 2525 χεῖρες
974 2456 1129 2525 ἡμῶν
1166 2457 1519 2526 ἐψηλάφησαν
1563 2460 1691 2529 περὶ

121 2546 212 2601 τοῦ
261 2549 439 2615 Λόγου
490 2548 585 2617 τῆς
637 2546 818 2616 ζωῆς·
860 2548 953 2599 καὶ
1000 2547 1149 2617 ήζωὴ
1206 2548 1552 2619 ἐφανερώθη,
1599 2552 1691 2604 καὶ

124 2640 477 2710 ἑωράκαμεν,
525 2640 619 2691 καὶ
673 2638 1078 2708 μαρτυροῦμεν,
1137 2640 1230 2692 καὶ
1277 2640 1691 2710 ἀπαγγέλλομεν

125 2734 251 2796 ὑμῖν
289 2730 433 2799 ζωὴν
464 2732 559 2798 τὴν
600 2730 834 2794 αἰώνιον,
872 2730 990 2799 ἥτις
1031 2725 1099 2798 ἦν
1142 2731 1278 2799 πρὸς
1316 2732 1405 2784 τὸν
1451 2732 1688 2801 Πατέρα,

124 2825 216 2877 καὶ
277 2822 598 2892 ἐφανερώθη
646 2823 792 2891 ὑμῖν.
827 2841 844 2873 ι
892 2821 1020 2874 Ἰδοὺ
1070 2821 1158 2873 τὸν
1216 2822 1344 2875 ὅντα.
1392 2824 1485 2875 ἀπ’
1521 2824 1693 2894 ἀρχῆς

123 2908 301 2981 ῶφθαί
342 2914 397 2965 τέ
430 2930 593 2981 φησιν
640 2912 917 2980 ἐναργῶς,
951 2912 1238 2981 ὑπομεῖναι
1289 2912 1345 2964 δέ
1392 2915 1483 2966 καὶ
1524 2916 1688 2984 ἁφήν.

136 3005 521 3075 Ἀνεκεκράγει
551 3004 655 3073 γάρ
684 3004 712 3055 0
738 3002 939 3072 Θωμᾶς
959 3018 971 3031 ·
1013 3023 1030 3054 ι
1072 3004 1129 3055 Ὀ
1161 3003 1359 3074 Κύριός
1392 3023 1514 3074 μου,
1546 3008 1638 3060 καὶ
1666 3010 1693 3062 0

126 3094 253 3157 Θεός
287 3112 413 3164 μου,
446 3114 463 3145 ι
511 3095 895 3164 ἀναμετρήσας
925 3094 1171 3164 δακτύλῳ
1226 3096 1464 3166 πλευράν
1500 3116 1557 3151 τε
1597 3099 1693 3169 τὴν

1780 640 2138 701 consequente
2160 650 2248 689 eos
2283 645 2451 703 petra,
2467 644 2612 703 petra
2636 645 2809 690 autem
2830 646 2942 691 erat
2959 636 3201 692 Christus
3222 638 3289 691 ”.
3318 659 3336 689 ι

1781 722 1857 777 En
1889 735 2149 780 Summam
2184 727 2327 781 illam
2351 729 2746 795 antiquitatem,
2776 743 2895 797 quae
2919 729 2971 783 in
3007 728 3185 783 Verbo
3211 745 3339 797 pro-

1780 817 1894 886 prie
1954 818 2223 882 convenit,
2277 819 2570 872 secundum
2630 818 3018 873 mconomieam
3090 819 3340 873 unionem

1788 906 1875 961 hic
1906 907 2123 961 Christo
2162 909 2286 961 Jesu
2324 910 2645 979 assignatam
2670 923 2808 963 esse.
2848 909 2927 962 An
2973 910 3234 963 obscurus
3260 919 3344 961 est

1782 997 1871 1052 hic
1892 999 2110 1052 sermo?
2144 998 2432 1053 Evidenter
2469 1001 2611 1054 enim
2668 1000 2886 1069 exponit
2937 1000 3341 1055 Bethleemitam

1782 1088 1952 1152 illum,
1982 1090 2071 1158 qui
2121 1105 2186 1145 ex
2248 1091 2470 1144 muliere
2515 1103 2673 1145 natus
2724 1099 2807 1145 est
2866 1092 3047 1157 homo,
3079 1092 3146 1145 ab
3192 1090 3343 1143 initio

1784 1180 1960 1233 saaculi
1984 1181 2183 1233 exitum
2216 1180 2415 1235 habere
2443 1199 2456 1235 :
2485 1181 2536 1234 iu
2599 1181 2868 1250 principio
2916 1181 3062 1235 enim
3122 1189 3179 1233 et
3220 1190 3343 1233 ante

1783 1271 1961 1326 omnia
2016 1271 2207 1325 saecula
2230 1281 2347 1325 erat
2387 1275 2527 1341 quod
2576 1274 2912 1327 incarnatum
2961 1283 3042 1326 est
3081 1270 3339 1337 Verbum,

1785 1361 2005 1431 ipseque
2030 1372 2143 1416 erat
2197 1372 2347 1431 petra
2391 1364 2643 1433 illa,qua:
2689 1362 3041 1418 lsraeliticum
3088 1363 3340 1435 populum

1785 1455 2055 1509 sitientem
2088 1456 2376 1524 insperatis
2415 1457 2905 1526 inexSpectatisque
2936 1472 3086 1525 aquze
3132 1456 3345 1511 ﬂuentis

1787 1546 2071 1600 inehriavit
2104 1566 2117 1601 :
2158 1548 2371 1602 etiamsi
2394 1548 2445 1600 in
2468 1548 2774 1601 novissimis
2803 1548 2984 1602 sarculi
3012 1547 3345 1616 temporibus

1786 1640 2076 1691 secundum
2107 1653 2345 1699 carnem,
2374 1641 2771 1708 humanamque
2807 1649 3057 1693 naturam
3094 1638 3345 1708 progeni-

1789 1739 1897 1793 tus,
1928 1732 2249 1784 etmissione
2292 1731 2343 1784 in
2375 1733 2514 1784 hunc
2551 1733 2805 1784 mundum
2843 1747 2872 1784 a
2908 1732 3013 1785 Deo
3059 1729 3217 1784 Patre
3264 1729 3346 1783 in-

1788 1831 1980 1877 unctus
2014 1824 2110 1877 sit:
2133 1839 2304 1893 neque
2350 1825 2493 1878 enim
2541 1825 2754 1879 aliunde
2787 1826 2887 1879 hoc
2917 1839 3110 1879 nomen
3145 1823 3344 1879 Christi

1791 1914 2015 1966 sortitus
2054 1927 2160 1978 est,
2194 1932 2351 1983 quam
2413 1915 2480 1969 ab
2525 1932 2629 1969 una
2662 1918 2763 1970 hac
2808 1918 3060 1972 unctione
3114 1924 3169 1970 et
3231 1915 3349 1967 l'un-

1792 2005 2001 2069 ctione;
2034 2006 2181 2073 atqui
2214 2006 2484 2067 Christus,
2524 2006 2816 2059 secundum
2860 2005 3027 2073 legem
3069 2014 3125 2060 et
3159 2019 3352 2059 secun-

1792 2097 1914 2151 dum
1943 2098 2157 2151 beatum
2179 2094 2427 2157 Paulum,
2451 2105 2565 2148 erat
2595 2095 2678 2147 illa
2701 2105 2870 2162 petra.
2900 2094 3194 2150 Confirmat
3215 2096 3352 2148 hanc

1792 2204 2003 2241 rursum
2039 2190 2361 2240 sententiam
2394 2199 2447 2240 et
2482 2189 2695 2255 sapiens
2724 2186 2958 2242 Joannes
2989 2202 3238 2256 quoque;
3278 2189 3354 2242 si-

1791 2280 2003 2348 quidem
2032 2278 2140 2349 40
2176 2289 2397 2331 naturas
2428 2279 2482 2331 in
2516 2294 2678 2332 unum
2710 2279 3102 2348 quodammodo
3132 2292 3348 2347 cogens,

1792 2371 2295 2439 proprietatumque
2348 2371 2476 2434 vim,
2517 2384 2637 2437 quae
2706 2370 2919 2438 utrique
2984 2368 3247 2436 adjacent,
3298 2368 3349 2421 in

1792 2461 2041 2513 unionem
2071 2460 2340 2527 redigens,
2364 2458 2437 2512 ita
2456 2458 2647 2513 scribit
2678 2475 2691 2511 :
2729 2476 2747 2508 ι
2772 2458 2921 2525 Quod
2947 2456 3047 2513 fuit
3076 2460 3142 2513 ab
3175 2458 3347 2521 initio,

1791 2550 1932 2619 quod
1960 2549 2281 2612 audivimus,
2311 2548 2451 2617 quod
2480 2548 2710 2602 vidimus
2741 2548 2910 2602 oculis
2954 2548 3174 2613 nostris,
3211 2548 3348 2616 quod

1793 2642 2181 2710 perspeximus,
2220 2649 2275 2695 et
2332 2655 2522 2695 manus
2553 2650 2748 2693 nostra:
2780 2646 3255 2694 contrectaverunt
3286 2640 3353 2691 de

1792 2732 1967 2785 Verbo
2028 2732 2170 2796 vitae,
2189 2742 2241 2785 et
2276 2733 2380 2784 vita
2429 2731 2764 2785 manifestata
2806 2739 2909 2794 est,
2928 2741 2983 2785 et
3024 2731 3273 2796 vidimus,
3300 2739 3353 2783 et

1793 2832 2071 2886 testamur,
2122 2831 2176 2875 et
2226 2823 2605 2875 annuntiamus
2649 2821 2799 2875 vobis
2855 2820 3017 2873 vitam
3070 2831 3347 2878 mternam.

1790 2927 1910 2980 qua:
1961 2920 2078 2965 erat
2132 2913 2270 2980 apud
2327 2908 2564 2974 Patrem,
2622 2920 2676 2964 et
2734 2911 2981 2979 apparuit
3032 2909 3280 2965 nobis“.
3326 2931 3346 2962 ο

1792 3001 1930 3055 Ecce
1982 3001 2179 3055 diserte
2232 2998 2462 3053 aﬂirmat
2518 3014 2663 3061 eum,
2694 3002 2782 3066 qui
2825 3000 2927 3052 fuit
2972 2999 3039 3054 ab
3100 3000 3270 3063 initio,
3299 3008 3354 3051 ct

1793 3093 1964 3144 visum
2021 3105 2163 3154 esse,
2210 3099 2265 3143 et
2317 3089 2634 3158 palpabilem
2700 3088 2902 3143 factum
2955 3104 3096 3144 esse.
3132 3090 3350 3143 Etenim

127 3183 215 3234 τοῦ
256 3183 527 3251 σώματος,
556 3182 651 3234 καὶ
688 3183 787 3244 τὰς
832 3183 1141 3253 διατρήσεις
1174 3184 1282 3237 τῶν
1334 3186 1496 3255 ἥλων.
1530 3188 1686 3255 Γεγε-

1794 3180 2047 3244 Thomas,
2078 3188 2425 3248 posteaquam
2464 3193 2653 3232 manus
2692 3177 2745 3231 in
2799 3178 2959 3243 latus,
2993 3190 3046 3232 et
3075 3179 3271 3249 digitos
3296 3178 3349 3231 in

126 3273 317 3342 νῆσθαι
362 3273 417 3325 δέ
458 3290 589 3342 φησι
627 3274 751 3335 τοὺς
784 3274 968 3340 ἁγίους
1010 3276 1338 3339 ἀποστόλους
1371 3280 1463 3331 καὶ
1493 3282 1519 3331 0
1551 3279 1691 3343 θεῖος

129 3366 251 3433 ἡμῖν
294 3363 506 3425 Λουκᾶς
551 3362 820 3424 αὐτόπτας
870 3380 930 3415 τε
980 3366 1071 3416 καὶ
1124 3366 1402 3436 ὑπηρέτας
1455 3370 1546 3422 τοῦ
1582 3371 1688 3423 Λό-

128 3471 252 3523 γουο
286 3454 495 3522 γέγονεί
516 3452 623 3522 γάρ
656 3454 903 3521 ἐμφανὴς
930 3456 959 3506 0
987 3457 1300 3524 ἀσώματος,
1333 3462 1426 3512 καὶ
1458 3462 1629 3526 ἀπτὸς
1662 3464 1689 3516 ὁ

128 3548 367 3618 ἀναφὴς·
398 3546 498 3598 οὐκ
542 3544 742 3597 ὀθνεῖον
773 3544 909 3614 ἔχων
942 3546 1255 3617 περίϐλημα
1302 3550 1398 3621 τὴν
1446 3554 1553 3605 ἀπὸ
1587 3556 1687 3623 γῆς

131 3640 332 3711 σάρκα,
372 3638 485 3691 ἀλλ’
523 3636 652 3689 ῐδιον
686 3636 853 3705 αὐτὴν
892 3638 1257 3707 ποιησάμενος
1302 3642 1446 3707 ναδν,
1496 3647 1589 3696 καὶ
1629 3648 1687 3697 ἐν

131 3734 261 3801 αὐτῇ
296 3772 311 3795 ,
341 3730 433 3782 καὶ
471 3730 566 3781 σὺν
595 3729 727 3797 αὐτῇ
762 3728 1159 3799 γνωριζόμενος
1190 3730 1261 3793 ὼς
1291 3732 1421 3795 Θεὸς
1450 3736 1545 3785 καὶ
1576 3735 1687 3787 Κύ-

134 3840 259 3891 ριος.
304 3821 624 3891 Γεγραφότα
670 3820 725 3872 δὲ
769 3816 925 3874 οἶσθά
970 3839 1072 3874 που
1120 3824 1213 3875 καὶ
1254 3823 1345 3877 τὸν
1395 3823 1685 3896 ἱερώτατον

130 3912 369 3965 Παῦλονο
412 3930 429 3961 ι
460 3911 644 3973 Οὐδεὶς
677 3910 783 3981 γάρ
830 3910 985 3980 ἡμῶν
1025 3913 1201 3982 ἐαυτῷ
1238 3912 1338 3983 ζῇ,
1378 3916 1469 3967 καὶ
1511 3916 1687 3979 οὐδεὶς

130 4002 299 4072 ἐαυτῷ
345 4001 696 4070 ἀποθνήσκει.
734 4002 856 4053 Ἐάν
896 4020 953 4053 τε
997 4004 1108 4073 γὰρ
1153 4005 1351 4074 ζῶμεν,
1389 4006 1467 4077 τῷ
1502 4009 1689 4080 Κυρίῳ

131 4094 342 4161 ζῶμεν·
385 4092 478 4144 ἐάν
516 4109 574 4143 τε
623 4092 1072 4163 ἀποθνήσκωμεν,
1102 4094 1179 4163 τῷ
1215 4097 1404 4167 Κυρίῳ
1448 4098 1688 4169 ἀποθνή-

132 4196 363 4253 σκομεν·
406 4180 500 4232 ἐάν
541 4197 596 4231 τε
637 4180 729 4233 οὖν
760 4180 959 4251 ζῶμεν,
995 4183 1088 4236 ἐάν
1128 4200 1186 4235 τε
1234 4185 1684 4256 ἀποθνήσκωμεν,

128 4276 215 4329 τοῦ
246 4272 456 4342 Κυρίου
490 4270 675 4340 ἐσμέν.
716 4272 809 4334 Εἰς
841 4273 996 4325 τοῦτο
1036 4274 1144 4342 γὰρ
1176 4275 1410 4343 Χριστὸς
1455 4279 1689 4335 ἀπέθανε

130 4368 216 4417 καὶ
240 4363 455 4432 ἔζησεν,
486 4361 569 4413 ἶνα
594 4358 803 4427 νεκρῶν
833 4361 926 4412 καὶ
953 4361 1172 4425 ζώντων
1206 4362 1486 4436 κυριεύσῃ.
1515 4387 1533 4417 ι

1794 3273 2064 3326 clavorum
2121 3270 2380 3326 foramina
2430 3271 2715 3335 intulisset,
2759 3271 2936 3324 statim
2980 3271 3298 3325 exclamavit
3335 3286 3350 3323 :

1799 3382 1817 3414 ε
1847 3364 2104 3417 Dominus
2129 3377 2298 3425 meus,
2338 3371 2390 3414 et
2422 3361 2562 3414 Deus
2604 3377 2753 3415 meus
2780 3362 2848 3415 ".
2886 3380 2904 3412 ι
2936 3362 3073 3427 Quin
3122 3362 3353 3415 eximius

1795 3468 2007 3523 quoque
2034 3452 2362 3522 evangelista
2402 3450 2579 3505 Lucas
2609 3462 2824 3505 sanctos
2870 3451 3139 3520 apostolos
3192 3449 3352 3507 Verbi

1796 3555 2149 3615 spectatores,
2198 3544 2437 3613 ejusdem
2497 3542 2774 3596 ministros
2839 3542 3110 3596 exstitisse
3158 3540 3231 3594 ait
3256 3540 3349 3593 "z

1797 3652 1918 3691 nam
1956 3638 2044 3706 qui
2074 3636 2317 3706 corporis
2332 3649 2522 3705 expers
2558 3644 2695 3699 erat,
2717 3634 2889 3688 factus
2906 3643 2989 3688 est
3008 3631 3347 3703 spectabilis:

1793 3739 1847 3783 et
1867 3729 1959 3796 qui
1988 3730 2126 3797 tangi
2152 3743 2253 3780 non
2280 3738 2508 3797 poterat,
2532 3737 2742 3781 terrena
2768 3742 2929 3781 carne
2951 3741 3055 3783 non
3094 3736 3345 3795 tanquam

1793 3827 2053 3873 extraneo
2092 3818 2321 3883 amictu,
2354 3818 2447 3871 sed
2477 3829 2733 3885 tanquam
2764 3819 2978 3888 proprio
3010 3820 3207 3887 templo
3234 3828 3351 3872 sese

1796 3910 2040 3974 induens,
2087 3908 2261 3962 factus
2315 3918 2395 3962 est
2440 3908 2738 3977 palpal-ilis,
2773 3918 2828 3963 et
2876 3912 2924 3962 in
2973 3910 3103 3977 ipsa,
3129 3917 3183 3961 et
3228 3920 3347 3960 cum

1794 4002 1906 4072 ipsa
1923 4001 2083 4056 etiam
2118 4001 2193 4053 uti
2214 3998 2351 4053 Deus
2381 4010 2434 4053 et
2458 4000 2713 4054 Dominus
2738 4000 2985 4070 cognitus
3014 3999 3130 4053 fuit.
3161 3997 3348 4051 Memi-

1796 4092 1953 4146 nistis
2007 4105 2218 4161 quoque
2271 4092 2699 4145 sacratissimum
2750 4089 2969 4145 Paulum
3029 4090 3222 4145 alicubi
3274 4088 3347 4141 ita

1794 4182 2107 4250 scripsisse:
2144 4199 2162 4231 ‹
2186 4179 2352 4235 Nemo
2383 4192 2621 4234 nostrum
2657 4181 2757 4234 sibi
2788 4182 2937 4245 vivit,
2962 4189 3015 4237 et
3048 4198 3203 4237 nemo
3234 4179 3335 4234 sibi

1794 4275 2038 4330 moritur.
2077 4273 2201 4328 Sive
2246 4274 2494 4337 vivimus,
2532 4274 2757 4329 Domino
2803 4274 3060 4341 vivimus,
3094 4278 3204 4329 sive
3239 4286 3348 4325 mo-

1802 4367 1993 4430 rimur,
2038 4364 2265 4419 Domino
2300 4365 2577 4419 morimur.
2607 4363 2732 4420 Sive
2773 4379 2901 4435 ergo
2945 4365 3192 4429 vivimus,
3235 4362 3349 4416 sive

130 4458 410 4520 morimur,
452 4453 656 4509 Domini
702 4467 904 4506 sumus.
949 4453 1004 4507 In
1046 4457 1146 4510 hoc
1185 4457 1322 4511 enim
1369 4457 1614 4515 Christus
1670 4471 1913 4517 mortuus
1961 4469 2080 4527 est,
2113 4468 2164 4516 et
2201 4460 2516 4525 resurrexit,
2570 4469 2627 4514 ut
2679 4470 2733 4516 et
2795 4460 3040 4517 vivorum
3096 4471 3150 4517 et
3201 4473 3348 4515 mor-

132 4564 337 4607 tuorum
378 4552 681 4605 dominetur
702 4549 767 4600 “.
795 4566 813 4597 ι

192 4649 320 4702 MP.
374 4648 613 4717 Ἀραρεν
639 4641 730 4698 οὖν
762 4642 995 4713 ἀληθῶς,
1031 4646 1110 4701 ὅτι
1157 4647 1509 4719 κεκυρίευκεν
1558 4652 1686 4722 ἀλη-

1859 4650 2038 4706 XLlll.
2086 4650 2221 4707 Vere
2254 4650 2437 4720 itaque
2469 4650 2710 4712 decebat,
2747 4660 2805 4703 ut
2837 4650 3078 4705 vivorum
3115 4654 3348 4702 mortuo-

128 4739 228 4801 θῶς
259 4737 470 4807 νεκρῶν
503 4756 561 4790 τε
588 4740 680 4791 καὶ
724 4736 941 4800 ζώντων
968 4741 993 4790 0
1045 4738 1118 4809 μὴ
1152 4740 1335 4811 ἐτέρου
1381 4758 1471 4793 του
1504 4743 1680 4815 χάριν,

129 4829 257 4900 πλὴν
291 4830 376 4881 ὅτι
410 4828 563 4881 τοῦδέ
598 4847 657 4882 τε
707 4829 801 4881 καὶ
840 4829 1019 4898 μόνου,
1054 4831 1284 4894 τεθνεὼς
1318 4835 1409 4887 καὶ
1456 4836 1685 4906 ἐγηγερ-

131 4921 300 4989 μένος.
334 4920 467 4972 Τίνα
496 4922 559 4992 δὴ
596 4918 687 4975 οὖν
717 4922 821 4992 ἄρα
857 4921 1056 4989 φαμὲν,
1086 4923 1161 4987 ὡς
1191 4924 1354 4977 ὑπέδυ
1389 4927 1486 4995 μὲν
1519 4926 1683 4980 θάνα-

124 5028 227 5071 τον,
260 5010 461 5062 ἀνεδίω
509 5012 554 5063 δ’
583 5008 741 5082 αὗ,ἢ
790 5011 879 5063 τὸν
912 5012 1039 5065 Υίὸν
1086 5013 1357 5084 δηλονότι;
1412 5016 1555 5069 Ἀλλ’
1602 5020 1683 5071 ὅτι

129 5100 217 5169 μὲν
244 5102 334 5153 τὸν
356 5102 504 5166 Υἱὸν,
542 5101 893 5163 άπαστισοῦν,
930 5098 1099 5172 οἴμαι,
1137 5107 1475 5158 συννεύσειεν
1498 5106 1580 5160 ἀν.
1614 5107 1679 5159 Τί

126 5185 209 5241 οὖν
239 5187 501 5260 ἐροῦμεν;
534 5192 734 5263 πότερα
763 5190 950 5261 θνητός
981 5191 1038 5242 τέ
1066 5194 1180 5243 ἐστι
1216 5194 1309 5244 καὶ
1339 5195 1513 5265 φθορᾷ
1543 5197 1677 5249 κάτ-

126 5298 234 5349 οχος
267 5284 294 5333 0
347 5280 410 5332 ἐκ
450 5279 583 5333 Θεοῦ
619 5283 830 5353 Πατρὸς
856 5282 1043 5349 Λόγος,
1072 5282 1104 5351 ἢ
1141 5282 1281 5351 πέρα
1321 5282 1551 5337 θανάτου
1586 5288 1677 5338 καὶ

127 5370 316 5440 φθορᾶς
351 5369 586 5437 ἀμείνων
614 5372 688 5434 ὡς
731 5374 878 5442 ζωή;
928 5372 1117 5425 Καίτοι
1179 5371 1292 5432 πῶς
1322 5373 1417 5440 οὐχ
1474 5373 1677 5425 ἅπασιν

128 5461 361 5529 ἐναργὲς,
390 5459 470 5510 ὅτι
512 5458 741 5512 θανάτου
780 5463 1039 5530 κρείττων
1084 5461 1157 5520 ὡς
1195 5458 1347 5526 ζωῆς
1395 5456 1527 5511 Εἶτα
1562 5462 1676 5521 πῶς

131 5553 340 5616 γέγονεν
364 5551 421 5600 ἐν
448 5552 656 5615 νεκροῖς
687 5551 779 5599 καὶ
803 5550 1097 5618 ἐλεύθερος,
1124 5546 1263 5599 κατά
1302 5546 1399 5605 τάς
1427 5547 1641 5613 Γραφά;
1665 5564 1677 5607 ς

129 5641 331 5707 τεθναίη
366 5640 475 5706 γὰρ
506 5636 619 5687 οὕτι
668 5654 769 5688 που
820 5638 938 5688 καθ’
969 5638 1153 5689 ἑαυτὸν
1194 5638 1221 5687 0
1272 5634 1455 5699 Λόγος.
1502 5634 1679 5699 1ιἀμὲν

196 5811 236 5840 ⁸⁸
260 5811 274 5861 l
298 5811 419 5862 Cor.
441 5822 491 5869 ι,
512 5806 617 5855 2-4.
696 5805 734 5834 ⁵¹
763 5804 775 5853 1
801 5802 952 5854 .Ioun.
988 5818 1023 5861 ι,
1057 5805 1182 5864 1,2.
1260 5806 1302 5833 “
1329 5800 1480 5853 Juan.
1506 5816 1590 5859 xv,
1611 5801 1697 5853 “2.3.

1788 4761 2014 4815 rumque
2050 4745 2437 4806 dominaretur,
2472 4743 2561 4813 qui
2600 4742 2794 4796 nullius
2832 4741 3081 4805 alterius,
3118 4739 3207 4793 sed
3247 4737 3346 4791 huc

1784 4836 1873 4906 jus
1902 4837 2070 4891 solius
2100 4848 2284 4898 causa,
2316 4834 2371 4888 et
2401 4842 2643 4889 mortuus
2674 4842 2833 4894 esset,
2865 4838 2917 4885 et
2950 4832 3245 4885 revixissrt.
3273 4828 3343 4881 At

1790 4940 1948 4994 quem
1978 4925 2159 4990 alium,
2188 4938 2393 4993 quasso,
2422 4933 2645 4979 mortem
2678 4922 2929 4981 subiisse,
2959 4921 3258 4985 iterumque
3288 4918 3339 4971 in

1789 5016 1951 5068 vitam
2000 5015 2223 5069 rediisse
2268 5014 2600 5082 putabimus,
2647 5026 2805 5079 quam
2856 5009 3081 5062 Filium?
3125 5006 3338 5060 Nullum

1786 5105 1965 5174 itaque
1991 5105 2185 5167 alium;
2215 5118 2385 5172 neque
2413 5102 2463 5154 id
2498 5102 2656 5163 nllus,
2682 5100 2889 5167 opinor,
2919 5098 3126 5150 inﬁcias
3159 5096 3332 5149 iverit.

1786 5195 1920 5263 Quid
1965 5196 2125 5264 igitur
2158 5193 2434 5247 dicemus?
2476 5190 2711 5256 nunquid
2761 5190 2845 5239 Dei
2891 5185 3065 5238 Patris
3108 5183 3333 5237 Verbum

1788 5285 1942 5338 morti
1970 5282 2402 5349 corruptioniqne
2427 5280 2713 5333 obnoxium
2739 5290 2877 5336 esse,
2905 5290 2968 5327 an
2994 5276 3168 5342 potius
3190 5275 3331 5325 omni

1785 5381 1991 5434 morte,
2041 5371 2289 5435 omnique
2335 5366 2707 5431 c0rruptione,
2756 5363 3181 5433 quandoquidem
3226 5362 3329 5412 vita

1781 5470 1877 5516 est.
1914 5458 2252 5525 praestantius
2282 5455 2440 5507 esse?
2470 5454 2653 5522 Atqui,
2691 5463 2747 5507 ut
2777 5455 2879 5506 vita
2913 5461 3008 5511 est,
3044 5458 3212 5501 morte
3242 5464 3332 5501 su-

1779 5546 1957 5608 perius
1984 5558 2122 5606 esse,
2153 5544 2271 5608 quis
2304 5557 2406 5595 non
2438 5544 2617 5595 videt?
2646 5541 2917 5606 Quomodo
2949 5541 3107 5605 igitur
3131 5553 3326 5591 secun-

1778 5634 1902 5682 dum
1947 5631 2315 5698 Scripturas"
2352 5633 2492 5684 inter
2537 5643 2771 5683 mortuos
2810 5628 3034 5681 liberum
3081 5629 3327 5680 exstitit?

1778 5802 1820 5830 ⁸³
1841 5800 1970 5855 Luc.
2000 5802 2104 5865 με,
2184 5803 2226 5834 ⁸⁸
2246 5802 2397 5855 Rotn.
2425 5816 2532 5865 xiv,
2559 5800 2609 5863 7,
2640 5799 2691 5853 8.
2762 5799 2804 5829 "
2835 5798 2975 5853 Psal.
3001 5815 3237 5860 Lxxxvtt,
3261 5798 3314 5852 6.
