4056 6334
681 408 815 462 “99

1661 406 1713 460 S.
1755 404 2029 460 CYRILLI
2067 401 2532 461 ΑιΕΧΑΝοιιιΜ
2570 404 2887 463 ARCHIEP.

3786 408 3909 465 1200

676 522 821 575 Sane
852 519 976 575 licet
1000 518 1230 575 Verbum
1262 533 1358 591 per
1382 533 1440 574 se
1469 518 1634 573 emori
1668 533 2005 589 nequaquam
2034 517 2244 584 valeat,

2352 516 2461 584 οῦν,
2510 521 2590 573 ὅτι
2627 520 2940 594 τεθνεώσης,
2962 521 3124 576 αὑτοῦ
3152 524 3255 594 τῆς
3285 524 3503 597 σαρκὸς,
3557 523 3729 585 αὐτὸς
3768 522 3911 575 τοῦτο

675 621 913 664 attamen
952 624 1118 664 carne
1159 609 1302 665 illius
1346 608 1785 673 intermoriente,
1822 609 1995 678 ipsum
2032 623 2245 679 quoque

677 712 901 754 mortem
934 715 1253 771 perpessum
1290 711 1438 756 recte
1469 703 1807 773 perhibetur.
1839 700 2008 772 igitur
2036 702 2128 771 qui
2160 714 2246 756 se-

675 794 907 847 cundum
940 792 1121 847 carnis
1151 791 1357 862 legem,
1387 793 1789 863 humanamque
1820 802 2072 846 naturam
2103 807 2245 849 mor-

674 892 799 941 tuus
826 893 930 950 est,
958 895 1013 941 et
1040 885 1366 951 resurrexit;
1398 884 1539 940 idem
1573 886 1661 940 ille
1692 899 1795 939 non
1827 885 2030 953 absque
2060 899 2242 951 carne,

676 978 785 1036 imo
818 992 949 1033 vero
986 990 1109 1033 cum
1148 991 1345 1040 carne,
1381 986 1436 1031 et
1472 978 1524 1031 in
1565 991 1730 1031 carne
1768 974 1981 1045 imperii
2018 976 2244 1046 gloriam

674 1069 937 1133 obtinuit;
972 1068 1297 1138 planumque
1328 1068 1476 1131 fecit,
1506 1065 1609 1138 41
1644 1075 1871 1121 mortem
1902 1066 2117 1135 quidem
2152 1080 2247 1119 na-

676 1170 812 1214 turae
844 1161 1087 1214 humana:
1117 1158 1453 1214 an‘ectionem
1481 1172 1630 1220 esse;
1662 1172 1691 1211 a
1720 1158 1946 1212 mortuis
1978 1166 2157 1212 autem
2187 1172 2247 1213 se

678 1252 853 1306 denuo
891 1250 1151 1314 excitare,
1191 1250 1388 1304 divina:
1428 1248 1642 1303 virtutis
1686 1264 1841 1317 opus.
1881 1248 1998 1316 Quo
2043 1248 2243 1304 factum

678 1349 784 1405 est,
818 1352 876 1397 ut
910 1357 1003 1411 per
1036 1350 1326 1411 utrumque
1359 1349 1734 1411 cognoscatur,
1771 1348 1827 1395 et
1862 1341 2014 1396 nobis
2048 1341 2245 1398 similis

678 1446 734 1488 ut
758 1434 933 1496 homo,
961 1443 1017 1487 et
1044 1432 1200 1487 nobis
1227 1447 1440 1486 rursum
1473 1434 1720 1501 superior
1745 1442 1799 1486 ut
1830 1432 1988 1499 Deus,
2017 1433 2239 1487 univer-

677 1539 970 1593 sorumque
996 1522 1273 1589 Dominus,
1298 1523 1385 1593 qui
1414 1524 1576 1577 etiam
1605 1533 1731 1577 ante
1757 1514 2090 1593 assumptam
2120 1538 2245 1578 car—

678 1632 798 1670 nem
836 1631 939 1669 una
976 1630 1094 1669 cum
1134 1613 1292 1670 Patre
1326 1622 1424 1669 'suo
1461 1615 1738 1685 regnabat.
1776 1616 1953 1686 Atque
1989 1615 2146 1670 talem
2184 1614 2249 1670 il-

679 1708 786 1761 lum
842 1721 962 1762 esse
1018 1706 1349 1775 iutelligebat
1401 1704 1738 1770 Nathanael,
1794 1721 1919 1761 cum
1971 1706 2176 1761 diceret
2232 1724 2245 1760 :

2344 612 2562 680 λέγεται
2592 612 2802 667 παθεῖν.
2837 612 3048 667 Οὐκοῦν
3067 615 3128 669 ού
3154 614 3276 685 δίχα
3306 615 3528 687 σαρκὸς,
3565 616 3666 668 σὺν
3692 613 3834 683 αὐτῇ
3863 614 3909 666 δὲ

2348 701 2548 772 μᾶλλον
2597 701 2694 755 καὶ
2735 702 2793 755 ὲν
2836 703 2972 775 αύτῇ
3004 704 3103 777 τὴν
3133 705 3232 775 τῆς
3260 705 3581 775 κυριότητος
3626 702 3913 766 ἀνεδέξατο

2344 790 2522 855 δόξαν,
2547 792 2575 843 6
2603 791 2751 863 νόμῳ
2780 792 2980 865 σαρκὸς
3004 794 3100 847 καὶ
3122 793 3281 863 φύσει
3304 797 3369 865 τῇ
3402 794 3521 847 καθ’
3550 796 3709 863 ἡμᾶς
3737 792 3914 862 τεθνη·

2344 883 2478 950 κὼς,
2515 884 2612 938 καὶ
2638 885 3008 956 ἐγηγερμένος
3028 904 3043 918 '
3069 885 3409 958 ἀνθρώπινον
3447 888 3541 957 μὲν
3570 887 3633 938 τὸ
3670 885 3913 938 τεθνάναι

2347 976 2539 1040 πάθος,
2564 978 2843 1048 ἐνέργημα
2872 978 2928 1031 δὲ
2956 977 3136 1038 θεῖκὸν
3160 978 3220 1032 τὸ
3244 978 3534 1032 ἀναϐιῶναι
3560 978 3809 1040 δεικνὺς,
3840 977 3917 1029 ἵνα

2345 1065 2411 1118 δι’
2444 1067 2645 1137 ἀμφοῖν
2674 1067 3008 1138 γνωρίζηται
3041 1067 3161 1120 καθ’
3206 1069 3354 1139 ἡμᾶς
3393 1085 3450 1121 τε
3481 1068 3614 1138 ἅμα,
3658 1068 3761 1121 καὶ
3791 1068 3917 1137 ὑπὲρ

2344 1158 2491 1227 ἡμᾶς
2517 1156 2592 1220 ὼς
2614 1156 2764 1221 Θεὸς,
2795 1158 2889 1211 καὶ
2920 1158 3028 1211 τῶν
3050 1158 3186 1212 ὅλων
3214 1158 3451 1228 γεγονὼς
3481 1158 3664 1230 ὁρῷτο
3698 1157 3914 1229 Κύριος,

2345 1252 2372 1304 6
2404 1252 2498 1305 καὶ
2540 1250 2646 1321 πρὸ
2700 1251 2903 1321 σαρκὸς
2941 1250 3239 1321 βασιλεύων
3286 1250 3426 1321 μετὰ
3478 1250 3573 1304 τοῦ
3623 1250 3771 1303 ἰδίου
3817 1250 3919 1303 II:-

2346 1342 2492 1411 τρός.
2522 1340 2707 1403 Οῦτως
2725 1340 2884 1396 αὑτὸν
2912 1343 2940 1394 6
2955 1341 3245 1413 Ναθαναὴλ
3261 1340 3660 1410 ἐπιγινώσκων,
3687 1342 3916 1408 ἔφασκε·

2354 1453 2371 1483 ι
2424 1431 2633 1493 Ῥαϐσὶ,
2666 1433 2730 1486 σὺ
2757 1427 2808 1484 εἷ
2839 1434 2867 1485 6
2898 1432 3024 1497 Υἱὸς
3068 1433 3160 1485 τοῦ
3208 1432 3367 1496 Θεοῦ,
3416 1433 3478 1485 σὺ
3511 1427 3560 1484 εἱ
3591 1433 3619 1483 6
3673 1431 3920 1500 βασιλεὺς

2348 1521 2441 1574 τοῦ
2508 1521 2748 1592 Ἰσραήλ.
2796 1540 2814 1575 ι
2875 1522 3046 1585 Αὐτὸς
3090 1523 3148 1575 δὲ
3194 1524 3307 1585 τοῖς
3357 1521 3547 1575 ἑαυτοῦ
3610 1523 3917 1592 μαθηταῖς·

2356 1635 2373 1667 ι
2408 1616 2597 1686 Ὑμεῖς
2631 1615 2846 1669 καλεῖτὲ
2871 1632 2959 1686 με,
2989 1615 3174 1686 φησιν,
3205 1616 3233 1667 6
3254 1614 3453 1684 Κύριος
3484 1613 3617 1667 καὶὸ
3650 1614 3919 1665 Διδάσκα-

2348 1704 2458 1770 λος,
2494 1707 2587 1759 καὶ⁷
2616 1705 2794 1769 καλῶς
2824 1706 3008 1775 λέγετε
3030 1724 3044 1738 ·
3093 1709 3209 1777 εἰμὶ
3231 1709 3356 1781 γάρ.
3412 1728 3429 1760 ι
3472 1711 3658 1781 Ἔργῳ
3693 1710 3753 1761 δὲ
3799 1709 3921 1761 αὐτὸ

684 1816 701 1849 ι
735 1798 930 1862 Rabbi,
954 1807 1011 1851 tu
1044 1813 1103 1853 es
1133 1796 1298 1852 Filius
1332 1798 1447 1862 Dei,
1480 1805 1539 1849 tu
1566 1810 1625 1851 es
1658 1811 1749 1850 rex
1779 1795 1944 1853 Israel
1969 1797 2036 1851 ".
2073 1814 2091 1849 ι
2131 1797 2249 1867 Ipse

2352 1798 2728 1868 πιστούμενος,
2756 1799 2938 1870 ἀνίησι
2977 1800 3078 1871 μὲν
3122 1802 3415 1873 ἁμαρτίας,
3449 1801 3706 1867 ἐξουσίαν
3740 1801 3798 1852 δὲ
3843 1801 3920 1852 δέ·

678 1902 860 1946 autem
892 1892 957 1943 ad
989 1905 1117 1945 suos
1147 1888 1437 1957 discipulos
1465 1888 1537 1941 ita
1565 1888 1817 1943 dicebat:
1855 1906 1873 1939 ι
1909 1888 2015 1945 Vos
2041 1889 2244 1945 vocatis

2352 1887 2492 1941 δωκε
2524 1888 2667 1941 κατὰ
2714 1890 3038 1959 πνευμάτων
3079 1871 3427 1963 ἀκαθάρτων,
3458 1891 3597 1945 ὥστε
3638 1890 3922 1943 ἐκϐάλλειν

681 1996 784 2045 me,
817 1981 1071 2049 Magister
1096 1988 1151 2034 et
1181 1978 1426 2043 Domine,
1460 1986 1513 2033 et
1546 1978 1680 2033 bene
1715 1978 1895 2034 dicitis
1929 1993 1944 2033 :
1990 1994 2108 2034 sum
2159 1988 2242 2034 et-

678 2072 909 2128 enim".
955 2090 973 2122 ι
1011 2068 1077 2123 Ει
1120 2083 1284 2140 opere
1314 2070 1431 2139 ipso
1460 2068 1641 2125 verbis
1684 2070 1798 2124 suis
1843 2069 2000 2124 ﬁdem
2040 2068 2247 2125 faciens

677 2174 898 2233 peccata
948 2163 1185 2227 remisit,
1227 2168 1658 2230 potestatemque
1702 2170 1892 2214 contra
1944 2162 2246 2216 immundos

676 2255 897 2322 spiritus
932 2252 1190 2323 aposmlis
1226 2251 1563 2321 impertivit;
1603 2265 1710 2319 quo
1746 2251 1998 2305 nimirum
2036 2262 2090 2305 et
2126 2251 2246 2307 illos

676 2345 920 2415 ejiciant,
959 2353 1012 2399 et
1052 2357 1269 2398 omnem
1309 2352 1569 2411 praeterea
1612 2342 1984 2412 aegritudinem
2028 2355 2083 2397 et
2126 2345 2245 2396 lan-

680 2449 897 2507 guorem
948 2434 1001 2490 in
1053 2432 1248 2503 populo
1292 2440 1502 2486 curent.
1546 2431 1604 2484 ln
1657 2433 1871 2485 nomine
1920 2436 2063 2485 enim
2114 2432 2243 2487 Jesu

680 2525 876 2581 Christi
924 2522 1211 2588 Nazareni,
1254 2520 1475 2577 claudus
1518 2520 1608 2587 qui
1652 2519 1718 2573 ad
1763 2519 2078 2587 Speciosam
2121 2535 2247 2589 por-

2351 1978 2509 2042 αύτὰ,
2539 1979 2635 2033 καὶ
2670 1980 2990 2051 θεραπεύειν
3020 1982 3200 2035 πᾶσαν
3229 1982 3383 2036 νόσον
3413 1982 3507 2035 καὶ
3532 1983 3723 2035 πᾶσαν
3767 1980 3923 2051 pala-

2351 2070 2475 2122 κίαν
2496 2071 2552 2121 ὲν
2572 2068 2649 2139 τῷ
2677 2068 2809 2139 λαῷ.
2852 2070 2939 2123 Ἐν
2962 2070 3185 2142 ὀνόματι
3216 2072 3325 2142 γὰρ
3362 2070 3535 2141 Ἰησοῦ
3561 2071 3811 2141 Χριστοῦ
3837 2071 3920 2121 τοῦ

2350 2160 2673 2231 Ναζωραίου
2704 2160 3097 2231 τεθεράπευται
3138 2164 3234 2234 μὲν
3275 2164 3303 2216 6
3331 2162 3408 2215 τὼ
3449 2164 3577 2216 πόδε
3611 2162 3924 2233 λελωϐημέ-

2352 2267 2461 2314 νος,
2523 2252 2617 2304 καὶ
2649 2254 2713 2321 τῇ
2758 2252 2945 2324 Ὡραίᾳ
2991 2252 3328 2323 προσιζάνων
3368 2254 3535 2325 πύλῃ.
3586 2253 3923 2325 Ἀῥρωστξαν

2350 2342 2406 2395 δὲ
2435 2342 2531 2411 τὴν
2564 2340 2706 2395 οὕτω
2738 2344 2953 2414 μακρὰν
2980 2344 3323 2411 ἀπεσείσατο,
3352 2346 3444 2399 καὶ
3477 2345 3673 2415 κομιδῇ
3711 2342 3921 2396 δυσδιά-

2353 2448 2553 2499 φυκτον
2603 2431 2786 2503 διέδρα
2838 2432 2989 2485 νόσον
3029 2433 3242 2495 Αἰνέας,
3278 2435 3413 2503 πρὸς
3462 2434 3522 2488 δν
3563 2436 3592 2486 6
3638 2434 3922 2491 Θεσπέσιος

2352 2520 2455 2591 ἔφη
2485 2520 2719 2591 Πέτρος·
2754 2540 2772 2573 ι
2818 2522 3003 2588 Αἰνέα,
3032 2524 3175 2577 ἰᾶταί
3220 2541 3278 2577 σε
3323 2525 3529 2595 Ἰησοῦς
3560 2527 3590 2578 6
3618 2526 3914 2598 Χριστός.»

683 2630 793 2672 tam
842 2616 1094 2680 sedebat,
1142 2623 1363 2668 sanatus
1408 2622 1491 2666 est
1513 2611 1579 2664 ⁸³.
1625 2610 1749 2664 Pari
1800 2612 1962 2667 modo
2007 2611 2244 2677 IEneas,
2280 2626 2404 2666 cum
2464 2614 2769 2669 diutissime
2837 2617 3230 2685 aegrotavisset,
3266 2617 3559 2681 conValuit,
3594 2626 3653 2670 et
3680 2620 3919 2671 morbum

683 2721 819 2777 pene
854 2700 1302 2758 immedicabilem
1337 2701 1545 2765 evasit;
1582 2715 1705 2755 cum
1752 2714 1980 2771 magnus
2011 2699 2107 2755 ille
2141 2698 2335 2757 Petrus
2408 2702 2510 2758 hac
2576 2716 2703 2757 eum
2733 2704 2978 2758 oratione
3010 2704 3401 2776 compellaret:
3432 2724 3451 2758 ι
3518 2704 3722 2772 Εειεα,
3773 2720 3923 2762 sanat

686 2813 734 2856 te
769 2796 1021 2853 Dominus
1052 2793 1206 2848 Jesus
1231 2792 1481 2847 Christus
1504 2792 1571 2844 '9.

751 2888 933 2946 XLIV.
996 2886 1361 2965 Undecunque
1417 2885 1580 2954 igitur
1627 2884 1694 2942 ad
1747 2885 2030 2940 veritatem
2082 2899 2242 2940 com-

681 2982 852 3053 pulsi,
884 2989 936 3034 et
967 2993 1085 3047 qua:
1118 2977 1288 3033 sacris
1319 2975 1537 3031 Litteris
1567 2977 1784 3031 decreta
1817 2985 1973 3042 sunt,
2006 2978 2246 3032 studiose

2418 2884 2550 2950 MA',
2579 2887 2921 2958 Πανταχόθεν
2946 2883 3038 2942 οὖν
3067 2886 3176 2959 ἄρα
3203 2886 3602 2958 συνωθούμενοι
3635 2888 3775 2958 πρὸς
3798 2887 3924 2956 ἀλή-

2354 2980 2530 3044 θειαν,
2579 2981 2675 3034 καὶ
2702 2980 2763 3033 τὸ
2807 2983 2916 3044 τοῖς
2950 2982 3113 3052 ἱεροῖς
3160 2979 3452 3052 Γράμμασι
3484 2978 3679 3032 δοκοῦν
3713 2979 3925 3049 ἰχνηλά-

682 3070 924 3124 venerari
962 3068 1268 3130 studentes,
1304 3073 1358 3119 et
1390 3064 1611 3119 Patrum
1647 3066 1944 3120 sententias
1976 3066 2246 3129 aemulati,

2352 3071 2463 3120 τείν
2489 3065 2547 3122 εὖ
2594 3070 2739 3138 μαλα
2783 3070 3193 3134 σπουδάζοντες,
3219 3071 3315 3124 καὶ
3354 3072 3473 3132 ταῖς
3514 3069 3626 3122 τῶν
3676 3071 3923 3139 πατέρων

685 3178 804 3215 eum
839 3160 929 3228 qui
964 3174 1028 3214 ex
1064 3157 1245 3211 radice
1273 3154 1447 3219 Jesse,
1479 3155 1571 3224 qui
1603 3170 1668 3209 ex
1699 3156 1907 3210 semine
1939 3158 2125 3221 David,
2158 3159 2247 3224 qui

686 3268 751 3307 ex
794 3252 1019 3305 muliere
1059 3247 1355 3304 secundum
1399 3262 1645 3314 carnem,
1683 3247 1775 3316 qui
1820 3247 2101 3303 nobiscum
2150 3249 2250 3316 legi

686 3342 978 3408 obnoxius,
1010 3350 1068 3394 ut
1098 3341 1287 3403 homo,
1320 3353 1481 3410 supra
1515 3353 1615 3395 nos
1647 3347 1858 3404 autem,
1893 3350 1946 3394 et
1978 3354 2143 3408 supra
2178 3340 2253 3395 le-

686 3451 831 3505 gem,
861 3444 917 3487 ut
950 3431 1087 3487 Deus
1120 3450 1133 3487 :
1166 3431 1257 3501 qui
1292 3439 1513 3501 propter
1544 3445 1662 3496 nos,
1698 3440 2010 3500 nostraeque
2039 3440 2248 3486 naturae

687 3525 1116 3582 similitudinem.
1142 3523 1422 3577 nobiscum
1449 3522 1593 3577 inter
1616 3530 1858 3576 mortuos
1883 3522 2101 3577 habitus
2126 3535 2208 3577 est
2232 3541 2247 3577 :

687 3618 775 3687 qui
812 3630 971 3683 supra
1010 3629 1107 3667 nos
1139 3611 1369 3681 denique
1401 3626 1496 3679 per
1524 3612 1759 3681 seipsum
1795 3622 1850 3667 et
1877 3613 2174 3668 viviﬁcator
2199 3622 2255 3668 et

691 3706 796 3759 vita
836 3714 936 3765 est,
974 3718 1155 3758 verum
1196 3701 1289 3757 Dei
1329 3700 1523 3755 Filium
1564 3716 1688 3757 esse
1729 3704 2037 3769 credimus;
2080 3719 2253 3774 neque

689 3796 1076 3851 humanitatem
1123 3793 1404 3847 divinitate
1448 3794 1759 3861 spoliantes,
1803 3809 1978 3863 neque
2016 3796 2248 3851 Verbum

691 3904 899 3941 rursum
934 3894 1053 3955 post
1085 3883 1513 3953 inexplicabilem
1546 3884 1689 3937 illam
1718 3895 1773 3937 et
1803 3900 2057 3940 arcanam
2094 3888 2245 3939 unio-

691 3995 810 4031 nem
854 3978 1188 4030 humanitate
1225 3984 1519 4038 exuentes;
1559 3976 1651 4028 sed
1692 3990 1855 4028 unum
1899 3977 2253 4046 eamdemque

692 4065 882 4118 Filium
908 4079 971 4118 ex
1002 4063 1209 4117 duabus
1239 4061 1399 4115 rebus
1426 4061 1478 4114 in
1508 4077 1671 4114 unum
1698 4063 1988 4129 quoddam,
2015 4066 2156 4131 quod
2185 4080 2249 4118 ex

692 4164 922 4220 utroque
952 4168 1056 4205 non
1085 4152 1377 4205 secundum
1411 4160 1614 4205 natum
1640 4151 2000 4217 eversionem,
2032 4153 2124 4207 sed
2154 4169 2251 4207 ex-

691 4240 1076 4294 cellentissima
1115 4238 1203 4294 illa
1247 4239 1445 4294 unione
1481 4238 1869 4295 admirabiliter
1902 4241 2249 4297 constitutum

690 4342 791 4395 est,
821 4331 1159 4388 conﬁtentes.

760 4421 921 4477 XLV.
960 4421 1129 4477 Porro
1161 4432 1340 4479 autem
1374 4432 1637 4492 quantum
1670 4422 2021 4479 emolumenti
2055 4423 2088 4479 ii
2123 4439 2251 4495 per-

688 4514 895 4582 cepturi
920 4523 1068 4579 sunt,
1092 4514 1181 4581 qui
1206 4514 1277 4567 ita
1299 4514 1561 4577 sentiunt,
1587 4514 1688 4568 hoc
1710 4514 1921 4569 divinus
1946 4514 2031 4569 ille
2054 4514 2254 4570 Christi

690 4605 983 4672 discipulus
1017 4604 1100 4659 his
1126 4605 1308 4659 verbis
1340 4604 1581 4659 declarat
1612 4618 1627 4657 :
1666 4623 1684 4655 ι
1722 4604 1856 4673 Qui,
1892 4606 2092 4675 inquit,
2126 4621 2258 4661 con-

692 4699 865 4751 l‘essns
891 4694 1070 4759 fuerit,
1094 4698 1233 4764 quod
1256 4692 1412 4747 Iesus
1435 4704 1518 4749 est
1536 4694 1713 4749 Filius
1737 4694 1860 4761 Dei;
1887 4697 1940 4751 in
1966 4698 2064 4751 hoc
2092 4700 2256 4765 Deus,

690 4797 744 4841 et
778 4788 890 4856 ipse
917 4785 1153 4840 vicissim
1184 4786 1236 4838 in
1273 4784 1379 4838 Deo
1413 4794 1591 4839 manet
1615 4786 1681 4837 °°..
1720 4803 1738 4838 ι
1775 4785 1927 4852 Quod
1959 4796 2135 4842 autem
2163 4786 2256 4843 Je-

693 4894 785 4933 sus
812 4877 1083 4938 Christus,
1113 4878 1203 4945 qui
1238 4876 1532 4931 secundum
1552 4889 1780 4929 carnem
1811 4892 1875 4931 ex
1907 4876 2072 4932 David
2103 4889 2257 4935 ortus

694 4977 795 5030 est,
824 4968 891 5021 sit
919 4982 1075 5022 verus
1100 4976 1153 5020 et
1183 4965 1443 5019 naturalis
1474 4963 1567 5019 Dei
1593 4963 1795 5031 Filius,
1826 4975 2092 5035 quatenus
2117 4966 2254 5023 Ver-

695 5061 818 5113 bum
846 5074 970 5113 caro
998 5057 1193 5111 factum
1226 5056 1489 5111 hahitavit
1516 5058 1567 5111 in
1596 5057 1751 5112 nobis
1775 5074 1787 5110 :
1814 5057 1955 5112 istud
1979 5056 2086 5128 42
2118 5059 2255 5112 idem

696 5151 783 5203 illc
809 5148 1040 5204 Joannes
1072 5148 1329 5217 ejusmodi
1362 5149 1617 5202 oratione‘
1634 5148 1886 5216 explanat
1918 5166 1930 5201 :
1967 5167 1985 5201 ‹
2020 5150 2255 5214 Scimus,

696 5242 804 5303 ait,
839 5241 1089 5307 quoniam
1128 5239 1294 5293 Filius
1330 5237 1424 5293 Dei
1463 5240 1641 5303 venit,
1676 5248 1730 5293 et
1764 5240 1905 5293 dedit
1942 5241 2095 5294 nobis
2130 5255 2257 5294 sen-

694 5347 836 5393 sum,
862 5340 919 5382 ttt
942 5344 1325 5398 cognoscamus
1350 5346 1533 5385 verum
1564 5330 1754 5394 Deum,
1779 5338 1833 5384 et
1861 5330 2028 5384 simus
2055 5332 2107 5385 in
2132 5346 2257 5387 vero

695 5423 831 5476 Filio
860 5420 976 5489 ejus
1004 5418 1130 5473 Jesu
1161 5417 1378 5473 Christo
1410 5438 1420 5473 :
1458 5422 1542 5474 hic
1572 5430 1655 5475 est
1682 5435 1843 5475 verus
1874 5420 2033 5487 Deus,
2066 5433 2119 5476 et
2148 5425 2257 5475 vita

695 5512 945 5564 mterna"
971 5529 983 5563 :
1018 5528 1035 5561 ι
1066 5523 1159 5577 per
1184 5508 1351 5576 ipsum
1379 5517 1574 5561 etcum
1606 5510 1719 5579 ipso
1747 5512 1853 5565 Deo
1877 5511 2022 5565 Patri
2052 5514 2119 5567 sit
2145 5511 2258 5581 glo-

700 5601 797 5665 ria,
818 5616 937 5655 cum
962 5609 1145 5655 sancto
1168 5609 1223 5653 et
1248 5598 1517 5650 adoranda
1541 5608 1592 5651 et
1616 5601 1828 5656 vivitico
1858 5603 2082 5669 Spiritu,
2113 5620 2256 5659 nunc

697 5699 750 5739 et
784 5706 990 5759 semper
1018 5700 1073 5744 et
1106 5691 1157 5744 in
1195 5686 1386 5744 saecula
1424 5689 1762 5741 smculorum.
1797 5693 1985 5744 Amen.

766 5802 807 5829 ”
848 5799 999 5852 Joan.
1030 5817 1065 5864 ι,
1106 5801 1182 5853 19.
1250 5801 1290 5832 ⁵⁷
1319 5798 1472 5855 Joan.
1516 5812 1633 5861 xm,
1660 5799 1741 5850 13.
1820 5799 1863 5828 "
1894 5800 2010 5853 Act.
2045 5815 2127 5863 ιιι,
2158 5802 2209 5855 9.

2363 5806 2481 5855 Act.
2533 5818 2607 5869 Ix,
2638 5805 2725 5856 50.

2354 3161 2607 3229 ἑπόμενοι
2648 3159 2848 3225 δόξαις,
2890 3160 2981 3213 τὸν
3010 3162 3071 3213 ὲκ
3111 3161 3266 3231 ῥίζης
3308 3160 3521 3219 Ἰεσσαὶ,
3546 3160 3640 3212 τὸν
3666 3161 3733 3211 ὲκ
3768 3162 3928 3229 σπέρ-

2357 3268 2522 3321 ματος
2547 3250 2731 3317 Δαυῒδ,
2755 3251 2844 3303 τὸν
2871 3251 2936 3304 ὲκ
2961 3251 3220 3319 γυναικὸς
3254 3250 3395 3303 κατὰ
3435 3249 3639 3320 σάρκα,
3672 3248 3764 3303 τὸν
3812 3248 3924 3319 μεθ’

2351 3342 2509 3413 ἡμῶν
2563 3341 2667 3395 ὑπὸ
2716 3342 2881 3412 νόμον
2931 3341 3005 3405 ὡς
3056 3340 3363 3412 ἄνθρωπον,
3413 3340 3508 3393 xal.
3560 3340 3707 3412 ὑπὲρ
3757 3343 3919 3411 ἡμᾶς,

2354 3433 2492 3502 ὑπὲρ
2542 3432 2706 3502 νόμον
2750 3432 2823 3496 tbi,
2874 3432 3029 3495 Θεὸν,
3078 3431 3170 3484 τὸν
3214 3432 3281 3485 δι’
3326 3432 3472 3502 ἡμᾶς
3522 3448 3603 3494 τε,
3658 3432 3757 3486 καὶ
3810 3432 3925 3485 καθ’

2353 3525 2520 3593 ἡμᾶς,
2577 3522 2695 3592 μεθ’
2749 3524 2908 3593 ἡμῶν
2954 3524 3011 3574 ὲν
3063 3524 3299 3593 νεκροῖς,
3346 3521 3437 3574 τὸν
3471 3522 3613 3591 ὑπὲρ
3665 3524 3817 3592 ἡμᾶς
3861 3522 3923 3573 δι’

2355 3616 2549 3668 ἑαυτὸν
2572 3614 2854 3680 ζωοποιὸν,
2884 3614 2977 3666 καὶ
3002 3614 3167 3683 ζωὴν,
3192 3613 3317 3665 Υἱὸν
3343 3610 3477 3664 εἶναι
3505 3612 3599 3664 τοῦ
3629 3612 3769 3664 Θεοῦ
3794 3615 3927 3666 κατὰ

2354 3705 2610 3775 ἀλήθειαν
2659 3703 3023 3772 πιστεύομεν·
3078 3701 3199 3753 οῦτε
3240 3700 3521 3769 ψιλοῦντες
3574 3698 3832 3769 θεότητος
3874 3700 3929 3753 τὸ

2353 3794 2711 3865 ἀνθρώπινον,
2738 3792 2861 3844 οὔτε
2886 3792 2991 3861 μὴν
3020 3790 3433 3860 ἁνθρωττότητος
3455 3790 3928 3857 ἀπαμφιεννύντες

2353 3887 2443 3937 τὸν
2470 3885 2641 3951 Λόγον
2690 3882 2830 3953 μετὰ
2874 3883 2972 3949 τῂν
3019 3881 3295 3952 άφραστόν
3327 3897 3385 3932 τε
3436 3880 3529 3933 καὶ
3568 3882 3927 3951 άπερινόητον

2353 3977 2542 4028 ἕνωσιν
2564 3992 2577 4006 ο
2617 3974 2729 4027 ἀλλ’
2762 3975 2859 4027 ἕνα
2895 3974 2987 4026 καὶ
3030 3975 3120 4026 τὸν
3150 3974 3310 4027 αὑτὸν
3338 3972 3727 4043 ὁμολογοῦντες
3780 3972 3923 4032 Υἱὸν,

2352 4069 2415 4119 ὲκ
2441 4068 2584 4118 δυοῖν
2623 4066 2971 4135 πραγμάτοιν
3003 4068 3081 4129 εἰς
3112 4066 3169 4118 ’ἐν
3214 4083 3267 4117 τι
3296 4064 3387 4118 τὸν
3416 4064 3475 4127 se
3516 4066 3721 4133 ἀμφοῖν
3755 4066 3924 4135 ἀπορ-

2354 4158 2530 4226 ρἡως
2576 4157 2941 4226 ὲκπεφηνότα,
2990 4156 3111 4209 καθ’
3134 4155 3334 4208 ἕνωσιν
3375 4155 3615 4225 δηλονότι
3649 4156 3750 4226 τὴν
3784 4157 3926 4210 ἀνω-

2351 4248 2516 4310 τάτω,
2548 4248 2642 4299 καὶ
2676 4246 2736 4299 ού
2768 4245 2981 4315 φύσεως
3012 4247 3391 4317 παρατροπήν.

2427 4429 2562 4482 ME'.
2601 4429 2763 4481 Ὅσον
2799 4428 2907 4499 γὰρ
2949 4429 3061 4490 τοῖς
3120 4425 3263 4480 οὓτω
3310 4424 3590 4489 δοξάζουσι
3642 4441 3925 4492 περιεσται

2355 4519 2415 4572 τὸ
2446 4520 2653 4589 κέρδος,
2680 4521 2929 4587 σαφηνιεῖ
2950 4518 3177 4588 γράφων
3204 4519 3232 4570 6
3258 4516 3351 4569 τοῦ
3376 4514 3607 4586 Χριστοῦ
3639 4518 3891 4585 μαθητής
3910 4531 3921 4544 ·

2363 4629 2381 4661 ι
2426 4613 2520 4671 Ὃς
2562 4610 2627 4662 ἂν
2675 4610 3002 4681 ὁμολογήσῃ,
3053 4611 3135 4663 ὃτι
3168 4608 3373 4678 Ἰησοῦς
3416 4611 3561 4661 ἐστιν
3603 4610 3632 4661 6
3674 4610 3803 4673 Υἱὸς
3835 4610 3923 4662 τοῦ

2357 4701 2512 4767 Θεοῦ,
2544 4705 2573 4756 6
2600 4702 2730 4764 Θεὸς
2755 4703 2810 4753 ὲν
2833 4701 2981 4771 αὐτῷ
3012 4701 3183 4771 μένει,
3222 4702 3315 4753 καὶ
3343 4693 3496 4763 οὗτος
3524 4702 3583 4753 ἐν
3609 4699 3687 4770 τῷ
3724 4700 3868 4769 Θεῷ.
3905 4718 3920 4748 ι

2359 4794 2480 4846 Ὅτι
2528 4795 2584 4846 δὲ
2640 4792 2847 4864 Ἰητοῦς
2889 4793 3122 4865 Χριστὸς
3167 4794 3196 4846 6
3233 4795 3297 4847 ὲκ
3344 4792 3507 4846 Δαυῒδ
3536 4792 3676 4845 κατὰ
3722 4795 3924 4859 σάρκα,

2358 4883 2496 4937 κατὰ
2525 4882 2683 4951 φύσιν
2722 4883 2813 4936 καὶ
2859 4883 3073 4953 ἀληθῶς
3120 4885 3265 4937 ἐστιν
3308 4884 3431 4948 Υἱὸς
3461 4884 3554 4937 τοῦ
3584 4882 3741 4945 Θεοῦ,
3791 4882 3926 4934 καθὸ

2358 4974 2545 5040 γέγονε
2578 4974 2712 5041 σὰρξ
2740 4976 2768 5027 6
2803 4975 2995 5041 Λόγος,
3030 4976 3125 5027 καὶ
3156 4976 3462 5045 ἐσκήνωσεν
3488 4978 3545 5028 ἐν
3567 4977 3721 5044 ἡμῖν,
3755 4991 3926 5025 κατα-

2359 5066 2616 5132 σφραγιεῖ
2656 5064 2829 5131 λέγων
2873 5065 2901 5114 6
2948 5066 3107 5133 σοφὸς
3165 5065 3414 5135 Ἰωάννης
3440 5082 3453 5095 ο
3491 5085 3508 5116 ι
3552 5064 3660 5117 Καὶ
3706 5063 3929 5131 οἴδαμεν

2355 5153 2436 5206 ὅτι
2470 5155 2593 5217 Υἱὸς
2629 5154 2721 5207 τοῦ
2753 5155 2886 5208 Θεοῦ
2932 5157 3077 5225 ἥκει,
3132 5158 3224 5209 κα)⁵
3273 5156 3471 5209 ἔδωκεν
3508 5158 3639 5224 ἡμῖν
3669 5154 3925 5215 διάνοιαν,

2360 5247 2444 5297 ἵνα
2476 5246 2826 5317 γινώσκωμεν
2853 5248 2942 5300 τὸν
2975 5249 3222 5317 ἀληθινὸν
3250 5247 3400 5300 Θεόν.
3434 5248 3543 5299 Καὶ
3571 5245 3735 5311 ἐσμὲν
3763 5248 3825 5297 ἐν
3855 5249 3928 5316 τῷ

2358 5334 2613 5403 ἀληθινῷ,
2665 5337 2721 5388 ἐν
2764 5336 2841 5404 τῷ
2897 5336 2994 5406 υἱῷ
3041 5336 3205 5389 αὑτοῦ
3252 5334 3425 5404 Ἰησοῦ
3475 5330 3713 5400 Χριστῷ.
3762 5326 3927 5391 Οὗτός

2358 5428 2502 5477 ἐστιν
2525 5428 2552 5477 6
2572 5426 2817 5495 ἀληθινὸς
2840 5425 2990 5487 Θεὸς,
3015 5428 3107 5479 καὶ
3129 5427 3242 5495 ζωὴ
3281 5424 3496 5485 αἰώνιος
3515 5438 3528 5451 ·
3557 5424 3649 5475 καὶ
3671 5422 3740 5475 δι’
3763 5421 3927 5474 αὑτοῦ

2357 5533 2415 5566 τε
2448 5518 2539 5567 καὶ
2572 5516 2665 5567 σὺν
2696 5517 2843 5585 αύτῷ
2872 5517 2950 5584 τῷ
2982 5518 3157 5585 Πατρὶ
3195 5517 3287 5566 καὶ
3314 5514 3432 5583 Θεῷ
3458 5516 3491 5584 ή
3532 5515 3680 5580 δόξα,
3715 5517 3812 5568 σὺν
3855 5515 3930 5581 τῷ

2357 5608 2517 5677 ἁγίῳ,
2550 5609 2644 5659 καὶ
2676 5606 3053 5675 προσκυνητῷ,
3102 5606 3194 5655 καὶ
3224 5602 3473 5675 ζωοποιῷ
3508 5606 3807 5675 Πνεύματι,
3840 5602 3927 5655 νῦν

2360 5700 2453 5748 καὶ
2477 5699 2581 5759 ἀεὶ,
2615 5697 2706 5746 καὶ
2740 5698 2816 5755 εἰς
2846 5696 2970 5755 τοὺς
3000 5694 3199 5756 αἰῶνας
3228 5695 3334 5747 τῶν
3363 5696 3595 5749 αἰώνων.
3642 5696 3841 5763 Ἀμήν.

2804 5803 3069 5857 ⁶⁰1]ο;ιιι.
3108 5822 3180 5867 tv,
3220 5808 3302 5861 l5.
3402 5810 3442 5838 "
3482 5806 3682 5861 lJoan.
3723 5820 3804 5869 ιιι,
3840 5804 3921 5858 ΞΟ.
