4056 6334
135 390 262 446 1201

1240 387 1326 443 DE
1365 387 1587 445 RECTA
1630 389 1784 444 FIDE
1822 390 1913 446 AD
1953 390 2272 448 llEGlNAS.

3223 381 3246 435 l
3257 381 3361 439 20?.

1370 694 2137 817 ΚΥΡΙΔΛΟΥ

1171 912 1731 970 ΑΡΧΙΕΠῙΣΚΟΠΟΥ
1779 912 2294 969 ΔΛΕΞΛΝΔΡΕΙΑΣ

1271 1100 2205 1187 ΠΡΟΣΦΩΝΗΤΙΚΟΣ

963 1277 1158 1332 τηε
1212 1276 1912 1333 ΕΥΣΕΒΕΣΤΔΤΑΙΣ
1963 1279 2523 1333 ΒΑΣΙΛΙΣΣΛΙΣ.

1474 1613 2049 1727 CYRILLI

1232 1828 1746 1885 ARCHIEPISCOI‘l
1784 1829 2249 1889 ALEXANDBINI

1557 2004 1901 2092 LIBER

1122 2193 1619 2272 Religiosissimis
1662 2193 1916 2271 Reginis
1961 2200 2375 2274 nuncupatus.

203 2531 278 2585 ιν.
322 2529 717 2601 Σεμνολόγημα
762 2528 861 2600 μὲν
896 2527 1289 2597 οἰκουμενικδν,
1338 2527 1599 2599 καύχημα
1642 2528 1697 2581 δὲ

1871 2527 1912 2581 l.
1946 2528 2086 2582 Sane
2110 2540 2201 2582 vos
2224 2540 2411 2583 sacras
2434 2526 2872 2598 castissimasque
2892 2527 3091 2584 Christi
3114 2529 3352 2584 omnium

136 2622 239 2675 τῶν
266 2622 443 2691 ἁγίων
487 2621 819 2690 Ἐκκλησιῶν
854 2617 952 2673 τοῦ
998 2618 1215 2671 πάντων
1264 2618 1512 2688 Σωτῆρος
1538 2619 1695 2689 ἡμῶν

148 2714 316 2781 Ἰησοῦ
343 2712 585 2783 Χριστοῦ
615 2712 745 2782 φαίη
773 2729 852 2774 τις
875 2710 961 2773 ἀν,
996 2711 1089 2763 καὶ
1122 2708 1266 2779 μάλα
1288 2708 1528 2772 είκότως,
1554 2708 1695 2776 ὑμᾶς

136 2804 195 2875 δὴ
220 2806 315 2866 τάξ
348 2804 505 2875 ἱερὰς
540 2804 633 2857 καὶ
675 2803 979 2869 πανάγνους
1023 2799 1185 2853 αὑτοῦ
1212 2798 1447 2868 νύμφας,
1479 2798 1697 2850 εὐσεϐέ-

137 2911 323 2949 σταται
366 2896 468 2948 καὶ
497 2894 905 2963 θεοφιλέσταται
938 2890 1220 2961 βασιλίδες,
1252 2884 1339 2953 αἷς
1366 2888 1425 2942 τὸ
1455 2888 1696 2959 παμποί-

136 2986 277 3038 κιλον
308 2987 417 3056 τῆς
442 2986 639 3055 ἀρετῆς
665 2983 1101 3055 ὲναπαστράπτει
1131 2982 1343 3047 κάλλος,
1372 2981 1433 3034 τὸ
1459 2982 1570 3044 τοῖς
1598 2980 1697 3049 τῆς

136 3074 384 3145 θεότητος
428 3074 724 3145 ὀφθαλμοῖς
752 3075 847 3146 ἡδύ
878 3092 937 3127 τε
990 3076 1081 3128 καὶ
1107 3072 1529 3145 γνωριμώτατον
1550 3089 1563 3102 ·
1600 3090 1698 3143 με-

135 3164 257 3235 λέτῃ
285 3166 341 3217 δὲ
368 3165 471 3217 καὶ
510 3166 710 3234 σπουδῇ
746 3165 943 3233 μᾶλλον
972 3164 1027 3218 δὲ
1060 3166 1158 3235 ἤδη
1192 3164 1569 3235 κατώρθωται,
1609 3165 1700 3217 καὶ

134 3256 193 3324 δὴ
240 3256 297 3307 ὲν
352 3254 542 3307 πίστει
580 3252 866 3323 διαπρέπει
914 3254 1067 3325 ὀρθῇ,
1120 3255 1240 3307 κατ’
1270 3255 1456 3309 οὐδένα
1502 3257 1699 3328 τρόπον

138 3347 531 3418 σεσαλευμένῃ.
579 3347 806 3415 Γράφων
848 3345 904 3399 δέ
956 3345 1056 3399 πού
1107 3364 1270 3415 φησιν
1316 3348 1344 3399 ὁ
1396 3347 1700 3417 σοφώτατος

139 3438 339 3503 Παῦλος
370 3437 689 3509 ὀνομασθεὶς
719 3434 954 3507 ἀληθῶς,
984 3438 1077 3489 καὶ
1114 3437 1173 3490 τὸ
1201 3435 1293 3489 τοῦ
1326 3436 1560 3507 Χριστοῦ
1591 3442 1701 3502 τοῖς

141 3532 339 3584 ἔθνεσιν
396 3530 753 3600 ἱερουργήσας
803 3528 1128 3599 μυστήριον
1185 3546 1201 3579 ι
1254 3528 1437 3593 Ὥστε,
1487 3528 1701 3597 ἀδελφοί

144 3640 237 3692 μου
266 3622 567 3691 ἀγαπητοὶ,
620 3621 821 3692 ἑδραῖοι
862 3619 1095 3689 γίνεσθε,
1155 3620 1561 3691 ἀμετακίνητοι,
1604 3638 1701 3673 πε-

146 3712 480 3780 ρισσεύοντες
510 3712 568 3764 ὲν
594 3710 671 3781 τῷ
694 3710 837 3780 ἔργῳ
856 3709 948 3763 τοῦ
974 3711 1174 3782 Κυρίου
1196 3711 1445 3764 πάντοτε.
1478 3729 1497 3763 ι
1527 3712 1699 3763 Ὅπου

141 3804 243 3873 γὰρ
271 3806 455 3865 πίστις
479 3802 614 3871 ὀρθὴ
634 3805 727 3855 καὶ
746 3802 1045 3873 ἀμώμητος
1065 3806 1177 3865 τοῖς
1202 3802 1261 3867 ἐξ
1282 3802 1457 3874 ἔργων
1484 3802 1701 3870 ἀγαθῶν

144 3898 489 3966 καυχήμασιν
519 3888 577 3945 εὖ
613 3893 755 3962 μάλα
787 3894 1140 3963 συμφέρεται,
1173 3896 1266 3947 καὶ
1292 3896 1567 3966 ἰσόδρομον
1590 3894 1701 3964 ἔχει

142 3985 234 4056 τὴν
259 4004 321 4039 συ
330 3984 553 4056 μόολην,
587 3985 702 4037 ἐκεῖ
727 4002 826 4038 που
850 3985 1063 4049 πάντως
1088 3986 1170 4056 εἴη
1192 3985 1257 4039 ἂν
1286 3988 1343 4039 ὲν
1368 3987 1530 4039 παντὶ
1556 3984 1703 4055 καλῷ

142 4078 432 4147 τελειότης,
464 4075 561 4128 καὶ
604 4076 664 4127 τὸ
709 4076 907 4145 ἀρτίως
935 4076 1057 4145 ἕχον
1084 4078 1159 4139 είς
1204 4078 1493 4147 ἁγιασμόν.
1536 4079 1703 4145 Λόγος

149 4169 242 4236 μὲν
286 4165 380 4223 οῦν
420 4168 569 4230 ἅπας
604 4167 633 4219 ὁ
660 4166 716 4219 ιν
743 4167 890 4236 ἡμῖν,
921 4166 1021 4236 τῆς
1049 4166 1272 4237 ἐνούσης
1304 4168 1431 4236 ὑμῖν
1461 4167 1705 4232 εὐκλείας

150 4260 372 4311 κατόπιν
402 4256 640 4327 ἔρχεται,
670 4256 763 4308 καί¹
787 4254 1036 4324 ὁμολογεῖ
1052 4256 1149 4325 τὴν
1168 4250 1355 4327 ἧτταν,
1381 4255 1706 4327 ἐρυθριάσας

148 4349 324 4402 οὐδέν·
373 4350 459 4416 εἴη
511 4347 556 4400 δ’
605 4346 669 4399 ἂν
712 4347 805 4399 καὶ
852 4346 1179 4419 συγγνώμης
1232 4346 1398 4413 ἄξιος,
1442 4347 1491 4399 εί
1539 4347 1705 4400 δέδιεν

149 4440 399 4505 ἐπαινεῖν,
428 4433 504 4494 ὧν
534 4439 633 4492 οὐκ
671 4438 736 4493 ἂν
768 4438 1006 4509 ἐφίκοιτο
1041 4439 1141 4509 τῆς
1169 4438 1340 4504 ἀξίας.
1372 4439 1433 4491 El
1466 4439 1569 4508 μὲν
1598 4438 1705 4509 γὰρ

148 4531 255 4601 ἔχει
292 4535 353 4587 τὸ
401 4532 653 4586 δύνασθαι
708 4530 1003 4601 κατορθοῦν
1036 4532 1097 4584 τὸ
1127 4531 1479 4602 ποθούμενον,
1527 4530 1707 4583 διαϐε-

150 4620 401 4694 6λήσεται
434 4622 552 4693 μὲν,
585 4623 715 4675 πολὺ
745 4623 977 4693 νοσήσας
999 4622 1059 4675 τὸ
1087 4622 1328 4703 ἀδρανὲς.
1355 4621 1463 4675 Καὶ
1490 4621 1585 4691 τὴν
1627 4623 1708 4684 εἰς

150 4712 301 4766 τοῦτο
329 4712 588 4784 μέλλησιν
618 4710 998 4764 ἀπαλλαττέτω
1040 4712 1226 4781 μηδεὶς
1270 4712 1378 4765 τῶν
1418 4713 1498 4774 είς
1546 4710 1708 4782 ρᾳθυο

156 4801 280 4868 μίαν
313 4802 685 4871 αἰτιαμάτων·
727 4800 818 4863 οὒς
855 4799 963 4870 γὰρ
990 4796 1058 4870 ἦν
1105 4802 1248 4865 εἰκὸς
1291 4802 1707 4857 κατακαλλύνειν

152 4890 405 4947 δύνασθαι
434 4898 555 4959 ταῖς
581 4894 657 4957 είς
677 4892 874 4965 ἀρετὴν
897 4890 1210 4959 εὐφημίαις,
1232 4893 1346 4946 ἀνθ’
1378 4894 1495 4946 ὅτου
1528 4893 1705 4957 λυπεῖ,

155 4984 355 5051 σιωπᾷν
395 4984 691 5053 ᾑρημένοςς
740 4985 800 5038 El
835 4983 891 5037 δὲ
919 4982 1113 5045 ἀτονεῖ,
1144 4982 1235 5034 καὶ
1270 4982 1426 5046 δέδιε,
1458 4985 1550 5037 καὶ
1585 4987 1710 5053 ὁμο-

153 5067 294 5136 λογεῖ
320 5071 419 5139 τὴν
450 5067 637 5141 ἧτταν,
662 5077 761 5129 οὐκ
786 5074 932 5146 αὐτῷ
950 5073 1014 5146 δὴ
1044 5072 1239 5143 μᾶλλον
1261 5072 1357 5135 τὰς
1379 5075 1551 5137 αίτίας
1584 5078 1709 5129 ἁνα-

1798 2626 2035 2671 nostrum
2069 2616 2363 2673 Salvatoris
2392 2632 2618 2688 sponsas
2648 2618 3118 2690 (religiosissimus,
3152 2635 3214 2675 ac
3245 2619 3353 2673 Deo

1796 2708 2154 2763 dilectissima
2182 2710 2575 2781 imperatrices)
2600 2710 2747 2768 orbis
2776 2722 3039 2767 terrarum
3066 2725 3355 2767 ornamen-

1798 2808 1941 2865 tum,
1968 2798 2540 2870 sanctissimarumque
2572 2801 2932 2857 Ecclesiarum
2962 2802 3127 2857 decus
3154 2800 3354 2871 Optimo

1791 2890 1911 2961 jure
1940 2890 2202 2959 quispiam
2236 2890 2517 2961 appellarit
2550 2909 2565 2946 :
2595 2891 2649 2946 in
2682 2892 2878 2961 quibus
2911 2892 3164 2946 nimirum
3197 2905 3355 2945 omne

1798 2982 2054 3035 virtutum
2079 2996 2268 3052 genus,
2293 2982 2574 3051 omnisque
2598 2991 2819 3037 ornatus
2843 2982 3035 3037 divinae
3058 2981 3355 3052 majestatis

1798 3074 1967 3129 oculis
2003 3082 2188 3145 gratus
2221 3083 2579 3145 acceptusque
2616 3074 2840 3130 miriﬁce
2875 3074 3140 3144 splendet.
3175 3073 3356 3142 Neque

1800 3163 1884 3218 his
1916 3163 2105 3231 opibus
2136 3172 2424 3231 contentae,
2457 3178 2671 3220 omnem
2706 3180 2919 3235 quoque
2951 3180 3136 3220 curam
3168 3179 3356 3221 omne-

1799 3265 1901 3321 que
1943 3252 2175 3306 studium
2216 3251 2508 3317 adhibetis,
2552 3268 2661 3323 quo
2709 3253 2814 3309 ﬁde
2857 3262 3004 3309 recta
3052 3254 3356 3321 nullamque

1799 3343 1853 3397 in
1887 3350 2091 3411 partem
2120 3342 2409 3398 vacillante
2440 3344 2750 3411 cxcellatis;
2785 3359 3051 3401 memores
3085 3346 3225 3401 haud
3259 3345 3355 3399 du-

1799 3434 1885 3488 bie
1916 3433 2079 3499 illius,
2108 3434 2249 3503 quod
2281 3432 2712 3502 sapientissimus
2743 3436 3120 3506 mysteriorum
3152 3434 3351 3491 Christi

1801 3529 2156 3598 dispensator,
2172 3528 2515 3599 gentiumque
2530 3527 2737 3585 doctor.
2755 3528 2952 3584 Paulus
2970 3528 3188 3583 scribit:
3215 3546 3233 3578 ι
3256 3526 3355 3580 Ita-

1801 3634 1923 3688 que,
1948 3618 2142 3675 fratres
2172 3619 2275 3673 mei
2302 3619 2504 3685 dilecti,-
2526 3620 2620 3683 ait,
2644 3618 2863 3674 stabiles
2890 3629 3061 3675 estote
3086 3628 3140 3674 et
3168 3619 3357 3672 immo-

1800 3710 1957 3775 biles,
1975 3709 2305 3765 abundantes
2329 3708 2381 3763 in
2402 3723 2562 3778 opere
2586 3709 2791 3765 Domini
2814 3710 3105 3780 semper".
3121 3727 3140 3763 ι
3175 3707 3356 3774 Quan-

1802 3801 2090 3871 doquidem
2116 3801 2204 3857 ubi
2234 3802 2365 3857 ﬁdes
2388 3810 2537 3857 recta
2565 3811 2619 3857 et
2651 3802 2918 3872 inculpata
2950 3817 3069 3857 cum
3096 3802 3354 3857 bonarum

1803 3891 2074 3947 actionum
2117 3891 2401 3946 honestate
2436 3891 2799 3962 coniungitur,
2838 3890 3193 3963 aequabilique
3237 3890 3355 3945 nisu

1802 3991 1856 4038 et
1886 3998 2046 4038 cursu
2075 3998 2197 4038 cum
2230 3984 2332 4038 illis
2362 3984 2680 4053 copulatur;
2716 3984 2785 4038 ibi
2815 3985 2991 4040 omnis
3021 3984 3147 4039 boui
3178 3981 3357 4049 perfe—

1803 4075 1911 4130 ctio
1942 4075 2490 4144 sanctificationisque
2523 4074 2803 4144 integritas
2836 4076 3183 4145 comperitur;
3211 4073 3357 4138 Qua-

1805 4178 2023 4238 propter
2042 4182 2138 4223 nos
2159 4166 2341 4238 gloriae
2360 4176 2413 4223 et
2434 4167 2728 4223 celebritati
2748 4176 2937 4223 vestra:
2960 4182 3140 4237 parem
3161 4166 3357 4221 oratio-

1806 4262 1890 4313 nis
1919 4259 2235 4329 dignitatem
2268 4256 2459 4314 afferre
2490 4274 2596 4314 non
2631 4274 2817 4329 posse,
2851 4261 3075 4331 ingenue
3107 4261 3352 4318 fatemur,

1806 4365 1904 4404 nec
1939 4348 2308 4405 erubescimus
2340 4368 2354 4405 :
2386 4352 2526 4406 unde
2556 4360 2610 4406 et
2637 4353 2789 4407 venia
2819 4368 3033 4422 quoque
3064 4346 3215 4422 digni
3240 4364 3353 4403 me-

1807 4440 1910 4494 rito
1952 4440 2311 4503 censebimur,
2357 4442 2405 4495 si
2448 4456 2511 4495 ea
2556 4441 2777 4497 laudare
2817 4457 3086 4505 veremur,
3131 4452 3355 4509 quorum

1806 4528 2179 4583 excellentiam
2223 4543 2320 4583 nos
2359 4530 2571 4598 assequi
2613 4542 2769 4598 posse
2810 4544 2912 4585 non
2952 4540 3199 4599 putamus
3240 4545 3254 4581 :
3295 4540 3358 4579 ac

1807 4618 2071 4687 siquidem
2100 4618 2175 4681 id,
2200 4618 2339 4687 quod
2367 4627 2620 4687 praestare
2645 4617 3033 4684 desideramus,
3060 4632 3179 4673 cum
3206 4615 3360 4670 laude

1807 4708 2095 4778 praestandi
2131 4707 2440 4762 facultatem
2476 4708 2815 4773 haberemus,
2842 4708 2963 4777 jure
2995 4706 3232 4774 profecto
3264 4719 3355 4757 ac-

1808 4814 2141 4866 cusaremur,
2170 4800 2212 4853 si
2244 4800 2312 4854 de
2340 4799 2651 4853 inﬁrmitate
2680 4807 2862 4852 nostra
2890 4797 3049 4848 anxie
3076 4794 3233 4849 nimis
3263 4808 3355 4849 co-

1810 4893 2061 4963 gitantes,
2089 4892 2433 4945 cunctantius
2461 4903 2739 4958 ageremus
2763 4903 2776 4938 :
2805 4899 2974 4952 neque
3002 4884 3228 4952 ignavias
3252 4882 3355 4935 cri-

1810 4998 1929 5037 men
1962 4983 2146 5036 liceret
2174 4980 2427 5051 eﬁ‘ugere,
2457 4986 2635 5044 utpote
2665 4974 2751 5042 qui
2785 4973 2997 5027 silentio
3028 4980 3258 5038 utentes,
3292 4972 3354 5025 iis

1810 5088 1945 5143 quos
1983 5073 2052 5128 ob
2084 5073 2333 5126 virtutem
2378 5065 2584 5121 meritis
2627 5063 2837 5116 laudum
2879 5062 3159 5130 praeconiis
3200 5078 3356 5117 exor-

155 5156 409 5229 θήσομεν,
444 5161 559 5213 ἀλλ’
594 5164 721 5234 ὑμῖν
769 5170 887 5230 ταῖς
921 5164 1062 5219 οὕτω
1105 5162 1468 5233 περιφανέσιν,
1507 5166 1562 5217 αἶ
1592 5170 1707 5231 ταῖς

1813 5178 1943 5217 nare
1985 5162 2359 5219 debueraiuus,
2400 5152 2695 5207 molestiam
2738 5152 2936 5221 potius,
2982 5152 3357 5218 tristitiamque

154 5250 257 5301 τῶν
317 5251 465 5305 ίδίων
523 5254 1022 5329 ἀνδραγαθημάτων
1076 5257 1365 5327 ὑπεροχαῖς
1427 5257 1519 5308 καί
1579 5260 1703 5321 τοὺς

158 5342 395 5406 ἅπαντας
426 5349 648 5413 κοσμεῖν
686 5351 939 5415 εἰωθότας
984 5352 1168 5415 λόγους
1213 5348 1361 5402 οὐδὲν
1390 5346 1547 5409 ὄντας
1597 5350 1701 5399 ἀπα

158 5436 404 5505 εφήνατε·
438 5431 586 5506 Αἷμα
616 5438 712 5507 μὲν
741 5440 847 5509 γὰρ
878 5443 1003 5512 ὑμῖν
1046 5442 1249 5496 ἄνωθεν
1278 5440 1370 5492 καὶ
1398 5439 1460 5489 ὲκ
1486 5437 1707 5505 μακρῶν

156 5524 274 5592 ἥκει
322 5524 528 5597 χρόνων
576 5526 637 5578 τδ
686 5526 987 5596 βασιλικόν·
1037 5530 1346 5601 παρατείνει
1392 5527 1447 5579 δὲ
1494 5526 1585 5577 καὶ
1629 5526 1707 5583 εἰς

158 5615 329 5687 δεῦρο,
363 5616 456 5671 καὶ
488 5615 587 5682 ἔτι,
635 5618 777 5671 καθά
822 5623 1276 5691 πεπιστεύκαμεν.
1316 5619 1451 5672 Ἀλλ’
1490 5616 1594 5669 ίδνλὺ
1644 5613 1706 5679 δὴ

257 5777 299 5804 ⁶¹
334 5772 496 5827 ICor.
535 5788 617 5833 xv,
658 5770 739 5824 58.

1811 5262 2141 5325 parcrctnus.
2170 5244 2274 5315 53
2306 5244 2564 5297 Czeterum
2598 5242 2811 5309 quando
2835 5237 2941 5307 jam
2972 5249 3127 5292 antea
3159 5237 3222 5290 de
3255 5238 3358 5287 im-

1812 5340 2099 5397 becillitate
2142 5347 2319 5388 nostra
2362 5335 2411 5386 iu
2456 5332 2699 5396 dicendo,
2748 5334 3041 5397 timoreque
3079 5329 3355 5395 conquesti

1812 5426 2150 5491 confessique
2181 5437 2386 5487 sumus,
2419 5438 2621 5491 nosque
2647 5423 2794 5475 oneri
2830 5431 2972 5472 tanto
3004 5420 3234 5484 impares
3264 5418 3354 5469 de-

1811 5515 2162 5577 claravitnus;
2201 5528 2293 5566 vos
2332 5514 2499 5578 magis
2536 5512 2727 5565 silentii
2766 5510 2917 5576 hujus
2953 5506 3159 5572 culpam
3195 5504 3349 5556 sustio

1812 5606 2025 5671 nchitis,
2051 5619 2167 5672 quae
2191 5603 2422 5657 illustres
2446 5604 2597 5665 adeo,
2625 5601 2858 5664 adeuun
2884 5595 3180 5662 conspicuae
3204 5593 3351 5655 estis,
