4056 6334
687 361 821 417 1203

1659 366 1713 421 S.
1755 367 2025 424 CYRILLI
2066 367 2530 426 ALEXANDRINI
2569 367 2888 424 ARCHIEP.

3776 367 3914 422 £204

687 488 746 531 ιιι
779 485 966 531 vestra:
996 478 1222 534 virtutes
1256 495 1319 534 ac
1355 491 1495 536 recte
1529 481 1664 537 facta
1698 485 1935 540 omnium
1971 498 2230 542 oratorum

2349 488 2442 542 καὶ
2471 487 2615 557 μάλα
2645 485 2847 555 σαφῶς,
2882 483 2975 536 καὶ
3018 482 3111 553 τῆς
3139 482 3196 534 ὲν
3238 479 3453 553 Χριστῷ
3483 479 3764 550 βασιλείας
3795 481 3915 532 ὲπι-

685 569 1042 636 eloquentiam
1075 569 1234 640 longe
1257 571 1494 627 vincant.
1523 572 1654 629 Nam
1685 585 1741 631 et
1771 578 1972 646 regium
1993 588 2235 634 vestrum

2343 577 2719 649 δραττόμεναι,
2747 576 2812 629 τὰ
2841 573 2988 645 αὐτῷ
3019 572 3275 628 δοκοῦντα
3305 576 3516 645 φρονεῖν
3547 590 3603 626 τε
3635 572 3734 626 καὶ
3778 573 3914 642 δρᾷν

685 672 850 726 genus
883 659 995 730 jam
1035 659 1160 715 inde
1196 660 1263 716 ab
1304 663 1526 718 exordio
1564 665 1720 734 longa
1761 675 2058 735 temporum
2099 669 2230 723 serie

2344 667 2670 732 σπουδάζετε
2689 684 2704 698 ·
2731 667 2885 720 τοῦτο
2916 665 3034 736 μὲν,
3060 665 3135 729 ὡς
3165 666 3320 735 ἔφην,
3347 665 3524 735 ἔργοις
3545 682 3598 717 τε
3626 666 3723 718 καὶ
3749 666 3914 732 ἀμωο

683 748 962 820 hucusque
991 763 1073 806 est
1106 763 1475 824 propagatum,
1506 763 1561 808 et
1590 755 1835 822 ulterius,
1863 766 1922 810 ut
1949 758 2237 822 credimus,

682 840 737 894 in
775 852 1046 909 posterum
1086 845 1259 899 adhuc
1299 845 1678 915 propagabitur
1712 861 1728 900 :
1765 862 1864 902 nec
1900 863 2003 902 non
2039 849 2236 904 Christi

685 947 912 1002 regnum
941 950 1245 1003 capessere,
1271 946 1324 991 et
1349 951 1437 999 ea,
1463 952 1581 1005 quae
1610 937 1683 990 illi
1712 947 1861 1008 grata
1889 947 2035 1004 sunt,
2062 938 2239 994 facere

679 1031 735 1076 et
770 1023 967 1079 sentire
999 1027 1250 1092 studetis;
1287 1028 1482 1094 partim
1520 1027 1732 1095 quidem
1767 1030 2036 1097 praeclaris
2068 1031 2238 1085 actio-

680 1112 840 1169 nibus
883 1114 1257 1186 inculpataqne
1306 1119 1428 1183 iide,
1465 1129 1522 1172 ut
1559 1119 1715 1189 paulo
1747 1130 1871 1173 ante
1903 1119 2230 1187 dicebamus,

2347 759 2504 830 μήτῳ
2551 758 2944 829 διαπρέπουσαι
2987 756 3184 819 πίστει,
3228 755 3320 810 καὶ
3365 756 3462 818 τὰς
3507 755 3654 824 ὑμῶν
3702 771 3770 806 τε
3821 754 3913 805 καὶ

2345 849 2646 920 βασιλείους
2675 849 2838 912 αὐλὰς
2861 851 2926 919 τῇ
2966 847 3064 917 τῆς
3091 847 3381 918 παρθενίας
3410 844 3912 914 καταλαμπρύνου-

2346 958 2435 994 σαι
2487 939 2645 1012 δόξῃ·
2712 939 2866 992 τοῦτο
2928 939 3005 1004 δὲ,
3071 936 3553 999 πολυτελεστάτους
3601 935 3911 988 ἀνιστῶσαι

2343 1034 2500 1095 ναοὺς
2538 1030 2612 1098 τῷ
2650 1029 2886 1101 Χριστῷ.
2929 1031 3259 1100 Κεχάρισται
3289 1028 3396 1100 γὰρ
3428 1029 3555 1098 παρ’
3584 1026 3753 1080 αὑτοῦ
3787 1029 3911 1089 ταῖς

2340 1121 2520 1189 ἁγίαις
2547 1121 2573 1173 ὑ
2583 1120 2697 1190 μῶν
2725 1121 2920 1189 ψυχαῖς
2950 1121 3085 1190 μετά
3110 1118 3217 1171 τῶν
3244 1118 3418 1173 ἄλλων
3445 1119 3537 1170 καὶ
3563 1116 3740 1170 τοῦτο.

680 1215 990 1273 prtestantes
1022 1223 1036 1272 ;
1067 1210 1259 1278 partim
1292 1219 1498 1264 vestras
1528 1210 1806 1280 regiasque
1844 1211 1993 1267 aulas
2035 1212 2357 1281 virginitatis
2401 1213 2567 1281 gloria
2597 1213 3045 1277 condecorautes;
3097 1211 3286 1280 partim
3335 1209 3564 1278 denique
3614 1217 3907 1278 sumptuo-

678 1300 890 1356 sissima
923 1304 1120 1374 templa
1155 1303 1370 1360 Christo
1403 1307 1719 1361 exciteules.
1744 1306 1874 1360 Nam
1909 1317 1963 1362 et
1997 1306 2098 1362 hoc
2135 1321 2344 1376 quoque
2370 1308 2583 1376 pietatis
2615 1307 2844 1363 studium
2896 1305 3033 1360 inter
3075 1314 3267 1360 catera
3313 1303 3401 1359 ille
3451 1303 3652 1359 sanctis
3701 1304 3911 1357 vestris

676 1392 870 1448 animis
900 1393 1200 1463 impertitus
1229 1403 1330 1451 est.

749 1485 814 1540 ll.
856 1487 1047 1554 Igitur,
1092 1497 1149 1541 ut
1192 1504 1258 1543 ex
1301 1490 1469 1546 sacris
1514 1490 1733 1546 Litteris
1777 1491 1977 1560 aliquid
2020 1507 2235 1563 quoque

676 1576 989 1646 depromam
1026 1597 1042 1635 :
1075 1598 1093 1630 ι
1133 1578 1443 1636 Gaudetein
1481 1581 1706 1637 Domino
1741 1599 1954 1652 semper
1988 1601 2000 1636 :
2039 1586 2232 1638 iterum

675 1667 816 1735 dico,
834 1671 1081 1739 gaudete,
1111 1665 1373 1729 modestia
1396 1683 1578 1728 vestra
1609 1685 1730 1727 nota
1762 1676 1830 1728 sit
1859 1675 2107 1730 omnibus
2137 1677 2234 1730 ho-

676 1761 908 1816 minibus
933 1762 996 1816 ⁶³.
1039 1782 1058 1814 ι
1099 1762 1206 1818 lino
1241 1779 1370 1820 vero
1403 1763 1718 1835 jamdudum
1752 1764 1840 1818 illa
1876 1766 2013 1834 apud
2049 1781 2236 1820 omnes

675 1850 948 1905 civitatum
991 1862 1045 1906 et
1087 1855 1364 1923 regionum
1403 1855 1641 1908 omnium
1684 1855 1927 1909 homines
1965 1857 2228 1925 divulgata

674 1945 1011 2009 percrebuit;
1045 1960 1217 2015 neque
1245 1960 1401 2000 secus
1433 1945 1546 2000 fere
1577 1956 1738 2014 atque
1769 1946 1957 2002 tabella
1987 1950 2228 2016 quaedam

675 2031 939 2098 depictam
975 2033 1025 2088 in
1059 2050 1116 2089 se
1151 2036 1367 2105 pictatis
1395 2036 1446 2091 in
1477 2037 1746 2092 Christum
1777 2049 2109 2093 venustatem
2141 2055 2230 2108 ge-

675 2137 828 2188 rens,
868 2124 1076 2193 lateque
1123 2127 1496 2194 reSplendens,
1534 2131 1774 2182 omnium
1820 2129 2226 2184 admirationem

674 2215 948 2270 excitavit.
985 2215 1154 2270 Ratus
1185 2233 1302 2271 sum
1340 2230 1514 2273 autem
1551 2220 1862 2274 nonnullum
1897 2237 2072 2289 operae
2103 2236 2226 2288 pre-

675 2307 806 2361 tium
858 2323 942 2362 me
991 2308 1290 2374 lacturum,
1333 2313 1379 2362 si
1420 2308 1573 2363 vobis
1616 2324 1741 2362 vere
1787 2311 1990 2364 sanctis
2031 2309 2228 2364 Christi

673 2399 883 2467 sponsis
915 2400 1242 2467 (quanquam
1276 2397 1340 2450 ad
1372 2398 1597 2465 quodvis
1626 2413 1761 2466 opus
1791 2398 1990 2452 bonum
2023 2400 2231 2454 abunde

674 2489 949 2543 instructre
976 2490 1286 2560 videamini)
1317 2489 1549 2544 libellum
1581 2489 1753 2555 hunc,
1787 2505 1891 2543 non
1923 2490 1993 2542 ita
2027 2490 2228 2558 pridem

673 2595 702 2633 ι
741 2594 824 2634 me
858 2581 1225 2644 elaboratum,
1262 2580 1406 2634 velut
1439 2580 1679 2649 spiritale
1712 2581 1975 2650 quoddam
2013 2581 2227 2634 xeninm

672 2686 1037 2740 nuncuparent
1077 2688 1090 2726 :
1129 2672 1220 2742 qui
1259 2672 1472 2742 quidem
1515 2687 1618 2726 non
1661 2673 2137 2735 contemnendum,
2175 2681 2231 2726 ut

669 2763 876 2831 opinor,
923 2764 1215 2820 lectoribus
1259 2765 1516 2820 allaturus
1561 2774 1645 2820 est
1689 2766 1932 2821 utilitatis
1975 2765 2226 2819 fructum.

671 2855 945 2926 Siquidem
986 2871 1108 2922 eos,
1144 2857 1232 2924 qui
1274 2868 1420 2913 recte
1460 2873 1651 2927 sapere
1689 2858 2089 2922 dedidicerunt,
2128 2858 2230 2911 boc

670 2957 786 3014 est,
818 2948 1017 3016 quibus
1052 2948 1123 3002 ita
1161 2962 1478 3016 persuasum
1517 2957 1598 3002 est
1635 2948 1701 3002 de
1736 2949 1953 3004 Christo
1991 2951 2228 3002 omnium

671 3036 971 3100 Salvatnre,
1004 3039 1056 3093 in
1087 3039 1226 3094 viam
1258 3040 1500 3103 reducet,
1531 3049 1585 3094 et
1613 3041 1676 3093 ad
1705 3055 1888 3112 veram
1913 3040 2228 3107 sapientiam

2407 1495 2480 1548 B'.
2522 1492 2729 1548 Οὐκοῦν
2781 1491 2911 1564 (ὲρῶ
2939 1491 3043 1561 γάρ
3074 1507 3127 1543 τι
3155 1488 3333 1543 λαϐὼν
3361 1489 3453 1541 καὶ
3481 1490 3545 1541 ὲκ
3587 1487 3696 1541 τῶν
3737 1489 3910 1557 ἱερῶν

2338 1585 2715 1657 Γραμμάτων)
2760 1603 2778 1637 ι
2815 1585 3045 1655 Χαίρετε
3094 1584 3152 1636 ὲν
3201 1582 3386 1652 Κυρίῳ
3419 1582 3680 1634 πάντοτε·
3737 1582 3908 1633 πάλιν

2338 1677 2467 1745 ἐρῶ,
2516 1677 2752 1746 χαίρετε.
2799 1675 2871 1728 Τὸ
2914 1673 3153 1735 ἐπιεικὲς
3200 1673 3350 1742 ὑμῶν
3397 1672 3690 1740 γνωσθήτω
3734 1673 3908 1722 πᾶσιν

2339 1765 2660 1838 ἀνθρώποις.
2711 1785 2730 1818 ι
2783 1763 3053 1833 Ἐγνώσθη
3107 1764 3203 1833 μὲν
3236 1758 3352 1824 οὖν,
3391 1763 3482 1815 καὶ
3526 1760 3904 1831 διαϐεϐόηται,

2337 1859 2432 1911 καὶ
2474 1860 2583 1919 τοῖς
2621 1857 2724 1910 ἀνά
2756 1858 2935 1910 πᾶσαν
2984 1853 3166 1924 χώραν
3197 1871 3259 1907 τε
3289 1854 3382 1907 καὶ
3427 1853 3598 1915 πόλιν,
3644 1852 3904 1924 καθάπερ

2335 1965 2417 2011 τις
2449 1947 2610 2000 εἰκὼν
2626 1949 2840 2018 γραφὴν
2869 1947 3061 2018 ἔχουσα
3089 1947 3188 2017 τῆς
3220 1947 3296 2010 είς
3325 1946 3556 2018 Χριστὸν
3586 1945 3900 2009 εὐσεϐείας,

2334 2038 2395 2091 τὸ
2447 2039 2638 2102 κάλλος
2699 2039 2988 2109 διέλαμψεν
3067 2039 3346 2109 ἐναργῶς,
3410 2039 3502 2090 καὶ
3549 2037 3644 2089 τοῦ
3698 2037 3902 2097 παντὸς

2333 2129 2536 2200 ἠξιώθη
2569 2129 2860 2198 θαύματος.
2906 2130 3098 2200 ’ῼήθην
3127 2130 3183 2182 δὲ
3215 2129 3322 2181 δεῖν
3359 2129 3450 2182 καὶ
3471 2131 3590 2190 ταῖς
3627 2129 3769 2197 πρὸς
3792 2129 3903 2181 πᾶν

2305 2220 2508 2279 ,ὁτιοῦν
2541 2220 2647 2273 τῶν
2677 2221 2893 2289 ἀγαθῶν
2927 2221 3178 2291 ἐχούσαις
3209 2221 3408 2290 ἀρτίως
3435 2221 3683 2291 χάρισμα
3711 2239 3764 2273 τι
3807 2237 3901 2290 με-

2333 2310 2578 2364 ταδοῦναι
2611 2313 2994 2379 πνευματικὸν,
3024 2311 3099 2374 ὡς
3129 2311 3310 2378 ἁγίαις
3351 2311 3584 2378 Χριστοῦ
3632 2311 3897 2380 νύμφαις,

2335 2397 2488 2451 τοῦτο
2517 2399 2580 2468 δὴ
2608 2400 2666 2452 τὸ
2696 2402 2892 2470 ἀρτίως
2923 2402 3047 2471 ἐμοὶ
3077 2402 3304 2471 πονηθὲν
3335 2401 3554 2470 βιὸλὶον,
3581 2401 3640 2453 οὺ
3672 2403 3901 2470 μετρίαν

2337 2490 2594 2560 παρέχειν
2627 2490 2942 2560 δυνάμενον,
2975 2491 3049 2553 ὦς
3069 2489 3324 2565 γεοῖμαι,
3363 2495 3473 2554 τοῖς
3494 2491 3900 2561 ἐντευξομένοις

2335 2581 2430 2650 τὴν
2464 2582 2668 2652 ὄνησιν.
2715 2584 2851 2646 Τοὺς
2901 2585 2997 2652 μὲν
3031 2583 3137 2653 γὰρ
3185 2583 3282 2636 οὐκ
3323 2581 3456 2653 ὀρθὰ
3504 2584 3725 2650 φρονεῖν
3769 2582 3900 2634 δεδι-

2333 2674 2649 2744 δαγμένους,
2683 2675 2845 2745 ἤγουν
2878 2675 3374 2743 ἀναπεπεισμένους
3403 2672 3529 2743 περὶ
3555 2671 3651 2724 τοῦ
3681 2672 3900 2725 πάντων

2335 2766 2488 2834 ἡμῶν
2524 2767 2773 2836 Σωτῆρος
2815 2765 3069 2836 Χριστοῦ,
3111 2765 3246 2832 πρὸς
3289 2766 3659 2836 ἐπανόρθωσιν
3709 2764 3902 2817 ἀνακο-

2338 2861 2468 2926 μιεῖ,
2506 2859 2598 2910 καὶ
2647 2859 3061 2927 μυσταγωγήσει
3091 2858 3304 2920 καλῶς’
3340 2856 3460 2919 τούς
3506 2874 3570 2924 γε
3618 2859 3728 2926 μὴν
3757 2859 3898 2928 ὀρθῷ

2337 2947 2632 3017 βεϐηκότας
2661 2948 2754 3017 νῷ,
2788 2949 2875 3001 καὶ
2903 2951 3015 3011 τοῖς
3051 2949 3148 3017 τῆς
3179 2946 3430 3014 ἀληθείας
3457 2947 3898 3014 ὲμφιλοχωροῦν-

2334 3055 2432 3098 τας
2461 3039 2736 3108 δόγμασιν,
2775 3039 3203 3108 ἁσφαλεστὲρους
3231 3039 3495 3106 ἀποφανεῖ
3523 3040 3640 3098 τοῖς
3671 3037 3733 3100 ἐξ
3764 3039 3895 3102 ἀγα-

672 3125 917 3180 instituet
953 3146 966 3180 :
1004 3136 1230 3182 caeteros
1261 3141 1420 3192 vero,
1455 3127 1544 3196 qui
1580 3138 1784 3182 rectum
1819 3129 1979 3182 animi
2014 3143 2226 3181 sensum

2337 3127 2444 3180 θῶν
2477 3128 2692 3182 ἐννοιῶν
2719 3129 3072 3200 πολυτρόποις
3105 3128 3386 3199 εὑρέμασι,
3413 3126 3506 3180 καὶ
3545 3129 3667 3190 ταῖς
3698 3129 3766 3179 ὲκ
3803 3131 3896 3195 τῆς

671 3216 889 3283 habent,
915 3228 968 3274 et
995 3220 1047 3272 in
1072 3220 1316 3275 veritatis
1340 3220 1581 3275 doctrina
1614 3220 1923 3288 persistunt,
1951 3220 2116 3274 variis
2141 3234 2231 3272 ar-

672 3319 1048 3379 gumentorum
1080 3318 1135 3365 et
1167 3311 1557 3367 sententiarum
1595 3312 1856 3374 inventis,
1892 3310 2227 3363 divinarum-

671 3416 777 3472 que
810 3403 1214 3469 Scriptnrarum
1245 3402 1794 3458 demonstrationibus
1824 3403 1877 3456 in
1910 3401 2012 3455 ﬁde
2042 3416 2227 3456 corro-

670 3493 903 3548 borabit.
949 3491 1085 3547 Hinc
1131 3493 1330 3546 etenim
1383 3501 1434 3545 et
1484 3491 1884 3549 Emmanuelem
1931 3505 2118 3544 verum
2161 3501 2230 3544 ac

671 3581 975 3638 naturalem
995 3581 1182 3645 Deum,
1207 3591 1262 3635 et
1283 3576 1555 3648 Virginem
1583 3593 1820 3643 rursum,
1845 3594 1962 3649 qua:
1988 3593 2108 3632 eum
2137 3593 2231 3646 pe-

671 3674 804 3742 perit
826 3714 840 3738 ,
871 3689 1049 3728 veram
1079 3681 1301 3742 propter
1331 3672 1502 3741 ipsum
1533 3670 1812 3740 Deiparam
1843 3683 1982 3735 esse,
2010 3672 2225 3741 planum

673 3767 781 3820 liet.
818 3767 872 3820 Si
907 3766 998 3836 qni
1036 3774 1215 3819 autem
1252 3773 1406 3828 sunt,
1443 3765 1531 3831 qui
1568 3762 1710 3817 istud
1746 3762 1946 3817 sentire
1977 3771 2031 3815 et
2066 3761 2229 3829 proii~

670 3857 767 3911 teri
812 3865 1089 3922 verentur,
1132 3855 1184 3910 bi
1230 3853 1550 3924 profundum
1597 3853 1724 3907 illud
1766 3852 1982 3922 pietatis
2029 3861 2229 3922 myste-

672 3948 807 4002 rium
827 3989 840 4014 ,
872 3959 930 4002 ut
961 3963 1093 4002 sane
1118 3947 1347 4010 videtur,
1381 3961 1715 4016 nequaquam
1744 3947 2070 4015 expendunt.
2101 3945 2229 3998 Per-

672 4041 1036 4093 necessarium
1090 4048 1267 4092 autem
1320 4038 1556 4103 iudicavi
1610 4052 1670 4092 ea
1722 4037 1909 4106 paucis
1961 4038 2062 4090 hoc
2116 4035 2232 4089 loco

670 4140 935 4198 repetere,
959 4145 1076 4198 quae
1099 4129 1324 4199 apostoli
1353 4138 1407 4183 et
1430 4129 1773 4198 evangelista:
1799 4129 1863 4182 de
1883 4127 1992 4199 44
2013 4125 2227 4181 Christo

2334 3218 2683 3274 θεοπνεύστου
2696 3221 2912 3290 Γραφῆς
2928 3220 3277 3287 ἀποδείξεσιν.
3292 3219 3645 3289 Μαθήσεταιδ
3665 3219 3798 3288 γὰρ,
3817 3220 3895 3271 ὅτι

2332 3312 2488 3380 φύσει
2539 3313 2634 3382 μὲν
2677 3314 2770 3365 καὶ
2812 3310 3035 3381 ἀληθείᾳ
3076 3310 3205 3374 Θεός
3250 3312 3394 3363 ἐστιν
3437 3311 3464 3362 ό
3522 3309 3895 3379 Ἐμμανουὴλ,

2331 3403 2588 3465 Θεοτόκος
2634 3403 2690 3456 δὲ
2732 3403 2798 3455 δι’
2829 3403 2990 3455 αὑτὸν
3034 3404 3184 3472 καὶή
3235 3401 3465 3455 τεκοῦσα
3501 3400 3803 3470 Παρθένος.
3837 3402 3897 3453 Et

2330 3494 2436 3564 γὰρ
2474 3495 2537 3564 δὴ
2566 3495 2727 3563 φάναι
2758 3512 2815 3547 τε
2848 3494 3002 3548 τοῦτο
3033 3496 3124 3547 καὶ
3169 3495 3380 3563 φρονεῖν
3410 3492 3657 3554 δεδιότες,
3707 3493 3770 3544 οὐ
3815 3509 3898 3543 νε-

2331 3587 2578 3656 νοήκασι,
2608 3586 2746 3639 κατά
2769 3585 2830 3637 τὸ
2867 3585 3036 3650 εἰκὸς,
3075 3587 3139 3638 τὸ
3163 3584 3297 3654 βαθὺ
3339 3584 3439 3652 τῆς
3471 3582 3758 3644 εὐσεϐείας
3793 3600 3897 3650 μυ-

2335 3676 2572 3744 στήριον,
2607 3675 2817 3744 Χρῆναι
2843 3673 2900 3726 δὲ
2940 3672 3301 3742 ὑπολαμϐάνω
3328 3672 3413 3723 διὰ
3449 3670 3688 3740 βραχέων
3721 3671 3898 3721 εἰπεῖν

2328 3764 2428 3834 τήν
2476 3780 2534 3818 τε
2564 3762 2924 3834 ἀποστολικὴν
2954 3762 3048 3816 καὶ
3092 3761 3446 3830 εὐαγγελικὴν
3479 3759 3801 3829 παράδοσιν,
3833 3761 3898 3822 ἦν

2329 3855 2422 3908 ἐπὶ
2451 3856 2668 3927 Χριστῷ
2719 3859 2736 3897 ί
2776 3857 3066 3924 πεποίηται
3115 3853 3191 3925 τῷ
3233 3854 3446 3906 πάντων
3483 3852 3748 3923 Δεσπότῃ,
3804 3857 3900 3900 καὶ

2327 3948 2542 4017 ἀπάσης
2586 3948 2642 4000 δὲ
2683 3948 2778 4016 τῆς
2808 3947 3162 4002 θεοπνεύστου
3213 3945 3434 4014 Γραφῆς
3473 3943 3561 3995 τὸν
3611 3941 3694 3995 ἐπ’
3748 3939 3898 4005 αὐτῷ

2329 4040 2545 4099 σκοπὸν,
2587 4039 2680 4092 καὶ
2709 4041 2826 4091 ὅποι
2877 4039 3008 4091 ποτὲ
3047 4036 3215 4106 βλέπῃ
3245 4033 3351 4086 τῶν
3389 4035 3488 4105 τῆς
3520 4032 3780 4103 ἀληθείας
3813 4032 3901 4083 δο-

2326 4129 2552 4200 γμάτων
2583 4132 2614 4200 ἡ
2642 4130 2888 4199 δύναμις.

667 4221 902 4276 omnium
947 4221 1171 4277 Domino
1211 4220 1578 4286 tradiderunt,
1614 4227 1726 4272 tum
1767 4234 1828 4273 ea
1867 4233 2078 4287 quoque
2119 4235 2222 4272 non
2297 4222 2592 4289 praeterire,
2629 4236 2748 4289 quas
2789 4221 2841 4274 in
2920 4221 3130 4276 caeteris
3169 4230 3369 4277 sancta:
3406 4216 3688 4286 Scriptura!
3733 4212 3897 4268 libris

668 4334 729 4372 ea
767 4321 880 4387 ipsa
916 4322 980 4375 de
1014 4335 1073 4375 re
1108 4320 1410 4384 habentur;
1446 4327 1499 4372 et
1530 4317 1750 4372 omnino
1782 4331 2086 4385 exponere,
2123 4332 2233 4385 quo
2269 4326 2476 4385 spectet
2507 4318 2587 4370 vis
2651 4319 2958 4384 dogmatum
2988 4317 3251 4371 veritatis.

742 4417 828 4472 Ill.
868 4416 1149 4470 Credimus
1184 4414 1344 4484 igitur
1378 4414 1429 4467 in
1453 4428 1614 4467 unum
1637 4411 1800 4466 Deum
1822 4410 2034 4464 Patrem
2057 4411 2229 4464 omni-

2406 4411 2480 4464 I".
2520 4410 2851 4480 Πιστεύομεν
2879 4409 3053 4462 τοίνυν
3081 4411 3159 4472 εἰς
3185 4410 3280 4461 ἕνα
3299 4408 3428 4461 Θεὸν
3451 4405 3666 4474 Πατέρα
3691 4419 3899 4457 παντο-

669 4515 938 4574 potcntcm
959 4545 974 4568 ,
1000 4502 1291 4558 visibilium
1347 4511 1400 4556 et
1429 4501 1774 4556 invisibilimn
1802 4501 2039 4554 omnium
2099 4515 2232 4552 con-

672 4597 920 4651 ditorem.
947 4597 1012 4650 Et
1043 4596 1097 4650 in
1127 4608 1290 4648 unum
1327 4591 1609 4646 Dominum
1637 4591 1818 4646 Jcsum
1845 4592 2113 4647 Christum
2141 4591 2230 4645 Fi-

676 4685 800 4741 lium
841 4687 978 4756 ejus,
1018 4695 1143 4739 ante
1181 4698 1339 4738 omne
1375 4683 1626 4737 steculum
1666 4693 1718 4736 ct
1759 4693 1968 4750 tempus
2008 4697 2074 4736 ex
2116 4683 2228 4750 ipso

682 4778 996 4831 naturaliter
1026 4776 1287 4846 genitum.
1323 4772 1453 4825 Nam
1490 4772 1629 4840 quod
1661 4772 1724 4828 ad
1760 4782 1970 4839 tempus
2003 4773 2224 4835 attinet,

677 4879 826 4931 aque
862 4864 1105 4934 principii
1144 4877 1368 4931 expers,
1409 4870 1463 4914 et
1499 4870 1795 4914 coaeternus
1834 4868 1947 4925 cst,
1985 4871 2145 4929 atque
2183 4862 2228 4914 is

678 4953 767 5026 qui
816 4953 962 5007 illum
1009 4956 1221 5024 genuit;
1267 4953 1562 5020 eademque
1611 4965 1821 5019 quoque
1871 4961 2134 5019 potestate
2177 4960 2233 5006 et

677 5043 844 5111 gloria
881 5058 1000 5097 cum
1037 5045 1126 5098 illo
1157 5056 1270 5109 est,
1301 5059 1397 5112 per
1425 5043 1603 5098 omnia
1634 5041 1862 5108 denique
1890 5049 1944 5094 et
1975 5041 2026 5093 in
2057 5041 2230 5094 omni-

677 5133 777 5187 bus
806 5131 976 5184 eidem
1006 5133 1242 5200 aequalis.
1264 5129 1463 5202 Figura
1494 5143 1724 5198 namque
1749 5137 1802 5182 et
1829 5126 2079 5196 splendor
2104 5129 2231 5182 sub-

675 5222 886 5278 stantiae
929 5219 1071 5273 illius
1110 5231 1194 5274 εει
1212 5222 1276 5276 ⁸⁸.
1316 5224 1594 5277 Credimus
1634 5220 1883 5275 similiter
1918 5227 1972 5273 et
2013 5218 2063 5271 in
2106 5233 2234 5272 san-

678 5328 819 5378 etum
839 5326 1054 5382 quoque
1071 5311 1350 5380 Spiritum,
1371 5329 1526 5380 quem
1547 5329 1575 5367 a
1595 5313 1774 5367 divina
1791 5322 1980 5369 natura
1999 5311 2230 5365 alienum

773 5475 818 5505 ⁸³
857 5473 1081 5540 Philipp.
1104 5485 1176 5532 tv,
1212 5468 1264 5520 4.
1361 5468 1402 5498 ⁸⁸
1439 5467 1596 5522 Hebr.
1623 5486 1658 5534 ι,
1686 5473 1740 5524 3.

2337 4504 2596 4574 κράτορα,
2640 4504 2856 4556 πάντων
2887 4501 3093 4573 όρατῶν
3123 4518 3182 4554 τε
3226 4501 3320 4553 καὶ
3352 4499 3591 4568 ἀοράτων
3637 4500 3895 4567 ποιητήν.

2335 4595 2444 4646 Καὶ
2474 4595 2551 4655 εἰς
2581 4593 2674 4645 ἕνα
2701 4591 2900 4662 Κύριον
2934 4591 3140 4663 Ἰησοῦν
3170 4589 3400 4661 Χριστὸν
3429 4589 3516 4642 τὸν
3549 4587 3673 4640 Υίὸν
3698 4588 3895 4648 αὐτοῦ,

2333 4683 2655 4752 γεννηθέντα
2685 4680 2828 4734 κατά
2857 4680 3015 4748 φύσιν
3045 4680 3102 4745 ἐξ
3134 4679 3295 4733 αὐτοῦ
3331 4679 3431 4749 πρὸ
3473 4675 3666 4738 παντὸς
3695 4675 3898 4736 αἰῶνος

2334 4775 2428 4828 καὶ
2457 4775 2647 4844 χρόνου
2669 4789 2680 4802 ·
2715 4772 2810 4826 καὶ⁵
2838 4771 2945 4843 γάρ
2989 4771 3104 4824 ἔστι
3135 4771 3464 4840 συνάναρχος
3495 4766 3638 4820 κατά
3677 4765 3894 4834 χρόνον.

2334 4866 2425 4916 καὶ
2464 4864 2730 4924 σ’δναῖδιος
2781 4862 2858 4932 τῷ
2907 4863 3021 4932 ἰδίῳ
3065 4862 3374 4930 Γεννήτορι,
3427 4855 3674 4923 σύνεδρός
3700 4870 3762 4906 τε
3802 4857 3898 4908 καὶ

2337 4954 2578 5022 ισοκλεὴς
2611 4952 2775 5022 αὐτῷ,
2810 4954 2902 5005 καὶ
2935 4953 3138 5020 ίσότητι
3186 4945 3616 5015 κατεστεμμένος
3657 4947 3723 5015 τῇ
3758 4947 3894 5018 πρὸς

2333 5041 2442 5091 πᾶν
2476 5039 2648 5091 ὁτιοῦν
2666 5055 2680 5069 ’
2703 5039 2988 5109 χαρακτὴρ
3018 5038 3124 5108 γάρ
3156 5036 3268 5087 ἔστι
3305 5035 3400 5088 καὶ
3428 5034 3767 5106 ἀπαύγασμα
3795 5038 3894 5104 τῆς

2338 5129 2680 5191 ὑποστάσεως
2711 5129 2896 5183 αὑτοῦ.
2927 5126 3258 5195 Πιστεύομεν
3285 5125 3340 5179 δὲ
3369 5126 3566 5197 ὁμοίως
3604 5129 3697 5181 καὶ
3725 5131 3808 5191 είς
3836 5129 3895 5180 τὸ

2336 5219 2557 5289 Πνεῦμα
2594 5219 2652 5271 τὸ
2682 5219 2853 5286 ἀγιον,
2894 5220 2993 5272 οὐκ
3023 5218 3295 5289 ἀλλότριον
3321 5219 3452 5272 αὐτὸ
3479 5219 3579 5288 τῆς
3607 5219 3758 5282 θείας
3789 5220 3893 5288 φύ-

2337 5327 2471 5372 σεως
2503 5308 3006 5379 καταλογιζόμενοιο
3035 5309 3126 5364 καὶ
3151 5309 3257 5382 γάρ
3285 5311 3430 5365 ἐστιν
3455 5312 3518 5364 ἐκ
3551 5309 3764 5382 Πατρός
3795 5329 3897 5381 φυ-

1783 5598 1952 5652 Varie
1983 5599 2238 5654 lectiones
2269 5601 2470 5656 codicis
2501 5600 2862 5670 Seguicriani.

757 5730 782 5773 δ
813 5731 1158 5805 μαθηοονται.
1242 5732 1254 5769 ί
1299 5728 1364 5780 Ic
1409 5727 1440 5779 ἣ
1468 5725 1558 5776 ἐπὶ
1591 5727 1690 5796 Χρ.
