4056 6334
187 394 336 449 1205

1283 379 1369 433 DE
1415 376 1644 434 RECTA
1686 371 1839 429 FIDE
1879 370 1969 424 AD
2008 366 2327 427 REGINAS.

3264 374 3396 433 i206

180 513 377 575 σικῶς,
410 504 771 578 προχεόμενον
815 500 880 552 δι’
910 498 1039 553 Υίοῦ
1068 501 1134 570 τῇ
1176 497 1377 551 κτίσει·
1411 499 1612 549 νοεῖται
1641 496 1747 564 γὰρ

1852 490 2069 542 minime
2112 497 2423 554 reputamus
2462 500 2475 538 :
2519 484 2779 553 siquidem
2825 489 3138 543 naturaliter
3174 506 3201 543 a
3231 480 3399 550 Patre

178 603 329 657 οὕτω
359 602 456 671 μία
483 617 539 651 τε
575 593 980 663 καὶὸμοούσιος,
1008 594 1099 647 καὶ
1125 593 1181 645 ὲν
1210 590 1493 656 ταυτότητι
1516 587 1690 658 δόξης,
1715 590 1747 657 ἡ

181 696 321 761 ἀγία
348 691 440 743 καὶ
481 683 926 758 προσκυνουμένη
954 684 1138 753 Τριάς.
1170 680 1352 750 Φαμὲν
1376 679 1452 740 δὲ,
1482 680 1562 731 ὅτι
1588 678 1748 740 αὐτὸς

179 790 210 839 6
243 789 311 837 ἐκ
354 783 450 849 τῆς
496 779 681 840 οὐσίας
721 775 813 828 τοῦ
856 776 988 829 Θεοῦ
1023 776 1118 829 καὶ
1165 771 1375 841 Πατρὸς
1424 770 1748 840 ἀπορρήτως

180 871 581 943 γεγεννημένος
629 868 915 937 μονογενὴς
948 865 1109 919 αὑτοῦ
1160 864 1350 930 Λόγος,
1396 860 1503 911 τῶν
1541 858 1747 912 αἰώνων

179 963 436 1034 ποιητὴς,
469 964 497 1013 6
524 960 589 1013 δι’
614 955 673 1014 οὗ
710 959 777 1012 τὰ
808 961 1002 1020 πάντα,
1043 958 1132 1010 καὶ
1167 957 1222 1007 ὲν
1267 946 1310 1020 ᾧ
1353 952 1417 1003 τὰ
1451 951 1645 1012 πάντα,
1688 952 1748 1002 τὸ

180 1057 307 1126 φῶς
334 1056 392 1108 τὸ
421 1052 689 1123 ἀληθινὸν,
739 1054 771 1123 ὴ
820 1053 995 1103 πάντα
1026 1046 1366 1115 ζωογονοῦσα
1404 1042 1562 1107 φύσις
1596 1045 1609 1107 (
1635 1040 1746 1112 ζωὴ

180 1150 301 1218 γὰρ
330 1148 586 1216 πέφηνεν,
616 1146 688 1207 ὡς
717 1146 780 1197 ὲκ
804 1142 944 1209 ζωῆς
968 1140 1060 1192 τοῦ
1107 1135 1373 1208 Πατρὸς),
1400 1137 1456 1185 ἒν
1505 1133 1747 1200 ἐσχάτοις

180 1241 400 1309 καιροῖς
446 1236 538 1290 τοῦ
586 1235 799 1296 αίῶνος,
847 1232 1230 1301 εύδοκήσαντος
1259 1229 1348 1280 τοῦ
1396 1224 1626 1295 Πατρὸς,
1664 1225 1747 1275 ἵνα

182 1330 340 1400 σώσῃ
368 1328 426 1381 τὸ
456 1328 546 1379 ἐπὶ
588 1325 687 1393 γῆς
719 1323 873 1389 γένος
910 1318 1195 1379 πεπτωκὸς
1225 1319 1301 1378 εἰς
1332 1314 1490 1383 ἁράν,
1532 1312 1624 1363 καὶ
1662 1310 1749 1361 διὰ

179 1421 288 1491 τῆς
318 1418 589 1490 ἁμαρτίας
617 1408 1016 1478 κατακομισθὲν
1049 1408 1125 1469 είς
1156 1407 1377 1459 θάνατον
1406 1403 1495 1455 καὶ
1524 1401 1745 1471 φθορὰν,

181 1511 501 1580 σπέρματος
554 1504 802 1572 Ἀϐραὰμ
842 1496 1155 1560 ἐπελάϐετο,
1194 1494 1333 1547 κατὰ
1374 1493 1469 1556 τὰς
1508 1490 1745 1561 Γραφὰς,

179 1602 283 1655 καὶ
313 1596 703 1664 κεκοινώνηκεν
736 1592 964 1659 αἵματος
989 1587 1081 1639 καὶ
1113 1586 1333 1653 σαρκὸς,
1376 1583 1621 1635 τουτέστι
1653 1580 1745 1648 γέ-

178 1708 343 1761 γονεν
372 1689 653 1758 ἅνθρωπος
673 1701 684 1713 ·
718 1682 812 1735 καὶ
842 1681 1017 1750 σάρκα
1039 1677 1241 1737 λαϐὼν,
1273 1676 1365 1728 καὶ
1415 1674 1546 1725 ίδίαν
1581 1672 1748 1740 αὐτὴν

178 1779 577 1850 ποιησάμενος,
607 1772 867 1842 ἐγεννήθη
903 1767 1176 1839 σαρκικῶς
1204 1766 1291 1819 διὰ
1337 1764 1434 1834 τῆς
1466 1762 1627 1830 ἁγίας
1656 1763 1749 1814 καὶ

180 1873 438 1928 Θεοτόκου
470 1866 709 1939 Μαρίας.

1850 583 1952 645 est,
1993 592 2085 647 per
2126 578 2318 631 Filium
2361 578 2413 630 in
2457 585 2759 631 creaturam
2798 577 3098 635 dimanans.
3143 584 3217 638 Ad
3260 586 3398 641 hunc

1849 671 1992 724 enim
2024 668 2238 720 modum
2271 674 2453 721 sancta
2487 668 2569 721 illa
2611 668 2980 735 adorandaque
3018 670 3269 735 Trinitas,
3298 692 3397 730 una

1852 764 1905 815 in
1936 759 2170 814 essentia
2191 798 2205 822 ,
2240 774 2333 826 par
2363 760 2412 811 in
2446 759 2614 826 gloria
2650 766 2702 815 et
2737 757 3009 824 majestate
3038 766 3396 830 cognoscitur.

1848 852 2257 918 Asserimusque
2288 850 2456 917 ipsum
2492 850 2821 918 unigenitum
2845 849 3071 903 Verbum
3101 868 3294 908 arcano
3324 857 3399 908 in-

1848 943 2258 1013 eXpIicabilique
2289 941 2444 993 modo
2474 954 2537 991 ex
2575 941 2662 992 Dei
2696 948 2748 992 et
2777 940 2950 993 Patris
2982 943 3275 997 substantia
3307 964 3395 1014 ge-

1851 1036 2053 1099 nitum,
2088 1036 2225 1103 quod
2269 1032 2459 1086 smcula
2504 1032 2774 1096 condidit,
2812 1047 2905 1100 per
2938 1036 3075 1101 quod
3116 1044 3167 1087 cl
3208 1036 3258 1088 iu
3300 1054 3403 1105 quo

1850 1126 2151 1179 consistunt
2196 1125 2411 1185 omnia,
2455 1122 2590 1189 quod
2637 1135 2819 1173 verum
2866 1122 3070 1188 lumen,
3112 1137 3402 1196 naturaque

1849 1216 2027 1268 omnia
2059 1215 2336 1268 vivilicans
2362 1222 2445 1266 est
2475 1212 2604 1283 (vita
2636 1221 2718 1264 est
2750 1212 2913 1273 enim,
2945 1223 3124 1279 utpote
3155 1230 3216 1268 ex
3248 1216 3401 1273 Patre

1850 1306 1957 1358 vita
1980 1305 2321 1373 procedens),
2346 1302 2651 1355 novissimis
2674 1300 2850 1353 saeculi
2879 1304 3223 1367 temporibus,
3249 1304 3403 1361 Patre

1850 1410 1946 1465 pro
1975 1411 2068 1448 sua
2100 1394 2429 1463 benignitate
2463 1393 2532 1445 ita
2559 1393 2800 1456 volente,
2827 1406 2931 1458 quo
2964 1392 3208 1446 nimirum
3238 1411 3405 1462 genus

1851 1488 2164 1550 humanum,
2189 1485 2329 1553 quod
2357 1487 2408 1537 in
2434 1485 2862 1539 maledictionem
2889 1485 3185 1552 prolapsum
3211 1488 3403 1558 fuerat,

1849 1588 1903 1634 et
1942 1594 2035 1648 per
2068 1588 2345 1647 peccatum
2388 1576 2439 1629 in
2485 1587 2705 1629 mortem
2748 1583 2802 1627 et
2841 1574 3235 1642 corruptionem
3272 1592 3405 1646 prm-

1848 1686 1976 1740 ceps
2005 1672 2231 1731 abierat,
2264 1669 2570 1721 restitueret
2593 1706 2606 1729 ,
2634 1666 2863 1717 Ahraha:
2895 1678 3073 1717 semen
3106 1669 3402 1733 apprehen-

1851 1765 2017 1825 disse,
2047 1764 2196 1817 carni
2228 1775 2440 1830 quoque
2469 1768 2521 1812 et
2556 1758 2822 1825 sanguini,
2850 1758 3139 1810 secundum
3171 1759 3405 1829 scriptu.

1784 1848 1822 1901 B
1857 1866 1943 1906 ras
1971 1852 2035 1917 ⁸⁵,
2080 1851 2540 1907 communicasse,
2587 1847 2687 1900 hoc
2733 1856 2846 1907 est,
2899 1845 3167 1900 hominem
3213 1847 3405 1904 factum

178 1980 339 2031 esse;
373 1975 532 2015 carne
567 1933 840 2025 assumpta
866 1992 881 2015 ,
943 1952 1237 2018 eademque
1273 1944 1486 2015 propria
1556 1940 1655 1999 sibi
1729 1942 1953 2006 reddita,
1993 1955 2022 1995 e
2080 1950 2267 1993 sancta
2304 1947 2357 1993 et
2401 1936 2628 2005 Deipara
2663 1934 2830 1989 Maria
2870 1933 3160 1989 secundum
3196 1952 3406 1992 carnem

182 2068 371 2111 natum
403 2065 541 2105 esse.

255 2153 332 2203 A’.
386 2144 542 2199 Ἀλλά
572 2138 745 2193 καίτοι
795 2136 912 2189 καθ’
959 2136 1103 2205 ἡμᾶς
1132 2130 1387 2201 γεγονὼς,
1418 2130 1511 2183 καὶ
1533 2129 1630 2199 τὴν
1655 2126 1747 2179 τοῦ

179 2240 369 2295 δούλου
404 2234 612 2306 μορφὴν
641 2226 998 2304 οἰκονομικῶς
1027 2224 1244 2288 ὑποδὺς,
1276 2222 1578 2292 μεμένηκεν
1604 2221 1659 2271 ὲν
1682 2220 1747 2286 τῇ

183 2331 329 2385 κατά
357 2327 516 2397 φύσιν
545 2322 754 2390 θεότητι
781 2320 874 2371 καὶ
900 2316 1199 2387 κυριότητι.
1229 2314 1301 2366 Ού
1334 2314 1441 2381 γὰρ
1476 2311 1750 2397 πέπαυται

181 2421 279 2475 τοῦ
314 2396 452 2472 εἶναι
498 2414 650 2476 Θεὸς,
694 2413 742 2464 εί
794 2409 888 2463 καὶ
926 2408 1118 2477 γέγονε
1154 2404 1309 2473 σὰρξ,
1339 2403 1581 2454 τουτέστι
1626 2396 1748 2451 καθ’

183 2514 335 2588 ἡμᾶς
378 2526 435 2562 τε
480 2506 571 2560 καὶ
616 2503 920 2572 ἅνθρωπος.
965 2496 1179 2566 Ἐπειδὴ
1208 2496 1263 2588 ξε
1310 2495 1572 2588 ἄτρεπτος
1608 2490 1749 2588 κατὰ

184 2582 373 2675 φύσιν,
400 2598 473 2661 ὡς
502 2596 652 2659 Θεὸς,
685 2589 1006 2664 μεμενηκὼς
1047 2589 1182 2657 ὅπερ
1210 2582 1277 2655 ἦν
1320 2585 1425 2647 ἀεὶ,
1474 2583 1567 2636 καὶ
1612 2582 1747 2644 ἔστι,

182 2694 281 2749 καὶ
312 2691 485 2752 ἐσται,
512 2685 913 2756 κεχρημάτικεν
944 2680 1068 2742 Υἱὸς
1097 2676 1403 2747 ἀνθρώπου.

256 2959 334 3012 ιιι.
376 2956 486 3010 Καὶ
538 2952 724 3021 ιπειδὴ
771 2945 1145 3015 καταόἑϐηκεν
1194 2939 1334 2993 ἑκὼν
1380 2940 1437 2991 ὲν
1486 2936 1600 2998 τοῖς
1646 2934 1748 3003 τῆς

183 3045 607 3117 ἀνθρωπότητος
638 3043 855 3111 μέτροις
894 3034 1137 3107 (καθῆκε
1170 3032 1279 3101 γὰρ
1318 3028 1506 3081 ἑαυτὸν
1535 3028 1614 3090 είς
1654 3024 1749 3077 κέο

1927 2125 2011 2179 IV.
2048 2125 2117 2178 At
2144 2124 2386 2192 quamvis
2405 2120 2638 2175 Verbum
2667 2127 2906 2172 nostram
2936 2125 3177 2169 naturam
3207 2132 3413 2175 assum.

1857 2216 2043 2282 pserit,
2073 2212 2430 2278 servilcmque
2457 2208 2689 2261 formam
2720 2206 3117 2275 diSpensatione
3145 2207 3413 2279 induerit;

1855 2303 2217 2371 perseveravit
2258 2300 2610 2354 nihilominus
2642 2300 2693 2350 in
2727 2311 2787 2350 ea
2821 2298 3101 2365 majestate
3137 2307 3189 2349 et
3221 2300 3411 2354 divini-

1857 2402 1990 2459 tate,
2022 2406 2140 2460 qua:
2176 2390 2468 2445 secundum
2506 2397 2750 2442 naturam
2789 2389 2885 2455 ipsi
2929 2389 3197 2441 convenit.
3233 2388 3411 2459 Neque

1856 2485 1996 2539 enim
2030 2484 2188 2538 desiit
2219 2482 2359 2535 Deus
2387 2496 2526 2543 esse,
2555 2480 2764 2534 etiamsi
2798 2481 2994 2531 factum
3025 2488 3280 2543 estcaro,
3313 2484 3411 2538 hoc

1855 2584 1958 2637 est,
1985 2574 2151 2627 nostri
2176 2572 2389 2635 similis,
2415 2581 2467 2625 et
2494 2571 2672 2624 homo.
2700 2570 2830 2622 Nam
2857 2584 2997 2629 cum,
3019 2580 3074 2620 ut
3101 2569 3410 2635 Deus,rnnlli

1856 2667 2149 2721 secundum
2176 2676 2420 2718 naturam
2444 2664 2731 2717 obnoxium
2759 2663 2831 2716 sit
2852 2664 3131 2719 mutationi
3152 2703 3167 2727 ,
3195 2680 3412 2721 manens

1858 2758 1908 2811 id
1937 2757 2076 2824 quod
2106 2764 2253 2821 erat,
2281 2766 2394 2817 est,
2425 2768 2744 2823 semperque
2774 2754 2906 2819 erit,
2939 2754 3110 2809 factus
3140 2766 3219 2809 est
3249 2754 3413 2813 Filius

1856 2846 2112 2901 hominis.
2303 2906 2306 2910 .

1930 2936 1989 2989 V.
2015 2936 2279 2989 Caeterum
2304 2935 2460 2989 simul
2493 2943 2654 3003 atque
2674 2934 2738 2989 ad
2772 2934 3019 2988 humanae
3045 2943 3249 2987 natura:
3272 2933 3417 3001 leges

1855 3028 2022 3082 semel
2047 3027 2623 3099 descendit(siquidem
2648 3042 2740 3080 sua
2771 3036 2958 3094 sponte
2984 3041 3043 3079 se
3077 3025 3419 3096 exinanivit),

184 3116 351 3194 νωσιν
379 3149 410 3202 l,
449 3134 864 3205 ύπομεμένηκεν
888 3124 1195 3194 ἀναγκαίως
1238 3122 1333 3176 καὶ
1371 3120 1622 3189 γέννησιν
1656 3116 1747 3184 τὴν

1856 3139 1957 3177 non
2000 3123 2168 3192 potuit
2201 3137 2264 3176 ex
2314 3123 2538 3176 muliere
2576 3135 2790 3190 quoque
2846 3135 2950 3174 non
2992 3120 3158 3174 nasci.
3198 3119 3312 3174 Nec
3346 3123 3415 3176 ob

186 3231 255 3281 ὲκ
282 3225 558 3296 γυναικὸς,
581 3223 679 3276 οῦκ
703 3220 875 3291 ἀρχὴν
899 3217 991 3271 τοῦ
1029 3212 1169 3269 εἶναι
1194 3212 1465 3281 λαϐούσης
1487 3209 1582 3277 τῆς
1605 3207 1753 3269 θείας

184 3318 355 3372 αὐτοῦ
381 3316 614 3386 φύσεως,
645 3314 731 3365 ὅτε
765 3310 902 3363 κατὰ
926 3307 1105 3377 σάρκα
1127 3300 1484 3373 γεγεννῆσθαι
1515 3297 1749 3364 λέγεται·

184 3411 302 3464 ἀλλ’
344 3404 412 3479 ἦν
455 3407 551 3477 μὲν
586 3406 677 3457 καὶ
710 3402 876 3462 ἔστιν,
913 3399 987 3462 ὼς
1038 3396 1193 3465 ἔφην,
1246 3395 1309 3445 ἐκ
1356 3389 1490 3443 Θεοῦ
1539 3386 1753 3479 Πατρὸς

184 3478 433 3571 φυσικῶς
458 3517 514 3550 τε
543 3498 637 3549 καὶ
664 3492 878 3564 ἀληθῶς
903 3492 931 3542 6
966 3489 1157 3556 Λόγος.
1189 3483 1408 3551 Ἐπειδὴ
1441 3481 1497 3533 δὲ
1525 3482 1625 3533 οὐκ
1656 3478 1751 3571 άν-

189 3570 409 3661 θρωπος
452 3589 636 3649 ἀπλῶς
669 3588 867 3638 νοεῖται
906 3581 1025 3633 καθ’
1072 3579 1220 3648 ἡμᾶς
1264 3578 1290 3628 6
1331 3578 1395 3628 ὲκ
1439 3572 1541 3639 τῆς
1590 3570 1752 3639 ἁγίας

185 3682 466 3753 Παρθένου
507 3674 938 3748 γεγεννημένος,
989 3670 1103 3723 ἀλλ’
1159 3668 1319 3729 αὐτὸς
1368 3664 1686 3753 σαρκωθεὶςᾼ
1724 3662 1753 3711 6

186 3750 379 3842 Λόγος,
405 3773 496 3825 καὶ
530 3771 660 3823 ἴδιον
706 3767 843 3836 ἔχων
872 3764 1029 3832 σῶμα
1060 3760 1119 3813 τὸ
1154 3760 1211 3823 ἐξ
1248 3758 1445 3826 αὐτῆς,
1470 3754 1559 3807 διὰ
1594 3750 1753 3804 τοῦτο

184 3865 409 3932 λέγεται
436 3860 797 3931 γεγεννῆσθαι
832 3854 1129 3925 σαρκικῶς,
1167 3851 1240 3913 ὡς
1267 3850 1364 3918 τῆς
1393 3846 1527 3908 ἰδίας
1553 3844 1752 3914 σαρκὸς

185 3959 285 4030 τὴν
312 3956 563 4026 γέννησιν
590 3948 977 4019 οἰκειούμενος.

257 4135 347 4199 (τ’.
393 4131 455 4183 Οἱ
500 4130 555 4183 δὲ
602 4130 852 4195 λέγοντες
891 4125 1163 4187 ἀσυνέτως
1201 4120 1459 4174 Θεοτόκον
1484 4118 1582 4171 οὐκ
1616 4112 1750 4169 εἶναι

182 4222 284 4289 τὴν
315 4219 476 4287 ἁγίαν
516 4218 810 4287 Παρθένον,
855 4214 1216 4284 ἐμπίπτουσιν
1244 4208 1553 4277 ἀναγκαίως
1582 4206 1661 4266 εἰς
1691 4203 1752 4255 τὸ

184 4312 280 4366 δύο
312 4312 493 4380 λέγειν
522 4310 671 4372 υἱούς
699 4310 807 4360 τοὶῖ
828 4306 982 4359 Θεοῦ.
1020 4306 1081 4356 Ei
1110 4304 1217 4372 γάρ
1246 4301 1319 4369 μὴ
1345 4300 1531 4351 τέτοκε
1557 4312 1747 4364 σαρκι-

185 4401 303 4465 κῶς
333 4400 680 4470 σαρκωθέντα
722 4398 853 4449 Θεὸν
885 4397 917 4465 ἡ
965 4395 1092 4461 ἁγία
1125 4393 1417 4462 Παρθένος,
1451 4387 1601 4440 πᾶσά
1633 4404 1748 4449 πως

186 4490 399 4559 ἀνάγκη
429 4491 523 4543 καὶ
543 4489 639 4557 ούχ
668 4488 889 4547 ἑκόντας
918 4486 1112 4546 αὐτοὺς
1132 4482 1429 4552 ὁμολογεῖν,
1462 4480 1543 4531 ὅτι
1570 4479 1744 4530 κοινὸν

182 4580 512 4650 γεγέννηκεν
546 4577 829 4647 ἄνθρωπον
857 4614 873 4639 ,
910 4575 1059 4627 οὐδὲν
1105 4572 1295 4642 ἔχοντα
1331 4570 1459 4639 παρ’
1503 4568 1652 4639 ἡμᾶς
1688 4567 1749 4618 τὸ

186 4672 392 4722 πλεῖον.
423 4666 557 4722 Εἶτα
585 4668 699 4731 πῶς
738 4666 885 4737 αὐτῷ
919 4664 1124 4734 κάμψει
1152 4666 1258 4715 πᾶν
1293 4662 1442 4730 γόνυ,
1475 4661 1567 4712 καὶ
1596 4660 1748 4710 ’πᾶσα

184 4759 407 4828 γλῶσσα
435 4756 907 4827 ἐξομολογήσεται,
936 4755 1017 4807 ὅτι
1046 4754 1249 4823 Κύριος
1289 4750 1490 4823 Ἰησοῦς
1516 4749 1746 4819 Χριστὸς

187 4851 265 4912 εἰς
316 4848 471 4914 δόξαν
514 4847 648 4901 Θεοῦ
692 4847 934 4914 Πατρός;
985 4846 1107 4909 Πῶς
1155 4843 1302 4913 αὐτῷ
1357 4840 1745 4911 προσκυνοῦσιν

186 4940 431 5009 ἄγγελοι,
454 4942 547 4993 καὶ
566 4939 675 4992 τῶν
707 4937 964 4990 ἀνωτάτω
993 4937 1271 5005 δυνάμεων
1290 4938 1321 5001 ή
1355 4934 1483 4999 ἁγία
1516 4929 1741 5001 πληθύς;

185 5026 314 5104 Ἆρ’
344 5026 435 5083 οὖν
464 5029 731 5099 ἀνθρώπῳ
764 5028 926 5098 κοινῷ
965 5027 1288 5097 λελάτρευκε
1320 5024 1438 5085 μεθ’
1468 5023 1623 5092 ἡμῶν
1654 5022 1743 5074 καὶ

189 5122 409 5192 σύμπας
440 5122 469 5172 6
496 5121 751 5191 οὐρανόςς
780 5120 871 5188 Μὴ
919 5120 1124 5184 γένοιτο
1144 5131 1155 5143 ·
1201 5114 1607 5185 προσκυνοῦμεν
1635 5112 1742 5183 γὰρ

185 5212 261 5274 ὡς
308 5211 438 5265 Θεὸν
484 5210 729 5280 ἀληθινὸν
775 5211 865 5261 τὸν
915 5206 1278 5277 Ἐμμανουήλ.
1311 5207 1501 5259 Ἔσται
1544 5204 1601 5256 δὲ
1648 5202 1745 5271 οὐχ

188 5300 388 5369 ἑτέρως
422 5298 810 5368 προσκυνητὸς,
840 5297 934 5349 ἐὰν
965 5298 1037 5366 μὴ
1068 5295 1428 5363 πιστεύωμεν,
1468 5295 1549 5345 ὅτι
1585 5292 1745 5353 αὐτὸς

187 5392 215 5443 6
242 5391 310 5442 ἐκ
338 5389 471 5441 Θεοῦ
507 5389 697 5455 Λόγος,
729 5390 756 5439 6
786 5386 934 5456 παρὰ
977 5386 1151 5455 πάσης
1179 5384 1274 5452 τῆς
1320 5383 1548 5443 κτίσεως
1580 5396 1745 5451 προσ-

190 5479 536 5549 κυνούμενος,
569 5478 703 5549 σὰρξ
733 5478 946 5546 ἐγένετο
968 5476 1107 5530 κατὰ
1132 5474 1228 5538 τὰς
1253 5474 1470 5544 Γραφάς
1490 5489 1502 5501 ·
1538 5472 1635 5524 ούκ
1666 5471 1745 5533 είς

196 5571 370 5641 σάρκα
400 5568 888 5639 μεταϐεϐλημένος,
915 5568 1029 5622 ἁλλ’
1064 5568 1128 5619 ἐκ
1149 5565 1246 5636 τῆς
1275 5566 1432 5632 ἁγίας
1466 5561 1739 5635 Παρθένου

1855 3214 1907 3267 id
1943 3224 2116 3267 tamen
2152 3213 2330 3267 divina
2367 3212 2509 3266 illius
2539 3220 2728 3265 natura
2769 3212 3063 3265 exsistendi
3096 3212 3411 3279 principium

1857 3314 1964 3357 tum
2007 3304 2218 3359 demum
2258 3305 2505 3373 sumpsit,
2542 3319 2662 3358 cum
2705 3303 2833 3357 illud
2861 3303 3153 3357 secundum
3200 3317 3412 3357 carnem

1856 3410 2036 3450 natum
2070 3398 2289 3451 dicitur.
2325 3397 2427 3450 Sed
2458 3396 2814 3465 fuitquidem,
2848 3395 2954 3466 45
2984 3406 3035 3449 et
3068 3405 3149 3448 est
3177 3396 3257 3463 (ut
3281 3396 3414 3465 dixi)

1854 3503 1916 3541 ex
1953 3488 2060 3542 Deo
2090 3489 2247 3542 Patre
2280 3489 2595 3542 naturaliter
2618 3497 2673 3541 et
2699 3502 2825 3541 vere
2860 3488 3115 3542 Verbum.
3151 3485 3411 3551 Quoniam

1854 3594 1982 3633 vero
2007 3580 2052 3633 is
2081 3580 2171 3648 qui
2202 3594 2268 3634 ex
2302 3594 2453 3634 sacra
2500 3580 2719 3650 Virgine
2758 3588 2917 3633 natus
2962 3589 3064 3639 est,
3114 3593 3215 3633 non
3256 3579 3417 3634 homo

1853 3672 2166 3740 simpliciter
2192 3682 2249 3725 ut
2277 3687 2394 3736 nos,
2429 3672 2519 3725 sed
2560 3672 2735 3739 ipsum
2775 3669 2867 3724 Dei
2903 3668 3130 3723 Verbum
3169 3670 3415 3723 incarna-

1852 3769 1964 3814 tum
1994 3761 2324 3831 intelligitur,
2353 3761 2491 3828 quod
2523 3774 2717 3828 corpus
2749 3775 2814 3813 ex
2844 3760 2957 3828 ipsa
2994 3769 3259 3828 sumptum
3294 3774 3413 3827 pro-

1852 3854 2029 3923 prium
2063 3852 2161 3906 sibi
2191 3852 2353 3913 fecit,
2393 3853 2519 3905 hinc
2552 3860 2635 3905 est
2674 3854 2813 3919 quod
2858 3853 3146 3905 secundum
3197 3865 3411 3903 carnem

1855 3953 2039 3996 natum
2078 3939 2294 4004 dicitur,
2330 3943 2511 3993 carnis
2548 3940 2801 3993 nimirum
2837 3941 3167 3992 nativitatem
3203 3948 3258 3991 ut
3287 3954 3413 4008 pro-

1853 4034 2022 4102 priam
2056 4034 2104 4085 in
2130 4047 2187 4086 se
2215 4035 2570 4086 transferens.

1926 4125 2009 4179 Vl.
2050 4124 2129 4177 llli
2172 4136 2349 4178 autem
2400 4128 2490 4192 qui
2545 4138 2753 4177 sacram
2803 4120 3077 4189 Virginem
3134 4120 3406 4185 Deiparam

1850 4228 1970 4269 esse
1995 4213 2239 4281 imperite
2267 4216 2483 4283 negant,
2515 4214 2616 4267 huc
2646 4214 2947 4268 necessario
2994 4212 3295 4278 adiguntur.
3343 4222 3400 4263 ut

1852 4307 1984 4359 duos
2041 4305 2134 4359 Dei
2186 4305 2324 4359 filios
2382 4305 2735 4365 constituant.
2788 4303 2919 4357 Nam
2972 4305 3013 4357 si
3052 4318 3202 4356 sacra
3248 4301 3408 4373 Virgo

1856 4394 2019 4447 Deum
2054 4394 2392 4447 incarnatum
2437 4394 2731 4447 secundum
2776 4406 2994 4446 carnem
3047 4408 3149 4445 non
3186 4398 3407 4460 peperit,

1856 4486 1936 4539 vel
1966 4485 2114 4538 inviti
2150 4486 2449 4539 concedant
2476 4491 2703 4551 Oportet,
2734 4484 3000 4538 hominem
3048 4492 3250 4536 tantum
3296 4486 3408 4537 vul-

1850 4588 2067 4641 garem,
2116 4574 2376 4641 nobisque
2426 4572 2596 4626 nihilo
2641 4571 3075 4625 excellentiorem
3128 4571 3179 4623 in
3236 4572 3403 4629 lucem

1847 4664 2098 4717 edidisse.
2143 4664 2291 4729 Quod
2350 4664 2392 4718 si
2451 4678 2537 4717 res
2583 4664 2653 4715 ita
2707 4662 2886 4723 habet,
2915 4676 3018 4731 qua
3054 4662 3277 4716 obsecro
3323 4680 3407 4716 ra-

1850 4754 2015 4817 tione,
2048 4768 2209 4807 omne
2237 4767 2374 4821 genu
2400 4752 2472 4805 illi
2508 4750 2893 4813 incurvabitur,
2928 4751 3209 4817 omnisque
3232 4751 3405 4819 lingua

1848 4843 2212 4905 conﬁtebitur,
2246 4842 2389 4909 quod
2427 4839 2684 4895 Dominus
2706 4850 2888 4893 noster
2913 4837 3072 4895 Jesus
3102 4849 3184 4895 est
3216 4841 3265 4894 in
3293 4842 3409 4909 glo-

1850 4932 1927 4983 ria
1973 4930 2065 4983 Dei
2114 4930 2289 4984 Patris
2310 4928 2394 4981 ‘5?
2440 4927 2714 4994 Quomodo
2767 4927 2975 4997 angeli,
3024 4937 3079 4981 et
3132 4944 3286 4982 sacer
3326 4930 3415 4984 ille

1852 5022 2149 5076 caelestium
2204 5021 2457 5073 virtutum
2510 5028 2684 5073 canus
2734 5019 2880 5073 illum
2930 5022 3116 5073 adoret
3138 5020 3223 5073 ‘7?
3266 5020 3411 5073 Nun-

1854 5112 1978 5181 quid
2031 5111 2301 5165 hominem
2345 5124 2712 5163 communem.
2765 5118 2818 5162 et
2853 5124 2949 5163 nos
3002 5118 3056 5163 et
3102 5110 3404 5163 universum

1851 5203 2044 5258 coelum
2114 5203 2370 5256 hactenus
2424 5200 2791 5270 percolimus?
2848 5200 3049 5254 Absit:
3117 5200 3421 5256 adoramus.

1852 5296 1994 5350 enim
2028 5292 2429 5346 Emmanuelem
2481 5302 2734 5359 tanquam
2787 5304 2971 5343 verum
3021 5289 3207 5344 Deum.
3246 5292 3405 5360 Atqui

1855 5384 1991 5439 nulla
2030 5384 2232 5435 ratione
2276 5381 2485 5434 adorari
2526 5389 2722 5449 potest,
2768 5381 2868 5433 nisi
2913 5382 3194 5434 credamus
3236 5380 3406 5450 ipsum

1852 5476 1943 5529 Dei
1972 5475 2145 5529 Patris
2168 5473 2423 5539 Verbum,
2455 5474 2593 5542 quod
2636 5474 2702 5525 ab
2747 5474 2997 5527 universa
3034 5482 3278 5526 creatura
3312 5476 3409 5526 ad-

1849 5571 2054 5626 oretur,
2089 5562 2380 5615 secundum
2425 5560 2731 5630 Scripturas
2760 5576 2975 5616 carnem
3010 5561 3207 5615 factum
3242 5573 3361 5618 esse
3390 5579 3403 5615 ι

256 5745 490 5801 "Hebr.
519 5762 576 5811 tt,
630 5747 709 5813 Μ,
752 5748 829 5801 15.
909 5747 951 5776 ⁶⁶
985 5744 1210 5813 Philipp.
1255 5760 1312 5808 ιι,
1360 5742 1438 5805 lO,
1475 5719 1565 5795 Ἡ.
1642 5743 1680 5773 ⁵⁷
1717 5739 1877 5795 Hebr.
1921 5755 1954 5807 l,
1996 5739 2049 5795 6.
