4056 6334
659 346 792 402 1207

1632 353 1690 407 S.
1727 351 1995 407 εγιιιιω
2030 354 2492 413 ALEXANDRINI
2528 360 2841 416 ARCIllEP.

3731 369 3871 422 1208

649 475 756 516 non
806 457 945 529 quod
1003 461 1057 515 in
1114 476 1334 519 carnem
1389 463 1716 519 demutatum
1771 465 2072 530 transierit,
2108 469 2194 521 sed

2309 470 2485 540 σάρκα
2519 474 2719 540 λαϐὼν,
2750 475 2824 537 ῶς
2850 474 3005 543 ἔφην,
3041 477 3134 527 καὶ
3176 479 3521 549 ἀνθρωπίνην
3554 481 3671 549 μεθ’
3710 479 3871 548 ἡμῶν

660 548 801 616 quod
836 562 902 602 ett
935 547 1047 618 ipsa
1079 564 1233 608 sacra
1266 551 1481 622 Virgine
1512 565 1725 605 carnem
1766 554 2079 620 susceperit,
2108 554 2205 607 hu-

653 653 1000 710 manamque,
1052 649 1109 696 ut
1162 650 1287 695 ante
1340 640 1636 708 expositum
1692 650 1795 705 est,
1849 642 2200 710 nativitatem,

647 729 872 797 perinde
900 747 964 787 ac
992 748 1110 794 nos,
1141 733 1428 795 subiverit;
1464 744 1570 797 quo
1604 730 1855 783 nimirum
1899 732 2061 788 homo
2103 750 2200 790 no-

2309 560 2608 630 ὐπομείνας
2657 564 2943 634 γέννησιν·
3008 564 3095 618 ἵνα
3148 570 3240 620 καὶ
3289 568 3571 639 ἄνθρωπος
3624 570 3869 636 γεγονὼς

2307 650 2448 722 ὑπὲρ
2500 654 2675 724 ἡμῶν,
2719 652 2963 723 ἀποθάνῃ
3005 654 3104 723 μὲν
3152 658 3525 729 ἀνθρωπίνως,
3560 659 3771 725 ἀναστῇ
3811 656 3868 707 δὲ

2306 740 2524 808 θεῖκῶς,
2556 747 2801 816 πατήσας
2836 743 2930 796 τοῦ
2961 743 3188 799 θανάτου
3218 750 3279 800 τὸ
3316 752 3533 820 κράτος.
3565 749 3723 803 Οὕτω
3758 750 3867 814 γὰρ

645 822 741 876 stri
779 837 938 877 causa
969 822 1188 887 factum,
1222 836 1371 875 more
1405 819 1621 887 quidem
1654 820 1883 875 aliorum
1926 824 2194 881 hominum

2303 827 2372 903 ἦν
2419 834 2675 890 δύνασθαι
2724 836 2817 889 καὶ
2856 836 3000 905 ἡμᾶς
3042 837 3116 898 ὡς
3161 839 3218 891 ἐν
3265 819 3482 912 Χριστῷ
3532 844 3867 913 νικήσαντας

648 925 873 969 mortem
905 922 1196 983 pateretur,
1239 912 1547 980 proculcato
1577 922 1754 967 autem
1798 916 1988 971 mortis
2032 918 2201 988 impe-

2311 926 2781 997 κατευμεγεθῆσαι
2819 926 2916 996 μὲν
2945 926 3042 995 τῆς
3078 928 3371 998 ἁμαρτίας,
3404 932 3781 986 ἀποδύσασθαι
3810 930 3869 981 δὲ

647 998 747 1062 rio,
777 999 955 1054 divina
993 1001 1041 1052 vi
1079 1014 1288 1053 rursum
1331 1012 1657 1070 resurgeret.
1705 1003 1814 1058 Hoc
1857 1006 1999 1060 enim
2042 1009 2194 1065 modo

2304 1012 2404 1084 τὴν
2437 1016 2661 1088 φθορὰν,
2702 1014 2795 1069 καὶ
2826 1014 3108 1083 διαδρᾶναι
3140 1016 3388 1083 θάνατον,
3421 1020 3557 1074 οὕτω
3597 1040 3657 1074 τε
3685 1024 3868 1075 εἰπεῖν

644 1085 842 1140 factum
876 1098 979 1150 est,
1012 1096 1069 1141 ut
1111 1102 1208 1141 nos
1253 1102 1469 1157 quoque
1515 1107 1610 1160 per
1656 1092 1929 1149 Christum
1965 1097 2202 1164 vincere,

641 1184 964 1245 peccatoque
1000 1176 1283 1243 debellato,
1312 1194 1374 1234 ac
1409 1184 1578 1248 posita
1634 1186 1975 1252 corruptione
1998 1224 2013 1249 ,
2054 1203 2201 1241 mor-

645 1278 748 1321 tem
776 1264 1005 1335 effugere
1038 1282 1337 1336 possemus,
1368 1270 1658 1342 lmtitiaque
1707 1274 1757 1327 in
1797 1273 2016 1329 Christo
2057 1276 2197 1344 pleni

2304 1104 2368 1157 ὲκ
2402 1107 2753 1177 περιχαρείας
2796 1107 2896 1175 τῆς
2920 1108 2978 1160 ὲν
3031 1109 3279 1179 Χριστῷ’
3312 1130 3332 1163 ι
3368 1112 3476 1164 Ποῦ
3508 1116 3539 1182 ἡ
3568 1114 3689 1185 νίκη
3731 1132 3866 1177 σου,

2302 1191 2530 1261 θάνατε;
2579 1196 2679 1249 ποῦ
2709 1196 2770 1248 τὸ
2796 1196 3018 1267 κέντρον
3050 1215 3164 1263 σου,
3196 1198 3333 1267 ᾅδης
3369 1217 3387 1248 ι
3419 1200 3627 1270 Ὥσπερ
3658 1202 3772 1270 γὰρ
3808 1203 3867 1252 ὲν

2314 1283 2485 1355 Ἀδὰμ
2526 1282 2909 1354 πεπτώκαμεν,
2955 1284 3096 1339 οὕτω
3139 1287 3497 1357 νενικήκαμεν
3529 1289 3585 1341 ὲν
3616 1288 3866 1357 Χριστῷ.

649 1360 945 1415 diceremus
974 1376 988 1413 :
1024 1379 1042 1411 ι
1082 1358 1181 1415 Ubi
1209 1371 1308 1425 est,
1342 1377 1508 1428 mors,
1548 1364 1768 1417 victoria
1814 1367 1945 1421 tua?
1991 1366 2079 1422 ubi
2110 1377 2192 1425 est
2231 1372 2483 1430 stimulus
2506 1385 2650 1442 tuus,
2689 1375 2898 1430 inferne
2922 1377 3005 1432 “i
3031 1395 3050 1430 ι
3087 1376 3154 1434 Ut
3208 1378 3348 1432 enim
3380 1377 3432 1432 in
3464 1377 3633 1432 Adam
3660 1378 3863 1432 devicti

649 1464 852 1515 sumus,
882 1448 953 1504 ita
978 1466 1187 1507 rursum
1215 1453 1268 1507 in
1300 1453 1513 1508 Christo
1546 1456 1860 1511 devicimus.

708 1539 816 1597 Vll.
849 1541 1001 1607 Quod
1030 1542 1076 1599 si
1110 1545 1345 1612 vulgaris
1377 1553 1583 1598 tantum
1621 1545 1778 1601 homo
1804 1556 1949 1602 esset
1976 1546 2193 1605 Emma-

646 1630 784 1696 nuel,
813 1634 1078 1700 quomodo
1112 1649 1254 1689 mors
1284 1635 1516 1691 hominis
1544 1635 1787 1691 humanae
1812 1647 2013 1695 natura:
2040 1656 2194 1711 opem

2375 1555 2452 1610 Z'.
2494 1557 2556 1609 Ei
2586 1556 2639 1609 δὲ
2675 1557 2957 1629 ἄνθρωπος
2994 1554 3064 1631 ἦν
3094 1559 3266 1623 κοινὸς
3298 1561 3326 1613 6
3354 1558 3713 1631 Ἐμμανουὴλ,
3744 1559 3870 1623 πῶς

2302 1645 2369 1699 ἂν
2392 1646 2637 1715 ὠφέλησε
2665 1649 2764 1718 τὴν
2806 1650 3094 1721 ἀνθρώπου
3123 1651 3281 1719 φύσιν
3313 1653 3340 1705 6
3365 1650 3649 1721 ἀνθρώπου
3697 1651 3871 1704 θάνα-

639 1722 889 1779 tulisset?
921 1723 1207 1779 Enimvero
1258 1741 1363 1780 non
1419 1727 1577 1796 pauci
1616 1736 1922 1784 sanctorum
1975 1734 2194 1800 prophe-

2301 1753 2420 1803 τος;
2471 1736 2661 1791 Καίτοι
2712 1740 2895 1794 πολλοὶ
2939 1740 3318 1812 προαπέθανον
3373 1741 3515 1809 ἆγιοι
3562 1742 3866 1811 προφῆται,

636 1813 811 1870 larum
840 1824 1067 1869 mortem
1100 1815 1373 1881 obierunt,
1404 1828 1456 1872 ut
1493 1818 1891 1874 laudatissimus
1920 1818 2009 1876 ille
2034 1823 2201 1877 Abra-

2314 1825 2561 1897 ’Λόραάμ
2610 1830 2814 1892 ἐκεῖνος
2860 1834 2887 1885 6
2931 1832 3244 1901 διαϐόητος,
3282 1831 3484 1892 Ἰσαὰκ,
3515 1833 3609 1884 καὶ
3645 1830 3866 1894 Ἰακὼϐ,

636 1908 783 1971 ham,
839 1904 1006 1970 Isaae,
1056 1906 1259 1974 Jacob,
1306 1908 1548 1978 Moyses,
1601 1908 1848 1973 Samuel,
1901 1912 2194 1981 reliquique

2299 1916 2501 1987 Μωσῆς
2531 1934 2613 1981 τε,
2646 1921 2741 1973 καὶ
2770 1922 3021 1993 Σαμουὴλ
3046 1960 3061 1984 ,
3097 1924 3189 1975 καὶ
3231 1922 3278 1972 oi
3323 1921 3554 1990 καθεξῆς
3577 1922 3867 1989 γεγονότες

636 1997 906 2066 deinceps,
942 1998 1033 2066 qui
1064 1999 1186 2052 vitae
1218 2001 1575 2055 sanctimonia
1601 2000 1906 2054 claruerunt
1933 2020 1946 2067 ;
1978 2019 2197 2060 verum-

638 2096 814 2143 tamen
855 2105 997 2143 mors
1056 2089 1269 2144 illorum
1304 2093 1483 2157 generi
1536 2090 1771 2145 humano
1803 2090 1933 2145 nihil
1977 2095 2197 2147 omnino

632 2179 859 2234 contulit
889 2195 903 2231 :
939 2190 995 2233 at
1044 2194 1172 2234 vero
1204 2196 1352 2235 mors
1399 2179 1596 2234 Christi
1631 2180 1854 2234 salutem
1909 2186 2193 2251 praestitit;

636 2273 896 2339 siquidem
926 2270 1195 2341 propriam
1225 2285 1325 2340 pro
1364 2271 1517 2325 nobis
1562 2270 1672 2342 46
1716 2287 1932 2326 carnem
1979 2275 2193 2337 obtulit,

636 2359 903 2427 mortique
933 2357 1278 2427 semetipsum
1305 2359 1472 2413 nostri
1502 2374 1662 2412 eausa
1700 2366 2042 2425 contradens,
2077 2377 2195 2415 om-

635 2465 732 2503 nes
755 2464 820 2505 ex
862 2449 1053 2503 mortis
1086 2446 1288 2517 laqueis
1322 2450 1543 2503 exemit.
1598 2448 1747 2504 Unus
1777 2450 1919 2505 enim
1956 2466 2051 2520 pro
2079 2467 2194 2505 oin-

634 2541 791 2596 nibus
824 2539 1060 2595 moriens
1103 2539 1382 2604 satisfecit,
1437 2551 1493 2593 ut
1533 2541 1619 2608 qui
1657 2541 1942 2609 plurimum
1987 2542 2194 2595 creteris

633 2635 883 2689 omnibus
942 2634 1201 2704 dignitate
1252 2642 1551 2707 praestaret.
1605 2632 1740 2690 Nam
1780 2644 1832 2689 et
1882 2635 1974 2689 Dei
2022 2637 2194 2694 Patris

638 2724 865 2779 Verbum
900 2734 1005 2790 est,
1048 2734 1103 2780 et
1155 2734 1341 2779 natura
1388 2726 1547 2792 Deus,
1592 2738 1646 2782 et
1681 2741 1875 2794 corpus
1915 2732 2053 2797 quod
2099 2745 2194 2798 pro

636 2819 789 2873 nobis
822 2817 871 2871 in
900 2818 1118 2872 odorem
1149 2819 1431 2873 suavitatis
1475 2817 1580 2873 Deo
1624 2828 1678 2872 et
1722 2817 1864 2873 Patri
1910 2819 2190 2886 oﬂ‘erebat,

2300 2004 2444 2071 ἆγιοι
2464 2021 2477 2034 ·
2511 2004 2624 2057 ἀλλ’
2647 2006 2821 2077 ὢνησε
2864 2010 2960 2079 μὲν
2990 2011 3139 2063 οὐδὲν
3168 2010 3227 2062 τὸ
3254 2009 3345 2060 ἐπὶ
3374 2009 3476 2076 γῆς
3508 2008 3614 2060 τῶν
3644 2008 3868 2078 ἀνθρώ-

2299 2112 2415 2147 πων
2445 2093 2597 2161 γένος
2629 2096 2657 2148 6
2691 2097 2913 2153 ἐκείνων
2942 2100 3189 2163 Θάνατος,
3212 2098 3416 2165 σέσωκε
3445 2098 3500 2149 δὲ
3528 2098 3555 2149 6
3580 2097 3820 2168 Χριστοῦ
3848 2116 3863 2125 ·

2299 2185 2704 2256 προσκεκόμικε
2741 2189 2850 2258 γάρ
2886 2189 3022 2261 ὑπὲρ
3056 2189 3211 2260 ήμῶν
3240 2189 3335 2257 τὴν
3364 2186 3498 2239 ἰδίαν
3544 2189 3742 2255 σάρκα,
3769 2189 3867 2239 καὶ

2295 2275 2418 2339 δοὺς
2448 2275 2648 2347 αὐτὴνὲ
2709 2276 2785 2347 τῷ
2814 2278 3028 2349 θανάτῳ
3073 2280 3140 2332 δι’
3182 2280 3349 2348 ἡμᾶς,
3390 2278 3596 2341 πάντας
3627 2277 3865 2345 ὲξείλετε

2293 2366 2403 2419 τῶν
2449 2368 2541 2423 τοῦ
2587 2368 2814 2422 θανάτου
2863 2369 3097 2438 δεσμῶν.
3144 2370 3381 2439 Ἤρκεσε
3432 2367 3541 2439 γάρ
3596 2365 3676 2431 εἷς
3722 2369 3865 2436 ὑπὲρ

2296 2456 2515 2510 πάντων
2563 2456 2848 2511 ἀποθανὼν
2905 2462 2932 2511 6
2983 2460 3199 2516 πάντων
3244 2460 3571 2531 ἀξιώτερος,
3627 2461 3713 2512 ὅτι
3768 2460 3867 2512 καὶ

2298 2546 2458 2615 φύσει
2493 2549 2625 2612 Θεὸς
2652 2549 2682 2601 6
2709 2550 2774 2602 ὲκ
2802 2550 3011 2619 Πατρός
3043 2554 3158 2605 ἐστι
3184 2553 3377 2620 Λόγος,
3407 2569 3499 2605 και
3534 2551 3665 2604 ίδιον
3696 2549 3863 2603 αὐτοῦ

2297 2635 2477 2704 σῶμα,
2506 2637 2566 2689 τὸ
2598 2637 2730 2709 Σοπὲρ
2763 2637 2920 2709 ἡμῶν
2950 2641 3029 2701 είς
3054 2640 3229 2710 ὀσμὴν
3257 2641 3482 2704 εὐωδίας
3512 2641 3590 2712 τῷ
3614 2640 3736 2709 Θεῷ
3767 2640 3865 2693 καὶ

2297 2726 2473 2796 Πατρὶ
2505 2728 3063 2799 προσκεκομισμένον.
3111 2729 3320 2783 Οὐκοῦν
3367 2731 3560 2793 ἀσεϐὲς
3582 2771 3596 2793 ,
3629 2730 3726 2783 καὶ
3753 2729 3865 2781 τῶν

2294 2816 2414 2869 λίαν
2448 2818 2860 2883 ὲκτοπωτάτων,
2891 2818 2953 2871 τὸ
2976 2818 3192 2892 τέμνειν
3219 2821 3295 2884 ei;
3330 2821 3478 2884 υἱοὺς
3510 2820 3611 2875 δύο
3644 2820 3733 2874 τὸν
3763 2821 3863 2872 ἕνα

634 2913 773 2969 illius
813 2913 1086 2982 proprium
1141 2910 1260 2967 fuit.
1319 2908 1539 2980 lmpium
1582 2921 1666 2966 est
1712 2926 1875 2982 ergo,
1930 2912 2194 2981 longeque

2299 2906 2496 2981 Ινὶὁπριον
2529 2909 2735 2981 Ἰησοῦν
2780 2912 3031 2983 Χριστόν.
3069 2913 3434 2978 Ἀντιτάξεται
3475 2912 3531 2965 δὲ
3563 2913 3747 2974 αὐτοῖς
3772 2912 3865 2963 κιύ⁸

630 3002 1098 3067 absurdissimum,
1151 3017 1318 3057 unum
1378 3002 1660 3057 Dominum
1713 3012 1952 3059 nostrum
2007 3000 2186 3059 Jesum

2299 3000 2326 3054 6
2354 3000 2660 3070 σοφώτατος
2694 3002 2905 3066 Παῦλος
2936 3002 3143 3071 λέγων·
3184 3022 3202 3057 ι
3244 3000 3339 3067 Εἷς
3374 3003 3598 3073 Κύριος,
3630 3004 3731 3073 μία
3770 3003 3865 3053 πί-

632 3094 905 3151 Cbristum
936 3092 989 3146 in
1018 3093 1151 3147 duos
1182 3093 1320 3148 filios
1361 3092 1632 3160 divellere,
1660 3095 1894 3149 maxime
1941 3111 2061 3149 cum
2105 3110 2191 3150 sa-

2299 3109 2435 3157 στις,
2478 3091 2536 3145 ἓν
2568 3093 2871 3166 βάπτισμα.
2913 3114 2930 3147 ›
2967 3095 3031 3149 Ei
3058 3096 3164 3167 γάρ
3208 3095 3321 3147 ἐστι
3356 3094 3559 3163 Κύριος
3594 3088 3675 3155 εἷς
3746 3087 3867 3146 εἶτα

632 3184 1005 3256 pientissimus
1037 3183 1234 3239 Paulus
1279 3183 1403 3238 huic
1441 3186 1725 3240 sententiae
1774 3185 1975 3240 diserte
2018 3187 2191 3241 recla-

2299 3184 2555 3253 τέμνουσί
2578 3203 2721 3248 τινες
2758 3188 2837 3251 είς
2868 3186 2961 3241 δύο
2994 3187 3141 3249 υἱοὺς
3182 3185 3273 3239 τὸν
3305 3184 3423 3248 ἕνα,
3462 3184 3571 3236 τίνι
3616 3183 3720 3253 τὴν
3765 3183 3866 3252 τῆς

634 3288 759 3332 inet.
791 3279 878 3332 Ait
916 3277 1059 3331 enim
1093 3293 1108 3330 :
1148 3294 1166 3329 t
1209 3275 1359 3332 Unus
1390 3276 1669 3341 Dominus,
1706 3293 1811 3331 una
1848 3277 2001 3341 ﬁdes,
2027 3293 2191 3332 unum

632 3368 895 3436 baptisma
920 3368 963 3399 “
1026 3385 1045 3420 ι
1083 3364 1214 3421 Nam
1242 3367 1287 3421 si
1320 3382 1460 3422 unus
1495 3367 1754 3421 duntaxat
1789 3377 1871 3422 est
1910 3368 2189 3433 Dominus,

632 3474 789 3526 quem
821 3458 892 3513 illi
926 3459 980 3514 in
1012 3460 1145 3513 duos
1180 3459 1319 3513 ﬁlios
1344 3460 1696 3525 distrahunt,
1722 3458 1853 3523 utri,
1891 3472 2097 3527 quaeso,
2122 3472 2189 3512 ex

633 3550 742 3606 illis
786 3548 1168 3604 dominationis
1206 3549 1428 3619 gloriam
1474 3549 1911 3619 assignabimus?
1972 3553 2051 3603 Au
2101 3548 2191 3602 Dei

632 3640 808 3697 Patris
838 3642 1019 3710 genito
1047 3639 1261 3696 Verbo?
1285 3641 1338 3694 in
1374 3641 1516 3694 hunc
1543 3655 1792 3710 namque,
1819 3655 1939 3694 cum
1978 3641 2191 3693 univer-

632 3746 812 3786 sorum
838 3729 1096 3785 Dominus
1125 3720 1300 3798 reip'sa
1331 3729 1436 3792 sit,
1460 3738 1514 3783 et
1547 3730 1850 3783 dominatus
1881 3743 2107 3792 nomen,
2138 3738 2191 3782 et

632 3838 719 3881 res
753 3822 869 3891 ipsa
900 3835 1115 3891 quoque
1148 3821 1315 3875 multo
1346 3824 1578 3876 maxime
1606 3820 1881 3875 convenit.
1915 3820 2059 3874 Cedo
2094 3835 2189 3872 au-

633 3926 764 3979 tem,
802 3928 909 3983 quo
937 3912 1151 3967 interim
1201 3914 1319 3967 loco
1368 3912 1595 3967 alterum
1642 3910 1792 3965 illum
1832 3909 2191 3965 habebimus?

631 4004 763 4058 Nam
798 4018 919 4058 cum
968 4003 1057 4058 hic
1099 4002 1262 4072 priori
1314 4003 1415 4067 illi,
1460 4009 1647 4071 utpote
1693 4000 1919 4056 inﬁnitis
1949 3999 2191 4069 partibus

630 4093 937 4160 excelsiori,
972 4093 1093 4163 jure
1128 4092 1427 4161 meritoque
1471 4106 1723 4147 cessurus
1760 4093 1854 4157 sit,
1904 4104 2186 4147 necessum

630 4195 715 4240 est
772 4193 830 4239 ut
876 4183 1257 4240 dominationis
1309 4183 1519 4253 titulum
1567 4197 1792 4251 prorsus
1839 4182 2069 4237 amittat.
2123 4185 2193 4235 At

629 4274 1010 4331 dominationis
1041 4274 1247 4345 gloria,
1290 4283 1347 4328 ut
1386 4274 1460 4327 illi
1507 4274 1607 4343 ipsi
1645 4274 1735 4343 qui
1777 4283 2049 4341 separant,
2107 4273 2191 4327 di-

2295 3276 2615 3345 κυριότητος
2640 3276 2796 3342 δόξαν
2827 3277 3227 3349 περιθήσομεν;
3274 3273 3384 3347 ἄρα
3428 3275 3506 3346 τῷ
3550 3275 3616 3327 ἐκ
3651 3274 3867 3342 Πατρδς

2295 3364 2457 3432 φύντι
2503 3366 2693 3437 Λόγῳ;
2726 3367 2930 3438 πρέπει
2979 3368 3089 3439 γὰρ
3134 3366 3279 3436 αὐτῷ
3307 3367 3365 3420 τὸ
3394 3367 3491 3435 τῆς
3539 3364 3869 3434 κυριότητος

2294 3453 2468 3525 ὅνομά
2492 3472 2549 3509 τε
2585 3457 2819 3528 μάλιστα
2846 3457 2937 3511 καὶ
2962 3456 3171 3527 χρῆμα,
3199 3455 3295 3509 καὶ
3324 3453 3467 3507 ἔστιν
3505 3453 3726 3522 ἀληθῶς
3755 3452 3867 3505 τῶν

2294 3546 2433 3599 ὅλων
2463 3548 2758 3617 Δεσπότης.
2794 3542 2927 3601 Εἶτα
2961 3548 3084 3601 ὅποι
3112 3546 3242 3599 ποτὲ
3269 3547 3359 3599 τὸν
3386 3545 3570 3617 ἕτερον
3590 3546 3865 3616 θήσομεν;

2295 3636 2400 3701 ἔξω
2449 3636 2556 3710 γὰρ
2586 3638 2829 3693 κείσεται
2859 3638 2953 3693 τοῦ
2982 3635 3118 3693 εἶναι
3156 3638 3382 3708 Κύριος,
3405 3638 3755 3709 παραχωρῶν
3790 3637 3868 3704 τῷ

2296 3729 2726 3800 προῦπάρχοντι,
2768 3730 2863 3783 καὶ
2896 3729 3241 3800 ἀσυγκρίτως
3278 3728 3663 3798 ὕπερηρμένῳ.
3702 3726 3869 3779 Ἀλλὰ

2294 3820 2373 3891 τῷ
2403 3820 2467 3873 ὲκ
2496 3821 2771 3889 γυναικὸς,
2802 3820 2876 3884 ὡς
2909 3821 3059 3874 αὐτοί
3102 3836 3264 3889 φασιν
3300 3818 3735 3881 ἀποδιιστάντες,
3767 3817 3870 3879 τὴν

2294 3913 2395 3981 τῆς
2448 3910 2764 3982 κυριότητος
2812 3911 3089 3981 ἀνάψομεν
3127 3910 3300 3974 δόξαν.
3353 3904 3489 3963 Εἶτα
3539 3908 3660 3971 πῶς
3711 3908 3870 3960 ἔσται.

2294 4000 2498 4071 Κύριος
2539 4003 2566 4053 6
2606 4001 2670 4054 ἐκ
2709 4000 2844 4053 Θεοῦ
2878 4001 3091 4071 Πατρός
3129 4000 3321 4068 Λόγος,
3373 4001 3526 4069 εἴπερ
3559 3999 3712 4061 ὄντος
3744 3998 3868 4059 ἑνὸς

2292 4090 2521 4159 Κυρίου,
2555 4090 2696 4142 κατὰ
2738 4090 2838 4153 τὰς
2883 4090 2923 4144 Γ
2929 4090 3141 4161 ραφάς,
3187 4088 3459 4161 ἀνθρώπῳ
3488 4088 3629 4158 ψιλῷ
3664 4088 3728 4140 τὸ
3762 4088 3868 4156 τῆς

2294 4180 2610 4251 κυριότητος
2634 4180 2803 4252 δνομα
2826 4179 3198 4251 χαριούμεθα;
3246 4180 3368 4243 Πῶς
3405 4179 3461 4232 δὲ
3492 4178 3585 4246 καὶ
3635 4177 3735 4247 μία
3772 4178 3868 4228 πί-

2296 4288 2447 4337 στις;
2475 4271 2509 4342 ἢ
2539 4271 2655 4335 πῶς
2680 4271 2736 4325 ἓν
2760 4272 2820 4325 τὸ
2845 4271 3157 4343 parti-rictu;
3189 4272 3255 4325 Ei
3282 4272 3389 4342 γὰρ
3417 4272 3522 4324 υἱοὶ
3549 4268 3670 4334 δύο,
3718 4270 3868 4321 κατά

629 4376 785 4430 eunt,
814 4381 846 4421 e
879 4367 1101 4422 muliere
1131 4373 1392 4437 prognato
1422 4365 1707 4419 tribuetur.
1737 4362 1871 4418 Cum
1912 4363 2076 4431 igitur
2103 4378 2191 4418 sa-

2299 4380 2469 4426 τινας,
2512 4363 2592 4426 είς
2629 4362 2751 4415 τίνα
2797 4362 3157 4433 πιστεύομεν;
3200 4361 3313 4433 Τῆς
3352 4360 3572 4414 ἐκείνων
3618 4358 3864 4428 ἀμαθίας

628 4470 843 4511 crarum
894 4456 1224 4511 Litterarum
1277 4455 1613 4519 testimonio,
1652 4471 1793 4510 unus
1844 4466 2055 4509 tantum
2114 4456 2187 4509 sit

2299 4452 2455 4523 ἔργον
2495 4452 2561 4506 ἂν
2593 4451 2676 4523 εἴη
2706 4452 2905 4520 λέγειν,
2954 4453 3032 4517 εἷς
3062 4470 3115 4522 γι
3169 4453 3314 4517 τίνος
3373 4452 3543 4523 δνομα
3593 4450 3863 4522 βεϐαπτί-

628 4548 925 4613 Dominus;
957 4548 1005 4602 si
1032 4546 1414 4601 dominationis
1456 4545 1768 4601 vocabulum
1801 4547 1943 4601 nudo
1980 4545 2185 4602 homini

2299 4543 2490 4613 σμεοα,
2523 4544 2696 4598 καίτοι
2730 4544 3100 4616 βαπτίσματος
3137 4545 3287 4609 ὄντος
3316 4545 3451 4607 ἑνός.

630 4638 993 4711 itnpartimur,
1050 4641 1322 4708 quomodo
1360 4639 1454 4694 Dei
1497 4638 1672 4693 Patris
1734 4640 1969 4694 Verbum
2027 4637 2408 4694 dominationis
2469 4637 2825 4706 appellatione
2872 4638 3686 4706 cohunestabimus?Quomodo
3733 4651 3866 4691 rur-

628 4746 745 4784 sum
796 4745 897 4785 una
929 4730 1032 4785 erit
1062 4730 1214 4793 tides,
1241 4742 1296 4786 et
1343 4749 1505 4787 unum
1560 4734 1688 4788 item
1742 4732 2046 4802 baptisma?
2084 4732 2214 4787 Nam
2259 4733 2303 4786 si
2335 4732 2438 4786 duo
2488 4738 2612 4785 sunt
2642 4730 2758 4795 lilii,
2802 4739 2859 4784 ut
2898 4730 3115 4800 quidam
3152 4732 3458 4801 opinantur,
3496 4732 3548 4785 in
3582 4744 3742 4799 quem
3793 4744 3866 4785 ex

630 4823 734 4879 illis
769 4820 1078 4878 credimus?
1114 4821 1327 4877 illorum
1372 4825 1599 4881 inscitiae
1639 4826 1745 4881 erit
1793 4826 2002 4892 dicere,
2040 4824 2093 4879 in
2132 4824 2285 4895 cujus
2322 4822 2484 4879 etiam
2532 4821 2749 4878 nomine
2819 4821 3075 4891 baptizati
3136 4836 3359 4889 sumus,
3412 4837 3535 4877 cum
3585 4836 3751 4875 unum
3793 4822 3872 4876 sit

630 4915 917 4982 baptisma.

700 5008 833 5063 Vill.
867 5006 1119 5080 lntelligit
1146 5009 1431 5079 prudentia
1470 5017 1648 5064 vestra
1693 5011 1975 5081 perspicue
1996 5053 2011 5078 ,
2043 5010 2183 5065 iusa-

2368 5010 2450 5063 H’.
2487 5008 2623 5062 Ἀλλ’
2653 5008 2755 5078 ὁρᾷ
2787 5025 2890 5061 που
2915 5007 3131 5072 πάντως
3170 5009 3205 5079 ἡ
3234 5008 3292 5061 ὲν
3320 5008 3447 5078 ὑμῖν
3485 5007 3729 5077 ἀγχίνοια
3771 5026 3872 5078 με-

632 5116 754 5155 nam
785 5100 925 5154 hanc
956 5099 1254 5154 doctrinam
1293 5100 1343 5154 in
1380 5114 1626 5169 magnam
1674 5101 2055 5153 absurditateut
2106 5100 2191 5154 in-

2300 5098 2498 5152 θύοντά
2522 5116 2581 5153 τε
2632 5098 2723 5151 τὸν
2753 5100 2847 5153 ἐπὶ
2878 5098 3050 5169 τούτῳ
3086 5097 3263 5167 λόγον,
3300 5099 3406 5151 ’καὶ
3437 5098 3869 5167 καταπιόμενον

627 5191 855 5256 clinare,
888 5191 997 5244 imo
1024 5206 1153 5247 vero
1189 5191 1240 5245 iu
1279 5202 1574 5245 extremam
1631 5192 1958 5260 impietatem
2004 5194 2192 5262 praeci-

2299 5191 2374 5253 εἴς
2398 5206 2462 5257 γε
2510 5190 2570 5242 τὸ
2603 5189 2853 5257 ἀκαλλὲς,
2907 5190 3103 5260 μᾶλλον
3147 5190 3247 5260 ήδη
3297 5192 3391 5242 καὶ
3438 5190 3573 5258 πρὸς
3617 5190 3867 5259 ἐσχάτην

629 5277 790 5348 pitem
821 5277 973 5332 ferri.
1002 5277 1261 5334 Existimo
1290 5289 1466 5334 autem
1495 5294 1607 5347 vos,
1636 5294 1756 5350 qua:
1788 5281 2025 5335 divinum
2059 5281 2188 5337 illud

2300 5282 2551 5337 ἀσέσειαν
2574 5280 3164 5356 ἀπονενευκότα.οῐμαι
3185 5282 3242 5336 δὲ
3265 5280 3372 5335 δεῖν
3388 5282 3413 5323 ι
3437 5282 3599 5352 ὑμᾶς,
3622 5282 3684 5334 τὸ
3710 5281 3867 5335 θεῖον

710 5432 755 5463 ⁸³
789 5432 960 5490 lCor.
994 5449 1085 5499 xv,
1121 5433 1207 5486 l5.
1286 5436 1329 5465 ⁶⁹
1356 5434 1526 5504 pres
1556 5450 1630 5500 tv,
1656 5436 1708 5492 ὅ.

1698 5592 1869 5648 Varia:
1900 5596 2154 5652 lectiones
2194 5599 2394 5655 codicis
2427 5601 2781 5673 Seguieriani.

708 5725 723 5780 ὲ
762 5724 966 5783 ἔαυτόν.
1004 5726 1164 5780 αὐτόν
1195 5726 1246 5781 in
1270 5741 1370 5782 tus.
1405 5726 1773 5797 chuieriuuo.
1855 5729 1877 5769 ι
1904 5730 1986 5800 δή.
