  <div class='ocr_page' id='page_1' title='image "/cluster/home/n/w/nwhite01/storage/ocr_20150623/76/pst.000005712755/632.png"; bbox 0 0 4056 6334; ppageno 0'>
   <div class='ocr_carea' id='block_1_1' title="bbox 191 383 1726 459">
    <p class='ocr_par' dir='ltr' id='par_1_1' title="bbox 191 383 1726 451">
     <span class='ocr_line' id='line_1_1' title="bbox 191 383 1726 451; baseline 0.006 -14"><span class='ocrx_word' id='word_1_1' title='bbox 191 383 332 442; x_wconf 74' lang='grc'><strong>1209</strong></span> <span class='ocrx_word' id='word_1_2' title='bbox 1280 389 1365 441; x_wconf 83' lang='lat' dir='ltr'><strong>DE</strong></span> <span class='ocrx_word' id='word_1_3' title='bbox 1413 392 1636 451; x_wconf 78' lang='lat' dir='ltr'><strong>RECTA</strong></span> <span class='ocrx_word' id='word_1_4' title='bbox 1675 396 1726 448; x_wconf 81' lang='lat' dir='ltr'><strong>F1</strong></span> 
     </span>
    </p>
   </div>
   <div class='ocr_carea' id='block_1_2' title="bbox 1828 383 3388 459">
    <p class='ocr_par' dir='ltr' id='par_1_2' title="bbox 1828 398 3388 459">
     <span class='ocr_line' id='line_1_2' title="bbox 1828 398 3388 459; baseline 0.006 -10"><span class='ocrx_word' id='word_1_5' title='bbox 1828 434 1829 441; x_wconf 59' lang='grc' dir='ltr'><strong>η</strong></span> <span class='ocrx_word' id='word_1_6' title='bbox 1869 398 1959 450; x_wconf 81' lang='lat' dir='ltr'><strong>AD</strong></span> <span class='ocrx_word' id='word_1_7' title='bbox 2004 398 2321 454; x_wconf 73' lang='lat' dir='ltr'><strong>REGINAS.</strong></span> <span class='ocrx_word' id='word_1_8' title='bbox 3252 404 3388 459; x_wconf 73' lang='grc' dir='ltr'><strong>ιειο</strong></span> 
     </span>
    </p>
   </div>
   <div class='ocr_carea' id='block_1_3' title="bbox 187 490 1726 581">
    <p class='ocr_par' dir='ltr' id='par_1_3' title="bbox 187 490 1726 566">
     <span class='ocr_line' id='line_1_3' title="bbox 187 490 1726 566; baseline 0.006 -23"><span class='ocrx_word' id='word_1_9' title='bbox 187 490 354 544; x_wconf 81' lang='grc' dir='ltr'>αὑτοῦ</span> <span class='ocrx_word' id='word_1_10' title='bbox 402 493 962 559; x_wconf 79' lang='grc' dir='ltr'>πολυπραγμονοόσας</span> <span class='ocrx_word' id='word_1_11' title='bbox 1007 498 1321 566; x_wconf 69' lang='grc' dir='ltr'>μυστήριον,</span> <span class='ocrx_word' id='word_1_12' title='bbox 1366 498 1476 560; x_wconf 74' lang='grc' dir='ltr'><strong>ὀξεῖ</strong></span> <span class='ocrx_word' id='word_1_13' title='bbox 1514 501 1726 555; x_wconf 64' lang='grc' dir='ltr'>διανοίας</span> 
     </span>
    </p>
   </div>
   <div class='ocr_carea' id='block_1_4' title="bbox 1828 490 3391 581">
    <p class='ocr_par' dir='ltr' id='par_1_4' title="bbox 1852 508 3391 581">
     <span class='ocr_line' id='line_1_4' title="bbox 1852 508 3391 581; baseline 0.004 -20"><span class='ocrx_word' id='word_1_14' title='bbox 1852 508 2047 562; x_wconf 91' lang='lat' dir='ltr'><strong>Christi</strong></span> <span class='ocrx_word' id='word_1_15' title='bbox 2100 511 2415 577; x_wconf 70' lang='lat' dir='ltr'><strong>mysterium</strong></span> <span class='ocrx_word' id='word_1_16' title='bbox 2468 511 2767 563; x_wconf 71' lang='lat' dir='ltr'><strong>accuratius</strong></span> <span class='ocrx_word' id='word_1_17' title='bbox 2812 511 3139 580; x_wconf 86' lang='lat' dir='ltr'><strong>expenditis,</strong></span> <span class='ocrx_word' id='word_1_18' title='bbox 3188 516 3391 581; x_wconf 82' lang='lat' dir='ltr'><strong>perspi-</strong></span> 
     </span>
    </p>
   </div>
   <div class='ocr_carea' id='block_1_5' title="bbox 188 577 1726 670">
    <p class='ocr_par' dir='ltr' id='par_1_5' title="bbox 188 577 1726 653">
     <span class='ocr_line' id='line_1_5' title="bbox 188 577 1726 653; baseline 0.001 -20"><span class='ocrx_word' id='word_1_19' title='bbox 188 579 396 648; x_wconf 74' lang='grc' dir='ltr'>ὄμματι</span> <span class='ocrx_word' id='word_1_20' title='bbox 441 577 677 647; x_wconf 73' lang='grc' dir='ltr'>καθορᾷ-θ</span> <span class='ocrx_word' id='word_1_21' title='bbox 721 580 845 641; x_wconf 79' lang='grc' dir='ltr'><strong>τοὺς</strong></span> <span class='ocrx_word' id='word_1_22' title='bbox 895 586 1257 653; x_wconf 74' lang='grc' dir='ltr'><strong>συναρπάζειν</strong></span> <span class='ocrx_word' id='word_1_23' title='bbox 1293 585 1605 651; x_wconf 77' lang='grc' dir='ltr'>ἐθέλοντας,</span> <span class='ocrx_word' id='word_1_24' title='bbox 1648 594 1726 645; x_wconf 63' lang='grc' dir='ltr'>και</span> 
     </span>
    </p>
   </div>
   <div class='ocr_carea' id='block_1_6' title="bbox 1828 577 3395 670">
    <p class='ocr_par' dir='ltr' id='par_1_6' title="bbox 1844 598 3395 670">
     <span class='ocr_line' id='line_1_6' title="bbox 1844 598 3395 670; baseline 0.003 -21"><span class='ocrx_word' id='word_1_25' title='bbox 1844 598 1957 650; x_wconf 88' lang='lat' dir='ltr'><strong>caci</strong></span> <span class='ocrx_word' id='word_1_26' title='bbox 1991 600 2185 651; x_wconf 87' lang='lat' dir='ltr'><strong>mentis</strong></span> <span class='ocrx_word' id='word_1_27' title='bbox 2220 601 2376 653; x_wconf 88' lang='lat' dir='ltr'><strong>oculo</strong></span> <span class='ocrx_word' id='word_1_28' title='bbox 2414 601 2531 653; x_wconf 87' lang='lat' dir='ltr'><strong>illos</strong></span> <span class='ocrx_word' id='word_1_29' title='bbox 2567 602 2956 665; x_wconf 83' lang='lat' dir='ltr'><strong>internoscere,</strong></span> <span class='ocrx_word' id='word_1_30' title='bbox 2994 602 3082 670; x_wconf 90' lang='lat' dir='ltr'><strong>qui</strong></span> <span class='ocrx_word' id='word_1_31' title='bbox 3131 602 3395 668; x_wconf 89' lang='lat' dir='ltr'><strong>impostu-</strong></span> 
     </span>
    </p>
   </div>
   <div class='ocr_carea' id='block_1_7' title="bbox 189 667 1726 757">
    <p class='ocr_par' dir='ltr' id='par_1_7' title="bbox 189 667 1726 754">
     <span class='ocr_line' id='line_1_7' title="bbox 189 667 1726 754; baseline 0.012 -38"><span class='ocrx_word' id='word_1_32' title='bbox 189 670 528 735; x_wconf 81' lang='grc' dir='ltr'>προσωπεῖον</span> <span class='ocrx_word' id='word_1_33' title='bbox 559 667 661 735; x_wconf 83' lang='grc' dir='ltr'><strong>μὲν</strong></span> <span class='ocrx_word' id='word_1_34' title='bbox 711 668 929 731; x_wconf 78' lang='grc' dir='ltr'>εὐσεϐὲς</span> <span class='ocrx_word' id='word_1_35' title='bbox 962 675 1072 735; x_wconf 85' lang='grc' dir='ltr'>τοῖς</span> <span class='ocrx_word' id='word_1_36' title='bbox 1106 675 1255 737; x_wconf 83' lang='grc' dir='ltr'>ίδίοις</span> <span class='ocrx_word' id='word_1_37' title='bbox 1285 676 1726 754; x_wconf 78' lang='grc' dir='ltr'>περιπλάττονται</span> 
     </span>
    </p>
   </div>
   <div class='ocr_carea' id='block_1_8' title="bbox 1828 667 3392 757">
    <p class='ocr_par' dir='ltr' id='par_1_8' title="bbox 1844 667 3392 757">
     <span class='ocr_line' id='line_1_8' title="bbox 1844 667 3392 757; baseline 0.001 -18"><span class='ocrx_word' id='word_1_38' title='bbox 1844 701 1961 739; x_wconf 86' lang='lat' dir='ltr'><strong>ram</strong></span> <span class='ocrx_word' id='word_1_39' title='bbox 1990 686 2300 751; x_wconf 87' lang='lat' dir='ltr'><strong>moliuntur,</strong></span> <span class='ocrx_word' id='word_1_40' title='bbox 2330 690 2668 757; x_wconf 78' lang='lat' dir='ltr'><strong>orationique</strong></span> <span class='ocrx_word' id='word_1_41' title='bbox 2708 703 2816 742; x_wconf 74' lang='lat' dir='ltr'><strong>sua:</strong></span> <span class='ocrx_word' id='word_1_42' title='bbox 2863 667 3074 757; x_wconf 79' lang='lat' dir='ltr'><strong>pietatis</strong></span> <span class='ocrx_word' id='word_1_43' title='bbox 3110 667 3392 757; x_wconf 76' lang='lat' dir='ltr'><strong>personam</strong></span> 
     </span>
    </p>
   </div>
   <div class='ocr_carea' id='block_1_9' title="bbox 189 748 1743 832">
    <p class='ocr_par' dir='ltr' id='par_1_9' title="bbox 189 748 1743 832">
     <span class='ocr_line' id='line_1_9' title="bbox 189 748 1743 832; baseline 0.008 -24"><span class='ocrx_word' id='word_1_44' title='bbox 189 756 390 823; x_wconf 80' lang='grc' dir='ltr'><strong>λόγοις,</strong></span> <span class='ocrx_word' id='word_1_45' title='bbox 423 755 625 824; x_wconf 81' lang='grc' dir='ltr'>βολίδος</span> <span class='ocrx_word' id='word_1_46' title='bbox 648 772 708 823; x_wconf 85' lang='grc' dir='ltr'><strong>γε</strong></span> <span class='ocrx_word' id='word_1_47' title='bbox 738 756 842 828; x_wconf 82' lang='grc' dir='ltr'><strong>μὴν</strong></span> <span class='ocrx_word' id='word_1_48' title='bbox 873 760 1084 831; x_wconf 85' lang='grc' dir='ltr'>ἁπάσης</span> <span class='ocrx_word' id='word_1_49' title='bbox 1124 748 1375 832; x_wconf 79' lang='grc' dir='ltr'><strong>ὀξύτερον</strong></span> <span class='ocrx_word' id='word_1_50' title='bbox 1401 764 1616 832; x_wconf 83' lang='grc' dir='ltr'><strong>ἔχοντας</strong></span> <span class='ocrx_word' id='word_1_51' title='bbox 1644 771 1743 821; x_wconf 85' lang='grc' dir='ltr'><strong>αὑ-</strong></span> 
     </span>
    </p>
   </div>
   <div class='ocr_carea' id='block_1_10' title="bbox 187 845 1743 924">
    <p class='ocr_par' dir='ltr' id='par_1_10' title="bbox 187 845 1743 924">
     <span class='ocr_line' id='line_1_10' title="bbox 187 845 1743 924; baseline 0.008 -27"><span class='ocrx_word' id='word_1_52' title='bbox 187 846 335 907; x_wconf 79' lang='grc' dir='ltr'><strong>τούς.</strong></span> <span class='ocrx_word' id='word_1_53' title='bbox 376 845 685 914; x_wconf 81' lang='grc' dir='ltr'>’Δρνοῦντσι</span> <span class='ocrx_word' id='word_1_54' title='bbox 722 846 820 917; x_wconf 85' lang='grc' dir='ltr'>μὲν</span> <span class='ocrx_word' id='word_1_55' title='bbox 851 850 977 921; x_wconf 82' lang='grc' dir='ltr'>γὰρ,</span> <span class='ocrx_word' id='word_1_56' title='bbox 1018 854 1139 905; x_wconf 83' lang='grc' dir='ltr'>ὅσον</span> <span class='ocrx_word' id='word_1_57' title='bbox 1169 849 1302 924; x_wconf 83' lang='grc' dir='ltr'>ἧκεν</span> <span class='ocrx_word' id='word_1_58' title='bbox 1332 854 1503 906; x_wconf 76' lang='grc' dir='ltr'>εἰπεῖν</span> <span class='ocrx_word' id='word_1_59' title='bbox 1531 858 1610 919; x_wconf 70' lang='grc' dir='ltr'>εἰς</span> <span class='ocrx_word' id='word_1_60' title='bbox 1650 860 1743 911; x_wconf 75' lang='grc' dir='ltr'><strong>δό-</strong></span> 
     </span>
    </p>
   </div>
   <div class='ocr_carea' id='block_1_11' title="bbox 187 935 1740 1017">
    <p class='ocr_par' dir='ltr' id='par_1_11' title="bbox 187 935 1740 1017">
     <span class='ocr_line' id='line_1_11' title="bbox 187 935 1740 1017; baseline 0.011 -32"><span class='ocrx_word' id='word_1_61' title='bbox 187 952 354 1003; x_wconf 85' lang='grc' dir='ltr'>ναμιν</span> <span class='ocrx_word' id='word_1_62' title='bbox 379 935 636 1003; x_wconf 80' lang='grc' dir='ltr'><strong>ἀληθείας</strong></span> <span class='ocrx_word' id='word_1_63' title='bbox 658 978 673 1001; x_wconf 92' lang='grc'><strong>,</strong></span> <span class='ocrx_word' id='word_1_64' title='bbox 728 941 819 992; x_wconf 89' lang='grc' dir='ltr'><strong>τὸν</strong></span> <span class='ocrx_word' id='word_1_65' title='bbox 850 941 1193 1012; x_wconf 82' lang='grc' dir='ltr'><strong>ἀγοράσαντα</strong></span> <span class='ocrx_word' id='word_1_66' title='bbox 1222 943 1417 1006; x_wconf 77' lang='grc' dir='ltr'>αὐτοὺς</span> <span class='ocrx_word' id='word_1_67' title='bbox 1445 946 1740 1017; x_wconf 84' lang='grc' dir='ltr'>Δεσπότην,</span> 
     </span>
    </p>
   </div>
   <div class='ocr_carea' id='block_1_12' title="bbox 187 1022 1743 1094">
    <p class='ocr_par' dir='ltr' id='par_1_12' title="bbox 187 1022 1743 1094">
     <span class='ocr_line' id='line_1_12' title="bbox 187 1022 1743 1094; baseline 0.012 -21"><span class='ocrx_word' id='word_1_68' title='bbox 187 1022 435 1075; x_wconf 71' lang='grc' dir='ltr'><strong>τουτέστι</strong></span> <span class='ocrx_word' id='word_1_69' title='bbox 464 1025 717 1094; x_wconf 83' lang='grc' dir='ltr'>Χριστόν.</span> <span class='ocrx_word' id='word_1_70' title='bbox 750 1029 990 1093; x_wconf 86' lang='grc' dir='ltr'>Δεδιότες</span> <span class='ocrx_word' id='word_1_71' title='bbox 1035 1032 1089 1085; x_wconf 77' lang='grc' dir='ltr'>δὲ</span> <span class='ocrx_word' id='word_1_72' title='bbox 1136 1032 1241 1084; x_wconf 83' lang='grc' dir='ltr'><strong>τῶν</strong></span> <span class='ocrx_word' id='word_1_73' title='bbox 1287 1031 1526 1091; x_wconf 75' lang='grc' dir='ltr'><strong>εὐσεϐεῖν</strong></span> <span class='ocrx_word' id='word_1_74' title='bbox 1558 1036 1743 1090; x_wconf 73' lang='grc' dir='ltr'>εἰωθό-</span> 
     </span>
    </p>
   </div>
   <div class='ocr_carea' id='block_1_13' title="bbox 185 1111 1744 1194">
    <p class='ocr_par' dir='ltr' id='par_1_13' title="bbox 185 1111 1744 1194">
     <span class='ocr_line' id='line_1_13' title="bbox 185 1111 1744 1194; baseline 0.011 -32"><span class='ocrx_word' id='word_1_75' title='bbox 185 1128 297 1163; x_wconf 87' lang='grc' dir='ltr'>των</span> <span class='ocrx_word' id='word_1_76' title='bbox 335 1111 434 1176; x_wconf 81' lang='grc' dir='ltr'><strong>τὰς</strong></span> <span class='ocrx_word' id='word_1_77' title='bbox 480 1114 574 1167; x_wconf 71' lang='grc' dir='ltr'><strong>ἐπὶ</strong></span> <span class='ocrx_word' id='word_1_78' title='bbox 602 1117 737 1188; x_wconf 85' lang='grc' dir='ltr'>τῷδε</span> <span class='ocrx_word' id='word_1_79' title='bbox 816 1120 1027 1185; x_wconf 83' lang='grc' dir='ltr'><strong>λύπας,</strong></span> <span class='ocrx_word' id='word_1_80' title='bbox 1084 1123 1177 1176; x_wconf 77' lang='grc' dir='ltr'><strong>καὶ</strong></span> <span class='ocrx_word' id='word_1_81' title='bbox 1222 1124 1402 1194; x_wconf 81' lang='grc' dir='ltr'>μέντοι</span> <span class='ocrx_word' id='word_1_82' title='bbox 1446 1122 1605 1194; x_wconf 76' lang='grc' dir='ltr'>ζῆλον</span> <span class='ocrx_word' id='word_1_83' title='bbox 1654 1128 1744 1179; x_wconf 83' lang='grc' dir='ltr'><strong>τὸν</strong></span> 
     </span>
    </p>
   </div>
   <div class='ocr_carea' id='block_1_14' title="bbox 184 1203 1743 1279">
    <p class='ocr_par' dir='ltr' id='par_1_14' title="bbox 184 1203 1743 1279">
     <span class='ocr_line' id='line_1_14' title="bbox 184 1203 1743 1279; baseline 0.008 -22"><span class='ocrx_word' id='word_1_84' title='bbox 184 1203 512 1272; x_wconf 82' lang='grc' dir='ltr'>ἁξιάγαστον</span> <span class='ocrx_word' id='word_1_85' title='bbox 540 1247 552 1271; x_wconf 92' lang='grc'><strong>,</strong></span> <span class='ocrx_word' id='word_1_86' title='bbox 587 1209 961 1279; x_wconf 78' lang='grc' dir='ltr'><strong>ὁμολογοῦσιν,</strong></span> <span class='ocrx_word' id='word_1_87' title='bbox 1002 1213 1084 1265; x_wconf 83' lang='grc' dir='ltr'><strong>ὅτι</strong></span> <span class='ocrx_word' id='word_1_88' title='bbox 1132 1215 1225 1266; x_wconf 78' lang='grc' dir='ltr'>καὶ</span> <span class='ocrx_word' id='word_1_89' title='bbox 1267 1214 1397 1276; x_wconf 85' lang='grc' dir='ltr'>Θεός</span> <span class='ocrx_word' id='word_1_90' title='bbox 1440 1216 1584 1268; x_wconf 73' lang='grc' dir='ltr'>ἔστιν</span> <span class='ocrx_word' id='word_1_91' title='bbox 1621 1218 1648 1267; x_wconf 84' lang='grc' dir='ltr'><strong>ό</strong></span> <span class='ocrx_word' id='word_1_92' title='bbox 1680 1219 1743 1271; x_wconf 76' lang='grc' dir='ltr'>ἐκ</span> 
     </span>
    </p>
   </div>
   <div class='ocr_carea' id='block_1_15' title="bbox 183 1291 1742 1375">
    <p class='ocr_par' dir='ltr' id='par_1_15' title="bbox 183 1291 1742 1375">
     <span class='ocr_line' id='line_1_15' title="bbox 183 1291 1742 1375; baseline 0.009 -29"><span class='ocrx_word' id='word_1_93' title='bbox 183 1291 285 1363; x_wconf 82' lang='grc' dir='ltr'><strong>τῆς</strong></span> <span class='ocrx_word' id='word_1_94' title='bbox 331 1295 490 1363; x_wconf 82' lang='grc' dir='ltr'><strong>ἁγίας</strong></span> <span class='ocrx_word' id='word_1_95' title='bbox 519 1300 792 1369; x_wconf 79' lang='grc' dir='ltr'><strong>Παρθένου</strong></span> <span class='ocrx_word' id='word_1_96' title='bbox 824 1303 1238 1372; x_wconf 83' lang='grc' dir='ltr'>γεγεννημένος,</span> <span class='ocrx_word' id='word_1_97' title='bbox 1273 1305 1363 1357; x_wconf 80' lang='grc' dir='ltr'>καὶ</span> <span class='ocrx_word' id='word_1_98' title='bbox 1392 1305 1498 1375; x_wconf 79' lang='grc' dir='ltr'>μὴν</span> <span class='ocrx_word' id='word_1_99' title='bbox 1539 1306 1619 1358; x_wconf 86' lang='grc' dir='ltr'><strong>ὅτι</strong></span> <span class='ocrx_word' id='word_1_100' title='bbox 1650 1309 1742 1361; x_wconf 76' lang='grc' dir='ltr'>καὶ</span> 
     </span>
    </p>
   </div>
   <div class='ocr_carea' id='block_1_16' title="bbox 182 1382 1741 1465">
    <p class='ocr_par' dir='ltr' id='par_1_16' title="bbox 182 1382 1741 1465">
     <span class='ocr_line' id='line_1_16' title="bbox 182 1382 1741 1465; baseline 0.01 -29"><span class='ocrx_word' id='word_1_101' title='bbox 182 1382 391 1456; x_wconf 77' lang='grc' dir='ltr'><strong>Κύριος</strong></span> <span class='ocrx_word' id='word_1_102' title='bbox 416 1426 431 1452; x_wconf 84' lang='grc'><strong>,</strong></span> <span class='ocrx_word' id='word_1_103' title='bbox 487 1389 579 1441; x_wconf 75' lang='grc' dir='ltr'><strong>καὶ</strong></span> <span class='ocrx_word' id='word_1_104' title='bbox 626 1389 753 1452; x_wconf 76' lang='grc' dir='ltr'>Υἱὸς</span> <span class='ocrx_word' id='word_1_105' title='bbox 801 1389 895 1442; x_wconf 84' lang='grc' dir='ltr'><strong>τοῦ</strong></span> <span class='ocrx_word' id='word_1_106' title='bbox 937 1391 1093 1446; x_wconf 83' lang='grc' dir='ltr'>Θεοῦ.</span> <span class='ocrx_word' id='word_1_107' title='bbox 1136 1395 1244 1447; x_wconf 81' lang='grc' dir='ltr'><strong>Καὶ</strong></span> <span class='ocrx_word' id='word_1_108' title='bbox 1286 1396 1333 1447; x_wconf 86' lang='grc' dir='ltr'>εί</span> <span class='ocrx_word' id='word_1_109' title='bbox 1382 1395 1479 1465; x_wconf 85' lang='grc' dir='ltr'>μέν</span> <span class='ocrx_word' id='word_1_110' title='bbox 1512 1413 1593 1458; x_wconf 87' lang='grc' dir='ltr'><strong>τις</strong></span> <span class='ocrx_word' id='word_1_111' title='bbox 1634 1397 1741 1453; x_wconf 83' lang='grc' dir='ltr'><strong>τῶν</strong></span> 
     </span>
    </p>
   </div>
   <div class='ocr_carea' id='block_1_17' title="bbox 194 1474 1739 1557">
    <p class='ocr_par' dir='ltr' id='par_1_17' title="bbox 194 1474 1739 1557">
     <span class='ocr_line' id='line_1_17' title="bbox 194 1474 1739 1557; baseline 0.01 -30"><span class='ocrx_word' id='word_1_112' title='bbox 194 1474 384 1529; x_wconf 81' lang='grc' dir='ltr'>ἁπλῶν</span> <span class='ocrx_word' id='word_1_113' title='bbox 409 1476 534 1539; x_wconf 79' lang='grc' dir='ltr'><strong>τοὺς</strong></span> <span class='ocrx_word' id='word_1_114' title='bbox 565 1480 694 1549; x_wconf 86' lang='grc' dir='ltr'>παρ’</span> <span class='ocrx_word' id='word_1_115' title='bbox 723 1479 901 1532; x_wconf 81' lang='grc' dir='ltr'>αὐτῶν</span> <span class='ocrx_word' id='word_1_116' title='bbox 942 1480 1160 1552; x_wconf 81' lang='grc' dir='ltr'><strong>δέξηται</strong></span> <span class='ocrx_word' id='word_1_117' title='bbox 1189 1484 1401 1554; x_wconf 90' lang='grc' dir='ltr'>λόγους,</span> <span class='ocrx_word' id='word_1_118' title='bbox 1422 1492 1598 1557; x_wconf 84' lang='grc' dir='ltr'><strong>νομιεῖ</strong></span> <span class='ocrx_word' id='word_1_119' title='bbox 1614 1508 1739 1556; x_wconf 87' lang='grc' dir='ltr'>που,</span> 
     </span>
    </p>
   </div>
   <div class='ocr_carea' id='block_1_18' title="bbox 182 1564 1741 1651">
    <p class='ocr_par' dir='ltr' id='par_1_18' title="bbox 182 1564 1741 1651">
     <span class='ocr_line' id='line_1_18' title="bbox 182 1564 1741 1651; baseline 0.013 -36"><span class='ocrx_word' id='word_1_120' title='bbox 182 1564 404 1617; x_wconf 73' lang='grc' dir='ltr'>κατὰτὸ</span> <span class='ocrx_word' id='word_1_121' title='bbox 447 1565 612 1631; x_wconf 73' lang='grc' dir='ltr'>εἰκὸς,</span> <span class='ocrx_word' id='word_1_122' title='bbox 655 1567 789 1638; x_wconf 71' lang='grc' dir='ltr'>ὀρθὰ</span> <span class='ocrx_word' id='word_1_123' title='bbox 816 1571 909 1622; x_wconf 72' lang='grc' dir='ltr'><strong>καὶ</strong></span> <span class='ocrx_word' id='word_1_124' title='bbox 940 1572 1123 1627; x_wconf 68' lang='grc' dir='ltr'>εἰκότα</span> <span class='ocrx_word' id='word_1_125' title='bbox 1152 1574 1347 1643; x_wconf 82' lang='grc' dir='ltr'>λέγειν,</span> <span class='ocrx_word' id='word_1_126' title='bbox 1378 1578 1470 1631; x_wconf 72' lang='grc' dir='ltr'><strong>καὶ</strong></span> <span class='ocrx_word' id='word_1_127' title='bbox 1495 1582 1608 1643; x_wconf 80' lang='grc' dir='ltr'><strong>τοῖς</strong></span> <span class='ocrx_word' id='word_1_128' title='bbox 1640 1580 1741 1651; x_wconf 77' lang='grc' dir='ltr'><strong>τῆς</strong></span> 
     </span>
    </p>
   </div>
   <div class='ocr_carea' id='block_1_19' title="bbox 1847 773 3393 844">
    <p class='ocr_par' dir='ltr' id='par_1_19' title="bbox 1847 773 3393 844">
     <span class='ocr_line' id='line_1_19' title="bbox 1847 773 3393 844; baseline 0 -19"><span class='ocrx_word' id='word_1_129' title='bbox 1847 773 2127 837; x_wconf 87' lang='lat' dir='ltr'><strong>inducunt,</strong></span> <span class='ocrx_word' id='word_1_130' title='bbox 2162 789 2282 827; x_wconf 91' lang='lat' dir='ltr'><strong>cum</strong></span> <span class='ocrx_word' id='word_1_131' title='bbox 2310 778 2496 843; x_wconf 84' lang='lat' dir='ltr'><strong>quovis</strong></span> <span class='ocrx_word' id='word_1_132' title='bbox 2530 776 2747 830; x_wconf 91' lang='lat' dir='ltr'><strong>interim</strong></span> <span class='ocrx_word' id='word_1_133' title='bbox 2779 776 3235 844; x_wconf 82' lang='lat' dir='ltr'><strong>venenatojacnlo</strong></span> <span class='ocrx_word' id='word_1_134' title='bbox 3277 790 3393 826; x_wconf 84' lang='lat' dir='ltr'><strong>ma-</strong></span> 
     </span>
    </p>
   </div>
   <div class='ocr_carea' id='block_1_20' title="bbox 1845 858 3390 930">
    <p class='ocr_par' dir='ltr' id='par_1_20' title="bbox 1845 858 3390 930">
     <span class='ocr_line' id='line_1_20' title="bbox 1845 858 3390 930; baseline 0.001 -19"><span class='ocrx_word' id='word_1_135' title='bbox 1845 860 1927 927; x_wconf 92' lang='lat' dir='ltr'><strong>gis</strong></span> <span class='ocrx_word' id='word_1_136' title='bbox 1968 858 2164 911; x_wconf 80' lang='lat' dir='ltr'><strong>feriant</strong></span> <span class='ocrx_word' id='word_1_137' title='bbox 2193 874 2207 911; x_wconf 91' lang='lat'><strong>:</strong></span> <span class='ocrx_word' id='word_1_138' title='bbox 2241 875 2361 914; x_wconf 87' lang='lat' dir='ltr'><strong>nam</strong></span> <span class='ocrx_word' id='word_1_139' title='bbox 2388 863 2433 916; x_wconf 90' lang='lat' dir='ltr'><strong>si</strong></span> <span class='ocrx_word' id='word_1_140' title='bbox 2460 864 2603 929; x_wconf 86' lang='lat' dir='ltr'><strong>quod</strong></span> <span class='ocrx_word' id='word_1_141' title='bbox 2632 878 2715 916; x_wconf 84' lang='lat' dir='ltr'><strong>res</strong></span> <span class='ocrx_word' id='word_1_142' title='bbox 2740 864 2849 929; x_wconf 87' lang='lat' dir='ltr'><strong>ipsa</strong></span> <span class='ocrx_word' id='word_1_143' title='bbox 2874 871 2976 923; x_wconf 87' lang='lat' dir='ltr'><strong>est,</strong></span> <span class='ocrx_word' id='word_1_144' title='bbox 3009 863 3182 930; x_wconf 84' lang='lat' dir='ltr'><strong>palam</strong></span> <span class='ocrx_word' id='word_1_145' title='bbox 3211 861 3390 913; x_wconf 79' lang='lat' dir='ltr'><strong>dicere</strong></span> 
     </span>
    </p>
   </div>
   <div class='ocr_carea' id='block_1_21' title="bbox 1846 946 3392 1015">
    <p class='ocr_par' dir='ltr' id='par_1_21' title="bbox 1846 946 3392 1015">
     <span class='ocr_line' id='line_1_21' title="bbox 1846 946 3392 1015; baseline -0.001 -15"><span class='ocrx_word' id='word_1_146' title='bbox 1846 948 1993 1011; x_wconf 88' lang='lat' dir='ltr'><strong>licet,</strong></span> <span class='ocrx_word' id='word_1_147' title='bbox 2047 946 2329 1003; x_wconf 90' lang='lat' dir='ltr'><strong>Dominum</strong></span> <span class='ocrx_word' id='word_1_148' title='bbox 2384 950 2473 1015; x_wconf 86' lang='lat' dir='ltr'><strong>qui</strong></span> <span class='ocrx_word' id='word_1_149' title='bbox 2522 966 2614 1005; x_wconf 87' lang='lat' dir='ltr'><strong>eos</strong></span> <span class='ocrx_word' id='word_1_150' title='bbox 2661 951 2906 1013; x_wconf 87' lang='lat' dir='ltr'><strong>redemit,</strong></span> <span class='ocrx_word' id='word_1_151' title='bbox 2954 950 3052 1001; x_wconf 87' lang='lat' dir='ltr'><strong>hoc</strong></span> <span class='ocrx_word' id='word_1_152' title='bbox 3094 959 3195 1013; x_wconf 87' lang='lat' dir='ltr'><strong>est,</strong></span> <span class='ocrx_word' id='word_1_153' title='bbox 3231 947 3392 1001; x_wconf 89' lang='lat' dir='ltr'><strong>Chri-</strong></span> 
     </span>
    </p>
   </div>
   <div class='ocr_carea' id='block_1_22' title="bbox 1844 1035 3392 1105">
    <p class='ocr_par' dir='ltr' id='par_1_22' title="bbox 1844 1035 3392 1105">
     <span class='ocr_line' id='line_1_22' title="bbox 1844 1035 3392 1105; baseline -0.001 -15"><span class='ocrx_word' id='word_1_154' title='bbox 1844 1045 2010 1099; x_wconf 82' lang='lat' dir='ltr'><strong>stum,</strong></span> <span class='ocrx_word' id='word_1_155' title='bbox 2070 1035 2395 1089; x_wconf 85' lang='lat' dir='ltr'><strong>iniiciantur.</strong></span> <span class='ocrx_word' id='word_1_156' title='bbox 2455 1036 2842 1091; x_wconf 81' lang='lat' dir='ltr'><strong>Verumtamen</strong></span> <span class='ocrx_word' id='word_1_157' title='bbox 2906 1037 3113 1105; x_wconf 90' lang='lat' dir='ltr'><strong>piorum</strong></span> <span class='ocrx_word' id='word_1_158' title='bbox 3155 1037 3223 1089; x_wconf 92' lang='lat' dir='ltr'><strong>ob</strong></span> <span class='ocrx_word' id='word_1_159' title='bbox 3258 1036 3392 1089; x_wconf 90' lang='lat' dir='ltr'><strong>hanc</strong></span> 
     </span>
    </p>
   </div>
   <div class='ocr_carea' id='block_1_23' title="bbox 1847 1124 3393 1194">
    <p class='ocr_par' dir='ltr' id='par_1_23' title="bbox 1847 1124 3393 1194">
     <span class='ocr_line' id='line_1_23' title="bbox 1847 1124 3393 1194; baseline -0.003 -13"><span class='ocrx_word' id='word_1_160' title='bbox 1847 1142 1958 1181; x_wconf 86' lang='lat' dir='ltr'><strong>rem</strong></span> <span class='ocrx_word' id='word_1_161' title='bbox 2008 1124 2393 1191; x_wconf 78' lang='lat' dir='ltr'><strong>oll&#39;ensionem,</strong></span> <span class='ocrx_word' id='word_1_162' title='bbox 2450 1127 2729 1194; x_wconf 82' lang='lat' dir='ltr'><strong>zelnmque</strong></span> <span class='ocrx_word' id='word_1_163' title='bbox 2780 1126 3120 1179; x_wconf 73' lang='lat' dir='ltr'><strong>aemulatione</strong></span> <span class='ocrx_word' id='word_1_164' title='bbox 3178 1124 3393 1192; x_wconf 84' lang='lat' dir='ltr'><strong>dignum</strong></span> 
     </span>
    </p>
   </div>
   <div class='ocr_carea' id='block_1_24' title="bbox 1846 1214 3396 1288">
    <p class='ocr_par' dir='ltr' id='par_1_24' title="bbox 1846 1214 3396 1288">
     <span class='ocr_line' id='line_1_24' title="bbox 1846 1214 3396 1288; baseline -0.003 -16"><span class='ocrx_word' id='word_1_165' title='bbox 1846 1227 2169 1282; x_wconf 87' lang='lat' dir='ltr'><strong>metuentes,</strong></span> <span class='ocrx_word' id='word_1_166' title='bbox 2200 1233 2321 1272; x_wconf 88' lang='lat' dir='ltr'><strong>eum</strong></span> <span class='ocrx_word' id='word_1_167' title='bbox 2355 1216 2447 1288; x_wconf 92' lang='lat' dir='ltr'><strong>qui</strong></span> <span class='ocrx_word' id='word_1_168' title='bbox 2481 1232 2545 1271; x_wconf 86' lang='lat' dir='ltr'><strong>ex</strong></span> <span class='ocrx_word' id='word_1_169' title='bbox 2579 1231 2733 1270; x_wconf 88' lang='lat' dir='ltr'><strong>sacra</strong></span> <span class='ocrx_word' id='word_1_170' title='bbox 2770 1214 2981 1284; x_wconf 79' lang='lat' dir='ltr'><strong>Virgine</strong></span> <span class='ocrx_word' id='word_1_171' title='bbox 3012 1223 3166 1269; x_wconf 85' lang='lat' dir='ltr'><strong>natus</strong></span> <span class='ocrx_word' id='word_1_172' title='bbox 3198 1224 3313 1276; x_wconf 88' lang='lat' dir='ltr'><strong>est,</strong></span> <span class='ocrx_word' id='word_1_173' title='bbox 3344 1224 3396 1268; x_wconf 87' lang='lat' dir='ltr'><strong>et</strong></span> 
     </span>
    </p>
   </div>
   <div class='ocr_carea' id='block_1_25' title="bbox 1845 1304 3388 1373">
    <p class='ocr_par' dir='ltr' id='par_1_25' title="bbox 1845 1304 3388 1373">
     <span class='ocr_line' id='line_1_25' title="bbox 1845 1304 3388 1373; baseline -0.005 -9"><span class='ocrx_word' id='word_1_174' title='bbox 1845 1311 2009 1364; x_wconf 89' lang='lat' dir='ltr'><strong>Deum</strong></span> <span class='ocrx_word' id='word_1_175' title='bbox 2043 1323 2097 1365; x_wconf 94' lang='lat' dir='ltr'><strong>et</strong></span> <span class='ocrx_word' id='word_1_176' title='bbox 2120 1308 2428 1371; x_wconf 90' lang='lat' dir='ltr'><strong>Dominum,</strong></span> <span class='ocrx_word' id='word_1_177' title='bbox 2457 1313 2511 1363; x_wconf 90' lang='lat' dir='ltr'><strong>et</strong></span> <span class='ocrx_word' id='word_1_178' title='bbox 2556 1306 2651 1361; x_wconf 88' lang='lat' dir='ltr'><strong>Dei</strong></span> <span class='ocrx_word' id='word_1_179' title='bbox 2685 1305 2877 1360; x_wconf 83' lang='lat' dir='ltr'><strong>Filium</strong></span> <span class='ocrx_word' id='word_1_180' title='bbox 2904 1320 3025 1360; x_wconf 86' lang='lat' dir='ltr'><strong>esse</strong></span> <span class='ocrx_word' id='word_1_181' title='bbox 3053 1304 3388 1373; x_wconf 73' lang='lat' dir='ltr'><strong>profitentur.</strong></span> 
     </span>
    </p>
   </div>
   <div class='ocr_carea' id='block_1_26' title="bbox 1842 1393 3396 1468">
    <p class='ocr_par' dir='ltr' id='par_1_26' title="bbox 1842 1393 3396 1468">
     <span class='ocr_line' id='line_1_26' title="bbox 1842 1393 3396 1468; baseline -0.003 -17"><span class='ocrx_word' id='word_1_182' title='bbox 1842 1397 1996 1465; x_wconf 84' lang='lat' dir='ltr'><strong>Quod</strong></span> <span class='ocrx_word' id='word_1_183' title='bbox 2026 1398 2071 1452; x_wconf 88' lang='lat' dir='ltr'><strong>si</strong></span> <span class='ocrx_word' id='word_1_184' title='bbox 2116 1399 2208 1468; x_wconf 87' lang='lat' dir='ltr'><strong>qui</strong></span> <span class='ocrx_word' id='word_1_185' title='bbox 2253 1412 2319 1451; x_wconf 91' lang='lat' dir='ltr'><strong>ex</strong></span> <span class='ocrx_word' id='word_1_186' title='bbox 2364 1395 2675 1452; x_wconf 89' lang='lat' dir='ltr'><strong>rudioribus</strong></span> <span class='ocrx_word' id='word_1_187' title='bbox 2723 1394 2931 1449; x_wconf 89' lang='lat' dir='ltr'><strong>illorum</strong></span> <span class='ocrx_word' id='word_1_188' title='bbox 2962 1408 3231 1449; x_wconf 83' lang='lat' dir='ltr'><strong>sermones</strong></span> <span class='ocrx_word' id='word_1_189' title='bbox 3263 1393 3396 1449; x_wconf 88' lang='lat' dir='ltr'><strong>forte</strong></span> 
     </span>
    </p>
   </div>
   <div class='ocr_carea' id='block_1_27' title="bbox 1842 1482 3394 1556">
    <p class='ocr_par' dir='ltr' id='par_1_27' title="bbox 1842 1482 3394 1556">
     <span class='ocr_line' id='line_1_27' title="bbox 1842 1482 3394 1556; baseline -0.002 -14"><span class='ocrx_word' id='word_1_190' title='bbox 1842 1488 2117 1555; x_wconf 87' lang='lat' dir='ltr'><strong>hauriunt,</strong></span> <span class='ocrx_word' id='word_1_191' title='bbox 2144 1498 2289 1544; x_wconf 88' lang='lat' dir='ltr'><strong>recta</strong></span> <span class='ocrx_word' id='word_1_192' title='bbox 2313 1502 2457 1554; x_wconf 86' lang='lat' dir='ltr'><strong>mox,</strong></span> <span class='ocrx_word' id='word_1_193' title='bbox 2478 1497 2535 1541; x_wconf 92' lang='lat' dir='ltr'><strong>ut</strong></span> <span class='ocrx_word' id='word_1_194' title='bbox 2569 1484 2847 1556; x_wconf 85' lang='lat' dir='ltr'><strong>probabile</strong></span> <span class='ocrx_word' id='word_1_195' title='bbox 2878 1492 2979 1547; x_wconf 90' lang='lat' dir='ltr'><strong>est,</strong></span> <span class='ocrx_word' id='word_1_196' title='bbox 3000 1491 3051 1537; x_wconf 90' lang='lat' dir='ltr'><strong>et</strong></span> <span class='ocrx_word' id='word_1_197' title='bbox 3079 1482 3183 1555; x_wconf 58' lang='lat'><strong>57</strong></span> <span class='ocrx_word' id='word_1_198' title='bbox 3202 1500 3394 1539; x_wconf 86' lang='lat' dir='ltr'><strong>conve-</strong></span> 
     </span>
    </p>
   </div>
   <div class='ocr_carea' id='block_1_28' title="bbox 1842 1573 3393 1647">
    <p class='ocr_par' dir='ltr' id='par_1_28' title="bbox 1842 1573 3393 1647">
     <span class='ocr_line' id='line_1_28' title="bbox 1842 1573 3393 1647; baseline -0.002 -14"><span class='ocrx_word' id='word_1_199' title='bbox 1842 1579 2063 1644; x_wconf 84' lang='lat' dir='ltr'><strong>nientis,</strong></span> <span class='ocrx_word' id='word_1_200' title='bbox 2098 1590 2153 1634; x_wconf 91' lang='lat' dir='ltr'><strong>et</strong></span> <span class='ocrx_word' id='word_1_201' title='bbox 2174 1594 2293 1647; x_wconf 63' lang='lat' dir='ltr'><strong>quae</strong></span> <span class='ocrx_word' id='word_1_202' title='bbox 2325 1594 2355 1633; x_wconf 91' lang='lat' dir='ltr'><strong>s</strong></span> <span class='ocrx_word' id='word_1_203' title='bbox 2389 1579 2617 1632; x_wconf 80' lang='lat' dir='ltr'><strong>veritate</strong></span> <span class='ocrx_word' id='word_1_204' title='bbox 2644 1592 2748 1630; x_wconf 83' lang='lat' dir='ltr'><strong>non</strong></span> <span class='ocrx_word' id='word_1_205' title='bbox 2784 1573 3140 1640; x_wconf 86' lang='lat' dir='ltr'><strong>dissentiant,</strong></span> <span class='ocrx_word' id='word_1_206' title='bbox 3168 1574 3285 1630; x_wconf 90' lang='lat' dir='ltr'><strong>illos</strong></span> <span class='ocrx_word' id='word_1_207' title='bbox 3318 1575 3393 1630; x_wconf 83' lang='lat' dir='ltr'><strong>Io-</strong></span> 
     </span>
    </p>
   </div>
   <div class='ocr_carea' id='block_1_29' title="bbox 180 1654 1726 1740">
    <p class='ocr_par' dir='ltr' id='par_1_29' title="bbox 180 1654 1726 1740">
     <span class='ocr_line' id='line_1_29' title="bbox 180 1654 1726 1740; baseline 0.013 -34"><span class='ocrx_word' id='word_1_208' title='bbox 180 1654 443 1724; x_wconf 81' lang='grc' dir='ltr'>ἀληθείας</span> <span class='ocrx_word' id='word_1_209' title='bbox 476 1658 574 1711; x_wconf 84' lang='grc' dir='ltr'><strong>οὐκ</strong></span> <span class='ocrx_word' id='word_1_210' title='bbox 606 1660 878 1732; x_wconf 79' lang='grc' dir='ltr'><strong>ἀπᾴδοντα</strong></span> <span class='ocrx_word' id='word_1_211' title='bbox 899 1662 1183 1734; x_wconf 82' lang='grc' dir='ltr'><strong>δόγμασιν.</strong></span> <span class='ocrx_word' id='word_1_212' title='bbox 1214 1669 1277 1720; x_wconf 83' lang='lat' dir='ltr'><strong>El</strong></span> <span class='ocrx_word' id='word_1_213' title='bbox 1296 1670 1351 1722; x_wconf 73' lang='grc' dir='ltr'>δὲ</span> <span class='ocrx_word' id='word_1_214' title='bbox 1376 1669 1438 1740; x_wconf 85' lang='grc' dir='ltr'>δή</span> <span class='ocrx_word' id='word_1_215' title='bbox 1462 1687 1544 1736; x_wconf 89' lang='grc' dir='ltr'><strong>τις</strong></span> <span class='ocrx_word' id='word_1_216' title='bbox 1568 1672 1726 1726; x_wconf 76' lang='grc' dir='ltr'><strong>ἕλοιτε</strong></span> 
     </span>
    </p>
   </div>
   <div class='ocr_carea' id='block_1_30' title="bbox 1828 1654 3394 1740">
    <p class='ocr_par' dir='ltr' id='par_1_30' title="bbox 1839 1661 3394 1737">
     <span class='ocr_line' id='line_1_30' title="bbox 1839 1661 3394 1737; baseline 0.001 -18"><span class='ocrx_word' id='word_1_217' title='bbox 1839 1669 1931 1737; x_wconf 88' lang='lat' dir='ltr'><strong>qui</strong></span> <span class='ocrx_word' id='word_1_218' title='bbox 1959 1668 2311 1721; x_wconf 86' lang='lat' dir='ltr'><strong>arbitrantur.</strong></span> <span class='ocrx_word' id='word_1_219' title='bbox 2358 1667 2557 1721; x_wconf 89' lang='lat' dir='ltr'><strong>Verum</strong></span> <span class='ocrx_word' id='word_1_220' title='bbox 2593 1668 2682 1736; x_wconf 88' lang='lat' dir='ltr'><strong>qui</strong></span> <span class='ocrx_word' id='word_1_221' title='bbox 2724 1666 2866 1718; x_wconf 89' lang='lat' dir='ltr'><strong>dicta</strong></span> <span class='ocrx_word' id='word_1_222' title='bbox 2914 1661 3121 1716; x_wconf 91' lang='lat' dir='ltr'><strong>illorum</strong></span> <span class='ocrx_word' id='word_1_223' title='bbox 3159 1666 3394 1721; x_wconf 83' lang='lat' dir='ltr'><strong>exactius</strong></span> 
     </span>
    </p>
   </div>
   <div class='ocr_carea' id='block_1_31' title="bbox 182 1748 1726 1835">
    <p class='ocr_par' dir='ltr' id='par_1_31' title="bbox 182 1748 1726 1835">
     <span class='ocr_line' id='line_1_31' title="bbox 182 1748 1726 1835; baseline 0.012 -37"><span class='ocrx_word' id='word_1_224' title='bbox 182 1748 507 1817; x_wconf 68' lang='lat' dir='ltr'><strong>xattoxvoiiv</strong></span> <span class='ocrx_word' id='word_1_225' title='bbox 561 1755 681 1817; x_wconf 83' lang='grc' dir='ltr'>ταῖς</span> <span class='ocrx_word' id='word_1_226' title='bbox 722 1752 968 1824; x_wconf 82' lang='grc' dir='ltr'>ὲρεύναις</span> <span class='ocrx_word' id='word_1_227' title='bbox 1016 1757 1246 1823; x_wconf 77' lang='grc' dir='ltr'>αὐτοὺς,</span> <span class='ocrx_word' id='word_1_228' title='bbox 1300 1762 1395 1814; x_wconf 69' lang='grc' dir='ltr'>καὶ</span> <span class='ocrx_word' id='word_1_229' title='bbox 1442 1762 1503 1815; x_wconf 87' lang='grc' dir='ltr'><strong>τὸ</strong></span> <span class='ocrx_word' id='word_1_230' title='bbox 1536 1764 1726 1835; x_wconf 74' lang='grc' dir='ltr'>ἀκριϐῆ</span> 
     </span>
    </p>
   </div>
   <div class='ocr_carea' id='block_1_32' title="bbox 1828 1748 3392 1835">
    <p class='ocr_par' dir='ltr' id='par_1_32' title="bbox 1841 1755 3392 1829">
     <span class='ocr_line' id='line_1_32' title="bbox 1841 1755 3392 1829; baseline -0.001 -17"><span class='ocrx_word' id='word_1_231' title='bbox 1841 1768 2270 1828; x_wconf 90' lang='lat' dir='ltr'><strong>perscrutantur,</strong></span> <span class='ocrx_word' id='word_1_232' title='bbox 2302 1770 2354 1814; x_wconf 91' lang='lat' dir='ltr'><strong>et</strong></span> <span class='ocrx_word' id='word_1_233' title='bbox 2376 1759 2541 1829; x_wconf 87' lang='lat' dir='ltr'><strong>justis</strong></span> <span class='ocrx_word' id='word_1_234' title='bbox 2572 1757 2898 1829; x_wconf 84' lang='lat' dir='ltr'><strong>ponderibus</strong></span> <span class='ocrx_word' id='word_1_235' title='bbox 2945 1755 3275 1823; x_wconf 79' lang='lat' dir='ltr'><strong>examinant,</strong></span> <span class='ocrx_word' id='word_1_236' title='bbox 3310 1758 3392 1811; x_wconf 85' lang='lat' dir='ltr'><strong>ni-</strong></span> 
     </span>
    </p>
   </div>
   <div class='ocr_carea' id='block_1_33' title="bbox 184 1819 1726 1925">
    <p class='ocr_par' dir='ltr' id='par_1_33' title="bbox 184 1819 1726 1925">
     <span class='ocr_line' id='line_1_33' title="bbox 184 1819 1726 1925; baseline 0.014 -37"><span class='ocrx_word' id='word_1_237' title='bbox 184 1840 451 1893; x_wconf 83' lang='grc' dir='ltr'>ποιείσθαι</span> <span class='ocrx_word' id='word_1_238' title='bbox 496 1842 603 1897; x_wconf 86' lang='grc' dir='ltr'><strong>τῶν</strong></span> <span class='ocrx_word' id='word_1_239' title='bbox 643 1819 945 1916; x_wconf 75' lang='grc' dir='ltr'>εἰρημένων</span> <span class='ocrx_word' id='word_1_240' title='bbox 976 1848 1073 1919; x_wconf 76' lang='grc' dir='ltr'><strong>τὴν</strong></span> <span class='ocrx_word' id='word_1_241' title='bbox 1120 1819 1371 1920; x_wconf 78' lang='grc' dir='ltr'>βάσανον,</span> <span class='ocrx_word' id='word_1_242' title='bbox 1407 1854 1504 1925; x_wconf 82' lang='grc' dir='ltr'><strong>οὐχ</strong></span> <span class='ocrx_word' id='word_1_243' title='bbox 1539 1819 1726 1909; x_wconf 48' lang='grc' dir='ltr'>ἁπλοῦν</span> 
     </span>
    </p>
   </div>
   <div class='ocr_carea' id='block_1_34' title="bbox 1828 1819 3397 1925">
    <p class='ocr_par' dir='ltr' id='par_1_34' title="bbox 1842 1819 3397 1919">
     <span class='ocr_line' id='line_1_34' title="bbox 1842 1819 3397 1919; baseline 0.001 -17"><span class='ocrx_word' id='word_1_244' title='bbox 1842 1849 1916 1903; x_wconf 92' lang='lat' dir='ltr'><strong>hil</strong></span> <span class='ocrx_word' id='word_1_245' title='bbox 1963 1865 2065 1903; x_wconf 93' lang='lat' dir='ltr'><strong>non</strong></span> <span class='ocrx_word' id='word_1_246' title='bbox 2106 1852 2343 1904; x_wconf 89' lang='lat' dir='ltr'><strong>fucatum</strong></span> <span class='ocrx_word' id='word_1_247' title='bbox 2376 1819 2446 1904; x_wconf 70' lang='lat' dir='ltr'><strong>ac</strong></span> <span class='ocrx_word' id='word_1_248' title='bbox 2496 1819 2807 1919; x_wconf 73' lang='lat' dir='ltr'><strong>perplexum</strong></span> <span class='ocrx_word' id='word_1_249' title='bbox 2862 1845 3241 1914; x_wconf 88' lang='lat' dir='ltr'><strong>comperiunt:</strong></span> <span class='ocrx_word' id='word_1_250' title='bbox 3274 1860 3397 1905; x_wconf 87' lang='lat' dir='ltr'><strong>sunt</strong></span> 
     </span>
    </p>
   </div>
   <div class='ocr_carea' id='block_1_35' title="bbox 182 1926 1726 2015">
    <p class='ocr_par' dir='ltr' id='par_1_35' title="bbox 182 1926 1726 2015">
     <span class='ocr_line' id='line_1_35' title="bbox 182 1926 1726 2015; baseline 0.014 -35"><span class='ocrx_word' id='word_1_251' title='bbox 182 1926 421 2000; x_wconf 80' lang='grc' dir='ltr'>εὑρήσει.</span> <span class='ocrx_word' id='word_1_252' title='bbox 448 1932 569 1986; x_wconf 74' lang='grc' dir='ltr'><strong>Εἰσὶ</strong></span> <span class='ocrx_word' id='word_1_253' title='bbox 595 1935 691 2004; x_wconf 81' lang='grc' dir='ltr'>μὲν</span> <span class='ocrx_word' id='word_1_254' title='bbox 721 1936 828 2005; x_wconf 82' lang='grc' dir='ltr'><strong>γὰρ</strong></span> <span class='ocrx_word' id='word_1_255' title='bbox 854 1936 964 1991; x_wconf 73' lang='grc' dir='ltr'>θεοὶ</span> <span class='ocrx_word' id='word_1_256' title='bbox 993 1939 1197 2005; x_wconf 74' lang='grc' dir='ltr'>πολλοὶ,</span> <span class='ocrx_word' id='word_1_257' title='bbox 1226 1943 1320 1995; x_wconf 75' lang='grc' dir='ltr'>καὶ</span> <span class='ocrx_word' id='word_1_258' title='bbox 1348 1943 1526 2015; x_wconf 80' lang='grc' dir='ltr'>κύριοι</span> <span class='ocrx_word' id='word_1_259' title='bbox 1559 1948 1726 2002; x_wconf 52' lang='grc' dir='ltr'>πολλοέ</span> 
     </span>
    </p>
   </div>
   <div class='ocr_carea' id='block_1_36' title="bbox 1828 1926 3392 2015">
    <p class='ocr_par' dir='ltr' id='par_1_36' title="bbox 1839 1933 3392 2002">
     <span class='ocr_line' id='line_1_36' title="bbox 1839 1933 3392 2002; baseline 0 -7"><span class='ocrx_word' id='word_1_260' title='bbox 1839 1940 1982 1995; x_wconf 88' lang='lat' dir='ltr'><strong>enim</strong></span> <span class='ocrx_word' id='word_1_261' title='bbox 2011 1942 2081 1996; x_wconf 92' lang='lat' dir='ltr'><strong>dii</strong></span> <span class='ocrx_word' id='word_1_262' title='bbox 2117 1940 2270 1996; x_wconf 88' lang='lat' dir='ltr'><strong>multi</strong></span> <span class='ocrx_word' id='word_1_263' title='bbox 2306 1948 2363 1996; x_wconf 84' lang='lat' dir='ltr'><strong>et</strong></span> <span class='ocrx_word' id='word_1_264' title='bbox 2412 1939 2613 1996; x_wconf 89' lang='lat' dir='ltr'><strong>domini</strong></span> <span class='ocrx_word' id='word_1_265' title='bbox 2660 1937 2831 2002; x_wconf 91' lang='lat' dir='ltr'><strong>multi,</strong></span> <span class='ocrx_word' id='word_1_266' title='bbox 2874 1946 2928 1991; x_wconf 89' lang='lat' dir='ltr'><strong>et</strong></span> <span class='ocrx_word' id='word_1_267' title='bbox 2972 1935 3024 1989; x_wconf 91' lang='lat' dir='ltr'><strong>in</strong></span> <span class='ocrx_word' id='word_1_268' title='bbox 3072 1933 3207 1992; x_wconf 65' lang='lat' dir='ltr'><strong>caelo</strong></span> <span class='ocrx_word' id='word_1_269' title='bbox 3243 1948 3299 1994; x_wconf 92' lang='lat' dir='ltr'><strong>et</strong></span> <span class='ocrx_word' id='word_1_270' title='bbox 3342 1942 3392 1995; x_wconf 89' lang='lat' dir='ltr'><strong>in</strong></span> 
     </span>
    </p>
   </div>
   <div class='ocr_carea' id='block_1_37' title="bbox 180 2016 1726 2110">
    <p class='ocr_par' dir='ltr' id='par_1_37' title="bbox 180 2016 1726 2110">
     <span class='ocr_line' id='line_1_37' title="bbox 180 2016 1726 2110; baseline 0.014 -39"><span class='ocrx_word' id='word_1_271' title='bbox 180 2016 238 2110; x_wconf 53' lang='lat' dir='ltr'><strong>lat</strong></span> <span class='ocrx_word' id='word_1_272' title='bbox 269 2036 330 2072; x_wconf 87' lang='grc' dir='ltr'>τε</span> <span class='ocrx_word' id='word_1_273' title='bbox 364 2022 579 2094; x_wconf 80' lang='grc' dir='ltr'>οὖρα’νῷ</span> <span class='ocrx_word' id='word_1_274' title='bbox 611 2025 703 2077; x_wconf 76' lang='grc' dir='ltr'>καὶ</span> <span class='ocrx_word' id='word_1_275' title='bbox 732 2026 824 2078; x_wconf 75' lang='grc' dir='ltr'><strong>ἐπὶ</strong></span> <span class='ocrx_word' id='word_1_276' title='bbox 857 2028 953 2097; x_wconf 87' lang='grc' dir='ltr'><strong>τῆς</strong></span> <span class='ocrx_word' id='word_1_277' title='bbox 978 2030 1100 2098; x_wconf 77' lang='grc' dir='ltr'>γῆς,</span> <span class='ocrx_word' id='word_1_278' title='bbox 1122 2032 1262 2085; x_wconf 71' lang='grc' dir='ltr'>καθὰ</span> <span class='ocrx_word' id='word_1_279' title='bbox 1296 2034 1389 2087; x_wconf 77' lang='grc' dir='ltr'>καὶ</span> <span class='ocrx_word' id='word_1_280' title='bbox 1416 2036 1444 2087; x_wconf 85' lang='grc' dir='ltr'><strong>ό</strong></span> <span class='ocrx_word' id='word_1_281' title='bbox 1476 2039 1726 2110; x_wconf 77' lang='grc' dir='ltr'>μακάριος</span> 
     </span>
    </p>
   </div>
   <div class='ocr_carea' id='block_1_38' title="bbox 1828 2016 3392 2110">
    <p class='ocr_par' dir='ltr' id='par_1_38' title="bbox 1838 2026 3392 2101">
     <span class='ocr_line' id='line_1_38' title="bbox 1838 2026 3392 2101; baseline -0.001 -16"><span class='ocrx_word' id='word_1_282' title='bbox 1838 2039 2004 2095; x_wconf 89' lang='lat' dir='ltr'><strong>terra,</strong></span> <span class='ocrx_word' id='word_1_283' title='bbox 2028 2032 2480 2101; x_wconf 85' lang='lat' dir='ltr'><strong>quemadmodum</strong></span> <span class='ocrx_word' id='word_1_284' title='bbox 2516 2031 2727 2085; x_wconf 87' lang='lat' dir='ltr'><strong>divinus</strong></span> <span class='ocrx_word' id='word_1_285' title='bbox 2762 2027 2958 2081; x_wconf 87' lang='lat' dir='ltr'><strong>Paulus</strong></span> <span class='ocrx_word' id='word_1_286' title='bbox 3002 2026 3259 2094; x_wconf 90' lang='lat' dir='ltr'><strong>scriptum</strong></span> <span class='ocrx_word' id='word_1_287' title='bbox 3294 2045 3392 2083; x_wconf 85' lang='lat' dir='ltr'><strong>no-</strong></span> 
     </span>
    </p>
   </div>
   <div class='ocr_carea' id='block_1_39' title="bbox 180 2108 1736 2189">
    <p class='ocr_par' dir='ltr' id='par_1_39' title="bbox 180 2108 1736 2189">
     <span class='ocr_line' id='line_1_39' title="bbox 180 2108 1736 2189; baseline 0.013 -30"><span class='ocrx_word' id='word_1_288' title='bbox 180 2108 313 2177; x_wconf 75' lang='grc' dir='ltr'>ἡμῖν</span> <span class='ocrx_word' id='word_1_289' title='bbox 347 2113 547 2181; x_wconf 81' lang='grc' dir='ltr'>γράφει</span> <span class='ocrx_word' id='word_1_290' title='bbox 581 2111 808 2176; x_wconf 81' lang='grc' dir='ltr'><strong>Παῦλος.</strong></span> <span class='ocrx_word' id='word_1_291' title='bbox 850 2134 868 2167; x_wconf 78' lang='grc' dir='ltr'><strong>ι</strong></span> <span class='ocrx_word' id='word_1_292' title='bbox 917 2116 1075 2170; x_wconf 80' lang='grc' dir='ltr'>Ἀλλὰ</span> <span class='ocrx_word' id='word_1_293' title='bbox 1114 2120 1242 2189; x_wconf 79' lang='grc' dir='ltr'>ἡμῖν</span> <span class='ocrx_word' id='word_1_294' title='bbox 1281 2119 1360 2185; x_wconf 74' lang='grc' dir='ltr'><strong>εἷς</strong></span> <span class='ocrx_word' id='word_1_295' title='bbox 1406 2124 1537 2188; x_wconf 85' lang='grc' dir='ltr'>Θεὸς</span> <span class='ocrx_word' id='word_1_296' title='bbox 1563 2127 1591 2177; x_wconf 88' lang='grc' dir='ltr'><strong>ό</strong></span> <span class='ocrx_word' id='word_1_297' title='bbox 1623 2108 1736 2180; x_wconf 76' lang='grc' dir='ltr'><strong>Πα-</strong></span> 
     </span>
    </p>
   </div>
   <div class='ocr_carea' id='block_1_40' title="bbox 176 2198 1739 2283">
    <p class='ocr_par' dir='ltr' id='par_1_40' title="bbox 176 2198 1739 2283">
     <span class='ocr_line' id='line_1_40' title="bbox 176 2198 1739 2283; baseline 0.014 -33"><span class='ocrx_word' id='word_1_298' title='bbox 176 2200 279 2271; x_wconf 71' lang='grc' dir='ltr'><strong>τὴρ</strong></span> <span class='ocrx_word' id='word_1_299' title='bbox 301 2241 315 2264; x_wconf 92' lang='grc'><strong>,</strong></span> <span class='ocrx_word' id='word_1_300' title='bbox 360 2203 420 2266; x_wconf 72' lang='grc' dir='ltr'>ἐξ</span> <span class='ocrx_word' id='word_1_301' title='bbox 447 2198 506 2256; x_wconf 77' lang='grc' dir='ltr'>οὗ</span> <span class='ocrx_word' id='word_1_302' title='bbox 535 2204 601 2257; x_wconf 79' lang='grc' dir='ltr'><strong>τὰ</strong></span> <span class='ocrx_word' id='word_1_303' title='bbox 638 2206 814 2259; x_wconf 84' lang='grc' dir='ltr'>πάντα</span> <span class='ocrx_word' id='word_1_304' title='bbox 835 2247 850 2271; x_wconf 94' lang='grc'><strong>,</strong></span> <span class='ocrx_word' id='word_1_305' title='bbox 898 2209 993 2261; x_wconf 74' lang='grc' dir='ltr'>καὶ</span> <span class='ocrx_word' id='word_1_306' title='bbox 1028 2211 1184 2280; x_wconf 76' lang='grc' dir='ltr'>ἡμεῖς</span> <span class='ocrx_word' id='word_1_307' title='bbox 1211 2215 1290 2276; x_wconf 85' lang='grc' dir='ltr'><strong>είς</strong></span> <span class='ocrx_word' id='word_1_308' title='bbox 1314 2214 1506 2269; x_wconf 79' lang='grc' dir='ltr'>αὐτόν’</span> <span class='ocrx_word' id='word_1_309' title='bbox 1537 2218 1630 2270; x_wconf 75' lang='grc' dir='ltr'>καὶ</span> <span class='ocrx_word' id='word_1_310' title='bbox 1660 2213 1739 2283; x_wconf 75' lang='grc' dir='ltr'>εἷς</span> 
     </span>
    </p>
   </div>
   <div class='ocr_carea' id='block_1_41' title="bbox 178 2290 1737 2376">
    <p class='ocr_par' dir='ltr' id='par_1_41' title="bbox 178 2290 1737 2376">
     <span class='ocr_line' id='line_1_41' title="bbox 178 2290 1737 2376; baseline 0.011 -34"><span class='ocrx_word' id='word_1_311' title='bbox 178 2290 379 2361; x_wconf 81' lang='grc' dir='ltr'><strong>Κύριος</strong></span> <span class='ocrx_word' id='word_1_312' title='bbox 416 2293 621 2360; x_wconf 80' lang='grc' dir='ltr'>Ἰησοῦς</span> <span class='ocrx_word' id='word_1_313' title='bbox 649 2295 902 2364; x_wconf 87' lang='grc' dir='ltr'>Χριστὸς,</span> <span class='ocrx_word' id='word_1_314' title='bbox 927 2297 995 2349; x_wconf 82' lang='grc' dir='ltr'>δι’</span> <span class='ocrx_word' id='word_1_315' title='bbox 1023 2294 1083 2352; x_wconf 73' lang='grc' dir='ltr'><strong>οὗ</strong></span> <span class='ocrx_word' id='word_1_316' title='bbox 1112 2302 1179 2352; x_wconf 81' lang='grc' dir='ltr'>τὰ</span> <span class='ocrx_word' id='word_1_317' title='bbox 1211 2302 1410 2365; x_wconf 82' lang='grc' dir='ltr'>πάντα,</span> <span class='ocrx_word' id='word_1_318' title='bbox 1454 2307 1549 2357; x_wconf 82' lang='grc' dir='ltr'><strong>καὶ</strong></span> <span class='ocrx_word' id='word_1_319' title='bbox 1576 2306 1737 2376; x_wconf 76' lang='grc' dir='ltr'>ἡμεῖς</span> 
     </span>
    </p>
   </div>
   <div class='ocr_carea' id='block_1_42' title="bbox 176 2381 1731 2467">
    <p class='ocr_par' dir='ltr' id='par_1_42' title="bbox 176 2381 1731 2467">
     <span class='ocr_line' id='line_1_42' title="bbox 176 2381 1731 2467; baseline 0.012 -34"><span class='ocrx_word' id='word_1_320' title='bbox 176 2381 242 2433; x_wconf 79' lang='grc' dir='ltr'>δι’</span> <span class='ocrx_word' id='word_1_321' title='bbox 272 2382 458 2436; x_wconf 81' lang='grc' dir='ltr'><strong>αὐτοῦ.</strong></span> <span class='ocrx_word' id='word_1_322' title='bbox 484 2402 502 2433; x_wconf 71' lang='grc' dir='ltr'>ι</span> <span class='ocrx_word' id='word_1_323' title='bbox 534 2384 679 2455; x_wconf 82' lang='grc' dir='ltr'><strong>Πλὴν</strong></span> <span class='ocrx_word' id='word_1_324' title='bbox 707 2387 835 2439; x_wconf 83' lang='grc' dir='ltr'>ὅταν</span> <span class='ocrx_word' id='word_1_325' title='bbox 862 2387 1067 2457; x_wconf 78' lang='grc' dir='ltr'>Ἰησοῦν</span> <span class='ocrx_word' id='word_1_326' title='bbox 1094 2392 1323 2462; x_wconf 88' lang='grc' dir='ltr'>Χριστὸν</span> <span class='ocrx_word' id='word_1_327' title='bbox 1352 2394 1731 2467; x_wconf 74' lang='grc' dir='ltr'><strong>ὀνομάζωμεν,</strong></span> 
     </span>
    </p>
   </div>
   <div class='ocr_carea' id='block_1_43' title="bbox 172 2469 1732 2559">
    <p class='ocr_par' dir='ltr' id='par_1_43' title="bbox 172 2469 1732 2559">
     <span class='ocr_line' id='line_1_43' title="bbox 172 2469 1732 2559; baseline 0.012 -37"><span class='ocrx_word' id='word_1_328' title='bbox 172 2469 263 2523; x_wconf 84' lang='grc' dir='ltr'><strong>τὸν</strong></span> <span class='ocrx_word' id='word_1_329' title='bbox 304 2473 371 2524; x_wconf 84' lang='grc' dir='ltr'>ὲκ</span> <span class='ocrx_word' id='word_1_330' title='bbox 414 2471 547 2524; x_wconf 83' lang='grc' dir='ltr'>Θεοῦ</span> <span class='ocrx_word' id='word_1_331' title='bbox 594 2476 807 2545; x_wconf 88' lang='grc' dir='ltr'>Πατρὸς</span> <span class='ocrx_word' id='word_1_332' title='bbox 856 2477 1027 2546; x_wconf 84' lang='grc' dir='ltr'><strong>Λόγον</strong></span> <span class='ocrx_word' id='word_1_333' title='bbox 1075 2480 1133 2531; x_wconf 82' lang='grc' dir='ltr'><strong>ὲν</strong></span> <span class='ocrx_word' id='word_1_334' title='bbox 1179 2480 1491 2555; x_wconf 72' lang='grc' dir='ltr'>ἀνθρωπεία</span> <span class='ocrx_word' id='word_1_335' title='bbox 1551 2490 1732 2559; x_wconf 79' lang='grc' dir='ltr'>μορφῇ</span> 
     </span>
    </p>
   </div>
   <div class='ocr_carea' id='block_1_44' title="bbox 176 2562 1732 2645">
    <p class='ocr_par' dir='ltr' id='par_1_44' title="bbox 176 2562 1732 2645">
     <span class='ocr_line' id='line_1_44' title="bbox 176 2562 1732 2645; baseline 0.013 -33"><span class='ocrx_word' id='word_1_336' title='bbox 176 2562 451 2631; x_wconf 83' lang='grc' dir='ltr'><strong>πεφηνότα</strong></span> <span class='ocrx_word' id='word_1_337' title='bbox 484 2566 835 2636; x_wconf 77' lang='grc' dir='ltr'>σημαίνομεν,</span> <span class='ocrx_word' id='word_1_338' title='bbox 863 2569 959 2622; x_wconf 82' lang='grc' dir='ltr'>οὐκ</span> <span class='ocrx_word' id='word_1_339' title='bbox 984 2572 1041 2623; x_wconf 86' lang='grc' dir='ltr'><strong>ὲν</strong></span> <span class='ocrx_word' id='word_1_340' title='bbox 1066 2572 1283 2642; x_wconf 74' lang='grc' dir='ltr'>χάριτος</span> <span class='ocrx_word' id='word_1_341' title='bbox 1320 2576 1475 2645; x_wconf 83' lang='grc' dir='ltr'><strong>μέρει</strong></span> <span class='ocrx_word' id='word_1_342' title='bbox 1511 2579 1604 2631; x_wconf 74' lang='grc' dir='ltr'>καὶ</span> <span class='ocrx_word' id='word_1_343' title='bbox 1632 2581 1732 2632; x_wconf 80' lang='grc' dir='ltr'><strong>ἐπ-</strong></span> 
     </span>
    </p>
   </div>
   <div class='ocr_carea' id='block_1_45' title="bbox 172 2652 1731 2731">
    <p class='ocr_par' dir='ltr' id='par_1_45' title="bbox 172 2652 1731 2731">
     <span class='ocr_line' id='line_1_45' title="bbox 172 2652 1731 2731; baseline 0.013 -28"><span class='ocrx_word' id='word_1_344' title='bbox 172 2652 334 2705; x_wconf 89' lang='grc' dir='ltr'>ακτὸν</span> <span class='ocrx_word' id='word_1_345' title='bbox 386 2653 582 2721; x_wconf 78' lang='grc' dir='ltr'>ἔξωθεν</span> <span class='ocrx_word' id='word_1_346' title='bbox 631 2656 821 2727; x_wconf 71' lang='grc' dir='ltr'>ἔχοντα</span> <span class='ocrx_word' id='word_1_347' title='bbox 866 2660 923 2712; x_wconf 89' lang='grc' dir='ltr'>τὸ</span> <span class='ocrx_word' id='word_1_348' title='bbox 965 2659 1212 2731; x_wconf 79' lang='grc' dir='ltr'>ἀξίωμα,</span> <span class='ocrx_word' id='word_1_349' title='bbox 1256 2663 1389 2718; x_wconf 66' lang='grc' dir='ltr'>ἀλλὰ</span> <span class='ocrx_word' id='word_1_350' title='bbox 1419 2666 1548 2721; x_wconf 70' lang='grc' dir='ltr'>εντα</span> <span class='ocrx_word' id='word_1_351' title='bbox 1576 2668 1731 2724; x_wconf 83' lang='grc' dir='ltr'>τοῦτο</span> 
     </span>
    </p>
   </div>
   <div class='ocr_carea' id='block_1_46' title="bbox 174 2742 1732 2831">
    <p class='ocr_par' dir='ltr' id='par_1_46' title="bbox 174 2742 1732 2831">
     <span class='ocr_line' id='line_1_46' title="bbox 174 2742 1732 2831; baseline 0.013 -39"><span class='ocrx_word' id='word_1_352' title='bbox 174 2742 308 2794; x_wconf 77' lang='grc' dir='ltr'>κατὰ</span> <span class='ocrx_word' id='word_1_353' title='bbox 339 2744 617 2813; x_wconf 81' lang='grc' dir='ltr'>ἀλήθειαν,</span> <span class='ocrx_word' id='word_1_354' title='bbox 662 2749 799 2819; x_wconf 81' lang='grc' dir='ltr'>ὅπερ</span> <span class='ocrx_word' id='word_1_355' title='bbox 842 2745 983 2804; x_wconf 74' lang='grc' dir='ltr'>εἶναι</span> <span class='ocrx_word' id='word_1_356' title='bbox 1024 2752 1397 2808; x_wconf 84' lang='grc' dir='ltr'>πεπίστευται.</span> <span class='ocrx_word' id='word_1_357' title='bbox 1444 2756 1575 2820; x_wconf 87' lang='grc' dir='ltr'>Θεὸς</span> <span class='ocrx_word' id='word_1_358' title='bbox 1623 2760 1732 2831; x_wconf 83' lang='grc' dir='ltr'><strong>γὰρ</strong></span> 
     </span>
    </p>
   </div>
   <div class='ocr_carea' id='block_1_47' title="bbox 170 2832 1729 2919">
    <p class='ocr_par' dir='ltr' id='par_1_47' title="bbox 170 2832 1729 2919">
     <span class='ocr_line' id='line_1_47' title="bbox 170 2832 1729 2919; baseline 0.012 -35"><span class='ocrx_word' id='word_1_359' title='bbox 170 2832 241 2885; x_wconf 82' lang='grc' dir='ltr'>ὣν</span> <span class='ocrx_word' id='word_1_360' title='bbox 267 2834 428 2904; x_wconf 78' lang='grc' dir='ltr'>φύσει</span> <span class='ocrx_word' id='word_1_361' title='bbox 459 2838 551 2890; x_wconf 84' lang='grc' dir='ltr'><strong>καὶ</strong></span> <span class='ocrx_word' id='word_1_362' title='bbox 578 2837 698 2907; x_wconf 86' lang='grc' dir='ltr'>δίχα</span> <span class='ocrx_word' id='word_1_363' title='bbox 737 2840 957 2911; x_wconf 82' lang='grc' dir='ltr'>σαρκὸς,</span> <span class='ocrx_word' id='word_1_364' title='bbox 994 2842 1268 2913; x_wconf 80' lang='grc' dir='ltr'>μεμένηκε</span> <span class='ocrx_word' id='word_1_365' title='bbox 1298 2843 1429 2908; x_wconf 87' lang='grc' dir='ltr'>Θεὸς</span> <span class='ocrx_word' id='word_1_366' title='bbox 1465 2849 1558 2900; x_wconf 81' lang='grc' dir='ltr'>καὶ</span> <span class='ocrx_word' id='word_1_367' title='bbox 1592 2850 1729 2919; x_wconf 75' lang='grc' dir='ltr'>μετὰ</span> 
     </span>
    </p>
   </div>
   <div class='ocr_carea' id='block_1_48' title="bbox 172 2926 1727 3011">
    <p class='ocr_par' dir='ltr' id='par_1_48' title="bbox 172 2926 1727 3011">
     <span class='ocr_line' id='line_1_48' title="bbox 172 2926 1727 3011; baseline 0.012 -35"><span class='ocrx_word' id='word_1_368' title='bbox 172 2926 370 2994; x_wconf 85' lang='grc' dir='ltr'>σαρκός</span> <span class='ocrx_word' id='word_1_369' title='bbox 390 2943 403 2956; x_wconf 79' lang='grc'><em>’</em></span> <span class='ocrx_word' id='word_1_370' title='bbox 436 2927 529 2979; x_wconf 78' lang='grc' dir='ltr'>καὶ</span> <span class='ocrx_word' id='word_1_371' title='bbox 573 2929 696 2991; x_wconf 73' lang='grc' dir='ltr'>Υἱὸς</span> <span class='ocrx_word' id='word_1_372' title='bbox 723 2932 797 2982; x_wconf 86' lang='grc' dir='ltr'><strong>ὣν</strong></span> <span class='ocrx_word' id='word_1_373' title='bbox 827 2931 985 2999; x_wconf 83' lang='grc' dir='ltr'>φύσει</span> <span class='ocrx_word' id='word_1_374' title='bbox 1017 2935 1110 2987; x_wconf 80' lang='grc' dir='ltr'>καὶ</span> <span class='ocrx_word' id='word_1_375' title='bbox 1162 2936 1265 3005; x_wconf 90' lang='grc' dir='ltr'>πρὸ</span> <span class='ocrx_word' id='word_1_376' title='bbox 1301 2938 1518 3008; x_wconf 90' lang='grc' dir='ltr'>σαρκὸς,</span> <span class='ocrx_word' id='word_1_377' title='bbox 1557 2943 1727 3011; x_wconf 88' lang='grc' dir='ltr'>μεμέ-</span> 
     </span>
    </p>
   </div>
   <div class='ocr_carea' id='block_1_49' title="bbox 168 3014 1727 3096">
    <p class='ocr_par' dir='ltr' id='par_1_49' title="bbox 168 3014 1727 3096">
     <span class='ocr_line' id='line_1_49' title="bbox 168 3014 1727 3096; baseline 0.01 -31"><span class='ocrx_word' id='word_1_378' title='bbox 168 3029 327 3082; x_wconf 85' lang='grc' dir='ltr'>νηκεν</span> <span class='ocrx_word' id='word_1_379' title='bbox 354 3014 481 3078; x_wconf 87' lang='grc' dir='ltr'>Υίὸς</span> <span class='ocrx_word' id='word_1_380' title='bbox 522 3017 617 3069; x_wconf 76' lang='grc' dir='ltr'><strong>καὶ</strong></span> <span class='ocrx_word' id='word_1_381' title='bbox 654 3018 789 3088; x_wconf 82' lang='grc' dir='ltr'>ὅπερ</span> <span class='ocrx_word' id='word_1_382' title='bbox 819 3018 834 3057; x_wconf 85' lang='grc' dir='ltr'>ι</span> <span class='ocrx_word' id='word_1_383' title='bbox 870 3020 1057 3088; x_wconf 83' lang='grc' dir='ltr'><strong>γέγονε</strong></span> <span class='ocrx_word' id='word_1_384' title='bbox 1102 3022 1235 3090; x_wconf 76' lang='grc' dir='ltr'>σάρξ</span> <span class='ocrx_word' id='word_1_385' title='bbox 1258 3040 1270 3053; x_wconf 79' lang='grc'><em>’</em></span> <span class='ocrx_word' id='word_1_386' title='bbox 1302 3024 1393 3076; x_wconf 78' lang='grc' dir='ltr'>καὶ</span> <span class='ocrx_word' id='word_1_387' title='bbox 1419 3025 1619 3096; x_wconf 80' lang='grc' dir='ltr'><strong>Κύριος</strong></span> <span class='ocrx_word' id='word_1_388' title='bbox 1653 3025 1727 3080; x_wconf 81' lang='grc' dir='ltr'><strong>ὢν</strong></span> 
     </span>
    </p>
   </div>
   <div class='ocr_carea' id='block_1_50' title="bbox 171 3103 1724 3190">
    <p class='ocr_par' dir='ltr' id='par_1_50' title="bbox 171 3103 1724 3190">
     <span class='ocr_line' id='line_1_50' title="bbox 171 3103 1724 3190; baseline 0.015 -35"><span class='ocrx_word' id='word_1_389' title='bbox 171 3103 381 3175; x_wconf 83' lang='grc' dir='ltr'>ἀληθῶς</span> <span class='ocrx_word' id='word_1_390' title='bbox 419 3106 527 3158; x_wconf 82' lang='grc' dir='ltr'><strong>τῶν</strong></span> <span class='ocrx_word' id='word_1_391' title='bbox 560 3107 714 3171; x_wconf 86' lang='grc' dir='ltr'>ὅλων,</span> <span class='ocrx_word' id='word_1_392' title='bbox 749 3112 807 3161; x_wconf 78' lang='grc' dir='ltr'><strong>ἐν</strong></span> <span class='ocrx_word' id='word_1_393' title='bbox 852 3113 1027 3183; x_wconf 84' lang='grc' dir='ltr'>τοιᾷδε</span> <span class='ocrx_word' id='word_1_394' title='bbox 1073 3114 1235 3166; x_wconf 79' lang='grc' dir='ltr'>πάλιν</span> <span class='ocrx_word' id='word_1_395' title='bbox 1282 3115 1472 3185; x_wconf 78' lang='grc' dir='ltr'>ὁρᾶται</span> <span class='ocrx_word' id='word_1_396' title='bbox 1514 3117 1640 3190; x_wconf 79' lang='grc' dir='ltr'><strong>δόξῃ</strong></span> <span class='ocrx_word' id='word_1_397' title='bbox 1663 3131 1724 3179; x_wconf 72' lang='grc' dir='ltr'>ων</span> 
     </span>
    </p>
   </div>
   <div class='ocr_carea' id='block_1_51' title="bbox 173 3196 1727 3278">
    <p class='ocr_par' dir='ltr' id='par_1_51' title="bbox 173 3196 1727 3278">
     <span class='ocr_line' id='line_1_51' title="bbox 173 3196 1727 3278; baseline 0.01 -31"><span class='ocrx_word' id='word_1_398' title='bbox 173 3196 259 3247; x_wconf 79' lang='grc' dir='ltr'><strong>καὶ</strong></span> <span class='ocrx_word' id='word_1_399' title='bbox 288 3198 347 3248; x_wconf 81' lang='grc' dir='ltr'>ὲν</span> <span class='ocrx_word' id='word_1_400' title='bbox 377 3198 755 3270; x_wconf 85' lang='grc' dir='ltr'>ἀνθρωπότητι</span> <span class='ocrx_word' id='word_1_401' title='bbox 786 3202 1040 3269; x_wconf 84' lang='grc' dir='ltr'>γεγονώς.</span> <span class='ocrx_word' id='word_1_402' title='bbox 1068 3204 1273 3257; x_wconf 78' lang='grc' dir='ltr'>Οὐκοῦν</span> <span class='ocrx_word' id='word_1_403' title='bbox 1303 3210 1350 3258; x_wconf 87' lang='grc' dir='ltr'>εί</span> <span class='ocrx_word' id='word_1_404' title='bbox 1378 3206 1508 3261; x_wconf 83' lang='grc' dir='ltr'>Θεὸν</span> <span class='ocrx_word' id='word_1_405' title='bbox 1539 3209 1727 3278; x_wconf 82' lang='grc' dir='ltr'>ἀληθι-</span> 
     </span>
    </p>
   </div>
   <div class='ocr_carea' id='block_1_52' title="bbox 170 3282 1725 3369">
    <p class='ocr_par' dir='ltr' id='par_1_52' title="bbox 170 3282 1725 3369">
     <span class='ocr_line' id='line_1_52' title="bbox 170 3282 1725 3369; baseline 0.011 -32"><span class='ocrx_word' id='word_1_406' title='bbox 170 3285 255 3339; x_wconf 91' lang='grc' dir='ltr'><strong>νὸν</strong></span> <span class='ocrx_word' id='word_1_407' title='bbox 290 3282 428 3340; x_wconf 75' lang='grc' dir='ltr'>εἶναι</span> <span class='ocrx_word' id='word_1_408' title='bbox 460 3289 671 3358; x_wconf 83' lang='grc' dir='ltr'>λέγουσι</span> <span class='ocrx_word' id='word_1_409' title='bbox 710 3291 800 3343; x_wconf 88' lang='grc' dir='ltr'><strong>τὸν</strong></span> <span class='ocrx_word' id='word_1_410' title='bbox 827 3294 890 3344; x_wconf 85' lang='grc' dir='ltr'>ὲκ</span> <span class='ocrx_word' id='word_1_411' title='bbox 916 3295 1012 3363; x_wconf 79' lang='grc' dir='ltr'><strong>τῆς</strong></span> <span class='ocrx_word' id='word_1_412' title='bbox 1042 3296 1200 3362; x_wconf 83' lang='grc' dir='ltr'><strong>ἁγίας</strong></span> <span class='ocrx_word' id='word_1_413' title='bbox 1238 3297 1509 3367; x_wconf 82' lang='grc' dir='ltr'>Παρθένου</span> <span class='ocrx_word' id='word_1_414' title='bbox 1534 3315 1725 3369; x_wconf 88' lang='grc' dir='ltr'>γεγεν-</span> 
     </span>
    </p>
   </div>
   <div class='ocr_carea' id='block_1_53' title="bbox 169 3376 1725 3455">
    <p class='ocr_par' dir='ltr' id='par_1_53' title="bbox 169 3376 1725 3455">
     <span class='ocr_line' id='line_1_53' title="bbox 169 3376 1725 3455; baseline 0.01 -28"><span class='ocrx_word' id='word_1_415' title='bbox 169 3376 418 3443; x_wconf 82' lang='grc' dir='ltr'>νημένον,</span> <span class='ocrx_word' id='word_1_416' title='bbox 458 3379 703 3432; x_wconf 84' lang='grc' dir='ltr'><strong>τουτέστι</strong></span> <span class='ocrx_word' id='word_1_417' title='bbox 732 3380 819 3433; x_wconf 88' lang='grc' dir='ltr'><strong>τὸν</strong></span> <span class='ocrx_word' id='word_1_418' title='bbox 847 3383 909 3434; x_wconf 84' lang='grc' dir='ltr'>ἐκ</span> <span class='ocrx_word' id='word_1_419' title='bbox 945 3382 1076 3435; x_wconf 80' lang='grc' dir='ltr'>Θεοῦ</span> <span class='ocrx_word' id='word_1_420' title='bbox 1109 3385 1318 3454; x_wconf 81' lang='grc' dir='ltr'>Πατρὸς</span> <span class='ocrx_word' id='word_1_421' title='bbox 1358 3386 1549 3455; x_wconf 86' lang='grc' dir='ltr'><strong>Λόγον,</strong></span> <span class='ocrx_word' id='word_1_422' title='bbox 1588 3390 1725 3443; x_wconf 72' lang='grc' dir='ltr'>κατὰ</span> 
     </span>
    </p>
   </div>
   <div class='ocr_carea' id='block_1_54' title="bbox 170 3466 1723 3547">
    <p class='ocr_par' dir='ltr' id='par_1_54' title="bbox 170 3466 1723 3547">
     <span class='ocr_line' id='line_1_54' title="bbox 170 3466 1723 3547; baseline 0.01 -30"><span class='ocrx_word' id='word_1_423' title='bbox 170 3466 327 3532; x_wconf 82' lang='grc' dir='ltr'>φύσιν</span> <span class='ocrx_word' id='word_1_424' title='bbox 360 3470 628 3524; x_wconf 81' lang='grc' dir='ltr'>ὲνωθὲντα</span> <span class='ocrx_word' id='word_1_425' title='bbox 659 3474 843 3543; x_wconf 72' lang='grc' dir='ltr'>σαρκὶ,</span> <span class='ocrx_word' id='word_1_426' title='bbox 863 3474 949 3527; x_wconf 74' lang='grc' dir='ltr'><strong>διὰ</strong></span> <span class='ocrx_word' id='word_1_427' title='bbox 978 3475 1029 3526; x_wconf 86' lang='grc' dir='ltr'>τί</span> <span class='ocrx_word' id='word_1_428' title='bbox 1059 3476 1292 3530; x_wconf 81' lang='grc' dir='ltr'><strong>δεδίασιν</strong></span> <span class='ocrx_word' id='word_1_429' title='bbox 1321 3479 1623 3547; x_wconf 81' lang='grc' dir='ltr'>ὁμολογεῖν,</span> <span class='ocrx_word' id='word_1_430' title='bbox 1642 3482 1723 3533; x_wconf 84' lang='grc' dir='ltr'><strong>ὅτι.</strong></span> 
     </span>
    </p>
   </div>
   <div class='ocr_carea' id='block_1_55' title="bbox 169 3556 1721 3634">
    <p class='ocr_par' dir='ltr' id='par_1_55' title="bbox 169 3556 1721 3634">
     <span class='ocr_line' id='line_1_55' title="bbox 169 3556 1721 3634; baseline 0.011 -26"><span class='ocrx_word' id='word_1_431' title='bbox 169 3556 421 3620; x_wconf 82' lang='grc' dir='ltr'>Θεοτόκος</span> <span class='ocrx_word' id='word_1_432' title='bbox 457 3562 661 3629; x_wconf 77' lang='grc' dir='ltr'><strong>ἑστὶνὴ</strong></span> <span class='ocrx_word' id='word_1_433' title='bbox 696 3564 823 3629; x_wconf 83' lang='grc' dir='ltr'>ἁγία</span> <span class='ocrx_word' id='word_1_434' title='bbox 852 3566 1158 3634; x_wconf 83' lang='grc' dir='ltr'>Παρθένος;</span> <span class='ocrx_word' id='word_1_435' title='bbox 1199 3567 1360 3621; x_wconf 80' lang='grc' dir='ltr'>Ἀλλὰ</span> <span class='ocrx_word' id='word_1_436' title='bbox 1387 3570 1587 3633; x_wconf 80' lang='grc' dir='ltr'>σκοπὸς</span> <span class='ocrx_word' id='word_1_437' title='bbox 1625 3573 1721 3624; x_wconf 77' lang='grc' dir='ltr'><strong>αὖ·</strong></span> 
     </span>
    </p>
   </div>
   <div class='ocr_carea' id='block_1_56' title="bbox 170 3648 1724 3727">
    <p class='ocr_par' dir='ltr' id='par_1_56' title="bbox 170 3648 1724 3727">
     <span class='ocr_line' id='line_1_56' title="bbox 170 3648 1724 3727; baseline 0.012 -32"><span class='ocrx_word' id='word_1_438' title='bbox 170 3648 278 3709; x_wconf 73' lang='grc' dir='ltr'>τοῖς</span> <span class='ocrx_word' id='word_1_439' title='bbox 305 3648 736 3703; x_wconf 81' lang='grc' dir='ltr'>ὑποπλάττεσθαι</span> <span class='ocrx_word' id='word_1_440' title='bbox 766 3652 884 3721; x_wconf 82' lang='grc' dir='ltr'>μὲν,</span> <span class='ocrx_word' id='word_1_441' title='bbox 919 3656 1011 3706; x_wconf 73' lang='grc' dir='ltr'>καὶ</span> <span class='ocrx_word' id='word_1_442' title='bbox 1042 3655 1237 3723; x_wconf 84' lang='grc' dir='ltr'>λέγειν,</span> <span class='ocrx_word' id='word_1_443' title='bbox 1261 3658 1341 3710; x_wconf 84' lang='grc' dir='ltr'><strong>ὅτι</strong></span> <span class='ocrx_word' id='word_1_444' title='bbox 1373 3660 1460 3713; x_wconf 76' lang='grc' dir='ltr'>ναὶ</span> <span class='ocrx_word' id='word_1_445' title='bbox 1486 3662 1578 3713; x_wconf 76' lang='grc' dir='ltr'>καὶ</span> <span class='ocrx_word' id='word_1_446' title='bbox 1593 3662 1724 3727; x_wconf 86' lang='grc' dir='ltr'>Θεός</span> 
     </span>
    </p>
   </div>
   <div class='ocr_carea' id='block_1_57' title="bbox 169 3733 1715 3818">
    <p class='ocr_par' dir='ltr' id='par_1_57' title="bbox 169 3733 1715 3818">
     <span class='ocr_line' id='line_1_57' title="bbox 169 3733 1715 3818; baseline 0.011 -33"><span class='ocrx_word' id='word_1_447' title='bbox 169 3733 301 3794; x_wconf 58' lang='grc' dir='ltr'>ἔστι,</span> <span class='ocrx_word' id='word_1_448' title='bbox 348 3737 443 3788; x_wconf 78' lang='grc' dir='ltr'>καὶ</span> <span class='ocrx_word' id='word_1_449' title='bbox 488 3736 689 3807; x_wconf 77' lang='grc' dir='ltr'><strong>Κύριος</strong></span> <span class='ocrx_word' id='word_1_450' title='bbox 715 3778 728 3802; x_wconf 89' lang='grc'><strong>,</strong></span> <span class='ocrx_word' id='word_1_451' title='bbox 758 3741 851 3792; x_wconf 77' lang='grc' dir='ltr'>καὶ</span> <span class='ocrx_word' id='word_1_452' title='bbox 886 3742 1188 3814; x_wconf 76' lang='grc' dir='ltr'>συνεδρεύει</span> <span class='ocrx_word' id='word_1_453' title='bbox 1235 3744 1310 3814; x_wconf 80' lang='grc' dir='ltr'><strong>τῷ</strong></span> <span class='ocrx_word' id='word_1_454' title='bbox 1358 3747 1552 3817; x_wconf 75' lang='grc' dir='ltr'>Πατρε.</span> <span class='ocrx_word' id='word_1_455' title='bbox 1587 3751 1715 3818; x_wconf 83' lang='grc' dir='ltr'>Φρο-</span> 
     </span>
    </p>
   </div>
   <div class='ocr_carea' id='block_1_58' title="bbox 168 3825 1720 3904">
    <p class='ocr_par' dir='ltr' id='par_1_58' title="bbox 168 3825 1720 3904">
     <span class='ocr_line' id='line_1_58' title="bbox 168 3825 1720 3904; baseline 0.013 -29"><span class='ocrx_word' id='word_1_456' title='bbox 168 3825 313 3877; x_wconf 83' lang='grc' dir='ltr'>νοῦσί</span> <span class='ocrx_word' id='word_1_457' title='bbox 339 3843 405 3895; x_wconf 92' lang='grc' dir='ltr'>γε</span> <span class='ocrx_word' id='word_1_458' title='bbox 454 3826 559 3897; x_wconf 83' lang='grc' dir='ltr'>μὴν</span> <span class='ocrx_word' id='word_1_459' title='bbox 588 3829 683 3897; x_wconf 77' lang='grc' dir='ltr'><strong>οὐχ</strong></span> <span class='ocrx_word' id='word_1_460' title='bbox 712 3828 853 3882; x_wconf 78' lang='grc' dir='ltr'>οὕτω</span> <span class='ocrx_word' id='word_1_461' title='bbox 896 3835 1037 3885; x_wconf 75' lang='grc' dir='ltr'>κατά</span> <span class='ocrx_word' id='word_1_462' title='bbox 1084 3834 1361 3903; x_wconf 80' lang='grc' dir='ltr'>ἀλήθειαν,</span> <span class='ocrx_word' id='word_1_463' title='bbox 1395 3837 1511 3891; x_wconf 77' lang='grc' dir='ltr'>ἀλλ’</span> <span class='ocrx_word' id='word_1_464' title='bbox 1558 3840 1631 3904; x_wconf 83' lang='grc' dir='ltr'>ὡς</span> <span class='ocrx_word' id='word_1_465' title='bbox 1664 3845 1720 3895; x_wconf 81' lang='grc' dir='ltr'><strong>ἐν</strong></span> 
     </span>
    </p>
   </div>
   <div class='ocr_carea' id='block_1_59' title="bbox 167 3915 1720 4000">
    <p class='ocr_par' dir='ltr' id='par_1_59' title="bbox 167 3915 1720 4000">
     <span class='ocr_line' id='line_1_59' title="bbox 167 3915 1720 4000; baseline 0.012 -32"><span class='ocrx_word' id='word_1_466' title='bbox 167 3915 381 3989; x_wconf 87' lang='grc' dir='ltr'>χάριτος</span> <span class='ocrx_word' id='word_1_467' title='bbox 427 3918 603 3992; x_wconf 81' lang='grc' dir='ltr'>μέρει,</span> <span class='ocrx_word' id='word_1_468' title='bbox 636 3920 729 3972; x_wconf 81' lang='grc' dir='ltr'>καὶ</span> <span class='ocrx_word' id='word_1_469' title='bbox 764 3921 839 3983; x_wconf 86' lang='grc' dir='ltr'><strong>ὡς</strong></span> <span class='ocrx_word' id='word_1_470' title='bbox 869 3923 933 3975; x_wconf 81' lang='grc' dir='ltr'>ὲκ</span> <span class='ocrx_word' id='word_1_471' title='bbox 974 3927 1252 3997; x_wconf 81' lang='grc' dir='ltr'><strong>προκοπῆς</strong></span> <span class='ocrx_word' id='word_1_472' title='bbox 1299 3928 1541 3983; x_wconf 86' lang='grc' dir='ltr'>δεδόσθαι</span> <span class='ocrx_word' id='word_1_473' title='bbox 1588 3934 1720 4000; x_wconf 78' lang='grc' dir='ltr'>φασὶ</span> 
     </span>
    </p>
   </div>
   <div class='ocr_carea' id='block_1_60' title="bbox 166 4006 1718 4090">
    <p class='ocr_par' dir='ltr' id='par_1_60' title="bbox 166 4006 1718 4090">
     <span class='ocr_line' id='line_1_60' title="bbox 166 4006 1718 4090; baseline 0.012 -31"><span class='ocrx_word' id='word_1_474' title='bbox 166 4006 238 4076; x_wconf 84' lang='grc' dir='ltr'><strong>τῷ</strong></span> <span class='ocrx_word' id='word_1_475' title='bbox 284 4008 349 4062; x_wconf 78' lang='grc' dir='ltr'>ὲκ</span> <span class='ocrx_word' id='word_1_476' title='bbox 386 4009 483 4077; x_wconf 84' lang='grc' dir='ltr'><strong>τῆς</strong></span> <span class='ocrx_word' id='word_1_477' title='bbox 532 4009 690 4077; x_wconf 78' lang='grc' dir='ltr'>ἁγίας</span> <span class='ocrx_word' id='word_1_478' title='bbox 738 4010 1014 4081; x_wconf 79' lang='grc' dir='ltr'>Παρθένου</span> <span class='ocrx_word' id='word_1_479' title='bbox 1045 4016 1206 4086; x_wconf 80' lang='grc' dir='ltr'><strong>κοινῷ</strong></span> <span class='ocrx_word' id='word_1_480' title='bbox 1259 4017 1377 4071; x_wconf 86' lang='grc' dir='ltr'>καθ’</span> <span class='ocrx_word' id='word_1_481' title='bbox 1431 4022 1578 4090; x_wconf 79' lang='grc' dir='ltr'>ἡμᾶς</span> <span class='ocrx_word' id='word_1_482' title='bbox 1624 4025 1718 4077; x_wconf 88' lang='grc' dir='ltr'><strong>ἁν-</strong></span> 
     </span>
    </p>
   </div>
   <div class='ocr_carea' id='block_1_61' title="bbox 168 4096 1718 4187">
    <p class='ocr_par' dir='ltr' id='par_1_61' title="bbox 168 4096 1718 4187">
     <span class='ocr_line' id='line_1_61' title="bbox 168 4096 1718 4187; baseline 0.014 -37"><span class='ocrx_word' id='word_1_483' title='bbox 168 4096 360 4171; x_wconf 83' lang='grc' dir='ltr'>θρὼπῳ</span> <span class='ocrx_word' id='word_1_484' title='bbox 389 4104 771 4173; x_wconf 84' lang='grc' dir='ltr'><strong>γεγεννημένῳ</strong></span> <span class='ocrx_word' id='word_1_485' title='bbox 810 4106 910 4175; x_wconf 82' lang='grc' dir='ltr'><strong>τήν</strong></span> <span class='ocrx_word' id='word_1_486' title='bbox 959 4123 1017 4159; x_wconf 81' lang='grc' dir='ltr'>τε</span> <span class='ocrx_word' id='word_1_487' title='bbox 1056 4109 1153 4180; x_wconf 83' lang='grc' dir='ltr'><strong>τῆς</strong></span> <span class='ocrx_word' id='word_1_488' title='bbox 1194 4110 1437 4182; x_wconf 85' lang='grc' dir='ltr'>υίότητος</span> <span class='ocrx_word' id='word_1_489' title='bbox 1480 4100 1718 4187; x_wconf 78' lang='grc' dir='ltr'>καὶτῆς</span> 
     </span>
    </p>
   </div>
   <div class='ocr_carea' id='block_1_62' title="bbox 168 4194 692 4263">
    <p class='ocr_par' dir='ltr' id='par_1_62' title="bbox 168 4194 692 4263">
     <span class='ocr_line' id='line_1_62' title="bbox 168 4194 692 4263; baseline 0.015 -21"><span class='ocrx_word' id='word_1_490' title='bbox 168 4194 479 4263; x_wconf 80' lang='grc' dir='ltr'><strong>κυριότητος</strong></span> <span class='ocrx_word' id='word_1_491' title='bbox 515 4194 692 4258; x_wconf 80' lang='grc' dir='ltr'>δόξαν.</span> 
     </span>
    </p>
   </div>
   <div class='ocr_carea' id='block_1_63' title="bbox 1836 2117 3392 2192">
    <p class='ocr_par' dir='ltr' id='par_1_63' title="bbox 1836 2117 3392 2192">
     <span class='ocr_line' id='line_1_63' title="bbox 1836 2117 3392 2192; baseline -0.001 -15"><span class='ocrx_word' id='word_1_492' title='bbox 1836 2123 1920 2177; x_wconf 89' lang='lat' dir='ltr'><strong>bis</strong></span> <span class='ocrx_word' id='word_1_493' title='bbox 1953 2123 2169 2192; x_wconf 88' lang='lat' dir='ltr'><strong>reliquit</strong></span> <span class='ocrx_word' id='word_1_494' title='bbox 2199 2139 2212 2173; x_wconf 94' lang='lat'>:</span> <span class='ocrx_word' id='word_1_495' title='bbox 2261 2141 2280 2174; x_wconf 74' lang='grc' dir='ltr'><strong>ι</strong></span> <span class='ocrx_word' id='word_1_496' title='bbox 2323 2121 2489 2177; x_wconf 80' lang='lat' dir='ltr'><strong>Nobis</strong></span> <span class='ocrx_word' id='word_1_497' title='bbox 2520 2131 2704 2176; x_wconf 87' lang='lat' dir='ltr'><strong>tamen</strong></span> <span class='ocrx_word' id='word_1_498' title='bbox 2750 2136 2887 2175; x_wconf 91' lang='lat' dir='ltr'><strong>unus</strong></span> <span class='ocrx_word' id='word_1_499' title='bbox 2922 2126 3003 2174; x_wconf 85' lang='lat' dir='ltr'><strong>est</strong></span> <span class='ocrx_word' id='word_1_500' title='bbox 3044 2118 3179 2172; x_wconf 88' lang='lat' dir='ltr'><strong>Deus</strong></span> <span class='ocrx_word' id='word_1_501' title='bbox 3215 2117 3392 2186; x_wconf 89' lang='lat' dir='ltr'><strong>Pater,</strong></span> 
     </span>
    </p>
   </div>
   <div class='ocr_carea' id='block_1_64' title="bbox 1835 2207 3392 2281">
    <p class='ocr_par' dir='ltr' id='par_1_64' title="bbox 1835 2207 3392 2281">
     <span class='ocr_line' id='line_1_64' title="bbox 1835 2207 3392 2281; baseline -0.001 -16"><span class='ocrx_word' id='word_1_502' title='bbox 1835 2227 1902 2266; x_wconf 85' lang='lat' dir='ltr'><strong>ex</strong></span> <span class='ocrx_word' id='word_1_503' title='bbox 1934 2228 2039 2281; x_wconf 91' lang='lat' dir='ltr'><strong>quo</strong></span> <span class='ocrx_word' id='word_1_504' title='bbox 2063 2214 2266 2279; x_wconf 90' lang='lat' dir='ltr'><strong>omnia,</strong></span> <span class='ocrx_word' id='word_1_505' title='bbox 2301 2221 2356 2266; x_wconf 91' lang='lat' dir='ltr'><strong>et</strong></span> <span class='ocrx_word' id='word_1_506' title='bbox 2402 2226 2501 2267; x_wconf 91' lang='lat' dir='ltr'><strong>nos</strong></span> <span class='ocrx_word' id='word_1_507' title='bbox 2546 2211 2599 2265; x_wconf 91' lang='lat' dir='ltr'><strong>in</strong></span> <span class='ocrx_word' id='word_1_508' title='bbox 2641 2211 2833 2265; x_wconf 92' lang='lat' dir='ltr'><strong>illum:</strong></span> <span class='ocrx_word' id='word_1_509' title='bbox 2878 2218 2933 2263; x_wconf 95' lang='lat' dir='ltr'><strong>et</strong></span> <span class='ocrx_word' id='word_1_510' title='bbox 2969 2222 3108 2262; x_wconf 92' lang='lat' dir='ltr'><strong>unus</strong></span> <span class='ocrx_word' id='word_1_511' title='bbox 3144 2207 3392 2265; x_wconf 86' lang='lat' dir='ltr'><strong>Dominus</strong></span> 
     </span>
    </p>
   </div>
   <div class='ocr_carea' id='block_1_65' title="bbox 1837 2298 3391 2372">
    <p class='ocr_par' dir='ltr' id='par_1_65' title="bbox 1837 2298 3391 2372">
     <span class='ocr_line' id='line_1_65' title="bbox 1837 2298 3391 2372; baseline -0.004 -15"><span class='ocrx_word' id='word_1_512' title='bbox 1837 2314 2020 2357; x_wconf 89' lang='lat' dir='ltr'><strong>noster</strong></span> <span class='ocrx_word' id='word_1_513' title='bbox 2052 2302 2206 2358; x_wconf 88' lang='lat' dir='ltr'><strong>Jesus</strong></span> <span class='ocrx_word' id='word_1_514' title='bbox 2240 2303 2505 2369; x_wconf 83' lang='lat' dir='ltr'><strong>Christus,</strong></span> <span class='ocrx_word' id='word_1_515' title='bbox 2541 2317 2633 2372; x_wconf 91' lang='lat' dir='ltr'><strong>per</strong></span> <span class='ocrx_word' id='word_1_516' title='bbox 2664 2316 2822 2370; x_wconf 91' lang='lat' dir='ltr'><strong>quem</strong></span> <span class='ocrx_word' id='word_1_517' title='bbox 2853 2298 3054 2360; x_wconf 87' lang='lat' dir='ltr'><strong>omnia,</strong></span> <span class='ocrx_word' id='word_1_518' title='bbox 3090 2306 3143 2351; x_wconf 91' lang='lat' dir='ltr'><strong>et</strong></span> <span class='ocrx_word' id='word_1_519' title='bbox 3176 2312 3270 2352; x_wconf 91' lang='lat' dir='ltr'><strong>nos</strong></span> <span class='ocrx_word' id='word_1_520' title='bbox 3298 2313 3391 2366; x_wconf 89' lang='lat' dir='ltr'><strong>per</strong></span> 
     </span>
    </p>
   </div>
   <div class='ocr_carea' id='block_1_66' title="bbox 1834 2381 3392 2461">
    <p class='ocr_par' dir='ltr' id='par_1_66' title="bbox 1834 2381 3392 2461">
     <span class='ocr_line' id='line_1_66' title="bbox 1834 2381 3392 2461; baseline -0.003 -14"><span class='ocrx_word' id='word_1_521' title='bbox 1834 2392 2010 2461; x_wconf 91' lang='lat' dir='ltr'><strong>ipsum</strong></span> <span class='ocrx_word' id='word_1_522' title='bbox 2036 2394 2104 2445; x_wconf 79' lang='grc'><strong>⁷⁸.</strong></span> <span class='ocrx_word' id='word_1_523' title='bbox 2141 2412 2160 2444; x_wconf 69' lang='grc' dir='ltr'>ι</span> <span class='ocrx_word' id='word_1_524' title='bbox 2193 2393 2456 2447; x_wconf 63' lang='lat' dir='ltr'><strong>Caeterum</strong></span> <span class='ocrx_word' id='word_1_525' title='bbox 2498 2407 2620 2446; x_wconf 90' lang='lat' dir='ltr'><strong>cum</strong></span> <span class='ocrx_word' id='word_1_526' title='bbox 2663 2391 2754 2445; x_wconf 90' lang='lat' dir='ltr'><strong>Dei</strong></span> <span class='ocrx_word' id='word_1_527' title='bbox 2803 2389 2979 2443; x_wconf 85' lang='lat' dir='ltr'><strong>Patris</strong></span> <span class='ocrx_word' id='word_1_528' title='bbox 3006 2381 3239 2442; x_wconf 81' lang='lat' dir='ltr'><strong>Verbum</strong></span> <span class='ocrx_word' id='word_1_529' title='bbox 3283 2387 3392 2443; x_wconf 88' lang='lat' dir='ltr'><strong>bu-</strong></span> 
     </span>
    </p>
   </div>
   <div class='ocr_carea' id='block_1_67' title="bbox 1835 2480 3388 2549">
    <p class='ocr_par' dir='ltr' id='par_1_67' title="bbox 1835 2480 3388 2549">
     <span class='ocr_line' id='line_1_67' title="bbox 1835 2480 3388 2549; baseline -0.002 -13"><span class='ocrx_word' id='word_1_530' title='bbox 1835 2499 1992 2537; x_wconf 86' lang='lat' dir='ltr'><strong>mana</strong></span> <span class='ocrx_word' id='word_1_531' title='bbox 2026 2482 2195 2537; x_wconf 79' lang='lat' dir='ltr'><strong>forma</strong></span> <span class='ocrx_word' id='word_1_532' title='bbox 2227 2484 2496 2549; x_wconf 89' lang='lat' dir='ltr'><strong>indutum,</strong></span> <span class='ocrx_word' id='word_1_533' title='bbox 2527 2481 2709 2537; x_wconf 84' lang='lat' dir='ltr'><strong>Jesum</strong></span> <span class='ocrx_word' id='word_1_534' title='bbox 2736 2481 3009 2536; x_wconf 87' lang='lat' dir='ltr'><strong>Christum</strong></span> <span class='ocrx_word' id='word_1_535' title='bbox 3032 2480 3388 2547; x_wconf 85' lang='lat' dir='ltr'><strong>nominamus,</strong></span> 
     </span>
    </p>
   </div>
   <div class='ocr_carea' id='block_1_68' title="bbox 1833 2570 3386 2645">
    <p class='ocr_par' dir='ltr' id='par_1_68' title="bbox 1833 2570 3386 2645">
     <span class='ocr_line' id='line_1_68' title="bbox 1833 2570 3386 2645; baseline -0.003 -16"><span class='ocrx_word' id='word_1_536' title='bbox 1833 2576 2148 2645; x_wconf 87' lang='lat' dir='ltr'><strong>dignitatem</strong></span> <span class='ocrx_word' id='word_1_537' title='bbox 2186 2577 2329 2630; x_wconf 86' lang='lat' dir='ltr'><strong>hanc</strong></span> <span class='ocrx_word' id='word_1_538' title='bbox 2361 2590 2466 2631; x_wconf 90' lang='lat' dir='ltr'><strong>non</strong></span> <span class='ocrx_word' id='word_1_539' title='bbox 2503 2578 2710 2629; x_wconf 87' lang='lat' dir='ltr'><strong>muneri</strong></span> <span class='ocrx_word' id='word_1_540' title='bbox 2744 2574 2949 2636; x_wconf 87' lang='lat' dir='ltr'><strong>datam,</strong></span> <span class='ocrx_word' id='word_1_541' title='bbox 2980 2579 3075 2625; x_wconf 87' lang='lat' dir='ltr'><strong>aut</strong></span> <span class='ocrx_word' id='word_1_542' title='bbox 3104 2570 3153 2626; x_wconf 90' lang='lat' dir='ltr'><strong>ei</strong></span> <span class='ocrx_word' id='word_1_543' title='bbox 3184 2574 3386 2626; x_wconf 87' lang='lat' dir='ltr'><strong>extrin-</strong></span> 
     </span>
    </p>
   </div>
   <div class='ocr_carea' id='block_1_69' title="bbox 1830 2660 3389 2733">
    <p class='ocr_par' dir='ltr' id='par_1_69' title="bbox 1830 2660 3389 2733">
     <span class='ocr_line' id='line_1_69' title="bbox 1830 2660 3389 2733; baseline -0.002 -14"><span class='ocrx_word' id='word_1_544' title='bbox 1830 2678 1987 2719; x_wconf 86' lang='lat' dir='ltr'><strong>secus</strong></span> <span class='ocrx_word' id='word_1_545' title='bbox 2021 2665 2372 2718; x_wconf 88' lang='lat' dir='ltr'><strong>adventitiam</strong></span> <span class='ocrx_word' id='word_1_546' title='bbox 2410 2664 2668 2733; x_wconf 81' lang='lat' dir='ltr'><strong>obtigisse</strong></span> <span class='ocrx_word' id='word_1_547' title='bbox 2702 2660 3097 2733; x_wconf 88' lang='lat' dir='ltr'><strong>significamus;</strong></span> <span class='ocrx_word' id='word_1_548' title='bbox 3132 2660 3224 2714; x_wconf 86' lang='lat' dir='ltr'><strong>sed</strong></span> <span class='ocrx_word' id='word_1_549' title='bbox 3250 2663 3389 2729; x_wconf 89' lang='lat' dir='ltr'><strong>quod</strong></span> 
     </span>
    </p>
   </div>
   <div class='ocr_carea' id='block_1_70' title="bbox 1830 2750 3387 2821">
    <p class='ocr_par' dir='ltr' id='par_1_70' title="bbox 1830 2750 3387 2821">
     <span class='ocr_line' id='line_1_70' title="bbox 1830 2750 3387 2821; baseline -0.003 -12"><span class='ocrx_word' id='word_1_550' title='bbox 1830 2758 2094 2809; x_wconf 86' lang='lat' dir='ltr'><strong>creditum</strong></span> <span class='ocrx_word' id='word_1_551' title='bbox 2126 2765 2210 2809; x_wconf 90' lang='lat' dir='ltr'><strong>est</strong></span> <span class='ocrx_word' id='word_1_552' title='bbox 2240 2768 2382 2819; x_wconf 89' lang='lat' dir='ltr'><strong>esse,</strong></span> <span class='ocrx_word' id='word_1_553' title='bbox 2418 2755 2520 2808; x_wconf 86' lang='lat' dir='ltr'><strong>hoc</strong></span> <span class='ocrx_word' id='word_1_554' title='bbox 2555 2754 2726 2821; x_wconf 90' lang='lat' dir='ltr'><strong>ipsum</strong></span> <span class='ocrx_word' id='word_1_555' title='bbox 2769 2751 3067 2807; x_wconf 87' lang='lat' dir='ltr'><strong>secundum</strong></span> <span class='ocrx_word' id='word_1_556' title='bbox 3114 2750 3387 2805; x_wconf 79' lang='lat' dir='ltr'><strong>veritatem</strong></span> 
     </span>
    </p>
   </div>
   <div class='ocr_carea' id='block_1_71' title="bbox 1830 2843 3390 2910">
    <p class='ocr_par' dir='ltr' id='par_1_71' title="bbox 1830 2843 3390 2910">
     <span class='ocr_line' id='line_1_71' title="bbox 1830 2843 3390 2910; baseline -0.001 -11"><span class='ocrx_word' id='word_1_557' title='bbox 1830 2858 1951 2899; x_wconf 89' lang='lat' dir='ltr'><strong>esse</strong></span> <span class='ocrx_word' id='word_1_558' title='bbox 1974 2844 2294 2900; x_wconf 87' lang='lat' dir='ltr'><strong>indicamus.</strong></span> <span class='ocrx_word' id='word_1_559' title='bbox 2322 2843 2455 2897; x_wconf 84' lang='lat' dir='ltr'><strong>Nam</strong></span> <span class='ocrx_word' id='word_1_560' title='bbox 2482 2859 2605 2898; x_wconf 91' lang='lat' dir='ltr'><strong>cum</strong></span> <span class='ocrx_word' id='word_1_561' title='bbox 2639 2852 2791 2897; x_wconf 80' lang='lat' dir='ltr'><strong>extra</strong></span> <span class='ocrx_word' id='word_1_562' title='bbox 2820 2857 3041 2897; x_wconf 87' lang='lat' dir='ltr'><strong>carnem</strong></span> <span class='ocrx_word' id='word_1_563' title='bbox 3082 2853 3265 2910; x_wconf 87' lang='lat' dir='ltr'><strong>suapte</strong></span> <span class='ocrx_word' id='word_1_564' title='bbox 3296 2860 3390 2897; x_wconf 85' lang='lat' dir='ltr'><strong>na-</strong></span> 
     </span>
    </p>
   </div>
   <div class='ocr_carea' id='block_1_72' title="bbox 1831 2933 3389 3006">
    <p class='ocr_par' dir='ltr' id='par_1_72' title="bbox 1831 2933 3389 3006">
     <span class='ocr_line' id='line_1_72' title="bbox 1831 2933 3389 3006; baseline 0 -16"><span class='ocrx_word' id='word_1_565' title='bbox 1831 2946 1955 2990; x_wconf 90' lang='lat' dir='ltr'><strong>tura</strong></span> <span class='ocrx_word' id='word_1_566' title='bbox 1994 2935 2133 2991; x_wconf 90' lang='lat' dir='ltr'><strong>Deus</strong></span> <span class='ocrx_word' id='word_1_567' title='bbox 2164 2946 2331 3001; x_wconf 85' lang='lat' dir='ltr'><strong>esset,</strong></span> <span class='ocrx_word' id='word_1_568' title='bbox 2363 2945 2718 3006; x_wconf 88' lang='lat' dir='ltr'><strong>posteaquam</strong></span> <span class='ocrx_word' id='word_1_569' title='bbox 2766 2947 2983 2989; x_wconf 87' lang='lat' dir='ltr'><strong>carnem</strong></span> <span class='ocrx_word' id='word_1_570' title='bbox 3032 2934 3219 3000; x_wconf 92' lang='lat' dir='ltr'><strong>induit,</strong></span> <span class='ocrx_word' id='word_1_571' title='bbox 3252 2933 3389 2990; x_wconf 85' lang='lat' dir='ltr'><strong>Deus</strong></span> 
     </span>
    </p>
   </div>
   <div class='ocr_carea' id='block_1_73' title="bbox 1828 3025 3387 3094">
    <p class='ocr_par' dir='ltr' id='par_1_73' title="bbox 1828 3025 3387 3094">
     <span class='ocr_line' id='line_1_73' title="bbox 1828 3025 3387 3094; baseline -0.001 -12"><span class='ocrx_word' id='word_1_572' title='bbox 1828 3042 1950 3082; x_wconf 85' lang='lat' dir='ltr'><strong>esse</strong></span> <span class='ocrx_word' id='word_1_573' title='bbox 1985 3041 2089 3082; x_wconf 93' lang='lat' dir='ltr'><strong>non</strong></span> <span class='ocrx_word' id='word_1_574' title='bbox 2135 3027 2362 3082; x_wconf 85' lang='lat' dir='ltr'><strong>destitit.</strong></span> <span class='ocrx_word' id='word_1_575' title='bbox 2420 3025 2653 3080; x_wconf 80' lang='lat' dir='ltr'><strong>Rursum</strong></span> <span class='ocrx_word' id='word_1_576' title='bbox 2710 3041 2836 3081; x_wconf 88' lang='lat' dir='ltr'><strong>enm</strong></span> <span class='ocrx_word' id='word_1_577' title='bbox 2885 3035 3011 3079; x_wconf 87' lang='lat' dir='ltr'><strong>ante</strong></span> <span class='ocrx_word' id='word_1_578' title='bbox 3065 3034 3387 3094; x_wconf 85' lang='lat' dir='ltr'><strong>assumptatn</strong></span> 
     </span>
    </p>
   </div>
   <div class='ocr_carea' id='block_1_74' title="bbox 1831 3117 3391 3185">
    <p class='ocr_par' dir='ltr' id='par_1_74' title="bbox 1831 3117 3391 3185">
     <span class='ocr_line' id='line_1_74' title="bbox 1831 3117 3391 3185; baseline -0.001 -12"><span class='ocrx_word' id='word_1_579' title='bbox 1831 3133 2053 3173; x_wconf 85' lang='lat' dir='ltr'><strong>carnem</strong></span> <span class='ocrx_word' id='word_1_580' title='bbox 2109 3119 2374 3172; x_wconf 87' lang='lat' dir='ltr'><strong>naturalis</strong></span> <span class='ocrx_word' id='word_1_581' title='bbox 2425 3117 2517 3173; x_wconf 86' lang='lat' dir='ltr'><strong>Dei</strong></span> <span class='ocrx_word' id='word_1_582' title='bbox 2575 3117 2746 3173; x_wconf 91' lang='lat' dir='ltr'><strong>Filius</strong></span> <span class='ocrx_word' id='word_1_583' title='bbox 2784 3127 2959 3181; x_wconf 87' lang='lat' dir='ltr'><strong>esset,</strong></span> <span class='ocrx_word' id='word_1_584' title='bbox 3004 3117 3218 3185; x_wconf 89' lang='lat' dir='ltr'><strong>quando</strong></span> <span class='ocrx_word' id='word_1_585' title='bbox 3262 3133 3391 3173; x_wconf 90' lang='lat' dir='ltr'><strong>caro</strong></span> 
     </span>
    </p>
   </div>
   <div class='ocr_carea' id='block_1_75' title="bbox 1823 3205 3387 3279">
    <p class='ocr_par' dir='ltr' id='par_1_75' title="bbox 1823 3205 3387 3279">
     <span class='ocr_line' id='line_1_75' title="bbox 1823 3205 3387 3279; baseline -0.001 -14"><span class='ocrx_word' id='word_1_586' title='bbox 1823 3210 1934 3279; x_wconf 86' lang='lat' dir='ltr'><strong>jam</strong></span> <span class='ocrx_word' id='word_1_587' title='bbox 1964 3209 2161 3264; x_wconf 90' lang='lat' dir='ltr'><strong>factum</strong></span> <span class='ocrx_word' id='word_1_588' title='bbox 2197 3218 2304 3274; x_wconf 90' lang='lat' dir='ltr'><strong>est,</strong></span> <span class='ocrx_word' id='word_1_589' title='bbox 2336 3208 2456 3264; x_wconf 88' lang='lat' dir='ltr'><strong>Filii</strong></span> <span class='ocrx_word' id='word_1_590' title='bbox 2490 3209 2753 3264; x_wconf 85' lang='lat' dir='ltr'><strong>rationem</strong></span> <span class='ocrx_word' id='word_1_591' title='bbox 2785 3223 2891 3264; x_wconf 89' lang='lat' dir='ltr'><strong>non</strong></span> <span class='ocrx_word' id='word_1_592' title='bbox 2926 3207 3125 3262; x_wconf 87' lang='lat' dir='ltr'><strong>amisit.</strong></span> <span class='ocrx_word' id='word_1_593' title='bbox 3152 3205 3387 3263; x_wconf 88' lang='lat' dir='ltr'><strong>Tandem</strong></span> 
     </span>
    </p>
   </div>
   <div class='ocr_carea' id='block_1_76' title="bbox 1825 3300 3392 3369">
    <p class='ocr_par' dir='ltr' id='par_1_76' title="bbox 1825 3300 3392 3369">
     <span class='ocr_line' id='line_1_76' title="bbox 1825 3300 3392 3369; baseline -0.001 -12"><span class='ocrx_word' id='word_1_594' title='bbox 1825 3318 1949 3358; x_wconf 90' lang='lat' dir='ltr'><strong>cum</strong></span> <span class='ocrx_word' id='word_1_595' title='bbox 1972 3303 2347 3357; x_wconf 87' lang='lat' dir='ltr'><strong>universorum</strong></span> <span class='ocrx_word' id='word_1_596' title='bbox 2382 3302 2643 3357; x_wconf 88' lang='lat' dir='ltr'><strong>Dominus</strong></span> <span class='ocrx_word' id='word_1_597' title='bbox 2674 3310 2797 3357; x_wconf 85' lang='lat' dir='ltr'><strong>ante</strong></span> <span class='ocrx_word' id='word_1_598' title='bbox 2840 3300 3151 3361; x_wconf 80' lang='lat' dir='ltr'><strong>exsisteret,</strong></span> <span class='ocrx_word' id='word_1_599' title='bbox 3186 3310 3392 3369; x_wconf 84' lang='lat' dir='ltr'><strong>postea-</strong></span> 
     </span>
    </p>
   </div>
   <div class='ocr_carea' id='block_1_77' title="bbox 1824 3388 3390 3462">
    <p class='ocr_par' dir='ltr' id='par_1_77' title="bbox 1824 3388 3390 3462">
     <span class='ocr_line' id='line_1_77' title="bbox 1824 3388 3390 3462; baseline -0.002 -16"><span class='ocrx_word' id='word_1_600' title='bbox 1824 3406 1985 3462; x_wconf 87' lang='lat' dir='ltr'><strong>quam</strong></span> <span class='ocrx_word' id='word_1_601' title='bbox 2017 3393 2252 3446; x_wconf 90' lang='lat' dir='ltr'><strong>bumana</strong></span> <span class='ocrx_word' id='word_1_602' title='bbox 2285 3402 2476 3446; x_wconf 89' lang='lat' dir='ltr'><strong>natura</strong></span> <span class='ocrx_word' id='word_1_603' title='bbox 2502 3402 2753 3446; x_wconf 89' lang='lat' dir='ltr'><strong>ornatum</strong></span> <span class='ocrx_word' id='word_1_604' title='bbox 2780 3389 3003 3459; x_wconf 91' lang='lat' dir='ltr'><strong>prodiit,</strong></span> <span class='ocrx_word' id='word_1_605' title='bbox 3028 3388 3095 3443; x_wconf 91' lang='lat' dir='ltr'><strong>ab</strong></span> <span class='ocrx_word' id='word_1_606' title='bbox 3118 3402 3182 3442; x_wconf 90' lang='lat' dir='ltr'><strong>eo</strong></span> <span class='ocrx_word' id='word_1_607' title='bbox 3205 3389 3390 3443; x_wconf 89' lang='lat' dir='ltr'><strong>ordine</strong></span> 
     </span>
    </p>
   </div>
   <div class='ocr_carea' id='block_1_78' title="bbox 1824 3476 3389 3555">
    <p class='ocr_par' dir='ltr' id='par_1_78' title="bbox 1824 3476 3389 3555">
     <span class='ocr_line' id='line_1_78' title="bbox 1824 3476 3389 3555; baseline -0.001 -17"><span class='ocrx_word' id='word_1_608' title='bbox 1824 3493 1879 3538; x_wconf 90' lang='lat' dir='ltr'><strong>et</strong></span> <span class='ocrx_word' id='word_1_609' title='bbox 1908 3484 2171 3555; x_wconf 75' lang='lat' dir='ltr'><strong>dignitate</strong></span> <span class='ocrx_word' id='word_1_610' title='bbox 2199 3499 2306 3539; x_wconf 93' lang='lat' dir='ltr'><strong>non</strong></span> <span class='ocrx_word' id='word_1_611' title='bbox 2339 3484 2560 3538; x_wconf 88' lang='lat' dir='ltr'><strong>excidit.</strong></span> <span class='ocrx_word' id='word_1_612' title='bbox 2584 3484 2751 3552; x_wconf 79' lang='lat' dir='ltr'><strong>igitur</strong></span> <span class='ocrx_word' id='word_1_613' title='bbox 2773 3484 2817 3537; x_wconf 90' lang='lat' dir='ltr'><strong>si</strong></span> <span class='ocrx_word' id='word_1_614' title='bbox 2847 3497 2994 3546; x_wconf 91' lang='lat' dir='ltr'><strong>eum,</strong></span> <span class='ocrx_word' id='word_1_615' title='bbox 3020 3480 3109 3551; x_wconf 91' lang='lat' dir='ltr'><strong>qui</strong></span> <span class='ocrx_word' id='word_1_616' title='bbox 3144 3496 3208 3535; x_wconf 90' lang='lat' dir='ltr'><strong>ex</strong></span> <span class='ocrx_word' id='word_1_617' title='bbox 3237 3476 3389 3536; x_wconf 83' lang='lat' dir='ltr'><strong>sacra</strong></span> 
     </span>
    </p>
   </div>
   <div class='ocr_carea' id='block_1_79' title="bbox 1824 3570 3390 3644">
    <p class='ocr_par' dir='ltr' id='par_1_79' title="bbox 1824 3570 3390 3644">
     <span class='ocr_line' id='line_1_79' title="bbox 1824 3570 3390 3644; baseline -0.001 -17"><span class='ocrx_word' id='word_1_618' title='bbox 1824 3572 2044 3644; x_wconf 79' lang='lat' dir='ltr'><strong>Virgine</strong></span> <span class='ocrx_word' id='word_1_619' title='bbox 2077 3574 2298 3641; x_wconf 91' lang='lat' dir='ltr'><strong>prodiit,</strong></span> <span class='ocrx_word' id='word_1_620' title='bbox 2317 3574 2421 3629; x_wconf 85' lang='lat' dir='ltr'><strong>hoc</strong></span> <span class='ocrx_word' id='word_1_621' title='bbox 2451 3584 2532 3628; x_wconf 89' lang='lat' dir='ltr'><strong>est</strong></span> <span class='ocrx_word' id='word_1_622' title='bbox 2563 3574 2654 3628; x_wconf 91' lang='lat' dir='ltr'><strong>Dei</strong></span> <span class='ocrx_word' id='word_1_623' title='bbox 2684 3572 2856 3627; x_wconf 88' lang='lat' dir='ltr'><strong>Patris</strong></span> <span class='ocrx_word' id='word_1_624' title='bbox 2872 3570 3109 3625; x_wconf 88' lang='lat' dir='ltr'><strong>Verbum</strong></span> <span class='ocrx_word' id='word_1_625' title='bbox 3129 3570 3279 3625; x_wconf 87' lang='lat' dir='ltr'><strong>carni</strong></span> <span class='ocrx_word' id='word_1_626' title='bbox 3303 3586 3390 3626; x_wconf 85' lang='lat' dir='ltr'><strong>se-</strong></span> 
     </span>
    </p>
   </div>
   <div class='ocr_carea' id='block_1_80' title="bbox 1822 3663 3387 3731">
    <p class='ocr_par' dir='ltr' id='par_1_80' title="bbox 1822 3663 3387 3731">
     <span class='ocr_line' id='line_1_80' title="bbox 1822 3663 3387 3731; baseline -0.003 -11"><span class='ocrx_word' id='word_1_627' title='bbox 1822 3666 2056 3721; x_wconf 90' lang='lat' dir='ltr'><strong>cundum</strong></span> <span class='ocrx_word' id='word_1_628' title='bbox 2084 3676 2333 3721; x_wconf 88' lang='lat' dir='ltr'><strong>naturam</strong></span> <span class='ocrx_word' id='word_1_629' title='bbox 2362 3665 2592 3730; x_wconf 88' lang='lat' dir='ltr'><strong>unitum,</strong></span> <span class='ocrx_word' id='word_1_630' title='bbox 2628 3679 2813 3718; x_wconf 84' lang='lat' dir='ltr'><strong>verum</strong></span> <span class='ocrx_word' id='word_1_631' title='bbox 2848 3663 3018 3717; x_wconf 90' lang='lat' dir='ltr'><strong>Deum</strong></span> <span class='ocrx_word' id='word_1_632' title='bbox 3053 3676 3172 3716; x_wconf 88' lang='lat' dir='ltr'><strong>esse</strong></span> <span class='ocrx_word' id='word_1_633' title='bbox 3222 3676 3387 3731; x_wconf 86' lang='lat' dir='ltr'><strong>agno-</strong></span> 
     </span>
    </p>
   </div>
   <div class='ocr_carea' id='block_1_81' title="bbox 1823 3752 3387 3825">
    <p class='ocr_par' dir='ltr' id='par_1_81' title="bbox 1823 3752 3387 3825">
     <span class='ocr_line' id='line_1_81' title="bbox 1823 3752 3387 3825; baseline -0.004 -14"><span class='ocrx_word' id='word_1_634' title='bbox 1823 3764 2002 3822; x_wconf 89' lang='lat' dir='ltr'><strong>scunt,</strong></span> <span class='ocrx_word' id='word_1_635' title='bbox 2037 3774 2135 3813; x_wconf 91' lang='lat' dir='ltr'><strong>cur</strong></span> <span class='ocrx_word' id='word_1_636' title='bbox 2172 3759 2421 3813; x_wconf 89' lang='lat' dir='ltr'><strong>eamdem</strong></span> <span class='ocrx_word' id='word_1_637' title='bbox 2458 3756 2734 3825; x_wconf 86' lang='lat' dir='ltr'><strong>Virginem</strong></span> <span class='ocrx_word' id='word_1_638' title='bbox 2769 3769 2889 3809; x_wconf 85' lang='lat' dir='ltr'><strong>esse</strong></span> <span class='ocrx_word' id='word_1_639' title='bbox 2921 3754 3202 3822; x_wconf 90' lang='lat' dir='ltr'><strong>Deiparam</strong></span> <span class='ocrx_word' id='word_1_640' title='bbox 3236 3752 3387 3805; x_wconf 86' lang='lat' dir='ltr'><strong>fateri</strong></span> 
     </span>
    </p>
   </div>
   <div class='ocr_carea' id='block_1_82' title="bbox 1822 3841 3389 3915">
    <p class='ocr_par' dir='ltr' id='par_1_82' title="bbox 1822 3841 3389 3915">
     <span class='ocr_line' id='line_1_82' title="bbox 1822 3841 3389 3915; baseline -0.004 -15"><span class='ocrx_word' id='word_1_641' title='bbox 1822 3848 2119 3900; x_wconf 80' lang='lat' dir='ltr'><strong>verentur?</strong></span> <span class='ocrx_word' id='word_1_642' title='bbox 2146 3846 2341 3902; x_wconf 88' lang='lat' dir='ltr'><strong>Verum</strong></span> <span class='ocrx_word' id='word_1_643' title='bbox 2364 3847 2493 3915; x_wconf 88' lang='lat' dir='ltr'><strong>ipsis</strong></span> <span class='ocrx_word' id='word_1_644' title='bbox 2510 3845 2836 3914; x_wconf 89' lang='lat' dir='ltr'><strong>propositum</strong></span> <span class='ocrx_word' id='word_1_645' title='bbox 2860 3853 2941 3897; x_wconf 88' lang='lat' dir='ltr'><strong>est</strong></span> <span class='ocrx_word' id='word_1_646' title='bbox 2961 3844 3103 3895; x_wconf 89' lang='lat' dir='ltr'><strong>haud</strong></span> <span class='ocrx_word' id='word_1_647' title='bbox 3124 3857 3187 3895; x_wconf 84' lang='lat' dir='ltr'><strong>ex</strong></span> <span class='ocrx_word' id='word_1_648' title='bbox 3212 3841 3389 3894; x_wconf 89' lang='lat' dir='ltr'><strong>animo</strong></span> 
     </span>
    </p>
   </div>
   <div class='ocr_carea' id='block_1_83' title="bbox 1820 3932 3388 4004">
    <p class='ocr_par' dir='ltr' id='par_1_83' title="bbox 1820 3932 3388 4004">
     <span class='ocr_line' id='line_1_83' title="bbox 1820 3932 3388 4004; baseline -0.003 -17"><span class='ocrx_word' id='word_1_649' title='bbox 1820 3935 2063 4004; x_wconf 73' lang='lat' dir='ltr'><strong>profiteri</strong></span> <span class='ocrx_word' id='word_1_650' title='bbox 2089 3934 2328 4003; x_wconf 78' lang='lat' dir='ltr'><strong>Virginis</strong></span> <span class='ocrx_word' id='word_1_651' title='bbox 2353 3935 2545 3989; x_wconf 88' lang='lat' dir='ltr'><strong>Filium</strong></span> <span class='ocrx_word' id='word_1_652' title='bbox 2575 3934 2741 3986; x_wconf 89' lang='lat' dir='ltr'><strong>Deum</strong></span> <span class='ocrx_word' id='word_1_653' title='bbox 2769 3948 2830 3987; x_wconf 92' lang='lat' dir='ltr'><strong>ac</strong></span> <span class='ocrx_word' id='word_1_654' title='bbox 2848 3932 3151 3996; x_wconf 89' lang='lat' dir='ltr'><strong>Dominum,</strong></span> <span class='ocrx_word' id='word_1_655' title='bbox 3176 3932 3388 3985; x_wconf 81' lang='lat' dir='ltr'><strong>eadem-</strong></span> 
     </span>
    </p>
   </div>
   <div class='ocr_carea' id='block_1_84' title="bbox 1819 4019 3387 4096">
    <p class='ocr_par' dir='ltr' id='par_1_84' title="bbox 1819 4019 3387 4096">
     <span class='ocr_line' id='line_1_84' title="bbox 1819 4019 3387 4096; baseline -0.003 -16"><span class='ocrx_word' id='word_1_656' title='bbox 1819 4040 1925 4096; x_wconf 83' lang='lat' dir='ltr'><strong>que</strong></span> <span class='ocrx_word' id='word_1_657' title='bbox 1945 4040 2065 4080; x_wconf 92' lang='lat' dir='ltr'><strong>cum</strong></span> <span class='ocrx_word' id='word_1_658' title='bbox 2101 4023 2263 4080; x_wconf 83' lang='lat' dir='ltr'><strong>Patre</strong></span> <span class='ocrx_word' id='word_1_659' title='bbox 2288 4024 2606 4080; x_wconf 87' lang='lat' dir='ltr'><strong>auctoritate</strong></span> <span class='ocrx_word' id='word_1_660' title='bbox 2626 4022 2904 4092; x_wconf 69' lang='lat' dir='ltr'><strong>praeditum</strong></span> <span class='ocrx_word' id='word_1_661' title='bbox 2932 4036 3071 4087; x_wconf 90' lang='lat' dir='ltr'><strong>esse,</strong></span> <span class='ocrx_word' id='word_1_662' title='bbox 3096 4021 3188 4074; x_wconf 89' lang='lat' dir='ltr'><strong>sed</strong></span> <span class='ocrx_word' id='word_1_663' title='bbox 3214 4019 3387 4075; x_wconf 84' lang='lat' dir='ltr'><strong>verbis</strong></span> 
     </span>
    </p>
   </div>
   <div class='ocr_carea' id='block_1_85' title="bbox 1820 4111 3385 4185">
    <p class='ocr_par' dir='ltr' id='par_1_85' title="bbox 1820 4111 3385 4185">
     <span class='ocr_line' id='line_1_85' title="bbox 1820 4111 3385 4185; baseline -0.003 -14"><span class='ocrx_word' id='word_1_664' title='bbox 1820 4124 2030 4171; x_wconf 88' lang='lat' dir='ltr'><strong>tantum</strong></span> <span class='ocrx_word' id='word_1_665' title='bbox 2053 4117 2154 4171; x_wconf 90' lang='lat' dir='ltr'><strong>hoc</strong></span> <span class='ocrx_word' id='word_1_666' title='bbox 2175 4116 2347 4185; x_wconf 89' lang='lat' dir='ltr'><strong>ipsum</strong></span> <span class='ocrx_word' id='word_1_667' title='bbox 2372 4115 2648 4170; x_wconf 90' lang='lat' dir='ltr'><strong>simulare.</strong></span> <span class='ocrx_word' id='word_1_668' title='bbox 2672 4111 3169 4174; x_wconf 81' lang='lat' dir='ltr'><strong>Existimantenim,</strong></span> <span class='ocrx_word' id='word_1_669' title='bbox 3190 4111 3385 4167; x_wconf 88' lang='lat' dir='ltr'><strong>homini</strong></span> 
     </span>
    </p>
   </div>
   <div class='ocr_carea' id='block_1_86' title="bbox 1817 4201 3383 4272">
    <p class='ocr_par' dir='ltr' id='par_1_86' title="bbox 1817 4201 3383 4272">
     <span class='ocr_line' id='line_1_86' title="bbox 1817 4201 3383 4272; baseline -0.004 -10"><span class='ocrx_word' id='word_1_670' title='bbox 1817 4208 1886 4262; x_wconf 84' lang='lat' dir='ltr'><strong>ad</strong></span> <span class='ocrx_word' id='word_1_671' title='bbox 1906 4215 2141 4261; x_wconf 90' lang='lat' dir='ltr'><strong>nostram</strong></span> <span class='ocrx_word' id='word_1_672' title='bbox 2161 4204 2564 4260; x_wconf 87' lang='lat' dir='ltr'><strong>similitudinem</strong></span> <span class='ocrx_word' id='word_1_673' title='bbox 2583 4220 2647 4259; x_wconf 86' lang='lat' dir='ltr'><strong>ex</strong></span> <span class='ocrx_word' id='word_1_674' title='bbox 2663 4213 2851 4258; x_wconf 90' lang='lat' dir='ltr'><strong>sancta</strong></span> <span class='ocrx_word' id='word_1_675' title='bbox 2873 4201 3090 4272; x_wconf 87' lang='lat' dir='ltr'><strong>Virgine</strong></span> <span class='ocrx_word' id='word_1_676' title='bbox 3105 4210 3383 4271; x_wconf 86' lang='lat' dir='ltr'><strong>prognato,</strong></span> 
     </span>
    </p>
   </div>
   <div class='ocr_carea' id='block_1_87' title="bbox 1818 4292 3387 4361">
    <p class='ocr_par' dir='ltr' id='par_1_87' title="bbox 1818 4292 3387 4361">
     <span class='ocr_line' id='line_1_87' title="bbox 1818 4292 3387 4361; baseline -0.004 -10"><span class='ocrx_word' id='word_1_677' title='bbox 1818 4311 1940 4351; x_wconf 90' lang='lat' dir='ltr'><strong>cum</strong></span> <span class='ocrx_word' id='word_1_678' title='bbox 1966 4296 2261 4360; x_wconf 82' lang='lat' dir='ltr'><strong>filiationis,</strong></span> <span class='ocrx_word' id='word_1_679' title='bbox 2288 4306 2398 4349; x_wconf 91' lang='lat' dir='ltr'><strong>tum</strong></span> <span class='ocrx_word' id='word_1_680' title='bbox 2424 4294 2805 4351; x_wconf 85' lang='lat' dir='ltr'><strong>dominationis</strong></span> <span class='ocrx_word' id='word_1_681' title='bbox 2824 4309 3033 4361; x_wconf 88' lang='lat' dir='ltr'><strong>quoque</strong></span> <span class='ocrx_word' id='word_1_682' title='bbox 3054 4292 3274 4361; x_wconf 87' lang='lat' dir='ltr'><strong>gloriam</strong></span> <span class='ocrx_word' id='word_1_683' title='bbox 3294 4307 3387 4361; x_wconf 89' lang='lat' dir='ltr'><strong>per</strong></span> 
     </span>
    </p>
   </div>
   <div class='ocr_carea' id='block_1_88' title="bbox 1821 4382 3382 4456">
    <p class='ocr_par' dir='ltr' id='par_1_88' title="bbox 1821 4382 3382 4456">
     <span class='ocr_line' id='line_1_88' title="bbox 1821 4382 3382 4456; baseline -0.003 -16"><span class='ocrx_word' id='word_1_684' title='bbox 1821 4386 2042 4442; x_wconf 90' lang='lat' dir='ltr'><strong>modum</strong></span> <span class='ocrx_word' id='word_1_685' title='bbox 2061 4386 2336 4455; x_wconf 85' lang='lat' dir='ltr'><strong>cujusdam</strong></span> <span class='ocrx_word' id='word_1_686' title='bbox 2353 4386 2630 4456; x_wconf 58' lang='lat' dir='ltr'><strong>gratim.“</strong></span> <span class='ocrx_word' id='word_1_687' title='bbox 2645 4400 2740 4454; x_wconf 90' lang='lat' dir='ltr'><strong>per</strong></span> <span class='ocrx_word' id='word_1_688' title='bbox 2754 4398 3069 4453; x_wconf 78' lang='lat' dir='ltr'><strong>progressus</strong></span> <span class='ocrx_word' id='word_1_689' title='bbox 3084 4382 3382 4436; x_wconf 83' lang='lat' dir='ltr'><strong>obvenisse.</strong></span> 
     </span>
    </p>
   </div>
   <div class='ocr_carea' id='block_1_89' title="bbox 228 4459 1726 4561">
    <p class='ocr_par' dir='ltr' id='par_1_89' title="bbox 228 4459 1718 4543">
     <span class='ocr_line' id='line_1_89' title="bbox 228 4459 1718 4543; baseline 0.009 -30"><span class='ocrx_word' id='word_1_690' title='bbox 228 4459 300 4515; x_wconf 76' lang='lat'><strong>8&#39;.</strong></span> <span class='ocrx_word' id='word_1_691' title='bbox 332 4461 455 4515; x_wconf 74' lang='grc' dir='ltr'>Ὀτι</span> <span class='ocrx_word' id='word_1_692' title='bbox 480 4462 536 4515; x_wconf 82' lang='grc' dir='ltr'>δὲ</span> <span class='ocrx_word' id='word_1_693' title='bbox 564 4463 656 4516; x_wconf 78' lang='grc' dir='ltr'>καὶ</span> <span class='ocrx_word' id='word_1_694' title='bbox 684 4465 717 4533; x_wconf 80' lang='grc' dir='ltr'><strong>ἠ</strong></span> <span class='ocrx_word' id='word_1_695' title='bbox 756 4467 1040 4531; x_wconf 76' lang='grc' dir='ltr'>Θεοτόκος</span> <span class='ocrx_word' id='word_1_696' title='bbox 1088 4468 1237 4539; x_wconf 80' lang='grc' dir='ltr'>φωνὴ</span> <span class='ocrx_word' id='word_1_697' title='bbox 1268 4470 1362 4522; x_wconf 70' lang='grc' dir='ltr'>καὶ</span> <span class='ocrx_word' id='word_1_698' title='bbox 1405 4472 1584 4537; x_wconf 81' lang='grc' dir='ltr'><strong>αὐτοῖς</strong></span> <span class='ocrx_word' id='word_1_699' title='bbox 1625 4475 1718 4543; x_wconf 85' lang='grc' dir='ltr'><strong>γέ-</strong></span> 
     </span>
    </p>
   </div>
   <div class='ocr_carea' id='block_1_90' title="bbox 1828 4459 3385 4561">
    <p class='ocr_par' dir='ltr' id='par_1_90' title="bbox 1895 4473 3385 4543">
     <span class='ocr_line' id='line_1_90' title="bbox 1895 4473 3385 4543; baseline -0.001 -15"><span class='ocrx_word' id='word_1_700' title='bbox 1895 4474 1990 4531; x_wconf 84' lang='lat' dir='ltr'><strong>lX.</strong></span> <span class='ocrx_word' id='word_1_701' title='bbox 2024 4475 2195 4529; x_wconf 91' lang='lat' dir='ltr'><strong>Porro</strong></span> <span class='ocrx_word' id='word_1_702' title='bbox 2217 4484 2395 4529; x_wconf 87' lang='lat' dir='ltr'><strong>autem</strong></span> <span class='ocrx_word' id='word_1_703' title='bbox 2419 4490 2603 4529; x_wconf 89' lang='lat' dir='ltr'><strong>vocem</strong></span> <span class='ocrx_word' id='word_1_704' title='bbox 2646 4476 2805 4538; x_wconf 91' lang='lat' dir='ltr'><strong>hanc,</strong></span> <span class='ocrx_word' id='word_1_705' title='bbox 2836 4473 3083 4543; x_wconf 80' lang='lat' dir='ltr'><strong>Deipara,</strong></span> <span class='ocrx_word' id='word_1_706' title='bbox 3114 4473 3385 4527; x_wconf 86' lang='lat' dir='ltr'><strong>veteribus</strong></span> 
     </span>
    </p>
   </div>
   <div class='ocr_carea' id='block_1_91' title="bbox 164 4552 1726 4636">
    <p class='ocr_par' dir='ltr' id='par_1_91' title="bbox 164 4552 1715 4630">
     <span class='ocr_line' id='line_1_91' title="bbox 164 4552 1715 4630; baseline 0.012 -30"><span class='ocrx_word' id='word_1_707' title='bbox 164 4565 278 4616; x_wconf 85' lang='grc' dir='ltr'>γονε</span> <span class='ocrx_word' id='word_1_708' title='bbox 307 4552 545 4622; x_wconf 85' lang='grc' dir='ltr'>συνήθης</span> <span class='ocrx_word' id='word_1_709' title='bbox 570 4555 681 4616; x_wconf 82' lang='grc' dir='ltr'>τοῖς</span> <span class='ocrx_word' id='word_1_710' title='bbox 711 4554 816 4624; x_wconf 85' lang='grc' dir='ltr'>πρὸ</span> <span class='ocrx_word' id='word_1_711' title='bbox 841 4554 997 4624; x_wconf 84' lang='grc' dir='ltr'>ἡμῶν</span> <span class='ocrx_word' id='word_1_712' title='bbox 1028 4558 1201 4625; x_wconf 84' lang='grc' dir='ltr'><strong>ἁγίοις</strong></span> <span class='ocrx_word' id='word_1_713' title='bbox 1230 4560 1524 4630; x_wconf 83' lang='grc' dir='ltr'>Πατράσιν,</span> <span class='ocrx_word' id='word_1_714' title='bbox 1546 4564 1595 4616; x_wconf 78' lang='grc' dir='ltr'><strong>οἳ</strong></span> <span class='ocrx_word' id='word_1_715' title='bbox 1621 4567 1715 4618; x_wconf 75' lang='grc' dir='ltr'>καὶ</span> 
     </span>
    </p>
   </div>
   <div class='ocr_carea' id='block_1_92' title="bbox 1828 4552 3377 4636">
    <p class='ocr_par' dir='ltr' id='par_1_92' title="bbox 1828 4563 3377 4636">
     <span class='ocr_line' id='line_1_92' title="bbox 1828 4563 3377 4636; baseline -0.004 -16"><span class='ocrx_word' id='word_1_716' title='bbox 1828 4565 2096 4633; x_wconf 87' lang='lat' dir='ltr'><strong>Patribus,</strong></span> <span class='ocrx_word' id='word_1_717' title='bbox 2129 4581 2358 4636; x_wconf 87' lang='lat' dir='ltr'><strong>quorum</strong></span> <span class='ocrx_word' id='word_1_718' title='bbox 2401 4567 2813 4621; x_wconf 83' lang='lat' dir='ltr'><strong>sanctimoniam</strong></span> <span class='ocrx_word' id='word_1_719' title='bbox 2854 4575 2909 4620; x_wconf 91' lang='lat' dir='ltr'><strong>et</strong></span> <span class='ocrx_word' id='word_1_720' title='bbox 2939 4564 3061 4619; x_wconf 79' lang='lat' dir='ltr'><strong>fidei</strong></span> <span class='ocrx_word' id='word_1_721' title='bbox 3105 4563 3377 4633; x_wconf 80' lang='lat' dir='ltr'><strong>integrita-</strong></span> 
     </span>
    </p>
   </div>
   <div class='ocr_carea' id='block_1_93' title="bbox 165 4640 1712 4723">
    <p class='ocr_par' dir='ltr' id='par_1_93' title="bbox 165 4640 1712 4723">
     <span class='ocr_line' id='line_1_93' title="bbox 165 4640 1712 4723; baseline 0.014 -34"><span class='ocrx_word' id='word_1_722' title='bbox 165 4640 245 4691; x_wconf 72' lang='grc' dir='ltr'><strong>ἐπ’</strong></span> <span class='ocrx_word' id='word_1_723' title='bbox 272 4644 406 4713; x_wconf 80' lang='grc' dir='ltr'>ὀρθῇ</span> <span class='ocrx_word' id='word_1_724' title='bbox 431 4642 798 4713; x_wconf 74' lang='grc' dir='ltr'>θαυμάζονται</span> <span class='ocrx_word' id='word_1_725' title='bbox 824 4648 1021 4709; x_wconf 81' lang='grc' dir='ltr'>πίστει,</span> <span class='ocrx_word' id='word_1_726' title='bbox 1040 4650 1132 4701; x_wconf 76' lang='grc' dir='ltr'><strong>καὶ</strong></span> <span class='ocrx_word' id='word_1_727' title='bbox 1162 4652 1240 4713; x_wconf 83' lang='grc' dir='ltr'>είς</span> <span class='ocrx_word' id='word_1_728' title='bbox 1265 4650 1424 4723; x_wconf 80' lang='grc' dir='ltr'>δεῦρο</span> <span class='ocrx_word' id='word_1_729' title='bbox 1445 4655 1579 4708; x_wconf 82' lang='grc' dir='ltr'>πᾶσι</span> <span class='ocrx_word' id='word_1_730' title='bbox 1601 4659 1712 4721; x_wconf 84' lang='grc' dir='ltr'>τοῖς</span> 
     </span>
    </p>
   </div>
   <div class='ocr_carea' id='block_1_94' title="bbox 162 4729 1711 4810">
    <p class='ocr_par' dir='ltr' id='par_1_94' title="bbox 162 4729 1711 4810">
     <span class='ocr_line' id='line_1_94' title="bbox 162 4729 1711 4810; baseline 0.01 -30"><span class='ocrx_word' id='word_1_731' title='bbox 162 4729 256 4783; x_wconf 79' lang='grc' dir='ltr'><strong>ὰνὰ</strong></span> <span class='ocrx_word' id='word_1_732' title='bbox 288 4733 493 4795; x_wconf 78' lang='grc' dir='ltr'>πᾶσαν,</span> <span class='ocrx_word' id='word_1_733' title='bbox 526 4733 601 4796; x_wconf 85' lang='grc' dir='ltr'>ὡς</span> <span class='ocrx_word' id='word_1_734' title='bbox 629 4733 757 4796; x_wconf 74' lang='grc' dir='ltr'>ἔπος</span> <span class='ocrx_word' id='word_1_735' title='bbox 795 4736 986 4799; x_wconf 72' lang='grc' dir='ltr'>εἰπεῖν,</span> <span class='ocrx_word' id='word_1_736' title='bbox 1028 4736 1128 4805; x_wconf 81' lang='grc' dir='ltr'><strong>τὴν</strong></span> <span class='ocrx_word' id='word_1_737' title='bbox 1172 4738 1265 4789; x_wconf 83' lang='grc' dir='ltr'><strong>ὑπ’</strong></span> <span class='ocrx_word' id='word_1_738' title='bbox 1302 4740 1551 4810; x_wconf 82' lang='grc' dir='ltr'>οὐρανὸν,</span> <span class='ocrx_word' id='word_1_739' title='bbox 1601 4743 1711 4796; x_wconf 83' lang='grc' dir='ltr'>δεῖν</span> 
     </span>
    </p>
   </div>
   <div class='ocr_carea' id='block_1_95' title="bbox 162 4811 1710 4901">
    <p class='ocr_par' dir='ltr' id='par_1_95' title="bbox 162 4811 1710 4901">
     <span class='ocr_line' id='line_1_95' title="bbox 162 4811 1710 4901; baseline 0.01 -32"><span class='ocrx_word' id='word_1_740' title='bbox 162 4818 337 4893; x_wconf 80' lang='grc' dir='ltr'>ᾠήθην</span> <span class='ocrx_word' id='word_1_741' title='bbox 366 4822 581 4893; x_wconf 79' lang='grc' dir='ltr'>ἀληθῶς</span> <span class='ocrx_word' id='word_1_742' title='bbox 608 4811 901 4894; x_wconf 58' lang='grc' dir='ltr'>ἀποφῆναι.</span> <span class='ocrx_word' id='word_1_743' title='bbox 925 4826 1043 4879; x_wconf 85' lang='grc' dir='ltr'><strong>’Ἰνα</strong></span> <span class='ocrx_word' id='word_1_744' title='bbox 1067 4827 1173 4896; x_wconf 84' lang='grc' dir='ltr'>’γὰρ</span> <span class='ocrx_word' id='word_1_745' title='bbox 1210 4828 1281 4897; x_wconf 80' lang='grc' dir='ltr'>μὴ</span> <span class='ocrx_word' id='word_1_746' title='bbox 1312 4827 1523 4901; x_wconf 85' lang='grc' dir='ltr'>δοκοίην</span> <span class='ocrx_word' id='word_1_747' title='bbox 1546 4832 1605 4884; x_wconf 90' lang='grc' dir='ltr'>τὸ</span> <span class='ocrx_word' id='word_1_748' title='bbox 1630 4834 1710 4896; x_wconf 86' lang='grc' dir='ltr'><strong>εῑς</strong></span> 
     </span>
    </p>
   </div>
   <div class='ocr_carea' id='block_1_96' title="bbox 163 4909 1710 4985">
    <p class='ocr_par' dir='ltr' id='par_1_96' title="bbox 163 4909 1710 4985">
     <span class='ocr_line' id='line_1_96' title="bbox 163 4909 1710 4985; baseline 0.009 -24"><span class='ocrx_word' id='word_1_749' title='bbox 163 4912 277 4965; x_wconf 83' lang='grc' dir='ltr'><strong>νοῦν</strong></span> <span class='ocrx_word' id='word_1_750' title='bbox 319 4909 456 4985; x_wconf 81' lang='grc' dir='ltr'>ἧκον</span> <span class='ocrx_word' id='word_1_751' title='bbox 502 4914 689 4978; x_wconf 82' lang='grc' dir='ltr'>ἁπλῶς</span> <span class='ocrx_word' id='word_1_752' title='bbox 717 4915 1089 4979; x_wconf 77' lang='grc' dir='ltr'>ἀϐασανίστως</span> <span class='ocrx_word' id='word_1_753' title='bbox 1118 4916 1313 4984; x_wconf 84' lang='grc' dir='ltr'>λέγειν,</span> <span class='ocrx_word' id='word_1_754' title='bbox 1344 4921 1407 4972; x_wconf 84' lang='grc' dir='ltr'>ὲκ</span> <span class='ocrx_word' id='word_1_755' title='bbox 1435 4920 1544 4973; x_wconf 85' lang='grc' dir='ltr'>τῶν</span> <span class='ocrx_word' id='word_1_756' title='bbox 1572 4922 1710 4974; x_wconf 83' lang='grc' dir='ltr'>ὲκεί-</span> 
     </span>
    </p>
   </div>
   <div class='ocr_carea' id='block_1_97' title="bbox 166 5006 1708 5082">
    <p class='ocr_par' dir='ltr' id='par_1_97' title="bbox 166 5006 1708 5082">
     <span class='ocr_line' id='line_1_97' title="bbox 166 5006 1708 5082; baseline 0.009 -28"><span class='ocrx_word' id='word_1_757' title='bbox 166 5018 267 5067; x_wconf 85' lang='grc' dir='ltr'>νοις</span> <span class='ocrx_word' id='word_1_758' title='bbox 312 5006 695 5075; x_wconf 83' lang='grc' dir='ltr'><strong>πεποιημένων</strong></span> <span class='ocrx_word' id='word_1_759' title='bbox 745 5006 964 5075; x_wconf 79' lang='grc' dir='ltr'>βιϐλίων</span> <span class='ocrx_word' id='word_1_760' title='bbox 1010 5007 1067 5060; x_wconf 80' lang='grc' dir='ltr'><strong>ὲν</strong></span> <span class='ocrx_word' id='word_1_761' title='bbox 1105 5008 1399 5082; x_wconf 75' lang='grc' dir='ltr'>Ἐκκλησία</span> <span class='ocrx_word' id='word_1_762' title='bbox 1422 5022 1450 5049; x_wconf 74' lang='grc' dir='ltr'><strong>ιι</strong></span> <span class='ocrx_word' id='word_1_763' title='bbox 1473 5054 1489 5078; x_wconf 90' lang='grc'><strong>,</strong></span> <span class='ocrx_word' id='word_1_764' title='bbox 1528 5013 1596 5067; x_wconf 81' lang='grc' dir='ltr'>τὰ</span> <span class='ocrx_word' id='word_1_765' title='bbox 1629 5016 1708 5080; x_wconf 75' lang='grc' dir='ltr'><strong>εἰς</strong></span> 
     </span>
    </p>
   </div>
   <div class='ocr_carea' id='block_1_98' title="bbox 163 5094 1709 5173">
    <p class='ocr_par' dir='ltr' id='par_1_98' title="bbox 163 5094 1709 5173">
     <span class='ocr_line' id='line_1_98' title="bbox 163 5094 1709 5173; baseline 0.01 -29"><span class='ocrx_word' id='word_1_766' title='bbox 163 5094 308 5149; x_wconf 80' lang='grc' dir='ltr'>τοῦτο</span> <span class='ocrx_word' id='word_1_767' title='bbox 357 5098 606 5167; x_wconf 80' lang='grc' dir='ltr'>χρήσιμα</span> <span class='ocrx_word' id='word_1_768' title='bbox 652 5096 1106 5167; x_wconf 81' lang='grc' dir='ltr'>συνεισενεγκὼν,</span> <span class='ocrx_word' id='word_1_769' title='bbox 1176 5101 1269 5152; x_wconf 77' lang='grc' dir='ltr'>καὶ</span> <span class='ocrx_word' id='word_1_770' title='bbox 1314 5103 1577 5173; x_wconf 78' lang='grc' dir='ltr'>παραθεὶς</span> <span class='ocrx_word' id='word_1_771' title='bbox 1628 5108 1709 5171; x_wconf 76' lang='grc' dir='ltr'><strong>εἰς</strong></span> 
     </span>
    </p>
   </div>
   <div class='ocr_carea' id='block_1_99' title="bbox 165 5185 1705 5266">
    <p class='ocr_par' dir='ltr' id='par_1_99' title="bbox 165 5185 1705 5266">
     <span class='ocr_line' id='line_1_99' title="bbox 165 5185 1705 5266; baseline 0.01 -30"><span class='ocrx_word' id='word_1_772' title='bbox 165 5185 449 5256; x_wconf 81' lang='grc' dir='ltr'>ἀπόδειξιν,</span> <span class='ocrx_word' id='word_1_773' title='bbox 472 5190 866 5261; x_wconf 81' lang='grc' dir='ltr'>κατασφραγιῶ</span> <span class='ocrx_word' id='word_1_774' title='bbox 890 5197 915 5225; x_wconf 87' lang='grc' dir='ltr'>ο</span> <span class='ocrx_word' id='word_1_775' title='bbox 942 5191 1021 5254; x_wconf 85' lang='grc' dir='ltr'><strong>είς</strong></span> <span class='ocrx_word' id='word_1_776' title='bbox 1042 5191 1295 5261; x_wconf 83' lang='grc' dir='ltr'>ἀλήθειαν</span> <span class='ocrx_word' id='word_1_777' title='bbox 1316 5196 1441 5259; x_wconf 83' lang='grc' dir='ltr'>τοὺς</span> <span class='ocrx_word' id='word_1_778' title='bbox 1465 5196 1705 5266; x_wconf 77' lang='grc' dir='ltr'>ἐμαυτοῦ</span> 
     </span>
    </p>
   </div>
   <div class='ocr_carea' id='block_1_100' title="bbox 163 5273 1705 5356">
    <p class='ocr_par' dir='ltr' id='par_1_100' title="bbox 163 5273 1705 5356">
     <span class='ocr_line' id='line_1_100' title="bbox 163 5273 1705 5356; baseline 0.01 -31"><span class='ocrx_word' id='word_1_779' title='bbox 163 5273 359 5345; x_wconf 87' lang='grc' dir='ltr'>λόγους.</span> <span class='ocrx_word' id='word_1_780' title='bbox 384 5281 530 5350; x_wconf 84' lang='grc' dir='ltr'>Ἔφη</span> <span class='ocrx_word' id='word_1_781' title='bbox 562 5280 738 5334; x_wconf 85' lang='grc' dir='ltr'>τοίνυν</span> <span class='ocrx_word' id='word_1_782' title='bbox 762 5281 836 5345; x_wconf 84' lang='grc' dir='ltr'>ὡς</span> <span class='ocrx_word' id='word_1_783' title='bbox 859 5281 1072 5351; x_wconf 77' lang='grc' dir='ltr'>ἀληθῶς</span> <span class='ocrx_word' id='word_1_784' title='bbox 1096 5284 1123 5334; x_wconf 89' lang='grc' dir='ltr'><strong>ό</strong></span> <span class='ocrx_word' id='word_1_785' title='bbox 1152 5286 1544 5356; x_wconf 76' lang='grc' dir='ltr'>τρισμακάριος</span> <span class='ocrx_word' id='word_1_786' title='bbox 1566 5290 1659 5342; x_wconf 76' lang='grc' dir='ltr'><strong>καὶ</strong></span> <span class='ocrx_word' id='word_1_787' title='bbox 1677 5300 1705 5340; x_wconf 81' lang='lat' dir='ltr'><strong>P</strong></span> 
     </span>
    </p>
   </div>
   <div class='ocr_carea' id='block_1_101' title="bbox 226 5429 699 5503">
    <p class='ocr_par' dir='ltr' id='par_1_101' title="bbox 226 5429 699 5503">
     <span class='ocr_line' id='line_1_101' title="bbox 226 5429 699 5503; baseline 0.008 -18"><span class='ocrx_word' id='word_1_788' title='bbox 226 5430 269 5463; x_wconf 82' lang='lat'><strong>&quot;</strong></span> <span class='ocrx_word' id='word_1_789' title='bbox 298 5429 317 5485; x_wconf 88' lang='grc' dir='ltr'><strong>Ι</strong></span> <span class='ocrx_word' id='word_1_790' title='bbox 348 5432 475 5489; x_wconf 86' lang='lat' dir='ltr'><strong>Cor.</strong></span> <span class='ocrx_word' id='word_1_791' title='bbox 502 5448 617 5503; x_wconf 86' lang='lat' dir='ltr'><strong>Vlll,</strong></span> <span class='ocrx_word' id='word_1_792' title='bbox 647 5435 699 5489; x_wconf 89' lang='lat'><strong>6.</strong></span> 
     </span>
    </p>
   </div>
   <div class='ocr_carea' id='block_1_102' title="bbox 1822 4655 3382 4725">
    <p class='ocr_par' dir='ltr' id='par_1_102' title="bbox 1822 4655 3382 4725">
     <span class='ocr_line' id='line_1_102' title="bbox 1822 4655 3382 4725; baseline -0.001 -15"><span class='ocrx_word' id='word_1_793' title='bbox 1822 4665 1927 4713; x_wconf 91' lang='lat' dir='ltr'><strong>tem</strong></span> <span class='ocrx_word' id='word_1_794' title='bbox 1950 4658 2283 4712; x_wconf 84' lang='lat' dir='ltr'><strong>admiramur</strong></span> <span class='ocrx_word' id='word_1_795' title='bbox 2305 4698 2321 4725; x_wconf 92' lang='lat'><strong>,</strong></span> <span class='ocrx_word' id='word_1_796' title='bbox 2353 4672 2559 4711; x_wconf 91' lang='lat' dir='ltr'><strong>necnon</strong></span> <span class='ocrx_word' id='word_1_797' title='bbox 2591 4656 2841 4711; x_wconf 90' lang='lat' dir='ltr'><strong>omnibus</strong></span> <span class='ocrx_word' id='word_1_798' title='bbox 2874 4656 2965 4724; x_wconf 89' lang='lat' dir='ltr'><strong>qni</strong></span> <span class='ocrx_word' id='word_1_799' title='bbox 3000 4670 3094 4709; x_wconf 92' lang='lat' dir='ltr'><strong>eos</strong></span> <span class='ocrx_word' id='word_1_800' title='bbox 3133 4655 3382 4723; x_wconf 86' lang='lat' dir='ltr'><strong>deinceps</strong></span> 
     </span>
    </p>
   </div>
   <div class='ocr_carea' id='block_1_103' title="bbox 1820 4749 3377 4819">
    <p class='ocr_par' dir='ltr' id='par_1_103' title="bbox 1820 4749 3377 4819">
     <span class='ocr_line' id='line_1_103' title="bbox 1820 4749 3377 4819; baseline -0.002 -13"><span class='ocrx_word' id='word_1_801' title='bbox 1820 4751 2096 4818; x_wconf 88' lang='lat' dir='ltr'><strong>hucusque</strong></span> <span class='ocrx_word' id='word_1_802' title='bbox 2117 4758 2239 4805; x_wconf 89' lang='lat' dir='ltr'><strong>sunt</strong></span> <span class='ocrx_word' id='word_1_803' title='bbox 2272 4751 2445 4805; x_wconf 89' lang='lat' dir='ltr'><strong>secuti</strong></span> <span class='ocrx_word' id='word_1_804' title='bbox 2480 4765 2577 4819; x_wconf 88' lang='lat' dir='ltr'><strong>per</strong></span> <span class='ocrx_word' id='word_1_805' title='bbox 2609 4749 2918 4804; x_wconf 84' lang='lat' dir='ltr'><strong>universum</strong></span> <span class='ocrx_word' id='word_1_806' title='bbox 2947 4749 3028 4819; x_wconf 90' lang='lat' dir='ltr'><strong>(ut</strong></span> <span class='ocrx_word' id='word_1_807' title='bbox 3070 4750 3142 4803; x_wconf 89' lang='lat' dir='ltr'><strong>ita</strong></span> <span class='ocrx_word' id='word_1_808' title='bbox 3183 4749 3377 4819; x_wconf 89' lang='lat' dir='ltr'><strong>dicam)</strong></span> 
     </span>
    </p>
   </div>
   <div class='ocr_carea' id='block_1_104' title="bbox 1820 4838 3375 4905">
    <p class='ocr_par' dir='ltr' id='par_1_104' title="bbox 1820 4838 3375 4905">
     <span class='ocr_line' id='line_1_104' title="bbox 1820 4838 3375 4905; baseline 0.001 -11"><span class='ocrx_word' id='word_1_809' title='bbox 1820 4849 2086 4896; x_wconf 87' lang='lat' dir='ltr'><strong>terrarum</strong></span> <span class='ocrx_word' id='word_1_810' title='bbox 2140 4841 2361 4905; x_wconf 86' lang='lat' dir='ltr'><strong>orbem,</strong></span> <span class='ocrx_word' id='word_1_811' title='bbox 2405 4840 2728 4894; x_wconf 79' lang='lat' dir='ltr'><strong>familiarem</strong></span> <span class='ocrx_word' id='word_1_812' title='bbox 2776 4854 2930 4905; x_wconf 84' lang='lat' dir='ltr'><strong>esse,</strong></span> <span class='ocrx_word' id='word_1_813' title='bbox 2987 4838 3375 4895; x_wconf 88' lang='lat' dir='ltr'><strong>ostendendum</strong></span> 
     </span>
    </p>
   </div>
   <div class='ocr_carea' id='block_1_105' title="bbox 1816 4929 3378 4994">
    <p class='ocr_par' dir='ltr' id='par_1_105' title="bbox 1816 4929 3378 4994">
     <span class='ocr_line' id='line_1_105' title="bbox 1816 4929 3378 4994; baseline -0.002 -6"><span class='ocrx_word' id='word_1_814' title='bbox 1816 4947 1941 4988; x_wconf 87' lang='lat' dir='ltr'><strong>esse</strong></span> <span class='ocrx_word' id='word_1_815' title='bbox 1974 4930 2300 4986; x_wconf 82' lang='lat' dir='ltr'><strong>existimavi.</strong></span> <span class='ocrx_word' id='word_1_816' title='bbox 2333 4929 2412 4984; x_wconf 87' lang='lat' dir='ltr'><strong>Ne</strong></span> <span class='ocrx_word' id='word_1_817' title='bbox 2441 4931 2585 4986; x_wconf 88' lang='lat' dir='ltr'><strong>enim</strong></span> <span class='ocrx_word' id='word_1_818' title='bbox 2612 4931 2744 4985; x_wconf 88' lang='lat' dir='ltr'><strong>citra</strong></span> <span class='ocrx_word' id='word_1_819' title='bbox 2767 4930 3057 4994; x_wconf 88' lang='lat' dir='ltr'><strong>delectum,</strong></span> <span class='ocrx_word' id='word_1_820' title='bbox 3083 4945 3145 4985; x_wconf 90' lang='lat' dir='ltr'><strong>ac</strong></span> <span class='ocrx_word' id='word_1_821' title='bbox 3178 4937 3378 4985; x_wconf 85' lang='lat' dir='ltr'><strong>temere</strong></span> 
     </span>
    </p>
   </div>
   <div class='ocr_carea' id='block_1_106' title="bbox 1815 5021 3379 5092">
    <p class='ocr_par' dir='ltr' id='par_1_106' title="bbox 1815 5021 3379 5092">
     <span class='ocr_line' id='line_1_106' title="bbox 1815 5021 3379 5092; baseline -0.001 -16"><span class='ocrx_word' id='word_1_822' title='bbox 1815 5022 2076 5092; x_wconf 88' lang='lat' dir='ltr'><strong>quidquid</strong></span> <span class='ocrx_word' id='word_1_823' title='bbox 2109 5023 2162 5076; x_wconf 92' lang='lat' dir='ltr'><strong>in</strong></span> <span class='ocrx_word' id='word_1_824' title='bbox 2196 5032 2428 5078; x_wconf 89' lang='lat' dir='ltr'><strong>mentem</strong></span> <span class='ocrx_word' id='word_1_825' title='bbox 2468 5023 2693 5089; x_wconf 89' lang='lat' dir='ltr'><strong>venerit,</strong></span> <span class='ocrx_word' id='word_1_826' title='bbox 2730 5021 2944 5077; x_wconf 79' lang='lat' dir='ltr'><strong>effutire</strong></span> <span class='ocrx_word' id='word_1_827' title='bbox 2984 5021 3189 5088; x_wconf 89' lang='lat' dir='ltr'><strong>videar,</strong></span> <span class='ocrx_word' id='word_1_828' title='bbox 3222 5038 3379 5092; x_wconf 85' lang='lat' dir='ltr'><strong>argu-</strong></span> 
     </span>
    </p>
   </div>
   <div class='ocr_carea' id='block_1_107' title="bbox 1813 5114 3377 5185">
    <p class='ocr_par' dir='ltr' id='par_1_107' title="bbox 1813 5114 3377 5185">
     <span class='ocr_line' id='line_1_107' title="bbox 1813 5114 3377 5185; baseline 0.003 -18"><span class='ocrx_word' id='word_1_829' title='bbox 1813 5116 2011 5170; x_wconf 88' lang='lat' dir='ltr'><strong>mentis</strong></span> <span class='ocrx_word' id='word_1_830' title='bbox 2053 5129 2121 5169; x_wconf 87' lang='lat' dir='ltr'><strong>ex</strong></span> <span class='ocrx_word' id='word_1_831' title='bbox 2172 5114 2347 5179; x_wconf 87' lang='lat' dir='ltr'><strong>libris,</strong></span> <span class='ocrx_word' id='word_1_832' title='bbox 2378 5130 2510 5185; x_wconf 90' lang='lat' dir='ltr'><strong>quos</strong></span> <span class='ocrx_word' id='word_1_833' title='bbox 2558 5116 2632 5171; x_wconf 92' lang='lat' dir='ltr'><strong>illi</strong></span> <span class='ocrx_word' id='word_1_834' title='bbox 2679 5116 2744 5170; x_wconf 91' lang='lat' dir='ltr'><strong>ad</strong></span> <span class='ocrx_word' id='word_1_835' title='bbox 2796 5115 3055 5170; x_wconf 64' lang='lat' dir='ltr'><strong>Ecclesiae</strong></span> <span class='ocrx_word' id='word_1_836' title='bbox 3096 5114 3377 5171; x_wconf 87' lang='lat' dir='ltr'><strong>utilitatem</strong></span> 
     </span>
    </p>
   </div>
   <div class='ocr_carea' id='block_1_108' title="bbox 1813 5205 3370 5276">
    <p class='ocr_par' dir='ltr' id='par_1_108' title="bbox 1813 5205 3370 5276">
     <span class='ocr_line' id='line_1_108' title="bbox 1813 5205 3370 5276; baseline 0.001 -19"><span class='ocrx_word' id='word_1_837' title='bbox 1813 5218 2185 5273; x_wconf 88' lang='lat' dir='ltr'><strong>composuere,</strong></span> <span class='ocrx_word' id='word_1_838' title='bbox 2219 5205 2426 5275; x_wconf 90' lang='lat' dir='ltr'><strong>petitis,</strong></span> <span class='ocrx_word' id='word_1_839' title='bbox 2474 5217 2636 5276; x_wconf 87' lang='lat' dir='ltr'><strong>atque</strong></span> <span class='ocrx_word' id='word_1_840' title='bbox 2671 5210 2776 5263; x_wconf 90' lang='lat' dir='ltr'><strong>huc</strong></span> <span class='ocrx_word' id='word_1_841' title='bbox 2809 5207 2862 5260; x_wconf 93' lang='lat' dir='ltr'><strong>in</strong></span> <span class='ocrx_word' id='word_1_842' title='bbox 2906 5205 3137 5261; x_wconf 89' lang='lat' dir='ltr'><strong>medium</strong></span> <span class='ocrx_word' id='word_1_843' title='bbox 3172 5206 3370 5270; x_wconf 86' lang='lat' dir='ltr'><strong>allatis,</strong></span> 
     </span>
    </p>
   </div>
   <div class='ocr_carea' id='block_1_109' title="bbox 1811 5295 3373 5367">
    <p class='ocr_par' dir='ltr' id='par_1_109' title="bbox 1811 5295 3373 5367">
     <span class='ocr_line' id='line_1_109' title="bbox 1811 5295 3373 5367; baseline 0.001 -18"><span class='ocrx_word' id='word_1_844' title='bbox 1811 5295 2073 5351; x_wconf 88' lang='lat' dir='ltr'><strong>orationis</strong></span> <span class='ocrx_word' id='word_1_845' title='bbox 2104 5310 2236 5351; x_wconf 75' lang='lat' dir='ltr'><strong>mea:</strong></span> <span class='ocrx_word' id='word_1_846' title='bbox 2264 5298 2541 5354; x_wconf 84' lang='lat' dir='ltr'><strong>veritatem</strong></span> <span class='ocrx_word' id='word_1_847' title='bbox 2575 5300 2897 5354; x_wconf 78' lang='lat' dir='ltr'><strong>conﬁrmare</strong></span> <span class='ocrx_word' id='word_1_848' title='bbox 2932 5296 3173 5356; x_wconf 86' lang='lat' dir='ltr'><strong>studebo.</strong></span> <span class='ocrx_word' id='word_1_849' title='bbox 3206 5296 3373 5367; x_wconf 84' lang='lat' dir='ltr'><strong>Igitur</strong></span> 
     </span>
    </p>
   </div>
   <div class='ocr_carea' id='block_1_110' title="bbox 1210 5592 2288 5673">
    <p class='ocr_par' dir='ltr' id='par_1_110' title="bbox 1210 5592 2288 5673">
     <span class='ocr_line' id='line_1_110' title="bbox 1210 5592 2288 5673; baseline 0.013 -26"><span class='ocrx_word' id='word_1_850' title='bbox 1210 5592 1381 5648; x_wconf 83' lang='lat' dir='ltr'><strong>Variae</strong></span> <span class='ocrx_word' id='word_1_851' title='bbox 1412 5593 1669 5649; x_wconf 86' lang='lat' dir='ltr'><strong>lectiones</strong></span> <span class='ocrx_word' id='word_1_852' title='bbox 1698 5596 1899 5653; x_wconf 89' lang='lat' dir='ltr'><strong>codicis</strong></span> <span class='ocrx_word' id='word_1_853' title='bbox 1930 5599 2288 5673; x_wconf 83' lang='lat' dir='ltr'><strong>Seguieriani.</strong></span> 
     </span>
    </p>
   </div>
   <div class='ocr_carea' id='block_1_111' title="bbox 236 5718 1202 5801">
    <p class='ocr_par' dir='ltr' id='par_1_111' title="bbox 236 5718 1202 5801">
     <span class='ocr_line' id='line_1_111' title="bbox 236 5718 1202 5801; baseline 0.006 -23"><span class='ocrx_word' id='word_1_854' title='bbox 236 5718 253 5762; x_wconf 68' lang='grc'>⁸</span> <span class='ocrx_word' id='word_1_855' title='bbox 284 5725 388 5780; x_wconf 75' lang='grc' dir='ltr'><strong>ὅτε.</strong></span> <span class='ocrx_word' id='word_1_856' title='bbox 495 5734 535 5758; x_wconf 79' lang='grc'><strong>⁸³</strong></span> <span class='ocrx_word' id='word_1_857' title='bbox 568 5726 734 5793; x_wconf 79' lang='grc' dir='ltr'><strong>τάξει.</strong></span> <span class='ocrx_word' id='word_1_858' title='bbox 812 5740 837 5768; x_wconf 76' lang='grc' dir='ltr'><strong>ιι</strong></span> <span class='ocrx_word' id='word_1_859' title='bbox 869 5729 1202 5801; x_wconf 80' lang='grc' dir='ltr'>ἐκκλησίαις.</span> 
     </span>
    </p>
   </div>
   <div class='ocr_carea' id='block_1_112' title="bbox 1281 5730 2142 5808">
    <p class='ocr_par' dir='ltr' id='par_1_112' title="bbox 1281 5730 2142 5808">
     <span class='ocr_line' id='line_1_112' title="bbox 1281 5730 2142 5808; baseline 0.005 -22"><span class='ocrx_word' id='word_1_860' title='bbox 1281 5741 1305 5767; x_wconf 89' lang='grc' dir='ltr'><strong>ο</strong></span> <span class='ocrx_word' id='word_1_861' title='bbox 1336 5730 1774 5801; x_wconf 72' lang='grc' dir='ltr'>κατασφραγιῶν.</span> <span class='ocrx_word' id='word_1_862' title='bbox 1854 5744 1880 5783; x_wconf 83' lang='grc' dir='ltr'>Ρ</span> <span class='ocrx_word' id='word_1_863' title='bbox 1909 5734 2142 5808; x_wconf 83' lang='grc' dir='ltr'>ἀληθῶς.</span> 
     </span>
    </p>
   </div>
  </div>
