4056 6334
633 377 760 439 HN

1612 380 1668 434 S.
1700 377 1977 435 CYRILLI
2028 372 2494 429 ALEXANDRINI
2531 377 2848 432 ARCIIIEP.

3708 368 3848 422 1212

631 490 976 549 beatissimus
1006 488 1117 555 ille,
1143 504 1208 548 ac
1224 503 1444 563 pr0pter
1471 495 1684 562 pietatis
1709 492 2017 559 Opinionem
2049 493 2186 556 apud

2313 489 2568 559 ἱιαδόητος
2625 493 2705 554 είς
2753 489 3029 542 εὐσέὕειαν
3080 487 3429 550 Ἀθανάσιος,
3484 483 3514 534 ὁ
3558 480 3852 550 γενόμενος

629 596 815 638 omnes
863 579 1249 638 celeberrimus
1291 583 1646 645 Athanasius,
1682 582 1772 650 qui
1817 580 2187 650 superioribus

2313 581 2430 632 εατά
2480 584 2712 652 καιροὺς
2759 581 2851 648 τῆς
2909 578 3296 651 Ἀλεξανδρέων
3357 574 3677 643 Ἐκκλησίαξ
3735 571 3855 623 ἐπί-

631 673 963 742 temporibus
1011 672 1348 729 Alexandria:
1391 673 1644 727 Ecclesiae
1693 674 2062 741 episcopatum
2109 682 2188 726 te-

2292 688 2491 735 σκοπος
2517 715 2531 738 ,
2569 675 2626 726 ὲν
2652 671 2728 742 τῷ
2757 669 2882 740 περὶ
2912 669 3239 739 σαρκώσεως
3272 670 3430 739 λόγῳ,
3458 667 3586 736 περὶ
3611 659 3852 733 Χριστοῦ

631 766 767 824 nuit.
802 764 938 818 libro
969 764 1034 818 de
1064 764 1280 820 Christo
1307 765 1586 818 incarnato
1621 762 1988 832 hujuscemodi
2013 765 2191 820 verbis
2289 763 2415 816 τάδε
2441 780 2455 793 ο

633 857 853 910 disserit
882 871 898 910 :

635 967 744 1038 48
770 970 1045 1022 Athanasii
1061 969 1280 1038 episcopi
1309 967 1646 1023 Alexandria!
1676 988 1739 1024 ex
1767 971 1899 1026 libro
1927 971 2000 1026 De
2024 973 2194 1026 incar-

982 1041 1190 1090 natione
1230 1036 1398 1092 Verbi.
1421 1069 1490 1078 —
1511 1040 1587 1094 De
1619 1041 1849 1096 Christo.

703 1149 1050 1217 Agnoscimus
1086 1150 1230 1204 illum
1274 1151 1363 1206 Dei
1397 1151 1612 1218 Filium,
1646 1164 1698 1208 et
1743 1155 1906 1207 Deum
1945 1167 2066 1207 csse
2107 1167 2194 1207 se-

636 1240 865 1291 cundum
889 1239 1136 1306 spiritum
1164 1257 1177 1304 ;
1201 1240 1394 1295 Filium
1428 1253 1604 1298 autem
1637 1243 1868 1297 hominis
1901 1246 2192 1297 secundum

637 1342 892 1382 carnem:
943 1343 1045 1382 non
1095 1332 1226 1385 duas
1278 1342 1497 1386 naturas
1553 1347 1715 1386 unum
1769 1332 1982 1398 Filium,
2033 1349 2192 1388 unam

637 1417 983 1482 adorandam,
1019 1420 1243 1476 alteram
1273 1438 1377 1476 non
1404 1424 1756 1484 adurandam,
1785 1423 1875 1476 sed
1909 1439 2069 1476 unam
2103 1439 2196 1477 na-

639 1518 808 1561 turam
859 1511 1022 1564 divini
1074 1512 1232 1567 Verbi
1283 1514 1647 1577 incarnatam,
1699 1530 1818 1582 quae
1864 1513 2024 1568 simul
2074 1531 2194 1569 cum

639 1599 752 1664 ejus
787 1615 950 1655 carne
982 1617 1082 1656 una
1139 1604 1450 1658 adoratione
1492 1605 1786 1659 aduratur:
1838 1619 2011 1673 neque
2063 1605 2196 1660 duos

639 1705 847 1743 rursum
874 1689 1031 1757 ﬁlios,
1057 1693 1281 1747 alterum
1309 1709 1490 1749 verum
1517 1695 1980 1766 adorandumque,
2007 1711 2197 1764 nempe

640 1777 828 1831 Filium
872 1780 1001 1848 Dei;
1051 1781 1274 1837 alterum
1309 1799 1369 1838 ex
1412 1784 1576 1838 Maria
1635 1785 1905 1840 hominem
1951 1801 2054 1839 non
2099 1785 2194 1837 ad-

638 1869 925 1932 orandum,
953 1874 1045 1928 sed
1075 1889 1170 1940 per
1196 1875 1444 1943 gratiam,
1477 1876 1695 1943 perinde
1721 1892 1782 1931 ac
1813 1877 1988 1932 caeteri
2028 1876 2199 1930 homi-

641 1975 756 2024 nes,
801 1961 851 2014 in
891 1960 1082 2016 Filium
1130 1973 1429 2032 c00ptatnm
1470 1983 1482 2017 :
1527 1980 1711 2020 verum
1749 1982 1936 2033 unum,
1969 1977 2026 2021 ut
2055 1966 2197 2032 dixi,

642 2051 830 2105 Filium
870 2051 983 2116 Dei,
1026 2053 1171 2107 illum
1218 2058 1388 2124 ipsum
1435 2057 1712 2122 nimirum,
1750 2069 1803 2112 et
1848 2074 1949 2113 non
1994 2059 2196 2121 alium,

640 2144 728 2210 qui
768 2158 833 2196 ex
875 2144 984 2197 Deo
1023 2155 1125 2199 est.
1170 2147 1268 2211 Qui
1319 2149 1622 2205 novissimis
1669 2151 1856 2204 diebus
1906 2151 2197 2204 secundum

640 2249 856 2291 carnem
889 2250 950 2288 ex
988 2235 1152 2288 Maria
1179 2247 1332 2291 natus
1364 2249 1466 2302 est,
1499 2242 1944 2307 quemadmodum
1980 2243 2201 2310 angelus

641 2325 877 2393 Deipara
923 2322 1138 2377 Marim:
1194 2341 1212 2374 ι
1269 2324 1546 2390 Quomodo
1592 2329 1683 2381 ﬁet
1730 2330 1902 2396 istud,
1942 2333 2199 2399 quoniam

641 2418 812 2470 virum
843 2431 945 2468 non
975 2431 1240 2485 cognosco
1265 2417 1349 2470 “?
1391 2437 1408 2469 υ
1443 2419 1740 2474 sciscitanti
1802 2426 2070 2492 exposuit.
2113 2427 2202 2479 Ait

644 2523 910 2575 namque:
952 2527 972 2561 ι
1011 2507 1248 2576 Spiritus
1290 2518 1512 2564 sanctus
1557 2515 1897 2579 superveniet
1943 2515 1993 2568 in
2034 2526 2104 2582 te,
2150 2528 2204 2572 et

639 2602 812 2654 virtus
859 2597 1122 2652 Altissitni
1178 2599 1520 2654 obumbrabit
1594 2601 1686 2655 tibi
1731 2620 1743 2656 :
1797 2605 2024 2672 ideoque
2064 2610 2203 2674 quod

643 2701 892 2741 nascetur
920 2703 984 2741 ex
1033 2698 1084 2741 te
1118 2697 1385 2753 sanctum,
1421 2689 1703 2744 vocabitur
1745 2691 1913 2748 Filius
1950 2695 2039 2749 Dei
2066 2697 2132 2750 τ’.
2181 2715 2199 2747 ›

642 2779 689 2833 ls
721 2781 878 2847 igitur
899 2794 1057 2848 quem
1087 2778 1249 2848 Virgo
1277 2781 1502 2848 peperit,
1533 2788 1616 2833 est
1643 2796 1800 2835 verus
1835 2785 2207 2855 naturalisque

639 2870 734 2926 Dei
767 2871 955 2939 Filius,
985 2881 1040 2926 et
1072 2872 1210 2926 Deus
1235 2887 1415 2937 verus,
1448 2886 1552 2925 non
1585 2873 1993 2944 participatione
2024 2876 2107 2931 vel
2139 2891 2205 2930 ex

645 2961 849 3031 gratia;
885 2962 1174 3015 secundum
1201 2974 1416 3014 carnem
1452 2969 1655 3015 tantum
1697 2977 1858 3031 quam
1888 2965 2119 3033 sumpsit
2143 2979 2208 3019 ex

645 3051 841 3116 Maria,
873 3053 1070 3118 homo;
1111 3051 1402 3106 secundum
1446 3053 1728 3120 spiritum,
1773 3053 1940 3110 Filius
1982 3056 2110 3122 Dei,
2157 3067 2210 3110 ct

2307 982 2652 1037 Ἅθανασίου
2707 978 3045 1052 ἐξιῐιονκόπνουΔ
3092 977 3567 1052 Ἀλεξαζδρείας,
3629 975 3712 1052 ἐξ
3745 967 3856 1024 τοῦ

2403 1054 2542 1119 Περὶ
2577 1047 2932 1116 σαρκώσεως
2960 1047 3174 1115 Λόγου.
3197 1076 3263 1086 -
3286 1047 3427 1118 Περὶ
3457 1047 3740 1112 Χριστοῦ.

2375 1159 2772 1230 Ὀμολογοῦμεν
2791 1160 2919 1230 γάρ,
2948 1160 3103 1230 φησὶ,
3125 1160 3217 1212 καὶ
3245 1153 3382 1212 εἶναι
3416 1157 3570 1210 αὑτὸν
3607 1156 3737 1208 Υἱδν
3761 1153 3856 1207 τοῦ

2295 1252 2450 1315 Θεοῦ,
2488 1252 2581 1304 καὶ
2605 1251 2735 1302 Θεὸν
2763 1250 2900 1302 κατά
2929 1249 3180 1322 πνεῦμα,
3216 1249 3341 1302 Υίὸν
3386 1248 3670 1318 ἀνθρώπου
3708 1247 3862 1298 κατὰ

2297 1344 2495 1414 σάρκα,
2526 1342 2583 1394 οὐ
2618 1341 2710 1393 δύο
2744 1341 2934 1410 φύσεις
2961 1342 3053 1395 τὸν
3081 1343 3178 1396 ‘5'va
3201 1341 3347 1406 Υίὸν,
3383 1341 3507 1410 μίαν
3545 1354 3863 1408 προσκυνη-

2295 1435 2410 1504 τὴν,
2442 1433 2533 1486 καὶ
2565 1433 2692 1500 μίαν
2723 1432 3164 1504 ἀπροσκύνητον·
3198 1431 3335 1486 ἀλλὰ
3381 1431 3506 1499 μίαν
3551 1428 3712 1497 φύσιν
3760 1424 3860 1477 τοῦ

2295 1524 2427 1576 Θεοῦ
2483 1523 2654 1590 Λόγου
2709 1525 3165 1594 σεσαρκωμένην,
3219 1523 3312 1577 καὶ
3373 1518 3865 1592 προσκυνουμένην

2299 1613 2438 1683 μετὰ
2475 1615 2574 1682 τῆς
2606 1613 2806 1684 σαρκὸς
2837 1614 3000 1666 αὑτοῦ
3038 1615 3137 1685 μιᾷ
3177 1615 3573 1685 προσκυνήσει·
3611 1608 3734 1662 οὐδὲ
3766 1607 3866 1659 δύο

2299 1706 2466 1767 υἱοὺς,
2502 1704 2660 1758 ἄλλον
2689 1705 2784 1773 μὲν
2817 1703 2943 1756 Υἱὸν
2968 1703 3102 1756 Θεοῦ
3135 1703 3386 1773 ἀληθινὸν
3407 1703 3499 1754 καὶ
3530 1696 3869 1770 προσκυνοῦ-

2231 1839 2272 1892 Β
2304 1811 2483 1865 μενον,
2517 1796 2673 1848 ἄλλον
2720 1795 2776 1846 δὲ
2819 1796 2882 1847 ὲκ
2916 1796 3134 1864 Μαρίας
3167 1794 3470 1863 ἄνθρωπον,
3507 1793 3579 1862 μὴ
3610 1806 3864 1860 προςκυ-

2301 1885 2578 1954 νούμενον,
2608 1884 2748 1938 κατὰ
2785 1885 2943 1954 χάριν
2973 1885 3108 1937 Υἱὸν
3149 1883 3282 1937 Θεοῦ
3316 1883 3625 1951 γενόμενον,
3659 1881 3733 1941 ὡς
3766 1880 3862 1930 καὶ

2299 1973 2607 2044 ἄνθρωποι·
2645 1974 2779 2027 ἀλλὰ
2822 1973 2913 2025 τὸν
2955 1975 3020 2026 ὲκ
3068 1973 3235 2036 Θεοῦ,
3283 1972 3359 2033 ὠς
3389 1971 3543 2040 ἔφην,
3587 1969 3683 2021 ἕνα
3727 1968 3868 2020 Υίῦν

2300 2065 2458 2127 Θεοῦ,
2487 2071 2578 2118 καὶ
2605 2066 2736 2118 Θεὸν
2757 2064 2936 2127 αὑτὸν,
2966 2066 3058 2118 καὶ
3077 2067 3176 2118 οὐκ
3208 2063 3383 2118 ἄλλον.
3414 2062 3521 2114 Καὶ¹
3549 2061 3614 2111 ἐκ
3639 2058 3868 2128 Μαρίας

2300 2158 2660 2228 γεγεννῆσθαι
2695 2157 2834 2208 κατά
2869 2156 3047 2226 σάρκα
3081 2155 3168 2207 ἐπ’
3206 2154 3445 2223 ἐσχάτων
3477 2151 3584 2202 τῶν
3613 2148 3866 2219 ἡμερῶν,

2301 2248 2375 2310 ὼς
2418 2248 2445 2299 ό
2490 2245 2717 2312 ἄγγελος
2755 2247 2818 2312 τῇ
2869 2243 3115 2313 Θεοτόκῳ
3160 2243 3346 2313 Μαρίᾳ
3381 2238 3651 2311 λεγούσῃ⁸
3684 2257 3702 2290 ι
3734 2238 3865 2300 Πῶς

2301 2337 2456 2390 τοῦτο
2514 2336 2688 2395 ἔσται,
2725 2335 2846 2386 ἐπεὶ
2903 2334 3070 2404 ἄνδρα
3122 2334 3183 2385 οὑ
3237 2330 3522 2400 γινώσκως
3557 2348 3576 2380 ι
3625 2328 3866 2396 Ἔλεγε·

2309 2445 2327 2477 ι
2362 2424 2585 2494 Πνεῦμα
2630 2425 2783 2491 ἅγιον
2831 2423 3182 2476 ἐπελεύσεται
3228 2422 3320 2474 ἐπὶ
3367 2423 3445 2485 σὲ,
3494 2421 3588 2474 καὶ
3638 2419 3869 2488 δύναμις

2316 2515 2569 2586 Ὑψίστου
2615 2516 2920 2568 ἐπισκιάσει
2979 2531 3089 2567 σοι’
3143 2514 3223 2566 διὸ
3272 2513 3367 2566 καὶ
3407 2512 3467 2566 τὺ
3527 2510 3870 2581 γεννώμενον

2305 2608 2478 2676 ἆγιον,
2507 2605 2837 2676 κληθήσεται
2884 2605 3011 2667 Υίὸς
3040 2604 3195 2657 Θεοῦ.
3231 2622 3247 2656 ι
3299 2604 3357 2655 '0
3385 2605 3560 2655 τοίνυν
3587 2603 3874 2671 γεννηθεὶς

2305 2701 2369 2751 ὲκ
2400 2701 2498 2767 τῆς
2535 2699 2693 2765 ἁγίας
2733 2696 3028 2765 Παρθένου,
3059 2697 3187 2759 Υίὸς
3216 2695 3350 2749 Θεοῦ
3382 2694 3538 2764 φύσει
3564 2732 3581 2758 ,
3613 2695 3710 2747 καὶ
3738 2695 3873 2756 Θεὸς

2307 2787 2577 2858 ἀληθινὸς,
2621 2788 2715 2840 καὶ
2749 2788 2809 2840 οὺ
2852 2787 3034 2858 χάριτι
3069 2789 3163 2841 καὶ
3195 2787 3486 2857 μετουσίᾳ,
3517 2787 3659 2839 κατὰ
3689 2787 3875 2856 σάρκα

2313 2880 2471 2950 μόνον
2509 2878 2606 2948 τὴν
2639 2879 2702 2930 ὲκ
2729 2879 2970 2948 Μαρίας,
3003 2877 3309 2948 ἄνθρωπος,
3347 2878 3486 2932 κατὰ
3523 2879 3581 2932 δὲ
3627 2879 3872 2948 πνεῦμα,

2309 2969 2470 3031 αὐτὸς
2502 2969 2629 3036 Tib;
2667 2968 2760 3022 τοῦ
2797 2969 2931 3022 Θεοῦ
2966 2971 3057 3022 καὶ
3089 2970 3250 3032 Θεόςο
3287 2969 3474 3023 παθὼν
3509 2973 3609 3039 μὲν
3636 2971 3709 3023 τὰ
3736 2970 3877 3041 mtt-

2307 3074 2442 3128 τερα
2457 3057 2615 3128 ,πάοη
2639 3059 2777 3111 κατὰ
2813 3059 2989 3126 σάρκα
3011 3099 3026 3124 ,
3061 3057 3250 3130 ὥσπερ
3299 3061 3635 3130 γέγραπται·
3693 3079 3712 3112 ι
3750 3062 3881 3130 Χρι-

647 3144 787 3196 Deus
823 3143 954 3211 ipse.
982 3142 1081 3210 Qui
1122 3146 1334 3213 quidem
1373 3147 1667 3203 secundum
1711 3160 1928 3199 carnem
1959 3135 2209 3199 humanae

2314 3144 2438 3198 στοῦ
2465 3145 2725 3210 παθόντος
2753 3147 2889 3218 ὑπὲρ
2911 3147 3063 3216 ἡμῶν
3090 3147 3278 3218 σαρκί.
3315 3167 3333 3198 ο
3366 3149 3470 3200 Καὶ
3503 3148 3686 3201 πάλιν
3731 3166 3751 3199 ι
3782 3149 3880 3210 ’ος

646 3243 848 3287 natura:
876 3234 1246 3288 convenientia
1275 3250 1464 3305 passus
1488 3245 1590 3290 est.
1619 3236 1891 3304 Scriptum
1923 3243 2006 3289 est
2029 3236 2207 3289 enim:

653 3342 673 3375 ι
710 3323 925 3379 Christo
953 3339 1050 3392 pro
1090 3325 1243 3380 nobis
1276 3328 1327 3379 in
1372 3342 1537 3382 carne
1585 3327 1831 3396 passo".
1874 3345 1892 3378 ι
1930 3325 2164 3380 Rursum
2197 3342 2211 3378 :

656 3432 674 3466 ι
713 3414 810 3480 Qui
862 3415 1024 3468 etiam
1071 3417 1286 3486 proprio
1317 3415 1451 3471 Filio
1499 3433 1601 3473 non
1659 3417 1928 3494 pepercit,
1979 3417 2071 3472 sed
2118 3431 2214 3486 pro

654 3507 901 3561 omnibus
945 3507 1098 3562 nobis
1129 3509 1347 3562 tradidit
1390 3509 1534 3563 illum
1560 3509 1650 3564 ’δι
1687 3528 1704 3560 ι
1745 3510 2091 3574 nihilominus
2129 3526 2216 3565 se-

654 3600 887 3651 cundum
919 3599 1151 3652 divinam
1182 3610 1429 3655 naturam
1477 3601 1822 3667 impassibilis
1864 3616 1927 3655 ac
1962 3602 2215 3654 immuta-

655 3688 777 3743 bilis
804 3702 972 3757 usque
1000 3691 1315 3758 permansit,
1337 3692 1490 3759 juxta
1519 3691 1648 3744 illud
1682 3693 1952 3759 prophetae
1983 3707 2217 3760 pronun-

659 3781 890 3835 tiatum:
928 3799 948 3832 ι
982 3782 1091 3850 Ego
1130 3781 1290 3846 Deus,
1332 3792 1387 3836 et
1431 3798 1538 3836 non
1589 3783 1853 3836 mutor".
1887 3801 1905 3833 ι
1978 3783 2218 3838 Mortuus

654 3883 739 3927 est
761 3887 894 3927 sane
931 3875 1220 3928 secundum
1272 3889 1491 3928 carnem
1535 3883 1716 3928 nostra
1768 3887 1958 3942 morte,
2005 3885 2218 3931 110511³0-

657 3979 882 4033 rumque
908 3973 1248 4031 peccatorum
1280 3949 1479 4030 causa;
1510 3980 1616 4034 quo
1657 3966 1912 4026 nimirum
1957 3983 2052 4034 per
2081 3982 2222 4021 mor-

659 4063 767 4108 tem
828 4053 999 4108 nostri
1055 4055 1226 4124 gratia
1284 4066 1630 4124 susceptam,
1682 4065 1908 4110 mortem
1957 4057 2219 4110 aboleret.

659 4145 795 4201 Hinc
827 4145 1113 4214 Apostolus
1144 4163 1158 4199 :
1215 4163 1236 4214 ι
1267 4145 1527 4214 Absorpta
1558 4154 1639 4198 est
1679 4161 1825 4200 mors
1859 4147 1911 4198 in
1956 4146 2177 4200 victoria
2205 4163 2219 4199 :

663 4238 750 4292 ubi
782 4248 884 4301 est,
921 4251 1086 4301 mors,
1132 4237 1354 4290 victoria
1403 4238 1536 4290 tua?
1569 4238 1656 4290 ubi
1683 4247 1765 4290 est
1789 4237 2056 4291 .stimulus
2081 4246 2222 4304 tuus,

663 4326 968 4380 inferne"?
1007 4345 1026 4377 ›
1077 4325 1314 4380 iterum:
1373 4345 1390 4377 ι
1426 4326 1670 4380 Christus
1720 4337 1963 4381 mortuus
2001 4337 2084 4380 est
2128 4343 2226 4396 pro

663 4417 896 4486 peccatis
929 4418 1146 4483 nostris,
1173 4418 1466 4472 secundum
1498 4416 1806 4485 Scripturas
1831 4418 1902 4472 τ’.
1944 4437 1963 4471 ι
2001 4420 2068 4471 At
2096 4434 2226 4475 vero

2313 3253 2377 3305 γε
2420 3237 2513 3289 τοῦ
2568 3237 2702 3290 ίδίου.
2743 3237 2870 3289 Υίοῦ
2912 3239 3011 3289 οὐκ
3061 3239 3347 3307 ἐφείσατο,
3383 3237 3495 3290 ἀλλ’
3544 3239 3686 3307 ὑπὲρ
3719 3237 3883 3307 ἡμῶν

2314 3326 2531 3379 πάντων
2563 3326 2883 3396 παρέδωκεν
2928 3325 3111 3379 αὐτόν.
3160 3345 3179 3378 ι
3222 3325 3458 3392 ’Δπαθὴς
3495 3325 3550 3377 δὲ
3593 3324 3884 3394 διαμείνας

2313 3416 2408 3469 καὶ
2444 3415 2799 3478 ἀναλλοίωτος
2837 3415 2975 3468 κατὰ
2999 3415 3095 3486 τὴν
3126 3415 3372 3484 θεότητα,
3405 3414 3623 3467 κατὰτὸ
3647 3415 3882 3484 λεγόμε-

2314 3524 2402 3560 νον
2428 3508 2532 3559 ὑπὸ
2559 3506 2653 3559 τοῦ
2686 3509 2964 3578 προφήτου
2981 3523 2993 3536 °
3021 3527 3039 3559 ι
3066 3507 3203 3575 Ἐγὼ
3224 3507 3375 3571 Θεὸς,
3407 3508 3629 3561 καὶνούκ
3656 3508 3887 3576 ἠλλοίω-

2319 3617 2431 3670 μαι.
2469 3618 2486 3649 ι
2532 3598 2842 3652 Ἀποθανὼν
2880 3601 2976 3671 μὲν
3025 3601 3114 3652 τὸν
3153 3601 3420 3671 ἡμέτερον
3464 3599 3697 3652 θάνατον
3744 3601 3888 3653 κατὰ

2318 3691 2496 3762 σάρκα
2541 3691 2680 3760 ὑπὲρ
2707 3691 2814 3745 τῶν
2849 3693 3127 3762 ἁμαρτιῶν
3173 3692 3351 3762 ἡμῶν,
3400 3693 3485 3744 ἵνα
3513 3694 3604 3744 τὸν
3654 3691 3889 3745 θάνατον

2319 3781 2480 3851 ἀνέλῃ
2507 3781 2594 3834 διὰ
2623 3781 2714 3834 τοῦ
2745 3782 2884 3854 ὑπὲρ
2914 3783 3068 3853 ἡμῶν
3103 3783 3354 3849 θανάτου,
3379 3783 3518 3836 κατὰ
3541 3783 3633 3835 τὸν
3661 3783 3890 3851 λέγοντα

2331 3871 2681 3924 Ἀπόστολον·
2736 3891 2752 3922 ι
2779 3872 3065 3941 Κατεπόθη
3113 3874 3142 3924 ὁ
3193 3872 3419 3935 θάνατος
3462 3875 3541 3936 είς
3574 3875 3747 3934 νῖκος.
3778 3873 3891 3925 Ποῦ

2323 3979 2437 4026 σου,
2470 3962 2686 4029 θάνατε,
2720 3963 2779 4015 τὸ
2818 3965 2996 4027 νῖκος;
3030 3963 3129 4016 ποῦ
3167 3981 3279 4027 σου,
3315 3964 3436 4034 ᾇδη,
3470 3965 3531 4016 τὸ
3571 3966 3838 4033 κέντρον;
3867 3983 3886 4015 ι

2322 4052 2432 4105 Καὶ
2469 4052 2626 4105 πάλιν
2646 4069 2658 4080 ·
2690 4072 2706 4103 ι
2744 4051 2977 4122 Χριστὸς
3015 4052 3284 4106 ἀπέθανεν
3308 4054 3445 4123 ὑπὲρ
3469 4055 3576 4105 τῶν
3599 4055 3892 4123 ἁμαρτιῶν

2322 4142 2496 4212 ἡμῶν,
2525 4143 2667 4196 κατὰ
2698 4143 2795 4205 τὰς
2825 4143 3065 4212 Γραφάς.
3098 4162 3116 4193 ι
3165 4142 3454 4205 Ἀθάνατος
3477 4143 3533 4196 δὲ
3577 4145 3674 4197 καὶ
3713 4145 3895 4214 ἀκρά-

2321 4252 2482 4304 τητος
2539 4235 2616 4304 τῷ
2661 4234 2872 4301 θανάτῳ
2920 4235 3200 4304 διαμείνας
3242 4234 3330 4289 διά
3359 4236 3459 4304 τὴν
3500 4235 3766 4305 θεότητα,
3813 4237 3894 4300 ὡς

2325 4324 2541 4395 ἀπαθὴς
2567 4325 2660 4377 τοῦ
2690 4325 2902 4395 Πατρὸς
2933 4324 3180 4395 δύναμις,
3217 4327 3356 4379 κατὰ
3386 4327 3476 4379 τον
3521 4326 3748 4394 λέγοντα
3783 4329 3896 4380 Πέ-

2328 4431 2454 4484 τρον
2476 4429 2488 4442 '
2527 4415 2586 4466 οὐ
2618 4415 2722 4483 γὰρ
2765 4411 2832 4484 ἦν
2862 4415 3081 4468 δυνατὸν
3112 4417 3428 4486 κρατεῖσθαι
3454 4419 3612 4471 αὑτὸν
3653 4419 3761 4472 ὑπὸ
3791 4420 3891 4473 τοῦ

665 4509 957 4565 secundum
983 4507 1317 4562 divinitatem
1343 4508 1685 4571 immortalis,
1720 4509 1975 4577 omnique
2004 4509 2211 4565 interitu

2329 4507 2576 4560 θανάτου.
2625 4503 2755 4558 Εἶτα
2803 4505 3012 4570 τούτοις
3058 4507 3347 4578 ἐπιφέρει,
3395 4510 3683 4578 παρενθεὶς
3726 4512 3900 4582 ἕτερα

664 4598 907 4667 superior
929 4607 1065 4663 erat,
1097 4605 1156 4650 ut
1183 4597 1275 4665 qui
1313 4597 1623 4666 impatibilis
1650 4597 1825 4653 Patris
1860 4601 2028 4654 virtus
2061 4611 2223 4665 esset,

668 4687 1138 4757 morteque,juxta
1188 4686 1333 4742 Petri
1384 4688 1704 4741 sententiam
1730 4688 1810 4753 ⁷⁸,
1869 4689 2034 4743 teneri
2081 4690 2228 4743 nullo

669 4779 829 4834 modo
870 4787 1070 4848 posset.
1117 4776 1319 4832 Deinde
1369 4777 1490 4832 aliis
1537 4776 1647 4847 59
1686 4779 2005 4846 quibusdam
2054 4778 2226 4831 inter-

664 4872 842 4940 jectis,
907 4870 1021 4924 haec
1079 4869 1391 4938 subjungit:
1453 4868 1508 4923 Si
1567 4871 1686 4937 quis
1731 4878 1906 4923 autem
1960 4868 2102 4922 aliud
2162 4884 2228 4923 ex

672 4961 865 5015 divinis
921 4958 1136 5013 Litteris
1195 4958 1477 5022 docuerit,
1527 4967 1580 5012 et
1623 4959 1785 5012 alium
1839 4958 1929 5014 Dei
1982 4958 2227 5026 Filium,

675 5049 836 5102 alium
913 5046 1090 5101 Mariae
1171 5060 1267 5115 per
1347 5046 1577 5115 gratiam
1652 5049 1820 5100 instar
1891 5047 2058 5101 nostri
2138 5046 2233 5100 ad.

675 5149 939 5210 optatum,
990 5135 1262 5208 professus
1310 5137 1492 5200 fuerit,
1537 5145 1789 5205 tanquam
1838 5137 1944 5191 duo
1979 5137 2086 5191 sint
2119 5137 2231 5201 lilii,

677 5233 814 5285 alter
862 5229 954 5283 Dei
1000 5231 1292 5284 secundum
1355 5240 1640 5293 naturam,
1694 5229 1781 5282 ille
1839 5229 2088 5282 videlicet
2145 5228 2236 5297 qui

677 5337 740 5377 ex
781 5322 885 5376 Deo
923 5331 1115 5387 natus;
1151 5320 1289 5387 alter
1318 5321 1611 5373 secundum
1643 5320 1942 5387 adoptionis
1975 5331 2234 5388 gratiam,

680 5415 841 5467 homo
873 5410 1123 5464 nimirum
1151 5411 1241 5479 qui
1278 5428 1340 5465 ex
1373 5409 1540 5464 Maria
1564 5411 1804 5466 exstitit:
1839 5418 1932 5464 aut
1962 5412 2006 5465 si
2029 5410 2237 5466 Domini

683 5503 848 5559 nostri
877 5517 1094 5558 carnem
1123 5517 1228 5556 non
1256 5517 1320 5556 ex
1353 5502 1577 5572 Deipara
1623 5500 1838 5572 Virgine
1882 5499 2046 5555 Maria
2093 5517 2238 5555 sum-

755 5663 794 5692 ”
824 5660 950 5714 Luc.
988 5676 1026 5721 ι,
1061 5659 1147 5712 δι.
1223 5658 1270 5690 ⁷⁸
1300 5655 1426 5708 ibid.
1460 5658 1548 5712 55.
1624 5658 1669 5690 ⁷³
1696 5656 1714 5710 l
1742 5658 1878 5711 Pctr.
1920 5671 1989 5724 tv,
2030 5657 2072 5711 Ι.

689 5731 733 5763 ⁷⁷
769 5733 895 5785 ibid.
931 5733 982 5786 4.
1061 5729 1108 5759 ⁷⁸
1143 5731 1246 5782 Act
1302 5741 1363 5790 ιι,
1398 5727 1449 5781 4.

2151 5656 2197 5688 ⁷³
2234 5658 2386 5710 Rom.
2420 5672 2512 5711 vm
2577 5655 2644 5709 '59.

2335 4594 2535 4665 μεταξὺ
2565 4593 2733 4656 οὕτως
2755 4610 2767 4623 ·
2799 4595 2863 4647 El
2903 4594 2959 4647 δέ
2999 4611 3082 4658 τις
3113 4597 3264 4666 παρὰ
3299 4595 3468 4648 ταῦτα
3502 4599 3565 4650 ὲκ
3593 4597 3699 4649 τῶν
3729 4598 3901 4651 θείων

2329 4684 2562 4755 Γραφῶν
2606 4684 2844 4738 διδάσκει
2869 4724 2883 4749 ,
2918 4685 3102 4755 ἕτερον
3133 4687 3305 4754 λέγων
3329 4687 3422 4739 τὸν
3454 4688 3575 4742 Υίὸν
3606 4689 3699 4741 τοῦ
3728 4689 3900 4752 Θεοῦ,

2331 4775 2425 4825 καὶ
2450 4772 2634 4842 ἓτερον
2663 4773 2750 4824 τὸν
2773 4773 2836 4824 ὲκ
2862 4772 3099 4842 Μαρίας,
3130 4774 3269 4827 κατὰ
3302 4776 3459 4846 χάριν
3491 4777 3902 4846 υίοποιῃθέντα,

2334 4864 2409 4927 ὼς
2444 4865 2602 4933 ἡμεῖς
2626 4879 2638 4892 ·
2665 4863 2740 4926 ὡς
2771 4860 2907 4917 εἶναι
2939 4864 3029 4916 δύο
3060 4866 3241 4930 υἱοὺς,
3273 4866 3366 4918 ἕνα
3408 4866 3546 4919 κατὰ
3575 4865 3733 4934 φύσιν
3767 4867 3906 4921 Ῥίον

2334 4953 2427 5006 τοῦ
2458 4954 2591 5007 Θεοῦ
2623 4955 2709 5006 τὸν
2745 4956 2808 5007 ὲκ
2850 4953 2983 5007 Θεοῦ
3004 4993 3020 5017 ,
3049 4955 3143 5007 καὶ
3173 4955 3266 5008 ἕνα
3296 4957 3435 5008 κατὰ
3479 4957 3657 5026 χάριν,
3695 4957 3795 5008 τὸν
3837 4959 3905 5009 ὲκ

2335 5046 2555 5116 Μαρίας
2602 5043 2917 5116 ἄνθρωπον·
2949 5045 2981 5116 ἢ
3015 5045 3067 5097 εῐ
3096 5062 3179 5107 τις
3217 5046 3315 5116 τὴν
3359 5044 3449 5097 τοῦ
3491 5045 3692 5114 Κυρίου
3732 5048 3906 5115 ἡμῶν

2340 5137 2517 5207 σάρκα
2543 5136 2746 5189 ἄνωθεν
2778 5136 2948 5203 λέγει,
2997 5136 3090 5188 καὶ
3122 5136 3194 5205 μὴ
3223 5138 3286 5188 ὲκ
3329 5135 3427 5202 τῆς
3465 5134 3735 5206 Παρθένου
3778 5138 3908 5190 Μα-

2341 5228 2460 5298 ρίας
2481 5245 2493 5256 ·
2531 5227 2563 5296 ἦ
2589 5229 2888 5296 τραπεῖσαν
2911 5227 3005 5296 τὴν
3028 5226 3252 5295 θεότητα
3282 5228 3360 5289 είς
3390 5226 3587 5298 σάρκα,
3616 5226 3649 5295 ἦ
3681 5243 3906 5296 συγχυ-

2340 5319 2546 5380 θεῖσαν,
2590 5319 2623 5389 ἢ
2660 5317 3060 5378 άλλοιωθεῖσαν,
3095 5316 3128 5388 ἢ
3165 5316 3410 5387 παθητὴν
3435 5320 3534 5385 τὴν
3560 5317 3651 5369 τοῦ
3685 5319 3908 5388 Κυρίου

2342 5409 2601 5478 θεότητα,
2653 5409 2686 5478 ἢ
2735 5407 3144 5479 άπροσκύνητον
3191 5408 3287 5478 τὴν
3335 5408 3427 5460 τοῦ
3484 5407 3687 5477 Κυρίου
3737 5410 3910 5478 ἡμῶν

2345 5500 2523 5572 σάρκα
2567 5500 2641 5563 ὠς
2689 5498 2975 5571 ἀνθρώπου
3035 5498 3128 5552 καὶ
3160 5497 3234 5570 μὴ
3264 5499 3640 5570 προσκυνητὴν
3671 5499 3744 5562 ὡς
3786 5502 3910 5554 Κυ-

2739 5651 3038 5708 "Malach.
3078 5670 3158 5717 ιιι,
3193 5654 3244 5707 6.
3321 5651 3422 5705 ⁷³1
3476 5653 3598 5706 Cur.
3657 5669 3741 5714 xv,
