4056 6334
274 383 415 437 1213

1358 386 1444 438 DE
1487 388 1709 442 RECTA
1750 388 1904 444 FIDE
1940 392 2028 445 AD
2068 390 2383 447 REGINAS.

3354 399 3491 453 12M

276 501 393 569 ρίου
423 500 514 552 καὶ
552 499 683 552 Θεοῦ
716 501 909 569 σάρκα,
945 500 1152 567 τοῦτον,
1183 502 1566 571 άναθεματίζει
1619 507 1651 574 ἡ
1701 506 1822 573 ἁγία

1931 515 2093 575 ptam,
2128 507 2219 561 sed
2250 506 2463 563 coalitus
2497 505 2756 575 dilapsam
2787 508 3184 578 praedicaverit;
3233 516 3322 562 aut
3350 510 3488 562 tlivi-

271 590 535 661 καθολικὴ
570 593 880 662 Ἐκκλησία,
913 593 1202 665 πειθομένη
1241 595 1319 664 τῷ
1348 595 1475 666 θείῳ
1521 596 1827 667 Ἀποστόλῳ

271 685 515 752 λέγοντι·
555 704 573 735 ι
613 686 678 738 Ei
719 706 800 749 τις
835 689 960 758 ὑμῖν
990 688 1435 757 εὐαγγελίζεται,
1469 690 1597 762 παρ’
1629 691 1655 742 ὃ
1685 708 1825 762 παρ-

272 772 513 836 ελάϐετε,
546 776 791 845 ἀνάθεμα
819 777 975 830 ἔστω.
1002 796 1020 827 ι
1055 779 1160 831 Καὶ
1182 778 1353 832 ταῦτα
1381 778 1478 849 μὲν
1506 780 1533 831 ὁ
1562 780 1826 851 μακάριος

287 865 602 930 Ἀθανάσιος
628 884 643 897 ·

1928 597 2147 649 nitatem
2186 597 2236 650 in
2271 610 2486 651 carnem
2515 611 2747 661 versam,
2786 609 2878 653 aut
2908 599 3206 662 confusam,
3238 610 3329 652 aut
3375 616 3477 652 mu-

1925 694 2131 750 tutam;
2190 697 2281 740 aut
2342 686 2553 741 Domini
2601 688 2940 743 divinitatem
2992 688 3337 758 passibilem;
3397 697 3487 741 aut

1922 779 2159 847 ejusdem
2204 777 2407 831 Domini
2437 779 2601 832 nostri
2647 794 2882 840 carnem,
2930 781 3091 835 veluti
3133 780 3259 834 nudi
3316 780 3487 832 homi-

1924 869 2025 931 nis,
2060 869 2276 921 minime
2317 869 2640 923 adorandam
2693 871 2922 934 dixerit;
2971 872 3113 924 hunc
3151 870 3485 923 anathemate

271 956 459 1025 plectit
491 970 672 1012 sancta
704 969 757 1012 et
801 960 1059 1014 catholica
1134 961 1391 1024 Ecclesia,
1459 961 1616 1015 dictis
1658 959 1899 1027 Apostoli
1941 974 2133 1026 parens
2172 960 2239 1013 ita
2289 961 2617 1014 scribentis:
2662 979 2680 1012 ι
2720 960 2774 1015 Si
2810 962 2929 1029 quis
2965 961 3114 1016 vobis
3152 957 3483 1029 evangeliu-

269 1048 415 1101 verit
444 1060 635 1117 praeter
665 1052 714 1103 id
754 1051 893 1119 quod
940 1053 1237 1119 accepistis,
1282 1057 1563 1109 anathema
1627 1053 1787 1108 sit".
1825 1068 1843 1101 ι
1889 1048 2173 1115 llucusque
2210 1052 2395 1105 beatus
2449 1053 2797 1106 Athanasius.

344 1138 403 1193 ι’.
447 1135 611 1209 Οἶμαι
657 1141 711 1195 δὲ
750 1142 858 1195 δεῖν
912 1144 1004 1195 καὶ
1060 1144 1259 1216 ἑτέρων
1300 1145 1470 1213 ἁγίων
1503 1143 1826 1196 ἐπισκόπων

268 1229 594 1297 παραθεῖναι
630 1231 828 1300 φωνὰς,
862 1234 951 1287 τὸν
984 1234 1143 1288 αὑτὸν
1172 1236 1397 1305 ἐχούσας
1432 1234 1652 1288 σκοπόν.

716 1476 984 1529 Ἀττικοῦ
1021 1478 1377 1531 ἐπισκόπου.

341 1606 585 1677 Σήμερον
622 1610 852 1678 Χριστὸς
880 1613 907 1663 6
940 1613 1213 1683 Δεσπότης
1246 1614 1343 1681 τὴν
1376 1613 1472 1682 τῆς
1518 1614 1815 1681 φιλανθρω-

266 1697 403 1761 πίας
434 1700 682 1769 γέννησιν
710 1702 1020 1768 ἀνεδέξατο·
1046 1704 1143 1773 τὴν
1185 1703 1290 1774 γὰρ
1316 1704 1411 1773 τῆς
1456 1704 1640 1772 θεϊκῆς
1669 1705 1825 1769 ἀξίας

268 1786 644 1881 πφῦπῆρχεν.
674 1788 814 1845 Εἶτα
850 1793 1077 1858 τούτοις
1105 1793 1366 1861 ἐπιφέρει
1396 1794 1607 1847 πάλιν·
1641 1796 1697 1847 '0
1728 1796 1825 1863 τῆς
1858 1828 1898 1881 Β

270 1878 681 1948 φιλανθρωπίας
714 1883 883 1951 Λόγος
914 1884 1159 1936 κενοῦται
1184 1925 1197 1946 ,
1240 1886 1509 1949 ἁκένωτος
1540 1887 1639 1955 τὴν
1664 1886 1823 1955 φύσιν

266 1969 578 2037 τυγχάνων·
611 1974 796 2026 ἑαυτὸν
829 1974 935 2043 γάρ
964 1974 1227 2037 ὲκένωσε,
1264 1976 1475 2045 μορφὴν
1508 1975 1691 2027 δούλου
1732 1976 1825 2027 λα-

270 2056 405 2111 ϐών.
444 2059 499 2112 Ὀ
547 2061 785 2131 ἄσαρκος
834 2064 1147 2132 σαρκοῦται,
1185 2082 1203 2115 t
1247 2064 1305 2116 '0
1334 2066 1504 2134 Λόγος
1538 2066 1669 2137 σὰρξ
1709 2066 1823 2133 ἐγέ-

267 2166 413 2203 νετο.
450 2171 468 2202 ι
520 2154 575 2206 'O
610 2156 719 2223 ἁφῇ
772 2154 844 2225 μὴ
886 2155 1204 2207 ὑποπίπτων
1251 2154 1338 2206 διὰ
1378 2155 1437 2207 τὸ
1470 2159 1567 2225 τῆς
1611 2156 1824 2223 φύσεως

263 2242 576 2312 ἀσώματον,
613 2244 945 2315 ψηλαφᾶται.
989 2246 1047 2297 '0
1077 2245 1307 2313 ἄναρχος
1342 2246 1444 2297 ὑπὸ
1472 2247 1643 2316 ἀρχὴν
1676 2247 1823 2314 γίνε-

262 2347 357 2383 ται
391 2336 726 2404 σωματικήν.
780 2336 836 2388 Ὀ
883 2336 1082 2396 τέλειος
1114 2333 1301 2398 αὔξει,
1343 2334 1370 2384 ὁ
1405 2334 1669 2405 ἄτρεπτος
1699 2352 1825 2403 προ-

262 2421 477 2485 κόπτει,
504 2426 531 2475 6
558 2423 807 2489 πλούσιος
841 2428 896 2477 ὲν
928 2425 1264 2494 καταλύματι
1291 2424 1556 2477 τίκτεται.
1576 2426 1632 2476 Ὀ
1667 2442 1821 2493 περι-

267 2510 483 2563 ὁάλλων
511 2512 601 2565 τὸν
634 2514 855 2585 οὐρανὸν
896 2517 953 2569 ὲν
998 2515 1245 2583 νεφέλαις
1268 2554 1281 2579 ,
1321 2513 1723 2586 σπαργανοῦται
1746 2529 1760 2543 ’
1795 2516 1822 2567 ὀ

266 2603 523 2674 βασιλεὺς·
557 2608 614 2660 ἐν
645 2608 819 2679 φάτνῃ
852 2608 1215 2662 κατατίθεται.

699 2908 1004 2979 Ἀντιόχου
1033 2909 1385 2963 ἐπισκόπου.

342 3037 441 3093 ’ον
465 3039 589 3108 χθὲς
620 3042 900 3112 άχράντοις
941 3044 1174 3113 λοχείαις
1215 3043 1441 3113 Σωτῆρα
1469 3042 1598 3112 ἡμῖν
1624 3042 1656 3111 ὴ
1686 3041 1819 3105 ζωο-

2003 1140 2068 1195 Χ.
2106 1143 2367 1197 Existimo
2394 1154 2571 1197 autem
2598 1152 2651 1198 et
2680 1144 2902 1197 aliorum
2934 1157 3148 1211 quoque
3178 1150 3481 1196 sanctorum

1928 1231 2301 1301 episcOporum
2339 1235 2656 1298 sententias,
2679 1234 2874 1303 quibus
2905 1234 3043 1288 idem
3078 1235 3269 1286 docere
3293 1244 3485 1301 propo-

1926 1323 2087 1374 situm
2117 1331 2219 1389 est,
2252 1324 2558 1392 neutiquam
2599 1325 2685 1379 hic
2710 1324 3031 1378 omittendas
3062 1338 3203 1378 esse.

2486 1457 2647 1509 Attici
2673 1458 2918 1525 episcopi.

2002 1588 2170 1643 Hodie
2198 1588 2442 1642 Christus
2491 1588 2748 1643 Dominus
2781 1588 3123 1655 benignitatis
3156 1601 3278 1655 erga
3310 1582 3480 1638 homi-

1931 1695 2025 1733 nes
2053 1680 2387 1732 nativitatem
2414 1679 2655 1748 suscepit
2686 1694 2699 1729 :
2743 1678 2938 1731 divina:
2978 1678 3168 1745 quippe
3210 1673 3481 1745 dignitatis

1934 1769 2211 1823 nativitale
2251 1769 2672 1838 prazexsistebat.
2715 1768 2871 1821 Addit
2918 1769 3001 1821 his
3037 1780 3284 1819 rursum:
3327 1764 3483 1817 Beni—

1927 1861 2144 1927 gnitatis
2174 1858 2430 1924 Verbum,
2470 1874 2589 1913 cum
2631 1866 2817 1925 suapte
2862 1866 3050 1912 natura
3099 1852 3481 1910 exinanitionis

1926 1967 2094 2018 capax
2148 1967 2251 2005 non
2299 1959 2459 2015 esset,
2505 1949 2841 2014 exinanitur,
2889 1949 3070 2004 servili
3118 1949 3261 2004 enim
3310 1946 3480 2000 forma

1922 2052 2167 2111 suscepta
2210 2044 2556 2112 semetipsum
2600 2042 2913 2097 exinanivit.
2968 2042 3068 2106 Qui
3122 2053 3319 2108 expers
3366 2044 3480 2090 erat

1923 2136 2137 2198 carnis,
2187 2148 2350 2187 carne
2402 2133 2671 2198 induitur,
2729 2151 2747 2182 ι
2803 2132 3030 2186 Verbum
3101 2144 3226 2183 caro
3283 2128 3479 2181 factum

1923 2236 2003 2280 est
2033 2226 2098 2279 ⁸ο.
2133 2243 2150 2277 ι
2202 2225 2301 2290 Qui
2351 2225 2419 2279 ob
2477 2234 2723 2278 naturam
2770 2223 3010 2290 corporis
3058 2230 3331 2288 expertem
3384 2217 3480 2269 sub

1926 2326 2124 2370 tactum
2157 2332 2259 2369 non
2286 2316 2553 2378 veniebat,
2591 2314 2870 2382 palpabilis
2906 2312 3153 2365 eﬂicitur.
3203 2308 3301 2374 Qui
3335 2307 3481 2375 prin-

1921 2409 2118 2476 cipium
2147 2406 2439 2471 nesciebat,
2492 2406 2785 2460 secundum
2836 2418 3029 2471 corpus
3073 2400 3281 2454 initium
3320 2400 3480 2453 sorti-

1925 2509 2029 2551 tur.
2055 2498 2152 2563 Qui
2182 2499 2427 2551 absolute
2455 2497 2725 2566 perfectus
2755 2504 2895 2558 erat,
2935 2496 3264 2547 incrementa
3291 2491 3473 2545 sumit.

1922 2592 2020 2656 Qui
2051 2592 2287 2644 converti
2322 2607 2423 2643 non
2457 2597 2650 2658 p0test,
2678 2587 2906 2657 prolicit.
2944 2586 3042 2652 Qui
3087 2587 3236 2640 dives
3264 2594 3387 2645 est,
3425 2581 3476 2634 itt

1921 2681 2217 2735 diversorio
2244 2680 2498 2749 gignitur.
2526 2680 2624 2743 Qui
2650 2679 2845 2732 coelum
2875 2680 3100 2734 nubibus
3125 2678 3274 2746 tegit,
3302 2671 3478 2726 fasciis

1923 2770 2228 2824 involvitur.
2261 2770 2362 2835 Qui
2395 2784 2485 2823 rex
2524 2778 2629 2831 est,
2666 2768 2716 2821 in
2750 2768 3009 2837 praesepio
3039 2767 3341 2835 deponitur.

2444 2899 2685 2955 Antiochi
2710 2902 2953 2973 episcopi.

1994 3039 2161 3106 Quem
2194 3039 2443 3092 hesterno
2472 3036 2555 3090 die
2591 3051 2687 3105 pro
2719 3044 2900 3089 nostra
2934 3032 3107 3087 salute
3139 3028 3481 3085 immaculato

259 3127 498 3219 τόκος,ὴ
528 3130 857 3198 καλλιτόκος,
879 3136 911 3202 ἡ
942 3134 1319 3201 μεγαλοτόκος,
1361 3135 1393 3202 ἡ
1423 3132 1748 3201 φαεσφόρος.
1780 3132 1811 3201 ἡ

1928 3131 2211 3201 puerperio
2249 3131 2478 3197 genitrix
2512 3130 2660 3191 vitae,
2696 3135 2867 3181 mater
2890 3122 3299 3195 pulchritudinis
3322 3163 3336 3187 ,
3367 3132 3483 3173 uta--

260 3218 635 3288 ὲλπιδοφόρος,
664 3224 695 3290 ἠ
720 3224 997 3290 Θεοτόκος,
1032 3228 1063 3296 ή
1092 3226 1383 3290 ξενοτόκος,
1412 3227 1443 3296 ἡ
1476 3224 1823 3293 παρθενομή-

262 3326 381 3380 τωρ
406 3308 558 3363 ὥδινε
583 3313 788 3381 Μαρία.

276 3531 651 3612 Ἀμφιλοχίορ
704 3532 1035 3612 ἐπισκόπου
1092 3537 1365 3612 Ἰκονίου,
1417 3541 1484 3593 ἐκ
1532 3541 1636 3595 τοῦ
1679 3543 1815 3610 Περὶ

578 3605 685 3670 τῆς
720 3605 869 3657 κατὰ
904 3605 1099 3672 σάρκα
1132 3609 1483 3675 γεννήσεως.

345 3734 411 3786 Ἦ
438 3734 659 3805 ἀλήθεια
703 3738 969 3808 ἐγνώσθη,
1023 3740 1055 3808 ή
1103 3740 1260 3809 χάρις
1298 3738 1449 3812 ἦλθε,
1495 3745 1587 3797 καὶ
1634 3745 1665 3815 ἡ
1707 3742 1820 3813 ζωὴ

261 3827 458 3896 ἐφάνη.
502 3828 561 3880 Ὀ
589 3828 681 3881 τοῦ
707 3831 838 3883 Θεοῦ
882 3830 953 3883 ὢν
984 3831 1127 3894 Υἱὸς,
1161 3834 1187 3884 6
1212 3833 1274 3885 ὲκ
1300 3834 1432 3886 Θεοῦ
1458 3836 1647 3903 Λόγος,
1685 3834 1819 3905 σὰρξ

260 3918 481 3987 ἐγένετο
517 3918 581 3970 δι’
610 3920 777 3987 ἡμᾶς,
809 3922 893 3974 ἵνα
925 3921 1147 3987 θνητοὺς
1166 3923 1245 3985 είς
1273 3922 1416 3993 ζωὴν
1450 3925 1663 3977 αἰώνιον
1688 3927 1819 3978 ἀνα-

262 4010 458 4079 στήσῃ,
486 4009 580 4061 καὶ
609 4011 671 4061 ὲκ
700 4011 806 4065 τῶν
837 4012 1039 4082 νεκρῶν
1068 4012 1343 4085 άνεγείρῃ.
1377 4015 1434 4066 'O
1458 4015 1691 4083 Ποιητὴς
1712 4015 1817 4067 τῶν

260 4100 424 4160 ὅλων,
454 4100 481 4152 6
512 4098 617 4169 πρὸ
644 4101 821 4172 πάσης
849 4105 1077 4165 κτίσεως
1105 4104 1311 4172 ὁρατῶν
1344 4122 1401 4156 τε
1432 4106 1522 4156 καὶ
1550 4106 1813 4174 ἀοράτων,

264 4192 413 4261 μόνῳ
455 4190 628 4259 Πατρλ⁵
669 4192 762 4243 καὶ
812 4193 1086 4264 Πνεῦματι
1133 4194 1485 4264 συνυπάρχων
1518 4196 1817 4260 ἀθάνατος,

261 4282 503 4352 σήμερον
545 4282 652 4334 ἰδοὺ
682 4284 812 4352 ἡμῖν
844 4286 907 4337 ἐκ
940 4284 1211 4354 Παρθένου
1250 4284 1615 4355 γεννώμενος,
1648 4288 1815 4357 χωρὶς

261 4372 445 4442 πάσης
480 4371 773 4443 ἁμαρτίας,
804 4374 929 4427 ἀνευ
958 4374 1264 4447 ἀνθρώπου,
1296 4376 1411 4445 ἦτοι
1448 4377 1659 4446 ἀνδρός.

426 4594 722 4662 Ἄμμωνος
746 4588 1079 4645 ἐπισκόπου
1112 4592 1660 4661 Ἀδριανουπόλεως.

300 4728 454 4795 Ἔφη
484 4725 593 4795 γάρ
621 4736 739 4775 που
766 4720 862 4773 καί
892 4722 1069 4787 αὐτὸς
1096 4723 1225 4789 περὶ
1263 4721 1367 4775 τοῦ
1392 4722 1538 4776 Θεοῦ
1571 4724 1783 4791 Λόγου.

336 4856 397 4907 Ei
422 4856 477 4907 δὲ
509 4854 667 4917 αὐτὸς
688 4852 817 4914 Θεὸς
848 4849 945 4919 τὴν
974 4850 1135 4917 φύσιν
1158 4851 1437 4923 ὑπάρχων,
1462 4853 1537 4915 ὡς
1568 4852 1661 4905 τοῦ
1684 4850 1817 4905 Θεοῦ

265 4949 560 5017 μονογενὴς
603 4947 764 5010 Υἱὸς,
800 4946 856 4997 ὲν
892 4942 1188 5012 προσλήψει
1232 4946 1329 5013 τῆς
1374 4945 1558 4998 δούλου
1606 4946 1817 5015 μορφῆς

262 5036 576 5105 γενόμενος,
602 5039 696 5092 καὶ
725 5034 1061 5107 πρωτότοκος
1090 5032 1213 5095 Υἱὸς
1237 5035 1333 5101 τῆς
1366 5036 1522 5102 ἀγίας
1543 5036 1817 5104 Παρθένου

264 5126 531 5194 κληθῆναι
565 5126 925 5193 καταξιώσας,
957 5123 1269 5193 ἀντίλυτρον
1298 5126 1487 5177 ἑαυτὸν
1512 5127 1651 5196 ὑπὲρ
1683 5129 1819 5179 πάνυ

258 5230 373 5267 των
426 5215 643 5271 δέδωκε.
693 5216 1061 5286 Προσεπάγει
1105 5212 1173 5266 δὲ
1223 5214 1477 5277 τούτοις·
1530 5216 1668 5283 ’Ἤδη
1720 5217 1817 5283 μὲν

261 5302 441 5366 ἔδειξα
483 5303 579 5373 τὴν
623 5308 893 5374 ἀσέϐειαν,
994 5304 1403 5376 περιπίπτουσιν
1435 5304 1483 5352 οἱ
1531 5304 1816 5371 ’Λρειανοὶ,

260 5394 509 5461 λέγοντες
560 5396 746 5463 χρείαν
802 5399 1094 5465 ἐσχηκέναι
1152 5396 1250 5463 τὴν
1296 5392 1551 5443 Θεοτόκον
1600 5394 1815 5457 Μαρίαν

257 5486 371 5539 τῶν
417 5481 559 5535 κατά
609 5483 699 5535 τὸν
744 5486 905 5553 νόμον
948 5488 1067 5539 τότε
1120 5481 1570 5554 προσφερομένων
1618 5480 1814 5531 θυσιῶν

260 5574 404 5642 ὑπὲρ
432 5570 538 5623 τῶν
564 5573 863 5623 τικτουσῶν
900 5576 1188 5640 γυναικῶν.

256 5750 303 5782 ’⁸
329 5746 504 5801 Galat.
547 5759 583 5805 I,
620 5743 669 5795 9.
748 5742 792 5771 '°
824 5740 975 5794 Joan.
1004 5758 1042 5804 t,
1068 5743 1150 5793 Η.

1928 3224 2248 3295 gnilicentia:
2294 3223 2536 3288 lucisque
2568 3234 2783 3287 parens,
2812 3219 2922 3286 Spei
2965 3218 3318 3286 apportatrix,
3358 3213 3479 3267 Dei-

1926 3330 2078 3384 para,
2109 3328 2228 3381 quae
2260 3326 2399 3367 novo
2426 3312 2633 3379 peperit
2661 3310 2838 3375 modo,
2868 3309 3017 3375 virgo
3044 3318 3098 3361 et
3125 3317 3294 3360 mater
3323 3318 3480 3373 pepe-

1924 3407 1995 3460 rit
2018 3404 2204 3457 Maria.

1925 3538 2030 3608 50
2066 3534 2431 3608 Autpltilocliii
2452 3529 2891 3608 episcopilconii,
2918 3547 2981 3583 ex
3018 3530 3150 3581 libro
3177 3528 3241 3581 de
3264 3538 3479 3596 genera—

2221 3607 2358 3657 tione
2393 3602 2604 3655 Domtni
2635 3603 2915 3655 secundum
2950 3616 3179 3652 carnem.

1992 3740 2202 3795 Veritas
2236 3738 2446 3807 cognita
2497 3746 2601 3799 est,
2631 3737 2806 3806 gratia
2861 3738 3030 3799 venit,
3054 3734 3162 3787 vita
3209 3726 3474 3801 apparuit,

1919 3832 2013 3887 Dei
2049 3830 2309 3891 Verbum,
2336 3828 2535 3893 Deique
2562 3827 2730 3881 Filius
2772 3836 2988 3895 propter
3039 3842 3136 3880 nos
3169 3826 3477 3878 incarnatus

1921 3933 2023 3987 est,
2052 3937 2157 3992 quo
2189 3921 2438 3974 nimirum
2481 3921 2738 3972 mortales
2760 3933 2788 3971 a
2812 3927 2985 3970 morte
3013 3916 3077 3969 ad
3125 3916 3288 3968 vitam
3318 3922 3475 3963 mter-

1921 4031 2042 4069 nam
2079 4022 2373 4069 revocaret.
2408 4010 2793 4065 Universorum
2831 4008 3041 4075 Opifex,
3079 4007 3167 4075 qui
3204 4012 3326 4057 ante
3356 4014 3471 4051 om-

1920 4120 2041 4159 nem
2100 4112 2401 4155 creaturam
2462 4109 2569 4151 tam
2637 4097 2901 4151 visibilem
2962 4112 3119 4163 quam
3158 4088 3471 4148 iuvisibilem

1922 4194 2021 4251 soli
2060 4193 2203 4246 Patri
2237 4203 2285 4244 et
2328 4189 2548 4258 Spiritui
2602 4197 2786 4241 sancto
2845 4188 3202 4240 coexsistebat
3256 4184 3474 4234 immor-

1921 4288 2060 4349 talis,
2089 4297 2213 4338 ecce
2243 4284 2289 4337 is
2341 4282 2474 4335 citra
2513 4279 2673 4331 ullum
2708 4288 3006 4346 peccatum,
3063 4277 3327 4341 ullamque
3378 4270 3470 4320 Ιιο-

1921 4377 2078 4427 minis
2136 4384 2227 4427 aut
2270 4373 2367 4426 viri
2423 4385 2664 4439 operam,
2703 4369 2863 4423 hodie
2917 4369 3073 4423 nobis
3128 4382 3194 4421 ex
3256 4359 3472 4428 Virgine

1849 4483 1892 4537 ι)
1924 4467 2164 4521 nascitur

2202 4600 2471 4653 Ammonis
2514 4599 2735 4666 episcopi
2765 4596 3193 4661 AdrianOpOIcos.

2232 4728 2319 4781 Sic
2341 4728 2476 4780 enim
2510 4726 2617 4796 ipse
2637 4726 2711 4777 ait
2736 4725 2797 4776 dc
2825 4724 2927 4775 Deo
2962 4721 3145 4775 Verbo.

1990 4861 2138 4926 Quod
2191 4861 2232 4913 si
2280 4861 2343 4922 is,
2396 4860 2484 4926 qui
2545 4856 2683 4911 Deus
2737 4858 3027 4910 secundum
3084 4864 3324 4907 naturam
3366 4852 3467 4915 est,

1921 4964 2102 5021 utpote
2131 4952 2435 5016 unigenitus
2468 4949 2555 5001 Dei
2578 4948 2768 5006 Filius,
2787 4947 2965 4997 servili
2987 4944 3153 4993 forma
3173 4952 3468 5007 assumpta,

1926 5059 2199 5110 sacraeque
2228 5041 2457 5106 Virginis
2492 5035 2876 5104 primogenitus
2897 5032 3148 5099 appellari
3174 5048 3277 5086 non
3319 5032 3470 5085 dedi-

1923 5145 2134 5203 gnatus,
2195 5128 2537 5194 semetipsum
2608 5122 3025 5189 redemptionem
3075 5138 3172 5192 pro
3224 5124 3470 5177 omnibus

1922 5222 2156 5274 tradidit.
2192 5216 2347 5269 Addit
2387 5222 2635 5278 pra'teiea
2662 5226 2680 5262 :
2712 5210 2867 5264 Clare
2898 5220 3063 5278 patet,
3102 5212 3167 5269 .iu
3209 5220 3467 5279 quantam

1922 5310 2243 5374 impietatem
2296 5301 2645 5369 prolabuntur
2686 5300 2893 5364 Ariani,
2926 5300 3014 5367 qui
3048 5300 3328 5365 Deiparam
3359 5297 3469 5347 Ma-

1916 5400 2048 5449 riam
2074 5395 2138 5445 iis
2164 5392 2467 5454 sacriliciis,
2489 5406 2604 5457 qua!
2633 5405 2730 5459 pro
2752 5391 3027 5459 puerperis
3054 5403 3117 5441 ex
3146 5388 3259 5454 lege
3284 5386 3465 5439 oﬂ'erri

1916 5498 2029 5537 mos
2059 5490 2191 5544 erat,
2223 5493 2355 5548 opus
2380 5479 2631 5534 habuisse
2662 5485 2932 5533 asserunt.
