4056 6334
598 362 735 419 lilii

1604 362 1660 420 S.
1703 363 1975 419 CYRILLI
2017 362 2483 419 ALEXANDlilNl
2521 362 2839 419 ARCIHEP.

3692 358 3848 413 4216

598 475 821 531 Joannis
862 474 1086 542 episcopi
1130 472 1673 544 Constantinoitoleos,
1703 476 1777 531 De
1804 478 1987 529 divina
2008 493 2163 542 qene-

2278 474 2552 529 Ἰωάννου
2577 472 3645 544 ἐπισκόπουΚωνσταγτινουπόλεωεκ
3698 475 3847 542 Περὶ

1264 545 1485 599 ratione.

932 658 1064 712 Dicit
1090 668 1263 712 autem
1288 658 1350 712 de
1374 669 1555 713 sancta
1587 658 1821 730 Virgine.

666 771 809 825 Loco
865 770 1016 836 solis,
1062 772 1159 837 ait,
1189 770 1674 842 incircumscriptus
1721 770 1950 840 iustitiae
1989 776 2160 829 solem

597 863 878 931 complexa
908 861 1029 917 fuit.
1067 861 1249 932 Neque
1295 862 1383 917 hic
1429 863 1711 932 quaesieris
1762 868 2033 935 quomodo
2060 868 2163 921 hoc

496 976 501 979 ι
598 952 798 1007 factum
830 954 921 1017 sit,
956 963 1046 1007 aut
1078 952 1195 1008 fieri
1243 955 1500 1022 potuerit.
1532 953 1636 1010 Ubi
1670 956 1813 1011 enim
1861 956 2002 1013 Deus
2028 959 2160 1022 vult,

598 1045 671 1100 ibi
735 1055 937 1100 naturae
976 1046 1110 1100 ordo
1162 1046 1327 1100 cedit.
1363 1044 1563 1111 Voluit,
1611 1048 1808 1116 patuit,
1861 1049 2160 1113 descendit.

598 1134 824 1190 salvavit
857 1138 1076 1191 :omuia
1125 1136 1219 1191 Dei
1274 1148 1464 1192 nutum
1518 1148 1836 1208 sequuntur.
1870 1139 2039 1197 Hodie
2071 1144 2161 1213 qui

598 1236 699 1293 est,
724 1228 987 1298 gignitur;
1022 1238 1076 1283 et
1133 1243 1347 1283 rursum
1395 1228 1488 1299 qui
1533 1239 1635 1296 est,
1662 1231 1723 1285 fit
1772 1232 1825 1287 id
1860 1234 2002 1301 quod
2055 1250 2159 1288 non

595 1326 733 1385 erat,
766 1334 888 1373 nam
920 1336 1042 1374 cum
1084 1321 1223 1373 Deus
1265 1326 1432 1385 esset,
1462 1319 1522 1373 fit
1557 1320 1717 1375 homo
1743 1338 1757 1375 :
1784 1321 1850 1375 ab
1888 1336 1950 1375 ea
1986 1332 2160 1376 tamen

598 1423 758 1475 quam
785 1408 1015 1464 habebat
1042 1411 1241 1466 deitate
1266 1425 1370 1465 non
1400 1411 1635 1480 excidit;
1662 1427 1761 1469 nec
1786 1426 1907 1469 cum
1942 1414 2162 1468 deitatis

591 1495 803 1564 jactura
830 1499 1005 1556 factus
1034 1511 1116 1555 est
1166 1502 1345 1565 homo,
1384 1516 1559 1570 neque
1605 1518 1819 1559 rursum
1857 1519 1949 1574 per
1976 1519 2165 1559 succe-

598 1589 779 1644 dentia
814 1591 1145 1646 incrementa
1182 1607 1247 1646 ex
1280 1592 1499 1648 homine
1546 1593 1720 1650 factus
1744 1605 1827 1650 est
1862 1595 2035 1651 Deus:
2067 1597 2161 1650 sed

600 1679 835 1737 Verbum
866 1685 1156 1748 exsistens,
1198 1694 1389 1739 natura
1419 1685 1637 1754 propria
1670 1686 1739 1740 ob
1772 1686 1852 1740 sui
1888 1688 2163 1755 impatibi-

2703 542 2812 612 τῆς
2843 543 3003 609 θείας
3029 542 3387 611 γεννήσεως.

2475 655 2630 723 Φησὶ
2660 654 2727 708 δὲ
2755 653 2890 723 περὶ
2918 653 3028 723 τῆς
3064 655 3238 724 ἁγίας
3269 657 3571 722 Παρθένου

2345 767 2491 821 ,Αντι
2533 768 2589 821 δὲ
2636 766 2807 837 ἡλίου,
2850 766 2984 837 φησὶ
3007 804 3022 829 ,
3051 764 3138 819 τὸν
3172 764 3323 835 ἥλιον
3361 764 3457 833 τῆς
3485 761 3847 830 δικαιοσύνης

2264 860 2689 932 ἀπεριγράπτως
2709 861 2931 932 χωρήσα
2957 862 3024 913 P‘.
3041 858 3148 911 Καὶ
3178 857 3252 928 μὴ
3277 858 3513 927 ζητήσῃς
3530 856 3661 917 πῶς·
3692 857 3847 907 ὅπου

2263 952 2372 1021 γὰρ
2399 951 2643 1022 βούλεται
2670 950 2822 1016 Θεὸς,
2845 951 3059 1003 νικᾶται
3088 950 3302 1017 φύσεως
3331 948 3484 1013 τάξις
3504 964 3517 978 ·
3553 945 3845 1016 ⁴Ιιγδουλήθη

2263 1042 2393 1112 γὰρ.
2455 1039 2715 1111 ἠδυνήθη,
2760 1038 3045 1109 κατῆλθεν,
3084 1037 3273 1092 ἔσωσε.
3324 1036 3607 1104 Σύνδρομα
3650 1033 3847 1086 πάντα

2262 1131 2400 1202 Θεῷ.
2431 1133 2678 1201 Σήμερον
2710 1132 2737 1184 ό
2765 1130 2839 1182 ὣν
2867 1129 3128 1191 τίκτεται,
3162 1128 3257 1181 καὶ
3290 1128 3318 1180 ό
3347 1125 3422 1179 ὣν
3452 1125 3655 1193 γίνεται
3687 1124 3844 1192 51:35:

2262 1224 2364 1276 οὐκ
2384 1219 2470 1293 ἦν.
2500 1224 2593 1274 Ὣν
2617 1221 2725 1292 γάρ
2753 1220 2904 1284 Θεὸς,
2931 1221 3139 1289 γίνεται
3167 1218 3471 1286 ἄνθρωπος,
3501 1216 3598 1267 οὐκ
3628 1212 3843 1273 ἐκστὰς

2262 1311 2357 1365 τοῦ
2406 1307 2545 1364 εἶναι
2590 1310 2739 1372 Θεός.
2788 1308 2925 1363 Οὔτε
2960 1307 3067 1377 γὰρ
3119 1307 3235 1359 κατ’
3275 1304 3528 1357 ἔκστασιν
3575 1302 3844 1369 θεότητος

2264 1403 2486 1471 γέγονεν
2510 1401 2813 1472 ἄνθρωπος,
2836 1400 2958 1453 οὔτε
2990 1398 3128 1451 κατά
3156 1396 3435 1468 προκοπὴν
3458 1395 3515 1460 ἐξ
3538 1392 3843 1463 ἀνθρώπου

2263 1494 2450 1562 γέγονε
2496 1492 2662 1556 Θεός⁶
2706 1491 2840 1545 ἀλλά
2870 1491 3041 1559 Λόγος
3080 1489 3154 1543 ὣν
3189 1490 3277 1543 διὰ
3319 1489 3380 1541 τὸ
3406 1487 3649 1549 ἀπαθὲς,
3690 1483 3846 1553 σάρξ

2265 1582 2519 1651 ἐγένετο,
2569 1582 2943 1653 ἀμεταϐλήτου
2995 1580 3259 1652 μενούσης
3297 1581 3398 1649 τῆς
3446 1580 3677 1647 φύσεως.
3717 1578 3843 1641 Καὶ

2264 1672 2628 1741 προσεπάγει
2684 1674 2950 1739 τούτοιςο
2998 1671 3059 1725 '0
3104 1672 3199 1725 ἐπὶ
3246 1671 3434 1742 θρόνου
3483 1667 3687 1739 ὑψηλοῦ
3737 1668 3844 1722 καὶ

600 1769 802 1825 litatem
840 1783 1090 1827 manente
1124 1771 1225 1841 51
1254 1771 1377 1827 inde
1404 1781 1629 1836 mutata,
1663 1771 1863 1828 factum
1891 1787 1975 1829 est
2013 1790 2158 1829 caro.

2270 1769 2577 1837 ἐπηρμένου
2620 1767 2942 1837 καθήμενος,
2968 1766 3025 1819 ὲν
3058 1767 3232 1836 φάτνῃ
3276 1765 3513 1818 τίθεται·
3542 1766 3570 1817 ό
3597 1763 3840 1831 ἀναφὴς,

597 1862 854 1933 Adiungit
877 1862 1092 1917 demum
1129 1880 1142 1916 :
1183 1861 1285 1928 Qui
1320 1862 1373 1915 in
1397 1862 1533 1916 solio
1551 1862 1764 1917 sublimi
1798 1865 2164 1934 praecelsaque

2270 1860 2360 1911 καὶ
2407 1857 2643 1921 ἁπλοῦς,
2700 1858 2795 1911 καὶ
2847 1856 3167 1928 ἀσώματος,
3232 1858 3417 1927 χερσὶν
3464 1854 3846 1925 ἀνθρωπίναις

597 1952 863 2019 considet,
892 1953 1014 2007 ἰείη
1050 1952 1313 2022 praesepio
1352 1951 1573 2022 ponitur
1602 1969 1617 2007 :
1649 1954 1741 2023 qui
1784 1954 2162 2025 impalpabilis,

598 2042 846 2111 simplex,
869 2059 931 2099 ac
962 2045 1312 2114 incorporeus
1347 2053 1452 2109 est,
1480 2045 1732 2100 humanis
1762 2047 2011 2103 manibus
2034 2064 2164 2105 con-

597 2138 859 2187 trectatur
882 2154 893 2188 :
918 2134 1007 2203 qui
1034 2143 1379 2203 peccatorum
1411 2133 1623 2190 vincula
1644 2134 1953 2207 disrumpit,
1982 2138 2167 2196 fasciis

595 2221 999 2292 constringitur.

1103 2338 1374 2394 Seueriani
1398 2340 1650 2410 opiscoyi.

694 2449 1138 2519 Quandoquidem
1199 2448 1433 2506 Verbum
1479 2455 1621 2522 quod
1682 2469 1915 2524 superne
1966 2471 2163 2514 arcana

600 2539 830 2607 quadam
868 2539 1360 2611 inexplicabilique,
1386 2557 1449 2597 ac
1474 2544 1921 2614 incomprehensa
1958 2549 2165 2604 ratione

598 2646 664 2685 ex
708 2629 817 2685 Deo
839 2628 998 2686 Patre
1017 2632 1082 2685 ab
1111 2634 1255 2687 omni
1286 2636 1590 2692 :eternitate
1631 2638 1896 2703 nascitur,
1931 2640 2161 2709 idipsum

600 2721 808 2778 inferne
834 2738 899 2777 ex
922 2724 1140 2795 Virgine
1165 2726 1331 2781 Maria
1359 2727 1413 2782 in
1437 2730 1681 2797 tempore
1708 2737 2029 2800 generatur;
2059 2750 2166 2803 quo

602 2810 654 2863 hi
702 2812 973 2874 nimirum.
1010 2818 1100 2883 qui
1146 2817 1255 2871 nati
1302 2826 1457 2871 erant
1498 2818 1725 2887 inferne,
1764 2836 1831 2876 ex
1875 2825 1981 2879 Deo
2013 2839 2169 2881 rena-

599 2912 816 2955 scantur
853 2903 1028 2957 denuo
1062 2919 1314 2971 superne.

845 3013 1023 3069 Vitalii
1063 3018 1310 3087 εοὶεεορί,
1339 3035 1404 3073 ea:
1438 3036 1671 3077 sermone
1708 3023 1781 3077 De
1813 3025 1936 3091 ﬁde.

668 3191 953 3247 Credimus
1004 3192 1067 3245 ad
1114 3191 1250 3258 hate,
1283 3193 1426 3262 quod
1479 3195 1696 3263 quidem
1752 3196 1817 3248 ad
1873 3195 2169 3252 Salvatoris

604 3284 773 3338 nostri
825 3284 1277 3355 dispensationem
1321 3287 1613 3342 secundum
1672 3302 1892 3342 carnem
1954 3289 2167 3356 attinet,

605 3376 1051 3445 incarnationem,
1079 3378 1170 3434 Dei
1201 3377 1379 3434 Verbo
1402 3380 1716 3434 immutabili
1740 3381 2171 3437 inconvertibili-

602 3483 707 3536 que
736 3482 1102 3536 permanente,
1127 3470 1193 3524 ad
1220 3471 1470 3523 humanae.
1497 3482 1700 3526 natura:
1725 3472 2168 3528 instaurationem

607 3558 803 3612 factam
831 3573 970 3613 esse.
999 3558 1130 3613 Nam
1162 3577 1281 3615 cum
1314 3562 1444 3616 illud
1493 3563 1788 3615 secundum
1821 3572 2079 3616 agteruam
2103 3579 2169 3617 ex

610 3650 717 3703 Deo
738 3648 898 3706 Patre
933 3653 1193 3720 originem
1223 3668 1382 3707 verus
1417 3654 1507 3708 Dei
1541 3653 1709 3708 Filius
1742 3654 1834 3719 sit,
1865 3656 2167 3709 secundum

604 3754 721 3792 eam
749 3756 867 3808 quae
901 3751 985 3796 est
1012 3759 1076 3796 ex
1103 3742 1350 3812 Virgine,
1384 3744 1588 3800 factum
1612 3753 1692 3799 est
1720 3744 1888 3799 Filius
1914 3744 2168 3801 hominis.

607 3830 811 3897 Estque
843 3848 979 3887 unus
1024 3845 1078 3887 et
1124 3836 1263 3888 idem
1302 3837 1597 3891 secundum
1633 3836 1970 3890 divinitatem
2005 3835 2171 3893 Filius

608 3921 880 3990 perfectus
904 3935 956 3979 et
978 3924 1123 3978 Patri
1149 3926 1659 3994 consubstantialis;
1689 3936 1743 3981 et
1782 3927 1924 3982 idem
1959 3942 2169 3980 rursum

606 4015 897 4067 secundum
933 4016 1335 4084 generationem
1378 4031 1445 4069 ex
1484 4014 1703 4085 Virgine
1756 4016 2029 4085 perfectus
2070 4015 2173 4070 ho-

612 4118 719 4167 mo,
746 4104 985 4172 ejusdem
1008 4118 1127 4156 cum
1148 4105 1356 4159 caeteris
1382 4104 1689 4159 hominibus
1707 4105 1959 4159 essentia:
1984 4120 2174 4159 secun-

611 4194 737 4249 dum
773 4210 1013 4251 carnem.
1048 4196 1103 4250 Si
1136 4197 1257 4265 quis
1286 4206 1465 4252 autem
1517 4198 1711 4252 dixerit
1741 4196 1942 4251 Christi
1974 4209 2171 4266 corpus

610 4298 642 4339 ε
669 4287 806 4341 uelo
836 4287 1173 4359 deportatum
1205 4304 1345 4353 esse,
1379 4298 1470 4343 aut
1522 4304 1741 4343 carnem
1771 4304 1935 4359 quam
1987 4289 2169 4352 habet,

612 4371 721 4429 Deo
760 4379 1275 4435 consubstantialem
1316 4394 1457 4443 esse,
1507 4382 1793 4433 anathema
1831 4380 1921 4432 sit.
1968 4378 2024 4433 Si
2053 4380 2173 4448 quis

2265 1950 2586 2003 εἱλίσσεται’
2643 1949 2673 2003 ό
2725 1948 2795 2002 τὰ
2836 1948 2935 2019 τῆς
2995 1948 3271 2021 ἁμαρτίας
3328 1946 3573 2001 διασπῶν
3632 1944 3840 2014 δεσμά,

2268 2043 2601 2114 σπαργάνοις
2634 2039 2987 2113 ἐμπλέκεται.

2664 2324 3023 2393 Σεϐηριανοῦ
3063 2324 3419 2381 ἐπισκόπου.

2347 2440 2406 2493 '0
2435 2439 2541 2511 γάρ
2572 2438 2848 2508 γεννηθεὶς
2874 2436 3080 2491 ἄνωθεν
3104 2438 3167 2489 ὲκ
3192 2437 3401 2506 Πατρὸς
3437 2435 3631 2502 Λόγος,
3667 2435 3843 2507 ἀττορ-

2270 2530 2468 2601 ῥήτως,
2497 2529 2814 2600 ἀφράστως,
2846 2529 3267 2599 ἀκαταλήπτως,
3295 2526 3501 2588 ἀϊδίως,
3533 2527 3573 2579 ὅ
3595 2526 3761 2590 αὐτὸς
3783 2528 3843 2579 ὲν

2267 2623 2442 2693 χρόνῳ
2487 2623 2741 2691 γεννᾶται
2773 2619 3014 2674 κάτωθεν
3044 2621 3108 2672 ὲκ
3135 2618 3409 2690 Παρθένου
3443 2618 3705 2691 Μαρίας’
3752 2620 3843 2671 ἶνα.

2266 2713 2315 2764 οἱ
2344 2712 2606 2783 πρότερον
2635 2711 2984 2782 γεννηθέντες
3012 2709 3278 2775 κάτωθεν,
3309 2708 3519 2763 ἀνωθεν
3562 2708 3843 2779 γεννηθῶ-

2268 2821 2352 2856 σιν
2388 2805 2450 2855 ὲκ
2475 2803 2730 2874 δευτέρας
2746 2812 2796 2866 ιι,
2837 2804 3081 2854 τουτέστι
3112 2801 3267 2855 Θεοῦ.

2273 3013 2591 3064 Οὺῖτανίίου
2651 3010 3023 3131 ἐπισκόποῖό,
3084 3009 3151 3062 ἐκ
3214 3009 3318 3063 τοῦ
3376 3008 3514 3077 Περὶ
3579 3008 3843 3075 πίστεως

3011 3096 3138 3131 του.

3011 3096 3138 3148 rm).

2345 3194 2465 3246 Ἔτι
2493 3192 2550 3247 δὲ
2584 3191 2678 3246 καὶ
2722 3192 2849 3264 περὶ
2874 3193 2972 3263 τῆς
3015 3191 3156 3246 κατά
3186 3192 3363 3264 σάρκα
3391 3193 3709 3265 οἰκονομίας
3741 3193 3840 3249 τοῦ

2270 3287 2521 3357 Σωτῆρος
2558 3285 2902 3356 πιστεύομεν,
2936 3286 3016 3339 ὃτι
3050 3285 3406 3339 ἀναλλοιώτου
3435 3288 3529 3339 καὶ
3560 3287 3841 3357 ἀτρέπτου

2274 3377 2524 3446 μένοντος
2549 3376 2643 3430 τοῦ
2678 3377 2811 3431 Θεοῦ
2837 3377 3031 3444 Λόγου,
3060 3378 3157 3448 τὴν
3184 3375 3457 3447 σάρκωσιν
3498 3377 3834 3446 γεγενῆσθαι

2271 3467 2405 3536 πρὸς
2436 3468 2775 3521 ἀνακαίνισιν
2796 3478 2817 3504 ι’
2845 3466 3283 3540 ἀνθρωπότητος.
3315 3468 3441 3534 Υἱὸς
3464 3469 3572 3540 γάρ
3606 3469 3681 3523 ὣν
3712 3470 3847 3538 άλη-

2272 3558 2379 3621 θῶς
2408 3559 2542 3611 Θεοῦ
2571 3558 2709 3612 κατά
2733 3558 2833 3628 τὴν
2865 3559 3034 3611 ἀΐδιον
3063 3559 3127 3612 ὲκ
3164 3558 3299 3611 Θεοῦ
3350 3558 3623 3629 γέννησιν,
3650 3561 3845 3627 γέγονε

2271 3648 2365 3701 καὶ
2398 3649 2523 3711 Υἱὸς
2556 3647 2843 3717 ἀνθρώπου
2875 3649 3015 3701 κατά
3042 3650 3141 3719 τὴν
3168 3650 3231 3701 ἐκ
3254 3650 3529 3719 Παρθένου
3560 3650 3843 3719 γέννησιν.

2272 3739 2382 3793 Καὶ
2426 3739 2572 3791 ἐστιν
2619 3735 2698 3802 εἷς
2733 3740 2826 3793 καὶ
2875 3741 2903 3792 ὀ
2943 3739 3103 3803 αὐτὸς
3131 3740 3333 3804 τέλειος
3375 3739 3507 3802 Θεὸς
3556 3740 3696 3792 κατά
3740 3740 3845 3811 τὴν

2273 3829 2500 3899 θεότητα
2522 3871 2535 3895 ,
2567 3831 2661 3884 καὶ
2702 3832 2984 3900 ὁμοούσιος
3023 3830 3101 3901 τῷ
3136 3831 3306 3901 Πατρί
3328 3847 3344 3863 ·
3375 3834 3469 3884 καὶ
3509 3831 3714 3893 τέλειος
3745 3832 3845 3885 άν-

2273 3920 2490 3989 θρωπος
2518 3922 2547 3973 ὁ
2568 3921 2730 3984 αὐτὸς
2752 3921 2893 3974 κατά
2917 3923 3015 3991 τὴν
3048 3924 3109 3973 ἐκ
3136 3921 3413 3993 Παρθένου
3440 3924 3717 3992 γέννησιν,
3746 3924 3845 3975 καὶ

2271 4010 2554 4081 ὁμοοὺσιος
2602 4011 2908 4083 ἀνθρώποις
2953 4012 3092 4065 κατά
3117 4013 3213 4082 τὴν
3248 4014 3446 4084 σάρκα.
3480 4013 3547 4066 Εἴ
3576 4031 3657 4077 τις
3690 4013 3750 4066 δὲ
3784 4014 3847 4077 ἐξ

2272 4102 2501 4173 οὐρανοῦ
2529 4103 2679 4172 λέγει
2714 4104 2871 4174 σῶμα
2906 4103 3052 4174 ἔχειν
3079 4104 3170 4158 τὸν
3203 4106 3457 4175 Χριστὸν,
3487 4106 3521 4177 ἢ
3554 4105 3846 4174 ὀμοούσιον

2272 4193 2350 4263 τῷ
2376 4194 2494 4265 Θεῷ
2535 4195 2677 4248 κατά
2717 4195 2815 4266 τὴν
2860 4197 3056 4267 σάρκα,
3081 4195 3222 4249 ἔστω
3253 4196 3518 4266 ἀνάθεμα.
3548 4197 3615 4250 Εἴ
3640 4213 3722 4257 τις
3764 4196 3844 4265 μὴ

2274 4285 2523 4353 ὁμολογεῖ
2566 4285 2662 4355 τὴν
2686 4284 2781 4338 τοῦ
2812 4286 3015 4357 Κυρίου
3052 4287 3224 4357 σάρκα
3269 4288 3331 4339 ὲκ
3368 4288 3465 4357 τῆς
3496 4288 3651 4354 ἁγίας
3686 4289 3844 4358 Παρο

2276 4373 2450 4437 θένου,
2486 4374 2579 4426 καὶ
2604 4373 2909 4445 ἀνθρώποις
2943 4376 3256 4444 όμοούσιον,
3296 4378 3433 4429 ἔστω
3462 4378 3735 4446 ἀνάθεμα.
3783 4380 3851 4433 Εἴ

616 4468 888 4533 negaverit
934 4467 1139 4522 Domini
1180 4485 1399 4524 carnem
1440 4485 1506 4524 ex
1545 4484 1697 4524 sacra
1749 4470 1967 4540 Virgine
2028 4486 2167 4525 sum-

2280 4483 2363 4527 τις
2387 4465 2476 4517 τὸν
2509 4465 2708 4536 Κύριον
2732 4466 2887 4534 ἡμῶν
2914 4468 3006 4519 καὶ
3035 4468 3281 4537 Σωτῆρα,
3312 4469 3401 4521 τὸν
3432 4470 3493 4521 ὲκ
3526 4468 3847 4539 Πνεὺματος

616 4565 756 4619 piam
786 4571 927 4622 esse,
956 4569 1049 4612 aut
1107 4560 1414 4615 hominibus
1452 4561 1968 4615 cousubstantialem
2020 4576 2164 4625 esse,

618 4646 898 4701 anathema
950 4650 1041 4705 sit.
1073 4651 1127 4703 Si
1169 4650 1292 4719 quis
1338 4652 1539 4705 dixerit
1566 4652 1852 4706 Dominum
1883 4667 1947 4705 ac
1984 4652 2173 4711 Salva-

619 4740 788 4788 torem
823 4747 1085 4802 nostrum,
1113 4739 1204 4806 qui
1230 4754 1294 4792 ex
1316 4737 1521 4808 Spiritu
1552 4750 1741 4793 sancto
1769 4749 1823 4793 et
1863 4740 2029 4794 Maria
2050 4742 2172 4794 Vir-

620 4822 743 4889 gine
792 4829 1082 4882 secundum
1129 4843 1348 4882 carnem
1396 4839 1552 4883 natus
1595 4840 1698 4892 est,
1740 4830 1940 4895 anima,
1975 4842 2171 4896 mente,

620 4922 712 4966 aut
763 4930 921 4971 sensu
970 4922 1280 4976 destitutum
1326 4936 1467 4985 esse,
1499 4922 1784 4975 anathema
1817 4924 1907 4975 sit.
1965 4923 2023 4976 Si
2057 4926 2177 4993 quis

621 5008 817 5058 audeat
856 5008 1034 5066 dicere
1081 5014 1357 5069 Christum
1417 5012 1620 5069 deitate
1673 5026 1913 5080 passam,
1974 5022 2029 5066 et
2074 5029 2175 5068 non

620 5112 810 5164 carne,
840 5110 897 5152 ut
928 5103 1183 5169 scriptum
1238 5116 1343 5172 est,
1384 5106 1456 5160 sit
1490 5105 1800 5159 anathema.
1833 5101 1889 5157 Si
1919 5104 2040 5171 quis
2070 5103 2175 5157 Do-

622 5190 824 5243 minum
862 5204 925 5243 ac
954 5190 1284 5249 Salvatorem
1330 5205 1574 5251 nostrum
1602 5196 1652 5249 in
1693 5195 1830 5248 duos
1871 5191 2099 5261 divellit,
2124 5204 2178 5245 et

622 5281 846 5337 alterum
882 5280 1096 5352 quidem
1129 5282 1321 5338 Filium
1355 5287 1587 5341 Verbum
1619 5287 1710 5342 Dei
1756 5284 2010 5355 appellat,
2043 5284 2176 5339 alte-

2282 4558 2434 4625 ἁγίου
2480 4557 2571 4610 καὶ
2612 4557 2830 4628 Μαρίας
2874 4558 2972 4629 τῆς
3015 4558 3292 4628 Παρθένου
3335 4560 3659 4631 γεννηθέντα
3693 4565 3847 4614 κατὰ

2282 4651 2482 4721 σάρκα,
2534 4650 2737 4721 ἄψυχον
2777 4650 2944 4717 λέγει,
2995 4651 3029 4721 ἢ
3076 4650 3417 4720 ἀναίσθητον,
3462 4652 3494 4721 ἢ
3544 4653 3760 4718 ἄλογον,
3812 4654 3846 4721 ἢ

2281 4742 2525 4811 ἀνόητον,
2574 4741 2713 4794 ἔστω
2758 4742 3022 4811 ἀνάθεμα.
3077 4741 3145 4794 Εἴ
3186 4759 3267 4803 τις
3308 4743 3480 4811 τολμᾷ
3519 4741 3698 4806 λέγειν
3750 4741 3847 4793 τὸν

2280 4832 2515 4902 Χριστὸν
2543 4831 2754 4902 θεότητι
2786 4833 3143 4896 πεπονθέναι,
3185 4834 3278 4885 xui.
3320 4834 3394 4900 μὴ
3426 4832 3602 4901 σαρκὶ,
3633 4832 3711 4895 ὡς
3745 4834 3845 4900 γέο

2276 4939 2551 4991 γραπται,
2581 4923 2720 4975 ἔστω
2747 4923 3013 4990 ἀνάθεμα.
3049 4923 3115 4974 Εἴ
3138 4939 3219 4984 τις
3252 4921 3449 4990 διαιρεῖ
3475 4923 3567 4974 καὶ
3613 4923 3845 4994 χωρίζει

2274 5014 2365 5066 τὸν
2403 5012 2607 5082 Κύριον
2634 5012 2789 5083 ἡμῶν
2819 5013 2914 5065 καὶ
2944 5014 3195 5081 Σωτῆρα,
3225 5012 3317 5063 καὶ
3346 5010 3492 5080 λέγει
3522 5013 3707 5086 ἕτερον
3743 5012 3845 5085 μὲν

2276 5101 2411 5155 εἶναι
2452 5104 2578 5155 Υίὸν
2607 5106 2697 5155 τὸν
2738 5103 2868 5155 Θεὸν
2906 5105 3111 5169 Λόγον,
3144 5102 3239 5155 καὶ
3281 5104 3465 5175 ἕτερον
3498 5106 3587 5160 τὸν
3636 5110 3843 5178 ἀναὶη-

2277 5195 2477 5261 φθέντα
2505 5194 2810 5265 ἄνθρωπον,
2846 5196 2939 5246 καὶ
2981 5194 3055 5266 μὴ
3088 5193 3337 5265 ὁμολογεῖ
3360 5198 3457 5254 ἕνα
3487 5200 3582 5255 καὶ
3614 5201 3706 5255 τὸν
3735 5201 3840 5256 a6-

2281 5284 2392 5346 τὸν,
2437 5283 2574 5334 ἔστω
2606 5283 2871 5353 ἀνάθεμα.

625 5388 741 5425 rum
782 5388 910 5428 vero
971 5371 1239 5426 hominem
1297 5386 1647 5447 assumptum,
1688 5393 1863 5448 neque
1899 5376 2188 5431 confitetur
2223 5388 2385 5428 unum
2436 5382 2487 5427 ct
2513 5374 2784 5439 eumdem,
2809 5374 3090 5430 anathema
3126 5376 3212 5434 sit.

1673 5526 1839 5569 vanae
1869 5514 2125 5569 lectiones
2154 5510 2356 5565 codicis
2386 5509 2747 5581 Seguieriani.

702 5666 747 5707 P‘
786 5662 1113 5734 htzibpnsa.
1169 5676 1195 5715 σι
1240 5662 1489 5732 δευτέρου
1541 5665 1703 5719 codcx
1737 5667 2136 5734 Srguicriauus,
2166 5669 2215 5723 in
2248 5684 2350 5732 quo
2382 5669 2517 5724 tituli
2553 5667 2975 5724 testimoniorum
3004 5669 3373 5724 desiderantur
3396 5684 3425 5721 ει
3449 5666 3669 5721 librario
3694 5680 3835 5733 praf-

629 5735 884 5791 tcrtuissn.
943 5748 960 5774 π
996 5741 1098 5789 ἀνα
1137 5735 1393 5787 καίνοσιν.
