4056 6334
209 394 353 448 1Ξ17

1308 398 1397 453 DE
1434 397 1657 455 RECTA
1697 397 1851 453 FIDE
1888 400 1976 453 AD
2018 399 2337 456 llEGlNAS.

3297 400 3434 457 1218

206 515 507 581 Θεοφίλου
535 514 886 602 ἐττισκςίπου,
914 517 983 571 ἐκ
1006 518 1114 599 τοῦ
1144 517 1647 602 Προὶσξρὶωνηζικοῦ
1679 517 1772 571 λό-

1882 516 1987 588 52
2030 517 2301 579 Theon/iiii
2324 523 2653 602 ςρὸοτορξλεττ
2678 538 2913 602 sermone
2952 520 3208 591 inscripto
3256 520 3323 573 ad
3349 537 3433 575 eos

318 601 426 653 του
470 586 621 652 πρὸς
644 586 783 652 τοὺς
810 588 1179 657 φρονοῦντας
1212 589 1284 643 τὰ
1318 586 1665 657 Ὠριγένους.

534 695 682 761 Ἔφη
711 692 778 747 δὲ
802 695 988 762 οὕτως
1016 696 1148 764 περὶ
1180 696 1455 763 Χριστοῦ.

281 802 401 855 Ἵνα
449 802 524 874 μὴ
564 806 619 856 ὲν
647 804 789 874 λόγῳ
823 806 986 875 μόνῳ,
1016 804 1150 859 ἀλλὰ
1176 806 1270 859 καὶ
1301 807 1359 859 ὲν
1387 806 1611 875 δυναμει
1640 806 1772 869 Θεὸς

201 894 483 964 ἀληθινὸς,
508 898 535 948 ό
566 897 750 963 φανεὶς
777 892 916 950 εῖναι
949 896 1293 967 πιστεύηται,
1322 900 1387 968 τῇ
1422 896 1529 950 τῶν
1556 897 1770 967 δρωμέ-

200 1003 316 1039 νων
362 988 727 1058 μεγαλουργίᾳ
766 990 863 1058 τὴν
903 990 1029 1058 περὶ
1059 988 1222 1041 αὑτοῦ
1249 987 1422 1058 δηλῶν
1452 989 1766 1058 ἀσφάλειαν.

201 1078 430 1149 Πλήρης
466 1080 562 1147 μὲν
585 1080 657 1132 ὢν
689 1079 1198 1143 Θεὸς,αὒτοθελῶς⁶
1236 1081 1293 1134 δὲ
1325 1080 1767 1152 ὲνανθρωττήσας,

200 1170 303 1221 καὶ
340 1168 506 1239 μηδὲν
543 1170 883 1241 ἀνθρωπείας
905 1169 1213 1241 ὁμοιώσεως
1236 1172 1566 1241 καταλείψας
1592 1170 1767 1234 ἐκτὸς,

199 1259 349 1331 πλὴν
392 1262 558 1331 μόνης
606 1262 704 1331 τῆς
748 1262 963 1316 ἀνοσίου
1012 1262 1244 1326 κακίαςο
1280 1262 1375 1317 καὶ
1417 1262 1612 1333 βρέφος
1663 1264 1770 1333 γάρ

198 1352 527 1422 γενόμενος,
571 1353 920 1425 Ἐμμανουὴλ
966 1354 1335 1425 ὡμολογεῖτο,
1384 1355 1574 1425 μάγων
1634 1354 1771 1425 πρὸς

199 1443 372 1496 αὐτὸν
400 1444 583 1496 ίόντων
618 1446 708 1497 καὶ
736 1444 812 1515 τῷ
846 1451 1170 1517 προσκυνεῖν
1221 1450 1314 1504 καὶ
1342 1448 1475 1500 Θεὸν
1508 1444 1652 1501 εἶναι
1679 1446 1772 1499 τὸν

205 1533 451 1600 φανέντα
474 1534 739 1603 βοώντων
764 1537 843 1588 ὃτι
868 1538 963 1590 καὶ
990 1538 1152 1607 σαρκὶ
1172 1538 1402 1610 σταυρού
1412 1555 1590 1607 μενος,
1617 1538 1768 1609 ἡλίου

202 1619 557 1671 συνέστελλεν
587 1621 831 1687 ἀκτῖνας,
867 1624 1063 1694 καὶτῷ
1095 1625 1228 1696 ξένῳ
1272 1626 1506 1696 θαύματι
1546 1626 1645 1694 τὴν
1689 1628 1769 1678 oi-

200 1708 359 1759 κείαν
391 1711 696 1780 σαφηνίζων
727 1712 975 1785 θεότητα,
1019 1715 1253 1785 οὐδαμοῦ
1302 1717 1601 1787 σκορπίσας
1652 1717 1771 1770 ὲαυ-

196 1798 317 1861 τὸν,
371 1800 405 1869 ἢ
456 1800 708 1864 διαλύσας
754 1805 832 1865 είς
867 1806 1115 1874 σωτῆρας
1162 1806 1273 1860 δύο.
1322 1806 1480 1859 Ἀλλὰ
1522 1808 1613 1860 καὶ
1660 1811 1770 1871 τοῖς

201 1888 475 1957 μαθηταῖς
505 1889 656 1956 ἔλεγε
680 1907 695 1921 ο
736 1910 753 1942 ι
786 1894 876 1961 Μὴ
911 1894 1177 1965 καλέσητε
1209 1897 1521 1950 διδάσκαλον
1551 1900 1641 1951 ἐπὶ
1669 1901 1768 1968 τῆς

198 1978 343 2045 γῆς⁹
386 1973 468 2039 εἷς
514 1980 621 2048 γάρ
664 1981 809 2034 ἐστιν
840 1983 994 2052 ὑμῶν
1028 1985 1347 2056 καθηγητὴς
1389 1991 1417 2040 ό
1454 1988 1706 2057 Χριστός.
1742 2009 1759 2041 ι

197 2070 279 2121 Οὐ
308 2069 419 2140 γὰρ
450 2070 538 2122 ὅτε
570 2071 726 2124 τοῦτο
755 2076 867 2137 τοῖς
894 2076 1211 2141 ἀποστόλοις
1242 2081 1573 2150 παρήγγειλε
1597 2084 1637 2145 ί,
1666 2081 1760 2133 τοῦ

194 2161 527 2230 φαινομένου
583 2165 835 2233 σώματος
878 2167 976 2236 τὴν
1008 2169 1211 2222 οἰκείαν
1246 2169 1461 2241 διώριζε
1504 2172 1757 2242 θεότητα⁸

193 2252 324 2305 οὐδὲ
352 2254 439 2305 ὅτε
470 2256 702 2325 Χριστὸν
731 2256 921 2309 ἑαυτὸν
963 2258 1355 2332 διεμαρτύρεὶο
1390 2260 1546 2326 εἶναι,
1593 2264 1769 2333 ψυχῆς

195 2344 299 2397 καὶ
341 2344 543 2416 σαρκὸς
572 2345 851 2415 διωρίζετο
872 2364 884 2377 ·
920 2348 1090 2411 οὕτως
1129 2352 1295 2420 ἄμφω
1322 2358 1606 2423 τυγχάνων
1639 2356 1768 2418 Θεός

194 2451 255 2487 τε
317 2436 411 2487 καλ⁸
466 2435 770 2506 ἄνθρωπος,
822 2436 1007 2502 δοῦλος
1060 2439 1365 2509 ὁρώμενος,
1424 2446 1516 2499 καὶ
1564 2447 1769 2517 Κύριος

197 2524 621 2596 γνωριζόμενος.
658 2518 731 2579 Τὸ
767 2526 864 2597 μὲν
919 2528 1118 2600 ὑψηλὸν
1150 2531 1247 2599 τῆς
1289 2532 1538 2604 θεότητος
1565 2535 1639 2605 τῷ
1672 2554 1769 2590 τα-

198 2616 377 2687 πεινῷ
406 2618 504 2686 τῆς
545 2617 1013 2690 ὲνανθρωπήσεως
1058 2621 1533 2694 ὑποκροπτὸμενος
1567 2629 1769 2697 φρονή-

203 2724 363 2775 ματι,
419 2708 478 2761 τὸ
505 2708 562 2761 δέ
603 2726 667 2777 γε
700 2712 954 2765 ταπεινὸν
984 2712 1080 2765 τοῦ
1114 2716 1385 2785 ὁρωμένου
1422 2717 1670 2788 σώματος
1704 2722 1769 2791 τῇ

200 2798 305 2865 τῆς
334 2797 587 2870 θεότητος
616 2801 932 2873 ὑπεραίρων
964 2804 1232 2876 ἐνεργείᾳ.

2264 594 2351 658 qui
2376 609 2491 643 cum
2533 591 2752 660 Origene
2774 597 3048 645 sentirent.

2257 703 2347 757 Sic
2380 716 2548 757 autem
2574 706 2700 757 dicit
2722 706 2786 757 de
2825 703 3053 758 Christo.

1943 810 2205 867 Caeterum
2240 828 2309 868 ne
2332 814 2375 870 is
2416 815 2508 885 qui
2534 815 2801 885 apparuit,
2838 816 2953 869 solo
2988 814 3174 875 verbo.
3198 815 3291 869 sed
3321 815 3431 868 vir-

1875 910 1983 958 tute
2012 918 2226 974 quoque
2265 919 2426 961 verus
2452 907 2592 961 Dens
2619 920 2739 960 esse
2774 907 3109 970 crederetur,
3146 907 3259 975 ipse
3301 921 3431 975 ope-

1874 1009 1991 1048 rum
2067 995 2460 1064 magniﬁcentia
2535 996 2894 1051 certissimum
2960 997 3259 1051 divinitatis
3321 1012 3431 1051 sua:

1865 1083 2124 1153 judicium
2158 1086 2303 1141 fecit.
2339 1085 2619 1143 Perfectus
2674 1087 2856 1157 itaque
2909 1087 3052 1143 Deus
3088 1104 3207 1141 cum
3263 1095 3431 1151 esset,

1873 1175 2047 1233 iactus
2099 1188 2182 1233 est
2216 1179 2489 1233 voluntate
2538 1194 2633 1234 sua
2687 1179 2882 1246 homo;
2922 1193 3095 1248 neque
3139 1180 3429 1248 quidquam

1871 1267 2111 1332 omnino,
2168 1267 2308 1337 quod
2365 1269 2612 1322 humana!
2670 1278 2877 1323 natura;
2924 1279 3209 1336 cognatum
3264 1278 3428 1332 esset,

1871 1365 2064 1426 przeter
2086 1372 2246 1411 unam
2303 1358 2519 1425 impiam
2556 1357 2841 1425 malitiam,
2870 1358 3087 1424 reliquit
3120 1375 3133 1411 :
3168 1373 3290 1411 nam
3324 1357 3427 1412 etsi

1872 1446 2069 1513 infans,
2095 1446 2408 1501 Emmanuel
2434 1459 2607 1502 tamen
2628 1463 2748 1503 esse
2780 1450 3190 1519 agnoscebatur.
3212 1449 3433 1504 Constat

1872 1552 2104 1606 namque
2148 1552 2333 1606 magos
2376 1538 2465 1607 qui
2520 1540 2589 1591 ad
2616 1537 2761 1592 illum
2789 1546 3074 1602 venerunt,
3101 1552 3224 1592 eum
3259 1538 3430 1607 ipsum

1872 1627 1960 1696 qui
1994 1638 2338 1696 apparuerat,
2371 1629 2683 1682 adoratione
2702 1642 2798 1682 sua
2836 1637 2893 1682 ut
2927 1627 3094 1683 Deum
3123 1628 3430 1697 agnovisse.

1872 1716 1964 1771 Sic
1991 1732 2203 1788 quoque
2236 1718 2360 1772 licet
2399 1718 2692 1773 secundum
2722 1733 2939 1773 carnem
2974 1719 3025 1773 in
3053 1734 3273 1774 crucem
3306 1734 3436 1788 age-

1871 1818 2041 1875 retur,
2098 1809 2227 1864 solis
2283 1819 2459 1865 tamen
2532 1810 2711 1864 radios
2774 1808 3125 1879 reprimebat,
3190 1824 3436 1877 novoque

1880 1900 2140 1954 miraculo
2196 1902 2525 1956 divinitatem
2565 1917 2719 1957 suam
2765 1902 2881 1957 orbi
2931 1911 3197 1957 terrarum
3230 1901 3432 1971 patefa-

1877 1990 2073 2045 ciebat.
2106 1988 2378 2058 Nusquam
2410 2002 2587 2045 autem
2620 2002 2713 2045 aut
2763 1993 2994 2061 seipsum
3045 1986 3312 2055 divisisse,
3343 2001 3434 2044 aut

1876 2080 1928 2133 in
1980 2081 2115 2135 duos
2171 2080 2465 2135 salvatores
2522 2082 2845 2137 dissecuisse
2901 2082 3252 2153 comperitur.
3296 2081 3433 2148 Quin

1875 2169 2133 2237 ejusmodi
2200 2172 2379 2240 potius
2408 2187 2661 2227 sermone
2698 2172 2991 2244 discipulos
3018 2191 3144 2231 suos
3200 2176 3433 2245 compel-

1876 2258 2017 2314 lasse
2059 2259 2255 2328 legitur
2292 2278 2305 2315 :
2351 2278 2370 2312 ι
2423 2259 2499 2315 Ne
2557 2262 2763 2317 vocetis
2811 2264 3121 2332 magistrum
3156 2265 3207 2318 in
3246 2274 3433 2320 terra:

1877 2367 2014 2406 unus
2038 2361 2118 2407 est
2146 2352 2289 2406 enim
2322 2354 2578 2423 magister
2619 2363 2799 2409 vester
2830 2353 3076 2409 Christus
3097 2356 3161 2422 ⁸1.
3202 2376 3220 2407 ι
3253 2355 3435 2426 Neque

1875 2444 2017 2496 enim
2046 2443 2261 2512 quando
2295 2444 2549 2511 apostolis
2583 2445 2695 2499 haec
2748 2445 3067 2514 imperabat,
3100 2447 3432 2501 divinitatem

1878 2550 2031 2589 suam
2060 2550 2090 2589 a
2121 2549 2348 2605 corpore
2394 2537 2537 2604 quod
2579 2536 2927 2601 cernebatur,
2962 2535 3308 2606 sejungebat;
3342 2552 3435 2590 nc-

1876 2641 1980 2694 que
2026 2641 2262 2689 rursum,
2299 2642 2421 2680 cum
2452 2641 2510 2681 se
2554 2626 2828 2682 Christum
2862 2642 2983 2682 esse
3036 2629 3351 2694 testabatur,
3379 2642 3435 2681 se

1878 2715 2059 2770 animo
2097 2726 2151 2771 et
2200 2731 2429 2785 corpore
2470 2718 2775 2783 divellebat,
2812 2718 2905 2773 sed
2935 2718 3092 2772 simul
3125 2728 3432 2787 utrumque,

1879 2807 1985 2860 hoc
2028 2816 2131 2872 est,
2166 2808 2305 2861 Deus
2345 2817 2399 2861 et
2448 2809 2608 2863 homo
2644 2819 2781 2864 erat.
2818 2810 3017 2865 Servus
3066 2812 3262 2882 quippe
3296 2819 3433 2872 erat,

202 2890 301 2956 qui
346 2893 701 2957 cernebatur;
746 2892 1003 2950 Dominus
1039 2910 1167 2950 vero
1210 2897 1296 2965 qui
1363 2898 1780 2966 intelligebatur.
1853 2895 2076 2950 Deitatis
2132 2894 2502 2950 celsitudinem
2558 2897 2746 2952 humili
2829 2897 3215 2953 incarnationis
3267 2898 3435 2953 forma

202 2981 771 3038 occultabat:c0ntra
801 3000 928 3040 vero
975 2988 1241 3055 corporis,
1284 2987 1422 3056 quod
1472 2988 1772 3053 videbatur,
1810 2985 2164 3040 humilitatem
2211 2985 2425 3039 deitatis
2491 2986 2806 3054 operatione
2861 2986 3144 3041 evehebat.

284 3072 387 3129 lA'.
429 3076 665 3145 Εύχερὲς
703 3077 843 3146 μὲνιι
871 3073 962 3131 οὖν
990 3079 1083 3132 καὶ
1114 3081 1277 3150 ἕτερα
1311 3080 1514 3143 τούτοις
1547 3080 1769 3148 ἐπενεγ-

1942 3077 2036 3153 ΧΙῚ.
2069 3078 2184 3133 Non
2215 3077 2377 3132 fuerit
2406 3086 2587 3131 autem
2623 3075 2838 3132 diliicile
2875 3076 2976 3130 alia
3006 3076 3267 3145 ejusmodi
3300 3093 3436 3147 pra:-

206 3168 330 3218 κεῖν
372 3165 598 3219 πλεῖστά
628 3183 687 3218 τε
719 3168 819 3219 ὅσα
860 3169 953 3219 καὶ¹
986 3170 1159 3240 άληθῆ
1209 3172 1509 3242 μαρτύρια·
1541 3173 1777 3244 παρίημι

204 3256 289 3321 δὲ,
324 3255 387 3308 τὸ
412 3256 795 3326 γεγραμμένον
847 3258 1035 3321 εἰδῶς’
1072 3278 1090 3311 ι
1130 3261 1281 3314 Δίδου
1325 3262 1472 3334 σοφῷ
1500 3264 1776 3335 ἀφορμὴν,

207 3348 306 3400 καὶ
332 3345 639 3415 σοφώτερος
662 3346 811 3399 ἔσται
835 3364 847 3377 ο
872 3347 1105 3418 γνώριζε
1133 3350 1347 3421 δικαίῳ,
1366 3356 1459 3405 καὶ
1482 3356 1778 3427 προσθήσει

207 3439 307 3493 τοῦ
336 3436 605 3507 δέχεσθαι.
641 3455 657 3488 ι
695 3438 840 3507 Πλὴν
870 3440 1045 3491 ὲκεῖνό
1091 3458 1300 3510 φαμεν·
1332 3444 1439 3495 ἰδοὺ
1476 3446 1539 3515 δὴ
1582 3448 1779 3511 πάντες

208 3532 261 3583 oi
298 3525 621 3598 πανάριστοί
649 3543 708 3580 τε
738 3528 835 3581 καὶ
867 3531 1021 3596 σοφοὶ
1055 3530 1195 3583 κατὰ
1227 3535 1453 3602 καιροὺς
1495 3536 1650 3605 ἡμῶν
1688 3553 1780 3603 γε·

210 3622 438 3689 γονότες
469 3618 733 3691 Πατέρες,
762 3618 852 3671 καὶ
872 3619 1129 3675 Θεοτόκον
1149 3621 1467 3692 ὀνομάζουσι
1495 3626 1591 3695 τὴν
1621 3626 1779 3693 ἁγίαν

213 3712 527 3782 Παρθένον·
581 3710 818 3783 ἡνῶσθαι
851 3709 908 3763 δὲ
944 3712 1084 3765 κατὰ
1123 3713 1285 3782 φύσιν
1317 3714 1778 3787 διαϐεϐαιούμενοι

209 3806 281 3871 τῇ
314 3804 477 3872 σαρκὶ
498 3803 585 3855 τὸν
616 3804 680 3856 ὲκ
708 3801 843 3855 Θεοῦ
868 3800 1061 3868 Λόγον,
1090 3802 1145 3854 ἓν
1172 3822 1227 3856 τε
1258 3808 1321 3875 τῇ
1349 3806 1501 3875 νηδύϊ
1528 3808 1778 3874 γενέσθαι

212 3895 348 3962 φασὶ
378 3896 443 3963 τῇ
477 3895 821 3964 παρθενικῇ,
870 3892 964 3945 καὶ
995 3892 1054 3957 ἐξ
1098 3895 1267 3964 αὐτῆς
1311 3897 1591 3966 προελθεῖν
1640 3899 1779 3952 κατὰ

214 3986 428 4055 σάρκα·
459 3985 635 4035 καίτοι
688 3986 787 4054 τὴν
826 3984 1058 4055 ἄναρχον
1085 3986 1180 4037 καὶ
1221 3987 1327 4055 πρὸ
1358 3990 1556 4052 παντὸς
1587 3984 1779 4052 αίῶνος

211 4075 312 4127 καὶ
338 4072 531 4143 χρόνου
567 4072 797 4141 λαχόντα
826 4074 1077 4143 γέννησιν
1105 4074 1167 4124 ὲκ
1198 4074 1426 4143 Πατρός.
1470 4075 1684 4147 Ἐπειδὴ
1722 4078 1778 4131 δὲ

210 4160 283 4235 ἧν
310 4162 476 4225 εἰκὸς,
498 4162 554 4213 ὲν
575 4164 693 4223 ταῖς
719 4163 1083 4236 μακροτέραις
1110 4164 1201 4216 καὶ
1227 4165 1424 4233 ἐφεξῆς
1447 4168 1555 4219 τῶν
1584 4169 1779 4238 στίχων

212 4252 511 4321 συνθήκαις
544 4249 820 4320 ὀλιγώρως
846 4253 1036 4322 ἔχοντα
1068 4253 1156 4306 τὸν
1186 4252 1328 4316 νοῦν,
1358 4255 1611 4325 ἐθελῆσαι
1641 4259 1779 4329 μᾶλα

1893 3166 2040 3223 clara
2094 3168 2398 3222 testimonia
2435 3182 2538 3221 non
2580 3182 2747 3236 pauca
2787 3166 2872 3221 his
2898 3166 3306 3237 adjicere;quaz
3359 3178 3437 3221 ta-

1881 3273 2001 3312 men
2055 3269 2337 3326 praetereo,
2376 3274 2497 3312 cum
2534 3258 2796 3327 scriptum
2841 3272 2959 3311 esse
3010 3272 3114 3313 non
3154 3258 3389 3328 ignorem
3424 3280 3435 3313 :

1887 3368 1905 3400 ι
1936 3348 2008 3402 Da
2040 3348 2271 3417 sapienti
2336 3348 2697 3411 occasionem,
2735 3356 2789 3400 et
2821 3348 3045 3401 addetur
3072 3350 3119 3402 ei
3143 3350 3437 3417 sapientia:

1881 3442 2013 3494 doce
2040 3439 2263 3507 justum,
2292 3448 2345 3494 et
2372 3437 2647 3493 festinabit
2676 3437 2950 3507 suscipere
2974 3439 3041 3491 ⁸³.
3079 3456 3097 3489 ι
3131 3437 3243 3493 Ηοε
3276 3455 3437 3494 unum

1891 3531 2103 3584 interim
2137 3545 2243 3584 non
2274 3529 2730 3599 praztermiserim,
2764 3529 2994 3598 optimos
3016 3544 3077 3584 ac
3099 3530 3437 3598 sapientissi-

1885 3636 2001 3674 mos
2030 3635 2271 3689 quosque
2302 3621 2488 3674 Patres
2521 3628 2783 3688 quotquot
2810 3628 2934 3673 ante
2964 3633 3061 3674 nos
3093 3622 3435 3685 exstiterunt,

1880 3725 2067 3763 omnes
2084 3723 2288 3762 sacram
2310 3708 2583 3777 Virginem
2608 3709 2888 3777 Deiparam
2913 3724 3124 3777 quoque
3148 3708 3437 3778 appellare,

1881 3798 2081 3866 Deique
2133 3799 2384 3863 Verbum,
2426 3797 2640 3851 etiamsi
2711 3796 2959 3866 principii
3020 3812 3214 3864 expers
3249 3798 3338 3860 sit,
3387 3806 3441 3849 et

1880 3899 2005 3944 ante
2026 3904 2183 3943 omne
2211 3904 2382 3944 aevum
2415 3899 2732 3957 tempusque
2772 3903 2839 3943 ex
2871 3886 3031 3942 Patre
3062 3899 3268 3955 natum,
3290 3889 3436 3943 carni

1881 3982 2173 4036 secundum
2217 3990 2463 4035 naturam
2506 3982 2716 4035 unitum
2742 3996 2880 4045 esse,
2913 3996 3011 4035 nec
3042 3996 3147 4034 non
3185 3982 3238 4035 in
3280 3990 3431 4035 utero

1881 4073 2122 4139 virgineo
2158 4072 2401 4135 latuisse,
2436 4086 2495 4125 ac
2554 4072 2678 4125 inde
2726 4072 3021 4125 secundum
3065 4086 3283 4125 carnem
3313 4085 3437 4139 pro-

1880 4164 2063 4230 diisse,
2083 4164 2346 4217 attestari.
2365 4162 2626 4226 Quoniam
2653 4175 2780 4214 vero
2797 4161 3015 4214 dubium
3037 4177 3141 4216 non
3168 4171 3268 4224 est,
3289 4175 3439 4214 men-

1883 4263 1985 4307 tem
2029 4251 2234 4319 prolixa
2279 4249 2656 4304 auctoritatum
2684 4250 3177 4319 sententiarumque
3212 4250 3318 4319 53
3358 4264 3440 4301 re-

210 4347 305 4399 λον
331 4345 411 4409 δὲ,
438 4342 512 4406 ὡς
540 4345 597 4395 ὲν
640 4341 832 4412 βραχεῖ
861 4346 954 4397 καὶ
1003 4345 1439 4415 συνεσταλμένως
1460 4356 1485 4382 ν
1519 4349 1647 4402 ἰδεῖν
1671 4350 1772 4402 τῶν

1880 4343 2136 4398 citatione
2156 4340 2403 4405 obtundi,
2431 4340 2902 4408 remissioremque
2919 4340 3056 4403 fieri,
3087 4340 3244 4393 malle
3261 4350 3437 4399 autem

210 4438 308 4488 ἐπὶ
350 4432 571 4504 Χριστῷ
618 4409 901 4502 δογμάτων
944 4435 1005 4487 τὸ
1049 4409 1510 4508 ἀκραιφνέστατον
1558 4440 1772 4504 κάλλος,

1886 4432 2031 4486 brevi
2057 4433 2287 4500 quodam
2320 4431 2639 4500 compendio
2666 4431 2974 4497 dogmatum
3005 4432 3071 4485 de
3104 4430 3319 4485 Christo
3344 4442 3436 4479 ve-

211 4525 388 4586 αὐτας
418 4523 558 4575 κατὰ
585 4522 749 4592 μόνας
776 4522 873 4585 τὰς
901 4523 1008 4576 τῶν
1037 4526 1275 4589 ἐννοιῶν,
1307 4526 1391 4577 ἵνα
1413 4524 1585 4589 οὕτως
1614 4531 1775 4594 εἴπω,

212 4616 461 4684 καρδίας,
494 4616 557 4667 ὲκ
592 4614 689 4683 τῆς
717 4612 1072 4667 θεοπνεύστου
1097 4618 1188 4670 καὶ
1232 4617 1376 4681 Νέας
1403 4617 1624 4687 Γραφῆς
1651 4638 1775 4674 συν-

210 4702 542 4773 αγηγερκὼς
567 4741 581 4765 ,
618 4701 880 4772 πέπομφα
922 4702 985 4769 τῇ
1013 4701 1255 4775 ὑμετέρᾳ
1288 4702 1429 4756 κατὰ
1460 4702 1589 4755 Θεὸν
1617 4705 1770 4757 εὐσε-

214 4792 369 4863 6εία⁶
408 4792 480 4855 ὡς
509 4793 572 4845 ἂν
605 4794 1043 4862 ἐντυγχάνουσαι,
1078 4794 1218 4846 κατὰ
1246 4793 1416 4865 βραχύ
1456 4810 1515 4845 τε
1548 4795 1643 4845 καὶ
1673 4795 1776 4848 ἀνὰ

217 4884 387 4955 μέρος
413 4884 572 4937 αὐταί
601 4900 660 4936 τε
684 4886 776 4937 τὸν
823 4887 881 4937 ὲν
921 4884 1047 4952 ὑμῖν
1086 4888 1178 4936 καὶ
1203 4885 1281 4938 ἔτι
1313 4885 1571 4957 μειζόνως
1612 4904 1777 4939 κατα-

214 4975 547 5046 φαιδρύνητε
576 4975 732 5029 νοῦν·
764 4974 1193 5046 φωταγωγοῦσαι
1236 4978 1292 5030 δὲ
1337 4978 1471 5047 πρὸς
1520 4978 1775 5046 ἀλήθειαν

216 5067 314 5117 καὶ
344 5065 437 5128 οὓς
464 5067 527 5119 ἂν
548 5068 774 5135 ὠφελεῖν
797 5067 1013 5138 ἕλησθε,
1032 5068 1205 5137 καυχή
1217 5085 1379 5137 μασιν
1402 5068 1777 5131 ἀποστολικοίς

214 5158 314 5219 τὰς
354 5159 505 5221 όσίας
536 5161 688 5229 ὑμῶν
727 5157 1190 5227 καταφαιδρύνητε
1226 5161 1483 5226 κεφαλάς.
1519 5160 1776 5220 Πλούσιός

214 5248 273 5298 δὲ
308 5245 427 5297 λίαν
471 5250 501 5299 ὁ
548 5252 638 5302 ἐπὶ
675 5250 846 5320 τούτῳ
881 5250 1098 5319 μισθός’
1127 5248 1433 5315 γέγραπται
1477 5253 1614 5321 γάρ·
1654 5271 1673 5303 ι
1720 5252 1777 5303 Ὀ

218 5336 552 5405 ἐπιστρέψας
585 5340 903 5410 ἁμαρτωλὸν
929 5342 992 5391 ὲκ
1022 5337 1225 5405 πλάνης
1248 5338 1389 5403 ὁδοῦ,
1413 5339 1575 5391 σώσει
1604 5339 1778 5409 ψυχὴν

292 5488 335 5518 ⁸¹
373 5485 558 5540 Matth.
583 5503 739 5555 χχιιι,
778 5493 860 5545 lo.
937 5492 981 5526 δ’
1018 5488 1175 5543 Prov.
1226 5503 1299 5549 Ix,
1332 5488 1384 5540 9.

1885 4531 2153 4577 austatem
2186 4522 2420 4575 dilucide
2461 4522 2849 4591 perspicueque
2898 4524 2967 4575 ob
3016 4521 3198 4573 oculos
3243 4532 3437 4586 prepo-

1886 4614 2042 4666 sitam
2078 4628 2331 4677 cernere;
2364 4613 2483 4665 ideo
2526 4615 2687 4679 ipsas,
2728 4620 2785 4662 ut
2847 4610 2925 4663 sic
2972 4610 3178 4678 loquar,
3225 4616 3438 4661 senten-

1878 4706 2069 4759 tiarum
2089 4704 2345 4757 medullas
2363 4718 2428 4756 ex
2444 4702 2638 4754 divinis
2656 4700 2783 4755 Novi
2804 4700 3130 4755 Testameuti
3147 4696 3438 4765 Scripturis

1882 4796 2163 4859 collectas,
2186 4796 2252 4849 ad
2284 4802 2519 4849 vestram
2554 4793 2607 4847 in
2655 4793 2819 4847 Deum
2862 4792 3118 4861 pietatem
3151 4789 3440 4844 mittendas

1882 4886 2209 4943 existimavi.
2260 4884 2376 4951 Qua
2438 4885 2689 4939 nimirum
2743 4883 2993 4937 breviter
3042 4893 3104 4932 ac
3166 4876 3435 4946 sigillatim

1883 4981 2044 5035 hasce
2075 4976 2402 5037 evolventes,
2434 4983 2669 5027 vestram
2699 4974 2749 5026 in
2778 4970 2965 5039 primis
3008 4976 3239 5021 mentem
3275 4965 3434 5019 etiam

1884 5083 2024 5124 nunc
2050 5068 2421 5129 cobonestare,
2453 5064 2644 5118 deinde
2701 5062 2766 5113 ad
2814 5058 3203 5129 aguoscendam
3236 5056 3435 5109 verita-

1884 5170 2013 5221 tem,
2060 5156 2179 5211 aliis
2226 5158 2633 5225 quibuscunqne
2682 5152 2852 5205 visum
2915 5148 3095 5209 fuerit,
3132 5145 3437 5212 adjumento

1884 5264 2005 5304 esse
2039 5262 2243 5301 necnon
2279 5244 2587 5315 apostolicis
2619 5240 2898 5308 pracouiis
2932 5237 3151 5306 perinde
3182 5250 3244 5287 ac
3274 5234 3436 5285 sertis

1884 5337 2201 5408 quibusdam
2251 5336 2425 5404 capita
2464 5340 2641 5387 vestra
2690 5328 2942 5383 redimire
2993 5323 3226 5393 possitis.
3254 5319 3434 5385 Quan-

1298 5620 1468 5674 Varim
1495 5619 1745 5671 lectiones
1767 5608 1963 5669 codicis
1994 5614 2343 5681 Segnieriani.

1217 5764 1243 5791 ιι
1273 5770 1369 5804 ουκ
1400 5763 1646 5815 ασχερες.

305 5761 325 5789 ⁵
358 5749 677 5822 αὐτοτελῶς.
760 5752 776 5784 ⁸
811 5751 1140 5817 παρήγγελε.

1723 5756 1748 5782 V
1776 5753 2188 5811 σινεσταλμενῳ.
