4056 6334
559 335 695 391 1219

1525 327 1582 384 S.
1625 323 1903 380 CYRILLI
1938 322 2404 379 ALEXANDRINI
2444 317 2763 377 ARCHIEP.

3655 309 3808 364 1920

559 447 841 517 doquidem
876 443 1098 515 copiosa
1141 456 1353 497 merces
1390 457 1453 498 ea
1499 443 1564 497 de
1604 457 1762 497 causa
1821 441 1968 494 reddi
1997 455 2124 494 con-

2245 438 2392 492 ιὺτοῦ
2425 439 2488 491 ὲκ
2521 436 2772 500 θανάτου,
2803 433 2896 488 καὶ
2919 431 3146 502 καλύψει
3180 430 3380 502 πλῆθος
3414 428 3732 500 ἁμαρτιῶν.
3781 444 3801 475 ι

559 541 731 595 suevit
765 557 778 593 :
811 538 1070 606 scriptum
1107 545 1191 590 est
1223 535 1364 589 enim
1394 551 1408 588 :
1441 551 1459 585 ι
1512 531 1612 599 Qui
1649 533 1885 587 converti
1929 532 2120 586 fecerit

562 640 895 702 peccatorem
939 630 1007 683 ab
1045 640 1231 682 errore
1287 627 1386 680 viae
1440 625 1831 690 suansalvabit
1889 625 2118 678 animam

561 725 673 793 ejus
690 738 717 776 a
737 730 928 784 morte,
946 733 999 776 et
1017 721 1221 789 operiet
1250 718 1639 772 multitudinem
1655 725 1995 786 peccatorum
2008 715 2074 770 ⁸³.
2095 733 2113 765 ι

564 814 728 868 Porro
776 822 952 866 autem
983 828 1104 866 cum
1138 810 1401 881 ejusmodi
1439 807 1723 863 sententiis
1772 805 2118 870 adducendis,

561 905 643 960 vel
684 905 990 958 earumdem
1039 917 1251 972 quoque
1301 898 1761 962 conclusionibus,
1790 897 2014 951 subinde
2036 895 2120 949 di-

563 996 698 1048 eturi
748 1010 951 1058 sumus,
1007 997 1146 1050 Deus
1203 995 1366 1065 igitur
1409 1004 1490 1047 est
1531 991 1934 1057 Christus;aut
1989 1004 2125 1043 unus

563 1103 689 1156 ergo
719 1086 886 1141 Filius
927 1097 981 1140 et
1009 1086 1269 1139 Dominus
1301 1094 1380 1137 est
1408 1083 1656 1138 Christus
1687 1100 1697 1134 :
1727 1097 1832 1135 non
1865 1095 1928 1135 eo
1962 1094 2123 1133 sensu

565 1178 615 1232 id
675 1179 920 1241 dicimus,
960 1193 1066 1246 quo
1122 1175 1231 1240 illi;
1278 1175 1430 1244 quasi
1495 1174 1748 1227 nimirum
1809 1171 2123 1225 Emmanuel

564 1270 850 1322 secundum
903 1267 1131 1335 gratiam
1186 1275 1392 1318 tantum
1455 1263 1617 1328 Deus,
1664 1275 1756 1316 aut
1817 1262 2003 1326 Filius,
2036 1270 2129 1314 aut

565 1357 822 1411 Dominus
847 1358 915 1409 sit
949 1356 1288 1420 nominatus;
1318 1363 1407 1407 aut
1426 1369 1522 1423 per
1547 1354 1790 1406 assiduos
1812 1366 2128 1421 progressus

564 1455 616 1499 et
660 1447 1008 1507 incrementa,
1051 1443 1269 1511 perinde
1302 1458 1364 1496 ac
1413 1458 1552 1496 unus
1599 1442 1866 1509 quispiam
1893 1456 1924 1494 e
1953 1441 2128 1494 medio

564 1551 723 1604 grege
745 1537 1018 1600 nostrique
1049 1532 1240 1587 similis
1282 1533 1441 1586 homo
1472 1531 1869 1595 sanetilicatns,
1905 1530 1971 1582 ad
2003 1530 2128 1582 illud

564 1626 742 1696 gloriae
769 1626 980 1680 culmen
1002 1623 1403 1678 conscenderit.
1433 1621 1630 1675 Verum
1658 1638 1822 1674 unum
1856 1622 1954 1675 hoc
1977 1620 2131 1673 insti—

2237 533 2326 586 Ἐν
2353 530 2410 583 δέ
2448 547 2512 598 γε
2540 532 2659 592 ταῖς
2689 527 2796 580 τῶν
2835 525 3050 580 ἐννοιῶν
3078 523 3383 594 εὑρέσεσιν,
3410 521 3525 591 ἦτοι
3569 536 3631 571 συ
3643 534 3806 598 μπεέ

2227 623 2521 694 ράσμασιν,
2550 619 2677 672 ὅταν
2705 618 2973 686 λέγωμεν,
3016 613 3147 675 Θεὸς
3187 609 3280 666 οὖν
3308 612 3415 681 ἀρα
3453 612 3481 663 ό
3526 608 3807 680 Χριστὸς,

2223 715 2389 784 ἤγουν
2432 706 2513 774 εἷς
2544 711 2650 780 ἄρα
2679 710 2706 760 ὁ
2736 709 2863 772 Υἱὸς
2904 708 2998 761 καὶ
3029 705 3233 776 Κύριος
3269 702 3472 771 Ἰησοῦς
3511 702 3766 771 Χριστός
3790 715 3804 727 ⁸

2225 806 2323 874 οὐχ
2363 803 2504 856 οὓτω
2548 801 2747 871 φαμὲν,
2789 800 2863 864 ὼς
2908 800 3124 860 ἐκεῖνοι,
3181 795 3311 848 Θεὸν
3347 792 3488 846 κατὰ
3528 793 3726 862 χάριν,
3772 790 3808 858 ἢ

2231 894 2381 958 Υἱὸν,
2440 892 2472 963 ἦ
2512 891 2712 963 Κύριον
2763 889 3071 960 ὠνομάσθαι
3113 887 3204 940 τὸν
3242 883 3610 955 Ἐμμανουήλ,
3649 883 3689 952 ἦ
3739 884 3808 932 ἐκ

2232 986 2513 1054 προκοπῆς
2534 1021 2549 1044 ,
2583 983 2616 1052 ἢ
2653 981 2944 1044 ἐπιδόσεως
2963 1020 2978 1045 ,
3012 982 3090 1043 είς
3116 977 3271 1032 τοῦτο
3302 975 3457 1046 δόξης
3483 974 3678 1038 ὲλθεῖν,
3723 973 3810 1036 ὡς

2241 1075 2338 1128 ἕνα
2366 1076 2458 1128 τὸν
2488 1074 2608 1127 καθ’
2631 1075 2775 1142 ἡμᾶς
2807 1072 2980 1126 κοινὸν
3007 1073 3098 1124 καὶ
3124 1068 3445 1140 ἡγιασμένοι
3470 1065 3769 1136 ἄνθρωπον
3790 1080 3806 1091 ·

2237 1167 2412 1218 έκεῖνο
2453 1165 2511 1217 δὲ
2557 1163 2774 1233 μᾶλλον,
2803 1164 2881 1216 ὅτι
2914 1161 3042 1223 Θεὸς
3073 1160 3147 1213 ὢν
3171 1162 3198 1212 ό
3223 1160 3392 1227 Λόγος
3411 1197 3426 1220 ,
3453 1151 3569 1209 εἶτα
3603 1153 3810 1214 καθεὶς

2228 1256 2418 1309 ἑαυτὸν
2445 1257 2524 1318 εἰς
2555 1255 2803 1318 κένωσιν,
2833 1255 2923 1306 καὶ
2953 1255 3009 1305 έν
3042 1251 3225 1304 δούλου
3275 1252 3450 1320 μορφῇ
3484 1246 3810 1312 καταϐεϐη-

2228 1347 2360 1412 κὼς,
2392 1347 2542 1399 οὐδὲν
2569 1343 2727 1418 ἧττόν
2759 1346 2874 1397 ἐστι
2900 1343 3031 1406 Θεὸς
3065 1342 3333 1412 ἀληθινὸς,
3365 1341 3456 1393 καὶ
3488 1338 3648 1418 φύσει
3683 1337 3809 1388 τῶν

2226 1437 2363 1490 ὅλων
2407 1416 2608 1508 Κύριος
2642 1437 2815 1497 ἔσται,
2855 1435 2946 1488 καὶ
2979 1434 3156 1504 μόνος,
3203 1433 3294 1485 καὶ
3329 1416 3508 1492 ίδικῶξ
3539 1429 3682 1491 Υἱός.
3725 1421 3805 1496 ⁷ῼ

2228 1530 2321 1583 καὶ
2346 1531 2502 1600 ἡμεῖς
2530 1526 2849 1599 συμμορφού
2859 1542 3008 1595 μενοι
3032 1523 3174 1576 κατά
3200 1523 3359 1592 χάριν
3384 1520 3481 1590 τὴν
3504 1519 3566 1572 δι’
3596 1517 3800 1580 αὐτοῦ,

2230 1621 2366 1692 πρὸς
2397 1621 2496 1691 τὴν
2527 1622 2623 1691 τῆς
2659 1619 2931 1682 υἱοθεσίας
2957 1614 3318 1685 ἀναϐαίνομεν
3351 1613 3524 1676 δόξαν.

567 1721 763 1775 luimus
796 1729 849 1774 et
871 1719 1331 1785 dicimus,nempe
1361 1716 1591 1770 Verbum
1650 1730 1771 1770 cum
1847 1716 1988 1769 Deus
2033 1724 2196 1777 esset,
2235 1716 2300 1767 ad
2355 1714 2797 1778 exinanitionem,
2838 1713 3193 1779 servilemque
3237 1709 3461 1762 formam
3520 1721 3576 1760 se
3623 1704 3810 1758 demi-

564 1807 699 1862 sisse
731 1823 793 1862 ac
823 1807 1196 1871 descendisse;
1226 1806 1299 1858 ita
1333 1814 1508 1858 tamen
1541 1814 1598 1858 ut
1644 1818 1801 1858 verus
1854 1803 2203 1859 nihilominus
2243 1805 2380 1859 Dens
2429 1821 2491 1858 ac
2550 1806 2840 1861 secundum
2888 1813 3134 1856 naturam
3193 1802 3562 1856 universorum
3616 1796 3810 1849 Domi-

575 1911 677 1950 nus
729 1895 1107 1966 permanserit,
1154 1894 1411 1962 solusque
1453 1903 1507 1947 et
1547 1893 1764 1962 proprie
1819 1893 1985 1948 Filius
2012 1911 2025 1948 :
2052 1893 2136 1948 cui
2175 1903 2347 1949 etnos
2402 1909 2617 1964 quoque
2675 1911 2770 1962 per
2818 1896 3047 1964 gratiam
3081 1892 3248 1962 ipsius
3281 1891 3706 1950 conformamur,
3744 1896 3808 1939 et

565 1987 629 2040 ad
650 1986 949 2057 adoptionis
981 1985 1203 2054 gloriam
1237 1983 1673 2038 conscendimus.

660 2077 771 2130 Xll.
823 2078 1087 2132 Caeterum
1143 2091 1336 2129 nomen
1397 2075 1519 2139 hoc,
1587 2073 1859 2139 Christus,
1886 2073 2126 2142 quidam,

2301 2071 2397 2127 IB'.
2431 2075 2637 2145 Ὀνομα
2662 2076 2717 2128 δὲ
2747 2075 3118 2144 τὸ,Χριστός,
3155 2075 3381 2144 πρέπειν
3414 2075 3532 2146 μὲν,
3551 2075 3650 2126 οὐκ
3679 2069 3808 2126 οἴδα

568 2167 749 2220 nescio
779 2166 1078 2235 quomodo,
1110 2164 1203 2218 Dei
1249 2163 1423 2218 Patris
1465 2163 1638 2217 Verbo
1690 2163 1850 2217 etiam
1889 2177 2130 2216 seorsum

569 2275 631 2315 ac
665 2277 756 2329 per
781 2276 860 2322 se,
895 2261 993 2314 hoc
1015 2269 1118 2323 est,
1168 2269 1225 2311 ut
1255 2268 1405 2312 extra
1448 2271 1666 2310 carnem
1697 2256 1926 2322 positum
1957 2262 2135 2307 mente

570 2351 888 2418 concipitur,
923 2348 1215 2402 convenire
1254 2355 1527 2408 asserunt,
1570 2360 1694 2398 mox
1738 2359 1866 2397 vero
1899 2345 1950 2396 in
1991 2344 2134 2395 illum

572 2457 786 2510 quoque
840 2441 1087 2494 similiter
1136 2438 1264 2492 illud
1318 2447 1626 2506 competere
1673 2433 2136 2502 eontendunt,qui

570 2548 637 2586 ex
661 2548 811 2587 sacra
847 2532 1066 2599 Virgine
1092 2539 1248 2584 natus
1269 2537 1371 2591 est,
1425 2539 1581 2598 prout
1610 2528 1697 2582 hic
1721 2542 1937 2596 quoque
1963 2540 2056 2594 per
2082 2540 2139 2579 se

572 2625 860 2694 separatim
917 2623 1212 2679 subsistere
1263 2621 1984 2689 considerathr:postremo
2026 2632 2141 2670 am-

577 2718 748 2771 bobus
806 2715 966 2770 simul
1023 2715 1246 2782 perinde
1292 2728 1355 2767 ac
1412 2714 1500 2765 uni
1549 2726 1844 2782 congruere
1897 2713 2137 2777 tradunt,

573 2808 778 2861 ratione
837 2806 1089 2859 nimirum
1128 2803 1550 2874 conjunctionis,
1582 2813 1642 2856 ut
1688 2803 1786 2871 ipsi
1825 2803 2137 2870 loquuntur,

574 2897 626 2952 in
656 2913 815 2951 unam
842 2898 959 2952 illos
986 2911 1268 2963 personam
1297 2895 1613 2963 colligentes
1639 2893 1657 2961 (
1687 2909 1807 2946 nam
1831 2909 1970 2947 verae
2002 2895 2141 2948 illius

576 2989 941 3057 naturalisque
997 2986 1233 3050 unionis,
1275 2985 1485 3038 etiamsi
1521 2999 1680 3035 unam
1714 2986 1852 3037 hanc
1891 2984 2134 3052 mysterii

576 3079 733 3148 hujus
768 3079 908 3131 viam
939 3077 1174 3144 planam,
1207 3084 1261 3129 et
1309 3075 1377 3128 ab
1421 3074 1566 3127 omni
1605 3088 1790 3127 errore
1821 3083 1988 3126 tutam
2019 3087 2144 3141 pro-

578 3169 806 3238 positam
851 3167 1107 3229 habeant,
1141 3165 1285 3219 nulla
1322 3165 1460 3234 apud
1513 3164 1631 3218 illos
1664 3164 1891 3218 habetur
1928 3165 2138 3233 ratio):

576 3269 630 3311 et
663 3259 773 3312 haec
803 3257 1009 3312 illorum
1040 3256 1294 3310 simulata
1321 3255 1590 3311 confessio
1624 3271 1726 3309 non
1780 3263 1861 3309 est
1908 3255 2139 3320 sincera,

577 3351 670 3403 sed
693 3352 794 3403 atri
832 3349 1021 3404 veneni
1058 3350 1473 3418 imposturaeque
1518 3348 1694 3416 plena.
1741 3345 1872 3400 Nam
1897 3363 2016 3400 cum
2063 3347 2142 3400 di-

577 3444 697 3495 vina
730 3443 1002 3510 Scriptura
1032 3441 1303 3495 Christum
1330 3440 1634 3504 nominans,
1662 3439 1839 3493 omnia
1866 3439 1938 3491 illi
1965 3439 2141 3492 divina
2174 3422 2214 3480 (λ

580 3530 894 3598 simpliciter
919 3529 1238 3600 54‘tribuat
1279 3529 1463 3598 (novit
1515 3528 1683 3591 enim,
1710 3529 1877 3589 novit,
1903 3529 2140 3596 inquam,

581 3620 692 3685 illa,
729 3622 817 3675 Dei
849 3621 1079 3676 Verbum
1117 3608 1170 3674 in
1233 3621 1466 3674 humana
1517 3619 1686 3673 forma
1737 3621 2047 3690 apparuisse
2092 3633 2146 3675 et

579 3726 795 3766 carnem
821 3713 1020 3767 factum
1059 3713 1203 3784 esse)
1231 3731 1246 3779 ;
1292 3713 1502 3767 illorum
1532 3721 1709 3768 autem
1764 3713 2065 3766 institutum
2095 3721 2148 3766 et

583 3819 795 3874 scepus,
829 3804 920 3876 qui
970 3806 1181 3859 diversa
1212 3805 1279 3858 ab
1318 3804 1403 3858 bis
1433 3804 1690 3869 sentiunt,
1726 3806 1798 3860 sit
1826 3804 2150 3873 persuadere

582 3911 701 3949 eum
727 3898 816 3965 qui
843 3913 908 3951 ex
943 3899 1166 3950 muliere
1203 3905 1358 3950 natus
1381 3904 1482 3961 est,
1507 3897 1777 3950 hominem
1827 3910 1946 3948 esse
1972 3910 2134 3947 unum

584 3988 1019 4055 quempiam,qui
1060 4003 1153 4054 per
1182 3987 1535 4050 incrementa,
1571 3997 1627 4040 ut
1656 3987 1790 4049 dixi.
1826 3994 1879 4040 et
1915 4001 2011 4055 per
2034 4000 2152 4054 pro-

2234 2166 2369 2230 πῶς,
2390 2167 2820 2222 διαὸεὸαιοῦνταί
2859 2185 3002 2231 τινες
3042 2168 3136 2221 καὶ
3187 2167 3369 2230 ίδικῶς
3407 2183 3468 2219 τε
3519 2169 3612 2219 καὶ
3662 2167 3810 2220 κατὰ

2239 2258 2423 2326 μόνας,
2453 2261 2542 2312 καί
2572 2260 2675 2324 ἔξω
2711 2260 2909 2330 σαρκὸς
2936 2259 3048 2312 ὸντι
3090 2276 3150 2311 τε
3186 2259 3279 2311 καὶ⁴
3323 2258 3595 2327 νοουμένῳ
3627 2256 3707 2327 τῷ
3740 2259 3811 2309 ὲκ

2236 2350 2370 2403 Θεοῦ
2399 2352 2552 2418 φύντι
2581 2350 2737 2421 Λόγῳ
2756 2368 2768 2380 ·
2803 2352 3033 2421 πρέπειν
3056 2352 3112 2405 δὲ
3140 2353 3341 2422 ὁμοίως
3367 2352 3461 2404 καὶ
3495 2350 3574 2420 τῷ
3606 2353 3671 2403 ὲκ
3701 2350 3812 2418 τῆς

2240 2441 2402 2507 ἁγίας
2429 2443 2704 2512 Παρθένου
2730 2444 3128 2513 γεγεννημένῳ,
3156 2443 3258 2496 κᾶν
3283 2444 3331 2495 εί
3351 2445 3520 2494 νοοῖτο
3544 2441 3814 2511 ὑπάρχων

2239 2535 2379 2588 κατὰ
2410 2535 2576 2605 μόνας
2603 2535 2682 2588 ἔτι
2710 2535 2804 2588 καὶ
2829 2535 2950 2587 καθ’
2973 2536 3164 2588 ἑαυτόν
3185 2553 3198 2565 ·
3227 2535 3320 2588 καὶ
3354 2535 3554 2603 τρίτως
3586 2533 3644 2585 δὲ
3674 2534 3815 2602 πρέ·

2239 2643 2360 2680 πειν
2413 2627 2634 2697 ἀμφοῖν,
2679 2628 2874 2680 ὡσανεὶ⁵
2913 2641 2939 2667 ι
2989 2626 3083 2679 τοῦ
3128 2627 3228 2696 τῆς
3275 2624 3572 2694 συναφείας
3619 2624 3812 2693 λόγου,

2239 2717 2486 2788 καθάπερ
2520 2718 2671 2770 αὐτοί
2714 2735 2895 2786 φασιν,
2931 2720 3007 2780 εἰς
3048 2718 3105 2770 ἒν
3136 2718 3330 2780 αὐτοὺς
3358 2719 3649 2784 πρόσωπον
3688 2732 3815 2767 συν-

2241 2807 2536 2869 εισδέοντες
2555 2815 2583 2854 J’
2607 2820 2622 2832 ·
2649 2807 2892 2869 ένὼσεως
2917 2807 3025 2877 γάρ
3051 2808 3150 2876 τῆς
3178 2806 3318 2859 κατὰ
3356 2805 3516 2874 φύσιν
3544 2805 3639 2858 καὶ
3674 2804 3814 2872 άλη-

2243 2894 2368 2957 θοῦς
2400 2895 2576 2958 οὐδεὶς
2601 2895 2753 2962 λόγος
2782 2897 2962 2957 αὐτοῖς
2983 2913 2996 2927 ο
3023 2896 3199 2948 καίτοι
3234 2894 3436 2963 ταύτην
3469 2895 3688 2964 ἔχοντος
3718 2893 3814 2945 τοῦ

2247 2988 2543 3056 μυστηρίου
2571 2988 2666 3053 τὴν
2702 2985 2818 3039 ὁδὸν
2851 2987 3013 3057 ὀρθὴν
3057 2988 3151 3040 καὶ
3182 2986 3621 3054 ἀπλανεστάτην·
3655 2985 3752 3038 καὶ
3781 2987 3816 3054 ἡ

2247 3073 2442 3142 σκῆψις
2483 3075 2662 3127 αὐτῶν
2707 3077 2805 3144 οὐχ
2851 3076 3036 3144 ἁπλῆ,
3092 3075 3316 3146 πικρίας
3356 3075 3413 3128 δὲ
3469 3073 3673 3144 μᾶλλον
3723 3075 3818 3127 καὶ

2245 3165 2459 3236 ἀπάτης
2533 3166 2899 3236 μεμέστωται.
2954 3167 3168 3236 Ἐπειδὴ
3217 3166 3397 3235 γάρὴ
3453 3165 3818 3228 θεόπνευστος

2244 3257 2434 3328 Γραφὴ
2476 3258 2708 3328 Χριστὸν
2738 3259 3098 3330 όνομάζουσα,
3132 3261 3307 3313 πάντα
3332 3259 3480 3330 αὑτῷ
3515 3259 3819 3330 προσνέμει

2247 3351 2314 3403 τά
2343 3350 2619 3421 θεοπρεπῆ
2666 3348 2813 3418 (οἶδε
2856 3354 2985 3423 γὰρ,
3035 3349 3143 3406 οἶδε
3183 3354 3240 3405 ὲν
3273 3352 3589 3423 ἀνθρωπεία
3626 3355 3818 3421 μορφῇ

2251 3442 2526 3511 πεφηνότα
2555 3444 2649 3496 καὶ
2681 3443 3094 3513 σεσαρκωμένον
3124 3445 3214 3498 τὸν
3246 3443 3379 3496 Θεοῦ
3417 3445 3647 3512 Λόγον),
3687 3462 3819 3495 σκο-

2250 3537 2349 3597 πὸς
2381 3535 2436 3587 δὲ
2471 3539 2583 3597 τοῖς
2627 3534 2792 3606 ’ἐτερα
2842 3536 2991 3606 παρά
3030 3536 3187 3588 τοῦτο
3233 3538 3443 3605 φρονεῖν
3480 3536 3780 3605 ᾑρημένοις
3803 3575 3817 3596 ,

2251 3627 2346 3678 καὶ
2375 3624 2550 3678 κοινὸν
2582 3623 2866 3692 ἄνθρωπον
2895 3623 3216 3691 ἀποφαίνειν
3243 3622 3331 3674 τὸν
3357 3624 3420 3674 ὲκ
3448 3621 3729 3689 γυναικὸς,
3762 3621 3823 3684 ἐξ

2249 3715 2560 3777 ἐπιδόσεως,
2596 3713 2669 3776 ὡς
2699 3715 2856 3784 ἔφην,
2880 3717 2972 3767 καὶ
3006 3715 3064 3779 ἐξ
3099 3715 3232 3776 ἰδίας
3255 3731 3314 3766 τε
3348 3714 3442 3766 καὶ
3468 3712 3821 3782 ἀνθρωπίνης

2251 3806 2454 3877 ἀρετῆς
2485 3804 2632 3869 ἄξιον
2675 3805 2865 3858 ἑαυτὸν
2899 3808 3324 3877 παραστήσαντα
3366 3805 3461 3858 τοῦ
3496 3806 3694 3876 χρῆναι
3735 3821 3823 3854 τι-

2257 3897 2460 3966 μᾶσθαι
2494 3897 2586 3950 καὶ
2611 3896 2867 3966 συναφείᾳ
2896 3897 3188 3967 προσώπου
3213 3900 3278 3968 τῇ
3311 3898 3444 3966 πρὸς
3473 3899 3559 3949 τὸν
3585 3899 3649 3948 ἐκ
3676 3894 3820 3947 Θεοῦ

2254 3987 2446 4055 Λόγον,
2481 3988 2574 4041 καὶ
2602 3989 2894 4041 ἀπόλεκτον
2920 3987 3172 4057 γενέσθαι
3204 3988 3345 4041 κατὰ
3377 3989 3705 4059 πρόγνωσιν.

591 4082 785 4148 priam,
827 4081 929 4135 hoc
973 4089 1053 4134 est
1089 4081 1374 4133 humanam
1435 4079 1683 4133 virtutem
1742 4079 1960 4149 dignum
2023 4094 2081 4136 se
2136 4080 2441 4148 praebuerit,
2485 4081 2576 4151 qui
2625 4083 2883 4136 honorem
2922 4095 3136 4151 quoque
3179 4079 3529 4134 connexionis
3559 4093 3679 4133 cum
3723 4076 3820 4131 Dei

589 4172 762 4228 Verbo
835 4181 1234 4241 assequeretur,
1302 4180 1357 4227 et
1413 4172 1604 4240 insigni
1683 4172 2155 4242 prmdestinatione
2193 4172 2502 4244 eligeretur.

655 4264 796 4319 Xlll.
836 4263 1040 4319 Idcirco
1088 4280 1281 4319 nomen
1329 4264 1447 4326 hoc,
1486 4263 1753 4328 Christus,
1778 4263 1877 4319 soli
1935 4278 2151 4333 quoque

594 4355 764 4410 Verbo
793 4357 934 4424 quod
961 4371 1024 4410 ex
1049 4355 1157 4410 Deo
1201 4356 1360 4409 Patre
1398 4364 1576 4409 ortum
1612 4366 1714 4420 est,
1739 4365 1798 4408 ut
1829 4355 2052 4409 seorsim
2086 4368 2153 4410 ac

589 4461 683 4514 per
721 4460 779 4499 se
804 4446 1097 4501 subsistere
1125 4447 1524 4512 consideratur,
1564 4445 1857 4500 convenire
1880 4453 2155 4499 asserunt.

591 4533 701 4590 Nos
730 4544 907 4589 autem
932 4536 1004 4589 ita
1031 4537 1235 4590 sentire
1271 4547 1364 4591 aut
1395 4537 1539 4606 loqui
1597 4551 1934 4605 nequaquam
1973 4536 2160 4591 didici-

596 4642 712 4680 mus
767 4647 778 4681 :
826 4627 1256 4695 quandoquidem
1311 4636 1436 4682 tunc
1491 4629 1721 4696 primum
1771 4628 2002 4682 Verbum
2034 4627 2157 4683 Jesu

2327 4265 2424 4317 Il".
2457 4265 2662 4318 Ἐκεῖνό
2704 4283 2885 4334 φασιν,
2921 4266 3000 4318 ὅτι
3019 4264 3099 4328 τὸ,
3131 4262 3590 4332 Χριστὸς,ὖνομα
3615 4260 3823 4330 πρέπει

2259 4356 2354 4408 καὶ
2390 4356 2556 4425 μόνῳ,
2601 4357 2694 4408 καὶ
2742 4357 2867 4426 ἰδίᾳ,
2916 4357 3009 4408 καὶ
3038 4355 3160 4407 καθ’
3189 4353 3378 4405 ἑαυτὸν
3405 4353 3676 4421 νοουμένῳ
3724 4351 3826 4402 καὶ

2254 4448 2548 4517 ὑπάρχοντι
2598 4445 2676 4514 τῷ
2729 4449 2791 4498 ὲκ
2849 4445 2982 4498 Θεοῦ
3030 4444 3241 4516 Πατρὸς
3284 4444 3585 4514 πεφηνότι²
3637 4442 3822 4509 Λόγῳ.

2265 4539 2457 4607 Ἡμεῖς
2499 4537 2555 4590 δὲ
2581 4537 2678 4606 οὐχ
2715 4537 2856 4588 οὕτω
2884 4536 3237 4606 δεδιδάγμεθα
3286 4537 3519 4607 φρονεῖν,
3550 4534 3582 4601 ἦ
3617 4533 3824 4596 λέγειν.

2261 4631 2391 4682 Ὅτε
2419 4629 2527 4699 γὰρ
2561 4629 2750 4696 γέγονε
2780 4626 2914 4699 σὰρξ
2943 4631 2969 4682 ό
2998 4629 3186 4696 Λόγος,
3221 4629 3341 4680 τότε
3376 4629 3469 4680 καὶ
3505 4624 3826 4694 ὠνομάσθαι

593 4717 788 4774 Christi
824 4719 1228 4789 appellationem
1251 4721 1495 4774 sortitum
1524 4721 1776 4784 dicimus,
1799 4736 1920 4774 cum
1957 4720 2140 4774 facturr

2265 4722 2443 4790 φαμὲν
2492 4719 2652 4773 αὑτὸν
2697 4719 2929 4788 Χριστὸν
2966 4717 3190 4788 Ἰησοῦν.
3233 4716 3446 4786 Ἐπειδὴ
3493 4714 3598 4784 γὰρ
3628 4713 3824 4781 κέχριο

595 4820 678 4862 est
727 4823 890 4874 caro;
938 4811 1199 4880 siquidem
1253 4813 1321 4866 oh
1370 4812 1418 4866 id
1447 4812 1698 4868 Christus
1757 4822 1996 4879 vocatur,
2031 4813 2155 4881 quia

595 4901 970 4957 cxsultationis
1027 4903 1166 4969 oleo,
1198 4905 1297 4958 hoc
1335 4915 1417 4958 esst
1475 4904 1678 4970 Spiritu
1713 4913 1922 4969 sancto,
1969 4920 1998 4958 a
2054 4904 2159 4958 Deo

600 4988 754 5042 Patre
784 4991 1056 5046 inunctum
1085 5004 1184 5049 est.
1213 4994 1363 5060 Quod
1391 5003 1568 5057 autem
1591 4994 1829 5047 inunctio
1849 4995 1935 5047 illa
1956 5008 2161 5048 assum-

600 5090 699 5147 ptie
747 5078 1093 5136 humanitatis
1145 5080 1354 5138 ratione
1415 5085 1489 5138 illi
1547 5083 1854 5147 conveniat,
1920 5085 1970 5137 id
2021 5084 2158 5154 apud

601 5180 745 5221 recte
798 5170 1087 5223 sentientes
1122 5173 1172 5224 in
1217 5176 1564 5242 qtuestionem
1602 5190 1707 5228 non
1753 5175 1936 5229 venit:
1965 5189 2086 5228 nam
2115 5177 2158 5229 si

602 5260 693 5313 Dei
728 5256 960 5312 Verbum
997 5259 1134 5313 Deus
1159 5273 1261 5327 est,
1294 5264 1436 5318 nulla
1474 5266 1656 5334 utique
1717 5266 1969 5320 unctione
2017 5266 2160 5319 indi-

671 5416 714 5444 ’⁵³
746 5413 857 5468 tlth.
891 5429 943 5478 ν,
971 5414 1062 5467 20.

2265 4829 2387 4866 σται
2443 4809 2520 4881 τῷ
2567 4809 2730 4880 ἐλαίῳ
2783 4810 2881 4878 τῆς
2932 4808 3322 4875 ἀγαλλιάσεως,
3378 4808 3494 4874 ἦτοι
3549 4803 3625 4871 τῷ
3682 4803 3825 4874 άγίῳ

2264 4902 2538 4970 Πνεύματι
2587 4901 2739 4971 παρὰ
2783 4897 2877 4950 τοῦ
2928 4896 3062 4949 Θεοῦ
3127 4897 3221 4949 καὶ
3265 4895 3509 4965 Πατρὸς,
3566 4890 3826 4961 ταύτητοι

2267 4992 2498 5063 Χριστὸς
2533 4991 2872 5060 ὀνομάζεται.
2902 4989 3026 5041 Ὅτι
3070 4988 3127 5041 δὲ
3160 4988 3289 5058 περὶ
3321 4987 3382 5038 τὸ
3419 4981 3753 5051 ἀνθρώπινον
3793 4986 3825 5053 ἡ

2269 5084 2467 5153 χρίσις,
2497 5083 2597 5135 οὐκ
2626 5082 2691 5135 ἂν
2723 5079 3011 5134 ὲνδοιάσειέ
3045 5097 3126 5142 τις
3157 5078 3268 5132 τῶν
3300 5075 3435 5144 ὀρθὰ
3460 5075 3673 5143 φρονεῖν
3700 5075 3824 5128 εἰω-

2269 5174 2472 5226 θότωνο
2517 5173 2605 5225 sla
2652 5171 2750 5242 μὲν
2782 5172 2887 5243 γὰρ
2931 5171 3062 5233 Θεός
3111 5173 3226 5222 ἐστι
3268 5166 3364 5218 καὶ
3402 5164 3590 5230 Λόγος,
3630 5163 3730 5217 οὐκ
3762 5165 3830 5217 ἂν

2268 5265 2459 5336 ἐδεήθη
2495 5264 2729 5336 χρίσεως
2759 5280 2771 5292 ·
2808 5264 2867 5316 οὐ
2899 5263 3007 5333 γάρ
3035 5275 3138 5313 που
3167 5257 3300 5330 φαίη
3334 5273 3416 5319 τις
3448 5254 3513 5311 ἂν
3545 5256 3826 5328 κεχρίσθαι

1656 5568 1829 5620 Variae
1854 5570 2108 5622 lectiones
2140 5569 2341 5621 codicis
2372 5569 2725 5635 Segnieriani.

681 5705 702 5731 ²
738 5698 935 5766 ἀμφοῖν
964 5701 1036 5762 ὡς
1059 5700 1157 5753 ἑνί.
1237 5708 1264 5748 θ’
1301 5699 1710 5759 συνεισδὲοντος.
1789 5710 1808 5734 κ
1837 5703 2163 5767 γεννηθέντι.

2243 5716 2267 5743 ὓ
2299 5705 2464 5765 ἴσως,
