4056 6334
175 403 310 454 ιεει

1293 406 1377 460 DE
1423 407 1650 463 RECTA
1695 408 1851 464 FIDE
1891 409 1980 462 AD
2023 408 2336 466 REGINAS.

3288 415 3425 470 £222

172 519 268 570 καὶ
297 518 557 585 ήγιάσοαι
591 519 675 573 τὸν
717 523 782 574 ἐκ
816 522 949 575 Θεοῦ
981 524 1152 591 Λόγον
1193 525 1268 594 τῷ
1307 527 1420 597 ἰδίῳ
1455 528 1740 596 Ιῐνεύματιη

1858 541 1964 599 get.
1993 529 2103 585 Nec
2131 531 2268 585 ullus
2310 545 2545 600 unquam
2577 531 2759 587 docuit
2789 529 2882 586 Dei
2932 529 3162 587 Verbum
3217 531 3423 604 Spiritu

170 609 244 670 ὡς
294 611 468 681 ἑτέρῳ
508 614 636 681 παρ’
672 615 834 667 αὑτὸν
876 615 974 686 τὴν
1016 617 1175 684 φύσιν
1232 619 1614 691 ὑπερκειμένη)
1653 620 1747 673 καὶ

167 701 484 771 προύχοντι.
519 724 535 755 ι
564 707 744 775 Χωρ“ις
776 707 883 776 γὰρ
916 711 1095 778 πάσης
1119 711 1424 779 ἀντιλογίας
1449 714 1506 766 τὸ
1531 714 1746 766 ἔλαττον

169 792 280 843 ὑπὸ
306 792 398 844 τοῦ
425 795 728 864 κρείττονος
758 800 1078 866 εύλογεῖται.
1104 821 1121 853 ι
1171 803 1390 874 Ἐπειδὴ
1418 804 1472 857 δὲ
1502 808 1616 868 τοῖς
1647 807 1744 869 τῆς

165 881 591 955 ἀνθρωπὸτητος
621 889 839 959 μέτροις
862 891 921 943 τὸ
940 893 1263 959 ἁγιάζεσθαί
1288 913 1345 948 τε
1376 896 1470 948 καὶ
1496 897 1744 967 χρίεσθαι

166 975 395 1042 πρέπει,
431 978 578 1030 πᾶσά
610 995 722 1041 πως
751 981 960 1052 ἀνάγκη
998 983 1231 1054 Χριστὸν
1266 985 1624 1055 ὀνομάζεσθαι
1653 987 1743 1039 τὸν

163 1064 233 1115 ὲκ
269 1065 403 1117 Θεοῦ
455 1067 662 1136 Λόγον,
709 1071 805 1140 οὐχ
848 1073 935 1124 ὅτε
971 1075 1174 1143 γυμνὸς
1209 1073 1275 1146 ἦν
1319 1077 1398 1129 ἔτι
1446 1079 1540 1130 καὶ
1593 1077 1744 1132 οῦπω

165 1161 613 1230 σεσαρκωμένος,
663 1164 778 1215 ἀλλ’
823 1165 910 1218 ὅτε
950 1169 1189 1236 γεγονὼς
1224 1169 1345 1222 καθ’
1384 1173 1551 1241 ἡμᾶς,
1583 1187 1740 1225 τουτ-

164 1253 317 1305 έστιν
346 1255 648 1324 ἄνθρωπος,
686 1259 907 1331 ἐχρίσοη
937 1261 1077 1315 κατὰ
1107 1262 1167 1314 τὸ
1191 1263 1548 1333 ἀνθρώπινον.
1579 1264 1738 1316 Ὥστε

160 1343 224 1393 τὸ
276 1346 526 1410 Χριστὸς
563 1347 731 1415 ὄνομα
779 1351 976 1419 πρέποι
1019 1352 1085 1403 ἂν
1132 1353 1250 1403 κατ’
1303 1354 1492 1406 οὐδένα
1539 1355 1738 1424 τρόπον

159 1435 320 1486 ούπω
360 1437 480 1488 καθ’
510 1440 655 1506 ἡμᾶς
685 1443 930 1508 γεγονότι
965 1442 1040 1513 τῷ
1079 1445 1140 1495 ὲκ
1169 1443 1301 1495 Θεοῦ
1338 1446 1547 1516 [ἰατρὸς
1579 1445 1739 1512 φύντι

159 1528 347 1595 Λόγῳ.
402 1530 462 1581 Ei
490 1530 544 1582 δὲ
571 1531 889 1601 ὀνομάζοιτό
933 1551 1036 1587 που
1069 1537 1302 1605 Χριστος
1326 1578 1338 1597 ,
1390 1539 1738 1608 ὲνανορωπή-

160 1618 339 1668 σαντά
371 1634 458 1684 μοι
488 1620 700 1689 νοήσεις
732 1623 923 1674 αὐτόν·
972 1624 1074 1676 κᾶν
1129 1627 1297 1692 Λόγον
1335 1628 1604 1699 ἀκούσῃς,
1645 1645 1741 1679 πε-

159 1709 490 1779 πραγμένης
529 1711 629 1780 ἤδη
659 1714 755 1782 τῆς
795 1715 1279 1787 ὲνανΘρωπήσεω;,
1315 1719 1412 1786 τῆς
1447 1718 1740 1786 ὲνωΟείσης

157 1805 312 1873 αύτῴ
345 1807 416 1874 μὴ
459 1808 855 1880 ἀμνημονήσῃς
895 1815 1262 1883 σαρκός.Ἀνά
1296 1815 1457 1883 μέρος
1483 1815 1538 1866 δὲ
1565 1813 1738 1884 τούτῳ

159 1897 405 1966 κάκείνῳ
437 1900 668 1966 πρέπειν
698 1903 904 1956 οἵεσΟαι
932 1909 1031 1974 τὴν
1066 1906 1267 1976 φωνὴν,
1314 1907 1572 1958 ἀσύνετον
1604 1925 1736 1959 ποιν-

155 1987 355 2053 τελῶς,
399 1990 595 2059 μᾶλλον
626 1993 688 2062 δὴ
712 1995 736 2032 ι)
766 1995 859 2046 καὶ
883 1996 1095 2047 ἀνόσιον
1127 1996 1158 2066 ἦ
1188 2000 1420 2066 φρονεῖν,
1473 1998 1504 2066 ἢ
1539 1997 1737 2064 λέγειν.

160 2077 261 2143 Εἷς
294 2081 402 2151 γὰρ
429 2082 636 2152 Κύριος
677 2083 880 2152 Ἰησοῦς
905 2087 1158 2154 Χριστὸς,
1185 2088 1277 2138 καὶ
1302 2088 1359 2139 ού
1390 2088 1736 2156 μεμέρισται,

159 2170 310 2222 καΟά
341 2176 432 2223 καὶ
457 2173 616 2234 αὐτὸς
649 2175 675 2225 6
702 2174 1010 2240 σοφώτατος
1043 2176 1315 2242 Παῦλο;,ὁ
1346 2178 1580 2248 Χριστὸν
1606 2179 1740 2246 ἔχων

158 2263 216 2313 ἐν
247 2263 450 2332 ἑαυτῷ,
476 2264 536 2315 τὸ
577 2265 720 2316 θεῖον
756 2266 904 2334 αὐτῷ
933 2267 1195 2319 λαλοῦντα
1227 2270 1545 2338 μυστήριον.
1568 2272 1741 2338 Προσ-

164 2352 430 2406 ῦαλοῦσαι
464 2355 517 2406 δὲ
547 2361 654 2416 τοῖς
693 2357 884 2424 ἐφεξῆς
918 2359 1228 2425 κεφαλαίοις
1255 2399 1267 2421 ,
1304 2359 1436 2427 εὑοῆ
1489 2361 1582 2412 καὶ
1634 2361 1740 2412 ἁπ-

157 2443 454 2512 εξεσμένον
503 2448 576 2507 εἰς
626 2446 881 2515 ἀλήθειαν
939 2449 1030 2501 τὸν
1074 2451 1204 2518 ἐμὸν
1255 2451 1516 2520 εὑρήσετε
1561 2451 1737 2518 λόγον.

156 2535 755 2605 Προδιαμαρτύρασθαι
798 2537 852 2588 δὲ
880 2532 1034 2606 οἶμαι
1077 2541 1296 2590 κάκεῖνο
1327 2541 1487 2591 καλόν
1509 2557 1521 2568 ·
1555 2539 1740 2608 ὥσπερ

157 2628 274 2694 γάρ
308 2626 456 2677 ἐστιν
489 2628 545 2678 ὲν
577 2625 789 2696 Θεότητι
813 2628 1016 2693 τέλειος
1051 2632 1078 2682 6
1124 2631 1186 2682 ἐκ
1214 2630 1346 2682 Θεοῦ
1389 2631 1598 2700 [Ἰατρὸς
1637 2631 1752 2682 Λό-’

156 2734 276 2783 γος,
311 2717 453 2769 οὕτω
484 2718 576 2769 καὶ
608 2720 664 2770 ἐν
691 2719 1070 2790 ἀνθρωπότητι
1102 2720 1305 2783 τέλειος
1328 2762 1339 2783 ,
1377 2722 1518 2773 κατά
1552 2738 1611 2788 γε
1654 2721 1742 2772 τὸν

153 2810 256 2878 τῆς
295 2811 711 2880 ἀνθρωπότητος
741 2812 897 2878 λόγον
919 2830 932 2842 ο
986 2815 1082 2865 οὐκ
1115 2814 1318 2883 ἄψυχον
1354 2815 1516 2881 σῶμα
1540 2812 1738 2871 λαϐὼν,

157 2903 514 2971 ἐψυχωμένον
535 2915 556 2940 ε
584 2903 639 2954 δὲ
679 2903 876 2972 μᾶλλον
907 2904 1051 2974 ψυχῇ
1083 2905 1296 2973 λογικῇ.
1317 2905 1370 2954 ’0
1397 2905 1450 2956 δὲ
1479 2904 1610 2963 Θεὸς
1634 2903 1742 2954 τῶν

155 2993 320 3053 ὅλων,
347 2996 373 3045 6
401 2997 510 3056 τοῖς
541 2994 829 3061 ἀγαπῶσιν
855 2998 1016 3050 αὑτὸν
1038 2999 1104 3049 τὰ
1137 2998 1194 3060 ἐξ
1219 2997 1446 3067 ούρανοῦ
1473 2997 1742 3064 διανέμων

157 3085 343 3152 ἀγαθὰ
368 3126 381 3143 .
416 3087 512 3149 τὰς
558 3088 708 3149 ὁσίας
737 3089 890 3158 ὑμῶν
936 3090 1215 3159 ὲμπλήσαι
1247 3089 1422 3158 ψυχὰς
1453 3091 1566 3149 τοῖς
1613 3088 1741 3157 παρ’

155 3174 356 3226 ἑαυτοῦ
391 3175 414 3211 ι¹
455 3177 818 3247 χαρίσμασιν·
871 3180 956 3232 ἵνα
1012 3183 1103 3232 καὶ
1151 3181 1228 3241 είς
1285 3179 1481 3249 μέτρον
1526 3179 1742 3247 ἡλικίας

154 3265 550 3320 ἀναϐαίνουσαι
581 3269 674 3320 τοῦ
701 3269 1064 3339 πληρώματος
1113 3268 1204 3320 τοῦ
1249 3268 1507 3337 Χριστοῦ,
1543 3268 1740 3320 εύκλεᾶ

156 3357 254 3408 καὶ
314 3357 594 3427 εὐδόκιμον
654 3361 752 3429 τὴν
816 3360 1146 3427 ἀξιάγαστον
1207 3361 1362 3430 ὑμῶν
1423 3361 1738 3431 ἀποφὴνητε

156 3447 330 3515 ζωὴν,
364 3448 513 3514 ἀγίαι
543 3450 750 3518 νύμφαι
783 3451 1038 3520 Χριστοῦ.

1853 637 1950 677 suo
1985 623 2260 677 innnctum
2289 633 2379 677 ant
2403 624 2794 678 sanctiﬁcatum
2821 639 2960 692 esse,
2990 625 3143 695 quasi
3165 626 3208 679 is
3226 641 3424 680 secun-

1854 716 1976 767 dum
2008 724 2253 767 naturam
2280 717 2345 768 ab
2378 715 2467 769 illo
2494 717 2564 768 sit
2585 716 2852 780 diversus,
2889 715 3134 784 superior
3160 725 3215 770 et
3244 718 3425 771 excel-

1853 805 2065 860 lentior.
2105 825 2122 856 ι
2171 805 2344 860 Minus
2379 822 2612 876 namque
2648 808 2766 861 sine
2792 809 2896 860 ulla
2929 810 3360 863 contradictione
3393 826 3425 864 ει

1852 897 2062 950 meliori
2101 911 2312 964 semper
2338 896 2760 950 benedicitur".
2799 917 2816 948 ι
2854 898 2989 963 Quia
3025 914 3153 967 ergo
3184 899 3426 952 sanctiﬁ-

1849 989 1993 1042 catio
2049 999 2103 1042 et
2146 989 2388 1041 innnctio
2447 989 2695 1042 humana:
2739 999 2950 1043 natura:
2980 990 3269 1043 humilitati
3298 1005 3426 1045 con-

1851 1087 2074 1149 gruunt,
2116 1081 2174 1132 lit
2202 1078 2696 1132 necessariontDci
2729 1077 2959 1134 Verbum
2992 1095 3096 1134 non
3129 1091 3236 1134 tum
3263 1080 3424 1135 Chri-

1849 1171 1917 1224 sti
1943 1172 2159 1224 nomine
2181 1171 2439 1223 donatum
2469 1170 2560 1234 sit,
2589 1185 2712 1224 cum
2732 1170 3037 1225 .cliamnum
3071 1173 3292 1235 nudum,
3324 1174 3425 1224 hoc

1848 1270 1954 1325 est,
1987 1263 2221 1314 nonduin
2282 1261 2619 1314 incarnatnm
2661 1270 2826 1325 esset,
2865 1263 2960 1314 sed
3019 1272 3145 1314 tunc
3181 1263 3422 1324 demum,

1848 1365 1968 1405 cum
1992 1367 2140 1404 more
2176 1362 2358 1404 nostro
2406 1350 2605 1404 factum
2638 1353 2818 1414 homo,
2846 1353 3140 1405 secundum
3175 1360 3422 1405 naturam

1849 1444 2140 1497 humanam
2186 1443 2460 1498 inunctnm
2515 1453 2600 1497 est
2635 1461 2646 1495 :
2683 1443 3042 1509 Quamobrem
3091 1459 3285 1497 nomen
3324 1444 3426 1496 hoc

1847 1534 2109 1600 Christus,
2136 1536 2274 1589 nulla
2341 1538 2547 1590 ratione
2578 1537 2727 1606 prius
2760 1536 2812 1588 in
2852 1534 2941 1591 Dei
2979 1536 3156 1590 Patris
3193 1535 3421 1589 Verbum

1846 1628 2217 1689 conveniebat,
2257 1644 2415 1696 quam
2453 1629 2688 1682 lmmano
2718 1642 2864 1680 more
2893 1637 3053 1696 atque
3085 1611 3241 1680 modo
3272 1627 3423 1695 geni-

1844 1730 1957 1771 tum
1986 1730 2150 1773 esset.
2185 1721 2334 1783 Quod
2361 1720 2404 1772 si
2443 1719 2687 1772 absolute
2727 1718 2922 1773 alicubi
2967 1719 3216 1772 Christus
3248 1718 3424 1771 nomi-

1850 1823 2025 1876 natur,
2047 1826 2168 1864 mox
2191 1812 2316 1866 illud
2335 1811 2672 1866 incarnalum
2694 1810 2963 1879 intelligas
2990 1827 3003 1867 :
3028 1815 3080 1867 et
3106 1813 3151 1865 si
3185 1809 3420 1866 Verbum

1778 1897 1815 1946 Β
1846 1900 2032 1953 audias
2060 1911 2272 1968 peracta
2306 1901 2414 1968 jam
2448 1899 2842 1963 incarnatione,
2875 1902 3036 1954 unita:
3096 1901 3192 1968 ipsi
3239 1901 3423 1955 carnis

1848 2006 1950 2042 non
1977 1992 2332 2044 obliviscztris.
2372 1991 2542 2044 Porro
2573 2001 2751 2044 autem
2783 1992 3032 2045 arbitrari
3069 2008 3249 2046 vocem
3282 1991 3424 2046 hanc

1845 2080 2082 2134 Christus
2108 2083 2332 2134 seorsim
2363 2081 2511 2148 huic,
2546 2090 2596 2134 et
2628 2081 2859 2134 seorsim
2901 2096 3084 2134 rursus
3116 2081 3186 2134 illi
3225 2095 3423 2134 conve-

1847 2175 1981 2237 nire,
2018 2174 2183 2236 istud,
2230 2173 2469 2239 inquam,
2507 2174 2710 2227 sentire
2745 2172 2829 2226 vel
2873 2173 3018 2240 loqui
3067 2172 3288 2227 stultum
3336 2181 3422 2225 est

1844 2265 2084 2327 omnino,
2110 2265 2217 2317 imo
2268 2279 2395 2317 vero
2431 2264 2676 2332 impium,
2717 2275 2772 2318 et
2809 2266 3111 2333 profanum.
3163 2263 3311 2320 Unus
3336 2275 3420 2317 est

1844 2357 1984 2407 enim
2027 2355 2283 2408 Dominus
2329 2354 2489 2408 Jesns
2527 2355 2807 2418 Christus,
2854 2369 2959 2408 non
2992 2356 3216 2419 divisus,
3248 2369 3423 2423 neque

1845 2448 2139 2511 dissectus;
2201 2447 2652 2514 quemadmodum
2710 2447 3146 2515 sapientissimus
3203 2446 3421 2511 Paulus,

1845 2539 1935 2605 qni
1975 2536 2252 2592 Christum
2285 2538 2336 2590 in
2384 2553 2442 2591 se
2481 2537 2722 2591 divinum
2763 2538 2862 2592 hoc
2896 2539 3210 2609 mysterium
3245 2540 3422 2593 reclu-

1846 2630 2056 2682 dentem
2085 2629 2337 2689 habebat,
2385 2628 2673 2682 manifeste
2709 2629 2864 2683 docet
2884 2628 2952 2683 ".
2991 2629 3186 2684 Verum
3230 2630 3296 2683 ad
3328 2646 3420 2682 ca-

1847 2723 1952 2787 pita
1985 2720 2175 2772 ordine
2208 2721 2422 2784 hicjam
2453 2721 2735 2786 sequentia
2769 2721 3007 2773 animum
3044 2723 3420 2789 adjungentes,

1844 2807 2140 2858 orationem
2193 2822 2365 2860 meam
2417 2817 2618 2859 rectam
2670 2807 2773 2876 55
2811 2818 2863 2861 et
2901 2809 2968 2862 ad
3003 2810 3248 2862 veritatis
3290 2825 3418 2862 nor-

1847 2915 1984 2949 mam
2045 2900 2506 2953 accommodatam
2563 2899 2930 2967 comperietis.
2983 2899 3418 2955 Consentaneum

1843 3001 1924 3042 est
1963 2999 2162 3054 autem,
2191 2993 2404 3059 opinor,
2457 3002 2514 3045 ιιι
2549 2991 2676 3046 illud
2727 3006 2940 3060 quoque
2978 2995 3078 3047 hoc
3126 2993 3243 3046 loco
3296 3009 3421 3059 pro-

1847 3093 2047 3148 tester;
2102 3094 2227 3152 puta
2284 3083 2374 3137 Dei
2409 3083 2588 3138 Patris
2629 3083 2862 3138 Verbum
2925 3102 3077 3156 :eqne
3122 3087 3417 3155 perfectum

1847 3174 2068 3242 suisque
2102 3174 2339 3226 numeris
2381 3175 2688 3227 absolutum
2727 3189 2849 3228 esse
2895 3176 2948 3229 in
2981 3177 3340 3242 humanitate,
3367 3188 3422 3230 ct

1849 3265 2142 3319 secundmn
2179 3265 2527 3320 humanitatis
2586 3266 2874 3332 rationem,
2910 3278 3072 3337 atque
3123 3269 3419 3336 perfectum

1846 3367 1929 3410 est
1959 3358 2009 3409 in
2049 3357 2351 3410 divinitate.
2386 3358 2521 3410 Tum
2559 3371 2754 3425 corpus
2793 3373 3008 3427 quoque
3035 3361 3176 3427 quod
3207 3376 3422 3414 assum-

1846 3450 1951 3517 psit
1986 3462 2088 3500 non
2129 3447 2424 3501 inanimum
2445 3464 2584 3513 esse,
2618 3450 2710 3505 sed
2735 3450 2911 3502 anima
2939 3451 3271 3520 intelligente
3302 3469 3423 3521 per-

157 3539 362 3592 fectum
392 3551 447 3594 et
485 3543 850 3595 informatum.
919 3542 1302 3597 Universarum
1365 3559 1543 3598 rerum
1588 3543 1766 3612 opifex
1849 3550 2144 3609 ant-torque
2192 3541 2330 3594 Deus
2385 3540 2624 3611 (sanctae
2682 3544 2881 3598 Christi
2938 3547 3184 3613 sponsae)
3234 3545 3325 3614 qui
3362 3559 3421 3597 se

157 3635 510 3706 diligentibus
528 3636 771 3688 cmlestia
801 3637 1284 3704 bonaimpertitnr,
1348 3638 1530 3691 beatas
1555 3638 1764 3690 animas
1807 3645 2015 3689 vestras
2047 3634 2163 3686 suis
2198 3633 2353 3687 donis
2394 3633 2634 3700 impleat,
2703 3651 2807 3703 quo
2859 3636 2911 3689 in
2955 3651 3259 3688 mensuram
3288 3649 3420 3690 aata-

161 3726 228 3778 tis
281 3727 630 3795 plenitudinis
715 3726 916 3779 Christi
979 3738 1386 3795 consurgentes,
1447 3729 1613 3781 vitam
1667 3725 1956 3796 gloriosam
2022 3724 2443 3792 probatamqne,
2499 3734 2553 3779 et
2615 3727 2759 3779 omni
2799 3725 3155 3779 admiratione
3203 3725 3418 3795 dignam

159 3818 405 3885 transiga
418 3817 502 3871 ris.

335 3951 519 4005 ΤΑΔΕ
558 3952 881 4004 ΕΝΕΣΤΙΝ
914 3951 1015 4004 ΕΝ
1057 3953 1219 4005 ΤΟῙΣ
1258 3952 1593 4027 ΕΦΕΞΗΣ.¹

235 4087 361 4140 ’Ὁτι
410 4085 542 4148 Θεὸς
592 4088 618 4138 6
669 4085 924 4156 Χριστὸς,
962 4084 1150 4137 ἐνώσει
1202 4087 1268 4155 τῇ
1304 4085 1439 4154 πρὸς
1477 4085 1566 4137 τὸν
1604 4084 1736 4136 Θεδν

159 4179 336 4245 Λόγον
361 4179 439 4239 είς
462 4176 559 4246 τὴν
579 4176 740 4228 αὑτοῦ
759 4175 913 4241 δόξαν
935 4175 1314 4238 ἀναϐαίνοντος
1337 4177 1429 4228 καὶ
1452 4174 1544 4227 τοῦ
1570 4191 1740 4246 προσ·

159 4267 461 4337 ληφθέντος
489 4266 639 4330 ναοῦ,
667 4269 728 4318 ὲκ
753 4266 858 4316 τῶν
886 4263 1277 4318 ἀποστολικῶν.

245 4359 344 4409 Ἐκ
380 4355 484 4408 τῶν
523 4357 821 4409 καθολικῶν
859 4356 1096 4426 ὲκλογὴο
1139 4357 1215 4418 είς
1253 4355 1313 4408 τὸ
1351 4356 1500 4408 αὐτό.

242 4451 344 4502 Ἐκ
381 4449 487 4501 τῶν
526 4449 891 4516 εύαγγελικῶν
931 4447 1166 4518 ἐκλογὴί
1211 4450 1290 4510 εἰς
1327 4447 1385 4499 τὸ
1422 4447 1569 4499 αύτὸ.

235 4542 362 4595 Ὅτι
392 4539 502 4610 ζωὴ
538 4541 630 4592 καὶ
662 4540 922 4601 ζωοποιὸς
953 4542 981 4592 6
1008 4539 1260 4607 Χριστὸς,
1293 4540 1356 4590 ὲκ
1402 4538 1509 4589 τῶν
1553 4535 1742 4606 κειμέ-

163 4655 271 4688 νων
309 4634 458 4704 παρά
488 4632 564 4702 τῷ
595 4632 876 4701 ἀποστόλῳ
912 4631 1130 4700 Παύλῳ,
1164 4629 1256 4681 καὶ
1294 4631 1350 4682 ὲν
1383 4631 1492 4690 τοῖς
1520 4630 1747 4681 ἀποστοο

163 4728 340 4790 λικοῖς
368 4728 620 4796 εὑρήσεις
643 4726 690 4777 ε.

235 4819 365 4870 ’Ὁτι
409 4817 487 4878 εἰς
535 4813 766 4883 Χριστὸν
818 4813 849 4882 ἡ
906 4811 1087 4872 πίστις
1129 4809 1202 4873 ὡς
1235 4811 1312 4873 εἰς
1339 4809 1492 4875 Θεὸν,
1530 4809 1595 4862 ὲκ
1637 4808 1745 4862 τῶν

166 4907 493 4970 καθολικῶν,
527 4908 617 4958 καὶ
646 4905 708 4956 ὲκ
739 4904 846 4957 τῶν
880 4904 1268 4973 εύαγγελικῶν.

243 5000 366 5051 ’Ὁτι
411 4997 524 5068 ζωὴ
566 4997 660 5049 καὶ
699 4996 1004 5066 ἱλαστήριον
1034 4997 1061 5048 6
1093 4993 1348 5063 Χριστὸς,
1386 4993 1605 5061 ὲκλογαὶ
1633 4991 1748 5045 διάο

169 5107 348 5160 φοροι.

237 5182 362 5233 Ὅτι
398 5181 424 5231 6
453 5177 687 5248 Χριστοῦ
734 5177 959 5239 Οάνατος
1007 5175 1085 5246 τῷ
1129 5175 1318 5246 κόσμῳ
1367 5177 1649 5246 σωτήριος,
1685 5175 1748 5228 ἐκ

170 5273 277 5326 τῶν
310 5267 684 5324 ἀποστολικῶν
715 5269 806 5321 καὶ
838 5264 1204 5335 εύαγγελικῶν
1235 5266 1475 5335 ὲκλογαί.

241 5445 289 5477 ⁸⁸
318 5444 485 5499 llebr.
522 5459 620 5507 vn,
662 5442 715 5497 7.
793 5443 836 5473 ³⁸
870 5441 1036 5498 lCor.
1065 5439 1104 5507 l,
1139 5440 1174 5493 2
1203 5455 1356 5510 seqq.

1850 3950 2022 4006 ILEC
2079 3951 2366 4006 INSUNT
2418 3952 2506 4008 IN
2557 3952 2664 4008 IIS
2718 3952 2890 4019 QU/E
2943 3955 3418 4021 SEQUUNTUH.

1917 4085 2068 4150 Quod
2112 4085 2360 4139 Chrisms
2395 4086 2463 4138 sit
2495 4087 2655 4147 Deus,
2705 4085 2899 4138 unione
2967 4089 3030 4143 ad
3078 4088 3243 4140 Deum
3297 4088 3422 4146 Ver-

1853 4179 1976 4231 bum
2024 4179 2353 4230 ascendente
2398 4178 2462 4230 ad
2513 4178 2630 4245 ejus
2676 4176 2899 4245 gloriam
2955 4180 3154 4247 templo
3203 4194 3420 4248 quoque

1847 4277 2146 4335 assumpto,
2184 4282 2247 4320 ex
2281 4267 2618 4333 apostolicis.

1920 4359 1998 4413 Ex
2031 4360 2316 4413 catholicis
2358 4361 2644 4414 sententiae
2673 4361 2725 4414 in
2761 4361 2923 4414 idem.

1931 4452 2005 4504 Ex
2039 4451 2368 4519 evangelims
2396 4453 2678 4505 sententiae
2714 4450 2764 4508 in
2798 4455 2960 4506 idem.

1917 4541 2066 4606 Quod
2098 4539 2350 4592 Christus
2385 4540 2454 4592 sit
2492 4541 2623 4605 vita,
2660 4551 2712 4594 et
2745 4543 3070 4601 vivificator,
3103 4553 3417 4610 argumenta

1845 4646 1906 4684 ex
1959 4629 2186 4697 apostoli
2224 4628 2374 4680 Pauli
2421 4629 2761 4698 aliorumque
2813 4630 3178 4698 apostolorum
3228 4631 3423 4686 litteris

1847 4722 2031 4790 petita.

1918 4811 2068 4876 Quod
2114 4810 2246 4862 ﬁdes
2281 4809 2350 4861 sit
2395 4809 2447 4862 in
2487 4808 2784 4875 Christum,
2833 4821 2887 4863 ut
2920 4812 2970 4864 in
3009 4811 3195 4874 Deum,
3228 4828 3290 4866 ex
3329 4827 3418 4868 ca-

1850 4897 2065 4954 tholicis
2098 4909 2151 4952 et
2179 4900 2530 4968 evangelicis.

1919 4990 2072 5056 Quod
2113 4992 2363 5044 Christus
2408 4993 2478 5044 sit
2508 4991 2613 5044 vita
2659 5003 2710 5045 et
2739 4994 3192 5061 pr0pitiatorium,
3227 4999 3419 5066 expla-

1851 5082 2095 5136 nationes
2127 5083 2309 5135 variae.

1921 5170 2072 5237 Quod
2108 5171 2310 5226 Christi
2339 5187 2484 5228 mors
2517 5173 2715 5227 mundo
2755 5175 3006 5229 salutaris
3037 5176 3327 5244 exstiterit,
3355 5193 3421 5231 ex

1855 5264 2170 5331 apostolicis
2201 5275 2255 5318 et
2288 5266 2614 5335 evangelicis
2651 5269 3048 5327 annotationes.

1247 5593 1419 5648 Variae
1445 5592 1702 5648 lectiones
1737 5590 1939 5646 codicis
1970 5590 2331 5660 Seguieriani.

250 5782 279 5823 δ
307 5781 384 5836 δέ.
465 5788 489 5819 ε
533 5777 943 5848 ἐμψνχωμένον.
1020 5777 1043 5815 ἀ
1083 5775 1276 5845 ἐαυτῷ.
1397 5786 1418 5811 ο
1453 5771 1690 5839 ἐκλογαί.

1775 5771 1792 5809 ί
1828 5771 2068 5840 ὲκλογαί.

2151 5775 2174 5812 ε
2197 5773 2283 5828 ῖσ.
2316 5774 2586 5845 εὑρέσεις.
