4056 6334
641 380 663 432 1
676 379 781 435 225

1635 382 1692 433 S.
1733 380 2008 433 CYRIHJ
2049 378 2512 435 ALEXANORINI
2552 377 2870 433 AliClllEP.

3728 378 3745 428 i
3758 377 3864 430 εει

638 493 791 560 Quod
845 491 1085 547 Christus
1145 497 1211 549 sit
1264 496 1422 558 Deus,
1467 511 1556 560 per
1602 494 1842 546 unionem
1903 493 1970 544 ad
2025 492 2181 546 Deum

2293 495 2413 546 Ὅτι
2460 493 2602 557 Θεὸς
2653 493 2686 546 ό
2734 490 3004 558 Χριστὸς,
3040 491 3250 547 ἐνώσει
3281 488 3354 559 τῇ
3397 488 3549 556 πρὸς
3579 488 3685 542 τὸν
3711 492 3867 560 θεῖε-3³

717 562 939 615 Verbum
987 570 1292 621 ascendente
1334 569 1400 617 ad
1433 565 1547 634 ejus
1582 564 1800 633 gloriam
1836 562 2025 629 templo
2059 580 2189 631 quo-

703 648 800 702 que
829 645 1120 704 assumpto.

1048 744 1134 800 Ex
1165 744 1380 815 epistola
1414 745 1481 794 ad
1508 742 1788 796 Romanos.

713 876 730 909 ι
759 856 958 913 Paulus
997 871 1182 914 servus
1218 853 1340 909 Jesu
1375 852 1599 915 Christi,
1635 861 1854 905 vocatus
1897 848 2189 919 apostolus,

634 959 945 1018 segregatus
980 949 1032 1002 in
1069 945 1416 1013 Evangelium
1451 943 1568 1008 Dei,
1595 943 1738 1013 quod
1769 953 1894 996 aute
1930 942 2191 1010 promise-

634 1051 717 1094 rat
752 1054 847 1107 per
897 1040 1187 1107 prophetas
1238 1049 1367 1092 suos
1407 1034 1463 1089 in
1512 1033 1810 1104 Scripturis
1865 1033 2087 1097 sanctis,
2122 1032 2190 1085 de

632 1129 767 1184 Filio
797 1143 914 1191 suo,
946 1127 1038 1195 qui
1071 1127 1249 1181 factus
1278 1134 1361 1182 est
1395 1125 1442 1180 ei
1469 1140 1536 1181 ex
1562 1125 1766 1180 semine
1799 1123 1963 1177 David
1993 1136 2188 1180 secun-

631 1220 758 1273 dum
798 1233 1054 1283 carnem;
1087 1216 1178 1286 qui
1218 1215 1641 1286 prmdestinatus
1673 1223 1756 1269 est
1794 1212 1960 1266 Filius
1994 1211 2088 1265 Dei
2128 1209 2181 1262 in

629 1309 738 1380 56
781 1309 1014 1372 virtute,
1075 1306 1369 1362 secundum
1431 1305 1690 1374 Spiritum
1743 1299 2190 1359 sanctificationis

627 1415 694 1455 ex
743 1393 1144 1453 resurrectione
1191 1407 1526 1452 mortuorum
1576 1394 1702 1449 Jesu
1748 1393 1944 1447 Christi
1979 1388 2186 1446 Domini

629 1491 799 1546 nostri
832 1491 903 1546 ".
934 1509 952 1540 ι
986 1490 1152 1558 Igitur
1174 1488 1218 1542 si
1244 1486 1554 1556 praedicatio
1577 1485 1642 1537 de
1665 1483 1879 1538 Christo
1906 1491 1983 1536 est
2016 1481 2188 1535 Evan-

627 1581 822 1649 gelium
852 1581 943 1635 Dei
968 1620 984 1645 ,
1025 1579 1290 1647 quomodo
1316 1576 1566 1630 Christus
1600 1590 1704 1628 non
1736 1585 1818 1628 est
1849 1575 2020 1630 Deus?
2045 1573 2186 1627 Rur-

626 1683 743 1721 sum
793 1668 837 1721 si
889 1681 1081 1720 omnes
1128 1665 1347 1720 omnino
1397 1665 1670 1732 prophetae
1714 1664 1778 1716 ad
1818 1666 1991 1733 ipsum
2032 1662 2184 1731 quasi

626 1759 692 1812 ad
738 1773 961 1828 scopum
1008 1757 1307 1821 collimant,
1343 1757 1643 1823 divinaeque
1691 1755 1988 1823 Scriptura:
2035 1756 2181 1810 illum

2367 568 2556 632 Λόγον
2575 566 2660 628 εἰς
2690 562 2804 626 τὴν
2826 560 3010 632 αὑτοῦ
3042 562 3229 625 δόξαν
3259 558 3692 623 ἀναϐαίνοντος
3710 558 3735 597 ιι
3763 561 3863 610 καὶ

2365 629 2472 688 τοῦ
2497 629 2988 702 προσληφθέντος
3018 631 3190 686 ναοῦ.

2673 744 2772 797 Ἐκ
2809 740 2918 810 τῆς
2943 741 3104 808 ’πρὸς
3143 744 3473 813 Ῥωμαίους.

2372 876 2388 910 ι
2408 858 2618 920 Παῦλος
2644 857 2825 921 δοῦλος
2848 855 3020 927 Ἰησοῦ
3043 857 3295 926 Χριστοῦ,
3313 859 3509 928 κλητὸς
3534 860 3858 923 ἀπόστολος,

2293 949 2672 1022 ἀφωρισμένος
2702 951 2780 1012 εις
2809 947 3135 1016 Εὑαγγέλιον
3155 948 3308 1014 Θεοῦ,
3335 949 3362 1002 δ
3385 954 3863 1022 προεπηγγείλατο

2291 1039 2381 1092 διὰ
2417 1041 2527 1094 τῶν
2571 1039 2860 1111 προφητῶν
2898 1037 3061 1091 αὐτοῦ
3109 1038 3166 1090 ἐν
3212 1038 3454 1108 Γραφαῖς
3482 1043 3687 1111 ἁγίαις,
3731 1045 3864 1112 περὶ

2291 1128 2385 1183 τοῦ
2415 1130 2544 1184 Υίοῦ
2574 1129 2759 1194 αὑτοῦ,
2793 1126 2886 1182 τοῦ
2921 1127 3212 1197 γενομένου
3244 1128 3308 1180 ἐκ
3340 1129 3650 1199 σπέρματος
3691 1131 3862 1184 Δαυῒδ

2293 1219 2432 1271 κατά
2466 1221 2674 1291 σάρκαο
2709 1219 2799 1275 τοῦ
2835 1217 3137 1288 ὁρισθέντος
3172 1217 3302 1270 Υῐοῦ
3349 1219 3482 1272 Θεοῦ
3523 1224 3579 1274 ἐν
3623 1223 3860 1291 δυνάμει

2291 1309 2432 1362 κατά
2482 1312 2705 1381 Πνεῦμα
2754 1309 3078 1380 ἁγιωσύνης,
3127 1308 3186 1373 ἐξ
3231 1311 3569 1374 ἀναστάσεως
3616 1315 3857 1383 νεκρῶν,

2303 1399 2476 1468 Ἰησοῦ
2507 1401 2742 1471 Χριστοῦ
2788 1400 2880 1454 τοῦ
2931 1400 3130 1471 Κυρίου
3161 1398 3336 1470 ἡμῶν.
3370 1419 3388 1450 ›
3422 1399 3650 1462 Οὐκοῦν,
3687 1402 3858 1472 εἴπερ

2289 1487 2436 1539 ἐστὶν
2483 1489 2810 1558 Εὑαγγέλιον
2849 1489 2982 1544 Θεοῦ
3027 1490 3088 1543 τὸ
3128 1489 3256 1560 περὶ
3286 1489 3518 1558 Χριστοῦ
3563 1491 3856 1560 κήρυγμα,

2289 1578 2405 1642 πῶς
2433 1580 2493 1631 οὐ
2529 1579 2658 1644 Θεὸς
2689 1583 2717 1633 ὁ
2745 1583 3006 1651 Χριστόςς
3041 1582 3150 1636 Καὶ
3193 1582 3240 1634 εἰ
3286 1581 3465 1648 πάσης
3513 1582 3861 1651 προφητείας

2289 1669 2375 1723 ἐπ’
2409 1669 2538 1722 αὐτὸ
2583 1669 2882 1740 βλεπούσης
2916 1673 3104 1742 πέρας,
3141 1671 3234 1725 καὶ
3278 1669 3405 1722 Υἱὸν
3448 1669 3538 1723 τοῦ
3572 1671 3702 1723 Θεοῦ
3757 1688 3862 1739 κη-

2294 1759 2570 1830 ρύττουσιν
2613 1761 2668 1812 αἱ
2700 1760 2911 1830 Γραφαὶ
2938 1763 3027 1815 τὸν
3076 1763 3140 1814 ἐκ
3191 1760 3498 1830 σπέρματος
3525 1760 3702 1822 Δαυῒδ,
3746 1761 3859 1813 κᾶν

626 1850 822 1918 ipsum,
856 1849 947 1918 qui
995 1863 1061 1902 ex
1107 1849 1315 1902 semine
1349 1847 1515 1900 David
1563 1857 1715 1900 ortus
1747 1855 1850 1909 est,
1877 1861 2180 1914 quanquam

2288 1848 2514 1919 ὡρίσθαι
2537 1847 2747 1916 λέγοιτο
2786 1851 2928 1903 κατὰ
2953 1851 3176 1922 Πνεῦμα
3208 1848 3513 1918 ἁγιωσύνης
3546 1850 3633 1902 διὰ
3659 1850 3721 1902 τὸ
3753 1853 3859 1918 τῆς

626 1951 845 2009 propter
877 1940 1272 1995 incarnationis
1315 1939 1634 2008 mysterium
1661 1937 1953 1992 secundmn
1985 1939 2184 1992 sancti-

624 2029 890 2084 ﬁcationis
934 2029 1189 2098 Spiritum
1242 2029 1652 2098 prmdestinatus
1704 2029 1935 2092 dicatur,
1990 2027 2182 2082 Filium

621 2121 714 2176 Dei
767 2121 1084 2190 praedicant,
1137 2136 1244 2190 quo
1278 2130 1438 2190 pacto
1484 2134 1590 2172 non
1643 2128 1726 2172 est
1773 2135 1931 2174 verus
1978 2115 2180 2184 Filius;

622 2214 855 2266 maxime
893 2227 1022 2266 vero
1069 2228 1189 2266 cum
1221 2226 1316 2282 per
1351 2212 1802 2265 resurrectionem
1849 2227 1913 2264 ex
1961 2212 2185 2266 mortuis

2287 1936 2747 2006 ἐνανθρωπήσεως
2777 1941 3090 2010 μυστήριον·
3118 1939 3231 2001 πῶς
3259 1939 3352 2006 οὐχ
3375 1937 3497 1999 Υἱὸς
3527 1937 3764 2007 άληθῶς,
3793 1941 3859 1990 ἐκ

2285 2028 2383 2096 τῆς
2423 2028 2529 2079 τῶν
2557 2028 2764 2099 νεκρῶν
2793 2030 3137 2094 ἀναστάσεως
3171 2027 3641 2100 μαρτυρούμενος
3687 2029 3861 2099 Ἐτή·

2286 2136 2474 2189 γερται
2507 2119 2615 2188 γὰρ
2643 2119 2743 2172 οὐκ
2772 2119 3054 2192 ἄνθρωπος
3085 2121 3258 2183 κοινὸς
3290 2119 3409 2173 καθ’
3437 2121 3601 2189 ἡμᾶς,
3633 2120 3749 2173 ἀλλ’
3778 2121 3859 2182 ὡς

2288 2211 2518 2265 Θανάτου
2555 2211 2840 2282 κρείττων,
2875 2213 3008 2265 καθὸ
3035 2214 3129 2266 καὶ
3154 2213 3264 2280 ζωὴ
3295 2213 3386 2264 καί
3413 2211 3564 2276 Θεός.
3739 2231 3744 2235 ·

621 2307 843 2364 evidens
875 2307 1240 2363 testimonium
1270 2307 1499 2361 habeat?
1530 2304 1714 2373 Neque
1779 2307 1924 2360 enim
1984 2307 2035 2359 iu
2069 2309 2230 2360 vitam
2292 2308 2646 2360 resuscitatus
2701 2314 2785 2359 est
2838 2315 2897 2360 ut
2945 2322 3082 2363 unus
3133 2309 3396 2377 quispiam
3457 2305 3615 2360 homo
3670 2309 3852 2361 uoswi

620 2398 845 2460 similis,
903 2399 997 2453 sed
1053 2407 1307 2466 tanquam
1357 2406 1529 2451 morte
1581 2408 1860 2464 superior,
1910 2406 2176 2465 quatenus
2217 2395 2467 2449 nimirum
2496 2398 2600 2450 vita
2635 2405 2796 2451 estet
2826 2395 2982 2450 Deus.

692 2492 768 2545 De
804 2489 888 2545 his
936 2491 1027 2560 qui
1071 2490 1349 2546 Creatoris
1393 2493 1510 2546 loco
1552 2501 1856 2546 creaturam
1907 2492 2179 2548 adorant:

626 2603 644 2634 ι
680 2584 812 2648 Quia
863 2596 986 2636 cum
1034 2583 1415 2651 cognos'issent
1445 2584 1634 2647 Deum,
1678 2599 1781 2636 non
1830 2584 1967 2636 sicut
2013 2584 2177 2637 Deum

629 2677 1082 2744 gloriﬁcaverunt,
1108 2686 1197 2728 aut
1220 2675 1417 2741 gratias
1438 2684 1698 2742 egerunt;
1727 2677 1819 2730 sed
1842 2685 2177 2730 evanuerunt

619 2766 672 2817 in
708 2762 1123 2833 cogitationibus
1158 2763 1290 2825 suis,
1336 2771 1389 2816 et
1419 2765 1764 2818 obscuratum
1797 2773 1878 2818 est
1916 2764 2176 2832 insipieus

2362 2492 2496 2560 Περὶ
2525 2490 2631 2544 τῶν
2660 2488 3100 2561 προσκυνούντων
3129 2492 3193 2561 τῆ
3226 2491 3398 2544 κτίσει
3430 2492 3577 2562 παρά
3609 2492 3701 2544 τὸν
3727 2492 3857 2546 κτίο

2290 2601 2454 2636 σαντα
2470 2598 2488 2627 .·
2540 2601 2558 2634 ι
2585 2581 2726 2634 Διότι
2760 2580 2977 2648 γνόντες
3003 2579 3094 2632 τὸν
3126 2580 3275 2641 Θεὸν,
3318 2583 3413 2650 οὐχ
3459 2582 3533 2645 ὡς
3571 2583 3704 2635 Θεὸν
3730 2583 3857 2636 ἐδέ-

2287 2675 2474 2739 ξασαν,
2504 2674 2536 2744 ἢ
2566 2673 2986 2743 εὐχαρίστησαν,
3037 2671 3151 2724 ἀλλ’
3183 2672 3618 2742 ἐματαιώθησαν,
3648 2674 3709 2727 ἐν
3737 2678 3857 2737 τοῖς

2282 2764 2646 2834 διαλογισμοῖς
2673 2763 2872 2830 αὐτῶν,
2905 2764 2996 2816 καὶ
3028 2763 3312 2832 ἐσκοτίσθη
3339 2765 3372 2834 ή
3397 2763 3648 2828 ἀσύνετος
3672 2763 3855 2818 αὐτῶν

620 2870 714 2908 cor
735 2870 941 2909 eorum.
976 2853 1227 2906 Diceutes
1257 2853 1398 2907 enim
1444 2868 1502 2906 se
1543 2867 1661 2908 esse
1703 2855 1998 2923 sapientes,
2032 2855 2179 2909 stulti

2288 2857 2507 2927 καρδία·
2570 2857 2870 2925 φάσκοντες
2921 2851 3057 2910 εἷναι
3117 2855 3307 2925 σοφοὶ,
3366 2857 3789 2928 ἐμωράνθησαν.
3830 2878 3849 2908 ι

620 2944 744 2996 facti
769 2951 893 2995 sunt
918 2940 984 2995 ⁸’.
1019 2958 1036 2991 ι
1077 2940 1281 2993 Scribit
1317 2941 1455 2994 idem
1486 2940 1682 2995 Paulus
1722 2942 1845 2995 alibi
1883 2944 1970 3006 iis,
1999 2944 2088 3012 qui
2113 2958 2181 2997 ex

2288 2951 2484 3020 Γράφει
2513 2967 2614 3001 που
2643 2948 2850 3011 Παῦλος
2879 2950 2990 3012 τοῖς
3020 2947 3076 3013 ἐξ
3103 2947 3268 3000 ἐθνῶν
3294 2947 3671 3017 κεκλημένοις,
3698 2965 3856 3001 τουτ-

619 3033 867 3100 gcutihus
897 3030 1072 3084 vocati
1104 3028 1342 3096 fuerunt,
1375 3031 1476 3085 hoc
1515 3040 1597 3086 est
1631 3032 1805 3095 nobis,
1836 3033 1938 3087 hoc
1977 3034 2136 3088 modo
2163 3051 2177 3089 :

2282 3041 2428 3094 ἐστιν
2462 3042 2620 3110 ἡμῖν·
2656 3059 2673 3091 t
2704 3040 2839 3092 Νυνὶ
2874 3040 2930 3092 δὲ
2962 3039 3178 3107 γνόντες
3206 3039 3358 3104 Θεὸν,
3390 3039 3588 3108 μᾶλλον
3619 3040 3677 3092 δὲ
3709 3056 3853 3106 γνω·⁵

624 3139 643 3171 ι
672 3118 825 3173 Nunc
861 3128 1038 3172 autem
1067 3134 1188 3172 cum
1219 3120 1582 3189 cognoveritis
1607 3121 1794 3188 Deum,
1831 3123 1938 3178 imo
1966 3125 2177 3191 coguoti

2288 3106 2634 3193 σθέντεςὺπὸ
2663 3129 2817 3182 Θεοῦ.
2852 3147 2871 3179 ι
2916 3106 3047 3180 Τίνα
3078 3128 3254 3180 τοίνυν
3281 3106 3598 3198 ἐγνώκαμεν
3631 3129 3721 3181 διά
3752 3128 3856 3197 τῆς

619 3212 738 3266 sitis
782 3226 810 3263 a
851 3209 960 3264 Deo
985 3210 1050 3262 ⁸⁸.
1089 3227 1109 3262 ι
1162 3208 1331 3275 Quem
1387 3210 1614 3265 obsecro
1669 3212 1831 3266 alium
1878 3229 1972 3283 per
2020 3216 2176 3269 fidem

620 3301 987 3370 cognovimus,
1028 3300 1125 3354 nisi
1175 3301 1347 3368 ipsum
1377 3316 1600 3370 prorsus
1628 3302 1810 3358 Jesum
1863 3305 2174 3360 Christum?

621 3394 799 3456 Quare
846 3391 890 3444 si
927 3389 1073 3444 illum
1130 3400 1186 3442 ut
1215 3390 1380 3444 Deum
1422 3395 1788 3459 cognovimus,
1825 3404 1880 3448 et
1924 3405 1980 3448 ut
2015 3395 2179 3451 Deum

623 3483 804 3541 debito
829 3483 1034 3538 honore
1062 3483 1458 3552 prosequimur,
1487 3498 1614 3536 vere
1642 3483 1922 3537 illuminati
1954 3500 2137 3539 sumus
2164 3503 2177 3538 :

620 3577 704 3629 sin
754 3586 932 3629 autem
977 3576 1120 3631 illius
1153 3576 1378 3644 gloriam
1421 3585 1806 3644 permutamus,
1860 3576 2050 3628 merito
2081 3591 2179 3631 uos

621 3669 722 3735 ipsi
775 3683 988 3736 quoque
1061 3669 1111 3720 in
1175 3667 1376 3721 nostris
1429 3667 1851 3736 cogitationibus
1896 3669 2181 3722 evanuisse

618 3758 1092 3826 deprehendimur.
1144 3756 1277 3810 Nam
1329 3759 1374 3810 si
1419 3771 1546 3810 vere
1593 3759 1643 3810 in
1691 3757 1839 3810 illum
1883 3759 2181 3826 credimus,

619 3847 806 3915 utique
845 3855 1100 3916 tanquam
1143 3847 1196 3900 in
1225 3847 1392 3900 Deum
1440 3847 1492 3900 in
1526 3846 1672 3899 illum
1716 3849 2010 3903 credimus.
2043 3849 2184 3902 Alio-

620 3937 711 4005 qui
733 3938 876 3992 enim
905 3938 1078 3992 modis
1097 3937 1352 3992 omnibus
1376 3936 1535 3991 fateri
1557 3948 1851 4005 oporteret,
1877 3953 1975 3993 nos
1998 3940 2186 3993 etiam-

2287 3223 2542 3284 πίστεως,
2571 3221 2603 3290 ἢ
2639 3220 2856 3282 πάντως
2884 3218 3116 3289 Χριστὸν
3153 3219 3388 3287 Ίησοῦνς
3430 3219 3641 3272 Οὐκοῦν
3673 3222 3725 3272 εἰ
3754 3221 3857 3289 μὲν

2285 3311 2359 3374 ὼς
2391 3310 2521 3364 Θεὸν
2552 3309 2890 3378 ἐγνώκαμεν,
2934 3308 3028 3362 καὶ
3052 3308 3127 3370 ὡς
3154 3308 3288 3360 Θεὸν
3317 3306 3630 3378 δοξάζομεν,
3664 3326 3855 3375 πεφω-

2287 3395 2516 3464 τίσμεθα
2545 3395 2686 3448 κατά
2715 3395 3002 3465 ἀλήθειαν·
3034 3397 3080 3447 εί
3109 3395 3163 3447 δὲ
3191 3395 3525 3464 ἀλλάσσομεν
3549 3397 3722 3450 αὐτοῦ
3754 3397 3855 3466 τὴν

2287 3486 2470 3552 δόξαν,
2502 3485 2932 3555 μεματαιώμεθα
2959 3486 3051 3538 καὶ
3079 3487 3237 3556 ἡμεῖς
3267 3488 3322 3538 ἐν
3346 3489 3455 3556 τοῖς
3483 3487 3857 3558 διαλογισμοῖς

2287 3578 2461 3646 ἡμῶν.
2494 3578 2555 3628 El
2588 3577 2691 3647 γὰρ
2719 3576 2854 3639 ὅλως
2884 3575 3323 3645 πεπιστεύκαμεν
3350 3579 3427 3640 είς
3458 3577 3640 3640 αὑτὸν,
3666 3579 3744 3642 ὡς
3774 3582 3856 3643 εἰς

2284 3666 2412 3718 Θεὸν
2465 3667 2888 3736 πιστεύομεν.“Η
2936 3666 3117 3735 δεήσει
3155 3668 3332 3736 πάντη
3384 3684 3440 3720 τε
3490 3668 3582 3720 καὶ
3632 3671 3854 3733 πάντως

2283 3756 2580 3825 ὁμολογεῖν,
2609 3758 2690 3808 ὅτι
2718 3758 2830 3819 τοῖς
2872 3755 2971 3824 τῆς
3011 3755 3242 3825 ἀρχαίας
3280 3755 3491 3825 ἀπάτης
3519 3759 3615 3810 καὶ
3641 3757 3739 3810 νῦν
3769 3761 3852 3811 ἐν·

2290 3847 2558 3917 ισχήμεθα
2593 3845 2827 3916 βρόχοις,
2859 3845 3129 3915 ἀνθρώπῳ
3164 3847 3324 3915 κοινῷ
3355 3848 3453 3916 τὴν
3476 3847 3662 3900 πίστιν
3685 3866 3855 3919 προσ·-

2287 3940 2526 4006 άγοντες.
2545 3939 2682 3990 Ἀλλ’
2708 3937 2849 3990 οὕτω
2877 3937 2938 3990 τὸ
2966 3937 3162 4007 ἀληθές
3188 3939 3230 3991 ί.

623 4043 751 4081 num
796 4028 962 4096 prisci
1004 4027 1209 4081 erroris
1275 4025 1482 4096 laqueis
1526 4027 1774 4081 irretitos
1804 4028 2000 4092 teneri,
2035 4035 2217 4096 utpote
2257 4029 2307 4080 in
2345 4040 2686 4080 communem
2747 4025 3019 4080 hominem
3052 4026 3350 4082 credentes.
3407 4028 3476 4082 At
3515 4039 3620 4082 n0n
3654 4030 3728 4084 ita
3764 4045 3852 4084 res

633 4121 816 4174 habeL

695 4228 714 4260 ι
751 4209 817 4262 Ει
849 4207 989 4263 sicut
1015 4223 1119 4262 non
1151 4218 1521 4277 pronaverunt
1564 4208 1732 4262 Deum
1765 4208 1961 4263 habere
1990 4209 2042 4262 in
2078 4223 2175 4263 no-

621 4299 759 4363 titia,
802 4299 1024 4352 tradidit
1066 4314 1161 4353 eos
1211 4300 1352 4353 Deus
1394 4300 1447 4354 in
1498 4301 1786 4369 reprobum
1832 4315 2071 4364 sensum,
2119 4307 2177 4352 ut

2366 4228 2383 4259 ‹
2413 4209 2520 4261 Καὶ
2569 4206 2747 4270 καθὼς
2790 4207 2890 4260 οὐκ
2937 4206 3264 4276 ἐδοκίμασαν
3311 4209 3402 4260 τὸν
3444 4208 3576 4262 Θεὸν
3618 4212 3764 4282 ἔχειν
3796 4215 3852 4264 ἐν

2284 4296 2591 4364 επιγνώσει,
2625 4295 2934 4365 παρέδωκεν
2980 4296 3008 4347 ὁ
3055 4295 3184 4359 Θεὸς
3227 4297 3420 4359 αὐτοὺς
3468 4300 3546 4360 είς
3592 4301 3853 4370 ἀδόκιμον

619 4391 820 4443 faciant
870 4404 935 4442 ea
986 4405 1105 4458 quae
1155 4406 1260 4444 non
1306 4391 1715 4444 conveniunt“.
1747 4408 1766 4441 ι
1807 4388 1865 4444 Si
1905 4391 2177 4445 Christum

2288 4386 2427 4448 νοῦν,
2454 4389 2626 4437 ποιεῖν
2658 4386 2725 4438 τὰ
2771 4383 2846 4455 μὴ
2888 4383 3215 4455 καθήκοντα.
3248 4405 3265 4437 ι
3300 4387 3362 4440 Ei
3398 4387 3632 4457 Χριστὸν
3675 4391 3847 4457 ἐγνώο

620 4481 966 4551 agnoscimus
1001 4489 1059 4533 ut
1088 4480 1280 4546 Deum,
1311 4483 1590 4551 cognitum
1625 4497 1962 4550 nequaquam
1995 4496 2179 4550 asper-

622 4586 834 4635 nemur,
868 4571 1142 4640 vulgarem
1174 4572 1549 4625 tantummodo
1581 4573 1851 4626 hominem
1876 4572 2025 4625 illum
2057 4587 2179 4625 esse

623 4662 949 4715 dictitantes.
1000 4661 1093 4714 Sin
1146 4672 1327 4715 autem
1374 4661 1586 4716 inscitia
1619 4663 1875 4717 excaecati
1913 4663 2053 4716 istud
2097 4661 2180 4716 fa~

622 4765 749 4804 cere
773 4751 928 4803 veriti
957 4765 1060 4803 non
1094 4750 1378 4815 fuerimus,
1407 4750 1567 4805 simul
1607 4766 1728 4804 cum
1759 4750 1880 4804 aliis
1909 4751 1960 4804 in
1996 4765 2181 4818 repro-

623 4845 750 4898 bmn
781 4856 998 4894 sensum
1027 4842 1332 4911 praecipites
1358 4855 1579 4895 ruamus
1604 4855 1826 4894 necesse
1857 4849 1960 4893 est.

703 4951 721 4984 ι
753 4930 1059 4986 Secundum
1110 4933 1362 4986 duritiam
1396 4942 1561 4992 tuam.
1602 4941 1657 4985 et
1689 4931 2030 5000 impmnitens
2066 4944 2181 4992 cor,

627 5018 967 5074 thesaurizas
1001 5020 1094 5074 tibi
1123 5020 1257 5074 iram
1288 5020 1342 5075 in
1375 5019 1461 5073 die
1488 5020 1580 5073 ira:
1603 5028 1657 5073 et
1690 5017 2031 5072 revelatiouis
2051 5016 2178 5082 justi

621 5104 814 5172 judicii
852 5105 966 5168 Dei,
1010 5107 1100 5175 qui
1143 5106 1328 5161 reddet
1356 5107 1648 5173 unicuique
1689 5108 1982 5160 secundum
2016 5119 2179 5173 opera

625 5195 742 5262 ejus
760 5197 828 5247 ὀ.
862 5213 880 5247 ι
921 5195 1083 5250 Docet
1127 5196 1210 5251 hic
1238 5196 1430 5251 beatus
1456 5196 1674 5259 Paulus,
1707 5210 1805 5250 nos
1831 5209 2020 5249 omnes
2056 5205 2181 5248 ante

626 5285 859 5339 tribunal
909 5286 1110 5342 Christi
1169 5288 1500 5343 manifestari
1540 5296 1809 5358 oportere,
1867 5301 1975 5355 quo
2015 5299 2178 5339 unus-

697 5436 740 5468 ⁸⁸
765 5438 922 5495 Rom.
956 5455 992 5498 l.
1037 5439 1148 5494 1-4.
1226 5441 1265 5471 ⁸⁷
1300 5441 1428 5495 ibid.
1468 5440 1550 5505 2|,
1588 5440 1676 5494 22.
1751 5439 1797 5472 ⁸⁸
1828 5438 2002 5492 Galat.
2035 5454 2104 5505 tv,
2141 5439 2181 5493 9,

2295 5438 2476 5491 ’ltom
2549 5454 2563 5491 ι
2622 5438 2709 5494 28.

2283 4493 2460 4545 καμεν
2499 4476 2571 4537 ὡς
2605 4475 2755 4539 Θεὸν,
2789 4475 2887 4545 τὴν
2915 4475 3001 4529 ἐπ’
3020 4475 3167 4546 αὐτῷ
3195 4477 3393 4543 γνῶσιν
3417 4477 3492 4547 μὴ
3515 4479 3854 4548 ἀποδοκιμάο

2285 4569 2483 4638 ζωμεν,
2523 4568 2805 4636 ἄνθρωπον
2835 4565 2971 4622 εἶναι
3004 4567 3247 4637 λέγοντες
3275 4570 3468 4621 κοινόν.
3505 4571 3566 4622 Ei
3601 4571 3659 4623 δὲ
3690 4573 3853 4624 τοῦτο

2285 4659 2414 4729 δρᾷν
2448 4659 2506 4723 ἐξ
2535 4658 2771 4729 ἀμαθίας
2799 4657 3101 4728 τολμῶμεν,
3117 4657 3440 4728 βαδιοὺμεθα
3472 4662 3690 4725 πάντως
3715 4663 3852 4730 ὁμοῦ

2283 4753 2397 4813 τοῖς
2429 4750 2606 4813 ἄλλοις
2637 4752 2716 4814 είς
2747 4749 3000 4820 ἀδόκιμον
3029 4749 3171 4803 νοῦν.

2369 4944 2385 4975 ι
2413 4923 2568 4978 Κατά
2604 4924 2658 4976 δὲ
2705 4923 2800 4994 τὴν
2839 4923 3174 4994 σκληρότητά
3206 4941 3295 4977 σου
3347 4925 3440 4977 καὶ
3482 4927 3854 4996 ἀμετανῄτον

2288 5017 2512 5086 καρδίαν
2539 5016 2882 5087 θησαυρίζεις
2910 5015 3118 5086 σεαυτῷ
3145 5016 3309 5086 ὀργὴν
3340 5019 3398 5070 ἐν
3433 5020 3618 5089 ἡμέρᾳ.
3659 5023 3850 5090 ὀργῆς,

2289 5106 2380 5156 καὶ
2420 5105 2828 5174 ἀποκαλύψεως,
2877 5109 2968 5159 καὶ
3018 5107 3406 5177 δικαιοκρισίας
3455 5111 3550 5161 τοῦ
3597 5111 3754 5173 Θεοῦ,
3796 5115 3854 5172 ὃς

2289 5194 2553 5248 ἀποδώσει
2585 5196 2798 5266 ἑκάστῳ
2821 5197 2960 5249 κατὰ
2990 5198 3057 5250 τὰ
3083 5198 3214 5269 ἔργα
3241 5200 3424 5253 αὑτοῦ.
3456 5221 3474 5251 ι
3499 5203 3556 5254 ’0
3583 5205 3856 5272 μακάριος

2293 5287 2519 5350 Παῦλος,
2551 5286 2675 5348 τοὺς
2718 5287 2918 5349 πάντας
2957 5290 3102 5358 ἡμᾶς
3129 5282 3226 5356 δεῖ,
3266 5292 3420 5362 φησὶ,
3469 5294 3852 5364 φανερωθῆναι

2789 5441 2832 5472 9°
2869 5440 3020 5496 Rom.
3062 5459 3075 5496 l
3127 5444 3179 5497 5.

1679 5594 1848 5648 Varia:
1885 5592 2138 5647 lectiones
2170 5591 2371 5648 codicis
2403 5591 2757 5662 chuicriaui.

707 5731 732 5769 ιι
767 5729 1005 5796 Quatuor
1028 5748 1145 5801 qua:
1177 5743 1474 5800 sequuntur
1495 5747 1653 5785 voces
1682 5733 1879 5784 absunt
1910 5747 1933 5780 a
1973 5730 2090 5784 cod.
2124 5727 2181 5782 St

2289 5742 2368 5782 er.
2449 5726 2463 5774 i
2497 5725 2555 5776 οῦ
2583 5724 2737 5776 τοῦτο
2765 5726 2980 5796 ἀληθές.
