4056 6334
180 412 316 469 12(ὶὸ

1264 412 1347 468 DE
1386 410 1616 466 RECTA
1657 404 1812 460 FIDE
1850 406 1939 459 AD
1980 406 2298 462 RECINAS.

3268 399 3403 453 ιεεε

178 530 484 600 ἔμπροσθεν
505 529 597 583 τοῦ
620 528 860 599 βήματος
880 528 968 579 τοῦ
988 530 1220 601 Χριστοῦ
1242 549 1254 561 ο
1286 550 1302 581 ι
1326 532 1409 583 ἵνα
1438 528 1731 595 κομίσηται

1843 522 2061 588 quisque
2120 524 2357 587 referat,
2410 533 2528 589 quae
2575 516 2628 571 in
2678 529 2904 585 corpore
2944 516 3132 586 gessit,
3159 514 3262 586 57
3292 514 3408 568 sive

176 624 399 683 ἕκαστος
442 620 510 672 τὰ
550 620 640 671 διὰ
671 616 763 669 τοῦ
811 617 1078 687 σώματος,
1111 622 1246 691 πρὸς
1278 620 1312 673 ἃ
1343 618 1597 687 ἔπραξεν,
1630 616 1736 667 εἴτε

176 712 399 779 ἀγαθὸν,
432 713 540 762 εῐτε
572 708 794 776 φαῦλον.
827 726 844 759 ι
873 710 1014 781 Ἔφη
1042 712 1097 764 δέ
1130 730 1214 775 τις
1266 710 1359 763 καὶ
1399 709 1581 777 ἕτερος
1633 705 1739 759 τῶν

177 804 348 868 ἁγίων
374 799 684 853 ἀποστόλων
704 816 716 829 ·
756 817 774 850 ι
808 795 899 865 Εἷς
930 803 1073 856 ἐστιν
1102 807 1128 857 6
1158 802 1471 871 νομοθέτης,
1502 800 1595 851 καὶ
1620 816 1740 870 κρι-

174 894 295 963 τής.
328 910 344 939 t
379 889 582 943 Ψάλλει
625 889 680 941 δὲ
721 892 811 944 καὶ
849 893 1007 956 αὐτὸς
1048 896 1074 946 6
1101 892 1296 945 Actut6°
1354 891 1505 942 «Ὅτι
1541 891 1569 942 6
1610 890 1741 953 Θεὸς

174 983 370 1053 κριτής
402 983 566 1034 ἐστιν.
599 982 755 1036 »Ὅτε
786 984 959 1039 τοίνυν
992 983 1383 1054 δικαιοκρισίαν
1410 980 1544 1035 Θεοῦ
1577 998 1740 1052 φησιν

173 1072 311 1126 εἶναι
340 1074 436 1143 τὴν
467 1074 558 1126 ἐπὶ
586 1074 677 1127 τοῦ
708 1075 947 1147 βήματος
986 1076 1078 1130 τοῦ
1115 1075 1257 1127 θείου
1287 1076 1370 1142 ἐφ’
1396 1073 1611 1145 ἑκάστῳ
1637 1073 1741 1144 ψῆ-

172 1180 295 1231 φον,
321 1165 384 1233 ην
416 1163 573 1226 αὐτὸς
616 1164 809 1228 ἐξοίσει
845 1165 1080 1237 Χριστὸς
1109 1162 1594 1233 (παραστησόμεθα
1634 1162 1741 1233 γὰρ

170 1256 247 1323 τῷ
299 1255 499 1325 βήματι
548 1256 733 1317 αὐτοῦ,
768 1258 859 1309 καὶ
890 1260 987 1325 οὑχ
1033 1257 1109 1319 ὼς
1148 1255 1226 1308 ἑνὶ
1261 1256 1368 1307 τῶν
1418 1254 1536 1307 καθ’
1574 1256 1739 1323 ἡμᾶς,

169 1347 285 1399 ἀλλ’
304 1347 379 1408 ὡς
407 1350 565 1418 κριτῇ
593 1349 683 1399 καὶ
700 1347 817 1417 Θεῷ
845 1348 937 1400 καὶ
969 1346 1276 1417 νομοθέτῃ),
1318 1346 1434 1408 πῶς
1460 1346 1579 1415 οὐχ).
1612 1346 1743 1409 Θεὸς

167 1436 195 1485 ὁ
224 1434 496 1504 Χριστός;
544 1453 565 1484 r
594 1434 691 1486 Διά
735 1436 841 1503 γὰρ
890 1435 1055 1502 νόμου
1108 1436 1399 1502 ἐπίγνωσις
1443 1436 1740 1506 ἁμαρτίας.

169 1526 307 1577 Νυνὶ
338 1526 392 1576 δὲ
432 1525 596 1593 χωρὶς
626 1525 791 1591 νόμου
817 1524 1128 1595 δικαιοσύνη
1171 1525 1304 1579 Θεοῦ
1336 1528 1741 1597 πεφανέρωται,

171 1612 586 1683 μαρτυρουμένη
639 1612 742 1664 ὑπὸ
791 1612 884 1664 τοῦ
930 1614 1094 1681 νόμου
1128 1614 1223 1669 καὶ
1268 1616 1374 1671 τῶν
1425 1618 1740 1687 προφητῶν,

166 1702 487 1773 Δικαιοσύνη
516 1703 572 1755 δὲ
613 1703 746 1756 Θεοῦ
786 1704 875 1757 διὰ
918 1706 1149 1769 πίστεως
1183 1707 1356 1777 Ἰησοῦ
1389 1708 1625 1777 Χριστοῦ
1661 1712 1742 1773 είς

167 1795 377 1857 πάντας
405 1796 527 1856 τοὺς
556 1793 924 1860 πιστεύοντας.
961 1815 977 1848 ι
1018 1797 1149 1867 Δίχα
1176 1798 1339 1868 νόμου
1369 1798 1737 1869 δικαιοσύνην,

166 1886 254 1954 (ἢν
308 1885 401 1936 καὶ
445 1885 548 1937 ὑπὸ
598 1886 708 1939 τῶν
755 1886 924 1954 ἁγίων
972 1887 1265 1957 προφητῶν
1291 1888 1737 1959 μεμαρτυρῆσθαι

164 1974 355 2045 φησι),
384 1979 480 2046 τὴν
504 1976 592 2029 διὰ
616 1978 847 2040 πίστεως
872 1973 1006 2029 εἶναι
1034 1978 1179 2045 λέγει
1202 1978 1298 2047 τὴν
1322 1978 1366 2014 ι’
1396 1980 1474 2041 είς
1502 1980 1737 2049 Χριστὸν

176 2065 402 2135 Ἰησοῦν.
440 2061 589 2131 Εἶτα,
617 2066 733 2128 πῶς
762 2069 822 2118 ού
846 2066 975 2129 Θεὸς
1003 2070 1030 2119 ὁ
1063 2067 1286 2120 δικαιῶν
1312 2070 1436 2132 τοὺς
1462 2070 1739 2123 πιστεύον-

162 2173 285 2219 τας,
322 2157 512 2227 ὅτιπερ
547 2156 629 2225 εἴη
658 2156 789 2219 Θεὸς
814 2156 1062 2226 άληθῶς;
1097 2158 1199 2229 ὁρᾷ
1228 2160 1335 2230 γὰρ
1372 2163 1451 2223 είς
1488 2161 1645 2213 τοῦτο
1676 2162 1737 2214 τὸ

160 2246 261 2315 τῆς
316 2247 549 2309 πίστεως
594 2247 788 2317 πέρας.
832 2250 1266 2320 Μαρτυρούντων
1314 2251 1371 2303 δὲ
1420 2250 1533 2312 τῶν,
1570 2252 1737 2319 ἁγίων

162 2338 462 2407 προφητῶν
484 2340 549 2407 τῇ
574 2340 653 2401 είς
680 2336 911 2409 Χριστὸν
938 2340 1137 2403 πίστει,
1162 2342 1245 2404 τίς
1269 2344 1297 2394 6
1320 2342 1482 2410 φάναι
1502 2341 1734 2412 τολμῶν,

158 2429 260 2479 οὐκ
308 2424 445 2481 εῖναι
481 2428 611 2482 Θεὸν
646 2430 807 2483 αὑτὸν
838 2430 923 2484 διὰ
952 2432 1013 2484 τὸ
1051 2432 1407 2504 ἀνθρώπινον,
1444 2436 1609 2505 ἤγουν
1646 2437 1733 2489 ὅτε

160 2518 357 2585 γέγονε
388 2516 523 2588 σάρξ
552 2520 580 2571 6
611 2518 785 2588 Λόγος
808 2560 822 2583 ,

237 2714 257 2746 ‹
292 2696 498 2759 πάντες
522 2695 629 2766 γάρ
658 2696 926 2767 ἥμαρτον,
949 2698 1044 2750 καὶ
1077 2698 1428 2768 ὑστεροῦνται
1459 2700 1557 2771 τῆς
1577 2702 1734 2770 δόξης

1846 613 2082 676 bonum,
2125 614 2240 667 sive
2286 613 2501 667 malum.
2562 609 2704 664 Dixit
2745 609 2870 663 item
2912 607 3050 662 alius
3102 622 3167 661 ex
3205 606 3407 661 sanctis

1842 704 2099 772 apostolis
2131 720 2144 757 :
2180 724 2196 754 ι
2232 703 2377 759 Unus
2405 712 2487 759 est
2525 702 2803 774 legislator
2830 711 2884 755 et
2909 700 3163 769 iudex“.
3197 717 3215 751 ι
3248 699 3407 753 Canit

1842 806 1896 851 et
1954 796 2067 865 ipse
2124 794 2291 849 David
2346 811 2562 866 quoque
2610 813 2623 850 :
2674 812 2692 845 ι
2724 793 2987 861 Quoniam
3044 790 3184 845 Deus
3240 789 3404 859 judex

1840 897 1922 943 est
1945 889 2011 942 “.
2044 906 2059 939 ι
2091 886 2225 940 Cum
2260 886 2424 955 igitur
2458 888 2779 943 sententiam
2818 900 2981 954 quam
3023 882 3275 938 Christus
3312 896 3408 949 pro

1843 980 2025 1035 divino
2063 978 2319 1036 tribunali
2354 980 2549 1033 sedens
2577 981 2859 1048 (sistemur
2892 975 3036 1031 enim
3078 982 3203 1029 ante
3240 972 3409 1026 tribu-

1843 1069 1927 1125 nal
1954 1070 2119 1133 illius,
2151 1083 2254 1123 non
2295 1076 2549 1137 tanquam
2586 1068 2819 1123 hominis
2851 1064 3020 1122 nostri
3057 1062 3268 1127 similis,
3313 1061 3407 1115 sed

1845 1171 2098 1230 tanquam
2126 1160 2219 1215 Dei
2260 1158 2558 1230 etjudicis,
2595 1167 2649 1211 et
2687 1156 3031 1227 legislatoris)
3076 1156 3140 1211 de
3173 1153 3411 1223 quolibet

1844 1253 2051 1306 laturus
2074 1263 2175 1318 est,
2198 1252 2400 1319 justum
2422 1250 2515 1306 Del
2545 1249 2807 1318 judicium
2842 1247 3128 1316 Apostolus
3154 1244 3407 1314 appellet.

1843 1343 2115 1410 quomodo
2138 1342 2384 1396 Christus
2414 1357 2520 1396 non
2550 1350 2633 1395 est
2660 1338 2837 1394 Deus?
2874 1358 2891 1389 ι
2924 1337 3026 1391 Per
3056 1338 3227 1405 legem
3263 1334 3408 1387 enim

1846 1432 2084 1501 cognitio
2141 1432 2369 1500 peccati.
2420 1430 2570 1485 Nunc
2628 1441 2806 1484 autem
2868 1429 2985 1484 sine
3035 1425 3251 1497 iustitia
3313 1422 3407 1476 Dei

1846 1522 2194 1577 manifestata
2226 1532 2330 1588 est,
2365 1522 2650 1576 testiﬁcata
2692 1536 2722 1575 a
2760 1522 2875 1589 lege
2907 1528 2961 1573 et
2995 1515 3293 1588 prophetis.
3324 1514 3409 1569 .lu-

1845 1613 1993 1667 stitia
2028 1621 2205 1666 autem
2252 1610 2346 1669 Dei
2388 1626 2485 1682 per
2528 1611 2683 1665 [idem
2715 1608 2841 1663 Iesu
2882 1606 3083 1663 Christi
3134 1606 3184 1659 in
3222 1619 3410 1659 omnes

1846 1714 1899 1758 et
1925 1718 2087 1771 super
2117 1718 2321 1764 omnes,
2352 1704 2443 1772 qui
2484 1701 2711 1757 credunt
2744 1702 2797 1754 in
2836 1714 2958 1754 eum
2977 1699 3044 1751 ”.
3079 1716 3097 1749 ι
3136 1698 3263 1750 Sine
3296 1695 3409 1763 lege

1842 1794 2105 1862 justitiam
2147 1794 2332 1863 (quam
2378 1808 2407 1846 a
2457 1793 2661 1848 sanctis
2699 1805 2912 1860 quoque
2941 1788 3219 1859 prophetis
3252 1787 3406 1840 testi-

1844 1886 2079 1939 monium
2108 1885 2359 1940 habuisse
2386 1885 2625 1953 asserit),
2645 1898 2762 1937 eam
2784 1883 2897 1937 boc‘
2914 1881 3029 1935 loco
3055 1878 3261 1940 deﬁnit,
3287 1892 3408 1945 qum

1838 1986 1923 2030 est
1962 1992 2056 2046 per
2090 1976 2247 2030 ﬁdem
2302 1977 2354 2030 in
2387 1976 2674 2031 Christum
2719 1973 2925 2029 Jesum.
2966 1972 3037 2025 At
3084 1971 3228 2025 enim
3269 1984 3405 2038 qua-

1840 2084 1987 2133 nam,
2026 2083 2231 2137 quaeso,
2279 2068 2487 2122 ratione
2536 2069 2581 2121 is
2618 2069 2760 2122 Deus
2793 2067 3099 2121 censendus
3145 2078 3249 2116 non
3294 2072 3400 2122 est.

1840 2160 1929 2227 qui
1973 2158 2258 2213 credentes
2304 2157 2451 2211 illum
2500 2171 2685 2211 verum
2734 2156 2901 2209 Deum
2941 2170 3062 2209 esse
3105 2152 3406 2223 justillcat?

1839 2253 1994 2318 Cum,
2038 2254 2278 2320 inquam,
2312 2252 2420 2306 huc
2465 2252 2596 2305 lides
2632 2259 2884 2319 tanquam
2922 2250 2987 2303 ad
3025 2263 3245 2317 scopum
3286 2256 3406 2299 ten-

1840 2344 1951 2407 dat,
1998 2352 2052 2397 et
2100 2344 2239 2397 sacri
2287 2352 2546 2412 praeterea
2596 2344 2872 2411 prophetae
2914 2341 3036 2394 ﬁdei
3082 2353 3200 2408 qua
3238 2348 3320 2393 est
3350 2338 3404 2393 in

1838 2435 2111 2490 Christum
2138 2434 2319 2489 .Iesum
2362 2434 2725 2489 testimonium
2770 2430 3244 2502 perhibeant,quis
3273 2444 3401 2497 pro-

1840 2535 1956 2595 pter
1982 2526 2268 2579 humanam
2302 2534 2575 2587 naturam,
2624 2525 2725 2578 hoc
2755 2532 2837 2577 est
2863 2520 3025 2575 Verbi
3076 2520 3403 2574 incarnatio-

1840 2629 1985 2676 nem,
2026 2613 2171 2667 illius
2207 2613 2546 2666 divinitatem
2582 2610 2809 2665 inliciari
2843 2610 3076 2665 audeat?

1914 2721 1932 2753 ι
1964 2700 2163 2756 Omnes
2192 2702 2334 2755 enim
2378 2709 2761 2769 peccaverunt,
2788 2709 2843 2754 et
2889 2708 3049 2770 egent
3077 2698 3247 2767 gloria
3288 2699 3402 2761 Dei,

158 2788 254 2841 τοῦ
290 2787 448 2851 Θεοῦ,
487 2787 847 2857 δικαιούμενοι
892 2788 1100 2858 δωρεὰν
1126 2792 1192 2861 τῇ
1218 2792 1382 2843 αὑτοῦ
1413 2793 1617 2863 χάριτι,
1646 2794 1736 2847 διὰ

1843 2794 2113 2863 iustiﬁcati
2149 2794 2319 2863 gratis
2353 2806 2448 2861 per
2482 2792 2711 2861 gratiam
2737 2790 2931 2859 ipsius,
2961 2806 3055 2857 per
3078 2790 3405 2859 redemptio-

158 2880 261 2948 τῆς
315 2878 742 2949 ἀπολυτρώσεως
790 2879 888 2948 τῆς
936 2880 993 2933 ὲν
1043 2881 1264 2951 Χριστῷ
1299 2882 1491 2953 Ἰησοῦ.
1527 2902 1544 2934 ι
1584 2884 1649 2935 Εἰ
1678 2883 1738 2936 τὸ

1843 2902 1960 2939 nem
1992 2901 2109 2956 quae
2144 2893 2225 2939 est
2272 2883 2325 2937 in
2373 2881 2591 2936 Christo
2617 2880 2743 2936 Jesu
2762 2880 2828 2933 ".
2868 2898 2887 2932 ι
2934 2879 2989 2934 Si
3027 2879 3236 2949 peccati
3285 2879 3407 2932 labe

160 2970 500 3041 ἁμαρτάνειν
544 2972 688 3041 ἡμᾶς
738 2970 1077 3041 ὑστερεῖσθαι
1126 2975 1269 3025 ποιεῖ
1314 2975 1410 3044 τῆς
1441 2974 1597 3045 δόξης
1642 2974 1735 3027 τοῦ

1843 2976 2197 3032 contaminari
2249 2974 2379 3029 facit
2426 2988 2521 3029 nos
2576 2987 2733 3043 egere
2773 2972 2948 3043 gloria
2993 2971 3107 3036 Dei,
3150 2970 3405 3040 quoniam

160 3060 326 3125 Θεοῦ,
357 3062 438 3113 ὅτι
489 3061 563 3130 μὴ
610 3057 749 3113 οίδεν
791 3062 1097 3132 ἁμαρτίαν·
1149 3064 1457 3135 γέγραπται
1504 3066 1560 3119 δὲ
1611 3067 1737 3136 περὶ

1843 3077 2122 3139 peccatum
2155 3083 2261 3122 non
2292 3066 2442 3120 novit
2469 3079 2483 3118 :
2520 3067 2586 3118 de
2612 3065 2828 3119 Christo
2850 3071 3025 3117 autem
3049 3074 3129 3117 est
3154 3064 3205 3116 in
3232 3062 3407 3117 sacris

158 3149 424 3223 Χριστοῦ,
459 3151 539 3203 ὅτι
572 3151 843 3222 ἁμαρτίαν
876 3156 974 3205 οὑκ
1020 3154 1273 3225 εποίησεν
1298 3172 1311 3186 ·
1358 3156 1735 3228 ὑστερούμεθα

1843 3161 2079 3221 Litteris,
2112 3159 2252 3228 quod
2281 3166 2562 3227 peccatum
2600 3171 2707 3212 non
2740 3154 2960 3219 fecerit;
2994 3169 3090 3208 nos
3124 3163 3308 3208 autem
3341 3168 3407 3205 ea

156 3243 214 3295 δὲ
257 3242 357 3295 καὶ
389 3242 530 3295 κατὰ
568 3242 726 3295 τοῦτο
753 3243 849 3313 τῆς
880 3243 1039 3314 δόξης
1077 3245 1243 3297 αὑτοῦ
1291 3246 1737 3317 πλημμελοῦντες

160 3336 328 3403 ἡμεῖς
349 3351 362 3364 ·
395 3334 526 3398 Θεὸς
556 3335 661 3406 ἄρα
706 3338 821 3389 ἐστὶ
861 3337 956 3389 κα)⁹
985 3338 1121 3409 μετὰ
1151 3339 1350 3410 σαρκὸς
1378 3341 1406 3391 ὁ
1436 3340 1605 3410 Λόγος
1629 3359 1642 3371 ο
1674 3345 1734 3395 οὐ

158 3426 230 3493 γὰ
241 3443 272 3495 ρ
298 3425 553 3495 ἐποίησεν
584 3426 874 3497 ἁμαρτίαν.

238 3623 261 3657 ε
292 3604 475 3676 Νόμον
530 3600 629 3659 οῦν
659 3608 1040 3679 καταργοῦμεν
1084 3610 1170 3663 διὰ
1217 3614 1315 3679 τῆς
1352 3612 1609 3677 πίστεως;
1664 3612 1737 3683 μὴ

158 3696 377 3763 γένοιτο
395 3713 407 3724 ’
438 3695 574 3748 ἀλλὰ
601 3696 760 3765 νόμον
796 3698 1053 3769 ἱστῶμεν.
1081 3718 1098 3751 ι
1121 3702 1177 3753 'O
1202 3702 1290 3754 διὰ
1312 3703 1549 3765 Μωσέως
1578 3703 1739 3772 νόμος

156 3788 295 3839 Θεὸν
326 3786 420 3838 ἕνα
464 3791 787 3858 προσκυνεῖν
815 3789 1015 3854 ἐδίδαξε
1050 3794 1175 3854 τοὺς
1202 3793 1260 3857 ἐξ
1293 3794 1506 3865 Ἰσραήλ
1528 3810 1541 3825 ’
1573 3812 1590 3845 t
1626 3796 1738 3847 Κύ-

159 3894 281 3946 ριος
314 3876 443 3946 γὰρ,
480 3878 667 3948 φησὶν,
700 3878 727 3929 ὁ
760 3878 889 3942 Θεός
926 3898 1040 3946 σου,
1074 3882 1279 3953 Κύριος
1310 3881 1386 3946 εἷς
1418 3886 1563 3937 ἐστι·
1594 3905 1611 3935 ι
1645 3888 1740 3939 καὶ

158 3969 331 4028 αὐτὸς
383 3967 439 4019 δὲ
484 3968 513 4018 ό
560 3968 691 4030 Θεὸς
740 3970 1079 4039 προσεφώνει
1112 3974 1288 4041 λέγων
1330 3976 1545 4039 αὐτοῖς’
1581 3997 1598 4027 ι
1630 3978 1740 4029 Οὐκ

158 4059 382 4113 ἔσονταί
436 4077 517 4111 σοι
562 4060 675 4113 θεοὶ
721 4063 895 4131 ἓτεροι
943 4064 1079 4135 πλὴν
1126 4066 1280 4134 ἐμοῦ.
1314 4064 1463 4139 ι*Λρ’
1493 4065 1582 4123 οῦν
1614 4087 1741 4138 μετ-

158 4152 447 4221 ἐστησενή
475 4151 655 4215 πίστις
684 4152 714 4221 ή
746 4154 823 4215 εἰς
844 4155 1073 4222 Χριστὸν
1100 4158 1223 4219 τοὺς
1250 4158 1315 4209 δι’
1346 4158 1513 4228 αὐτῆς
1542 4160 1741 4231 κεκλη-

161 4244 368 4313 μένους
398 4244 477 4305 είς
505 4243 565 4295 τὸ
590 4242 663 4313 μὴ
686 4244 764 4295 ἐνὶ
790 4245 867 4312 τῷ
897 4244 1036 4298 κατὰ
1060 4246 1217 4313 φύσιν
1241 4247 1357 4318 Θεῷ
1382 4253 1738 4319 προσκυνεῖνς

160 4333 231 4387 Ἀ
246 4352 318 4404 ρα
353 4334 732 4405 καταργοῦμεν
769 4334 931 4405 νόμον
975 4336 1053 4407 τῷ
1091 4339 1172 4389 ἑνὶ
1218 4340 1295 4409 τῷ
1344 4341 1462 4393 κατ’
1486 4341 1739 4413 ἀλήθειαν

1836 3254 1904 3308 'de
1936 3266 2098 3306 causa
2128 3250 2196 3304 ab
2228 3247 2344 3316 ejus
2370 3248 2537 3317 gloria
2568 3246 2845 3310 absumus,
2874 3246 3001 3315 quia
3036 3244 3238 3313 absque
3269 3242 3403 3296 deli-

1837 3352 1924 3398 cto
1975 3356 2081 3397 non
2127 3339 2362 3394 vivimus
2396 3356 2409 3392 :
2438 3338 2523 3393 cui
2570 3337 2789 3391 dubium
2840 3350 2961 3393 esse
3007 3345 3214 3404 potest,
3274 3334 3405 3403 quin

1840 3437 2074 3492 Verbum
2118 3434 2457 3488 incarnatum
2489 3428 2630 3485 Deus
2673 3427 2783 3483 sit?
2817 3441 2942 3482 nam
2984 3434 3264 3496 peccatum
3299 3440 3405 3477 non

1839 3530 1988 3586 fecit.

1916 3638 1933 3670 ι
1961 3619 2156 3688 Legem
2191 3631 2319 3685 ergo
2357 3615 2685 3670 destrulmus
2724 3626 2819 3681 per
2856 3610 3056 3666 ﬁdem?
3081 3609 3265 3663 Absit!
3315 3610 3407 3662 sed

1840 3712 2009 3781 legem
2073 3708 2448 3763 statuimus".
2484 3724 2501 3756 ›
2564 3706 2671 3758 Lex
2725 3701 2956 3756 Mosaica
3019 3701 3188 3755 Deum
3244 3716 3406 3753 unum

1840 3801 2171 3855 adorandum
2206 3813 2326 3852 esse
2362 3796 2564 3852 docuit.
2595 3795 2684 3848 Ait
2710 3795 2852 3849 enim
2885 3812 2897 3847 :
2932 3811 2951 3845 ι
2984 3792 3242 3847 Dominus
3268 3791 3409 3844 Deus

1842 3901 1963 3946 tuus
1986 3889 2170 3952 Israel,
2197 3890 2338 3943 Deus
2374 3903 2514 3942 unus
2544 3896 2626 3941 est
2643 3887 2724 3951 ";
2756 3905 2773 3936 ι
2810 3893 2865 3938 et
2891 3884 3004 3953 ipse
3032 3898 3247 3951 quoque
3268 3880 3409 3936 Deus

1840 3983 2057 4037 eosdem
2086 3982 2187 4035 hac
2217 3980 2464 4033 oratione
2496 3976 2855 4045 compellabat
2882 3993 2894 4028 :
2926 3994 2943 4025 ι
2971 3974 3087 4028 Non
3122 3980 3282 4028 erunt
3313 3972 3408 4025 tibi

1843 4075 1914 4128 dii
1964 4072 2053 4125 alii
2106 4080 2303 4141 praeter
2340 4085 2425 4123 me
2447 4070 2513 4121 ".
2550 4088 2568 4120 ι
2610 4066 2859 4135 Nunquid
2911 4068 3073 4136 igitur
3115 4066 3250 4122 ﬁdes
3291 4082 3411 4134 quas

1842 4176 1925 4221 est
1960 4166 2013 4219 in
2050 4164 2349 4227 Christum,
2391 4176 2483 4216 eos
2514 4161 2605 4230 qui
2653 4175 2750 4229 per
2794 4173 2910 4212 eam
2948 4158 3123 4212 vocati
3158 4165 3300 4221 sunt,
3346 4172 3409 4211 eo

1844 4257 2135 4320 transtulit,
2173 4264 2231 4309 ut
2274 4269 2437 4309 unum
2477 4252 2769 4307 secundum
2802 4261 3049 4304 naturam
3092 4248 3259 4305 Deum
3303 4265 3409 4302 non

1845 4350 2107 4405 adorent?
2145 4348 2390 4417 legemne
2420 4360 2549 4413 ergo
2593 4343 2948 4403 destruimus,
2990 4356 3113 4413 qua:
3147 4341 3212 4393 ad
3245 4356 3410 4393 unum

160 4428 289 4497 Θεῷ
311 4426 743 4496 προσκομίζοντα
765 4444 779 4487 ;
809 4447 826 4478 ι
845 4428 935 4497 Μὴ
955 4431 1185 4495 γένοιτο,
1208 4431 1388 4501 φησὶν,
1424 4432 1555 4485 ἀλλὰ
1580 4434 1739 4503 νόμον

1845 4454 2030 4493 verum
2048 4438 2214 4492 Deum
2244 4450 2339 4489 nos
2358 4435 2527 4488 ducit?
2565 4452 2583 4483 ι
2610 4433 2797 4487 Absit!
2834 4433 3009 4501 inquit
3042 4431 3128 4484 ille
3159 4449 3172 4485 :
3202 4430 3294 4485 sed
3330 4431 3411 4483 le-

162 4521 463 4589 ίστῶμεν.»
495 4520 701 4573 Οὐκοῦν
730 4521 803 4584 ὡς
828 4521 945 4590 Θεῴ
974 4522 1269 4593 προσίεμεν
1290 4522 1366 4592 τῷ
1396 4524 1632 4595 Χριστῷ,
1654 4526 1740 4577 ἵνα

162 4614 241 4683 μὴ
277 4612 711 4683 καηγορὼμεθα
732 4657 746 4681 ,
783 4615 858 4677 ὡς
893 4616 1257 4684 παραλύοντες
1288 4617 1471 4685 νόμον,
1505 4620 1739 4671 ἐπαινῶ-

162 4704 313 4774 μεθα
367 4704 423 4757 δὲ
470 4704 690 4774 μᾶλλον,
717 4706 793 4770 ὡς
853 4707 1106 4770 ίστῶντες
1152 4708 1313 4778 νόμον
1367 4708 1453 4761 διὰ
1502 4709 1600 4778 τῆς
1650 4710 1740 4761 πί-

160 4812 365 4857 στεως.

234 4886 379 4957 Περὶ
402 4886 495 4938 τοῦ
532 4886 778 4957 Ἀϐραάμ
809 4906 939 4959 φησι
960 4906 975 4921 ο
1007 4909 1023 4941 ι
1044 4891 1343 4945 Κατέναντι
1366 4886 1426 4947 οὗ
1456 4895 1739 4949 ἐπίστευσε

157 4978 329 5041 Θεοῦ,
364 4976 459 5029 τοῦ
491 4976 876 5043 ζωοποιοῦντος
899 4981 1022 5044 τοὺς
1050 4986 1291 5052 νεκροὺς,
1318 4985 1410 5037 καὶ
1454 4987 1743 5050 καλοῦντος

158 5073 233 5125 τὰ
279 5070 356 5141 μὴ
387 5069 515 5124 ὄντα
548 5070 620 5133 ὼς
650 5070 796 5125 ὅντα.
832 5071 989 5124 ›“υτε
1032 5074 1209 5127 τοίνυν
1238 5076 1297 5128 τὸ
1337 5078 1613 5140 ζωοποιεῖν
1648 5079 1739 5130 δύ-

162 5158 367 5213 νασθαι
415 5159 541 5221 τοὺς
590 5160 812 5230 νεκροὺς
848 5162 1137 5231 ἁρμόσειεν
1172 5164 1235 5217 ἂν
1263 5167 1358 5235 οὐχ
1386 5169 1574 5237 ἑτέρῳ,
1605 5169 1742 5239 πλὴν

160 5255 249 5309 ὅτι
286 5251 435 5321 μόνῳ
462 5249 537 5319 τῷ
573 5252 713 5305 κατὰ
742 5252 901 5320 φύσιν
928 5252 1075 5323 θεῷ·
1120 5254 1369 5319 ζωοποιεῖ
1415 5260 1470 5315 δὲ
1514 5262 1743 5329 Χριστὸς

246 5431 302 5502 ’ᾗ
338 5429 452 5485 Jac.
496 5445 571 5500 tv,
604 5432 691 5485 19..
811 5434 854 5463 "
885 5431 1244 5502 Psal.1.xxrv,
1269 5438 1322 5495 7.

167 5502 214 5533 ”
265 5501 438 5555 Exod.
475 5518 565 5567 xx,
596 5502 652 5557 4.
730 5504 775 5535 ’⁸
806 5504 959 5557 Rom.
995 5520 1065 5568 tv,
1096 5506 1177 5559 l7.

1435 5438 1480 5469 ”
1513 5438 1668 5493 Rom.
1703 5454 1785 5505 ιιι,
1810 5439 1995 5493 20-22.

1850 4545 1969 4601 gem
1997 4529 2307 4585 statuimus.
2335 4546 2353 4579 ι
2390 4526 2741 4595 Adjungimus
2765 4539 2892 4593 ergo
2926 4539 3023 4578 nos
3042 4522 3259 4578 Christo
3298 4532 3414 4577 tan-

1850 4639 2012 4692 quam
2043 4637 2169 4676 vero
2199 4622 2328 4685 Deo,
2367 4634 2438 4675 ne
2466 4618 2676 4672 violatae
2720 4618 2852 4687 legis
2885 4616 3285 4681 insimulemur,
3319 4618 3414 4671 sed

1850 4714 2309 4777 commendemur,
2345 4719 2403 4764 ut
2427 4710 2517 4779 qui
2555 4709 2724 4775 legem
2761 4722 2854 4777 per
2886 4708 3044 4764 ﬁdem
3090 4717 3412 4763 statuamus.

1920 4896 2029 4966 58
2059 4894 2123 4948 Et
2175 4891 2243 4945 de
2292 4888 2563 4943 Abraham
2612 4886 2843 4943 scribit:
2880 4904 2898 4937 ι
2928 4886 3067 4941 Ante
3122 4886 3286 4943 Deum
3330 4890 3414 4943 cui

1850 4989 2097 5051 credidit,
2126 4986 2215 5054 qui
2247 4981 2485 5036 viviﬁcat
2512 4990 2772 5045 mortuos,
2802 4989 2859 5034 et
2884 4990 3041 5034 vocat
3072 4994 3135 5033 ea
3159 4995 3276 5049 quae
3306 4995 3413 5033 non

1852 5091 1997 5144 sunt,
2043 5088 2297 5145 tanquam
2344 5088 2405 5127 ea
2449 5088 2567 5141 qum
2603 5081 2728 5125 sunt
2752 5072 2817 5123 ".
2848 5090 2866 5122 ι
2922 5070 3053 5126 Cum
3088 5071 3250 5139 igitur
3276 5085 3418 5124 mor—

1854 5183 1974 5226 tuos
2002 5169 2123 5225 vitae
2168 5167 2455 5221 restituere
2487 5179 2643 5233 posse
2689 5165 2740 5217 in
2780 5162 2983 5216 nullum
3032 5162 3193 5215 alium
3224 5177 3418 5217 conve-

1858 5262 1990 5324 niat,
2038 5258 2139 5313 nisi
2177 5257 2229 5311 in
2274 5255 2449 5310 solum
2493 5255 2794 5309 naturalem
2826 5254 3033 5316 Deum;
3062 5252 3417 5321 Christusque

2547 5440 2592 5471 "
2624 5437 2755 5495 ibid.
2782 5438 2871 5495 3i.

2104 5439 2148 5470 ⁹⁴⁵
2181 5439 2309 5494 ibid.
2346 5440 2434 5494 25.
2547 5440 2592 5471 ’⁵
2624 5439 2755 5495 ibid.
2782 5439 2871 5495 31.
2974 5440 3020 5469 ’⁸
3054 5439 3207 5494 Deut.
3241 5455 3311 5504 vr,
3364 5439 3415 5493 4.

1262 5657 1433 5714 Variae
1463 5660 1719 5717 lectiones
1748 5661 1945 5718 codicis
1973 5662 2328 5732 Segnieriani.

252 5790 298 5827 ι’
331 5787 415 5841 Ia.
448 5786 565 5855 τῆς.

513 5882 780 5940 Parnm.
831 5878 945 5942 Gn.
998 5880 1279 5942 LXXVI.
