4056 6334
659 393 816 445 .1227

1693 390 1747 440 S.
1788 386 2056 437 (ZVRILH
2100 387 2561 444 ALEXANDRINI
2601 392 2918 447 ARCHIKP.

3763 396 3898 448 {2&8

681 504 907 570 propriae
933 501 1110 552 carnis
1146 512 1394 557 contactu
1429 518 1519 556 eos
1549 500 1777 551 vivilicet
1806 513 1866 551 ac
1902 514 1966 550 ex
2009 498 2213 549 mortuis

2336 504 2426 553 καὶ
2478 505 2564 556 διά
2608 506 2707 573 τῆς
2759 507 2892 567 ίδίας
2943 508 3140 574 σαρκὸς
3189 507 3310 569 τοὺς
3371 503 3893 573 κατεφθαρμένουςν

679 595 894 667 excitet,
922 593 1011 658 qui
1054 603 1224 645 morte
1256 593 1518 657 absumpti
1549 589 1754 641 I'ueraul
1791 607 1802 640 :
1831 590 2097 657 quomodo
2125 605 2208 640 not

2333 592 2632 662 ἁπτόμενος
2663 595 2769 645 τῶν
2794 595 3018 663 νεκρῶν,
3057 599 3148 649 καὶ
3177 598 3392 660 ἀνιστὰς
3425 595 3620 657 αὐτούς
3644 612 3656 624 ·
3689 594 3810 656 πῶς
3840 595 3896 644 οὐ

678 694 759 735 est
807 697 967 736 verus
1019 682 1178 746 Deus,
1217 683 1444 736 maxime
1493 692 1622 730 vero
1675 692 1795 730 cum
1850 679 1982 731 alios
2023 693 2213 745 quoqua

2330 676 2461 739 Θεὸς
2479 681 2779 750 ἀληθινὸς,ὀ
2795 683 2914 743 δοὺς
2938 684 3029 734 καὶ
3053 687 3255 754 ἑτέροις
3275 687 3516 751 ἐξουσίαν
3534 686 3654 747 τοὺς
3671 685 3897 754 νεκροὺς

681 776 789 842 ipse
817 789 877 826 ea
912 778 1169 841 pdtcstate
1198 769 1435 827 donarit.
1475 776 1528 820 ut
1567 768 1618 820 in
1669 768 1883 822 nomine
1919 768 2089 838 ipsius
2124 768 2213 820 vitt

2329 765 2564 836 ἐγείρειν
2597 769 2683 821 διὰ
2713 771 2805 821 τοῦ
2839 770 3098 839 ὀνόματος
3130 775 3322 840 αὑτοῦ;

685 866 896 918 functos
927 866 980 918 in
1012 865 1178 917 lucem
1212 873 1464 915 revocare
1498 859 1756 928 possent?

748 976 766 1006 ι
803 956 1007 1023 Itaque,
1041 955 1230 1008 fratres
1262 951 1384 1013 mei,
1421 959 1473 1004 et
1501 966 1595 1004 vos
1634 949 1936 1005 mortificati
1969 953 2100 1005 estis
2127 950 2228 1020 legi

2404 947 2617 1011 «Ὥστε,
2652 948 2865 1017 ἀδελφοι
2899 967 3020 1018 μου,
3051 952 3144 1003 καὶ
3190 952 3346 1021 ὑμεῖς
3393 953 3771 1023 ἐθανατώθητε
3821 951 3898 1019 τῷ

675 1063 769 1117 per
803 1061 994 1113 corpus
1027 1043 1250 1106 Christi,
1283 1053 1340 1095 ut
1371 1043 1490 1097 sitis
1518 1043 1760 1105 alterius,
1789 1043 1879 1110 qui
1907 1060 1972 1096 ex
2003 1044 2213 1098 mortuit

2327 1037 2474 1109 νόμῳ
2501 1039 2588 1094 διὰ
2619 1039 2710 1092 τοῦ
2748 1041 2997 1110 σώματος
3020 1041 3114 1093 τοῦ
3139 1043 3396 1111 Χριστοῦ,
3427 1047 3504 1107 είς
3544 1045 3604 1097 τὸ
3638 1044 3896 1113 γενέσθαι

672 1136 986 1200 resurrexit,
1033 1143 1084 1187 ut
1123 1134 1510 1190 fructiﬂcemus
1545 1134 1650 1188 Deo
1673 1134 1741 1186 ".
1774 1151 1792 1182 ι
1843 1131 2213 1186 Mortificatqu

2329 1127 2470 1197 ὑμᾶς
2490 1130 2658 1199 ἐτέρῳ
2685 1128 2760 1198 τῷ
2781 1131 2843 1182 ἐκ
2865 1128 3075 1200 νεκρῶν
3101 1128 3396 1199 ἐγερθέντι,
3431 1133 3514 1183 ἵνα
3544 1134 3898 1202 καρποφορή·

671 1230 792 1296 legi,
822 1227 1035 1296 quando
1064 1226 1131 1280 ab
1169 1226 1311 1279 illius
1341 1227 1600 1280 servitute
1621 1233 1674 1276 et
1703 1222 1846 1276 cultu
1881 1223 2222 1289 desistimus;

667 1319 938 1372 evadimus
966 1325 1140 1370 autem
1165 1316 1342 1381 alteri,
1372 1318 1472 1370 hoc
1503 1324 1586 1368 est
1613 1313 1846 1377 Christo,
1867 1314 1953 1380 qui
1989 1329 2054 1366 ex
2081 1329 2225 1365 mor-

671 1408 773 1460 tuis
799 1407 1115 1468 resurrexit,
1146 1405 1386 1467 obnoxii,
1425 1404 1548 1457 dutn
1583 1413 1640 1456 ttt
1675 1402 2061 1456 fructiﬁcemus
2091 1405 2217 1465 Deo,

665 1497 895 1552 oraculis
938 1496 1260 1565 evangelicis
1308 1497 1376 1550 ab
1406 1495 1524 1563 ipso
1571 1495 1729 1548 editis
1777 1509 1979 1548 morem
2037 1507 2222 1562 gerere

665 1589 818 1644 enixe
844 1587 1238 1642 contendimus.
1281 1587 1350 1639 At
1390 1600 1517 1639 vero
1545 1598 1751 1639 summa
1778 1592 1831 1638 ct
1863 1592 2024 1651 caput
2056 1598 2220 1636 evan-

662 1679 948 1748 gelicorum
1004 1685 1393 1746 przcceptorunt
1439 1685 1525 1730 est
1575 1675 1707 1729 Iides
1764 1676 1816 1729 in
1875 1676 2070 1744 ipsum.
2125 1675 2220 1728 Hic

663 1769 800 1820 enim
828 1776 1012 1820 noster
1029 1775 1110 1820 est
1137 1766 1365 1831 fructus,
1386 1781 1544 1835 quem
1562 1765 1798 1829 Christo,
1815 1773 2066 1834 tanquam
2088 1765 2217 1828 Deo,

2329 1237 2507 1290 σωμεν
2539 1222 2615 1290 τῷ
2651 1220 2786 1291 Θεῷ.
2820 1240 2837 1271 t
2881 1220 3266 1288 Oavazodptsea
3295 1220 3373 1290 τῷ
3400 1224 3568 1291 νόμῳ,
3615 1226 3711 1291 τῆς
3760 1225 3898 1276 κατ’

2325 1309 2486 1359 αὑτὸν
2509 1310 2758 1380 λατρείας
2787 1309 3187 1378 ἀποπαυόμενοι
3208 1325 3219 1335 ·
3252 1309 3510 1377 γινόμεθα
3540 1311 3592 1362 δέ
3620 1313 3797 1382 ἑτέρῳ
3819 1312 3898 1380 τῷ

2322 1399 2385 1448 ἐκ
2421 1399 2627 1467 νεκρῶν
2667 1400 2962 1470 ἐγερθέντι,
2995 1399 3237 1452 τουτέστι
3287 1399 3526 1470 Χριστῷ,
3557 1404 3666 1462 τοῖς
3719 1401 3895 1454 αὑτοῦ

2322 1487 2684 1558 θεσπίσμασιν
2714 1492 3085 1558 εὑαγγελικοῖς
3113 1490 3528 1544 κατακολουθεῖν
3555 1491 3891 1554 σπουδάζον-

2318 1593 2428 1639 τες,
2463 1577 2548 1628 ἵνα
2598 1581 3108 1650 καρποφορήσωμεν
3160 1580 3238 1650 τῷ
3292 1579 3429 1649 Θεῷ.
3474 1581 3785 1649 Κεφάλαιον
3840 1581 3896 1634 εδ

2319 1668 2426 1719 τῶν
2456 1668 2821 1736 εὐαγγελικῶν
2857 1669 3240 1740 θεσπισμάτων
3267 1673 3297 1741 ὴ
3331 1673 3506 1735 πίστις
3541 1675 3571 1742 ὴ
3602 1676 3678 1735 είς
3699 1674 3891 1726 αὐτόν.

2321 1759 2430 1811 Καιί
2476 1752 2631 1820 οὗτος
2666 1758 2821 1826 ἡμῶν
2867 1760 2895 1811 ὁ
2927 1760 3156 1829 καρπὸς,
3189 1766 3263 1822 ὡς
3305 1761 3443 1831 Θεῷ,
3480 1763 3897 1833 προσαγόμενος

661 1857 931 1911 oderimus
964 1876 974 1910 :
1007 1869 1135 1923 ergo
1181 1856 1272 1924 qui
1318 1872 1382 1908 ex
1434 1856 1661 1909 mortuis
1712 1857 2033 1920 resurrexit,
2077 1855 2213 1910 Deus

2320 1846 2398 1917 τῷ
2420 1847 2658 1918 Χριστῷ.
2693 1847 2821 1910 Θεὸς
2842 1843 2933 1900 οὖν
2959 1848 3064 1918 ἀρα
3084 1849 3231 1900 ἐστὶν
3253 1851 3280 1901 6
3307 1851 3368 1901 ἐκ
3390 1851 3598 1920 νεκρῶν
3621 1831 3892 1916 ἀναστὰς,

660 1945 891 2007 exsistit,
929 1946 1072 2011 quod
1108 1943 1336 1998 Verbum
1370 1959 1497 1997 caro
1530 1943 1602 1995 sit
1633 1942 1855 1995 factum.

734 2054 751 2086 ι
781 2035 879 2100 Qui
910 2043 1085 2086 autem
1115 2034 1165 2086 in
1198 2046 1362 2086 carne
1394 2043 1540 2098 sunt,
1579 2031 1684 2084 Deo
1707 2031 1922 2100 placere
1953 2045 2058 2085 non
2094 2045 2218 2098 pos-

659 2134 800 2180 sunt.
826 2124 934 2178 Vos
957 2134 1132 2178 autem
1164 2124 1215 2177 in
1256 2137 1418 2177 carne
1463 2138 1566 2175 non
1597 2126 1748 2188 estis,
1782 2123 1874 2176 sed
1913 2123 1962 2175 in
1992 2123 2214 2190 spiritu;

659 2217 700 2270 si
732 2227 904 2269 tamen
938 2213 1169 2282 Spiritus
1211 2213 1300 2266 Dei
1333 2213 1538 2267 habitat
1576 2213 1627 2265 in
1668 2214 1839 2266 vobis.
1877 2210 1932 2264 Si
1967 2213 2087 2278 quis
2121 2227 2215 2263 au-

661 2317 762 2360 tem
794 2303 994 2358 Christi
1031 2304 1278 2371 spiritum
1327 2317 1430 2354 non
1479 2302 1660 2364 habet,
1695 2303 1779 2355 hic
1819 2316 1925 2354 non
1955 2310 2039 2356 est
2081 2301 2214 2367 ejus.

659 2397 714 2449 Si
769 2404 947 2448 autem
997 2393 1243 2447 Christus
1285 2392 1338 2444 in
1395 2392 1546 2446 vobis
1599 2401 1703 2454 est,
1751 2406 1948 2459 corpus
2000 2391 2215 2453 quidem

658 2495 926 2540 mortuum
973 2492 1056 2537 est
1086 2491 1305 2552 propter
1337 2490 1638 2551 peccatum,
1681 2481 1905 2548 spiritus
1944 2494 2073 2534 vero
2106 2481 2213 2533 vita

655 2570 1353 2644 propterjustilicatiouem.
1386 2569 1540 2634 Quod
1589 2567 1633 2620 si
1671 2564 1904 2635 Spiritus
1948 2564 2084 2631 ejus,
2125 2563 2213 2631 qui

655 2665 926 2720 suscitavit
960 2662 1140 2717 Jesum
1173 2661 1447 2715 Christum
1494 2675 1559 2714 ex
1613 2659 1861 2723 mortuis,
1913 2657 2118 2712 habitat
2159 2657 2212 2710 itt

655 2757 843 2810 vobis:
873 2753 964 2824 qui
1012 2750 1503 2806 suscitavitJesum
1557 2749 1828 2803 Christum
1877 2763 1907 2802 a
1962 2750 2209 2814 mortuis,

655 2845 943 2902 viviﬁcabit
968 2855 1022 2897 et
1051 2843 1294 2896 mortalia
1326 2855 1552 2910 corpora
1585 2849 1784 2901 vestra,
1814 2847 2029 2908 propter
2055 2838 2206 2892 inha-

2320 1939 2393 2002 ὡς
2434 1941 2632 2009 σαρκὸς
2661 1940 2942 2008 γεγονότος
2964 1938 3058 1992 τοῦ
3091 1940 3294 2006 Λόγου.

2396 2050 2412 2079 ι
2443 2031 2504 2082 Οί
2551 2030 2606 2081 δέ
2651 2033 2707 2082 ἐν
2755 2031 2918 2101 σαρκὶ
2945 2030 3115 2096 ὅντες,
3147 2029 3265 2102 Θεῷ
3298 2031 3492 2101 ἀρέσαι
3519 2032 3578 2084 οὐ
3605 2032 3888 2088 δύνανται.

2330 2120 2516 2182 Ὑμεῖς
2539 2120 2593 2170 δὲ
2618 2121 2717 2172 οὐκ
2744 2120 2868 2172 ἐστὲ
2899 2122 2956 2172 ἐν
2975 2120 3169 2191 σαρκὶ,
3193 2121 3306 2174 ἀλλ’
3331 2124 3387 2174 ἐν
3413 2121 3701 2192 πνεύματι,
3727 2124 3891 2192 εἴπερ

2319 2210 2541 2279 Πνεῦμα
2580 2210 2714 2264 Θεοῦ
2745 2214 2886 2264 οίκεῖ
2926 2213 2984 2265 ἐν
3015 2214 3162 2282 ὑμῖν.
3208 2213 3270 2265 Ei
3300 2213 3356 2265 δέ
3387 2230 3469 2276 τις
3502 2211 3724 2282 πνεῦμα
3755 2214 3892 2284 Χρι-

2319 2300 2443 2352 στοῦ
2471 2301 2570 2352 οὐκ
2603 2300 2735 2369 ἔχει,
2769 2294 2922 2363 οὗτος
2949 2303 3048 2354 οὑκ
3081 2301 3226 2354 ἐστιν
3254 2301 3436 2356 αὐτοῦ.
3471 2303 3532 2354 Ei
3564 2303 3620 2355 δὲ
3651 2302 3889 2373 Χριστὸς

2317 2392 2373 2442 ἐν
2425 2391 2571 2459 ὑμῖν,
2601 2391 2662 2442 τὸ
2709 2391 2808 2460 μὲν
2851 2389 3007 2458 σῶμα
3057 2391 3247 2461 νεκρὸν
3292 2391 3358 2443 δι’
3397 2393 3691 2462 ἁμαρτίαν,
3725 2393 3787 2445 τὸ
3834 2393 3888 2444 δέ

2315 2479 2533 2549 πνεῦμα
2579 2479 2692 2548 ζωὴ
2740 2479 2829 2532 διά
2862 2479 3228 2550 δικαιοσύνην.
3265 2482 3326 2533 Ei
3354 2480 3410 2532 δὲ
3440 2481 3500 2533 τὸ
3535 2481 3764 2552 Πνεῦμα
3794 2482 3886 2534 τοῦ

2314 2570 2624 2640 ἐγείραντος
2671 2571 2761 2623 τὸν
2797 2568 3000 2641 Ἰησοῦν
3053 2574 3114 2623 ἐκ
3160 2571 3367 2641 νεκρῶν
3393 2574 3553 2625 ιοικεῖ
3587 2575 3644 2625 ἐν
3677 2575 3826 2643 ὑμῖν,
3860 2575 3886 2624 6

2314 2659 2530 2730 ἐγείρας
2561 2662 2625 2713 ἐκ
2655 2659 2861 2731 νεκρῶν
2886 2661 3118 2731 Χριστὸν
3159 2661 3385 2730 Ἰησοῦν,
3419 2664 3754 2732 ζωοποιήσει
3794 2669 3886 2716 καὶ

2311 2751 2379 2804 τὰ
2421 2751 2589 2822 θνητὰ
2636 2751 2863 2820 σώματα
2895 2752 3049 2820 ὑμῶν
3096 2752 3182 2804 διὰ
3232 2752 3326 2804 τοῦ
3356 2753 3694 2817 ἐνοικοῦντος
3721 2756 3885 2806 αὑτοῦ

2314 2842 2631 2912 Πνεύματος
2656 2845 2710 2894 ἐν
2737 2844 2883 2912 ὑμῖν.
2918 2861 2935 2893 ›
2959 2843 3087 2895 Ἰδοὺ
3115 2843 3176 2912 δὴ
3206 2843 3388 2910 σαφῶς
3414 2843 3475 2894 τὸ
3496 2843 3630 2896 Θεοῦ
3659 2843 3886 2913 Πνεῦμα

656 2938 907 2990 bitantem
943 2933 1200 2999 Spiritum
1235 2932 1348 2997 ejus
1376 2929 1428 2982 in
1466 2929 1616 2982 vobis
1639 2929 1679 2980 ¹.
1713 2947 1732 2979 ›
1771 2926 1848 2980 En
1887 2927 1974 2981 hic
2009 2927 2206 2981 Christi

2315 2931 2523 3001 λέγεται
2577 2933 2670 2986 τοῦ
2720 2932 2977 3003 Χριστοῦ.
3014 2934 3152 2987 Ἀλλ’
3200 2933 3358 3003 είπερ
3402 2936 3550 2988 ἐστὶν
3598 2937 3884 3005 ἄνθρωπος

656 3025 909 3094 Spiritus,
949 3022 1043 3075 Dci
1078 3021 1311 3089 Spiritus
1343 3033 1465 3073 esse
1511 3019 1710 3072 diserte
1740 3017 2023 3071 asseritur.
2068 3019 2134 3068 At
2165 3017 2208 3071 si

2315 3023 2493 3086 ἰδικῶς
2538 3026 2632 3077 καὶ
2666 3024 2768 3076 ἀνὰ
2816 3023 2980 3094 μέρος
3025 3024 3296 3094 κείμενος,
3328 3027 3694 3096 κατῳκηκότα
3725 3029 3884 3095 μόνον

654 3115 901 3170 Christus
929 3127 1022 3180 per
1041 3125 1098 3166 se
1127 3119 1181 3165 et
1208 3108 1500 3164 secundum
1533 3123 1590 3161 se
1617 3107 1759 3160 aliud
1789 3106 1921 3160 nihil
1944 3117 2024 3160 est
2049 3120 2206 3170 quam

2315 3115 2370 3166 ἐν
2391 3115 2539 3185 αὑτῷ
2563 3115 2653 3168 τὸν
2674 3115 2766 3168 τοῦ
2789 3115 2920 3168 Θεοῦ
2946 3114 3118 3182 Λόγου
3147 3115 3305 3184 ἔχων,
3332 3116 3446 3180 πῶς
3479 3117 3645 3170 αὐτοῦ
3663 3118 3726 3170 τὸ
3747 3117 3884 3169 θεῖον

651 3206 832 3267 homo,
860 3201 1094 3256 Verbum
1138 3200 1229 3253 Dei
1271 3198 1533 3266 hospitem
1574 3196 1744 3249 solum
1790 3196 1840 3249 iu
1891 3212 1948 3249 se
1985 3196 2205 3260 habens,

653 3293 921 3361 quomodo
948 3290 1162 3343 divinus
1195 3287 1282 3342 ille
1319 3286 1556 3354 Spiritus
1585 3300 1703 3338 esse
1735 3284 1850 3352 ejus
1871 3284 2100 3337 dicitur?
2130 3293 2213 3337 est

653 3395 832 3438 autem
880 3382 967 3435 hic
1008 3381 1241 3450 Spiritus
1277 3379 1417 3432 illius
1448 3377 1720 3447 pr0prius.
1763 3375 1903 3429 Deus
1944 3383 2029 3428 est
2061 3389 2210 3442 ergo,

654 3487 750 3528 nec
793 3472 951 3526 aliter
993 3485 1078 3524 res
1109 3469 1292 3524 habet.
1325 3466 1434 3522 Nec
1459 3467 1602 3521 enim
1638 3464 1872 3521 Verbum
1915 3463 2007 3518 Dei
2040 3465 2090 3517 in
2122 3465 2214 3517 ho-

640 3545 796 3631 .mine
843 3562 1194 3629 inhabitavil,
1247 3561 1340 3616 sed
1395 3561 1673 3615 divinitate
1717 3560 1926 3629 integre
1974 3569 2209 3625 retenta,

649 3655 812 3707 homo
850 3667 974 3704 vcre
1025 3649 1224 3704 factum
1263 3659 1346 3703 cst
1375 3668 1388 3702 :
1417 3659 1577 3716 atque
1622 3651 1723 3703 hac
1767 3649 1994 3713 ratione,
2037 3647 2214 3702 Patris

653 3744 907 3814 Spiritus,
933 3743 1129 3795 Christi
1156 3754 1368 3809 quoque
1387 3740 1623 3808 Spiritus
1646 3739 2001 3808 intellligitur.

727 3854 744 3887 ι
764 3835 1077 3904 Quicunque
1097 3834 1236 3888 enim
1265 3832 1464 3900 Spiritu
1491 3832 1580 3885 Dei
1618 3831 1925 3901 aguntur,ii
1967 3839 2093 3885 sunt
2118 3830 2209 3884 lilii

651 3928 765 3981 Dei.
782 3924 897 3978 Non
911 3925 1052 3979 enim
1077 3924 1359 3991 accepistis
1376 3923 1618 3991 spiritum
1642 3921 1915 3976 servitutis
1938 3920 2129 3975 iterum
2157 3921 2210 3974 in

655 4021 866 4080 timore,
895 4016 986 4070 sed
1016 4014 1298 4083 accepistis
1332 4015 1577 4083 spiritum
1615 4014 1918 4081 adoptionis
1941 4012 2170 4066 ﬁliorum
2191 4053 2206 4076 ,

651 4106 758 4176 59
781 4108 830 4160 in
860 4122 965 4174 quo
991 4106 1306 4168 clamamus,
1337 4103 1483 4158 Abba
1511 4146 1525 4170 ,
1551 4104 1709 4158 Pater
1729 4106 1782 4169 ';
1814 4123 1831 4156 ι
1877 4115 1929 4159 et
1954 4104 2058 4158 alio
2089 4119 2209 4156 rur-

651 4212 766 4249 sum
810 4195 927 4249 loco
956 4196 1144 4249 beatus
1192 4194 1389 4248 Paulus
1421 4212 1434 4248 :
1471 4212 1488 4244 t
1520 4192 1805 4260 Quoniam,
1856 4195 2046 4263 inquit,
2078 4192 2207 4247 estis

653 4286 767 4348 lilii,
797 4287 944 4339 misit
976 4286 1115 4339 Deus
1156 4285 1415 4354 Spiritum
1445 4284 1567 4338 Filii
1599 4285 1680 4337 sui
1719 4286 1771 4338 itt
1804 4285 1964 4338 corda
2001 4293 2203 4348 vestra,

650 4377 990 4437 clamantem,
1019 4375 1190 4441 Abba,
1222 4373 1381 4428 Pater
1404 4374 1442 4429 ³.
1478 4391 1494 4425 t
1522 4371 1580 4427 Si
1626 4374 1786 4444 igitur
1817 4387 1911 4442 per
1940 4372 2058 4426 Filii
2085 4371 2206 4440 Spi-

2313 3203 2526 3272 λέγεται
2563 3206 2816 3275 Πνεῦμα;
2844 3207 2977 3260 ἀλλὰ
3016 3207 3120 3276 μὴν
3156 3207 3284 3259 ίδιον
3328 3205 3490 3258 αὑτοῦ
3541 3207 3605 3259 τὸ
3654 3206 3887 3274 Πνεῦμα

2311 3295 2452 3348 ἐστι’
2485 3296 2615 3358 Θεὸς
2643 3297 2770 3367 ἄρα,
2793 3299 2888 3351 καὶ
2911 3299 3007 3367 οὐχ
3038 3297 3255 3367 ἑτέρως.
3292 3298 3364 3349 Οὐ
3393 3298 3502 3368 γὰρ
3526 3298 3583 3348 ἐν
3610 3298 3884 3368 ἀνθρώπῳ

2310 3386 2531 3454 γέγονεν
2565 3389 2592 3440 6
2631 3388 2724 3441 τοῦ
2771 3389 2906 3442 Θεοῦ
2940 3389 3129 3456 Λόγος,
3162 3389 3295 3441 ἀλλά
3338 3389 3561 3456 γέγονεν
3596 3391 3884 3460 ἄνθρωπος

2311 3475 2544 3538 ἀληθῶς,
2585 3476 2722 3545 μετά
2761 3477 2853 3530 τοῦ
2899 3480 3077 3546 μεῖναι
3106 3477 3253 3540 Θεὸς.
3289 3477 3442 3530 Οῦτω
3471 3479 3581 3549 γὰρ
3613 3481 3680 3533 ἂν
3713 3485 3885 3535 νοοῖτο

2311 3569 2545 3637 Χριστοῦ
2578 3569 2638 3622 τὸ
2665 3569 2884 3640 Πνεῦμα
2915 3569 3179 3640 ὑπάρχειν
3208 3569 3268 3621 τὸ
3296 3567 3388 3622 τοῦ
3413 3570 3651 3641 Πατρός.

2389 3830 2569 3883 ιὌσοι
2618 3831 2722 3901 γὰρ
2763 3831 3034 3900 Πνεῦματι
3077 3831 3210 3885 Θεοῦ
3256 3832 3501 3900 ἄγονται,
3546 3825 3697 3886 οὗτοί
3746 3835 3882 3886 εἰσιν

2314 3921 2418 3972 υἱοὶ
2439 3920 2592 3973 Θεοῦ.
2621 3922 2694 3973 Οὐ
2725 3923 2832 3991 γάρ
2861 3923 3080 3975 ἐλάϐετε
3108 3923 3321 3991 πνεῦμα
3340 3922 3578 3986 δουλείας
3606 3924 3774 3977 πάλιν
3803 3929 3882 3979 εἰς

2311 4010 2494 4078 φόϐον,
2533 4011 2644 4063 ἀλλ’
2670 4012 2886 4064 ἐλάϐετε
2921 4012 3136 4080 πνεῦμα
3179 4013 3466 4075 υίοθεσίας,
3503 4015 3561 4068 ἐν
3601 4008 3646 4080 ᾧ
3676 4016 3878 4085 κράξο-

2313 4117 2430 4170 μεν,
2449 4100 2635 4164 Ἀϐϐᾶ,
2654 4103 2680 4153 6
2717 4102 2926 4172 Πατήρ.
2955 4122 2972 4152 ι
2994 4103 3050 4155 'U
3085 4105 3352 4175 μακάριος
3393 4106 3590 4174 γράφει
3621 4106 3838 4169 Παῦλος
3864 4123 3878 4136 ·

2313 4190 2465 4242 «Ὅτι
2497 4190 2552 4241 δέ
2585 4191 2706 4242 ἐστε
2736 4192 2862 4257 υἱοὶ,
2897 4192 3276 4255 ἐξαπέστειλεν
3320 4195 3348 4246 ὁ
3393 4194 3524 4258 Θεὸς
3559 4194 3620 4248 τὸ
3650 4196 3882 4266 Πνεῦμα

2305 4278 2398 4332 τοῦ
2423 4280 2549 4332 Υἱοῦ
2586 4281 2748 4334 αὑτοῦ
2779 4284 2858 4344 είς
2884 4285 2981 4346 τὰς
3008 4285 3231 4353 καρδίας
3262 4285 3432 4354 ὑμῶν.
3449 4286 3671 4356 κράζον.
3689 4287 3878 4350 ’Δϐϐἆ,

2304 4375 2332 4426 6
2371 4373 2574 4444 Πατήρ.
2611 4393 2630 4426 ι
2669 4374 2875 4427 Οὐκοῦν
2908 4377 2954 4427 εἰ
2989 4376 3047 4428 ἐν
3069 4374 3343 4443 Πνεῦματι
3373 4375 3463 4427 τοῦ
3494 4375 3623 4428 Υἱοῦ
3657 4380 3879 4448 παρρη-

649 4465 812 4519 ritum
869 4462 1116 4516 ﬁduciam
1185 4463 1362 4526 nacti,
1429 4461 1648 4516 Patrem
1709 4477 1905 4515 vocare
1952 4462 2206 4515 audemus

2315 4464 2430 4517 σίαν
2473 4465 2665 4536 ἔχομεν
2709 4467 2926 4536 Πατέρα
2959 4466 3140 4519 καλεῖν
3165 4466 3254 4518 τὸν
3281 4466 3434 4528 Θεὸν,
3463 4466 3539 4530 ὡς
3589 4467 3683 4520 τοῦ
3736 4471 3880 4523 κατὰ

648 4556 838 4618 Deum,
875 4562 1128 4622 tanquam
1162 4553 1252 4620 qui
1300 4553 1564 4606 naturalis
1593 4551 1813 4619 verique
1842 4550 1964 4606 Filii
2003 4550 2206 4617 Spiritu

651 4648 817 4700 simus
842 4643 1188 4711 locupletati:
1228 4644 1495 4711 quomodo
1513 4642 1763 4696 Christus
1798 4657 1903 4695 non
1930 4651 2011 4695 est
2041 4640 2201 4704 Deus,

654 4753 756 4791 nou
789 4745 992 4789 tantum
1020 4734 1488 4802 quatenussimilis
1505 4732 1660 4787 nobis
1680 4733 1839 4786 homo
1868 4730 2205 4800 intelligitur,

653 4827 744 4881 sed
772 4837 1035 4895 quatenus
1074 4821 1301 4878 Verbum
1327 4823 1524 4876 factum
1557 4833 1638 4877 est
1673 4838 1818 4886 caro,
1844 4836 2015 4891 neque
2053 4837 2208 4876 secus

652 4934 714 4973 ac
742 4931 840 4971 nos
869 4916 1048 4969 carnis
1075 4923 1129 4969 et
1159 4914 1431 4984 sanguinis
1456 4915 1722 4984 particeps
1756 4912 2003 4968 ell'ectum
2035 4913 2154 4968 est?

725 5025 748 5059 ε
781 5007 910 5074 Quis
943 5021 1040 5060 nos
1068 5005 1342 5075 separabit
1366 5020 1395 5057 a
1426 5005 1692 5058 charitate
1720 5003 1964 5058 Christi?
1991 5002 2210 5057 tribula-

656 5100 728 5153 tio
753 5138 767 5164 ,
818 5114 883 5151 an
917 5098 1159 5168 angustia
1182 5136 1195 5163 ,
1230 5112 1295 5151 an
1339 5095 1541 5159 fames,
1575 5110 1643 5148 an
1683 5094 1896 5149 nuditas
1918 5137 1932 5161 ,
1961 5109 2026 5147 an
2062 5094 2205 5161 peri-

652 5190 870 5253 culurn,
923 5203 988 5241 an
1034 5187 1366 5256 persecutio,
1414 5201 1481 5239 an
1528 5184 1834 5256 gladius"?
1864 5202 1881 5234 ι
1939 5183 2046 5237 Lex
2096 5182 2206 5236 Mo-

650 5280 795 5332 saica
837 5282 977 5333 inter
1006 5289 1198 5332 caetera
1238 5279 1493 5342 dictabat,
1531 5276 1877 5345 graviterque
1921 5275 2197 5344 praecipie-

652 5370 777 5422 bat:
813 5388 831 5420 ι
865 5369 1063 5439 Diliges
1093 5370 1377 5424 Dominum
1416 5372 1577 5422 Deum
1610 5377 1755 5422 tuum
1796 5381 1860 5420 ex
1909 5376 2020 5420 toto
2050 5369 2210 5421 corde

2313 4554 2470 4622 φύσιν
2513 4555 2606 4612 καὶ
2652 4555 2882 4626 ἀληθοῦς
2911 4556 3041 4608 Υίοῦ
3086 4556 3144 4608 τὸ
3179 4555 3400 4627 Πνεῦμα
3429 4561 3835 4626 πλουτήσαντες
3860 4579 3875 4590 ·

2314 4644 2428 4706 πῶς
2455 4644 2515 4696 οὐ
2541 4644 2670 4707 Θεὸς
2713 4647 2740 4696 6
2780 4643 3040 4714 Xptcrt6;;
3075 4646 3136 4698 οὑ
3170 4645 3303 4698 καθὸ
3333 4649 3532 4699 νοεῖται
3569 4648 3691 4700 καθ’
3729 4651 3880 4718 ἡμᾶς

2314 4734 2594 4806 ἄνθρωπος
2647 4736 2823 4806 μόνον,
2853 4737 2989 4789 ἀλλὰ
3035 4737 3167 4789 καθὸ
3215 4738 3401 4806 γέγονε
3456 4737 3591 4808 σὰρξ
3626 4741 3877 4806 όΛὸγος.

2314 4825 2406 4877 καὶ
2439 4827 2736 4896 μετέσχηκε
2768 4827 3158 4898 παραπλησίως
3183 4831 3313 4899 ἡμῖν
3341 4830 3567 4898 αἵματος
3613 4831 3708 4882 καὶ
3746 4847 3882 4902 σαρ-

2314 4916 2408 4979 κός
2425 4932 2439 4980 ;

2392 5022 2409 5055 ι
2444 5003 2538 5066 Τίς
2570 5006 2712 5074 ἡμᾶς
2745 5005 2965 5077 χωρίσει
3017 5007 3122 5059 ἀπὸ
3169 5009 3265 5077 τῆς
3310 5009 3527 5077 ἀγάπης
3571 5009 3666 5062 τοῦ
3697 5009 3880 5075 Θεοδῖ

2312 5095 2486 5165 θλίψις
2510 5135 2524 5159 ,
2570 5096 2603 5164 ἢ
2631 5097 2958 5167 στενοχωρία
2979 5137 2994 5159 ,
3043 5099 3073 5167 ἢ
3105 5099 3339 5167 διωγμὸς
3360 5140 3374 5163 ,
3421 5100 3452 5169 ῆ
3479 5100 3666 5168 λιμὸς,
3692 5100 3731 5170 ἦ
3761 5103 3882 5154 xiv-

2310 5186 2495 5249 δυνος,
2529 5185 2562 5257 ἦ
2593 5185 2874 5257 μάχαιρα;
2907 5206 2924 5237 t
2965 5187 3022 5241 Ὀ
3055 5188 3212 5258 νόμος
3251 5190 3484 5258 ἔφασκεν
3521 5192 3548 5243 6
3589 5190 3676 5244 διὰ
3707 5193 3885 5247 Mnib-

2315 5276 2470 5339 σέως,
2523 5275 2612 5328 καὶ
2671 5275 2884 5345 ἐντολὴν
2935 5277 3198 5329 ἐποιεῖτο·
3242 5297 3261 5329 ‹
3295 5279 3623 5349 Ἀγαπήσεις
3669 5280 3886 5350 Κύριον

2311 5363 2404 5416 τὸν
2446 5363 2578 5416 Θεόν
2622 5381 2715 5416 σου
2750 5363 2809 5428 ἐξ
2832 5364 2959 5433 ὅλης
2989 5365 3086 5435 τῆς
3117 5365 3336 5436 καρδίας
3371 5384 3486 5430 σου,
3529 5369 3622 5420 καὶ
3664 5367 3723 5434 ἐξ
3752 5370 3889 5440 ὅλης

652 5470 763 5523 tuo,
817 5477 881 5516 ex
937 5470 1049 5515 tota
1112 5462 1290 5515 anima
1346 5471 1456 5526 tua,
1509 5469 1562 5513 et
1618 5473 1684 5512 ex
1736 5467 1844 5512 tota
1901 5458 2212 5512 fortitudine

2315 5454 2412 5522 τῆς
2444 5453 2620 5523 ψυχῆς
2663 5472 2775 5516 σου,
2807 5455 2900 5507 καὶ
2937 5455 2994 5518 ἐξ
3041 5455 3166 5526 ὅλης
3217 5457 3317 5525 τῆς
3365 5458 3544 5527 ίσχύος
3569 5475 3682 5511 σου.
3717 5461 3889 5514 »Ὅτε

654 5563 742 5606 tua
769 5553 811 5606 ‘.
845 5571 862 5603 ι
915 5552 1048 5607 Cum
1107 5552 1270 5622 igitur
1328 5552 1709 5616 dilectionem,
1765 5565 1884 5620 qua:
1936 5549 1987 5603 in
2045 5549 2208 5602 Deum

2316 5547 2492 5598 τοίνυν
2531 5548 2627 5616 τὴν
2662 5548 2880 5617 ἀγάπην
2910 5548 3012 5618 τὴν
3041 5545 3116 5617 τῷ
3145 5547 3261 5618 Θεῷ
3293 5550 3774 5619 πρεπωδεστάτην,
3811 5552 3888 5614 ῶς

723 5687 768 5718 ”
795 5685 950 5741 Rom.
981 5701 1075 5743 vu.
1109 5685 1162 5739 4.
1241 5687 1256 5717 ¹
1302 5685 1462 5740 Rom.
1509 5702 1620 5739 vtu.
1658 5684 1810 5740 8-H).
1889 5685 1907 5715 '
1942 5683 2068 5738 ibid.
2105 5681 2189 5749 Μ,
2221 5681 2302 5735 l5.

660 5756 846 5814 Matth.
874 5772 1008 5824 χιιι,
1031 5756 1118 5809 57.

2386 5682 2404 5713 ³
2433 5680 2606 5736 Galat.
2635 5698 2706 5747 tv,
2737 5683 2790 5736 6.
2867 5681 2910 5716 "
2939 5683 3094 5737 Rom.
3126 5697 3243 5747 vin,
3267 5682 3354 5739 55.
3446 5683 3467 5717 ⁸
3498 5685 3648 5742 Deut.
3694 5699 3773 5749 τι,
3825 5688 3886 5751 5;
