  <div class='ocr_page' id='page_1' title='image "/cluster/home/n/w/nwhite01/storage/ocr_20150623/76/pst.000005712755/642.png"; bbox 0 0 4056 6334; ppageno 0'>
   <div class='ocr_carea' id='block_1_1' title="bbox 166 396 311 450">
    <p class='ocr_par' dir='ltr' id='par_1_1' title="bbox 166 396 311 450">
     <span class='ocr_line' id='line_1_1' title="bbox 166 396 311 450; baseline 0 0"><span class='ocrx_word' id='word_1_1' title='bbox 166 396 311 450; x_wconf 70' lang='grc'><strong>1229</strong></span> 
     </span>
    </p>
   </div>
   <div class='ocr_carea' id='block_1_2' title="bbox 1255 391 2281 451">
    <p class='ocr_par' dir='ltr' id='par_1_2' title="bbox 1255 391 2281 451">
     <span class='ocr_line' id='line_1_2' title="bbox 1255 391 2281 451; baseline -0.003 -2"><span class='ocrx_word' id='word_1_2' title='bbox 1255 395 1340 449; x_wconf 86' lang='lat' dir='ltr'><strong>DE</strong></span> <span class='ocrx_word' id='word_1_3' title='bbox 1379 394 1604 451; x_wconf 75' lang='lat' dir='ltr'><strong>llECTA</strong></span> <span class='ocrx_word' id='word_1_4' title='bbox 1644 396 1797 451; x_wconf 83' lang='lat' dir='ltr'><strong>FIDE</strong></span> <span class='ocrx_word' id='word_1_5' title='bbox 1837 397 1927 450; x_wconf 84' lang='lat' dir='ltr'><strong>AD</strong></span> <span class='ocrx_word' id='word_1_6' title='bbox 1968 391 2281 450; x_wconf 75' lang='lat' dir='ltr'><strong>RECINAS.</strong></span> 
     </span>
    </p>
   </div>
   <div class='ocr_carea' id='block_1_3' title="bbox 3246 382 3383 439">
    <p class='ocr_par' dir='ltr' id='par_1_3' title="bbox 3246 382 3383 439">
     <span class='ocr_line' id='line_1_3' title="bbox 3246 382 3383 439; baseline -0.007 0"><span class='ocrx_word' id='word_1_7' title='bbox 3246 382 3383 439; x_wconf 70' lang='grc'><strong>1230</strong></span> 
     </span>
    </p>
   </div>
   <div class='ocr_carea' id='block_1_4' title="bbox 161 500 1735 581">
    <p class='ocr_par' dir='ltr' id='par_1_4' title="bbox 161 505 1727 581">
     <span class='ocr_line' id='line_1_4' title="bbox 161 505 1727 581; baseline 0.002 -20"><span class='ocrx_word' id='word_1_8' title='bbox 161 509 227 576; x_wconf 82' lang='grc' dir='ltr'>ἐξ</span> <span class='ocrx_word' id='word_1_9' title='bbox 258 509 385 577; x_wconf 81' lang='grc' dir='ltr'>ὅλης</span> <span class='ocrx_word' id='word_1_10' title='bbox 412 508 591 577; x_wconf 78' lang='grc' dir='ltr'>ίσχυος</span> <span class='ocrx_word' id='word_1_11' title='bbox 622 506 712 559; x_wconf 75' lang='grc' dir='ltr'><strong>καὶ</strong></span> <span class='ocrx_word' id='word_1_12' title='bbox 733 505 987 561; x_wconf 76' lang='grc' dir='ltr'><strong>ἀνωτάτω</strong></span> <span class='ocrx_word' id='word_1_13' title='bbox 1017 506 1062 569; x_wconf 86' lang='lat' dir='ltr'><strong>i,</strong></span> <span class='ocrx_word' id='word_1_14' title='bbox 1102 508 1189 577; x_wconf 76' lang='grc' dir='ltr'>τὴν</span> <span class='ocrx_word' id='word_1_15' title='bbox 1236 509 1394 580; x_wconf 82' lang='grc' dir='ltr'>μέχρι</span> <span class='ocrx_word' id='word_1_16' title='bbox 1424 511 1601 581; x_wconf 72' lang='grc' dir='ltr'>ψυχῆς</span> <span class='ocrx_word' id='word_1_17' title='bbox 1635 513 1727 564; x_wconf 71' lang='grc' dir='ltr'><strong>καὶ</strong></span> 
     </span>
    </p>
   </div>
   <div class='ocr_carea' id='block_1_5' title="bbox 1838 500 3388 581">
    <p class='ocr_par' dir='ltr' id='par_1_5' title="bbox 1838 500 3388 571">
     <span class='ocr_line' id='line_1_5' title="bbox 1838 500 3388 571; baseline -0.007 -7"><span class='ocrx_word' id='word_1_18' title='bbox 1838 511 2063 564; x_wconf 77' lang='lat' dir='ltr'><strong>maxime</strong></span> <span class='ocrx_word' id='word_1_19' title='bbox 2107 506 2380 566; x_wconf 85' lang='lat' dir='ltr'><strong>convenit,</strong></span> <span class='ocrx_word' id='word_1_20' title='bbox 2431 500 2729 571; x_wconf 85' lang='lat' dir='ltr'><strong>cujusmodi</strong></span> <span class='ocrx_word' id='word_1_21' title='bbox 2767 514 2826 554; x_wconf 92' lang='lat' dir='ltr'><strong>ea</strong></span> <span class='ocrx_word' id='word_1_22' title='bbox 2860 506 2959 563; x_wconf 92' lang='lat' dir='ltr'><strong>est,</strong></span> <span class='ocrx_word' id='word_1_23' title='bbox 2996 512 3115 567; x_wconf 62' lang='lat' dir='ltr'><strong>quae</strong></span> <span class='ocrx_word' id='word_1_24' title='bbox 3160 511 3221 550; x_wconf 80' lang='lat' dir='ltr'><strong>ex</strong></span> <span class='ocrx_word' id='word_1_25' title='bbox 3277 507 3388 553; x_wconf 89' lang='lat' dir='ltr'><strong>tota</strong></span> 
     </span>
    </p>
   </div>
   <div class='ocr_carea' id='block_1_6' title="bbox 160 596 1730 670">
    <p class='ocr_par' dir='ltr' id='par_1_6' title="bbox 160 596 1730 670">
     <span class='ocr_line' id='line_1_6' title="bbox 160 596 1730 670; baseline -0.001 -18"><span class='ocrx_word' id='word_1_26' title='bbox 160 601 401 669; x_wconf 79' lang='grc' dir='ltr'>αἵματος</span> <span class='ocrx_word' id='word_1_27' title='bbox 445 598 538 651; x_wconf 77' lang='grc' dir='ltr'><strong>καὶ</strong></span> <span class='ocrx_word' id='word_1_28' title='bbox 588 596 733 667; x_wconf 86' lang='grc' dir='ltr'>αὐτῷ</span> <span class='ocrx_word' id='word_1_29' title='bbox 778 598 1125 670; x_wconf 78' lang='grc' dir='ltr'><strong>προσάγομεν</strong></span> <span class='ocrx_word' id='word_1_30' title='bbox 1176 597 1252 667; x_wconf 79' lang='grc' dir='ltr'><strong>τῷ</strong></span> <span class='ocrx_word' id='word_1_31' title='bbox 1294 600 1544 669; x_wconf 81' lang='grc' dir='ltr'><strong>Χριστῷ·</strong></span> <span class='ocrx_word' id='word_1_32' title='bbox 1594 600 1676 662; x_wconf 89' lang='grc' dir='ltr'><strong>τίς</strong></span> <span class='ocrx_word' id='word_1_33' title='bbox 1703 602 1730 651; x_wconf 85' lang='grc' dir='ltr'>ὁ</span> 
     </span>
    </p>
   </div>
   <div class='ocr_carea' id='block_1_7' title="bbox 162 688 1731 763">
    <p class='ocr_par' dir='ltr' id='par_1_7' title="bbox 162 688 1731 763">
     <span class='ocr_line' id='line_1_7' title="bbox 162 688 1731 763; baseline 0 -20"><span class='ocrx_word' id='word_1_34' title='bbox 162 692 336 758; x_wconf 80' lang='grc' dir='ltr'>φάναι</span> <span class='ocrx_word' id='word_1_35' title='bbox 358 689 589 758; x_wconf 86' lang='grc' dir='ltr'>τολμῶν,</span> <span class='ocrx_word' id='word_1_36' title='bbox 617 690 690 752; x_wconf 84' lang='grc' dir='ltr'><strong>ὡς</strong></span> <span class='ocrx_word' id='word_1_37' title='bbox 719 690 816 742; x_wconf 80' lang='grc' dir='ltr'><strong>οὐκ</strong></span> <span class='ocrx_word' id='word_1_38' title='bbox 841 690 906 743; x_wconf 81' lang='grc' dir='ltr'><strong>ἂν</strong></span> <span class='ocrx_word' id='word_1_39' title='bbox 935 688 1020 758; x_wconf 84' lang='grc' dir='ltr'><strong>είη</strong></span> <span class='ocrx_word' id='word_1_40' title='bbox 1052 689 1219 756; x_wconf 77' lang='grc' dir='ltr'>Θεόςς</span> <span class='ocrx_word' id='word_1_41' title='bbox 1254 691 1602 763; x_wconf 87' lang='grc' dir='ltr'>Διημάρτηκε</span> <span class='ocrx_word' id='word_1_42' title='bbox 1626 691 1731 761; x_wconf 82' lang='grc' dir='ltr'><strong>γάρ</strong></span> 
     </span>
    </p>
   </div>
   <div class='ocr_carea' id='block_1_8' title="bbox 160 779 1731 851">
    <p class='ocr_par' dir='ltr' id='par_1_8' title="bbox 160 779 1731 851">
     <span class='ocr_line' id='line_1_8' title="bbox 160 779 1731 851; baseline 0.001 -18"><span class='ocrx_word' id='word_1_43' title='bbox 160 780 262 833; x_wconf 88' lang='grc' dir='ltr'><strong>τοῦ</strong></span> <span class='ocrx_word' id='word_1_44' title='bbox 295 780 594 851; x_wconf 79' lang='grc' dir='ltr'><strong>πρέποντος</strong></span> <span class='ocrx_word' id='word_1_45' title='bbox 627 782 745 835; x_wconf 77' lang='grc' dir='ltr'>κατ’</span> <span class='ocrx_word' id='word_1_46' title='bbox 772 779 959 833; x_wconf 79' lang='grc' dir='ltr'>οὐδένα</span> <span class='ocrx_word' id='word_1_47' title='bbox 990 781 1190 851; x_wconf 79' lang='grc' dir='ltr'>τρόπον</span> <span class='ocrx_word' id='word_1_48' title='bbox 1220 783 1249 834; x_wconf 87' lang='grc' dir='ltr'>ὁ</span> <span class='ocrx_word' id='word_1_49' title='bbox 1276 781 1382 834; x_wconf 89' lang='grc' dir='ltr'><strong>τῶν</strong></span> <span class='ocrx_word' id='word_1_50' title='bbox 1412 783 1582 851; x_wconf 81' lang='grc' dir='ltr'>ἁγίων</span> <span class='ocrx_word' id='word_1_51' title='bbox 1612 800 1731 835; x_wconf 86' lang='grc' dir='ltr'>σκο-</span> 
     </span>
    </p>
   </div>
   <div class='ocr_carea' id='block_1_9' title="bbox 162 874 291 937">
    <p class='ocr_par' dir='ltr' id='par_1_9' title="bbox 162 874 291 937">
     <span class='ocr_line' id='line_1_9' title="bbox 162 874 291 937; baseline 0 -12"><span class='ocrx_word' id='word_1_52' title='bbox 162 874 291 937; x_wconf 83' lang='grc' dir='ltr'>πός.</span> 
     </span>
    </p>
   </div>
   <div class='ocr_carea' id='block_1_10' title="bbox 245 1067 1727 1139">
    <p class='ocr_par' dir='ltr' id='par_1_10' title="bbox 245 1067 1727 1139">
     <span class='ocr_line' id='line_1_10' title="bbox 245 1067 1727 1139; baseline 0.002 -18"><span class='ocrx_word' id='word_1_53' title='bbox 245 1087 264 1121; x_wconf 73' lang='grc' dir='ltr'><strong>ι</strong></span> <span class='ocrx_word' id='word_1_54' title='bbox 295 1069 599 1139; x_wconf 79' lang='grc' dir='ltr'>Πέπεισμαι</span> <span class='ocrx_word' id='word_1_55' title='bbox 653 1067 777 1139; x_wconf 81' lang='grc' dir='ltr'>γάρ,</span> <span class='ocrx_word' id='word_1_56' title='bbox 829 1069 910 1122; x_wconf 85' lang='grc' dir='ltr'>ὅτι</span> <span class='ocrx_word' id='word_1_57' title='bbox 957 1068 1079 1122; x_wconf 77' lang='grc' dir='ltr'>οὔτε</span> <span class='ocrx_word' id='word_1_58' title='bbox 1133 1069 1381 1133; x_wconf 89' lang='grc' dir='ltr'>θάνατος,</span> <span class='ocrx_word' id='word_1_59' title='bbox 1426 1069 1549 1124; x_wconf 76' lang='grc' dir='ltr'>οὕτε</span> <span class='ocrx_word' id='word_1_60' title='bbox 1597 1070 1727 1139; x_wconf 80' lang='grc' dir='ltr'>ζωὴ,</span> 
     </span>
    </p>
   </div>
   <div class='ocr_carea' id='block_1_11' title="bbox 161 1160 1732 1232">
    <p class='ocr_par' dir='ltr' id='par_1_11' title="bbox 161 1160 1732 1232">
     <span class='ocr_line' id='line_1_11' title="bbox 161 1160 1732 1232; baseline 0 -18"><span class='ocrx_word' id='word_1_61' title='bbox 161 1162 300 1214; x_wconf 72' lang='grc' dir='ltr'>οὔτε</span> <span class='ocrx_word' id='word_1_62' title='bbox 339 1163 576 1229; x_wconf 82' lang='grc' dir='ltr'>ἄγγελοι,</span> <span class='ocrx_word' id='word_1_63' title='bbox 608 1160 728 1214; x_wconf 76' lang='grc' dir='ltr'>οὔτε</span> <span class='ocrx_word' id='word_1_64' title='bbox 760 1163 943 1232; x_wconf 71' lang='grc' dir='ltr'>ἀρχαὶ,</span> <span class='ocrx_word' id='word_1_65' title='bbox 971 1162 1089 1215; x_wconf 81' lang='grc' dir='ltr'>οὔτε</span> <span class='ocrx_word' id='word_1_66' title='bbox 1126 1164 1411 1226; x_wconf 80' lang='grc' dir='ltr'>ἐνεστῶτα,</span> <span class='ocrx_word' id='word_1_67' title='bbox 1443 1163 1563 1216; x_wconf 76' lang='grc' dir='ltr'>οὔτε</span> <span class='ocrx_word' id='word_1_68' title='bbox 1606 1163 1732 1231; x_wconf 84' lang='grc' dir='ltr'>μέλ-</span> 
     </span>
    </p>
   </div>
   <div class='ocr_carea' id='block_1_12' title="bbox 160 1252 1730 1322">
    <p class='ocr_par' dir='ltr' id='par_1_12' title="bbox 160 1252 1730 1322">
     <span class='ocr_line' id='line_1_12' title="bbox 160 1252 1730 1322; baseline 0.001 -19"><span class='ocrx_word' id='word_1_69' title='bbox 160 1252 351 1315; x_wconf 80' lang='grc' dir='ltr'>λοντα,</span> <span class='ocrx_word' id='word_1_70' title='bbox 380 1253 501 1304; x_wconf 79' lang='grc' dir='ltr'>οῦτε</span> <span class='ocrx_word' id='word_1_71' title='bbox 535 1252 811 1321; x_wconf 87' lang='grc' dir='ltr'>δυνάμεις,</span> <span class='ocrx_word' id='word_1_72' title='bbox 840 1252 962 1304; x_wconf 79' lang='grc' dir='ltr'>οῠτε</span> <span class='ocrx_word' id='word_1_73' title='bbox 998 1252 1216 1321; x_wconf 69' lang='grc' dir='ltr'>ὕψωμα,</span> <span class='ocrx_word' id='word_1_74' title='bbox 1246 1252 1366 1304; x_wconf 67' lang='grc' dir='ltr'>οὔτε</span> <span class='ocrx_word' id='word_1_75' title='bbox 1396 1253 1576 1322; x_wconf 86' lang='grc' dir='ltr'>βάθος,</span> <span class='ocrx_word' id='word_1_76' title='bbox 1609 1253 1730 1306; x_wconf 72' lang='grc' dir='ltr'>οὔτε</span> 
     </span>
    </p>
   </div>
   <div class='ocr_carea' id='block_1_13' title="bbox 164 1342 1731 1413">
    <p class='ocr_par' dir='ltr' id='par_1_13' title="bbox 164 1342 1731 1413">
     <span class='ocr_line' id='line_1_13' title="bbox 164 1342 1731 1413; baseline 0.003 -20"><span class='ocrx_word' id='word_1_77' title='bbox 164 1361 253 1405; x_wconf 83' lang='grc' dir='ltr'><strong>τις</strong></span> <span class='ocrx_word' id='word_1_78' title='bbox 288 1342 462 1405; x_wconf 85' lang='grc' dir='ltr'>κτίσις</span> <span class='ocrx_word' id='word_1_79' title='bbox 488 1342 646 1412; x_wconf 84' lang='grc' dir='ltr'>ἐτέρα</span> <span class='ocrx_word' id='word_1_80' title='bbox 672 1343 955 1413; x_wconf 84' lang='grc' dir='ltr'>δυνήσεται</span> <span class='ocrx_word' id='word_1_81' title='bbox 979 1344 1123 1413; x_wconf 79' lang='grc' dir='ltr'>ἡμᾶς</span> <span class='ocrx_word' id='word_1_82' title='bbox 1145 1344 1369 1413; x_wconf 83' lang='grc' dir='ltr'><strong>χωρίσαι</strong></span> <span class='ocrx_word' id='word_1_83' title='bbox 1394 1344 1493 1413; x_wconf 76' lang='grc' dir='ltr'>τῆς</span> <span class='ocrx_word' id='word_1_84' title='bbox 1516 1344 1731 1413; x_wconf 78' lang='grc' dir='ltr'>ἀγάπης</span> 
     </span>
    </p>
   </div>
   <div class='ocr_carea' id='block_1_14' title="bbox 164 1433 1725 1504">
    <p class='ocr_par' dir='ltr' id='par_1_14' title="bbox 164 1433 1725 1504">
     <span class='ocr_line' id='line_1_14' title="bbox 164 1433 1725 1504; baseline -0.001 -20"><span class='ocrx_word' id='word_1_85' title='bbox 164 1433 265 1485; x_wconf 80' lang='grc' dir='ltr'><strong>τοῦ</strong></span> <span class='ocrx_word' id='word_1_86' title='bbox 298 1433 452 1497; x_wconf 87' lang='grc' dir='ltr'>Θεοῦ,</span> <span class='ocrx_word' id='word_1_87' title='bbox 490 1434 585 1501; x_wconf 79' lang='grc' dir='ltr'>τῆς</span> <span class='ocrx_word' id='word_1_88' title='bbox 616 1436 672 1486; x_wconf 89' lang='grc' dir='ltr'><strong>ἐν</strong></span> <span class='ocrx_word' id='word_1_89' title='bbox 698 1433 917 1503; x_wconf 81' lang='grc' dir='ltr'>Χριστῷ</span> <span class='ocrx_word' id='word_1_90' title='bbox 958 1435 1128 1504; x_wconf 87' lang='grc' dir='ltr'><strong>Ἰησοῦ</strong></span> <span class='ocrx_word' id='word_1_91' title='bbox 1170 1434 1247 1504; x_wconf 81' lang='grc' dir='ltr'>τῷ</span> <span class='ocrx_word' id='word_1_92' title='bbox 1281 1434 1470 1504; x_wconf 81' lang='grc' dir='ltr'>Κυρίῳ</span> <span class='ocrx_word' id='word_1_93' title='bbox 1500 1435 1672 1504; x_wconf 79' lang='grc' dir='ltr'>ἡμῶν.</span> <span class='ocrx_word' id='word_1_94' title='bbox 1708 1454 1725 1483; x_wconf 72' lang='grc' dir='ltr'><strong>ι</strong></span> 
     </span>
    </p>
   </div>
   <div class='ocr_carea' id='block_1_15' title="bbox 168 1521 1733 1591">
    <p class='ocr_par' dir='ltr' id='par_1_15' title="bbox 168 1521 1733 1591">
     <span class='ocr_line' id='line_1_15' title="bbox 168 1521 1733 1591; baseline 0.001 -18"><span class='ocrx_word' id='word_1_95' title='bbox 168 1523 234 1573; x_wconf 84' lang='grc' dir='ltr'>Εἰ</span> <span class='ocrx_word' id='word_1_96' title='bbox 291 1522 454 1590; x_wconf 83' lang='grc' dir='ltr'>μηδὲν</span> <span class='ocrx_word' id='word_1_97' title='bbox 502 1524 639 1582; x_wconf 84' lang='grc' dir='ltr'>ὅλως</span> <span class='ocrx_word' id='word_1_98' title='bbox 674 1523 821 1591; x_wconf 80' lang='grc' dir='ltr'>ἡμᾶς</span> <span class='ocrx_word' id='word_1_99' title='bbox 854 1523 1082 1591; x_wconf 83' lang='grc' dir='ltr'>χωρίσαι</span> <span class='ocrx_word' id='word_1_100' title='bbox 1126 1521 1347 1574; x_wconf 87' lang='grc' dir='ltr'>δύναται</span> <span class='ocrx_word' id='word_1_101' title='bbox 1392 1523 1489 1591; x_wconf 84' lang='grc' dir='ltr'><strong>τῆς</strong></span> <span class='ocrx_word' id='word_1_102' title='bbox 1515 1522 1733 1591; x_wconf 82' lang='grc' dir='ltr'><strong>ἀγάπης</strong></span> 
     </span>
    </p>
   </div>
   <div class='ocr_carea' id='block_1_16' title="bbox 164 1610 1733 1680">
    <p class='ocr_par' dir='ltr' id='par_1_16' title="bbox 164 1610 1733 1680">
     <span class='ocr_line' id='line_1_16' title="bbox 164 1610 1733 1680; baseline -0.001 -18"><span class='ocrx_word' id='word_1_103' title='bbox 164 1610 265 1663; x_wconf 84' lang='grc' dir='ltr'><strong>τοῦ</strong></span> <span class='ocrx_word' id='word_1_104' title='bbox 295 1610 451 1674; x_wconf 90' lang='grc' dir='ltr'>Θεοῦ,</span> <span class='ocrx_word' id='word_1_105' title='bbox 485 1611 781 1679; x_wconf 84' lang='grc' dir='ltr'>πράττεται</span> <span class='ocrx_word' id='word_1_106' title='bbox 818 1610 872 1662; x_wconf 84' lang='grc' dir='ltr'>δὲ</span> <span class='ocrx_word' id='word_1_107' title='bbox 916 1610 1051 1679; x_wconf 83' lang='grc' dir='ltr'>αὑτὴ</span> <span class='ocrx_word' id='word_1_108' title='bbox 1088 1611 1214 1679; x_wconf 81' lang='grc' dir='ltr'>παρ’</span> <span class='ocrx_word' id='word_1_109' title='bbox 1244 1611 1400 1679; x_wconf 80' lang='grc' dir='ltr'>ἡμῶν</span> <span class='ocrx_word' id='word_1_110' title='bbox 1430 1614 1487 1663; x_wconf 89' lang='grc' dir='ltr'><strong>ἐν</strong></span> <span class='ocrx_word' id='word_1_111' title='bbox 1514 1610 1733 1680; x_wconf 77' lang='grc' dir='ltr'>Χριστῷ</span> 
     </span>
    </p>
   </div>
   <div class='ocr_carea' id='block_1_17' title="bbox 186 1700 1733 1771">
    <p class='ocr_par' dir='ltr' id='par_1_17' title="bbox 186 1700 1733 1771">
     <span class='ocr_line' id='line_1_17' title="bbox 186 1700 1733 1771; baseline 0 -18"><span class='ocrx_word' id='word_1_112' title='bbox 186 1701 393 1771; x_wconf 81' lang='grc' dir='ltr'><strong>Ἰησοῦ,</strong></span> <span class='ocrx_word' id='word_1_113' title='bbox 423 1703 539 1764; x_wconf 83' lang='grc' dir='ltr'><strong>πῶς</strong></span> <span class='ocrx_word' id='word_1_114' title='bbox 561 1704 620 1754; x_wconf 87' lang='grc' dir='ltr'><strong>ού</strong></span> <span class='ocrx_word' id='word_1_115' title='bbox 644 1701 773 1764; x_wconf 84' lang='grc' dir='ltr'><strong>Θεὸς</strong></span> <span class='ocrx_word' id='word_1_116' title='bbox 791 1700 1033 1770; x_wconf 77' lang='grc' dir='ltr'>ἐναργῶς</span> <span class='ocrx_word' id='word_1_117' title='bbox 1049 1703 1075 1753; x_wconf 89' lang='grc' dir='ltr'><strong>ό</strong></span> <span class='ocrx_word' id='word_1_118' title='bbox 1106 1701 1338 1769; x_wconf 89' lang='grc' dir='ltr'>Χριστὸς</span> <span class='ocrx_word' id='word_1_119' title='bbox 1355 1741 1368 1767; x_wconf 92' lang='grc'><strong>,</strong></span> <span class='ocrx_word' id='word_1_120' title='bbox 1396 1702 1551 1770; x_wconf 80' lang='grc' dir='ltr'>εῖπερ</span> <span class='ocrx_word' id='word_1_121' title='bbox 1575 1702 1733 1753; x_wconf 84' lang='grc' dir='ltr'>αὑτὸν</span> 
     </span>
    </p>
   </div>
   <div class='ocr_carea' id='block_1_18' title="bbox 166 1791 1736 1861">
    <p class='ocr_par' dir='ltr' id='par_1_18' title="bbox 166 1791 1736 1861">
     <span class='ocr_line' id='line_1_18' title="bbox 166 1791 1736 1861; baseline 0 -18"><span class='ocrx_word' id='word_1_122' title='bbox 166 1792 515 1858; x_wconf 83' lang='grc' dir='ltr'>ἀγαπῶντες,</span> <span class='ocrx_word' id='word_1_123' title='bbox 550 1791 639 1843; x_wconf 88' lang='grc' dir='ltr'><strong>τὸν</strong></span> <span class='ocrx_word' id='word_1_124' title='bbox 670 1791 776 1843; x_wconf 90' lang='grc' dir='ltr'><strong>τῶν</strong></span> <span class='ocrx_word' id='word_1_125' title='bbox 809 1791 943 1843; x_wconf 80' lang='grc' dir='ltr'>ὅλων</span> <span class='ocrx_word' id='word_1_126' title='bbox 974 1791 1274 1861; x_wconf 82' lang='grc' dir='ltr'>ἀγαπῶμεν</span> <span class='ocrx_word' id='word_1_127' title='bbox 1310 1792 1474 1856; x_wconf 87' lang='grc' dir='ltr'>Θεόν;</span> <span class='ocrx_word' id='word_1_128' title='bbox 1506 1793 1736 1861; x_wconf 89' lang='grc' dir='ltr'>Χριστὸν</span> 
     </span>
    </p>
   </div>
   <div class='ocr_carea' id='block_1_19' title="bbox 165 1881 1737 1954">
    <p class='ocr_par' dir='ltr' id='par_1_19' title="bbox 165 1881 1737 1954">
     <span class='ocr_line' id='line_1_19' title="bbox 165 1881 1737 1954; baseline 0.002 -20"><span class='ocrx_word' id='word_1_129' title='bbox 165 1882 227 1934; x_wconf 80' lang='grc' dir='ltr'>δὲ</span> <span class='ocrx_word' id='word_1_130' title='bbox 278 1884 328 1934; x_wconf 82' lang='grc' dir='ltr'><strong>εί</strong></span> <span class='ocrx_word' id='word_1_131' title='bbox 374 1883 607 1952; x_wconf 87' lang='grc' dir='ltr'>λέγοιμι,</span> <span class='ocrx_word' id='word_1_132' title='bbox 634 1881 722 1934; x_wconf 86' lang='grc' dir='ltr'><strong>τὸν</strong></span> <span class='ocrx_word' id='word_1_133' title='bbox 766 1884 828 1934; x_wconf 87' lang='grc' dir='ltr'><strong>ἐκ</strong></span> <span class='ocrx_word' id='word_1_134' title='bbox 875 1881 1009 1935; x_wconf 83' lang='grc' dir='ltr'>Θεοῦ</span> <span class='ocrx_word' id='word_1_135' title='bbox 1058 1882 1228 1950; x_wconf 85' lang='grc' dir='ltr'>Λόγον</span> <span class='ocrx_word' id='word_1_136' title='bbox 1281 1884 1737 1954; x_wconf 88' lang='grc' dir='ltr'>ἐνηνθρωπηκότα</span> 
     </span>
    </p>
   </div>
   <div class='ocr_carea' id='block_1_20' title="bbox 166 1972 338 2043">
    <p class='ocr_par' dir='ltr' id='par_1_20' title="bbox 166 1972 338 2043">
     <span class='ocr_line' id='line_1_20' title="bbox 166 1972 338 2043; baseline 0 -18"><span class='ocrx_word' id='word_1_137' title='bbox 166 1972 338 2043; x_wconf 85' lang='grc' dir='ltr'>δηλῶ.</span> 
     </span>
    </p>
   </div>
   <div class='ocr_carea' id='block_1_21' title="bbox 246 2174 1735 2247">
    <p class='ocr_par' dir='ltr' id='par_1_21' title="bbox 246 2174 1735 2247">
     <span class='ocr_line' id='line_1_21' title="bbox 246 2174 1735 2247; baseline 0.003 -23"><span class='ocrx_word' id='word_1_138' title='bbox 246 2174 504 2238; x_wconf 74' lang='grc' dir='ltr'>«Πάντες</span> <span class='ocrx_word' id='word_1_139' title='bbox 567 2177 674 2247; x_wconf 77' lang='grc' dir='ltr'><strong>γάρ</strong></span> <span class='ocrx_word' id='word_1_140' title='bbox 734 2177 1192 2247; x_wconf 83' lang='grc' dir='ltr'>παραστησόμεθα</span> <span class='ocrx_word' id='word_1_141' title='bbox 1254 2177 1332 2246; x_wconf 87' lang='grc' dir='ltr'>τῷ</span> <span class='ocrx_word' id='word_1_142' title='bbox 1394 2177 1594 2246; x_wconf 86' lang='grc' dir='ltr'>βήματι</span> <span class='ocrx_word' id='word_1_143' title='bbox 1643 2176 1735 2229; x_wconf 88' lang='grc' dir='ltr'><strong>τοῦ</strong></span> 
     </span>
    </p>
   </div>
   <div class='ocr_carea' id='block_1_22' title="bbox 169 2266 1733 2339">
    <p class='ocr_par' dir='ltr' id='par_1_22' title="bbox 169 2266 1733 2339">
     <span class='ocr_line' id='line_1_22' title="bbox 169 2266 1733 2339; baseline 0.002 -22"><span class='ocrx_word' id='word_1_144' title='bbox 169 2266 433 2337; x_wconf 82' lang='grc' dir='ltr'>Χριστοῦ,</span> <span class='ocrx_word' id='word_1_145' title='bbox 466 2286 482 2319; x_wconf 72' lang='grc' dir='ltr'><strong>ι</strong></span> <span class='ocrx_word' id='word_1_146' title='bbox 536 2270 701 2339; x_wconf 83' lang='grc' dir='ltr'>φησί·</span> <span class='ocrx_word' id='word_1_147' title='bbox 749 2267 1208 2337; x_wconf 84' lang='grc' dir='ltr'>παραστησόμεθα</span> <span class='ocrx_word' id='word_1_148' title='bbox 1260 2268 1315 2320; x_wconf 79' lang='grc' dir='ltr'><strong>δὲ</strong></span> <span class='ocrx_word' id='word_1_149' title='bbox 1366 2269 1442 2338; x_wconf 85' lang='grc' dir='ltr'><strong>τῷ</strong></span> <span class='ocrx_word' id='word_1_150' title='bbox 1491 2268 1733 2338; x_wconf 84' lang='grc' dir='ltr'>Χριστῷ.</span> 
     </span>
    </p>
   </div>
   <div class='ocr_carea' id='block_1_23' title="bbox 1835 592 3388 670">
    <p class='ocr_par' dir='ltr' id='par_1_23' title="bbox 1835 592 3388 670">
     <span class='ocr_line' id='line_1_23' title="bbox 1835 592 3388 670; baseline -0.008 -14"><span class='ocrx_word' id='word_1_151' title='bbox 1835 616 2192 670; x_wconf 86' lang='lat' dir='ltr'><strong>supremaque</strong></span> <span class='ocrx_word' id='word_1_152' title='bbox 2228 596 2544 652; x_wconf 74' lang='lat' dir='ltr'><strong>fortitudine</strong></span> <span class='ocrx_word' id='word_1_153' title='bbox 2578 606 2695 650; x_wconf 84' lang='lat' dir='ltr'><strong>orta</strong></span> <span class='ocrx_word' id='word_1_154' title='bbox 2756 594 2819 647; x_wconf 90' lang='lat' dir='ltr'><strong>ad</strong></span> <span class='ocrx_word' id='word_1_155' title='bbox 2860 595 3027 662; x_wconf 89' lang='lat' dir='ltr'><strong>ipsam</strong></span> <span class='ocrx_word' id='word_1_156' title='bbox 3066 606 3235 658; x_wconf 87' lang='lat' dir='ltr'><strong>usque</strong></span> <span class='ocrx_word' id='word_1_157' title='bbox 3271 592 3388 643; x_wconf 90' lang='lat' dir='ltr'><strong>ani-</strong></span> 
     </span>
    </p>
   </div>
   <div class='ocr_carea' id='block_1_24' title="bbox 1834 683 3389 758">
    <p class='ocr_par' dir='ltr' id='par_1_24' title="bbox 1834 683 3389 758">
     <span class='ocr_line' id='line_1_24' title="bbox 1834 683 3389 758; baseline -0.005 -13"><span class='ocrx_word' id='word_1_158' title='bbox 1834 708 1975 745; x_wconf 91' lang='lat' dir='ltr'><strong>mam</strong></span> <span class='ocrx_word' id='word_1_159' title='bbox 2008 704 2060 745; x_wconf 84' lang='lat' dir='ltr'><strong>et</strong></span> <span class='ocrx_word' id='word_1_160' title='bbox 2104 691 2415 758; x_wconf 79' lang='lat' dir='ltr'><strong>sanguinem</strong></span> <span class='ocrx_word' id='word_1_161' title='bbox 2454 688 2730 756; x_wconf 81' lang='lat' dir='ltr'><strong>pertingit,</strong></span> <span class='ocrx_word' id='word_1_162' title='bbox 2760 686 2859 754; x_wconf 87' lang='lat' dir='ltr'><strong>ipsi</strong></span> <span class='ocrx_word' id='word_1_163' title='bbox 2887 684 3103 739; x_wconf 82' lang='lat' dir='ltr'><strong>Christo</strong></span> <span class='ocrx_word' id='word_1_164' title='bbox 3133 683 3389 738; x_wconf 80' lang='lat' dir='ltr'><strong>exhibea-</strong></span> 
     </span>
    </p>
   </div>
   <div class='ocr_carea' id='block_1_25' title="bbox 1834 768 3390 850">
    <p class='ocr_par' dir='ltr' id='par_1_25' title="bbox 1834 768 3390 850">
     <span class='ocr_line' id='line_1_25' title="bbox 1834 768 3390 850; baseline -0.009 -15"><span class='ocrx_word' id='word_1_165' title='bbox 1834 797 1951 836; x_wconf 90' lang='lat' dir='ltr'><strong>mus</strong></span> <span class='ocrx_word' id='word_1_166' title='bbox 1973 822 1987 846; x_wconf 94' lang='lat'><strong>,</strong></span> <span class='ocrx_word' id='word_1_167' title='bbox 2010 781 2128 850; x_wconf 90' lang='lat' dir='ltr'><strong>quis</strong></span> <span class='ocrx_word' id='word_1_168' title='bbox 2159 782 2335 833; x_wconf 85' lang='lat' dir='ltr'><strong>dicere</strong></span> <span class='ocrx_word' id='word_1_169' title='bbox 2366 779 2553 831; x_wconf 83' lang='lat' dir='ltr'><strong>audeat</strong></span> <span class='ocrx_word' id='word_1_170' title='bbox 2592 776 2868 831; x_wconf 84' lang='lat' dir='ltr'><strong>Christum</strong></span> <span class='ocrx_word' id='word_1_171' title='bbox 2898 789 3002 827; x_wconf 91' lang='lat' dir='ltr'><strong>non</strong></span> <span class='ocrx_word' id='word_1_172' title='bbox 3031 787 3149 825; x_wconf 88' lang='lat' dir='ltr'><strong>esse</strong></span> <span class='ocrx_word' id='word_1_173' title='bbox 3188 768 3390 824; x_wconf 84' lang='lat' dir='ltr'><strong>Deum?</strong></span> 
     </span>
    </p>
   </div>
   <div class='ocr_carea' id='block_1_26' title="bbox 1832 857 3393 939">
    <p class='ocr_par' dir='ltr' id='par_1_26' title="bbox 1832 857 3393 939">
     <span class='ocr_line' id='line_1_26' title="bbox 1832 857 3393 939; baseline -0.008 -15"><span class='ocrx_word' id='word_1_174' title='bbox 1832 870 2014 939; x_wconf 87' lang='lat' dir='ltr'><strong>Neque</strong></span> <span class='ocrx_word' id='word_1_175' title='bbox 2053 871 2193 924; x_wconf 89' lang='lat' dir='ltr'><strong>enim</strong></span> <span class='ocrx_word' id='word_1_176' title='bbox 2225 868 2479 922; x_wconf 89' lang='lat' dir='ltr'><strong>credibile</strong></span> <span class='ocrx_word' id='word_1_177' title='bbox 2518 874 2600 919; x_wconf 89' lang='lat' dir='ltr'><strong>est</strong></span> <span class='ocrx_word' id='word_1_178' title='bbox 2643 874 2953 917; x_wconf 86' lang='lat' dir='ltr'><strong>sanctorum</strong></span> <span class='ocrx_word' id='word_1_179' title='bbox 2986 859 3248 930; x_wconf 81' lang='lat' dir='ltr'><strong>judicium</strong></span> <span class='ocrx_word' id='word_1_180' title='bbox 3286 857 3393 911; x_wconf 91' lang='lat' dir='ltr'><strong>ullo</strong></span> 
     </span>
    </p>
   </div>
   <div class='ocr_carea' id='block_1_27' title="bbox 1833 959 2851 1027">
    <p class='ocr_par' dir='ltr' id='par_1_27' title="bbox 1833 959 2851 1027">
     <span class='ocr_line' id='line_1_27' title="bbox 1833 959 2851 1027; baseline -0.007 -12"><span class='ocrx_word' id='word_1_181' title='bbox 1833 963 1992 1015; x_wconf 88' lang='lat' dir='ltr'><strong>modo</strong></span> <span class='ocrx_word' id='word_1_182' title='bbox 2027 978 2055 1014; x_wconf 90' lang='lat' dir='ltr'><strong>a</strong></span> <span class='ocrx_word' id='word_1_183' title='bbox 2088 960 2329 1014; x_wconf 76' lang='lat' dir='ltr'><strong>veritatis</strong></span> <span class='ocrx_word' id='word_1_184' title='bbox 2358 973 2520 1027; x_wconf 86' lang='lat' dir='ltr'><strong>scopo</strong></span> <span class='ocrx_word' id='word_1_185' title='bbox 2545 959 2851 1010; x_wconf 86' lang='lat' dir='ltr'><strong>aberrasse.</strong></span> 
     </span>
    </p>
   </div>
   <div class='ocr_carea' id='block_1_28' title="bbox 1906 1059 3387 1136">
    <p class='ocr_par' dir='ltr' id='par_1_28' title="bbox 1906 1059 3387 1136">
     <span class='ocr_line' id='line_1_28' title="bbox 1906 1059 3387 1136; baseline -0.011 -11"><span class='ocrx_word' id='word_1_186' title='bbox 1906 1094 1924 1125; x_wconf 77' lang='grc' dir='ltr'><strong>ι</strong></span> <span class='ocrx_word' id='word_1_187' title='bbox 1954 1075 2147 1127; x_wconf 87' lang='lat' dir='ltr'><strong>Certus</strong></span> <span class='ocrx_word' id='word_1_188' title='bbox 2174 1086 2289 1124; x_wconf 91' lang='lat' dir='ltr'><strong>sum</strong></span> <span class='ocrx_word' id='word_1_189' title='bbox 2316 1069 2478 1131; x_wconf 90' lang='lat' dir='ltr'><strong>enim,</strong></span> <span class='ocrx_word' id='word_1_190' title='bbox 2508 1069 2632 1135; x_wconf 83' lang='lat' dir='ltr'><strong>quia</strong></span> <span class='ocrx_word' id='word_1_191' title='bbox 2657 1079 2830 1136; x_wconf 90' lang='lat' dir='ltr'><strong>neque</strong></span> <span class='ocrx_word' id='word_1_192' title='bbox 2856 1080 3016 1125; x_wconf 89' lang='lat' dir='ltr'><strong>mors,</strong></span> <span class='ocrx_word' id='word_1_193' title='bbox 3051 1066 3223 1130; x_wconf 86' lang='lat' dir='ltr'><strong>neque</strong></span> <span class='ocrx_word' id='word_1_194' title='bbox 3253 1059 3387 1120; x_wconf 82' lang='lat' dir='ltr'><strong>vita,</strong></span> 
     </span>
    </p>
   </div>
   <div class='ocr_carea' id='block_1_29' title="bbox 1834 1155 3394 1235">
    <p class='ocr_par' dir='ltr' id='par_1_29' title="bbox 1834 1155 3394 1235">
     <span class='ocr_line' id='line_1_29' title="bbox 1834 1155 3394 1235; baseline -0.01 -15"><span class='ocrx_word' id='word_1_195' title='bbox 1834 1181 2007 1235; x_wconf 89' lang='lat' dir='ltr'><strong>neque</strong></span> <span class='ocrx_word' id='word_1_196' title='bbox 2046 1164 2256 1233; x_wconf 85' lang='lat' dir='ltr'><strong>Angeli,</strong></span> <span class='ocrx_word' id='word_1_197' title='bbox 2297 1177 2467 1229; x_wconf 89' lang='lat' dir='ltr'><strong>neque</strong></span> <span class='ocrx_word' id='word_1_198' title='bbox 2508 1160 2882 1227; x_wconf 88' lang='lat' dir='ltr'><strong>Principatus,</strong></span> <span class='ocrx_word' id='word_1_199' title='bbox 2920 1171 3090 1224; x_wconf 88' lang='lat' dir='ltr'><strong>neque</strong></span> <span class='ocrx_word' id='word_1_200' title='bbox 3131 1155 3394 1212; x_wconf 83' lang='lat' dir='ltr'><strong>Virtutes,</strong></span> 
     </span>
    </p>
   </div>
   <div class='ocr_carea' id='block_1_30' title="bbox 1834 1244 3397 1322">
    <p class='ocr_par' dir='ltr' id='par_1_30' title="bbox 1834 1244 3397 1322">
     <span class='ocr_line' id='line_1_30' title="bbox 1834 1244 3397 1322; baseline -0.01 -13"><span class='ocrx_word' id='word_1_201' title='bbox 1834 1269 2009 1322; x_wconf 90' lang='lat' dir='ltr'><strong>neque</strong></span> <span class='ocrx_word' id='word_1_202' title='bbox 2036 1253 2315 1317; x_wconf 90' lang='lat' dir='ltr'><strong>instantia,</strong></span> <span class='ocrx_word' id='word_1_203' title='bbox 2346 1266 2521 1320; x_wconf 89' lang='lat' dir='ltr'><strong>neque</strong></span> <span class='ocrx_word' id='word_1_204' title='bbox 2555 1249 2752 1311; x_wconf 81' lang='lat' dir='ltr'><strong>futura,</strong></span> <span class='ocrx_word' id='word_1_205' title='bbox 2784 1261 2955 1314; x_wconf 86' lang='lat' dir='ltr'><strong>neque</strong></span> <span class='ocrx_word' id='word_1_206' title='bbox 2985 1244 3264 1304; x_wconf 81' lang='lat' dir='ltr'><strong>fortitudo,</strong></span> <span class='ocrx_word' id='word_1_207' title='bbox 3304 1255 3397 1293; x_wconf 88' lang='lat' dir='ltr'><strong>ne-</strong></span> 
     </span>
    </p>
   </div>
   <div class='ocr_carea' id='block_1_31' title="bbox 1834 1341 3395 1415">
    <p class='ocr_par' dir='ltr' id='par_1_31' title="bbox 1834 1341 3395 1415">
     <span class='ocr_line' id='line_1_31' title="bbox 1834 1341 3395 1415; baseline -0.01 -15"><span class='ocrx_word' id='word_1_208' title='bbox 1834 1361 1936 1415; x_wconf 91' lang='lat' dir='ltr'><strong>que</strong></span> <span class='ocrx_word' id='word_1_209' title='bbox 1977 1345 2221 1408; x_wconf 90' lang='lat' dir='ltr'><strong>altitudo,</strong></span> <span class='ocrx_word' id='word_1_210' title='bbox 2278 1358 2451 1412; x_wconf 89' lang='lat' dir='ltr'><strong>neque</strong></span> <span class='ocrx_word' id='word_1_211' title='bbox 2503 1341 2824 1410; x_wconf 85' lang='lat' dir='ltr'><strong>profundum</strong></span> <span class='ocrx_word' id='word_1_212' title='bbox 2854 1377 2869 1401; x_wconf 91' lang='lat'><strong>,</strong></span> <span class='ocrx_word' id='word_1_213' title='bbox 2918 1351 3092 1405; x_wconf 86' lang='lat' dir='ltr'><strong>neque</strong></span> <span class='ocrx_word' id='word_1_214' title='bbox 3145 1342 3395 1389; x_wconf 85' lang='lat' dir='ltr'><strong>creatura</strong></span> 
     </span>
    </p>
   </div>
   <div class='ocr_carea' id='block_1_32' title="bbox 1836 1425 3400 1501">
    <p class='ocr_par' dir='ltr' id='par_1_32' title="bbox 1836 1425 3400 1501">
     <span class='ocr_line' id='line_1_32' title="bbox 1836 1425 3400 1501; baseline -0.01 -13"><span class='ocrx_word' id='word_1_215' title='bbox 1836 1436 1937 1489; x_wconf 91' lang='lat' dir='ltr'><strong>alia</strong></span> <span class='ocrx_word' id='word_1_216' title='bbox 1981 1435 2177 1501; x_wconf 88' lang='lat' dir='ltr'><strong>poterit</strong></span> <span class='ocrx_word' id='word_1_217' title='bbox 2224 1449 2320 1487; x_wconf 88' lang='lat' dir='ltr'><strong>nos</strong></span> <span class='ocrx_word' id='word_1_218' title='bbox 2355 1445 2607 1501; x_wconf 89' lang='lat' dir='ltr'><strong>separare</strong></span> <span class='ocrx_word' id='word_1_219' title='bbox 2647 1445 2676 1483; x_wconf 92' lang='lat' dir='ltr'><strong>a</strong></span> <span class='ocrx_word' id='word_1_220' title='bbox 2706 1428 2971 1483; x_wconf 86' lang='lat' dir='ltr'><strong>charitate</strong></span> <span class='ocrx_word' id='word_1_221' title='bbox 3004 1425 3119 1490; x_wconf 90' lang='lat' dir='ltr'><strong>Dei,</strong></span> <span class='ocrx_word' id='word_1_222' title='bbox 3155 1438 3274 1493; x_wconf 64' lang='lat' dir='ltr'><strong>quae</strong></span> <span class='ocrx_word' id='word_1_223' title='bbox 3316 1433 3400 1473; x_wconf 83' lang='lat' dir='ltr'><strong>est</strong></span> 
     </span>
    </p>
   </div>
   <div class='ocr_carea' id='block_1_33' title="bbox 1838 1511 3399 1578">
    <p class='ocr_par' dir='ltr' id='par_1_33' title="bbox 1838 1511 3399 1578">
     <span class='ocr_line' id='line_1_33' title="bbox 1838 1511 3399 1578; baseline -0.01 0"><span class='ocrx_word' id='word_1_224' title='bbox 1838 1527 1888 1578; x_wconf 92' lang='lat' dir='ltr'><strong>in</strong></span> <span class='ocrx_word' id='word_1_225' title='bbox 1929 1525 2141 1578; x_wconf 84' lang='lat' dir='ltr'><strong>Christo</strong></span> <span class='ocrx_word' id='word_1_226' title='bbox 2185 1522 2307 1577; x_wconf 84' lang='lat' dir='ltr'><strong>Jesu</strong></span> <span class='ocrx_word' id='word_1_227' title='bbox 2355 1523 2578 1576; x_wconf 85' lang='lat' dir='ltr'><strong>Domino</strong></span> <span class='ocrx_word' id='word_1_228' title='bbox 2626 1519 2877 1574; x_wconf 65' lang='lat' dir='ltr'><strong>nostro“.</strong></span> <span class='ocrx_word' id='word_1_229' title='bbox 2931 1537 2949 1568; x_wconf 72' lang='grc' dir='ltr'><strong>ι</strong></span> <span class='ocrx_word' id='word_1_230' title='bbox 2999 1515 3115 1571; x_wconf 87' lang='lat' dir='ltr'><strong>Jam</strong></span> <span class='ocrx_word' id='word_1_231' title='bbox 3168 1514 3211 1568; x_wconf 87' lang='lat' dir='ltr'><strong>si</strong></span> <span class='ocrx_word' id='word_1_232' title='bbox 3268 1511 3399 1566; x_wconf 90' lang='lat' dir='ltr'><strong>nihil</strong></span> 
     </span>
    </p>
   </div>
   <div class='ocr_carea' id='block_1_34' title="bbox 1835 1604 3396 1679">
    <p class='ocr_par' dir='ltr' id='par_1_34' title="bbox 1835 1604 3396 1679">
     <span class='ocr_line' id='line_1_34' title="bbox 1835 1604 3396 1679; baseline -0.009 -10"><span class='ocrx_word' id='word_1_233' title='bbox 1835 1616 2055 1669; x_wconf 88' lang='lat' dir='ltr'><strong>omnino</strong></span> <span class='ocrx_word' id='word_1_234' title='bbox 2084 1629 2115 1667; x_wconf 87' lang='lat' dir='ltr'><strong>a</strong></span> <span class='ocrx_word' id='word_1_235' title='bbox 2139 1613 2401 1667; x_wconf 88' lang='lat' dir='ltr'><strong>charitate</strong></span> <span class='ocrx_word' id='word_1_236' title='bbox 2438 1611 2530 1664; x_wconf 86' lang='lat' dir='ltr'><strong>Dei</strong></span> <span class='ocrx_word' id='word_1_237' title='bbox 2564 1610 2848 1679; x_wconf 79' lang='lat' dir='ltr'><strong>sejungere</strong></span> <span class='ocrx_word' id='word_1_238' title='bbox 2886 1623 2983 1661; x_wconf 90' lang='lat' dir='ltr'><strong>nos</strong></span> <span class='ocrx_word' id='word_1_239' title='bbox 3008 1612 3217 1675; x_wconf 88' lang='lat' dir='ltr'><strong>potest,</strong></span> <span class='ocrx_word' id='word_1_240' title='bbox 3245 1604 3396 1656; x_wconf 79' lang='lat' dir='ltr'><strong>exhi-</strong></span> 
     </span>
    </p>
   </div>
   <div class='ocr_carea' id='block_1_35' title="bbox 1837 1694 3397 1777">
    <p class='ocr_par' dir='ltr' id='par_1_35' title="bbox 1837 1694 3397 1777">
     <span class='ocr_line' id='line_1_35' title="bbox 1837 1694 3397 1777; baseline -0.006 -20"><span class='ocrx_word' id='word_1_241' title='bbox 1837 1704 1994 1759; x_wconf 88' lang='lat' dir='ltr'><strong>betur</strong></span> <span class='ocrx_word' id='word_1_242' title='bbox 2047 1704 2162 1758; x_wconf 66' lang='lat' dir='ltr'><strong>hmo</strong></span> <span class='ocrx_word' id='word_1_243' title='bbox 2212 1714 2391 1757; x_wconf 88' lang='lat' dir='ltr'><strong>autem</strong></span> <span class='ocrx_word' id='word_1_244' title='bbox 2432 1718 2459 1755; x_wconf 90' lang='lat' dir='ltr'><strong>a</strong></span> <span class='ocrx_word' id='word_1_245' title='bbox 2511 1702 2664 1756; x_wconf 86' lang='lat' dir='ltr'><strong>nobis</strong></span> <span class='ocrx_word' id='word_1_246' title='bbox 2718 1702 2768 1753; x_wconf 94' lang='lat' dir='ltr'><strong>in</strong></span> <span class='ocrx_word' id='word_1_247' title='bbox 2802 1696 3181 1777; x_wconf 73' lang='lat' dir='ltr'><strong>ChristoJesu</strong></span> <span class='ocrx_word' id='word_1_248' title='bbox 3232 1712 3245 1746; x_wconf 90' lang='lat'><strong>:</strong></span> <span class='ocrx_word' id='word_1_249' title='bbox 3313 1694 3397 1748; x_wconf 90' lang='lat' dir='ltr'><strong>cui</strong></span> 
     </span>
    </p>
   </div>
   <div class='ocr_carea' id='block_1_36' title="bbox 1838 1788 3400 1864">
    <p class='ocr_par' dir='ltr' id='par_1_36' title="bbox 1838 1788 3400 1864">
     <span class='ocr_line' id='line_1_36' title="bbox 1838 1788 3400 1864; baseline -0.008 -13"><span class='ocrx_word' id='word_1_250' title='bbox 1838 1796 2126 1851; x_wconf 90' lang='lat' dir='ltr'><strong>obscurum</strong></span> <span class='ocrx_word' id='word_1_251' title='bbox 2158 1811 2277 1849; x_wconf 90' lang='lat' dir='ltr'><strong>esse</strong></span> <span class='ocrx_word' id='word_1_252' title='bbox 2321 1803 2512 1864; x_wconf 86' lang='lat' dir='ltr'><strong>potest,</strong></span> <span class='ocrx_word' id='word_1_253' title='bbox 2553 1792 2677 1861; x_wconf 92' lang='lat' dir='ltr'><strong>quin</strong></span> <span class='ocrx_word' id='word_1_254' title='bbox 2713 1791 2959 1844; x_wconf 89' lang='lat' dir='ltr'><strong>Christus</strong></span> <span class='ocrx_word' id='word_1_255' title='bbox 2990 1790 3061 1842; x_wconf 92' lang='lat' dir='ltr'><strong>sit</strong></span> <span class='ocrx_word' id='word_1_256' title='bbox 3102 1788 3240 1842; x_wconf 87' lang='lat' dir='ltr'><strong>Deus</strong></span> <span class='ocrx_word' id='word_1_257' title='bbox 3265 1826 3281 1851; x_wconf 93' lang='lat'><strong>,</strong></span> <span class='ocrx_word' id='word_1_258' title='bbox 3327 1788 3400 1839; x_wconf 88' lang='lat' dir='ltr'><strong>si-</strong></span> 
     </span>
    </p>
   </div>
   <div class='ocr_carea' id='block_1_37' title="bbox 1838 1875 3398 1955">
    <p class='ocr_par' dir='ltr' id='par_1_37' title="bbox 1838 1875 3398 1955">
     <span class='ocr_line' id='line_1_37' title="bbox 1838 1875 3398 1955; baseline -0.008 -17"><span class='ocrx_word' id='word_1_259' title='bbox 1838 1886 2054 1955; x_wconf 84' lang='lat' dir='ltr'><strong>quidem</strong></span> <span class='ocrx_word' id='word_1_260' title='bbox 2108 1888 2281 1954; x_wconf 90' lang='lat' dir='ltr'><strong>ipsum</strong></span> <span class='ocrx_word' id='word_1_261' title='bbox 2331 1892 2597 1943; x_wconf 84' lang='lat' dir='ltr'><strong>amantes,</strong></span> <span class='ocrx_word' id='word_1_262' title='bbox 2655 1880 3026 1933; x_wconf 76' lang='lat' dir='ltr'><strong>universorum</strong></span> <span class='ocrx_word' id='word_1_263' title='bbox 3079 1877 3244 1929; x_wconf 88' lang='lat' dir='ltr'><strong>Deum</strong></span> <span class='ocrx_word' id='word_1_264' title='bbox 3284 1875 3398 1928; x_wconf 87' lang='lat' dir='ltr'><strong>dili-</strong></span> 
     </span>
    </p>
   </div>
   <div class='ocr_carea' id='block_1_38' title="bbox 1838 1967 3397 2043">
    <p class='ocr_par' dir='ltr' id='par_1_38' title="bbox 1838 1967 3397 2043">
     <span class='ocr_line' id='line_1_38' title="bbox 1838 1967 3397 2043; baseline -0.006 -15"><span class='ocrx_word' id='word_1_265' title='bbox 1838 1976 2011 2043; x_wconf 80' lang='lat' dir='ltr'><strong>gimus</strong></span> <span class='ocrx_word' id='word_1_266' title='bbox 2043 1975 2065 2027; x_wconf 71' lang='grc' dir='ltr'>’ί</span> <span class='ocrx_word' id='word_1_267' title='bbox 2097 1974 2364 2027; x_wconf 90' lang='lat' dir='ltr'><strong>Christum</strong></span> <span class='ocrx_word' id='word_1_268' title='bbox 2405 1981 2577 2024; x_wconf 89' lang='lat' dir='ltr'><strong>autem</strong></span> <span class='ocrx_word' id='word_1_269' title='bbox 2600 1969 2724 2023; x_wconf 92' lang='lat' dir='ltr'><strong>dum</strong></span> <span class='ocrx_word' id='word_1_270' title='bbox 2777 1969 3013 2031; x_wconf 90' lang='lat' dir='ltr'><strong>nomino,</strong></span> <span class='ocrx_word' id='word_1_271' title='bbox 3064 1967 3397 2021; x_wconf 86' lang='lat' dir='ltr'><strong>incarnatqu</strong></span> 
     </span>
    </p>
   </div>
   <div class='ocr_carea' id='block_1_39' title="bbox 1837 2061 2498 2132">
    <p class='ocr_par' dir='ltr' id='par_1_39' title="bbox 1837 2061 2498 2132">
     <span class='ocr_line' id='line_1_39' title="bbox 1837 2061 2498 2132; baseline -0.006 -15"><span class='ocrx_word' id='word_1_272' title='bbox 1837 2065 1929 2118; x_wconf 86' lang='lat' dir='ltr'><strong>Dci</strong></span> <span class='ocrx_word' id='word_1_273' title='bbox 1968 2064 2200 2118; x_wconf 83' lang='lat' dir='ltr'><strong>Verbum</strong></span> <span class='ocrx_word' id='word_1_274' title='bbox 2234 2061 2498 2132; x_wconf 78' lang='lat' dir='ltr'><strong>intelligo.</strong></span> 
     </span>
    </p>
   </div>
   <div class='ocr_carea' id='block_1_40' title="bbox 1915 2171 3395 2234">
    <p class='ocr_par' dir='ltr' id='par_1_40' title="bbox 1915 2171 3395 2234">
     <span class='ocr_line' id='line_1_40' title="bbox 1915 2171 3395 2234; baseline -0.005 -6"><span class='ocrx_word' id='word_1_275' title='bbox 1915 2196 1933 2228; x_wconf 78' lang='grc' dir='ltr'><strong>ι</strong></span> <span class='ocrx_word' id='word_1_276' title='bbox 1962 2176 2162 2231; x_wconf 88' lang='lat' dir='ltr'><strong>Omnes</strong></span> <span class='ocrx_word' id='word_1_277' title='bbox 2186 2176 2329 2230; x_wconf 89' lang='lat' dir='ltr'><strong>enim</strong></span> <span class='ocrx_word' id='word_1_278' title='bbox 2355 2176 2618 2228; x_wconf 85' lang='lat' dir='ltr'><strong>stabimus</strong></span> <span class='ocrx_word' id='word_1_279' title='bbox 2653 2183 2777 2227; x_wconf 86' lang='lat' dir='ltr'><strong>ante</strong></span> <span class='ocrx_word' id='word_1_280' title='bbox 2818 2172 3051 2226; x_wconf 87' lang='lat' dir='ltr'><strong>tribunal</strong></span> <span class='ocrx_word' id='word_1_281' title='bbox 3084 2171 3287 2226; x_wconf 85' lang='lat' dir='ltr'><strong>Christi</strong></span> <span class='ocrx_word' id='word_1_282' title='bbox 3308 2172 3348 2234; x_wconf 81' lang='grc'>⁸,</span> <span class='ocrx_word' id='word_1_283' title='bbox 3378 2190 3395 2220; x_wconf 73' lang='grc' dir='ltr'><strong>ι</strong></span> 
     </span>
    </p>
   </div>
   <div class='ocr_carea' id='block_1_41' title="bbox 1841 2261 3402 2333">
    <p class='ocr_par' dir='ltr' id='par_1_41' title="bbox 1841 2261 3402 2333">
     <span class='ocr_line' id='line_1_41' title="bbox 1841 2261 3402 2333; baseline -0.004 -13"><span class='ocrx_word' id='word_1_284' title='bbox 1841 2267 2050 2333; x_wconf 87' lang='lat' dir='ltr'><strong>inquit;</strong></span> <span class='ocrx_word' id='word_1_285' title='bbox 2080 2279 2269 2320; x_wconf 84' lang='lat' dir='ltr'><strong>omnes</strong></span> <span class='ocrx_word' id='word_1_286' title='bbox 2301 2275 2480 2319; x_wconf 90' lang='lat' dir='ltr'><strong>autem</strong></span> <span class='ocrx_word' id='word_1_287' title='bbox 2511 2263 2765 2317; x_wconf 84' lang='lat' dir='ltr'><strong>sistemur</strong></span> <span class='ocrx_word' id='word_1_288' title='bbox 2795 2262 3010 2316; x_wconf 85' lang='lat' dir='ltr'><strong>Christo</strong></span> <span class='ocrx_word' id='word_1_289' title='bbox 3040 2278 3053 2316; x_wconf 89' lang='lat'><strong>:</strong></span> <span class='ocrx_word' id='word_1_290' title='bbox 3082 2262 3289 2316; x_wconf 83' lang='lat' dir='ltr'><strong>sedebit</strong></span> <span class='ocrx_word' id='word_1_291' title='bbox 3314 2261 3402 2314; x_wconf 84' lang='lat' dir='ltr'><strong>hic</strong></span> 
     </span>
    </p>
   </div>
   <div class='ocr_carea' id='block_1_42' title="bbox 172 2353 1735 2429">
    <p class='ocr_par' dir='ltr' id='par_1_42' title="bbox 172 2356 1735 2429">
     <span class='ocr_line' id='line_1_42' title="bbox 172 2356 1735 2429; baseline -0.001 -20"><span class='ocrx_word' id='word_1_292' title='bbox 172 2356 459 2410; x_wconf 82' lang='grc' dir='ltr'>Καθιεῖται</span> <span class='ocrx_word' id='word_1_293' title='bbox 494 2359 598 2427; x_wconf 74' lang='grc' dir='ltr'><strong>γὰρ</strong></span> <span class='ocrx_word' id='word_1_294' title='bbox 644 2358 736 2409; x_wconf 72' lang='grc' dir='ltr'><strong>ἐπὶ</strong></span> <span class='ocrx_word' id='word_1_295' title='bbox 783 2358 969 2426; x_wconf 79' lang='grc' dir='ltr'>θρόνου</span> <span class='ocrx_word' id='word_1_296' title='bbox 997 2357 1152 2425; x_wconf 80' lang='grc' dir='ltr'>δόξης</span> <span class='ocrx_word' id='word_1_297' title='bbox 1194 2356 1378 2421; x_wconf 85' lang='grc' dir='ltr'>αὐτοῦ,</span> <span class='ocrx_word' id='word_1_298' title='bbox 1411 2359 1611 2429; x_wconf 89' lang='grc' dir='ltr'>κρίνων</span> <span class='ocrx_word' id='word_1_299' title='bbox 1641 2362 1735 2424; x_wconf 58' lang='lat' dir='ltr'><strong>th:</strong></span> 
     </span>
    </p>
   </div>
   <div class='ocr_carea' id='block_1_43' title="bbox 1838 2353 3398 2429">
    <p class='ocr_par' dir='ltr' id='par_1_43' title="bbox 1840 2353 3398 2425">
     <span class='ocr_line' id='line_1_43' title="bbox 1840 2353 3398 2425; baseline -0.003 -14"><span class='ocrx_word' id='word_1_300' title='bbox 1840 2359 1979 2411; x_wconf 90' lang='lat' dir='ltr'><strong>enim</strong></span> <span class='ocrx_word' id='word_1_301' title='bbox 2030 2371 2190 2425; x_wconf 89' lang='lat' dir='ltr'><strong>super</strong></span> <span class='ocrx_word' id='word_1_302' title='bbox 2240 2356 2492 2408; x_wconf 89' lang='lat' dir='ltr'><strong>thronum</strong></span> <span class='ocrx_word' id='word_1_303' title='bbox 2537 2353 2722 2422; x_wconf 73' lang='lat' dir='ltr'><strong>gloria:</strong></span> <span class='ocrx_word' id='word_1_304' title='bbox 2770 2368 2918 2417; x_wconf 75' lang='lat' dir='ltr'><strong>suae,</strong></span> <span class='ocrx_word' id='word_1_305' title='bbox 2962 2368 3067 2422; x_wconf 90' lang='lat' dir='ltr'><strong>quo</strong></span> <span class='ocrx_word' id='word_1_306' title='bbox 3129 2363 3398 2407; x_wconf 86' lang='lat' dir='ltr'><strong>terrarum</strong></span> 
     </span>
    </p>
   </div>
   <div class='ocr_carea' id='block_1_44' title="bbox 167 2444 1735 2519">
    <p class='ocr_par' dir='ltr' id='par_1_44' title="bbox 167 2449 1735 2519">
     <span class='ocr_line' id='line_1_44' title="bbox 167 2449 1735 2519; baseline 0.001 -18"><span class='ocrx_word' id='word_1_307' title='bbox 167 2449 497 2519; x_wconf 75' lang='grc' dir='ltr'>οἰκουμένην</span> <span class='ocrx_word' id='word_1_308' title='bbox 557 2451 613 2500; x_wconf 86' lang='grc' dir='ltr'><strong>ἐν</strong></span> <span class='ocrx_word' id='word_1_309' title='bbox 684 2449 1017 2519; x_wconf 80' lang='grc' dir='ltr'>δικαιοσύνῃ.</span> <span class='ocrx_word' id='word_1_310' title='bbox 1089 2449 1277 2503; x_wconf 85' lang='grc' dir='ltr'>Καίτοι</span> <span class='ocrx_word' id='word_1_311' title='bbox 1344 2449 1588 2516; x_wconf 86' lang='grc' dir='ltr'>λέγοντος</span> <span class='ocrx_word' id='word_1_312' title='bbox 1647 2452 1735 2503; x_wconf 88' lang='grc' dir='ltr'><strong>τοῦ</strong></span> 
     </span>
    </p>
   </div>
   <div class='ocr_carea' id='block_1_45' title="bbox 1838 2444 3401 2519">
    <p class='ocr_par' dir='ltr' id='par_1_45' title="bbox 1840 2444 3401 2515">
     <span class='ocr_line' id='line_1_45' title="bbox 1840 2444 3401 2515; baseline -0.003 -12"><span class='ocrx_word' id='word_1_313' title='bbox 1840 2451 2025 2503; x_wconf 91' lang='lat' dir='ltr'><strong>orbem</strong></span> <span class='ocrx_word' id='word_1_314' title='bbox 2055 2448 2260 2513; x_wconf 89' lang='lat' dir='ltr'><strong>judicet</strong></span> <span class='ocrx_word' id='word_1_315' title='bbox 2312 2447 2362 2500; x_wconf 91' lang='lat' dir='ltr'><strong>in</strong></span> <span class='ocrx_word' id='word_1_316' title='bbox 2400 2445 2631 2515; x_wconf 85' lang='lat' dir='ltr'><strong>justitia.</strong></span> <span class='ocrx_word' id='word_1_317' title='bbox 2668 2444 2805 2498; x_wconf 90' lang='lat' dir='ltr'><strong>Cum</strong></span> <span class='ocrx_word' id='word_1_318' title='bbox 2856 2460 2985 2513; x_wconf 82' lang='lat' dir='ltr'><strong>ergo</strong></span> <span class='ocrx_word' id='word_1_319' title='bbox 3016 2445 3181 2499; x_wconf 83' lang='lat' dir='ltr'><strong>David</strong></span> <span class='ocrx_word' id='word_1_320' title='bbox 3229 2444 3401 2500; x_wconf 89' lang='lat' dir='ltr'><strong>Deum</strong></span> 
     </span>
    </p>
   </div>
   <div class='ocr_carea' id='block_1_46' title="bbox 168 2535 1735 2611">
    <p class='ocr_par' dir='ltr' id='par_1_46' title="bbox 168 2535 1735 2611">
     <span class='ocr_line' id='line_1_46' title="bbox 168 2535 1735 2611; baseline 0.004 -24"><span class='ocrx_word' id='word_1_321' title='bbox 168 2536 358 2601; x_wconf 78' lang='grc' dir='ltr'>Δαυῒδ,</span> <span class='ocrx_word' id='word_1_322' title='bbox 387 2538 467 2589; x_wconf 82' lang='grc' dir='ltr'><strong>ὅτι</strong></span> <span class='ocrx_word' id='word_1_323' title='bbox 508 2536 636 2597; x_wconf 87' lang='grc' dir='ltr'>Θεὸς</span> <span class='ocrx_word' id='word_1_324' title='bbox 682 2536 871 2606; x_wconf 82' lang='grc' dir='ltr'>κριτής</span> <span class='ocrx_word' id='word_1_325' title='bbox 902 2537 1036 2588; x_wconf 81' lang='grc' dir='ltr'>ἐστι’</span> <span class='ocrx_word' id='word_1_326' title='bbox 1064 2535 1193 2600; x_wconf 83' lang='grc' dir='ltr'>Θεὸς</span> <span class='ocrx_word' id='word_1_327' title='bbox 1221 2538 1327 2608; x_wconf 84' lang='grc' dir='ltr'>ἄρα</span> <span class='ocrx_word' id='word_1_328' title='bbox 1355 2540 1499 2592; x_wconf 68' lang='grc' dir='ltr'>ἐστὶν</span> <span class='ocrx_word' id='word_1_329' title='bbox 1534 2543 1560 2593; x_wconf 86' lang='grc' dir='ltr'>ὁ</span> <span class='ocrx_word' id='word_1_330' title='bbox 1606 2542 1735 2611; x_wconf 88' lang='grc' dir='ltr'>Χρι-</span> 
     </span>
    </p>
   </div>
   <div class='ocr_carea' id='block_1_47' title="bbox 1838 2535 3402 2611">
    <p class='ocr_par' dir='ltr' id='par_1_47' title="bbox 1838 2536 3402 2608">
     <span class='ocr_line' id='line_1_47' title="bbox 1838 2536 3402 2608; baseline 0.001 -17"><span class='ocrx_word' id='word_1_331' title='bbox 1838 2541 2071 2608; x_wconf 76' lang='lat' dir='ltr'><strong>judicent</strong></span> <span class='ocrx_word' id='word_1_332' title='bbox 2114 2546 2286 2603; x_wconf 87' lang='lat' dir='ltr'><strong>vocet,</strong></span> <span class='ocrx_word' id='word_1_333' title='bbox 2325 2538 2674 2606; x_wconf 82' lang='lat' dir='ltr'><strong>consequitur</strong></span> <span class='ocrx_word' id='word_1_334' title='bbox 2717 2536 2937 2591; x_wconf 89' lang='lat' dir='ltr'><strong>omnino</strong></span> <span class='ocrx_word' id='word_1_335' title='bbox 2964 2536 3238 2591; x_wconf 87' lang='lat' dir='ltr'><strong>Christum</strong></span> <span class='ocrx_word' id='word_1_336' title='bbox 3280 2552 3402 2592; x_wconf 85' lang='lat' dir='ltr'><strong>esse</strong></span> 
     </span>
    </p>
   </div>
   <div class='ocr_carea' id='block_1_48' title="bbox 172 2628 1735 2690">
    <p class='ocr_par' dir='ltr' id='par_1_48' title="bbox 172 2628 324 2690">
     <span class='ocr_line' id='line_1_48' title="bbox 172 2628 324 2690; baseline 0.007 -9"><span class='ocrx_word' id='word_1_337' title='bbox 172 2628 324 2690; x_wconf 85' lang='grc' dir='ltr'>στός.</span> 
     </span>
    </p>
   </div>
   <div class='ocr_carea' id='block_1_49' title="bbox 1838 2628 2030 2690">
    <p class='ocr_par' dir='ltr' id='par_1_49' title="bbox 1845 2630 2030 2684">
     <span class='ocr_line' id='line_1_49' title="bbox 1845 2630 2030 2684; baseline 0.011 -2"><span class='ocrx_word' id='word_1_338' title='bbox 1845 2630 2030 2684; x_wconf 88' lang='lat' dir='ltr'><strong>Deum.</strong></span> 
     </span>
    </p>
   </div>
   <div class='ocr_carea' id='block_1_50' title="bbox 252 2739 1735 2814">
    <p class='ocr_par' dir='ltr' id='par_1_50' title="bbox 252 2739 1735 2814">
     <span class='ocr_line' id='line_1_50' title="bbox 252 2739 1735 2814; baseline 0.003 -23"><span class='ocrx_word' id='word_1_339' title='bbox 252 2760 272 2791; x_wconf 72' lang='grc' dir='ltr'><strong>ι</strong></span> <span class='ocrx_word' id='word_1_340' title='bbox 303 2739 708 2810; x_wconf 85' lang='grc' dir='ltr'>Τολμηρότερον</span> <span class='ocrx_word' id='word_1_341' title='bbox 756 2739 810 2792; x_wconf 83' lang='grc' dir='ltr'><strong>δὲ</strong></span> <span class='ocrx_word' id='word_1_342' title='bbox 862 2739 1073 2809; x_wconf 75' lang='grc' dir='ltr'>ἔγραψα</span> <span class='ocrx_word' id='word_1_343' title='bbox 1121 2742 1248 2809; x_wconf 80' lang='grc' dir='ltr'>ὑμῖν</span> <span class='ocrx_word' id='word_1_344' title='bbox 1278 2742 1385 2794; x_wconf 83' lang='grc' dir='ltr'><strong>άπὸ</strong></span> <span class='ocrx_word' id='word_1_345' title='bbox 1416 2743 1631 2814; x_wconf 84' lang='grc' dir='ltr'>μέρους,</span> <span class='ocrx_word' id='word_1_346' title='bbox 1666 2744 1735 2807; x_wconf 85' lang='grc' dir='ltr'><strong>ὡς</strong></span> 
     </span>
    </p>
   </div>
   <div class='ocr_carea' id='block_1_51' title="bbox 1838 2739 3399 2814">
    <p class='ocr_par' dir='ltr' id='par_1_51' title="bbox 1917 2740 3399 2811">
     <span class='ocr_line' id='line_1_51' title="bbox 1917 2740 3399 2811; baseline 0.003 -18"><span class='ocrx_word' id='word_1_347' title='bbox 1917 2760 1936 2793; x_wconf 75' lang='grc' dir='ltr'><strong>ι</strong></span> <span class='ocrx_word' id='word_1_348' title='bbox 1962 2740 2230 2794; x_wconf 83' lang='lat' dir='ltr'><strong>Audacius</strong></span> <span class='ocrx_word' id='word_1_349' title='bbox 2257 2749 2429 2793; x_wconf 90' lang='lat' dir='ltr'><strong>autem</strong></span> <span class='ocrx_word' id='word_1_350' title='bbox 2459 2742 2646 2809; x_wconf 90' lang='lat' dir='ltr'><strong>scripsi</strong></span> <span class='ocrx_word' id='word_1_351' title='bbox 2679 2741 2847 2805; x_wconf 81' lang='lat' dir='ltr'><strong>vobis,</strong></span> <span class='ocrx_word' id='word_1_352' title='bbox 2886 2742 3098 2806; x_wconf 84' lang='lat' dir='ltr'><strong>fratres,</strong></span> <span class='ocrx_word' id='word_1_353' title='bbox 3123 2757 3187 2797; x_wconf 82' lang='lat' dir='ltr'><strong>ex</strong></span> <span class='ocrx_word' id='word_1_354' title='bbox 3227 2752 3399 2811; x_wconf 85' lang='lat' dir='ltr'><strong>parte,</strong></span> 
     </span>
    </p>
   </div>
   <div class='ocr_carea' id='block_1_52' title="bbox 169 2830 1735 2903">
    <p class='ocr_par' dir='ltr' id='par_1_52' title="bbox 169 2830 1735 2903">
     <span class='ocr_line' id='line_1_52' title="bbox 169 2830 1735 2903; baseline 0.003 -21"><span class='ocrx_word' id='word_1_355' title='bbox 169 2830 607 2899; x_wconf 81' lang='grc' dir='ltr'>ἀναμιμνήσκων</span> <span class='ocrx_word' id='word_1_356' title='bbox 640 2830 803 2898; x_wconf 81' lang='grc' dir='ltr'>ὑμᾶς,</span> <span class='ocrx_word' id='word_1_357' title='bbox 825 2830 911 2882; x_wconf 84' lang='grc' dir='ltr'><strong>διά</strong></span> <span class='ocrx_word' id='word_1_358' title='bbox 935 2832 1031 2899; x_wconf 86' lang='grc' dir='ltr'><strong>τὴν</strong></span> <span class='ocrx_word' id='word_1_359' title='bbox 1062 2832 1220 2900; x_wconf 86' lang='grc' dir='ltr'>χάριν</span> <span class='ocrx_word' id='word_1_360' title='bbox 1248 2833 1344 2901; x_wconf 80' lang='grc' dir='ltr'>τὴν</span> <span class='ocrx_word' id='word_1_361' title='bbox 1369 2834 1610 2887; x_wconf 86' lang='grc' dir='ltr'>δοθεῖσάν</span> <span class='ocrx_word' id='word_1_362' title='bbox 1650 2852 1735 2903; x_wconf 86' lang='grc' dir='ltr'><strong>μοι</strong></span> 
     </span>
    </p>
   </div>
   <div class='ocr_carea' id='block_1_53' title="bbox 1838 2830 3396 2903">
    <p class='ocr_par' dir='ltr' id='par_1_53' title="bbox 1845 2830 3396 2901">
     <span class='ocr_line' id='line_1_53' title="bbox 1845 2830 3396 2901; baseline 0.001 -17"><span class='ocrx_word' id='word_1_363' title='bbox 1845 2841 2097 2899; x_wconf 90' lang='lat' dir='ltr'><strong>tanquam</strong></span> <span class='ocrx_word' id='word_1_364' title='bbox 2156 2830 2207 2883; x_wconf 93' lang='lat' dir='ltr'><strong>in</strong></span> <span class='ocrx_word' id='word_1_365' title='bbox 2266 2832 2578 2883; x_wconf 90' lang='lat' dir='ltr'><strong>memoriam</strong></span> <span class='ocrx_word' id='word_1_366' title='bbox 2640 2844 2732 2883; x_wconf 89' lang='lat' dir='ltr'><strong>vos</strong></span> <span class='ocrx_word' id='word_1_367' title='bbox 2802 2831 3105 2898; x_wconf 88' lang='lat' dir='ltr'><strong>reducens,</strong></span> <span class='ocrx_word' id='word_1_368' title='bbox 3172 2841 3396 2901; x_wconf 83' lang='lat' dir='ltr'><strong>propter</strong></span> 
     </span>
    </p>
   </div>
   <div class='ocr_carea' id='block_1_54' title="bbox 172 2916 1735 2994">
    <p class='ocr_par' dir='ltr' id='par_1_54' title="bbox 172 2916 1735 2994">
     <span class='ocr_line' id='line_1_54' title="bbox 172 2916 1735 2994; baseline 0.003 -22"><span class='ocrx_word' id='word_1_369' title='bbox 172 2920 283 2972; x_wconf 83' lang='grc' dir='ltr'><strong>ὑπὸ</strong></span> <span class='ocrx_word' id='word_1_370' title='bbox 332 2918 424 2970; x_wconf 83' lang='grc' dir='ltr'><strong>τοῦ</strong></span> <span class='ocrx_word' id='word_1_371' title='bbox 474 2918 629 2981; x_wconf 87' lang='grc' dir='ltr'>Θεοῦ,</span> <span class='ocrx_word' id='word_1_372' title='bbox 676 2920 758 2981; x_wconf 83' lang='grc' dir='ltr'><strong>είς</strong></span> <span class='ocrx_word' id='word_1_373' title='bbox 801 2919 860 2971; x_wconf 90' lang='grc' dir='ltr'><strong>τὸ</strong></span> <span class='ocrx_word' id='word_1_374' title='bbox 911 2916 1049 2972; x_wconf 87' lang='grc' dir='ltr'>εἷναί</span> <span class='ocrx_word' id='word_1_375' title='bbox 1100 2938 1167 2987; x_wconf 92' lang='grc' dir='ltr'><strong>με</strong></span> <span class='ocrx_word' id='word_1_376' title='bbox 1221 2920 1527 2991; x_wconf 83' lang='grc' dir='ltr'>λειτουργὸν</span> <span class='ocrx_word' id='word_1_377' title='bbox 1566 2925 1735 2994; x_wconf 83' lang='grc' dir='ltr'>Ἰησοῦ</span> 
     </span>
    </p>
   </div>
   <div class='ocr_carea' id='block_1_55' title="bbox 1838 2916 3402 2994">
    <p class='ocr_par' dir='ltr' id='par_1_55' title="bbox 1841 2921 3402 2991">
     <span class='ocr_line' id='line_1_55' title="bbox 1841 2921 3402 2991; baseline 0 -18"><span class='ocrx_word' id='word_1_378' title='bbox 1841 2924 2068 2991; x_wconf 83' lang='lat' dir='ltr'><strong>gratiam</strong></span> <span class='ocrx_word' id='word_1_379' title='bbox 2107 2936 2223 2989; x_wconf 63' lang='lat' dir='ltr'><strong>quae</strong></span> <span class='ocrx_word' id='word_1_380' title='bbox 2256 2922 2373 2975; x_wconf 90' lang='lat' dir='ltr'><strong>data</strong></span> <span class='ocrx_word' id='word_1_381' title='bbox 2409 2929 2490 2972; x_wconf 92' lang='lat' dir='ltr'><strong>est</strong></span> <span class='ocrx_word' id='word_1_382' title='bbox 2533 2921 2663 2973; x_wconf 90' lang='lat' dir='ltr'><strong>mihi</strong></span> <span class='ocrx_word' id='word_1_383' title='bbox 2696 2936 2724 2972; x_wconf 88' lang='lat' dir='ltr'><strong>a</strong></span> <span class='ocrx_word' id='word_1_384' title='bbox 2752 2921 2885 2985; x_wconf 89' lang='lat' dir='ltr'><strong>Deo,</strong></span> <span class='ocrx_word' id='word_1_385' title='bbox 2912 2932 2971 2975; x_wconf 89' lang='lat' dir='ltr'><strong>ut</strong></span> <span class='ocrx_word' id='word_1_386' title='bbox 3013 2922 3114 2975; x_wconf 91' lang='lat' dir='ltr'><strong>sim</strong></span> <span class='ocrx_word' id='word_1_387' title='bbox 3155 2923 3402 2977; x_wconf 90' lang='lat' dir='ltr'><strong>minister</strong></span> 
     </span>
    </p>
   </div>
   <div class='ocr_carea' id='block_1_56' title="bbox 170 3009 1735 3082">
    <p class='ocr_par' dir='ltr' id='par_1_56' title="bbox 170 3009 1735 3082">
     <span class='ocr_line' id='line_1_56' title="bbox 170 3009 1735 3082; baseline 0.003 -19"><span class='ocrx_word' id='word_1_388' title='bbox 170 3009 416 3081; x_wconf 81' lang='grc' dir='ltr'>Χριστοῦ</span> <span class='ocrx_word' id='word_1_389' title='bbox 441 3012 517 3071; x_wconf 85' lang='grc' dir='ltr'><strong>είς</strong></span> <span class='ocrx_word' id='word_1_390' title='bbox 544 3010 612 3061; x_wconf 83' lang='grc' dir='ltr'>τὰ</span> <span class='ocrx_word' id='word_1_391' title='bbox 643 3009 791 3079; x_wconf 78' lang='grc' dir='ltr'>ἔθνη,</span> <span class='ocrx_word' id='word_1_392' title='bbox 820 3010 887 3062; x_wconf 81' lang='grc' dir='ltr'><strong>τά</strong></span> <span class='ocrx_word' id='word_1_393' title='bbox 920 3010 1300 3080; x_wconf 77' lang='grc' dir='ltr'>ἱερουργοῦντα</span> <span class='ocrx_word' id='word_1_394' title='bbox 1323 3013 1381 3065; x_wconf 84' lang='grc' dir='ltr'><strong>τὸ</strong></span> <span class='ocrx_word' id='word_1_395' title='bbox 1410 3015 1735 3082; x_wconf 85' lang='grc' dir='ltr'>Εύαγγέλιον</span> 
     </span>
    </p>
   </div>
   <div class='ocr_carea' id='block_1_57' title="bbox 1838 3009 3393 3082">
    <p class='ocr_par' dir='ltr' id='par_1_57' title="bbox 1839 3010 3393 3081">
     <span class='ocr_line' id='line_1_57' title="bbox 1839 3010 3393 3081; baseline 0 -16"><span class='ocrx_word' id='word_1_396' title='bbox 1839 3010 1965 3065; x_wconf 81' lang='lat' dir='ltr'><strong>Jesu</strong></span> <span class='ocrx_word' id='word_1_397' title='bbox 1994 3010 2190 3065; x_wconf 87' lang='lat' dir='ltr'><strong>Christi</strong></span> <span class='ocrx_word' id='word_1_398' title='bbox 2234 3010 2286 3063; x_wconf 91' lang='lat' dir='ltr'><strong>in</strong></span> <span class='ocrx_word' id='word_1_399' title='bbox 2337 3010 2587 3078; x_wconf 81' lang='lat' dir='ltr'><strong>gentibus</strong></span> <span class='ocrx_word' id='word_1_400' title='bbox 2610 3050 2625 3073; x_wconf 90' lang='lat'><strong>,</strong></span> <span class='ocrx_word' id='word_1_401' title='bbox 2659 3011 3007 3066; x_wconf 82' lang='lat' dir='ltr'><strong>sanctiﬁcans</strong></span> <span class='ocrx_word' id='word_1_402' title='bbox 3046 3012 3393 3081; x_wconf 77' lang='lat' dir='ltr'><strong>Evangelium</strong></span> 
     </span>
    </p>
   </div>
   <div class='ocr_carea' id='block_1_58' title="bbox 168 3098 1738 3173">
    <p class='ocr_par' dir='ltr' id='par_1_58' title="bbox 168 3098 1738 3173">
     <span class='ocr_line' id='line_1_58' title="bbox 168 3098 1738 3173; baseline 0.005 -21"><span class='ocrx_word' id='word_1_403' title='bbox 168 3100 272 3152; x_wconf 90' lang='grc' dir='ltr'><strong>τοῦ</strong></span> <span class='ocrx_word' id='word_1_404' title='bbox 321 3098 455 3151; x_wconf 83' lang='grc' dir='ltr'>Θεοῦ</span> <span class='ocrx_word' id='word_1_405' title='bbox 476 3114 490 3128; x_wconf 73' lang='grc'><strong><em>⁸</em></strong></span> <span class='ocrx_word' id='word_1_406' title='bbox 534 3101 618 3151; x_wconf 71' lang='grc' dir='ltr'>ἵνα</span> <span class='ocrx_word' id='word_1_407' title='bbox 652 3100 876 3171; x_wconf 83' lang='grc' dir='ltr'>γένηται</span> <span class='ocrx_word' id='word_1_408' title='bbox 921 3103 952 3171; x_wconf 82' lang='grc' dir='ltr'>ἡ</span> <span class='ocrx_word' id='word_1_409' title='bbox 1001 3104 1282 3173; x_wconf 80' lang='grc' dir='ltr'>προσφορά</span> <span class='ocrx_word' id='word_1_410' title='bbox 1313 3106 1419 3158; x_wconf 88' lang='grc' dir='ltr'><strong>τῶν</strong></span> <span class='ocrx_word' id='word_1_411' title='bbox 1452 3106 1619 3161; x_wconf 80' lang='grc' dir='ltr'>ἐθνῶν</span> <span class='ocrx_word' id='word_1_412' title='bbox 1647 3110 1738 3160; x_wconf 81' lang='grc' dir='ltr'><strong>εὑ-</strong></span> 
     </span>
    </p>
   </div>
   <div class='ocr_carea' id='block_1_59' title="bbox 1842 3100 3399 3171">
    <p class='ocr_par' dir='ltr' id='par_1_59' title="bbox 1842 3100 3399 3171">
     <span class='ocr_line' id='line_1_59' title="bbox 1842 3100 3399 3171; baseline 0.002 -16"><span class='ocrx_word' id='word_1_413' title='bbox 1842 3102 1958 3165; x_wconf 89' lang='lat' dir='ltr'><strong>Dei,</strong></span> <span class='ocrx_word' id='word_1_414' title='bbox 1993 3111 2051 3155; x_wconf 92' lang='lat' dir='ltr'><strong>ut</strong></span> <span class='ocrx_word' id='word_1_415' title='bbox 2081 3101 2171 3154; x_wconf 83' lang='lat' dir='ltr'><strong>liat</strong></span> <span class='ocrx_word' id='word_1_416' title='bbox 2208 3100 2409 3156; x_wconf 89' lang='lat' dir='ltr'><strong>oblatio</strong></span> <span class='ocrx_word' id='word_1_417' title='bbox 2438 3101 2674 3171; x_wconf 81' lang='lat' dir='ltr'><strong>gentium</strong></span> <span class='ocrx_word' id='word_1_418' title='bbox 2708 3112 2927 3171; x_wconf 90' lang='lat' dir='ltr'><strong>accepta</strong></span> <span class='ocrx_word' id='word_1_419' title='bbox 2972 3114 3024 3157; x_wconf 88' lang='lat' dir='ltr'><strong>et</strong></span> <span class='ocrx_word' id='word_1_420' title='bbox 3068 3105 3399 3159; x_wconf 78' lang='lat' dir='ltr'><strong>sanctiﬁcata</strong></span> 
     </span>
    </p>
   </div>
   <div class='ocr_carea' id='block_1_60' title="bbox 172 3181 1735 3266">
    <p class='ocr_par' dir='ltr' id='par_1_60' title="bbox 172 3192 1735 3266">
     <span class='ocr_line' id='line_1_60' title="bbox 172 3192 1735 3266; baseline 0.007 -24"><span class='ocrx_word' id='word_1_421' title='bbox 172 3192 525 3259; x_wconf 82' lang='grc' dir='ltr'>πρόσδεκτος,</span> <span class='ocrx_word' id='word_1_422' title='bbox 559 3193 861 3260; x_wconf 79' lang='grc' dir='ltr'>ἡγιασμένη</span> <span class='ocrx_word' id='word_1_423' title='bbox 915 3194 971 3244; x_wconf 86' lang='grc' dir='ltr'><strong>ἐν</strong></span> <span class='ocrx_word' id='word_1_424' title='bbox 1022 3194 1297 3264; x_wconf 88' lang='grc' dir='ltr'>Πνεύματι</span> <span class='ocrx_word' id='word_1_425' title='bbox 1341 3197 1500 3266; x_wconf 85' lang='grc' dir='ltr'>ἁγίῳ.</span> <span class='ocrx_word' id='word_1_426' title='bbox 1535 3217 1553 3250; x_wconf 71' lang='grc' dir='ltr'><strong>ι</strong></span> <span class='ocrx_word' id='word_1_427' title='bbox 1592 3201 1653 3252; x_wconf 78' lang='lat' dir='ltr'><strong>Oi</strong></span> <span class='ocrx_word' id='word_1_428' title='bbox 1680 3202 1735 3254; x_wconf 89' lang='grc' dir='ltr'><strong>τὸ</strong></span> 
     </span>
    </p>
   </div>
   <div class='ocr_carea' id='block_1_61' title="bbox 1838 3181 3398 3266">
    <p class='ocr_par' dir='ltr' id='par_1_61' title="bbox 1844 3192 3398 3263">
     <span class='ocr_line' id='line_1_61' title="bbox 1844 3192 3398 3263; baseline 0.002 -16"><span class='ocrx_word' id='word_1_429' title='bbox 1844 3195 1893 3247; x_wconf 92' lang='lat' dir='ltr'><strong>in</strong></span> <span class='ocrx_word' id='word_1_430' title='bbox 1929 3192 2130 3262; x_wconf 90' lang='lat' dir='ltr'><strong>Spiritu</strong></span> <span class='ocrx_word' id='word_1_431' title='bbox 2176 3201 2365 3247; x_wconf 90' lang='lat' dir='ltr'><strong>sancto</strong></span> <span class='ocrx_word' id='word_1_432' title='bbox 2392 3194 2441 3245; x_wconf 81' lang='grc'><strong>⁷.</strong></span> <span class='ocrx_word' id='word_1_433' title='bbox 2481 3212 2499 3244; x_wconf 87' lang='grc'><strong>›</strong></span> <span class='ocrx_word' id='word_1_434' title='bbox 2538 3193 2679 3247; x_wconf 88' lang='lat' dir='ltr'><strong>Sane</strong></span> <span class='ocrx_word' id='word_1_435' title='bbox 2717 3194 2907 3263; x_wconf 88' lang='lat' dir='ltr'><strong>quibus</strong></span> <span class='ocrx_word' id='word_1_436' title='bbox 2944 3196 3083 3248; x_wconf 91' lang='lat' dir='ltr'><strong>sacri</strong></span> <span class='ocrx_word' id='word_1_437' title='bbox 3115 3196 3398 3250; x_wconf 91' lang='lat' dir='ltr'><strong>ministerii</strong></span> 
     </span>
    </p>
   </div>
   <div class='ocr_carea' id='block_1_62' title="bbox 169 3284 1740 3363">
    <p class='ocr_par' dir='ltr' id='par_1_62' title="bbox 169 3284 1740 3363">
     <span class='ocr_line' id='line_1_62' title="bbox 169 3284 1740 3363; baseline 0.006 -29"><span class='ocrx_word' id='word_1_438' title='bbox 169 3284 275 3349; x_wconf 74' lang='grc' dir='ltr'>τῆς</span> <span class='ocrx_word' id='word_1_439' title='bbox 313 3284 619 3352; x_wconf 77' lang='grc' dir='ltr'>ἱερουργίας</span> <span class='ocrx_word' id='word_1_440' title='bbox 648 3284 833 3352; x_wconf 85' lang='grc' dir='ltr'>χρῆμα</span> <span class='ocrx_word' id='word_1_441' title='bbox 860 3288 1312 3355; x_wconf 83' lang='grc' dir='ltr'>πεπιστευμένοι,</span> <span class='ocrx_word' id='word_1_442' title='bbox 1346 3290 1463 3359; x_wconf 84' lang='grc' dir='ltr'><strong>Θεῷ</strong></span> <span class='ocrx_word' id='word_1_443' title='bbox 1501 3291 1740 3363; x_wconf 79' lang='grc' dir='ltr'>λειτουρ-</span> 
     </span>
    </p>
   </div>
   <div class='ocr_carea' id='block_1_63' title="bbox 172 3372 1738 3447">
    <p class='ocr_par' dir='ltr' id='par_1_63' title="bbox 172 3372 1738 3447">
     <span class='ocr_line' id='line_1_63' title="bbox 172 3372 1738 3447; baseline 0.006 -24"><span class='ocrx_word' id='word_1_444' title='bbox 172 3372 337 3437; x_wconf 83' lang='grc' dir='ltr'>γοῦσι</span> <span class='ocrx_word' id='word_1_445' title='bbox 396 3373 578 3442; x_wconf 82' lang='grc' dir='ltr'>μόνῳ·</span> <span class='ocrx_word' id='word_1_446' title='bbox 621 3373 997 3441; x_wconf 84' lang='grc' dir='ltr'>παρεστήκασι</span> <span class='ocrx_word' id='word_1_447' title='bbox 1041 3375 1145 3443; x_wconf 84' lang='grc' dir='ltr'>γὰρ</span> <span class='ocrx_word' id='word_1_448' title='bbox 1196 3377 1293 3428; x_wconf 85' lang='grc' dir='ltr'><strong>ούκ</strong></span> <span class='ocrx_word' id='word_1_449' title='bbox 1341 3377 1648 3447; x_wconf 83' lang='grc' dir='ltr'>ἀνθρώποις</span> <span class='ocrx_word' id='word_1_450' title='bbox 1692 3382 1738 3432; x_wconf 91' lang='grc' dir='ltr'>οἱ</span> 
     </span>
    </p>
   </div>
   <div class='ocr_carea' id='block_1_64' title="bbox 174 3462 1739 3533">
    <p class='ocr_par' dir='ltr' id='par_1_64' title="bbox 174 3462 1739 3533">
     <span class='ocr_line' id='line_1_64' title="bbox 174 3462 1739 3533; baseline 0.004 -17"><span class='ocrx_word' id='word_1_451' title='bbox 174 3465 367 3533; x_wconf 73' lang='grc' dir='ltr'>ἱερεῖς.</span> <span class='ocrx_word' id='word_1_452' title='bbox 388 3462 516 3513; x_wconf 75' lang='grc' dir='ltr'>Ἰδοὺ</span> <span class='ocrx_word' id='word_1_453' title='bbox 545 3463 833 3531; x_wconf 85' lang='grc' dir='ltr'>τοιγαροῦν</span> <span class='ocrx_word' id='word_1_454' title='bbox 859 3463 886 3512; x_wconf 83' lang='grc' dir='ltr'>ὁ</span> <span class='ocrx_word' id='word_1_455' title='bbox 922 3464 1211 3528; x_wconf 79' lang='grc' dir='ltr'>θεσπέσιος</span> <span class='ocrx_word' id='word_1_456' title='bbox 1256 3467 1466 3530; x_wconf 86' lang='grc' dir='ltr'>Παῦλος</span> <span class='ocrx_word' id='word_1_457' title='bbox 1498 3468 1739 3523; x_wconf 88' lang='grc' dir='ltr'>δεδόσθαι</span> 
     </span>
    </p>
   </div>
   <div class='ocr_carea' id='block_1_65' title="bbox 174 3553 1739 3625">
    <p class='ocr_par' dir='ltr' id='par_1_65' title="bbox 174 3553 1739 3625">
     <span class='ocr_line' id='line_1_65' title="bbox 174 3553 1739 3625; baseline 0.006 -21"><span class='ocrx_word' id='word_1_458' title='bbox 174 3555 346 3623; x_wconf 63' lang='grc' dir='ltr'>φησιν</span> <span class='ocrx_word' id='word_1_459' title='bbox 374 3553 548 3624; x_wconf 88' lang='grc' dir='ltr'>ἐαυτῷ</span> <span class='ocrx_word' id='word_1_460' title='bbox 577 3554 735 3624; x_wconf 87' lang='grc' dir='ltr'>χάριν</span> <span class='ocrx_word' id='word_1_461' title='bbox 766 3555 909 3625; x_wconf 78' lang='grc' dir='ltr'>παρὰ</span> <span class='ocrx_word' id='word_1_462' title='bbox 938 3556 1029 3607; x_wconf 84' lang='grc' dir='ltr'><strong>τοῦ</strong></span> <span class='ocrx_word' id='word_1_463' title='bbox 1057 3557 1211 3618; x_wconf 86' lang='grc' dir='ltr'>Θεοῦ,</span> <span class='ocrx_word' id='word_1_464' title='bbox 1246 3559 1325 3620; x_wconf 84' lang='grc' dir='ltr'><strong>είς</strong></span> <span class='ocrx_word' id='word_1_465' title='bbox 1362 3559 1423 3611; x_wconf 87' lang='grc' dir='ltr'><strong>τὸ</strong></span> <span class='ocrx_word' id='word_1_466' title='bbox 1463 3555 1601 3613; x_wconf 76' lang='grc' dir='ltr'>εἶναι</span> <span class='ocrx_word' id='word_1_467' title='bbox 1627 3561 1739 3614; x_wconf 87' lang='grc' dir='ltr'>λει-</span> 
     </span>
    </p>
   </div>
   <div class='ocr_carea' id='block_1_66' title="bbox 169 3644 1741 3718">
    <p class='ocr_par' dir='ltr' id='par_1_66' title="bbox 169 3644 1741 3718">
     <span class='ocr_line' id='line_1_66' title="bbox 169 3644 1741 3718; baseline 0.008 -23"><span class='ocrx_word' id='word_1_468' title='bbox 169 3644 405 3710; x_wconf 85' lang='grc' dir='ltr'>τουργὸν</span> <span class='ocrx_word' id='word_1_469' title='bbox 457 3645 689 3715; x_wconf 86' lang='grc' dir='ltr'>Χριστοῦ</span> <span class='ocrx_word' id='word_1_470' title='bbox 742 3646 936 3715; x_wconf 87' lang='grc' dir='ltr'>Ἰησοῦ,</span> <span class='ocrx_word' id='word_1_471' title='bbox 994 3648 1084 3699; x_wconf 71' lang='grc' dir='ltr'><strong>καὶ</strong></span> <span class='ocrx_word' id='word_1_472' title='bbox 1146 3649 1447 3718; x_wconf 81' lang='grc' dir='ltr'>ἱερουργεῖν</span> <span class='ocrx_word' id='word_1_473' title='bbox 1513 3654 1572 3705; x_wconf 90' lang='grc' dir='ltr'><strong>ἐν</strong></span> <span class='ocrx_word' id='word_1_474' title='bbox 1629 3657 1741 3718; x_wconf 88' lang='grc' dir='ltr'>τοῖς</span> 
     </span>
    </p>
   </div>
   <div class='ocr_carea' id='block_1_67' title="bbox 173 3734 1738 3814">
    <p class='ocr_par' dir='ltr' id='par_1_67' title="bbox 173 3734 1738 3814">
     <span class='ocr_line' id='line_1_67' title="bbox 173 3734 1738 3814; baseline 0.009 -30"><span class='ocrx_word' id='word_1_475' title='bbox 173 3734 356 3785; x_wconf 74' lang='grc' dir='ltr'>ἔθνεσι</span> <span class='ocrx_word' id='word_1_476' title='bbox 406 3734 467 3786; x_wconf 91' lang='grc' dir='ltr'><strong>τὸ</strong></span> <span class='ocrx_word' id='word_1_477' title='bbox 512 3735 840 3802; x_wconf 76' lang='grc' dir='ltr'>Εὑαγγέλιον</span> <span class='ocrx_word' id='word_1_478' title='bbox 885 3735 977 3788; x_wconf 88' lang='grc' dir='ltr'><strong>τοῦ</strong></span> <span class='ocrx_word' id='word_1_479' title='bbox 1021 3737 1277 3806; x_wconf 84' lang='grc' dir='ltr'>Χριστοῦ.</span> <span class='ocrx_word' id='word_1_480' title='bbox 1310 3740 1442 3802; x_wconf 86' lang='grc' dir='ltr'>Θεὸς</span> <span class='ocrx_word' id='word_1_481' title='bbox 1486 3739 1578 3795; x_wconf 86' lang='grc' dir='ltr'><strong>οῦν</strong></span> <span class='ocrx_word' id='word_1_482' title='bbox 1632 3744 1738 3814; x_wconf 83' lang='grc' dir='ltr'>ἄρα</span> 
     </span>
    </p>
   </div>
   <div class='ocr_carea' id='block_1_68' title="bbox 172 3824 1737 3895">
    <p class='ocr_par' dir='ltr' id='par_1_68' title="bbox 172 3824 1737 3895">
     <span class='ocr_line' id='line_1_68' title="bbox 172 3824 1737 3895; baseline 0.008 -20"><span class='ocrx_word' id='word_1_483' title='bbox 172 3824 433 3893; x_wconf 85' lang='grc' dir='ltr'>Χριστὸς,</span> <span class='ocrx_word' id='word_1_484' title='bbox 470 3826 516 3875; x_wconf 88' lang='grc' dir='ltr'><strong>εί</strong></span> <span class='ocrx_word' id='word_1_485' title='bbox 543 3826 773 3893; x_wconf 89' lang='grc' dir='ltr'>Χριστὸν</span> <span class='ocrx_word' id='word_1_486' title='bbox 808 3826 1091 3895; x_wconf 83' lang='grc' dir='ltr'>κηρύττων</span> <span class='ocrx_word' id='word_1_487' title='bbox 1114 3831 1225 3890; x_wconf 81' lang='grc' dir='ltr'>τοῖς</span> <span class='ocrx_word' id='word_1_488' title='bbox 1252 3830 1449 3893; x_wconf 81' lang='grc' dir='ltr'>ἔθνεσι,</span> <span class='ocrx_word' id='word_1_489' title='bbox 1483 3832 1579 3885; x_wconf 88' lang='grc' dir='ltr'><strong>τοῦ</strong></span> <span class='ocrx_word' id='word_1_490' title='bbox 1606 3834 1737 3887; x_wconf 89' lang='grc' dir='ltr'>Θεοῦ</span> 
     </span>
    </p>
   </div>
   <div class='ocr_carea' id='block_1_69' title="bbox 176 3914 1740 3993">
    <p class='ocr_par' dir='ltr' id='par_1_69' title="bbox 176 3914 1740 3993">
     <span class='ocr_line' id='line_1_69' title="bbox 176 3914 1740 3993; baseline 0.01 -31"><span class='ocrx_word' id='word_1_491' title='bbox 176 3929 346 3982; x_wconf 83' lang='grc' dir='ltr'>φησιν</span> <span class='ocrx_word' id='word_1_492' title='bbox 370 3914 694 3981; x_wconf 80' lang='grc' dir='ltr'>Εὑαγγέλιον</span> <span class='ocrx_word' id='word_1_493' title='bbox 728 3916 1027 3983; x_wconf 83' lang='grc' dir='ltr'>ἱερουργεῖν</span> <span class='ocrx_word' id='word_1_494' title='bbox 1055 3918 1256 3982; x_wconf 78' lang='grc' dir='ltr'>αὐτοῖς,</span> <span class='ocrx_word' id='word_1_495' title='bbox 1295 3920 1378 3971; x_wconf 83' lang='grc' dir='ltr'><strong>ἵνα</strong></span> <span class='ocrx_word' id='word_1_496' title='bbox 1408 3923 1740 3993; x_wconf 85' lang='grc' dir='ltr'>προσδεχθῶ-</span> 
     </span>
    </p>
   </div>
   <div class='ocr_carea' id='block_1_70' title="bbox 176 4004 1149 4077">
    <p class='ocr_par' dir='ltr' id='par_1_70' title="bbox 176 4004 1149 4077">
     <span class='ocr_line' id='line_1_70' title="bbox 176 4004 1149 4077; baseline 0.009 -25"><span class='ocrx_word' id='word_1_497' title='bbox 176 4021 287 4066; x_wconf 87' lang='grc' dir='ltr'>σιν,</span> <span class='ocrx_word' id='word_1_498' title='bbox 320 4004 394 4066; x_wconf 83' lang='grc' dir='ltr'>ὡς</span> <span class='ocrx_word' id='word_1_499' title='bbox 427 4007 742 4076; x_wconf 83' lang='grc' dir='ltr'>ἡγιασμένοι</span> <span class='ocrx_word' id='word_1_500' title='bbox 772 4010 827 4057; x_wconf 89' lang='grc' dir='ltr'><strong>ἐν</strong></span> <span class='ocrx_word' id='word_1_501' title='bbox 855 4008 1149 4077; x_wconf 87' lang='grc' dir='ltr'>Πνεύματι.</span> 
     </span>
    </p>
   </div>
   <div class='ocr_carea' id='block_1_71' title="bbox 252 4112 1737 4195">
    <p class='ocr_par' dir='ltr' id='par_1_71' title="bbox 252 4112 1737 4195">
     <span class='ocr_line' id='line_1_71' title="bbox 252 4112 1737 4195; baseline 0.009 -30"><span class='ocrx_word' id='word_1_502' title='bbox 252 4114 439 4183; x_wconf 78' lang='grc' dir='ltr'><strong>«Ἕχω</strong></span> <span class='ocrx_word' id='word_1_503' title='bbox 480 4112 570 4168; x_wconf 83' lang='grc' dir='ltr'>οὖν</span> <span class='ocrx_word' id='word_1_504' title='bbox 613 4116 874 4185; x_wconf 83' lang='grc' dir='ltr'>καύχησιν</span> <span class='ocrx_word' id='word_1_505' title='bbox 924 4120 979 4169; x_wconf 84' lang='grc' dir='ltr'>ὲν</span> <span class='ocrx_word' id='word_1_506' title='bbox 1018 4118 1236 4188; x_wconf 89' lang='grc' dir='ltr'>Χριστῷ</span> <span class='ocrx_word' id='word_1_507' title='bbox 1279 4120 1454 4189; x_wconf 85' lang='grc' dir='ltr'>Ἰησοῦ</span> <span class='ocrx_word' id='word_1_508' title='bbox 1500 4124 1569 4175; x_wconf 81' lang='grc' dir='ltr'><strong>τά</strong></span> <span class='ocrx_word' id='word_1_509' title='bbox 1606 4126 1737 4195; x_wconf 78' lang='grc' dir='ltr'>πρὸς</span> 
     </span>
    </p>
   </div>
   <div class='ocr_carea' id='block_1_72' title="bbox 172 4202 1738 4284">
    <p class='ocr_par' dir='ltr' id='par_1_72' title="bbox 172 4202 1738 4284">
     <span class='ocr_line' id='line_1_72' title="bbox 172 4202 1738 4284; baseline 0.009 -30"><span class='ocrx_word' id='word_1_510' title='bbox 172 4202 269 4255; x_wconf 87' lang='grc' dir='ltr'><strong>τὸν</strong></span> <span class='ocrx_word' id='word_1_511' title='bbox 307 4203 455 4257; x_wconf 86' lang='grc' dir='ltr'>Θεόν.</span> <span class='ocrx_word' id='word_1_512' title='bbox 493 4206 567 4258; x_wconf 79' lang='grc' dir='ltr'><strong>Οὐ</strong></span> <span class='ocrx_word' id='word_1_513' title='bbox 603 4206 709 4275; x_wconf 81' lang='grc' dir='ltr'><strong>γάρ</strong></span> <span class='ocrx_word' id='word_1_514' title='bbox 742 4207 994 4277; x_wconf 81' lang='grc' dir='ltr'>τολμήσω</span> <span class='ocrx_word' id='word_1_515' title='bbox 1020 4227 1069 4261; x_wconf 90' lang='grc' dir='ltr'><strong>τι</strong></span> <span class='ocrx_word' id='word_1_516' title='bbox 1101 4209 1295 4274; x_wconf 85' lang='grc' dir='ltr'>λαλεῖν,</span> <span class='ocrx_word' id='word_1_517' title='bbox 1326 4205 1400 4265; x_wconf 83' lang='grc' dir='ltr'>ὧν</span> <span class='ocrx_word' id='word_1_518' title='bbox 1432 4214 1491 4265; x_wconf 81' lang='grc' dir='ltr'><strong>οὐ</strong></span> <span class='ocrx_word' id='word_1_519' title='bbox 1520 4233 1738 4284; x_wconf 80' lang='grc' dir='ltr'>κατειρ-</span> 
     </span>
    </p>
   </div>
   <div class='ocr_carea' id='block_1_73' title="bbox 174 4296 1738 4377">
    <p class='ocr_par' dir='ltr' id='par_1_73' title="bbox 174 4296 1738 4377">
     <span class='ocr_line' id='line_1_73' title="bbox 174 4296 1738 4377; baseline 0.009 -31"><span class='ocrx_word' id='word_1_520' title='bbox 174 4296 387 4364; x_wconf 87' lang='grc' dir='ltr'>γάσατο</span> <span class='ocrx_word' id='word_1_521' title='bbox 428 4299 656 4367; x_wconf 85' lang='grc' dir='ltr'>Χριστὸς</span> <span class='ocrx_word' id='word_1_522' title='bbox 702 4298 767 4350; x_wconf 83' lang='grc' dir='ltr'>δι’</span> <span class='ocrx_word' id='word_1_523' title='bbox 795 4299 951 4368; x_wconf 90' lang='grc' dir='ltr'>ἐμοῦ,</span> <span class='ocrx_word' id='word_1_524' title='bbox 985 4302 1059 4363; x_wconf 84' lang='grc' dir='ltr'><strong>είς</strong></span> <span class='ocrx_word' id='word_1_525' title='bbox 1105 4301 1348 4374; x_wconf 82' lang='grc' dir='ltr'>ὑπακοὴν</span> <span class='ocrx_word' id='word_1_526' title='bbox 1381 4306 1567 4370; x_wconf 86' lang='grc' dir='ltr'>ἐθνῶν,</span> <span class='ocrx_word' id='word_1_527' title='bbox 1599 4308 1738 4377; x_wconf 83' lang='grc' dir='ltr'>λόγῳ</span> 
     </span>
    </p>
   </div>
   <div class='ocr_carea' id='block_1_74' title="bbox 174 4388 1737 4466">
    <p class='ocr_par' dir='ltr' id='par_1_74' title="bbox 174 4388 1737 4466">
     <span class='ocr_line' id='line_1_74' title="bbox 174 4388 1737 4466; baseline 0.008 -28"><span class='ocrx_word' id='word_1_528' title='bbox 174 4388 272 4438; x_wconf 79' lang='grc' dir='ltr'><strong>καὶ</strong></span> <span class='ocrx_word' id='word_1_529' title='bbox 312 4388 475 4457; x_wconf 78' lang='grc' dir='ltr'>ἔργῳ,</span> <span class='ocrx_word' id='word_1_530' title='bbox 512 4390 567 4440; x_wconf 87' lang='grc' dir='ltr'><strong>ἐν</strong></span> <span class='ocrx_word' id='word_1_531' title='bbox 613 4388 833 4459; x_wconf 82' lang='grc' dir='ltr'>δυνάμει</span> <span class='ocrx_word' id='word_1_532' title='bbox 884 4391 1124 4461; x_wconf 83' lang='grc' dir='ltr'>σημείων</span> <span class='ocrx_word' id='word_1_533' title='bbox 1168 4410 1227 4445; x_wconf 88' lang='grc' dir='ltr'><strong>τε</strong></span> <span class='ocrx_word' id='word_1_534' title='bbox 1275 4396 1366 4447; x_wconf 81' lang='grc' dir='ltr'><strong>καὶ</strong></span> <span class='ocrx_word' id='word_1_535' title='bbox 1408 4398 1648 4466; x_wconf 87' lang='grc' dir='ltr'>τεράτων</span> <span class='ocrx_word' id='word_1_536' title='bbox 1671 4401 1737 4461; x_wconf 46' lang='grc' dir='ltr'><strong>,ἐν</strong></span> 
     </span>
    </p>
   </div>
   <div class='ocr_carea' id='block_1_75' title="bbox 1840 3283 3395 3351">
    <p class='ocr_par' dir='ltr' id='par_1_75' title="bbox 1840 3283 3395 3351">
     <span class='ocr_line' id='line_1_75' title="bbox 1840 3283 3395 3351; baseline 0.005 -17"><span class='ocrx_word' id='word_1_537' title='bbox 1840 3283 2113 3351; x_wconf 87' lang='lat' dir='ltr'><strong>provincia</strong></span> <span class='ocrx_word' id='word_1_538' title='bbox 2160 3283 2463 3337; x_wconf 89' lang='lat' dir='ltr'><strong>concredita</strong></span> <span class='ocrx_word' id='word_1_539' title='bbox 2518 3298 2616 3345; x_wconf 73' lang='grc' dir='ltr'>εει,</span> <span class='ocrx_word' id='word_1_540' title='bbox 2664 3285 2700 3337; x_wconf 91' lang='lat' dir='ltr'><strong>ii</strong></span> <span class='ocrx_word' id='word_1_541' title='bbox 2750 3284 2847 3338; x_wconf 87' lang='lat' dir='ltr'><strong>soli</strong></span> <span class='ocrx_word' id='word_1_542' title='bbox 2900 3284 3008 3339; x_wconf 92' lang='lat' dir='ltr'><strong>Deo</strong></span> <span class='ocrx_word' id='word_1_543' title='bbox 3040 3287 3395 3341; x_wconf 89' lang='lat' dir='ltr'><strong>ministrant:</strong></span> 
     </span>
    </p>
   </div>
   <div class='ocr_carea' id='block_1_76' title="bbox 1838 3374 3396 3443">
    <p class='ocr_par' dir='ltr' id='par_1_76' title="bbox 1838 3374 3396 3443">
     <span class='ocr_line' id='line_1_76' title="bbox 1838 3374 3396 3443; baseline 0.006 -19"><span class='ocrx_word' id='word_1_544' title='bbox 1838 3374 1948 3443; x_wconf 80' lang='lat'><strong>60</strong></span> <span class='ocrx_word' id='word_1_545' title='bbox 1974 3388 2145 3441; x_wconf 86' lang='lat' dir='ltr'><strong>neque</strong></span> <span class='ocrx_word' id='word_1_546' title='bbox 2190 3374 2332 3426; x_wconf 89' lang='lat' dir='ltr'><strong>enim</strong></span> <span class='ocrx_word' id='word_1_547' title='bbox 2388 3374 2696 3428; x_wconf 88' lang='lat' dir='ltr'><strong>hominibus</strong></span> <span class='ocrx_word' id='word_1_548' title='bbox 2740 3378 3007 3431; x_wconf 83' lang='lat' dir='ltr'><strong>assistunt</strong></span> <span class='ocrx_word' id='word_1_549' title='bbox 3059 3379 3396 3433; x_wconf 83' lang='lat' dir='ltr'><strong>sacerdotes.</strong></span> 
     </span>
    </p>
   </div>
   <div class='ocr_carea' id='block_1_77' title="bbox 1840 3462 3401 3537">
    <p class='ocr_par' dir='ltr' id='par_1_77' title="bbox 1840 3462 3401 3537">
     <span class='ocr_line' id='line_1_77' title="bbox 1840 3462 3401 3537; baseline 0.004 -22"><span class='ocrx_word' id='word_1_550' title='bbox 1840 3462 1970 3515; x_wconf 89' lang='lat' dir='ltr'><strong>Cum</strong></span> <span class='ocrx_word' id='word_1_551' title='bbox 2014 3462 2151 3515; x_wconf 87' lang='lat' dir='ltr'><strong>hanc</strong></span> <span class='ocrx_word' id='word_1_552' title='bbox 2188 3462 2348 3530; x_wconf 74' lang='lat' dir='ltr'><strong>igitur</strong></span> <span class='ocrx_word' id='word_1_553' title='bbox 2380 3464 2612 3531; x_wconf 82' lang='lat' dir='ltr'><strong>gratiam</strong></span> <span class='ocrx_word' id='word_1_554' title='bbox 2649 3464 2749 3518; x_wconf 91' lang='lat' dir='ltr'><strong>sibi</strong></span> <span class='ocrx_word' id='word_1_555' title='bbox 2793 3480 2821 3517; x_wconf 92' lang='lat' dir='ltr'><strong>a</strong></span> <span class='ocrx_word' id='word_1_556' title='bbox 2858 3466 2965 3520; x_wconf 90' lang='lat' dir='ltr'><strong>Deo</strong></span> <span class='ocrx_word' id='word_1_557' title='bbox 2995 3467 3245 3520; x_wconf 89' lang='lat' dir='ltr'><strong>donatam</strong></span> <span class='ocrx_word' id='word_1_558' title='bbox 3275 3482 3401 3537; x_wconf 90' lang='lat' dir='ltr'><strong>pro-</strong></span> 
     </span>
    </p>
   </div>
   <div class='ocr_carea' id='block_1_78' title="bbox 1842 3552 3393 3625">
    <p class='ocr_par' dir='ltr' id='par_1_78' title="bbox 1842 3552 3393 3625">
     <span class='ocr_line' id='line_1_78' title="bbox 1842 3552 3393 3625; baseline 0.006 -20"><span class='ocrx_word' id='word_1_559' title='bbox 1842 3552 2055 3606; x_wconf 83' lang='lat' dir='ltr'><strong>liteatur</strong></span> <span class='ocrx_word' id='word_1_560' title='bbox 2095 3554 2404 3622; x_wconf 81' lang='lat' dir='ltr'><strong>Apostolus,</strong></span> <span class='ocrx_word' id='word_1_561' title='bbox 2460 3564 2518 3607; x_wconf 91' lang='lat' dir='ltr'><strong>ut</strong></span> <span class='ocrx_word' id='word_1_562' title='bbox 2573 3556 2642 3609; x_wconf 89' lang='lat' dir='ltr'><strong>sit</strong></span> <span class='ocrx_word' id='word_1_563' title='bbox 2691 3556 2938 3611; x_wconf 88' lang='lat' dir='ltr'><strong>minister</strong></span> <span class='ocrx_word' id='word_1_564' title='bbox 2982 3556 3105 3612; x_wconf 84' lang='lat' dir='ltr'><strong>Jesu</strong></span> <span class='ocrx_word' id='word_1_565' title='bbox 3168 3558 3393 3625; x_wconf 89' lang='lat' dir='ltr'><strong>Christi,</strong></span> 
     </span>
    </p>
   </div>
   <div class='ocr_carea' id='block_1_79' title="bbox 1841 3643 3399 3714">
    <p class='ocr_par' dir='ltr' id='par_1_79' title="bbox 1841 3643 3399 3714">
     <span class='ocr_line' id='line_1_79' title="bbox 1841 3643 3399 3714; baseline 0.004 -17"><span class='ocrx_word' id='word_1_566' title='bbox 1841 3645 2145 3712; x_wconf 87' lang='lat' dir='ltr'><strong>Christique</strong></span> <span class='ocrx_word' id='word_1_567' title='bbox 2168 3643 2516 3713; x_wconf 79' lang='lat' dir='ltr'><strong>Evangelium</strong></span> <span class='ocrx_word' id='word_1_568' title='bbox 2555 3645 2691 3699; x_wconf 78' lang='lat' dir='ltr'><strong>inter</strong></span> <span class='ocrx_word' id='word_1_569' title='bbox 2724 3656 2907 3714; x_wconf 78' lang='lat' dir='ltr'><strong>gentes</strong></span> <span class='ocrx_word' id='word_1_570' title='bbox 2950 3649 3311 3713; x_wconf 86' lang='lat' dir='ltr'><strong>administret,</strong></span> <span class='ocrx_word' id='word_1_571' title='bbox 3344 3661 3399 3703; x_wconf 86' lang='lat' dir='ltr'><strong>et</strong></span> 
     </span>
    </p>
   </div>
   <div class='ocr_carea' id='block_1_80' title="bbox 1840 3734 3396 3809">
    <p class='ocr_par' dir='ltr' id='par_1_80' title="bbox 1840 3734 3396 3809">
     <span class='ocr_line' id='line_1_80' title="bbox 1840 3734 3396 3809; baseline 0.006 -22"><span class='ocrx_word' id='word_1_572' title='bbox 1840 3734 2111 3787; x_wconf 89' lang='lat' dir='ltr'><strong>Christum</strong></span> <span class='ocrx_word' id='word_1_573' title='bbox 2157 3734 2368 3788; x_wconf 88' lang='lat' dir='ltr'><strong>tandem</strong></span> <span class='ocrx_word' id='word_1_574' title='bbox 2408 3738 2757 3802; x_wconf 88' lang='lat' dir='ltr'><strong>annuntians,</strong></span> <span class='ocrx_word' id='word_1_575' title='bbox 2806 3740 2895 3792; x_wconf 88' lang='lat' dir='ltr'><strong>Del</strong></span> <span class='ocrx_word' id='word_1_576' title='bbox 2943 3739 3286 3809; x_wconf 86' lang='lat' dir='ltr'><strong>Evangelium</strong></span> <span class='ocrx_word' id='word_1_577' title='bbox 3334 3754 3396 3796; x_wconf 88' lang='lat' dir='ltr'><strong>se</strong></span> 
     </span>
    </p>
   </div>
   <div class='ocr_carea' id='block_1_81' title="bbox 1842 3826 3399 3897">
    <p class='ocr_par' dir='ltr' id='par_1_81' title="bbox 1842 3826 3399 3897">
     <span class='ocr_line' id='line_1_81' title="bbox 1842 3826 3399 3897; baseline 0.004 -19"><span class='ocrx_word' id='word_1_578' title='bbox 1842 3826 1945 3881; x_wconf 87' lang='lat' dir='ltr'><strong>illis</strong></span> <span class='ocrx_word' id='word_1_579' title='bbox 1974 3826 2265 3894; x_wconf 74' lang='lat' dir='ltr'><strong>praedicare</strong></span> <span class='ocrx_word' id='word_1_580' title='bbox 2306 3828 2505 3881; x_wconf 89' lang='lat' dir='ltr'><strong>diserte</strong></span> <span class='ocrx_word' id='word_1_581' title='bbox 2557 3827 2804 3894; x_wconf 77' lang='lat' dir='ltr'><strong>allirmet,</strong></span> <span class='ocrx_word' id='word_1_582' title='bbox 2837 3844 2943 3897; x_wconf 91' lang='lat' dir='ltr'><strong>quo</strong></span> <span class='ocrx_word' id='word_1_583' title='bbox 2977 3830 3231 3884; x_wconf 90' lang='lat' dir='ltr'><strong>nimirum</strong></span> <span class='ocrx_word' id='word_1_584' title='bbox 3275 3841 3399 3885; x_wconf 86' lang='lat' dir='ltr'><strong>tau-</strong></span> 
     </span>
    </p>
   </div>
   <div class='ocr_carea' id='block_1_82' title="bbox 1842 3914 3399 3988">
    <p class='ocr_par' dir='ltr' id='par_1_82' title="bbox 1842 3914 3399 3988">
     <span class='ocr_line' id='line_1_82' title="bbox 1842 3914 3399 3988; baseline 0.004 -21"><span class='ocrx_word' id='word_1_585' title='bbox 1842 3930 2003 3983; x_wconf 90' lang='lat' dir='ltr'><strong>quam</strong></span> <span class='ocrx_word' id='word_1_586' title='bbox 2037 3914 2240 3984; x_wconf 85' lang='lat' dir='ltr'><strong>Spiritu</strong></span> <span class='ocrx_word' id='word_1_587' title='bbox 2268 3915 2379 3981; x_wconf 88' lang='lat' dir='ltr'><strong>jam</strong></span> <span class='ocrx_word' id='word_1_588' title='bbox 2417 3915 2787 3979; x_wconf 59' lang='lat' dir='ltr'><strong>sanctiﬁcata,</strong></span> <span class='ocrx_word' id='word_1_589' title='bbox 2839 3917 3187 3971; x_wconf 89' lang='lat' dir='ltr'><strong>admittantur</strong></span> <span class='ocrx_word' id='word_1_590' title='bbox 3228 3934 3242 3972; x_wconf 87' lang='lat'><strong>:</strong></span> <span class='ocrx_word' id='word_1_591' title='bbox 3278 3921 3399 3988; x_wconf 83' lang='lat' dir='ltr'><strong>quis</strong></span> 
     </span>
    </p>
   </div>
   <div class='ocr_carea' id='block_1_83' title="bbox 1841 4006 3403 4075">
    <p class='ocr_par' dir='ltr' id='par_1_83' title="bbox 1841 4006 3403 4075">
     <span class='ocr_line' id='line_1_83' title="bbox 1841 4006 3403 4075; baseline 0.003 -15"><span class='ocrx_word' id='word_1_592' title='bbox 1841 4006 2039 4060; x_wconf 89' lang='lat' dir='ltr'><strong>Christi</strong></span> <span class='ocrx_word' id='word_1_593' title='bbox 2071 4006 2409 4061; x_wconf 87' lang='lat' dir='ltr'><strong>divinitatem</strong></span> <span class='ocrx_word' id='word_1_594' title='bbox 2460 4006 2513 4060; x_wconf 88' lang='lat' dir='ltr'><strong>in</strong></span> <span class='ocrx_word' id='word_1_595' title='bbox 2557 4008 2905 4075; x_wconf 66' lang='lat' dir='ltr'><strong>quaestionem</strong></span> <span class='ocrx_word' id='word_1_596' title='bbox 2944 4024 3137 4063; x_wconf 90' lang='lat' dir='ltr'><strong>vocare</strong></span> <span class='ocrx_word' id='word_1_597' title='bbox 3169 4010 3403 4065; x_wconf 68' lang='lat' dir='ltr'><strong>audeat?</strong></span> 
     </span>
    </p>
   </div>
   <div class='ocr_carea' id='block_1_84' title="bbox 1916 4116 3397 4187">
    <p class='ocr_par' dir='ltr' id='par_1_84' title="bbox 1916 4116 3397 4187">
     <span class='ocr_line' id='line_1_84' title="bbox 1916 4116 3397 4187; baseline 0.008 -20"><span class='ocrx_word' id='word_1_598' title='bbox 1916 4136 1934 4167; x_wconf 78' lang='grc' dir='ltr'><strong>ι</strong></span> <span class='ocrx_word' id='word_1_599' title='bbox 1970 4116 2151 4172; x_wconf 86' lang='lat' dir='ltr'><strong>Habeo</strong></span> <span class='ocrx_word' id='word_1_600' title='bbox 2176 4118 2339 4187; x_wconf 75' lang='lat' dir='ltr'><strong>igitur</strong></span> <span class='ocrx_word' id='word_1_601' title='bbox 2371 4117 2601 4186; x_wconf 77' lang='lat' dir='ltr'><strong>gloriam</strong></span> <span class='ocrx_word' id='word_1_602' title='bbox 2630 4119 2681 4172; x_wconf 93' lang='lat' dir='ltr'><strong>in</strong></span> <span class='ocrx_word' id='word_1_603' title='bbox 2708 4119 2922 4173; x_wconf 88' lang='lat' dir='ltr'><strong>Christo</strong></span> <span class='ocrx_word' id='word_1_604' title='bbox 2954 4119 3077 4175; x_wconf 79' lang='lat' dir='ltr'><strong>Jesu</strong></span> <span class='ocrx_word' id='word_1_605' title='bbox 3110 4122 3175 4175; x_wconf 92' lang='lat' dir='ltr'><strong>ad</strong></span> <span class='ocrx_word' id='word_1_606' title='bbox 3209 4122 3397 4179; x_wconf 89' lang='lat' dir='ltr'><strong>Deum.</strong></span> 
     </span>
    </p>
   </div>
   <div class='ocr_carea' id='block_1_85' title="bbox 1838 4208 3400 4284">
    <p class='ocr_par' dir='ltr' id='par_1_85' title="bbox 1838 4208 3400 4284">
     <span class='ocr_line' id='line_1_85' title="bbox 1838 4208 3400 4284; baseline 0.004 -21"><span class='ocrx_word' id='word_1_607' title='bbox 1838 4208 1954 4264; x_wconf 89' lang='lat' dir='ltr'><strong>Non</strong></span> <span class='ocrx_word' id='word_1_608' title='bbox 1990 4213 2131 4264; x_wconf 91' lang='lat' dir='ltr'><strong>enim</strong></span> <span class='ocrx_word' id='word_1_609' title='bbox 2164 4212 2333 4266; x_wconf 80' lang='lat' dir='ltr'><strong>audeo</strong></span> <span class='ocrx_word' id='word_1_610' title='bbox 2376 4212 2575 4280; x_wconf 89' lang='lat' dir='ltr'><strong>aliquid</strong></span> <span class='ocrx_word' id='word_1_611' title='bbox 2630 4213 2775 4280; x_wconf 90' lang='lat' dir='ltr'><strong>loqui</strong></span> <span class='ocrx_word' id='word_1_612' title='bbox 2807 4228 3017 4278; x_wconf 91' lang='lat' dir='ltr'><strong>eorum,</strong></span> <span class='ocrx_word' id='word_1_613' title='bbox 3046 4230 3162 4283; x_wconf 67' lang='lat' dir='ltr'><strong>quae</strong></span> <span class='ocrx_word' id='word_1_614' title='bbox 3191 4231 3285 4284; x_wconf 90' lang='lat' dir='ltr'><strong>per</strong></span> <span class='ocrx_word' id='word_1_615' title='bbox 3314 4231 3400 4270; x_wconf 79' lang='lat' dir='ltr'><strong>me</strong></span> 
     </span>
    </p>
   </div>
   <div class='ocr_carea' id='block_1_86' title="bbox 1839 4302 3401 4375">
    <p class='ocr_par' dir='ltr' id='par_1_86' title="bbox 1839 4302 3401 4375">
     <span class='ocr_line' id='line_1_86' title="bbox 1839 4302 3401 4375; baseline 0.003 -17"><span class='ocrx_word' id='word_1_616' title='bbox 1839 4319 1945 4358; x_wconf 91' lang='lat' dir='ltr'><strong>non</strong></span> <span class='ocrx_word' id='word_1_617' title='bbox 1973 4304 2149 4357; x_wconf 71' lang='lat' dir='ltr'><strong>elfecit</strong></span> <span class='ocrx_word' id='word_1_618' title='bbox 2179 4302 2428 4357; x_wconf 88' lang='lat' dir='ltr'><strong>Christus</strong></span> <span class='ocrx_word' id='word_1_619' title='bbox 2466 4305 2519 4357; x_wconf 92' lang='lat' dir='ltr'><strong>in</strong></span> <span class='ocrx_word' id='word_1_620' title='bbox 2567 4304 2922 4358; x_wconf 88' lang='lat' dir='ltr'><strong>obedientiam</strong></span> <span class='ocrx_word' id='word_1_621' title='bbox 2951 4307 3188 4375; x_wconf 82' lang='lat' dir='ltr'><strong>gentium</strong></span> <span class='ocrx_word' id='word_1_622' title='bbox 3234 4310 3401 4362; x_wconf 86' lang='lat' dir='ltr'><strong>verbo</strong></span> 
     </span>
    </p>
   </div>
   <div class='ocr_carea' id='block_1_87' title="bbox 1838 4392 3395 4463">
    <p class='ocr_par' dir='ltr' id='par_1_87' title="bbox 1838 4392 3395 4463">
     <span class='ocr_line' id='line_1_87' title="bbox 1838 4392 3395 4463; baseline 0.003 -15"><span class='ocrx_word' id='word_1_623' title='bbox 1838 4403 1890 4448; x_wconf 87' lang='lat' dir='ltr'><strong>et</strong></span> <span class='ocrx_word' id='word_1_624' title='bbox 1936 4392 2114 4456; x_wconf 83' lang='lat' dir='ltr'><strong>factis,</strong></span> <span class='ocrx_word' id='word_1_625' title='bbox 2164 4394 2215 4447; x_wconf 89' lang='lat' dir='ltr'><strong>in</strong></span> <span class='ocrx_word' id='word_1_626' title='bbox 2252 4394 2450 4447; x_wconf 84' lang='lat' dir='ltr'><strong>virtute</strong></span> <span class='ocrx_word' id='word_1_627' title='bbox 2492 4393 2767 4463; x_wconf 79' lang='lat' dir='ltr'><strong>signorum</strong></span> <span class='ocrx_word' id='word_1_628' title='bbox 2817 4403 2871 4449; x_wconf 89' lang='lat' dir='ltr'><strong>et</strong></span> <span class='ocrx_word' id='word_1_629' title='bbox 2913 4396 3301 4463; x_wconf 81' lang='lat' dir='ltr'><strong>prodigiorum,</strong></span> <span class='ocrx_word' id='word_1_630' title='bbox 3342 4400 3395 4452; x_wconf 87' lang='lat' dir='ltr'><strong>in</strong></span> 
     </span>
    </p>
   </div>
   <div class='ocr_carea' id='block_1_88' title="bbox 172 4477 1735 4560">
    <p class='ocr_par' dir='ltr' id='par_1_88' title="bbox 172 4477 1735 4559">
     <span class='ocr_line' id='line_1_88' title="bbox 172 4477 1735 4559; baseline 0.008 -32"><span class='ocrx_word' id='word_1_631' title='bbox 172 4477 402 4545; x_wconf 85' lang='grc' dir='ltr'>δυνάμει</span> <span class='ocrx_word' id='word_1_632' title='bbox 446 4478 755 4546; x_wconf 86' lang='grc' dir='ltr'>Πνεύματος</span> <span class='ocrx_word' id='word_1_633' title='bbox 785 4480 946 4531; x_wconf 88' lang='grc' dir='ltr'>Θεοῦ·</span> <span class='ocrx_word' id='word_1_634' title='bbox 984 4481 1119 4533; x_wconf 81' lang='grc' dir='ltr'>ὥστε</span> <span class='ocrx_word' id='word_1_635' title='bbox 1151 4500 1215 4551; x_wconf 90' lang='grc' dir='ltr'><strong>με</strong></span> <span class='ocrx_word' id='word_1_636' title='bbox 1249 4485 1355 4537; x_wconf 80' lang='grc' dir='ltr'><strong>άπὸ</strong></span> <span class='ocrx_word' id='word_1_637' title='bbox 1390 4486 1735 4559; x_wconf 82' lang='grc' dir='ltr'>Ἰερουσαλὴμ</span> 
     </span>
    </p>
   </div>
   <div class='ocr_carea' id='block_1_89' title="bbox 1838 4477 3401 4560">
    <p class='ocr_par' dir='ltr' id='par_1_89' title="bbox 1842 4485 3401 4559">
     <span class='ocr_line' id='line_1_89' title="bbox 1842 4485 3401 4559; baseline 0.004 -22"><span class='ocrx_word' id='word_1_638' title='bbox 1842 4486 2040 4539; x_wconf 90' lang='lat' dir='ltr'><strong>virtute</strong></span> <span class='ocrx_word' id='word_1_639' title='bbox 2081 4485 2317 4553; x_wconf 90' lang='lat' dir='ltr'><strong>Spiritus</strong></span> <span class='ocrx_word' id='word_1_640' title='bbox 2368 4486 2577 4548; x_wconf 84' lang='lat' dir='ltr'><strong>saneti;</strong></span> <span class='ocrx_word' id='word_1_641' title='bbox 2627 4488 2701 4539; x_wconf 84' lang='lat' dir='ltr'><strong>ita</strong></span> <span class='ocrx_word' id='word_1_642' title='bbox 2758 4498 2814 4539; x_wconf 92' lang='lat' dir='ltr'><strong>ut</strong></span> <span class='ocrx_word' id='word_1_643' title='bbox 2861 4489 2928 4539; x_wconf 90' lang='lat' dir='ltr'><strong>ab</strong></span> <span class='ocrx_word' id='word_1_644' title='bbox 2965 4487 3261 4543; x_wconf 80' lang='lat' dir='ltr'><strong>Jerusalem</strong></span> <span class='ocrx_word' id='word_1_645' title='bbox 3304 4505 3401 4559; x_wconf 88' lang='lat' dir='ltr'><strong>per</strong></span> 
     </span>
    </p>
   </div>
   <div class='ocr_carea' id='block_1_90' title="bbox 174 4565 1739 4644">
    <p class='ocr_par' dir='ltr' id='par_1_90' title="bbox 174 4565 1739 4644">
     <span class='ocr_line' id='line_1_90' title="bbox 174 4565 1739 4644; baseline 0.008 -27"><span class='ocrx_word' id='word_1_646' title='bbox 174 4565 384 4635; x_wconf 84' lang='grc' dir='ltr'>κύκλῳ,</span> <span class='ocrx_word' id='word_1_647' title='bbox 416 4568 509 4621; x_wconf 81' lang='grc' dir='ltr'><strong>καὶ</strong></span> <span class='ocrx_word' id='word_1_648' title='bbox 561 4569 720 4639; x_wconf 81' lang='grc' dir='ltr'>μέχρι</span> <span class='ocrx_word' id='word_1_649' title='bbox 765 4570 857 4621; x_wconf 88' lang='grc' dir='ltr'><strong>τοῦ</strong></span> <span class='ocrx_word' id='word_1_650' title='bbox 890 4570 1179 4640; x_wconf 86' lang='grc' dir='ltr'>Ἰλλυρικοῦ</span> <span class='ocrx_word' id='word_1_651' title='bbox 1230 4574 1645 4644; x_wconf 85' lang='grc' dir='ltr'>πεπληρωκέναι</span> <span class='ocrx_word' id='word_1_652' title='bbox 1680 4580 1739 4630; x_wconf 88' lang='grc' dir='ltr'><strong>τὸ</strong></span> 
     </span>
    </p>
   </div>
   <div class='ocr_carea' id='block_1_91' title="bbox 174 4656 1738 4734">
    <p class='ocr_par' dir='ltr' id='par_1_91' title="bbox 174 4656 1738 4734">
     <span class='ocr_line' id='line_1_91' title="bbox 174 4656 1738 4734; baseline 0.007 -27"><span class='ocrx_word' id='word_1_653' title='bbox 174 4657 505 4724; x_wconf 84' lang='grc' dir='ltr'>Εύαγγέλιον</span> <span class='ocrx_word' id='word_1_654' title='bbox 543 4656 635 4709; x_wconf 90' lang='grc' dir='ltr'><strong>τοῦ</strong></span> <span class='ocrx_word' id='word_1_655' title='bbox 668 4658 925 4729; x_wconf 90' lang='grc' dir='ltr'>Χριστοῦ.</span> <span class='ocrx_word' id='word_1_656' title='bbox 960 4679 977 4710; x_wconf 71' lang='grc' dir='ltr'><strong>ι</strong></span> <span class='ocrx_word' id='word_1_657' title='bbox 1014 4660 1099 4711; x_wconf 86' lang='grc' dir='ltr'>Ἐν</span> <span class='ocrx_word' id='word_1_658' title='bbox 1125 4660 1201 4731; x_wconf 81' lang='grc' dir='ltr'>τῷ</span> <span class='ocrx_word' id='word_1_659' title='bbox 1235 4663 1407 4732; x_wconf 89' lang='grc' dir='ltr'>Ἰησοῦ</span> <span class='ocrx_word' id='word_1_660' title='bbox 1437 4665 1738 4734; x_wconf 81' lang='grc' dir='ltr'>καυχᾶσθαί</span> 
     </span>
    </p>
   </div>
   <div class='ocr_carea' id='block_1_92' title="bbox 174 4747 1736 4823">
    <p class='ocr_par' dir='ltr' id='par_1_92' title="bbox 174 4747 1736 4823">
     <span class='ocr_line' id='line_1_92' title="bbox 174 4747 1736 4823; baseline 0.008 -25"><span class='ocrx_word' id='word_1_661' title='bbox 174 4764 332 4815; x_wconf 79' lang='grc' dir='ltr'>φησι,</span> <span class='ocrx_word' id='word_1_662' title='bbox 363 4748 422 4800; x_wconf 85' lang='grc' dir='ltr'><strong>τὸ</strong></span> <span class='ocrx_word' id='word_1_663' title='bbox 448 4747 707 4819; x_wconf 88' lang='grc' dir='ltr'>καύχημα</span> <span class='ocrx_word' id='word_1_664' title='bbox 736 4750 907 4818; x_wconf 80' lang='grc' dir='ltr'>λέγων</span> <span class='ocrx_word' id='word_1_665' title='bbox 930 4751 1072 4821; x_wconf 77' lang='grc' dir='ltr'>ἔχειν</span> <span class='ocrx_word' id='word_1_666' title='bbox 1098 4754 1231 4823; x_wconf 87' lang='grc' dir='ltr'>πρὸς</span> <span class='ocrx_word' id='word_1_667' title='bbox 1257 4755 1533 4809; x_wconf 81' lang='grc' dir='ltr'>Θεόν.”οτι</span> <span class='ocrx_word' id='word_1_668' title='bbox 1557 4758 1611 4810; x_wconf 82' lang='grc' dir='ltr'>δὲ</span> <span class='ocrx_word' id='word_1_669' title='bbox 1637 4759 1736 4811; x_wconf 75' lang='grc' dir='ltr'><strong>οὐκ</strong></span> 
     </span>
    </p>
   </div>
   <div class='ocr_carea' id='block_1_93' title="bbox 173 4836 1735 4913">
    <p class='ocr_par' dir='ltr' id='par_1_93' title="bbox 173 4836 1735 4913">
     <span class='ocr_line' id='line_1_93' title="bbox 173 4836 1735 4913; baseline 0.006 -26"><span class='ocrx_word' id='word_1_670' title='bbox 173 4836 518 4905; x_wconf 83' lang='grc' dir='ltr'>ἀνθρώπινον</span> <span class='ocrx_word' id='word_1_671' title='bbox 572 4839 632 4891; x_wconf 91' lang='grc' dir='ltr'><strong>τὸ</strong></span> <span class='ocrx_word' id='word_1_672' title='bbox 685 4840 777 4892; x_wconf 74' lang='grc' dir='ltr'><strong>καὶ</strong></span> <span class='ocrx_word' id='word_1_673' title='bbox 825 4842 881 4891; x_wconf 89' lang='grc' dir='ltr'><strong>ἐν</strong></span> <span class='ocrx_word' id='word_1_674' title='bbox 925 4840 1149 4909; x_wconf 86' lang='grc' dir='ltr'>δυνάμει</span> <span class='ocrx_word' id='word_1_675' title='bbox 1191 4844 1501 4913; x_wconf 89' lang='grc' dir='ltr'>Πνεύματος</span> <span class='ocrx_word' id='word_1_676' title='bbox 1532 4847 1588 4898; x_wconf 89' lang='grc' dir='ltr'><strong>ἐν</strong></span> <span class='ocrx_word' id='word_1_677' title='bbox 1625 4848 1735 4910; x_wconf 83' lang='grc' dir='ltr'>τοῖς</span> 
     </span>
    </p>
   </div>
   <div class='ocr_carea' id='block_1_94' title="bbox 172 4925 1736 5001">
    <p class='ocr_par' dir='ltr' id='par_1_94' title="bbox 172 4925 1736 5001">
     <span class='ocr_line' id='line_1_94' title="bbox 172 4925 1736 5001; baseline 0.006 -25"><span class='ocrx_word' id='word_1_678' title='bbox 172 4925 355 4991; x_wconf 85' lang='grc' dir='ltr'>ἁγίοις</span> <span class='ocrx_word' id='word_1_679' title='bbox 383 4927 700 4990; x_wconf 85' lang='grc' dir='ltr'>ἀποστόλοις</span> <span class='ocrx_word' id='word_1_680' title='bbox 732 4930 973 4999; x_wconf 79' lang='grc' dir='ltr'>ἐνεργεῖν</span> <span class='ocrx_word' id='word_1_681' title='bbox 1004 4928 1258 4982; x_wconf 86' lang='grc' dir='ltr'>δύνασθαι</span> <span class='ocrx_word' id='word_1_682' title='bbox 1292 4930 1380 4983; x_wconf 88' lang='grc' dir='ltr'><strong>τὸν</strong></span> <span class='ocrx_word' id='word_1_683' title='bbox 1409 4933 1641 5001; x_wconf 87' lang='grc' dir='ltr'>Χριστὸν</span> <span class='ocrx_word' id='word_1_684' title='bbox 1666 4935 1736 4986; x_wconf 78' lang='grc' dir='ltr'><strong>τά</strong></span> 
     </span>
    </p>
   </div>
   <div class='ocr_carea' id='block_1_95' title="bbox 173 5015 1735 5093">
    <p class='ocr_par' dir='ltr' id='par_1_95' title="bbox 173 5015 1735 5093">
     <span class='ocr_line' id='line_1_95' title="bbox 173 5015 1735 5093; baseline 0.006 -27"><span class='ocrx_word' id='word_1_685' title='bbox 173 5015 475 5081; x_wconf 78' lang='grc' dir='ltr'>παράδοξα,</span> <span class='ocrx_word' id='word_1_686' title='bbox 504 5017 615 5079; x_wconf 82' lang='grc' dir='ltr'><strong>πῶς</strong></span> <span class='ocrx_word' id='word_1_687' title='bbox 639 5018 714 5069; x_wconf 79' lang='grc' dir='ltr'><strong>ἔνι</strong></span> <span class='ocrx_word' id='word_1_688' title='bbox 743 5019 1129 5088; x_wconf 78' lang='grc' dir='ltr'>άμφιὸάλλειν;</span> <span class='ocrx_word' id='word_1_689' title='bbox 1152 5021 1360 5093; x_wconf 85' lang='grc' dir='ltr'>Ὥσπερ</span> <span class='ocrx_word' id='word_1_690' title='bbox 1382 5024 1487 5093; x_wconf 84' lang='grc' dir='ltr'>γὰρ</span> <span class='ocrx_word' id='word_1_691' title='bbox 1512 5024 1735 5086; x_wconf 70' lang='grc' dir='ltr'>ἕκαστος</span> 
     </span>
    </p>
   </div>
   <div class='ocr_carea' id='block_1_96' title="bbox 170 5104 1733 5177">
    <p class='ocr_par' dir='ltr' id='par_1_96' title="bbox 170 5104 1733 5177">
     <span class='ocr_line' id='line_1_96' title="bbox 170 5104 1733 5177; baseline 0.004 -21"><span class='ocrx_word' id='word_1_692' title='bbox 170 5104 287 5156; x_wconf 87' lang='grc' dir='ltr'><strong>τῶν</strong></span> <span class='ocrx_word' id='word_1_693' title='bbox 314 5105 437 5156; x_wconf 82' lang='grc' dir='ltr'>καθ’</span> <span class='ocrx_word' id='word_1_694' title='bbox 470 5107 613 5174; x_wconf 80' lang='grc' dir='ltr'>ἡμᾶς</span> <span class='ocrx_word' id='word_1_695' title='bbox 642 5107 697 5157; x_wconf 85' lang='grc' dir='ltr'><strong>ἐν</strong></span> <span class='ocrx_word' id='word_1_696' title='bbox 725 5107 829 5177; x_wconf 77' lang='grc' dir='ltr'>ἰδίᾳ</span> <span class='ocrx_word' id='word_1_697' title='bbox 854 5107 1077 5175; x_wconf 86' lang='grc' dir='ltr'>δυνάμει</span> <span class='ocrx_word' id='word_1_698' title='bbox 1102 5108 1168 5159; x_wconf 77' lang='grc' dir='ltr'><strong>τά</strong></span> <span class='ocrx_word' id='word_1_699' title='bbox 1202 5108 1391 5161; x_wconf 88' lang='grc' dir='ltr'>ἐαυτοῦ</span> <span class='ocrx_word' id='word_1_700' title='bbox 1418 5108 1549 5177; x_wconf 82' lang='grc' dir='ltr'>ἔργα</span> <span class='ocrx_word' id='word_1_701' title='bbox 1570 5113 1733 5171; x_wconf 88' lang='grc' dir='ltr'>ποιεῖ,</span> 
     </span>
    </p>
   </div>
   <div class='ocr_carea' id='block_1_97' title="bbox 173 5195 1733 5271">
    <p class='ocr_par' dir='ltr' id='par_1_97' title="bbox 173 5195 1733 5271">
     <span class='ocr_line' id='line_1_97' title="bbox 173 5195 1733 5271; baseline 0.003 -23"><span class='ocrx_word' id='word_1_702' title='bbox 173 5195 316 5248; x_wconf 70' lang='grc' dir='ltr'>οὕτω</span> <span class='ocrx_word' id='word_1_703' title='bbox 350 5198 442 5249; x_wconf 72' lang='grc' dir='ltr'>καὶ</span> <span class='ocrx_word' id='word_1_704' title='bbox 472 5199 499 5249; x_wconf 83' lang='grc' dir='ltr'>ὁ</span> <span class='ocrx_word' id='word_1_705' title='bbox 527 5197 779 5267; x_wconf 88' lang='grc' dir='ltr'>Χριστὸς,</span> <span class='ocrx_word' id='word_1_706' title='bbox 810 5198 884 5261; x_wconf 82' lang='grc' dir='ltr'>ὡς</span> <span class='ocrx_word' id='word_1_707' title='bbox 933 5199 1034 5268; x_wconf 71' lang='grc' dir='ltr'>ἰδίᾳ</span> <span class='ocrx_word' id='word_1_708' title='bbox 1081 5198 1303 5270; x_wconf 85' lang='grc' dir='ltr'>δυνάμει</span> <span class='ocrx_word' id='word_1_709' title='bbox 1349 5200 1427 5271; x_wconf 82' lang='grc' dir='ltr'><strong>τῷ</strong></span> <span class='ocrx_word' id='word_1_710' title='bbox 1464 5202 1733 5270; x_wconf 82' lang='grc' dir='ltr'>[Ινεύματι</span> 
     </span>
    </p>
   </div>
   <div class='ocr_carea' id='block_1_98' title="bbox 174 5286 1734 5363">
    <p class='ocr_par' dir='ltr' id='par_1_98' title="bbox 174 5286 1734 5363">
     <span class='ocr_line' id='line_1_98' title="bbox 174 5286 1734 5363; baseline 0.006 -26"><span class='ocrx_word' id='word_1_711' title='bbox 174 5286 476 5357; x_wconf 77' lang='grc' dir='ltr'>χρώμενος,</span> <span class='ocrx_word' id='word_1_712' title='bbox 509 5289 718 5357; x_wconf 82' lang='grc' dir='ltr'>ἐνεργεῖ</span> <span class='ocrx_word' id='word_1_713' title='bbox 757 5289 826 5340; x_wconf 77' lang='grc' dir='ltr'>τὰ</span> <span class='ocrx_word' id='word_1_714' title='bbox 862 5289 1138 5359; x_wconf 83' lang='grc' dir='ltr'>παράδοξα</span> <span class='ocrx_word' id='word_1_715' title='bbox 1181 5291 1267 5343; x_wconf 81' lang='grc' dir='ltr'><strong>διὰ</strong></span> <span class='ocrx_word' id='word_1_716' title='bbox 1296 5292 1393 5363; x_wconf 83' lang='grc' dir='ltr'><strong>τῆς</strong></span> <span class='ocrx_word' id='word_1_717' title='bbox 1429 5292 1533 5345; x_wconf 89' lang='grc' dir='ltr'><strong>τῶν</strong></span> <span class='ocrx_word' id='word_1_718' title='bbox 1565 5294 1734 5361; x_wconf 86' lang='grc' dir='ltr'>άγίων</span> 
     </span>
    </p>
   </div>
   <div class='ocr_carea' id='block_1_99' title="bbox 1840 4571 3398 4646">
    <p class='ocr_par' dir='ltr' id='par_1_99' title="bbox 1840 4571 3398 4646">
     <span class='ocr_line' id='line_1_99' title="bbox 1840 4571 3398 4646; baseline 0.004 -21"><span class='ocrx_word' id='word_1_719' title='bbox 1840 4571 2119 4625; x_wconf 89' lang='lat' dir='ltr'><strong>circuitum</strong></span> <span class='ocrx_word' id='word_1_720' title='bbox 2168 4586 2337 4640; x_wconf 89' lang='lat' dir='ltr'><strong>usque</strong></span> <span class='ocrx_word' id='word_1_721' title='bbox 2366 4575 2432 4626; x_wconf 86' lang='lat' dir='ltr'><strong>ad</strong></span> <span class='ocrx_word' id='word_1_722' title='bbox 2470 4572 2735 4641; x_wconf 88' lang='lat' dir='ltr'><strong>Illyricum</strong></span> <span class='ocrx_word' id='word_1_723' title='bbox 2790 4572 3104 4641; x_wconf 85' lang='lat' dir='ltr'><strong>repleverim</strong></span> <span class='ocrx_word' id='word_1_724' title='bbox 3151 4575 3398 4646; x_wconf 75' lang='lat' dir='ltr'><strong>Evange-</strong></span> 
     </span>
    </p>
   </div>
   <div class='ocr_carea' id='block_1_100' title="bbox 1837 4661 3399 4732">
    <p class='ocr_par' dir='ltr' id='par_1_100' title="bbox 1837 4661 3399 4732">
     <span class='ocr_line' id='line_1_100' title="bbox 1837 4661 3399 4732; baseline 0.004 -18"><span class='ocrx_word' id='word_1_725' title='bbox 1837 4662 1967 4715; x_wconf 90' lang='lat' dir='ltr'><strong>lium</strong></span> <span class='ocrx_word' id='word_1_726' title='bbox 1996 4661 2198 4716; x_wconf 91' lang='lat' dir='ltr'><strong>Christi</strong></span> <span class='ocrx_word' id='word_1_727' title='bbox 2221 4662 2260 4714; x_wconf 84' lang='grc'><strong>⁸.</strong></span> <span class='ocrx_word' id='word_1_728' title='bbox 2298 4681 2317 4713; x_wconf 73' lang='grc' dir='ltr'><strong>ι</strong></span> <span class='ocrx_word' id='word_1_729' title='bbox 2350 4662 2424 4717; x_wconf 88' lang='lat' dir='ltr'><strong>En</strong></span> <span class='ocrx_word' id='word_1_730' title='bbox 2452 4664 2573 4716; x_wconf 93' lang='lat' dir='ltr'><strong>dum</strong></span> <span class='ocrx_word' id='word_1_731' title='bbox 2604 4663 2656 4715; x_wconf 90' lang='lat' dir='ltr'><strong>in</strong></span> <span class='ocrx_word' id='word_1_732' title='bbox 2689 4663 2906 4718; x_wconf 85' lang='lat' dir='ltr'><strong>Christo</strong></span> <span class='ocrx_word' id='word_1_733' title='bbox 2928 4664 3206 4732; x_wconf 78' lang='lat' dir='ltr'><strong>gloriatur,</strong></span> <span class='ocrx_word' id='word_1_734' title='bbox 3239 4666 3291 4719; x_wconf 89' lang='lat' dir='ltr'><strong>in</strong></span> <span class='ocrx_word' id='word_1_735' title='bbox 3315 4668 3399 4722; x_wconf 87' lang='lat' dir='ltr'><strong>his</strong></span> 
     </span>
    </p>
   </div>
   <div class='ocr_carea' id='block_1_101' title="bbox 1838 4752 3399 4822">
    <p class='ocr_par' dir='ltr' id='par_1_101' title="bbox 1838 4752 3399 4822">
     <span class='ocr_line' id='line_1_101' title="bbox 1838 4752 3399 4822; baseline 0.003 -17"><span class='ocrx_word' id='word_1_736' title='bbox 1838 4768 1956 4822; x_wconf 75' lang='lat' dir='ltr'><strong>quae</strong></span> <span class='ocrx_word' id='word_1_737' title='bbox 1998 4753 2086 4807; x_wconf 92' lang='lat' dir='ltr'><strong>Dei</strong></span> <span class='ocrx_word' id='word_1_738' title='bbox 2116 4763 2241 4806; x_wconf 91' lang='lat' dir='ltr'><strong>sunt</strong></span> <span class='ocrx_word' id='word_1_739' title='bbox 2273 4752 2491 4822; x_wconf 80' lang='lat' dir='ltr'><strong>gloriari</strong></span> <span class='ocrx_word' id='word_1_740' title='bbox 2527 4767 2585 4808; x_wconf 88' lang='lat' dir='ltr'><strong>se</strong></span> <span class='ocrx_word' id='word_1_741' title='bbox 2610 4754 2761 4806; x_wconf 89' lang='lat' dir='ltr'><strong>dicit.</strong></span> <span class='ocrx_word' id='word_1_742' title='bbox 2796 4753 2945 4819; x_wconf 88' lang='lat' dir='ltr'><strong>Quod</strong></span> <span class='ocrx_word' id='word_1_743' title='bbox 2988 4762 3167 4808; x_wconf 90' lang='lat' dir='ltr'><strong>autem</strong></span> <span class='ocrx_word' id='word_1_744' title='bbox 3200 4756 3399 4811; x_wconf 89' lang='lat' dir='ltr'><strong>virtute</strong></span> 
     </span>
    </p>
   </div>
   <div class='ocr_carea' id='block_1_102' title="bbox 1842 4844 3394 4917">
    <p class='ocr_par' dir='ltr' id='par_1_102' title="bbox 1842 4844 3394 4917">
     <span class='ocr_line' id='line_1_102' title="bbox 1842 4844 3394 4917; baseline 0.001 -18"><span class='ocrx_word' id='word_1_745' title='bbox 1842 4844 2075 4912; x_wconf 90' lang='lat' dir='ltr'><strong>Spiritus</strong></span> <span class='ocrx_word' id='word_1_746' title='bbox 2124 4859 2221 4913; x_wconf 90' lang='lat' dir='ltr'><strong>per</strong></span> <span class='ocrx_word' id='word_1_747' title='bbox 2272 4844 2544 4912; x_wconf 90' lang='lat' dir='ltr'><strong>apostolos</strong></span> <span class='ocrx_word' id='word_1_748' title='bbox 2586 4854 2805 4898; x_wconf 87' lang='lat' dir='ltr'><strong>sanctos</strong></span> <span class='ocrx_word' id='word_1_749' title='bbox 2851 4845 3090 4914; x_wconf 80' lang='lat' dir='ltr'><strong>prodigia</strong></span> <span class='ocrx_word' id='word_1_750' title='bbox 3136 4856 3191 4899; x_wconf 87' lang='lat' dir='ltr'><strong>et</strong></span> <span class='ocrx_word' id='word_1_751' title='bbox 3244 4848 3394 4917; x_wconf 77' lang='lat' dir='ltr'><strong>signa</strong></span> 
     </span>
    </p>
   </div>
   <div class='ocr_carea' id='block_1_103' title="bbox 1840 4935 3396 5004">
    <p class='ocr_par' dir='ltr' id='par_1_103' title="bbox 1840 4935 3396 5004">
     <span class='ocr_line' id='line_1_103' title="bbox 1840 4935 3396 5004; baseline 0.003 -15"><span class='ocrx_word' id='word_1_752' title='bbox 1840 4935 2111 4989; x_wconf 86' lang='lat' dir='ltr'><strong>Christum</strong></span> <span class='ocrx_word' id='word_1_753' title='bbox 2158 4950 2317 5004; x_wconf 82' lang='lat' dir='ltr'><strong>posse</strong></span> <span class='ocrx_word' id='word_1_754' title='bbox 2363 4937 2545 4997; x_wconf 87' lang='lat' dir='ltr'><strong>edere,</strong></span> <span class='ocrx_word' id='word_1_755' title='bbox 2589 4951 2724 5004; x_wconf 88' lang='lat' dir='ltr'><strong>opus</strong></span> <span class='ocrx_word' id='word_1_756' title='bbox 2778 4936 2849 4990; x_wconf 92' lang='lat' dir='ltr'><strong>sit</strong></span> <span class='ocrx_word' id='word_1_757' title='bbox 2896 4937 3145 4991; x_wconf 89' lang='lat' dir='ltr'><strong>humanis</strong></span> <span class='ocrx_word' id='word_1_758' title='bbox 3192 4938 3396 4995; x_wconf 68' lang='lat' dir='ltr'><strong>viribus</strong></span> 
     </span>
    </p>
   </div>
   <div class='ocr_carea' id='block_1_104' title="bbox 1841 5026 3392 5094">
    <p class='ocr_par' dir='ltr' id='par_1_104' title="bbox 1841 5026 3392 5094">
     <span class='ocr_line' id='line_1_104' title="bbox 1841 5026 3392 5094; baseline 0.004 -15"><span class='ocrx_word' id='word_1_759' title='bbox 1841 5026 2033 5094; x_wconf 90' lang='lat' dir='ltr'><strong>majus,</strong></span> <span class='ocrx_word' id='word_1_760' title='bbox 2063 5027 2113 5079; x_wconf 92' lang='lat' dir='ltr'><strong>id</strong></span> <span class='ocrx_word' id='word_1_761' title='bbox 2148 5028 2199 5080; x_wconf 91' lang='lat' dir='ltr'><strong>in</strong></span> <span class='ocrx_word' id='word_1_762' title='bbox 2237 5028 2454 5082; x_wconf 88' lang='lat' dir='ltr'><strong>dubium</strong></span> <span class='ocrx_word' id='word_1_763' title='bbox 2483 5041 2735 5082; x_wconf 89' lang='lat' dir='ltr'><strong>revocare</strong></span> <span class='ocrx_word' id='word_1_764' title='bbox 2762 5043 2863 5081; x_wconf 92' lang='lat' dir='ltr'><strong>non</strong></span> <span class='ocrx_word' id='word_1_765' title='bbox 2894 5028 3037 5081; x_wconf 89' lang='lat' dir='ltr'><strong>licet.</strong></span> <span class='ocrx_word' id='word_1_766' title='bbox 3071 5028 3221 5083; x_wconf 90' lang='lat' dir='ltr'><strong>Sicut</strong></span> <span class='ocrx_word' id='word_1_767' title='bbox 3250 5032 3392 5085; x_wconf 90' lang='lat' dir='ltr'><strong>enim</strong></span> 
     </span>
    </p>
   </div>
   <div class='ocr_carea' id='block_1_105' title="bbox 1842 5118 3394 5187">
    <p class='ocr_par' dir='ltr' id='par_1_105' title="bbox 1842 5118 3394 5187">
     <span class='ocr_line' id='line_1_105' title="bbox 1842 5118 3394 5187; baseline 0.003 -18"><span class='ocrx_word' id='word_1_768' title='bbox 1842 5118 2209 5187; x_wconf 89' lang='lat' dir='ltr'><strong>unusquisque</strong></span> <span class='ocrx_word' id='word_1_769' title='bbox 2232 5128 2469 5171; x_wconf 91' lang='lat' dir='ltr'><strong>nostrum</strong></span> <span class='ocrx_word' id='word_1_770' title='bbox 2493 5118 2544 5172; x_wconf 86' lang='lat' dir='ltr'><strong>in</strong></span> <span class='ocrx_word' id='word_1_771' title='bbox 2570 5120 2781 5187; x_wconf 86' lang='lat' dir='ltr'><strong>propria</strong></span> <span class='ocrx_word' id='word_1_772' title='bbox 2809 5120 3004 5171; x_wconf 88' lang='lat' dir='ltr'><strong>virtute</strong></span> <span class='ocrx_word' id='word_1_773' title='bbox 3041 5135 3158 5186; x_wconf 75' lang='lat' dir='ltr'><strong>quae</strong></span> <span class='ocrx_word' id='word_1_774' title='bbox 3191 5131 3394 5175; x_wconf 72' lang='lat' dir='ltr'><strong>natura:</strong></span> 
     </span>
    </p>
   </div>
   <div class='ocr_carea' id='block_1_106' title="bbox 1843 5209 3396 5284">
    <p class='ocr_par' dir='ltr' id='par_1_106' title="bbox 1843 5209 3396 5284">
     <span class='ocr_line' id='line_1_106' title="bbox 1843 5209 3396 5284; baseline 0.004 -23"><span class='ocrx_word' id='word_1_775' title='bbox 1843 5209 2011 5276; x_wconf 91' lang='lat' dir='ltr'><strong>ipsius</strong></span> <span class='ocrx_word' id='word_1_776' title='bbox 2027 5220 2149 5263; x_wconf 86' lang='lat' dir='ltr'><strong>sunt</strong></span> <span class='ocrx_word' id='word_1_777' title='bbox 2168 5218 2445 5275; x_wconf 89' lang='lat' dir='ltr'><strong>operatur.</strong></span> <span class='ocrx_word' id='word_1_778' title='bbox 2466 5210 2535 5263; x_wconf 94' lang='lat' dir='ltr'><strong>ita</strong></span> <span class='ocrx_word' id='word_1_779' title='bbox 2557 5212 2715 5263; x_wconf 90' lang='lat' dir='ltr'><strong>etiam</strong></span> <span class='ocrx_word' id='word_1_780' title='bbox 2735 5210 2998 5277; x_wconf 87' lang='lat' dir='ltr'><strong>Christus,</strong></span> <span class='ocrx_word' id='word_1_781' title='bbox 3022 5215 3071 5266; x_wconf 93' lang='lat' dir='ltr'><strong>in</strong></span> <span class='ocrx_word' id='word_1_782' title='bbox 3096 5214 3258 5284; x_wconf 86' lang='lat' dir='ltr'><strong>ipsius</strong></span> <span class='ocrx_word' id='word_1_783' title='bbox 3279 5213 3396 5283; x_wconf 90' lang='lat' dir='ltr'><strong>Spi-</strong></span> 
     </span>
    </p>
   </div>
   <div class='ocr_carea' id='block_1_107' title="bbox 1843 5298 3395 5372">
    <p class='ocr_par' dir='ltr' id='par_1_107' title="bbox 1843 5298 3395 5372">
     <span class='ocr_line' id='line_1_107' title="bbox 1843 5298 3395 5372; baseline 0.008 -24"><span class='ocrx_word' id='word_1_784' title='bbox 1843 5298 1946 5350; x_wconf 90' lang='lat' dir='ltr'><strong>ritu</strong></span> <span class='ocrx_word' id='word_1_785' title='bbox 1974 5310 2181 5363; x_wconf 91' lang='lat' dir='ltr'><strong>sancto,</strong></span> <span class='ocrx_word' id='word_1_786' title='bbox 2210 5309 2265 5352; x_wconf 90' lang='lat' dir='ltr'><strong>ut</strong></span> <span class='ocrx_word' id='word_1_787' title='bbox 2299 5301 2387 5367; x_wconf 89' lang='lat' dir='ltr'><strong>qui</strong></span> <span class='ocrx_word' id='word_1_788' title='bbox 2414 5300 2529 5369; x_wconf 89' lang='lat' dir='ltr'><strong>ejus</strong></span> <span class='ocrx_word' id='word_1_789' title='bbox 2564 5302 2783 5370; x_wconf 84' lang='lat' dir='ltr'><strong>prepria</strong></span> <span class='ocrx_word' id='word_1_790' title='bbox 2819 5303 2886 5357; x_wconf 90' lang='lat' dir='ltr'><strong>sit</strong></span> <span class='ocrx_word' id='word_1_791' title='bbox 2918 5304 3107 5372; x_wconf 81' lang='lat' dir='ltr'><strong>virtus,</strong></span> <span class='ocrx_word' id='word_1_792' title='bbox 3137 5305 3395 5361; x_wconf 76' lang='lat' dir='ltr'><strong>miracula</strong></span> 
     </span>
    </p>
   </div>
   <div class='ocr_carea' id='block_1_108' title="bbox 248 5459 2655 5542">
    <p class='ocr_par' dir='ltr' id='par_1_108' title="bbox 248 5459 2655 5542">
     <span class='ocr_line' id='line_1_108' title="bbox 248 5459 2655 5542; baseline 0.008 -30"><span class='ocrx_word' id='word_1_793' title='bbox 248 5459 447 5517; x_wconf 78' lang='lat' dir='ltr'><strong>&#39;Rom.</strong></span> <span class='ocrx_word' id='word_1_794' title='bbox 478 5479 595 5528; x_wconf 80' lang='lat' dir='ltr'><strong>vni,</strong></span> <span class='ocrx_word' id='word_1_795' title='bbox 633 5464 719 5529; x_wconf 74' lang='lat'><strong>38,</strong></span> <span class='ocrx_word' id='word_1_796' title='bbox 755 5465 839 5519; x_wconf 83' lang='lat'><strong>&#39;59.</strong></span> <span class='ocrx_word' id='word_1_797' title='bbox 920 5468 938 5499; x_wconf 80' lang='grc'><strong>⁸</strong></span> <span class='ocrx_word' id='word_1_798' title='bbox 972 5466 1124 5524; x_wconf 81' lang='lat' dir='ltr'><strong>Rom.</strong></span> <span class='ocrx_word' id='word_1_799' title='bbox 1160 5484 1267 5532; x_wconf 76' lang='lat' dir='ltr'><strong>xrv,</strong></span> <span class='ocrx_word' id='word_1_800' title='bbox 1304 5468 1389 5521; x_wconf 86' lang='lat' dir='ltr'><strong>lO.</strong></span> <span class='ocrx_word' id='word_1_801' title='bbox 1466 5470 1484 5499; x_wconf 88' lang='grc'><strong>⁷</strong></span> <span class='ocrx_word' id='word_1_802' title='bbox 1516 5468 1672 5525; x_wconf 77' lang='lat' dir='ltr'><strong>Rom.</strong></span> <span class='ocrx_word' id='word_1_803' title='bbox 1703 5486 1790 5536; x_wconf 81' lang='lat' dir='ltr'><strong>xv,</strong></span> <span class='ocrx_word' id='word_1_804' title='bbox 1823 5472 2017 5535; x_wconf 66' lang='lat'><strong>15,16.</strong></span> <span class='ocrx_word' id='word_1_805' title='bbox 2106 5476 2126 5505; x_wconf 85' lang='grc'><strong>⁸</strong></span> <span class='ocrx_word' id='word_1_806' title='bbox 2168 5475 2320 5529; x_wconf 79' lang='lat' dir='ltr'><strong>Rom.</strong></span> <span class='ocrx_word' id='word_1_807' title='bbox 2354 5492 2440 5542; x_wconf 76' lang='lat' dir='ltr'><strong>xv,</strong></span> <span class='ocrx_word' id='word_1_808' title='bbox 2476 5477 2655 5532; x_wconf 71' lang='lat'><strong>17-19.</strong></span> 
     </span>
    </p>
   </div>
   <div class='ocr_carea' id='block_1_109' title="bbox 1253 5621 2323 5690">
    <p class='ocr_par' dir='ltr' id='par_1_109' title="bbox 1253 5621 2323 5690">
     <span class='ocr_line' id='line_1_109' title="bbox 1253 5621 2323 5690; baseline 0.004 -17"><span class='ocrx_word' id='word_1_809' title='bbox 1253 5621 1422 5673; x_wconf 77' lang='lat' dir='ltr'><strong>Varize</strong></span> <span class='ocrx_word' id='word_1_810' title='bbox 1456 5621 1708 5675; x_wconf 85' lang='lat' dir='ltr'><strong>lectiones</strong></span> <span class='ocrx_word' id='word_1_811' title='bbox 1741 5624 1938 5676; x_wconf 85' lang='lat' dir='ltr'><strong>codicis</strong></span> <span class='ocrx_word' id='word_1_812' title='bbox 1971 5624 2323 5690; x_wconf 73' lang='lat' dir='ltr'><strong>Seguieriani.</strong></span> 
     </span>
    </p>
   </div>
   <div class='ocr_carea' id='block_1_110' title="bbox 253 5737 705 5819">
    <p class='ocr_par' dir='ltr' id='par_1_110' title="bbox 253 5737 705 5819">
     <span class='ocr_line' id='line_1_110' title="bbox 253 5737 705 5819; baseline 0.011 -20"><span class='ocrx_word' id='word_1_813' title='bbox 253 5737 275 5799; x_wconf 69' lang='grc' dir='ltr'><strong><em>ἱ</em></strong></span> <span class='ocrx_word' id='word_1_814' title='bbox 310 5754 380 5804; x_wconf 68' lang='grc' dir='ltr'>ατί.</span> <span class='ocrx_word' id='word_1_815' title='bbox 408 5753 705 5819; x_wconf 80' lang='grc' dir='ltr'>ἀνωτάτην.</span> 
     </span>
    </p>
   </div>
  </div>
