4056 6334
670 377 798 434 1251
1686 374 1742 429 S.
1785 373 2052 430 CYRILLI
2093 370 2562 431 ALEXANDRINI
2603 375 2921 432 ARCHIEP.
3774 374 3906 429 1232

660 504 916 565 opcratur
955 509 1051 564 per
1078 507 1269 548 manus
1312 501 1641 549 sanctorum.
1679 491 1847 545 Porro
1879 492 2146 560 quomodo
2180 491 2198 542 i

2324 492 2525 562 χειρός.
2562 490 2693 547 Εἶτα
2739 492 2856 555 πῶς
2888 492 2948 545 οὐ
2980 490 3111 554 Θεός
3138 490 3306 555 ἐστιν,
3339 484 3399 545 οῦ
3428 490 3561 543 ἴδιον
3588 488 3649 543 τδ
3677 488 3904 560 Πνεῦμα

658 588 797 645 Deus
837 603 938 641 non
969 596 1073 649 est,
1107 586 1261 655 cujus
1296 583 1529 654 Spiritus
1572 595 1790 638 sanctus
1826 582 2073 651 pr0prius
2102 581 2221 635 est?
2326 584 2389 637 τὸ
2418 584 2608 651 ἃγιον;

731 699 750 733 ι
781 680 1028 735 Salutant
1070 694 1167 734 vos
1214 692 1403 732 omnes
1448 676 1706 731 Ecclesiae
1754 674 2040 736 Christi’;
2105 692 2123 723 ι
2166 686 2194 725 e

2405 691 2423 724 ι
2444 671 2802 735 Ἀσπάζονται
2836 672 2979 740 ὑμᾶς
3008 672 3061 725 αἰ
3096 670 3414 742 Ἐκκλησίαι
3441 671 3616 724 πᾶσαι
3646 669 3747 724 τοῦ
3774 670 3877 739 Χρι

652 774 764 830 alio
784 775 1014 841 quodam
1055 772 1175 827 loco
1203 771 1267 825 ad
1296 770 1641 825 Timotheum
1671 767 1943 829 scribens,
1984 766 2057 818 ita
2093 764 2171 817 ait

2327 765 2477 820 στοῦ.
2510 784 2530 819 ι
2567 765 2757 818 Καίτοι
2791 765 2955 834 φησὶν
2997 767 3055 819 ἐν
3092 764 3317 835 ἑτέροις,
3347 762 3602 833 Τιμοθέῳ
3631 762 3897 833 γράφων·

661 885 679 916 ο
707 864 779 919 Ut
808 864 948 917 scias
971 861 1241 933 quomodo
1264 868 1509 930 Oporteat
1534 871 1584 914 te
1610 860 1665 913 in
1689 860 1848 913 domo
1876 858 1966 911 Dei
1993 870 2198 910 convert

2331 857 2485 910 ι”Ινα
2533 857 2678 926 εἰδῇς
2708 856 2823 921 ⁸τῶς
2849 855 2929 909 δεῖ
2957 858 3013 908 ἐν
3046 856 3181 924 οἴκῳ
3209 852 3343 907 Θεοῦ
3376 853 3843 924 ἀναστρέφεσθαι.
3879 871 3896 903 ι

652 956 757 1009 sari
790 956 852 1008 ¹⁰.
884 972 903 1005 ι
954 953 1106 1020 Quod
1152 954 1198 1008 si
1234 953 1509 1007 Ecclesias
1539 951 1739 1007 Christi
1773 964 1892 1005 esse
1918 949 2193 1019 cognoscit

2324 949 2458 1001 Εἰδέ
2484 946 2720 1018 Χριστοῦ
2746 949 2845 1011 τὰς
2869 942 3330 1017 Ἐκκλησίαςοῐδε,
3347 944 3443 998 καὶ
3471 943 3894 1015 μεμαρτύρηκε·

652 1047 810 1114 idque
854 1053 1107 1100 testatum
1155 1044 1322 1109 facit,
1379 1044 1517 1097 citra
1579 1041 1739 1095 ullam
1789 1040 2198 1095 controversiam

2319 1041 2454 1104 Θεὸς
2479 1042 2588 1111 ἄρα
2616 1041 2869 1111 Χριστός.

648 1136 898 1190 Christus
926 1136 1066 1190 Deus
1090 1136 1214 1190 erit.

2398 1135 2494 1186 εὐ
2545 1134 2603 1186 δέ
2649 1132 2780 1196 Θεὸς
2820 1133 2919 1202 τῆς
2958 1133 3178 1202 εἰρήνης
3224 1129 3503 1202 συντρίψει
3530 1130 3625 1183 τὸν
3650 1128 3900 1182 Σατανᾶν

727 1249 744 1279 ι
778 1228 923 1283 Deus
950 1238 1127 1283 autem
1164 1228 1313 1297 pacis
1351 1236 1598 1282 conteret
1635 1224 1892 1280 Satanam
1925 1225 2024 1279 sub
2059 1225 2198 1294 pedi-

2322 1227 2429 1280 ὑπὸ
2469 1226 2595 1289 τοὺς
2644 1226 2810 1287 πόδας
2850 1224 3004 1293 ὑμῶν
3048 1226 3106 1276 ἐν
3145 1224 3316 1293 τάχει.
3353 1243 3374 1275 ›
3408 1221 3542 1276 Θεοῦ
3588 1220 3900 1291 λεγομένης

644 1321 744 1375 lius
792 1322 986 1374 vestris
1030 1320 1373 1375 velociter“.
1421 1339 1439 1371 ι
1488 1319 1622 1374 Cum
1675 1334 1776 1387 pax
1825 1318 2040 1371 dicatur
2091 1331 2198 1372 esst

2317 1316 2460 1369 εἶναι
2489 1315 2589 1384 τῆς
2620 1317 2842 1385 εἰρήνης
2876 1314 3002 1383 (ἔφη
3033 1313 3141 1385 γάρ
3171 1330 3271 1366 που
3296 1314 3530 1384 Χριστὸς
3552 1314 3669 1375 τοῖς
3708 1311 3901 1377 ἁγίοις,

644 1414 756 1475 Dei,
792 1413 1041 1468 Christus
1088 1423 1267 1489 autem
1318 1414 1383 1467 ad
1432 1422 1650 1467 sanctos
1694 1412 1971 1482 apostolos
2013 1412 2087 1466 ita
2131 1412 2198 1465 in-

2318 1407 2636 1470 ἀποστόλοις
2653 1424 2666 1437 ο
2696 1407 2962 1477 ιΕἰρήνην
2987 1403 3087 1474 τὴν
3110 1403 3249 1474 ἐμὴν
3268 1404 3457 1472 δίδωμι
3482 1404 3632 1472 ὑμῖν,
3667 1402 3897 1471 εἰρήνην

641 1509 792 1576 quiat
828 1528 841 1562 :
872 1527 889 1558 ι
924 1507 1117 1561 Pacem
1160 1507 1409 1576 relinquo
1459 1507 1633 1571 vobis,
1687 1518 1873 1574 pacem
1927 1520 2101 1560 meam
2140 1505 2198 1561 de

2312 1514 2417 1568 την
2444 1497 2581 1567 ἐμὴν
2602 1496 2807 1566 ἀφίημι
2822 1494 2970 1565 ὑμῖν)
2988 1536 3005 1559 ,
3030 1513 3050 1546 ι
3078 1490 3197 1547 εἶτα
3222 1491 3337 1555 πῶς
3364 1493 3425 1545 οὐ
3455 1492 3584 1556 Θεὸς
3614 1492 3839 1562 ἀληθῶς
3870 1492 3897 1543 6

642 1599 895 1654 vobis":
939 1619 956 1650 ι
984 1600 1254 1668 quomodo
1300 1600 1366 1661 is,
1409 1614 1611 1666 quaeso,
1666 1597 1756 1667 qui
1814 1612 2003 1666 pacem
2042 1597 2198 1651 veluti

2313 1590 2413 1660 τῆς
2454 1590 2678 1661 εἰρήνης
2726 1587 2912 1659 δοτὴρ,
2953 1586 3048 1640 καὶ
3076 1585 3152 1649 ὡς
3182 1585 3315 1641 [διον
3341 1584 3544 1654 ἀγαθὸν
3575 1586 3687 1648 τοῖς
3717 1582 3896 1649 ἀξίοις

639 1692 914 1761 proprium
946 1692 1143 1744 bonum
1179 1689 1356 1759 dignis
1385 1689 1656 1758 impertiri
1698 1689 1887 1743 solitus
1913 1697 2019 1753 est,
2044 1703 2207 1744 verus

637 1784 777 1839 Deus
802 1799 905 1837 non
936 1783 1059 1837 est?

1048 1869 1129 1923 Ea:
1159 1869 1336 1936 priore
1365 1868 1436 1922 ad
1464 1867 1782 1922 Corinthios.

707 2006 725 2039 ι
756 1987 952 2042 Paulus
992 1984 1273 2054 apostolus
1313 1981 1439 2037 Jesu
1479 1982 1702 2046 Christi,
1738 1997 1834 2051 per
1871 1981 2203 2037 voluntatem

635 2078 746 2138 Dei.
776 2087 828 2131 et
863 2077 1156 2132 Sosthenes
1187 2073 1371 2135 frater,
1402 2073 1655 2127 Ecclesiae
1689 2072 1780 2127 Dei
1806 2074 1869 2128 ¹³.
1909 2092 1927 2125 ι
1963 2072 2201 2128 Observa

633 2174 716 2225 hic
734 2190 745 2225 :
763 2170 1036 2224 Romanos
1052 2168 1349 2235 alloquens.
1371 2185 1386 2216 ι
1409 2164 1659 2219 Salutant
1678 2179 1793 2224 vos.
1810 2164 2204 2232 inquit,omnes

630 2262 881 2316 Ecclesia
916 2259 1148 2323 Christi;
1180 2276 1199 2309 ι
1250 2270 1390 2311 nunc
1428 2271 1557 2309 vero
1606 2254 1902 2309 Corinthiis
1933 2254 2199 2317 scribens,

631 2352 926 2408 Ecclesiam
978 2350 1072 2403 Dei
1109 2363 1230 2402 esse
1263 2346 1473 2401 asserit.
1503 2347 1608 2415 61
1639 2364 1657 2395 ί
1693 2344 1808 2397 Hoc
1840 2353 2022 2399 autem
2058 2344 2200 2404 dico.

628 2450 769 2511 quod
814 2444 1181 2513 unusquisque
1217 2449 1455 2495 vestrum
1482 2440 1652 2494 dicit:
1684 2438 1797 2507 Ego
1821 2438 2041 2506 quidem
2081 2453 2200 2492 sum

626 2542 798 2607 Pauli,
830 2557 929 2608 ego
967 2549 1146 2594 autem
1191 2535 1400 2606 Apollo,
1428 2549 1527 2603 ego
1560 2546 1691 2586 vero
1714 2530 1928 2600 Cephei,
1959 2545 2063 2600 ego
2100 2546 2200 2585 au—

627 2647 733 2690 tem
770 2632 993 2688 Christi.
1032 2630 1244 2684 Divisus
1294 2636 1375 2681 est
1404 2624 1694 2680 Christus?
1722 2622 1970 2690 Nunquid
2001 2621 2204 2676 Paulus

623 2728 914 2783 crucifixus
939 2733 1022 2777 est
1053 2737 1150 2793 pro
1174 2719 1348 2782 vobis,
1383 2726 1477 2770 aut
1509 2717 1561 2769 in
1588 2714 1806 2771 nomine
1832 2712 1983 2767 Pauli
2019 2713 2198 2781 bapti~

624 2820 727 2874 zati
776 2819 909 2873 estis
932 2816 1014 2869 ⁸⁸2
1045 2835 1063 2867 ι
1107 2813 1166 2868 Si
1218 2826 1349 2880 ergo
1381 2809 1631 2864 Christus
1685 2821 1791 2859 non
1834 2813 1920 2859 est
1967 2804 2194 2869 divisus,

621 2909 799 2965 omnia
847 2917 900 2962 et
942 2917 1134 2959 omnes
1166 2901 1309 2955 illius
1356 2906 1501 2953 sunt.
1543 2895 1609 2949 Et
1646 2895 1691 2947 si
1748 2893 1795 2947 is
1826 2891 1998 2945 nostri
2034 2904 2197 2944 causa

622 2998 911 3054 crucifixus
955 3007 1056 3056 cst.
1106 3001 1161 3047 et
1205 3006 1304 3045 nos
1357 2990 1409 3041 in
1463 2987 1680 3041 nomine
1730 2984 1900 3053 ipsius
1936 2982 2194 3050 baptizati

622 3106 825 3149 sumus.
872 3101 1061 3141 omnes
1106 3084 1289 3151 utique
1335 3081 1410 3134 illi
1460 3078 1751 3139 debemur;
1788 3090 1975 3130 sumus
2015 3082 2194 3127 autem

623 3182 697 3236 illi
726 3179 968 3240 obnoxii,
1003 3191 1110 3231 non
1146 3184 1402 3242 tanquam
1439 3168 1640 3224 homini
1679 3166 1852 3222 nostri
1889 3165 2073 3231 simili,
2102 3163 2194 3219 sed
2222 3184 2265 3243 ο

621 3282 876 3342 tanquam
906 3271 1035 3324 Deo.
1075 3266 1241 3321 Nobis
1273 3278 1401 3332 ergo
1435 3260 1685 3317 Christus
1713 3268 1797 3313 est
1824 3257 1989 3312 Deus.

697 3383 716 3415 c
748 3362 1011 3430 Quoniam
1056 3368 1112 3413 et
1165 3355 1336 3412 Judaei
1393 3352 1607 3422 signum
1648 3358 1873 3419 petunt,
1921 3358 1977 3403 et
2019 3346 2195 3402 Graeci

624 3454 945 3523 sapientiam
977 3456 1233 3517 quaerunt
1261 3464 1275 3499 :
1312 3458 1410 3498 uos
1433 3453 1612 3496 autem
1653 3440 2010 3509 prmdicamus
2032 3436 2194 3491 Chri-

625 3555 765 3599 stum
800 3541 1140 3603 crucifixum,
1168 3535 1368 3591 Iudaeis
1404 3532 1619 3601 quidem
1652 3527 1988 3589 scandalum,
2022 3525 2199 3593 genti-

620 3637 722 3690 bus
782 3643 957 3686 autem
1001 3627 1285 3685 stultitiam
1314 3626 1379 3678 ι’.
1414 3642 1432 3674 ›
1465 3623 1655 3678 Annon
1693 3618 1895 3689 quivis,
1941 3616 2192 3678 obsecro,

622 3726 777 3781 fateri
800 3727 958 3781 debet
982 3721 1346 3791 evangelicam
1367 3713 1805 3785 praedicationem
1830 3723 2023 3763 omnes
2044 3716 2201 3776 quot-

621 3828 749 3885 quot
787 3831 884 3887 per
912 3816 1097 3869 orbem
1130 3808 1308 3878 sparsi
1346 3812 1494 3866 sunt,
1544 3802 1611 3856 ad
1656 3814 1840 3854 veram
1878 3798 1969 3852 Dei
2005 3796 2193 3866 cogni-

622 3907 823 3960 tionem
852 3902 1121 3958 invitare?
1152 3900 1224 3953 At
1246 3910 1349 3965 qua
1387 3894 1604 3947 tandem
1632 3890 1842 3943 ratione
1865 3888 2005 3942 istud
2032 3886 2193 3942 alicui

621 3997 932 4067 ambiguum
971 4008 1091 4048 esse
1119 3987 1320 4059 queat?
1349 3987 1416 4040 At
1440 3981 1764 4051 cuiusmodi,
1803 3996 2006 4049 quaso,
2037 3980 2195 4035 Chri-

622 4102 765 4143 stum
794 4086 1115 4143 crucifixum
1141 4080 1280 4136 sacri
1305 4082 1553 4133 doctores
1581 4073 1912 4144 pradicant?
1953 4071 2193 4139 nunquid

620 4180 790 4235 solum
815 4178 1088 4233 hominem
1117 4170 1284 4227 nostri
1312 4168 1567 4231 similem,
1589 4166 1677 4233 qui
1706 4172 1935 4218 mortem
1959 4162 2008 4215 iu
2032 4176 2194 4216 cruce

617 4270 930 4340 pertulisset
951 4308 965 4329 ,
991 4268 1062 4320 ita
1096 4273 1153 4319 ut
1173 4263 1283 4332 jam
1314 4260 1367 4313 in
1396 4256 1696 4326 simplicem
1728 4254 1999 4308 hominem
2036 4266 2193 4305 mun-

621 4366 720 4417 dus
760 4359 984 4416 credat?
1013 4357 1201 4410 Absill
1244 4352 1584 4407 Credidimus
1625 4347 1767 4402 enim
1806 4345 1859 4398 in
1893 4345 2057 4398 Deum
2107 4342 2192 4396 vi-

618 4466 742 4504 vum
774 4459 827 4504 et
854 4461 1062 4501 verum.
1094 4442 1368 4497 Christum
1406 4436 1633 4506 proinde
1669 4434 1983 4488 crucifixum
2023 4430 2190 4484 Deum

2312 1682 2487 1744 διδοὺς
2516 1681 2689 1751 αὑτήν
2709 1696 2727 1747 ;

2555 1858 2652 1911 Ἐκ
2679 1856 2791 1924 τῆς
2824 1854 2975 1924 πρὸς
3011 1855 3359 1921 Κορινθίους
3397 1852 3648 1922 πμὶντης.

2389 1993 2406 2023 ι
2454 1972 2665 2033 Παῦλος
2696 1968 2993 2033 ἀπόστολος
3018 1968 3253 2039 Χριστοῦ
3306 1966 3481 2038 Ἰησοῦ
3519 1967 3605 2021 διὰ
3641 1965 3892 2037 θελήμα-

2306 2082 2398 2127 τος
2426 2062 2582 2129 Θεοῦ,
2615 2062 2707 2115 καὶ
2724 2060 3007 2130 Σωσθένης
3039 2062 3065 2113 ὁ
3092 2059 3339 2129 ἀδελφὸς,
3366 2061 3433 2129 τῇ
3463 2058 3764 2129 Ἐκκλησία
3795 2055 3890 2111 τοῦ

2307 2152 2471 2207 Θεοῦ.
2521 2170 2541 2203 ι
2606 2151 2995 2220 Ἐπιτήρησον,
3029 2148 3111 2201 ὅτι
3157 2148 3448 2217 Ῥωμαίοις
3499 2146 3890 2218 προειρηκώςο

2312 2263 2331 2295 ‹
2381 2241 2743 2304 Ἀσπάζονται
2768 2240 2911 2309 ὑμᾶς
2944 2240 2999 2291 αἱ
3044 2237 3363 2308 Ἐκκλησίαι
3394 2239 3559 2291 πᾶσαι
3604 2236 3699 2289 τοῦ
3745 2238 3890 2305 Χρισ-

2308 2334 2463 2387 στοῦ’
2489 2353 2508 2384 ι
2544 2332 2849 2403 Κορινθίοις
2885 2330 3232 2393 ἐπιστέλλων,
3262 2328 3397 2381 Θεοῦ
3423 2344 3584 2397 φησιν
3615 2323 3755 2380 εἶναι
3791 2326 3891 2395 τὴν

2318 2420 2668 2490 Ἐκκλησίαν.
2715 2439 2732 2471 t
2780 2417 2939 2486 Λέγω
2982 2416 3037 2469 δὲ
3086 2416 3263 2481 τοῦτο,
3306 2417 3388 2469 ὅτι
3444 2416 3673 2479 ἕκαστος
3726 2416 3888 2484 ὑμῶν

2305 2515 2486 2582 λέγει·
2532 2510 2675 2580 Ἐγὼ
2708 2512 2807 2580 μέν
2829 2512 2943 2579 εἰμι
2972 2508 3209 2571 Παύλου,
3235 2506 3344 2575 ἐγὼ
3374 2506 3431 2560 δὲ
3481 2505 3741 2569 ’Δπολλὼ,
3774 2506 3887 2574 ἐγὼ

2304 2604 2361 2656 δὲ
2396 2604 2581 2673 Κηφᾶ,
2616 2601 2725 2669 ἐγὼ
2756 2600 2811 2652 δὲ
2850 2597 3104 2669 Χριστοῦ.
3158 2596 3497 2669 Μεμέρισται
3540 2598 3568 2649 ὁ
3613 2598 3889 2667 Χριστός;

2304 2696 2395 2767 Μὴ
2432 2693 2643 2755 Παῦλος
2690 2689 3011 2762 ἐσταυρώθη
3044 2689 3184 2759 ὑπὲρ
3214 2688 3365 2760 ὑμῶν
3386 2732 3401 2755 ,
3431 2688 3466 2760 ἥ
3501 2690 3579 2752 εἰς
3608 2690 3674 2741 τὺ
3711 2690 3886 2757 ὄνομα

2304 2786 2471 2841 αὑτοῦ
2520 2785 2921 2853 ἐ6απτίσθητε;
2976 2802 2993 2833 ι
3041 2783 3248 2836 Οὐκοῦν
3278 2783 3328 2834 εἰ
3368 2780 3442 2851 μὴ
3488 2780 3819 2851 μεμέρισται
3858 2781 3887 2832 ὁ

2305 2879 2562 2950 Χριστὸς,
2606 2876 2785 2929 πάντα
2831 2872 3019 2937 αὑτοῦ,
3060 2872 3152 2925 καὶ
3198 2872 3399 2934 πάντες
3440 2869 3625 2922 αὑτοῦ.
3678 2868 3791 2922 Καὶ
3837 2869 3886 2921 εἰ

2303 2970 2466 3034 αὐτὸς
2494 2965 2816 3038 ἐσταυρώθη
2841 2963 2981 3034 ὑπὲρ
3007 2963 3188 3034 ἡμῶν,
3211 2963 3304 3015 καὶ
3332 2964 3410 3023 εἰς
3430 2960 3490 3012 τδ
3515 2959 3687 3028 ὄνομα
3710 2956 3883 3012 αὑτοῦ

2303 3060 2609 3129 ἐϐαπτίσθη
2620 3076 2740 3128 μεν,
2766 3056 2911 3124 αὐτῷ
2931 3054 3171 3125 δηλονότι
3194 3050 3653 3122 κεχρεωστήμεθα
3672 3067 3689 3082 ·
3713 3050 3881 3119 ἐσμὲν

2301 3156 2356 3208 δὲ
2390 3154 2489 3206 οὑκ
2532 3149 2821 3220 ἀνθρώπου
2867 3147 2972 3200 τῶν
3003 3144 3123 3198 καθ’
3148 3146 3297 3215 ἡμᾶς
3340 3141 3479 3208 ἐνὸς,
3526 3139 3664 3195 ἀλλὰ
3718 3140 3881 3195 Θεοῦ.

2300 3244 2532 3316 Χριστὸς
2562 3244 2667 3314 ἄρα
2693 3240 2822 3302 Θεὸς
2850 3238 2934 3307 ἐφ’
2964 3237 3132 3306 ἡμᾶς.

2376 3357 2394 3389 ι
2444 3335 2663 3406 Ἐπειδὴ
2697 3333 2794 3387 καὶ
2829 3330 3075 3384 Ἰουδαῖοι
3107 3328 3329 3398 σημεῖον
3356 3325 3589 3389 αἰτοῦσι,
3627 3324 3720 3378 καὶ
3752 3323 3884 3376 Ἕλ-

2299 3428 2458 3496 ληνες
2500 3425 2692 3494 σοφίαν
2728 3420 3014 3493 ζητοῦσινο
3046 3419 3205 3488 ἡμεῖς
3258 3417 3315 3470 δὲ
3352 3416 3705 3486 κηρύσσομεν
3743 3415 3880 3483 Χρι-

2302 3516 2425 3568 στὸν
2467 3510 2900 3583 ἐσταυρωμένον,
2945 3507 3220 3569 Ἰουδαίοις
3252 3506 3351 3574 μὲν
3405 3504 3725 3566 σκάνδαλον,
3754 3502 3881 3553 Ἔλ-

2299 3605 2424 3676 λησι
2452 3605 2506 3658 δὲ
2535 3604 2767 3675 μωρίαν.
2820 3620 2838 3651 ι
2877 3596 3004 3669 'Ap‘
3036 3596 3155 3667 οὐχὶ
3186 3598 3295 3658 πᾶς
3338 3592 3584 3647 ὁστισοῦν
3614 3593 3883 3663 ὁμολογῇς

2300 3713 2443 3748 σειεν
2474 3696 2560 3757 ἂν,
2592 3694 2673 3745 ὃτι
2704 3690 2863 3744 καλεῖ
2893 3688 3027 3759 πρὸς
3061 3685 3390 3753 θεογνωσίαν
3420 3684 3519 3754 τὴν
3545 3684 3724 3752 ἀληθῆ
3754 3683 3880 3745 τοὺς

2298 3787 2403 3841 ἀνὰ
2449 3787 2628 3839 πᾶσαν
2676 3784 2776 3853 τὴν
2816 3782 2917 3850 γῆν
2967 3780 3029 3831 τὸ
3077 3779 3338 3847 κήρυγμα
3372 3775 3431 3829 τὸ
3480 3775 3877 3844 εὐαγγελικόν;

2297 3878 2431 3934 Εῐτα
2463 3878 2601 3939 πῶς,
2634 3876 2667 3946 ἢ
2702 3874 2864 3927 πόθεν
2908 3870 3063 3924 τοῦτο
3092 3866 3431 3939 ἁμφίόολον;
3463 3867 3589 3930 Πῶς
3633 3862 3729 3920 οὖν
3771 3868 3879 3936 ἄρα

2297 3970 2660 4042 κηρύττουσιν
2696 3968 2744 4019 οἰ
2780 3960 3130 4035 μυσταγωγοὶ
3158 3959 3391 4032 Χριστὸν
3423 3958 3879 4029 ἐσταυρωμένον;

2296 4058 2404 4132 ἆρα
2434 4061 2509 4122 ὡς
2552 4059 2648 4113 ἕνα
2678 4056 2787 4111 τῶν
2819 4052 2938 4108 καθ’
2969 4053 3135 4122 ἡμᾶς,
3170 4051 3261 4103 τὸν
3308 4049 3400 4103 ἐπὶ
3431 4049 3668 4117 σταυροῦ
3712 4050 3876 4102 θάνα-

2294 4170 2386 4205 τον
2431 4148 2834 4219 ὑπομείναντα,
2867 4142 2962 4195 καὶ
3007 4143 3086 4204 εἰς
3124 4141 3406 4212 ἄνθρωπον
3443 4140 3475 4208 ὴ
3522 4139 3616 4191 τοῦ
3666 4141 3874 4209 κόσμου

2297 4243 2477 4304 πίστις
2510 4240 2845 4311 πράττεται;
2897 4233 2990 4303 Μὴ
3032 4232 3279 4299 γένοιτοί
3320 4228 3779 4299 Πεπιστεύκαμεν
3822 4228 3875 4280 δὲ

2295 4333 2415 4403 Θεῷ
2442 4332 2605 4397 ζῶντι
2641 4328 2733 4382 καὶ
2771 4323 3033 4395 ἀληθινῷ.
3077 4322 3210 4375 Θεὸν
3236 4315 3328 4373 οὖν
3354 4316 3461 4372 οἶδε
3500 4321 3740 4385 Χριστὸν
3788 4319 3876 4371 τὸν

2296 4421 2733 4494 ἐσταυρωμένον,
2766 4416 2860 4470 καὶ
2892 4414 2970 4484 τῷ
2992 4413 3180 4482 κόσμῳ
3218 4409 3876 4481 κηρύττει,τεθαρσηκὼς

622 4556 740 4595 esse
775 4548 952 4599 norat,
983 4534 1311 4600 mundoque,
1346 4528 1487 4597 quod
1539 4528 1591 4580 iu
1637 4525 1785 4579 illum
1831 4523 2054 4578 credens
2085 4536 2193 4575 non

2302 4520 2379 4571 ὅτι
2417 4517 2491 4587 μὴ
2525 4511 2840 4582 σφάλλεται.

623 4640 786 4695 erret,
810 4626 1075 4696 intrepide
1104 4620 1407 4679 annuntiat.

700 4740 719 4774 ι
749 4721 814 4775 Et
843 4735 943 4790 ego
979 4731 1099 4772 cum
1132 4712 1399 4765 venissem
1443 4707 1508 4760 ad
1545 4704 1893 4766 vos,f'ratres,
1924 4703 2047 4756 veni
2086 4716 2188 4756 non

628 4813 682 4868 in
717 4812 1044 4868 sublimitate
1075 4802 1364 4861 sermonis,
1403 4806 1494 4851 aut
1537 4795 1836 4863 sapientiae,
1868 4792 2192 4845 annuntians

628 4903 781 4959 vobis
822 4898 1188 4956 testimonium
1233 4891 1459 4949 Christi.
1508 4884 1626 4938 Non
1661 4884 1802 4937 enim
1838 4882 2068 4951 judicavi
2108 4895 2193 4934 me

627 4996 767 5051 scire
812 4992 1012 5059 aliquid
1066 4992 1207 5042 inter
1237 5001 1353 5047 vos,
1407 4980 1511 5036 nisi
1561 4976 1747 5033 Jesum
1791 4972 2088 5035 Christum,
2141 4977 2196 5024 et

625 5089 772 5143 hunc
819 5080 1222 5135 crucifixum”.
1262 5096 1279 5128 ι
1312 5075 1450 5131 Ecce
1504 5071 1592 5125 hic
1640 5081 1761 5124 cum
1803 5065 1895 5122 Dei
1948 5064 2196 5116 testimo-

626 5181 776 5239 nium
818 5172 1020 5228 mundo
1064 5185 1121 5223 se
1164 5169 1488 5221 annuntiare
1536 5160 1741 5231 liquido
1778 5162 2031 5224 exponat,
2074 5167 2195 5205 mox

628 5283 805 5326 tamen
848 5265 1123 5322 Christum
1170 5260 1349 5313 Jesum
1407 5258 1683 5328 adiungit,
1725 5263 1778 5307 et
1840 5265 1962 5305 eum
2022 5248 2196 5305 cruci-

628 5364 815 5416 fixum.
862 5359 1005 5413 Deus
1052 5355 1214 5421 igitur
1250 5360 1333 5403 est
1377 5350 1623 5402 Christus
1667 5345 1842 5406 Jesus,
1892 5343 1982 5411 qui
2018 5342 2196 5396 crucis

630 5451 949 5520 supplicium
1000 5443 1169 5499 nostri
1229 5453 1390 5494 causa
1443 5437 1733 5499 sustinuit;
1791 5433 1944 5504 cujus
1979 5445 2196 5501 quoque

631 5542 999 5600 testimonium
1041 5535 1239 5592 mundo
1274 5547 1368 5601 per
1416 5536 1629 5583 sanctos
1667 5525 1938 5592 apostolos
1979 5539 2189 5578 annun-

2374 4712 2392 4743 ι
2440 4688 2613 4757 Κάγὼ
2644 4686 2812 4740 ἐλθὼν
2831 4682 2964 4755 πρὸς
2996 4682 3160 4752 ὑμᾶς,
3193 4678 3429 4746 ἀδελφοὶ,
3463 4673 3629 4747 ἦλθον
3659 4677 3722 4729 οὺ
3756 4675 3876 4727 καθ’

2299 4782 2571 4853 ὑπεροχὴν
2617 4779 2797 4847 λόγου,
2849 4775 2881 4843 ἢ
2928 4773 3151 4843 σοφίας,
3201 4770 3588 4838 καταγγέλλων
3642 4768 3775 4837 ὑμῖν
3821 4768 3877 4818 τὸ

2303 4876 2601 4947 μαρτύριον
2642 4868 2733 4921 τοῦ
2779 4866 2934 4919 Θεοῦ.
2976 4865 3049 4918 Οὐ
3098 4864 3207 4934 γὰρ
3253 4862 3441 4931 ἔκρινα
3493 4856 3695 4909 εἰδέναι
3732 4875 3785 4910 τι
3822 4860 3876 4910 ὲν

2298 4971 2447 5037 ὑμῖν,
2481 4967 2527 5017 εἰ
2556 4966 2631 5033 μὴ
2676 4959 2878 5031 Ἰησοῦν
2899 4958 3156 5029 Χριστὸν,
3185 4955 3280 5008 καί
3309 4951 3495 5005 τοῦτον
3519 4952 3873 5022 ἐσταυρωμέ-

2298 5078 2406 5113 νον.
2449 5077 2466 5107 ›
2517 5055 2645 5109 Ἰδοὺ
2672 5054 2735 5123 δὴ
2776 5051 2960 5120 σαφῶς
2991 5048 3049 5101 τὺ
3084 5045 3379 5117 μαρτύριον
3412 5039 3505 5091 τοῦ
3542 5038 3679 5095 Θεοῦ
3706 5040 3875 5110 λέγων

2304 5149 2691 5217 καταγγέλλειν
2722 5145 2797 5216 τῷ
2841 5144 3050 5208 κόσμῳ,
3080 5136 3313 5205 Χριστὸν
3356 5130 3561 5201 Ἰησοῦν
3603 5135 3874 5205 ἐπήγαγε,

2306 5246 2402 5300 καὶ
2441 5241 2627 5296 τοῦτον
2680 5232 3111 5305 ἐσταυρωμένον.
3169 5226 3299 5287 Θεὸς
3350 5218 3441 5276 οὖν
3500 5223 3606 5295 ἄρα
3662 5228 3809 5278 ἐστὶν
3853 5230 3877 5277 ὁ

2306 5334 2532 5405 σταυρὸν
2584 5332 2649 5385 δι’
2699 5329 2845 5398 ἡμᾶς
2878 5319 3176 5389 ὑπομείνας
3222 5315 3451 5385 Χριστὸς
3517 5317 3762 5384 Ἰησοῦς·
3818 5310 3874 5366 ὠ

2304 5429 2398 5482 καὶ
2444 5426 2503 5478 τὸ
2549 5421 2845 5495 μαρτύριον
2889 5414 2987 5467 οὐκ
3038 5412 3094 5462 ἐν
3145 5410 3384 5479 ὑπεροχῇ
3429 5408 3587 5476 λόγου
3644 5410 3740 5461 καὶ
3792 5424 3875 5457 σο-

2300 5519 2426 5587 φίας
2476 5514 2742 5581 κοσμικῆς
2798 5501 3221 5569 καταγγέλλεται
3272 5500 3349 5569 τῷ
3404 5502 3593 5569 κόσμῳ
3635 5499 3726 5550 διὰ
3770 5495 3871 5544 τῶν

713 5695 1034 5749 'Rom.xvt.
1070 5690 1149 5743 lii.
1218 5680 1550 5737 “lTimoth.
1584 5680 1775 5749 lll.?5.
1852 5680 1892 5709 ”
1918 5676 2073 5729 Rom.
2108 5670 2327 5737 xvt,20.
2406 5670 2445 5720 “_
2475 5665 2630 5720 Joan.
2666 5674 2776 5723 xw,
2808 5655 2896 5706 27.
2978 5654 3020 5684 ¹³
3052 5653 3068 5706 Ι
3097 5652 3221 5707 Cor.
3248 5670 3283 5717 ι,
3325 5654 3373 5705 1.
3457 5650 3646 5704 “ibid.
3672 5646 3755 5710 1‘2,
3786 5645 3863 5697 i3.

644 5766 685 5796 ιδ
717 5764 845 5818 ibid.
877 5761 969 5835 2‘2,
992 5746 1081 5814 ΞΖ.
1194 5758 1237 5789 ¹⁴
1267 5756 1287 5809 ι
1320 5751 1445 5805 Cor.
1479 5763 1538 5815 ιι,
1578 5747 1627 5815 1,
1665 5746 1720 5800 2.
