4056 6334
163 414 305 470 1233

1264 411 1353 467 DE
1390 410 1616 467 RECTA
1658 407 1815 464 FIDE
1851 406 1941 461 AD
1983 403 2303 461 REGINAS.

3288 393 3422 449 1234

152 530 333 597 ἁγίων
374 527 715 593 ἀποστόλων,
755 526 869 582 ἀλλ’
910 527 985 592 ὡς
1023 529 1080 582 ἰν
1118 527 1345 599 δυνάμει
1393 526 1728 597 Πνεύματος.

1844 523 2031 577 tiatum
2073 528 2179 583 est,
2223 498 2341 571 nou
2382 511 2652 569 sermonis
2692 510 3011 575 eminentia,
3066 509 3417 561 mundanreve

229 721 252 759 Ι
299 702 500 771 Σοφίαν
540 702 600 757 δὲ
629 701 897 773 λαλοῦμεν
932 702 993 756 ἐν
1022 704 1130 766 τοῖς
1162 702 1421 765 τελείοιςο
1454 700 1646 770 σοφίαν
1673 699 1730 752 δὲ

146 795 215 848 οὐ
244 792 342 849 τοῦ
367 795 567 857 αίῶνος
590 794 801 861 τούτου,
829 794 950 846 οὐδὲ
979 792 1087 847 τῶν
1113 792 1387 864 ἀρχόντων
1419 790 1514 844 τοῦ
1535 791 1729 853 αίῶνος

146 887 371 950 τούτου,
399 886 506 941 τῶν
557 886 1046 959 καταργουμένων·
1097 884 1234 938 ἀλλὰ
1281 883 1546 953 λαλοῦμεν
1592 882 1727 936 Θεοῦ

149 977 352 1044 σοφίαν
382 978 438 1031 ὲν
474 976 775 1047 μυστηρίῳ,
810 976 907 1046 τὴν
936 974 1458 1046 ἀποκεκρυμμένην,
1490 974 1556 1043 ἢν
1598 990 1729 1044 προ-

146 1068 354 1139 ώρισεν
392 1069 423 1121 6
455 1068 589 1132 Θεὸς
616 1069 722 1138 πρὸ
748 1066 855 1121 τῶν
888 1066 1099 1120 αἰώνων
1126 1068 1205 1130 είς
1250 1066 1408 1133 δόξαν
1437 1064 1593 1135 ἡμῶν
1616 1080 1629 1094 ο
1661 1064 1730 1135 ἠν

146 1160 330 1221 οὐδεὶς
355 1158 465 1212 τῶν
488 1159 763 1229 ἀρχόντων
790 1158 884 1211 τοῦ
914 1158 1109 1221 αίῶνος
1160 1158 1349 1210 τούτου
1374 1157 1629 1225 ἔγνωκεν.
1666 1153 1730 1207 Ei.

147 1251 266 1319 γὰρ
296 1248 557 1319 ἔγνωσαν,
596 1251 697 1302 οὐκ
734 1248 800 1303 ἂν
826 1250 915 1302 τὸν
962 1249 1165 1319 Κύριον
1206 1248 1307 1317 τῆς
1334 1248 1491 1317 δόξης
1532 1245 1732 1299 ἐσταύ-

151 1360 361 1412 ρωσαν.
404 1362 421 1393 ι
461 1342 524 1395 Εί
557 1340 691 1394 Θεοῦ
724 1342 881 1408 σοφία
910 1340 969 1392 τὸ
1000 1341 1295 1411 μυστήριον
1326 1336 1584 1410 Χριστοῦ,
1614 1334 1730 1391 εἶτα

148 1431 232 1500 τῷ
264 1435 457 1501 κόσμῳ
486 1430 837 1503 κηρύττεται,
891 1432 985 1484 καὶ
1028 1430 1161 1493 Θεὸς
1200 1431 1299 1482 οὐκ
1337 1430 1483 1482 ἔστιν
1515 1429 1729 1499 άληθῶς

148 1522 298 1575 κατὰ
323 1523 384 1575 τό
411 1540 572 1588 τισιν,
604 1524 703 1575 οὐκ
731 1519 826 1576 οἷδ’
857 1524 1024 1587 ὅπως,
1053 1521 1263 1585 δογοῦν,
1286 1521 1376 1575 καὶ
1408 1524 1487 1585 είς
1505 1521 1666 1574 αὑτὸν
1693 1523 1725 1591 ή

148 1613 337 1674 πίστις
354 1611 453 1683 (1)·
484 1612 599 1675 πῶς
622 1613 808 1665 ὲστιτὸ
827 1614 1126 1683 μυστήριον
1144 1612 1321 1681 σοφὸν,
1343 1612 1500 1681 είτῆς
1518 1612 1731 1682 ἀληθῶς

146 1703 482 1771 θεογνωσίας
514 1701 840 1773 άποκομίζει
872 1703 996 1767 τοὺς
1047 1703 1139 1756 ἐπὶ
1170 1704 1267 1773 τῆς
1313 1704 1436 1774 γῆς,
1495 1703 1588 1755 καὶ
1634 1703 1731 1757 λα-

143 1794 339 1864 τρείαν
387 1793 673 1865 ἀνθρώπου
702 1795 800 1864 τὴν
830 1795 1209 1865 οίκουμενικὴν
1253 1794 1541 1860 άποτελεῖ;
1588 1794 1727 1848 Ἀλλ’

1836 612 2115 681 sapientia:
2151 609 2313 675 fastu,
2339 607 2432 663 sed
2490 604 2727 674 Spiritus
2776 608 2971 654 virtute
3002 608 3054 655 ct
3086 602 3416 655 ostensione.

1909 721 1929 755 ι
1963 701 2292 771 Sapientiam
2349 707 2530 753 autem
2599 695 2870 765 loquimur
2909 695 3050 747 inter
3104 691 3412 762 perfectos:

1835 795 2157 863 sapientiam
2208 805 2336 844 vero
2386 804 2490 843 non
2535 786 2695 856 hujus
2748 783 2954 846 smculi,
3001 797 3173 850 neque
3218 781 3419 849 princi-

1836 902 1961 958 pum
1991 885 2149 955 hujus
2188 882 2393 945 sreculi,
2441 880 2531 949 qui
2566 879 2963 940 destruuntur;
3018 876 3111 928 sed
3148 874 3420 939 loquimur

1836 981 1929 1035 Dei
1979 976 2298 1047 sapientiam
2349 974 2402 1029 in
2452 973 2739 1039 mysterio;
2784 984 2903 1039 qum
2951 968 3263 1021 abscondita
3308 976 3418 1024 εει,

1835 1085 1994 1139 quam
2043 1065 2449 1137 prmdestinavit
2504 1062 2642 1116 Deus
2683 1070 2808 1115 ante
2860 1059 3052 1113 sarcula
3094 1058 3146 1111 iu
3184 1058 3414 1126 gloriam

1836 1169 2111 1221 nostram;
2156 1170 2317 1224 quam
2358 1167 2516 1206 nemo
2550 1151 2850 1218 principum
2902 1149 3063 1214 lmjus
3104 1145 3287 1201 saeculi
3324 1158 3419 1197 co-

1834 1249 2042 1320 gnovit.
2081 1246 2138 1300 Si
2178 1244 2322 1298 enim
2355 1242 2757 1310 cognovissent,
2804 1252 3077 1305 nunquam
3128 1234 3417 1287 Dominum

1834 1336 2018 1409 gloriae
2042 1332 2437 1390 crucifixisseot
2464 1329 2527 1383 ".
2563 1348 2581 1380 ι
2620 1328 2675 1383 Si
2710 1327 2911 1382 Christi
2938 1325 3285 1396 mysterium,
3308 1322 3417 1392 62

1834 1431 1976 1499 quod
2022 1428 2225 1482 mundo
2268 1426 2647 1481 annuntiatum
2703 1431 2810 1485 est,
2858 1420 2952 1474 Dei
3001 1418 3263 1488 sapientia
3313 1420 3416 1477 est,

1836 1535 2011 1590 neque
2051 1529 2229 1573 tamen
2269 1517 2540 1580 Christus,
2576 1519 2630 1568 in
2672 1530 2833 1584 quem
2889 1512 3021 1565 ﬁdes
3062 1509 3323 1578 exigitur,
3358 1521 3419 1560 ut

1836 1612 1996 1669 male,
2022 1611 2207 1666 nescio
2250 1610 2523 1677 quomodo
2568 1606 2892 1676 quibusdam
2951 1617 3276 1671 persuasum
3310 1611 3417 1659 est,

1838 1718 1996 1757 verus
2052 1702 2191 1756 Deus
2242 1710 2372 1755 est:
2419 1697 2690 1768 quomodo
2732 1704 3131 1749 sacramentum
3181 1691 3283 1745 hoc
3328 1705 3419 1743 su-

1839 1797 2002 1852 blime
2032 1805 2085 1851 et
2115 1796 2332 1865 sapiens
2375 1804 2478 1858 cat,
2515 1792 2561 1846 si
2598 1790 2847 1844 homines
2879 1804 2907 1841 a
2939 1801 3065 1839 vera
3108 1784 3198 1836 Dei
3240 1781 3421 1845 cogni-

145 1886 212 1939 οὐ
256 1885 415 1939 τοῦτό
440 1888 588 1940 ἔστιν
636 1886 852 1956 ἀληθές.
887 1887 1055 1956 Σοφὸν
1084 1886 1141 1939 δὲ
1185 1885 1244 1939 τὸ
1290 1886 1607 1957 μυστήριον,
1649 1885 1729 1939 ὅτι

1840 1890 1985 1941 tione
2037 1887 2285 1951 ahducit,’
2332 1894 2386 1939 et
2430 1886 2496 1938 ab
2547 1884 2680 1936 orbe
2734 1890 3026 1939 terrarum,
3097 1883 3156 1927 ut
3211 1871 3415 1926 homini

144 1976 273 2047 Θεῷ
326 1977 590 2044 προσάγει
642 1978 766 2040 τοὺς
823 1977 1306 2047 πεπλανημένους·
1362 1976 1493 2041 Θεὸς
1544 1976 1655 2047 ἄρα
1700 1979 1729 2029 ό

146 2067 409 2137 Χριστός.
450 2068 678 2139 Εἴρηται
705 2068 761 2121 δὲ
792 2069 884 2122 καὶ
915 2068 1139 2133 δικαίως
1171 2068 1375 2140 Κύριος
1395 2071 1491 2139 τῆς
1523 2067 1677 2139 δόξης
1701 2066 1731 2119 6

145 2157 172 2207 ὲ
183 2158 588 2229 σταυρωμένος.

1837 1979 2076 2033 divinum
2110 1978 2309 2031 cultum
2339 1976 2702 2045 impertiatur,
2726 1969 2935 2039 exigit?
2968 1968 3167 2022 Verum
3202 1979 3304 2017 non
3341 1963 3415 2015 ita

1837 2081 1925 2121 res
1961 2067 2142 2120 habet.
2174 2064 2505 2119 Profundum
2558 2061 2705 2115 enim
2751 2068 2807 2114 et
2841 2057 3061 2127 sapiens
3096 2052 3413 2125 mysterium

1835 2168 1939 2224 est,
1986 2158 2184 2227 quippe
2227 2157 2368 2226 quod
2413 2158 2464 2210 in
2508 2167 2752 2209 errorem
2797 2150 3059 2204 abductos
3115 2148 3182 2198 ad
3238 2144 3410 2199 Deum

150 2266 373 2307 rursum
422 2253 665 2308 reducat.
712 2250 842 2307 Jure
895 2252 1061 2323 igitur
1117 2251 1423 2321 meritoque
1480 2260 1533 2306 et
1582 2251 1722 2305 Deus
1762 2249 2062 2318 appellatur
2097 2247 2371 2313 Christus,
2448 2253 2505 2300 et
2577 2242 2762 2314 gloriae
2804 2239 3064 2294 Dominus
3101 2235 3408 2292 crucitixus

144 2344 489 2415 perhibetur.

227 2452 246 2483 ι
294 2432 453 2487 Κατὰ
480 2434 577 2505 τὴν
616 2434 774 2505 χάριν
811 2435 904 2488 τοῦ
946 2434 1080 2489 Θεοῦ
1126 2434 1221 2507 τὴν
1245 2432 1490 2488 δοθεῖσάν
1521 2450 1634 2503 μοι,
1657 2433 1734 2497 ὡς

149 2523 313 2590 σοφὸς
350 2524 685 2604 ἀρχιτέκτων
744 2525 991 2595 θεμέλιον
1018 2527 1211 2597 ἔθηκα,
1249 2525 1405 2589 ἄλλος
1434 2526 1491 2577 δὲ
1521 2530 1734 2579 ἐποικο-

144 2613 324 2681 δομεῖ.
347 2611 605 2682 Θεμέλιον
624 2614 733 2685 γάρ
754 2614 913 2679 ἄλλος
944 2617 1120 2680 οὐδεὶς
1143 2617 1365 2671 δύναται
1390 2616 1560 2670 θεῖναι
1583 2618 1733 2688 παρὰ

139 2705 243 2754 ’τὸν
286 2704 559 2773 κείμενον,
602 2707 659 2769 ὃς
704 2708 849 2761 ἐστιν
892 2708 1100 2779 Ἰησοῦς
1129 2709 1412 2780 Χριστός.»
1442 2710 1503 2762 Εἰ
1531 2711 1734 2780 ἐπερη-

152 2794 424 2864 ρείσμεθα
470 2795 723 2869 καθάπερ
772 2798 877 2851 τινὶ
925 2799 1159 2871 θεμελίῳ
1206 2800 1459 2870 Χριστῷ,
1508 2802 1601 2854 καὶ
1642 2803 1729 2853 ἐπ’

143 2884 303 2954 αὐτῷ
329 2884 418 2938 διὰ
446 2886 681 2952 πίστεως
716 2889 1161 2960 οἱκοδομούμεθα,
1192 2893 1285 2944 καὶ
1327 2891 1474 2945 ἔστιν
1502 2892 1661 2954 αὐτὸς
1693 2893 1727 2961 ἡ

146 2979 373 3031 πάντων
401 2979 692 3046 ἀσφάλεια,
729 2981 845 3044 πῶς
872 2982 972 3035 οὑκ
1012 2982 1076 3035 ἂν
1115 2982 1203 3053 εἴη
1245 2983 1376 3045 Θεὸς
1405 2983 1639 3052 ἀληθῶς,
1672 2984 1731 3037 ἐν

144 3063 193 3133 ᾧ
221 3069 294 3123 τὰ
321 3069 522 3135 πάντα,
553 3073 647 3125 καὶ
677 3073 709 3142 ἡ
742 3073 891 3143 παρὰ
929 3074 1145 3127 πάντων
1169 3074 1345 3138 πίστις
1364 3075 1376 3125 i
1394 3080 1409 3095 ‘
1427 3115 1441 3139 ,
1463 3077 1524 3129 οὐ
1552 3076 1732 3138 καθὼς

1915 2451 1933 2483 ι
1963 2431 2270 2487 Secundum
2306 2428 2535 2498 gratiam
2575 2426 2690 2491 Dei,
2725 2438 2844 2493 quae
2885 2424 3006 2476 data
3038 2429 3121 2475 est
3156 2418 3283 2472 mihi
3308 2462 3321 2483 ,
3356 2422 3415 2471 ut

1837 2520 2054 2590 sapiens
2074 2520 2404 2574 architectus
2428 2515 2834 2571 fundamentum
2862 2512 3040 2580 posui,
3065 2509 3203 2563 alios
3231 2518 3411 2564 autem

1837 2611 2259 2681 supermdilicat.
2323 2609 2758 2663 Fundamentum
2833 2604 2977 2657 enim
3044 2601 3188 2655 aliud
3255 2614 3414 2654 nemo

1836 2715 2014 2771 potest
2040 2718 2243 2771 ponere
2274 2713 2470 2771 pneter
2507 2700 2558 2752 id
2592 2701 2734 2767 quod
2754 2698 2987 2766 positum
3024 2705 3130 2756 est,
3160 2698 3299 2761 quod
3332 2702 3415 2745 est

1836 2795 2088 2850 Christus
2129 2794 2370 2850 Jesus“.
2407 2812 2424 2843 ι
2474 2791 2530 2845 Si
2582 2791 2800 2845 Christo
2848 2787 3078 2854 perinde
3120 2800 3183 2840 ac
3213 2784 3412 2837 funda-

1835 2898 2014 2940 mento
2047 2888 2280 2955 cuipiam
2331 2886 2632 2946 innitimur,
2675 2891 2730 2935 et
2760 2895 2855 2949 per
2886 2879 3047 2934 fidem
3094 2892 3257 2946 super
3290 2891 3411 2931 eum

1832 2978 2222 3042 construimur,
2261 2987 2320 3031 et
2358 2978 2472 3044 ipse
2502 2974 2744 3028 omnium
2789 2981 2874 3025 est
2918 2971 3109 3025 salus:
3147 2969 3238 3036 qui
3283 2968 3399 3020 fieri

1835 3078 2027 3137 potest,
2054 3078 2110 3121 ut
2139 3083 2301 3122 verus
2334 3068 2473 3120 Deus
2508 3080 2611 3120 non
2634 3065 2739 3125 sit,
2790 3078 2911 3117 cum
2940 3066 2991 3115 in
3016 3075 3082 3115 eo
3114 3059 3415 3115 consistant

145 3161 232 3221 εἰς
277 3160 374 3213 ἕνα
407 3160 516 3215 τῶν
550 3163 667 3215 καθ’
701 3164 867 3232 ἡμᾶς,
909 3164 991 3217 ὅτι
1038 3165 1111 3236 μὴ
1146 3166 1319 3218 κτίσει
1368 3166 1729 3238 λελατρεύκα-

1835 3158 2038 3219 onmia,
2084 3157 2327 3225 ﬁdesque
2374 3166 2557 3210 nostra
2599 3154 2667 3208 de
2709 3153 2825 3221 ipso
2868 3153 2960 3215 sit,
3015 3166 3119 3204 non
3170 3150 3309 3204 sicut
3345 3150 3411 3203 de

146 3267 276 3319 μεν,
307 3250 443 3304 ἀλλὰ
464 3251 584 3323 Θεῷ
609 3252 687 3323 τῷ
716 3253 876 3322 φύσει
920 3254 1014 3307 καὶ
1052 3255 1305 3327 άληθῶςὶ

229 3529 251 3567 σ
300 3512 413 3566 Οὐκ
458 3512 658 3579 οἴδατε,
709 3515 787 3568 ὅτι
824 3515 946 3579 ναὸς
976 3514 1111 3568 Θεοῦ
1145 3517 1267 3570 tm
1298 3518 1476 3589 ὑμεῖς,
1525 3521 1618 3573 καὶ
1666 3522 1730 3574 τὸ

149 3603 381 3672 Πνεῦμα
406 3604 499 3656 τοῦ
533 3604 667 3657 Θεοῦ
698 3607 837 3659 οἰκεῖ
863 3609 919 3659 ὲν
952 3608 1108 3677 ὑμῖν;
1143 3608 1208 3659 Εἴ
1232 3626 1311 3671 τις
1340 3609 1429 3661 τὸν
1465 3611 1589 3663 ναὸν
1632 3611 1727 3663 τοῦ

146 3694 292 3747 Θεοῦ
341 3694 571 3765 φθείρει,
615 3696 803 3766 φθερεῖ
850 3699 1037 3751 τοῦτον
1074 3701 1102 3753 6
1144 3700 1297 3762 Θεός.
1351 3701 1410 3753 ⁸0
1443 3702 1550 3772 γάρ
1604 3704 1729 3765 ναὸς

146 3787 247 3840 τοῦ
277 3786 410 3840 Θεοῦ
459 3786 614 3855 ἅγιός
667 3789 835 3851 ἐστιν,
863 3790 1059 3853 οἵτινές
1107 3790 1231 3843 ἔστε
1280 3793 1457 3861 ὑμεῖς.
1496 3813 1517 3844 ι
1574 3794 1637 3846 Εί
1668 3793 1730 3846 τὸ

150 3879 382 3949 Πνεῦμα
422 3879 659 3948 Χριστοῦ
703 3880 1001 3951 δεχόμενοι,
1052 3882 1177 3945 ναὸς
1226 3882 1359 3935 Θεοῦ
1402 3884 1730 3953 χρηματίζο-

153 3987 279 4037 μεν,
313 3967 427 4030 πῶς
457 3967 519 4021 οὐ
550 3966 683 4030 Θεὸς
713 3968 949 4039 ἀληθῶς,
981 3971 1008 4022 6
1030 3968 1097 4021 δι’
1126 3970 1185 4021 ὃν
1228 3972 1387 4040 ἡμεῖς
1417 3973 1584 4041 ἐσμεν
1610 3972 1729 4024 ναοὶ

146 4059 291 4113 Θεοῦ
312 4075 326 4123 ;

228 4170 248 4201 ι
296 4150 459 4201 Ὥστε
488 4148 565 4220 μὴ
596 4148 701 4218 πρὸ
733 4148 924 4219 καιροῦ
950 4167 1002 4201 τι
1036 4149 1275 4220 κρίνετε,
1309 4151 1413 4213 ἓως
1448 4150 1513 4205 ἂν
1544 4150 1674 4223 ἔλθῃ
1700 4154 1728 4204 6

150 4241 381 4311 Κύριος,
410 4241 469 4304 ὃς
504 4240 601 4294 καὶ
626 4240 851 4309 φωτίσει
894 4240 963 4294 τὰ
988 4244 1206 4312 κρυπτὰ
1235 4242 1328 4294 τοῦ
1361 4242 1603 4304 σκότους,
1634 4242 1729 4295 καὶ

1834 3247 2051 3302 homine
2103 3248 2338 3315 quodam
2377 3245 2547 3299 nostri
2582 3244 2773 3306 simili,
2803 3242 3071 3310 siquidem
3106 3249 3411 3295 creaturam

1834 3352 1939 3391 non
1989 3336 2301 3403 adoramus,
2363 3338 2458 3391 sed
2517 3351 2640 3391 eum
2689 3336 2781 3404 qui
2833 3333 3063 3388 veritate
3114 3341 3172 3385 ct
3221 3340 3412 3385 natura

1833 3426 1974 3480 Deus
1996 3437 2076 3481 est
2101 3426 2125 3479 ?

1909 3535 1927 3567 ι
1957 3517 2191 3572 Nescitis
2211 3518 2337 3586 quia
2368 3516 2627 3584 templum
2657 3516 2751 3569 Dei
2779 3516 2916 3569 estis
2942 3528 3062 3579 vos,
3094 3522 3149 3568 et
3179 3512 3413 3581 Spiritus

1834 3607 1925 3661 Dei
1962 3609 2173 3662 habitat
2207 3611 2259 3662 in
2310 3609 2503 3663 vobis?
2536 3609 2593 3663 Si
2624 3608 2746 3677 quis
2790 3616 2970 3661 autem
3008 3606 3265 3673 templum
3310 3604 3408 3659 Dei

1833 3700 2132 3763 violaverit,
2188 3700 2469 3769 disperdet
2524 3700 2673 3753 illum
2711 3698 2869 3754 Deus.
2936 3695 3216 3763 Templum
3263 3697 3409 3750 enim

1834 3788 1928 3842 Dei
1973 3792 2224 3843 sanetum
2266 3801 2371 3854 est,
2423 3790 2570 3858 quod
2624 3788 2754 3841 estis
2807 3801 2902 3842 vos
2927 3785 2992 3839 “.
3023 3802 3042 3835 ι
3096 3784 3154 3837 Si
3204 3782 3410 3839 Christi

1833 3879 2092 3948 Spiritum
2134 3879 2511 3947 suscipientes,
2555 3878 2810 3947 templum
2866 3875 2960 3930 Dei
3000 3889 3186 3929 ειιιιιιιε
3222 3889 3236 3927 :
3274 3890 3413 3943 quo-

1831 3970 1991 4024 modo
2040 3986 2203 4024 verus
2252 3968 2393 4024 Deus
2440 3970 2747 4027 censendus
2803 3983 2909 4023 non
2955 3975 3061 4031 est,
3108 3979 3204 4033 per
3248 3980 3407 4035 quem

1833 4061 2027 4130 templa
2059 4063 2149 4117 Dei
2191 4062 2610 4117 constituimur?
3188 4060 3191 4061 ⁷

1906 4174 1925 4205 ‹
1959 4156 2143 4224 Itaque
2184 4155 2353 4209 nolite
2389 4165 2518 4209 ante
2559 4165 2769 4224 tempus
2824 4156 3092 4224 judicare,
3125 4159 3405 4227 quoadus-

1828 4259 1933 4313 que
1962 4246 2141 4298 veniat
2176 4245 2453 4311 Dominus,
2486 4246 2576 4313 qui
2619 4255 2673 4299 et
2704 4247 3035 4302 illuminabit
3080 4249 3400 4303 abscondita

149 4332 460 4403 φανερώσει
506 4333 607 4397 τὰς
651 4331 847 4403 βουλὰς
893 4332 1003 4385 τῶν
1054 4334 1311 4403 καρδιῶν.
1362 4336 1471 4387 Καὶ
1533 4328 1654 4388 τότε
1698 4337 1728 4388 6

1834 4336 2193 4399 tenebrarum,
2236 4343 2290 4388 et
2338 4335 2708 4388 manifestahit
2759 4336 2984 4389 consilia
3032 4338 3277 4392 cordium
3310 4355 3323 4390 :
3356 4347 3410 4390 et

146 4425 376 4487 ἔπαινος
427 4425 716 4494 γενήσεται
766 4424 978 4494 ἑκάστῳ
1025 4426 1175 4494 παρὰ
1218 4424 1314 4477 τοῦ
1362 4425 1516 4478 Θεοῦ.
1563 4445 1581 4476 ι
1618 4426 1723 4479 Τὸν

1834 4433 1957 4478 tunc
1991 4424 2107 4476 laus
2149 4425 2256 4477 erit
2297 4424 2592 4492 unicuique
2626 4439 2655 4477 ο
2690 4426 2799 4479 Deo
2823 4427 2890 4480 ¹⁰.
2925 4445 2944 4477 ι
2983 4426 3270 4481 Dominum
3309 4443 3408 4482 no-

148 4516 361 4587 Κὺριον
388 4516 546 4586 ἡμῶν
595 4516 799 4586 Ἰησοῦν
842 4517 933 4571 τὸν
980 4517 1213 4587 Χριστὸν
1252 4516 1310 4581 ἐξ
1356 4517 1586 4586 οὐρανοῦ
1622 4533 1723 4569 κα-

1834 4525 2001 4570 strum
2034 4513 2217 4570 Jesum
2248 4513 2523 4569 Christum
2575 4514 2704 4569 olim
2753 4529 2782 4568 e
2827 4517 2983 4571 cmlis
3012 4518 3406 4571 descensurum

146 4608 384 4679 ταὸῆναι
433 4609 818 4679 προσδοκῶμεν
854 4609 995 4663 κατὰ
1026 4610 1270 4678 καιροὺς,
1304 4601 1349 4675 ᾧ
1385 4608 1487 4661 καὶ.
1526 4607 1727 4670 πάντες

1834 4614 2227 4673 exspectamus,
2279 4606 2365 4659 cui
2417 4605 2629 4661 occulta
2675 4604 3005 4673 judicaturo,
3051 4608 3407 4676 cordiumqne

149 4699 622 4771 παραστησόμεθα
650 4702 885 4771 κρίνοντι
916 4700 985 4754 τὰ
1016 4699 1257 4771 κρυπτὰ,
1285 4699 1378 4753 καὶ
1405 4697 1727 4769 φανεροῦντι

1834 4694 2054 4750 consilia
2079 4693 2413 4765 patefactum
2446 4696 2704 4750 sistemur
2729 4710 2939 4753 omnes.
2972 4697 3125 4762 Quod
3151 4698 3195 4751 is
3225 4710 3406 4752 autem

146 4789 253 4853 τὰς
287 4789 481 4859 βουλὰς
514 4790 621 4843 τῶν
653 4792 910 4862 καρδιῶν.
940 4792 1062 4845 Ὅτι
1088 4792 1145 4844 δὲ
1175 4793 1268 4844 καὶ
1296 4793 1570 4844 ἐπαινέσει
1601 4791 1727 4853 τοὺς

1834 4783 2000 4851 iustos
2023 4786 2095 4837 sit
2120 4785 2623 4849 commendaturus,
2655 4786 2965 4847 edocemur,
2994 4787 3135 4853 quod
3161 4790 3226 4841 ad
3262 4788 3406 4850 illos,

147 4878 417 4946 δικαίους,
452 4879 1007 4952 πεπληροφορήμεθα.
1050 4881 1173 4943 Τοῖς
1198 4881 1303 4951 γὰρ
1343 4879 1628 4950 έστηκόσιν
1663 4881 1728 4931 ὲκ

147 4972 345 5036 δεξιῶν
393 4974 542 5044 ἔρεῖυ
593 4992 611 5024 ι
647 4973 841 5038 Δεῦτε,
882 4976 929 5028 οἱ
968 4972 1317 5043 εὐλογημένοι
1368 4971 1461 5024 τοῦ
1510 4972 1724 5041 Πατρός

153 5078 285 5132 μου,
332 5061 775 5133 κληρονομήσατε
806 5064 907 5135 τὴν
954 5064 1359 5135 ἡτοιμασμένην
1407 5064 1535 5132 ὑμῖν
1570 5064 1724 5132 βασι-

150 5153 308 5205 λείαν
348 5153 457 5205 άπὸ
502 5154 805 5224 καταϐολῆς
852 5155 1075 5226 κόσμου.
1116 5174 1134 5205 ι
1172 5156 1298 5206 Ὅτε
1332 5153 1511 5206 τοίνυν
1556 5154 1728 5205 ἐπαι-

150 5243 378 5308 νοῦντος
419 5245 678 5315 Χριστοῦ,
730 5246 820 5299 τὸν
867 5247 1084 5301 ἔπαινον
1137 5248 1351 5316 ἑκάστῳ
1400 5244 1727 5315 γενήσεσθαί

154 5351 293 5405 φησι
329 5336 480 5404 παρὰ
510 5337 602 5389 τοῦ
652 5337 808 5399 Θεοῦ,
842 5338 957 5401 πῶς
1002 5340 1061 5391 οὺ
1107 5337 1236 5399 Θεός
1268 5339 1414 5389 ἐστιν
1444 5336 1728 5407 ὲναργῶς;

233 5447 276 5479 ’⁷
315 5447 487 5502 ICor.
519 5464 560 5515 ι,
598 5448 719 5503 6-8.
797 5447 881 5502 ’⁸1
908 5448 1035 5503 Cor.
1085 5464 1165 5514 tu,
1212 5448 1297 5513 10,
1338 5448 1423 5502 Η.

1831 4876 1921 4945 qui
1965 4891 1993 4928 a
2022 4876 2242 4929 dextera
2278 4876 2351 4929 illi
2385 4877 2666 4941 assistunt,
2703 4877 2778 4931 ita
2810 4877 3055 4932 dicturus
3090 4880 3163 4932 sit
3194 4896 3207 4931 :
3246 4899 3263 4931 ι
3306 4880 3405 4934 Ve-

1833 4969 1962 5034 nite,
1998 4966 2264 5023 henedicti
2299 4967 2476 5025 Patris
2501 4970 2627 5033 mei,
2660 4969 2931 5038 possidete
2974 4981 3219 5039 paratum
3253 4974 3405 5025 vobis

1832 5076 2055 5131 regnum
2110 5075 2139 5113 a
2206 5061 2593 5115 constitutione
2659 5062 2841 5116 mundi
2874 5063 2941 5115 ".
2978 5082 2996 5113 ι
3054 5062 3186 5116 Cum
3244 5064 3406 5133 igitur

1831 5153 2048 5207 Christo
2100 5151 2377 5215 laudante,
2413 5167 2564 5205 suam
2611 5153 2903 5221 unicuique
2954 5170 2981 5206 a
3032 5153 3142 5209 Deo
3194 5155 3403 5207 laudent

1835 5247 2092 5300 tributum
2132 5245 2195 5297 iri
2249 5245 2450 5299 diserte
2489 5245 2764 5313 prtedicet,
2808 5247 3081 5315 quomodo
3124 5248 3400 5301 Christum

1835 5333 2002 5389 Deum
2031 5348 2151 5387 esse
2181 5350 2284 5387 non
2316 5334 2599 5389 manifeSte
2622 5336 2886 5405 apparet?

1503 5449 1545 5480 '°
1593 5447 1724 5501 ibid.
1765 5444 1861 5509 16,
1904 5444 1991 5497 Π.
2068 5442 2158 5495 “l
2193 5442 2319 5498 Cor.
2350 5459 2423 5507 tv,
2452 5444 2506 5512 5,
2537 5444 2588 5499 ϐ.
2668 5449 2708 5477 ¹¹
2742 5446 2929 5502 Matth.
2968 5462 3091 5511 xxv,
3126 5446 3214 5501 54.

1232 5573 1407 5630 Variae
1434 5577 1688 5633 lcetiones
1720 5578 1920 5633 codicis
1947 5577 2304 5647 Seguieriani.

228 5644 278 5697 i'
304 5645 453 5716 παρὰ
473 5644 651 5699 αὐτῶν
675 5646 877 5707 πίστις.

227 5736 307 5806 (l)
331 5736 557 5813 Phrasis
590 5738 924 5813 perturbata,
956 5752 1115 5804 quam
1147 5739 1376 5795 fortasse
1413 5740 1713 5805 sanaveris,

1841 5741 1903 5796 btt
1936 5740 2027 5793 καὶ
2058 5741 2139 5802 εἰς
2168 5740 2324 5794 αὐτὸν
2364 5742 2539 5805 πίστις
2573 5753 2692 5812 post
2724 5743 2796 5812 τῷ
2828 5743 3016 5813 κόσμῳ
3048 5741 3391 5813 κηρύττεται.

155 5810 574 5877 transponeudo.
616 5807 772 5863 Eon.
806 5806 877 5861 ΡΑ
890 5823 1046 5863 ιλιιοιμ
