4056 6334
660 390 794 447 ιεδε

663 612 788 656 sunt
817 603 1048 673 Spiritus
1078 608 1273 674 sancti,
1304 608 1394 676 qui
1426 610 1477 662 in
1509 608 1658 664 vobis
1682 619 1784 675 est,
1813 625 1969 678 quem
2003 611 2210 665 habetis

655 711 683 746 a
721 695 846 760 Deo,
897 703 950 749 et
975 697 1080 767 63
1114 714 1215 752 non
1252 699 1384 753 estis
1427 700 1636 754 vestri?
1673 700 1847 772 Empti
1885 702 2026 755 enim
2079 703 2211 756 estis

653 787 828 852 pretio
859 802 1076 856 magno.
1117 787 1436 842 Glorilicate
1478 799 1531 843 et
1558 801 1770 859 portate
1802 791 1967 846 Deum
2000 792 2050 844 in
2091 807 2213 846 cor-

653 893 784 942 pore
836 888 1012 931 vestro
1036 881 1099 932 “.
1136 899 1154 930 ι
1209 880 1266 934 Si
1323 881 1525 950 Spiritu
1577 881 1774 936 Christi
1823 894 2043 952 accepto
2088 883 2210 939 facti

655 983 840 1021 sumus
874 970 1069 1038 templa
1106 971 1220 1036 Dei,
1267 973 1528 1042 redempti
1563 975 1824 1045 sanguine
1861 975 2028 1040 illius,
2056 976 2127 1031 ita
2159 986 2215 1031 ut

651 1057 764 1125 jam
795 1074 900 1112 non
938 1059 1074 1113 ultra
1121 1063 1171 1115 iu
1219 1074 1402 1118 nostra
1446 1067 1684 1134 ipsorum
1721 1077 1986 1134 potestate
2022 1068 2212 1132 simus,

654 1163 830 1217 neque
877 1151 1031 1206 nobis
1080 1154 1208 1223 ipsis
1253 1156 1363 1224 jam
1416 1158 1645 1227 amplius
1687 1161 1949 1228 vivamus,
1998 1163 2090 1216 sed
2141 1162 2214 1217 illi

652 1239 745 1307 qui
801 1257 899 1294 nos
936 1256 1204 1300 mercatus
1245 1258 1326 1300 est
1361 1265 1374 1301 :
1409 1251 1673 1316 quomodo
1719 1251 2060 1320 perspicuum
2107 1268 2212 1307 nou

655 1340 739 1385 est
778 1330 1069 1398 Christmu,
1110 1353 1204 1402 per
1231 1354 1387 1406 quem
1434 1340 1628 1408 templa
1661 1342 1752 1395 Dei
1783 1341 2064 1410 emcimur,
2096 1346 2213 1398 cui-

656 1435 758 1489 que
782 1424 1004 1489 perinde
1036 1443 1099 1479 ae
1126 1428 1233 1483 Deo
1264 1431 1552 1498 servimus,
1580 1447 1762 1486 verum
1793 1448 1912 1488 esse
1941 1435 2145 1489 Deum?

733 1532 749 1564 ι
781 1515 852 1569 De
891 1518 1028 1571 escis
1071 1529 1274 1584 autem,
1319 1538 1437 1590 qua:
1482 1524 1638 1578 idolis
1685 1526 2056 1592 inunolautur,
2102 1529 2209 1582 sci-

658 1619 774 1658 mus
811 1608 931 1673 quia
969 1609 1098 1661 nihil
1132 1620 1213 1663 est
1248 1612 1445 1666 idolum
1490 1614 1542 1666 in
1579 1616 1794 1678 mundo,
1831 1619 2051 1686 etquod
2095 1620 2214 1672 nul-

659 1693 738 1746 lus
764 1707 844 1749 est
873 1696 1032 1763 Deus,
1069 1700 1171 1754 nisi
1203 1717 1360 1754 unus.
1392 1703 1519 1755 Nam
1545 1704 1642 1758 etsi
1674 1715 1817 1768 sunt,
1854 1707 1943 1774 qui
1969 1709 2214 1763 dicantur

658 1786 749 1850 dii,
785 1790 896 1841 sive
931 1790 982 1842 in
1015 1791 1169 1856 caelo,
1210 1793 1322 1845 sive
1365 1795 1414 1846 in
1446 1803 1587 1848 terra
1645 1795 1927 1865 (siquidem
1976 1810 2103 1854 sunt
2141 1801 2211 1854 dii

659 1878 831 1942 multi,
856 1887 909 1931 et
940 1880 1140 1933 domini
1173 1882 1368 1950 multi),
1413 1886 1566 1940 nobis
1603 1895 1777 1940 tamen
1809 1904 1942 1943 unus
1965 1901 2046 1944 est
2073 1890 2214 1948 Deus

656 1965 834 2031 Pater,
866 1984 930 2022 ex
961 1985 1066 2037 quo
1095 1973 1299 2039 omnia,
1351 1985 1405 2028 et
1439 1990 1534 2030 nos
1573 1977 1624 2030 iu
1653 1978 1829 2041 illum;
1859 1990 1911 2034 et
1941 1995 2076 2034 unus
2105 1981 2209 2035 Do-

655 2059 833 2113 minus
860 2058 1017 2114 Jesus
1052 2062 1324 2126 Christus,
1361 2081 1455 2132 per
1483 2082 1641 2135 quem
1674 2071 1873 2132 omnia,
1911 2082 1964 2124 et
1995 2087 2092 2126 nos
2119 2087 2213 2141 per

654 2145 826 2210 ipsum
853 2148 917 2201 ³³.
954 2169 970 2199 ι
1008 2150 1061 2203 Si
1105 2167 1244 2207 unus
1288 2154 1433 2210 solus
1466 2165 1548 2210 est
1579 2158 1736 2221 Deus,
1773 2169 1825 2213 et
1857 2160 1989 2214 alius
2021 2173 2213 2230 praeter

654 2233 799 2286 illum
847 2237 1053 2304 nullus;
1105 2245 1396 2298 assumitur
1459 2258 1634 2302 autem
1691 2249 1742 2301 in
1819 2265 1976 2305 unam
2042 2254 2212 2307 deita-

655 2323 721 2375 tis
786 2334 1032 2381 naturam
1108 2347 1244 2386 unus
1282 2333 1370 2386 ille
1415 2334 1568 2390 Jesus
1600 2336 1867 2400 Christus,
1910 2354 2005 2406 per
2053 2357 2210 2409 quem

652 2415 918 2468 exsistunt
950 2419 1124 2470 omnia
1168 2435 1182 2472 :
1233 2421 1372 2475 Deus
1434 2426 1616 2492 utique
1677 2429 1779 2479 erit
1826 2428 2098 2494 Christus,
2156 2441 2212 2484 ut

652 2502 741 2568 qui
788 2506 946 2557 etiam
1004 2516 1134 2572 tum,
1171 2525 1290 2563 cum
1343 2527 1406 2566 ex
1474 2515 1694 2569 muliere
1764 2527 1943 2582 natus,
1984 2520 2214 2587 appella-

654 2602 738 2645 tus
778 2605 858 2647 est
887 2594 1045 2652 Jesus
1084 2598 1354 2667 Christus,
1397 2601 1620 2658 immote
1664 2607 1715 2657 in
1759 2607 1932 2661 Patris
1985 2610 2214 2663 consub-

652 2685 1007 2740 stantialitate
1063 2691 1402 2745 subsisteret.
1455 2693 1508 2746 Id
1567 2696 1725 2748 etiam
1780 2698 2212 2754 animadvertere

651 2771 737 2826 hic
770 2774 912 2841 licet,
951 2793 1142 2848 nempe
1171 2781 1309 2849 quod
1337 2784 1515 2837 omnia
1543 2800 1635 2852 per
1667 2802 1829 2838 unum
1857 2787 2026 2852 illum,
2055 2804 2209 2856 quem

649 2861 828 2918 Jesum
881 2866 1148 2922 Christum
1205 2871 1315 2939 ipse
1356 2884 1548 2941 vocat,
1593 2885 1846 2944 tanquam
1898 2893 1994 2946 per
2045 2894 2207 2931 unum

651 2950 842 3004 Filium
878 2958 1172 3010 secundum
1205 2960 1651 3028 dispensatoriant
1697 2966 1952 3020 unionem
1995 2967 2207 3019 condita

651 3059 770 3097 esse
803 3043 1046 3100 aﬂirmct.

727 3134 994 3203 «Factus,
1044 3138 1236 3206 inquit,
1283 3157 1401 3194 sum
1445 3143 1511 3196 iis
1551 3145 1641 3212 qui
1693 3145 1812 3200 sine
1856 3147 1974 3217 lege
2028 3162 2206 3214 erant,

656 3233 910 3294 tanquam
944 3229 1059 3281 sine
1110 3229 1225 3300 lege
1263 3247 1434 3286 essem
1463 3275 1476 3298 ,
1523 3250 1643 3289 cum
1679 3237 1795 3291 sine
1830 3239 1943 3308 lege
1972 3242 2062 3296 Dei
2108 3259 2210 3296 non
2239 3227 2281 3249 υ

653 3330 849 3381 essem,
903 3319 994 3371 sed
1045 3321 1097 3372 in
1141 3320 1257 3388 lege
1291 3339 1465 3378 essem
1513 3325 1714 3382 Christi
1742 3329 1800 3380 ".
1839 3350 1857 3381 ι
1914 3331 1971 3384 Si
2017 3332 2212 3386 Christi

653 3406 822 3473 legem
861 3410 1087 3474 habens,
1120 3411 1211 3467 Dei
1253 3413 1420 3484 legem
1457 3415 1637 3485 habet,
1667 3422 1936 3488 quomodo
1971 3422 2214 3478 Christus

655 3511 760 3550 non
791 3507 874 3552 est
903 3500 1080 3554 Deus?

729 3605 746 3637 ι
776 3585 901 3642 Sine
945 3589 1242 3646 oﬂensione
1288 3601 1459 3648 estote
1486 3593 1685 3650 ludatis
1734 3608 1787 3652 et
1841 3602 2114 3670 gentibus,
2161 3616 2214 3657 et

653 3675 906 3735 Ecclesia:
946 3681 1037 3736 Dei
1065 3684 1128 3737 ’⁵.
1160 3703 1180 3735 ι
1224 3685 1458 3740 Adverte
1507 3689 1591 3742 hic
1628 3705 1872 3758 rursum,
1916 3695 2054 3762 quod
2094 3711 2211 3749 eam

658 3767 973 3838 Ecclesiam,
1033 3790 1192 3843 quam
1242 3775 1337 3831 Dei
1386 3778 1487 3833 hoc
1539 3780 1658 3835 loco
1716 3783 1966 3852 appellat,
2015 3786 2212 3840 Christi

654 3875 774 3916 esse
807 3865 1088 3933 intelligat.

731 3973 748 4004 ι
777 3955 910 4010 Volo
948 3970 1127 4012 autem
1156 3975 1253 4012 vos
1304 3961 1467 4023 scire,
1522 3965 1661 4030 quod
1700 3967 1876 4019 omnis
1917 3967 2014 4019 ιιιὶ
2057 3977 2216 4036 eaput

653 4043 899 4100 Christus
927 4057 1030 4110 est,
1064 4060 1224 4117 caput
1273 4061 1450 4104 autem
1486 4054 1726 4108 mulieris
1759 4057 1867 4122 vir;
1904 4069 2062 4126 caput
2088 4074 2216 4114 vero

653 4130 851 4186 Christi
886 4132 1026 4189 Deus
1048 4135 1112 4188 ⁸⁵.
1149 4155 1167 4187 ι
1206 4137 1403 4192 Beatus
1438 4138 1612 4195 Lucas
1643 4143 1766 4195 dum
1791 4144 1992 4198 Christi
2022 4162 2216 4217 genea-

653 4218 848 4289 logiam
878 4226 1033 4292 texit,
1063 4242 1090 4279 a
1125 4227 1320 4297 Joseph
1359 4245 1617 4295 exorsus,
1658 4235 1912 4302 paulatim
1943 4238 2006 4290 ad
2044 4237 2212 4290 Adam

653 4326 820 4380 usque
873 4319 1135 4383 ascendit,
1193 4335 1255 4373 ac
1303 4322 1516 4375 tandem
1558 4324 1720 4377 infert
1749 4343 1762 4377 :
1791 4325 1892 4389 Qui
1941 4326 2038 4394 fuit
2079 4327 2213 4391 Dei,

654 4403 824 4468 ipsum
872 4407 1123 4461 nimirum
1155 4422 1453 4465 creatorem
1492 4413 1656 4466 Deum
1691 4418 1941 4486 principii
1974 4418 2090 4472 loco
2121 4421 2214 4474 ho-

1672 395 1728 450 S.
1768 392 2040 450 CYRILLI
2077 393 2540 450 ALEXANDRINI
2579 395 2895 452 ARCHIEP.

732 530 751 564 ι
784 513 866 565 An
901 513 1120 570 nescitis
1157 515 1410 585 quoniam
1447 517 1681 571 membra
1717 527 1896 573 vestra
1951 518 2204 588 templum
2238 523 2280 578 Α

3741 399 3873 454 1236

2384 537 2402 570 ι
2453 519 2523 570 Ἦ
2556 519 2654 572 οὐκ
2687 519 2883 582 οἴδατε,
2927 517 3008 571 ὅτι
3042 516 3111 570 τὰ
3151 516 3376 588 σώματα
3424 517 3582 589 ὑμῶν
3628 518 3755 580 ναὸς
3784 521 3872 573 τοῦ

2312 608 2369 659 ἐν
2403 609 2528 678 ὑμῖν
2566 609 2719 675 ἁγίου
2752 609 3061 678 Πνεῦματός
3099 609 3262 672 ἐστιν,
3300 601 3360 661 οῦ
3395 608 3546 679 ἔχετε
3580 608 3688 661 ἀπὸ
3721 609 3872 675 Θεοῦ,

2313 699 2406 752 καὶ
2443 701 2542 753 οὐκ
2574 702 2696 755 ἐστὲ
2734 701 2974 767 ὲαυτῶν;
3016 701 3384 773 Ἦγορὰσθητε
3416 703 3524 771 γὰρ
3555 701 3746 772 τιμῆς.
3782 704 3874 752 Δο-

2314 789 2509 855 ξάσατε
2545 791 2607 862 δὴ
2640 792 2729 844 τὸν
2772 792 2902 845 Θεὸν
2951 794 3007 845 ἐν
3054 792 3130 863 τῷ
3180 791 3387 861 σώματι
3435 792 3608 861 ὑμῶν.
3648 812 3667 842 ι
3727 792 3789 844 Εἰ
3819 791 3875 843 τὸ

2314 881 2537 951 Πνεῦμα
2561 881 2796 953 Χριστοῦ
2828 883 3100 951 λαϐόντες,
3125 884 3426 953 γεγόναμεν
3454 885 3573 936 ναοὶ
3602 881 3763 945 Θεοῦ,
3786 882 3876 934 καὶ

2312 972 2409 1024 οὐκ
2443 973 2608 1043 ἔσμεν
2638 973 2864 1041 ἑαυτῶν,
2900 974 3292 1044 ἁγορασθέντες
3336 973 3415 1042 τῷ
3447 975 3639 1045 αἵματι
3690 972 3875 1035 αὑτοῦ,

2312 1062 2383 1126 ὡς
2434 1065 2630 1134 μηκέτι
2674 1066 2774 1136 ζῇν
2806 1067 2951 1136 ἡμᾶς
2982 1067 3215 1129 ἑαυτοῖς,
3251 1065 3385 1118 ἀλλὰ
3433 1064 3507 1135 τῷ
3557 1065 3875 1134 πριαμένῳ·

2315 1156 2432 1218 πῶς
2455 1158 2515 1209 οὐ
2546 1157 2676 1220 Θεὸς
2705 1158 2733 1209 6
2765 1158 2995 1229 Χριστὸς
3037 1159 3294 1229 ἐναργῶς,
3336 1159 3364 1211 6
3410 1158 3476 1210 δι’
3519 1157 3579 1209 ὃν
3623 1161 3725 1209 καὶ
3762 1156 3880 1208 ναοὶ

2314 1242 2446 1295 Θεοῦ
2483 1245 2648 1315 ὲσμεν
2677 1247 2857 1317 ἡμεῖς,
2886 1240 2930 1314 ᾧ
2959 1247 3053 1300 καὶ
3083 1247 3158 1308 ὡς
3186 1247 3302 1316 Θεῷ
3340 1247 3698 1317 δουλεύομεν;

2391 1573 2409 1604 ι
2433 1554 2567 1624 Περὶ
2581 1554 2681 1622 τῆς
2711 1554 2963 1625 βρώσεως
2990 1552 3082 1608 οῦν
3102 1555 3208 1609 τῶν
3242 1554 3622 1618 εἰδωλοθύτων,
3654 1554 3882 1623 οἴδαμεν

2314 1644 2391 1697 ὅτι
2429 1645 2580 1698 οὐδὲν
2614 1645 2828 1700 εἴδωλον
2868 1647 2924 1698 ὲν
2954 1647 3160 1716 κόσμῳ,
3197 1647 3286 1699 καὶ
3315 1647 3394 1699 ὅτι.
3425 1645 3599 1708 οὐδεὶς
3643 1645 3802 1709 Θεὸς,
3835 1647 3880 1696 εἰ

2317 1735 2389 1804 μὴ
2422 1729 2520 1797 εἷς.
2548 1735 2656 1788 Καὶ
2683 1735 2790 1805 γὰρ
2822 1737 2976 1806 εῐπερ
3011 1736 3408 1805 είσὶλεγόμενοι
3443 1735 3699 1799 θεοὶ,εἰ’τε
3717 1736 3776 1785 ὲν
3795 1735 3882 1786 οὐ-

2245 1869 2284 1921 B
2319 1824 2480 1894 ρανῷ,
2529 1827 2637 1879 εἴτε
2688 1828 2780 1878 ἐπὶ
2822 1827 2921 1897 τῆς
2966 1828 3066 1898 γῆς
3113 1827 3319 1921 (dicar-ep
3377 1827 3628 1921 eici-95:1
3669 1825 3878 1921 aranei,

2316 1915 2409 1966 καὶ
2451 1914 2630 1987 κύριοι
2680 1916 2910 1986 πολλοὶ),
2957 1919 3086 1988 ἡμῖν
3116 1918 3172 1971 δὲ
3212 1915 3292 1980 εἷς
3328 1917 3458 1981 Θεὸς
3497 1918 3525 1968 6
3567 1915 3784 1986 Πατὴρ,
3823 1916 3882 1979 ἐξ

2313 2000 2372 2058 οῦ
2418 2006 2485 2058 τὰ
2530 2007 2725 2071 πάντα,
2759 2009 2853 2061 καὶ
2901 2009 3057 2078 ἡμεῖς
3101 2010 3181 2071 εἰς
3205 2009 3396 2062 αὐτόν·
3425 2008 3516 2061 καὶ
3550 2002 3631 2070 είς
3672 2007 3881 2076 Κύριος

2325 2094 2530 2166 Ἰησοῦς
2563 2098 2813 2168 Χριστος,
2837 2099 2904 2152 δι’
2935 2094 2995 2153 οῦ
3020 2100 3086 2153 τὰ
3112 2100 3306 2165 πάντα,
3331 2100 3424 2153 καὶ
3452 2101 3610 2169 ἡμεῖς
3668 2099 3740 2150 δι’
3779 2099 3879 2151 a6-

2310 2186 2425 2241 τοῦ.
2460 2206 2477 2238 ι
2514 2188 2578 2241 Εἰ
2605 2190 2765 2257 μόνος
2791 2185 2872 2252 εἷς
2899 2193 3014 2244 ἐστι
3035 2191 3186 2255 Θεὸς,
3222 2191 3314 2243 xal.
3348 2191 3529 2261 ἕτερος
3555 2189 3686 2256 παρ’
3711 2189 3880 2242 αὐτὸν

2311 2278 2500 2345 οὐδεὶς,
2543 2281 3138 2350 συμπαραλαμϐάνεται
3160 2282 3214 2334 δὲ
3243 2282 3321 2343 είς
3351 2281 3449 2347 τὴν
3476 2281 3602 2348 μίαν
3632 2279 3732 2348 τῆς
3765 2278 3878 2330 θεό-

2311 2383 2468 2434 τητος
2493 2367 2651 2434 φύσιν
2679 2372 2706 2422 6
2728 2365 2807 2431 εἷς
2835 2372 3064 2440 Χριστὸς
3100 2370 3325 2441 Ἰησοῦς,
3375 2371 3442 2422 δι’
3470 2362 3530 2422 οὗ
3558 2370 3628 2421 τὰ
3658 2369 3877 2422 πάνταο

2313 2455 2441 2519 Θεὸς
2466 2452 2558 2508 οῦν
2582 2457 2688 2527 ἄρα
2715 2459 2863 2510 ἐστὶν
2894 2460 2951 2510 ὲν
2980 2461 3353 2529 ὁμοουσιότητι
3377 2457 3470 2510 τοῦ
3501 2457 3713 2527 Πατρὸς
3735 2457 3879 2508 νοούο

2316 2563 2474 2616 μενος
2497 2547 2709 2612 θεῖκῶς,
2732 2550 2824 2602 καὶ
2849 2549 2935 2601 ὅτε
2958 2551 3361 2620 κεχρημάτικεν
3389 2548 3591 2619 Ἰησοῦς
3612 2548 3876 2617 Χριστὸς,

2312 2621 2598 2707 γενόμενος
2642 2641 2706 2692 ὲκ
2758 2641 3032 2706 γυναικός.
3100 2641 3459 2711 Ἐπιτηρῆσαι
3513 2641 3566 2694 δὲ
3613 2640 3742 2711 χρὴ,
3796 2640 3878 2694 ὅτι

2311 2729 2542 2797 Χριστὸν
2581 2728 2784 2800 Ἰησοῦν
2820 2731 3110 2801 ὀνομάσας,
3151 2731 3217 2784 δι’
3251 2730 3415 2784 αὐτοῦ
3464 2730 3530 2784 τὰ
3571 2732 3749 2783 πάντα
3783 2746 3880 2797 γε-

2311 2818 2496 2871 νέσθαι
2530 2822 2714 2891 φησὶν,
2745 2820 2820 2884 ὡς
2851 2822 2968 2885 ἑνὸς
3000 2821 3150 2884 ὄντος
3180 2821 3308 2874 Υίοῦ
3342 2822 3462 2876 καθ’
3495 2823 3681 2876 ἕνωσιν
3721 2823 3874 2874 οἰκο-

2311 2910 2559 2980 νομικήν.

2388 3184 2406 3216 ι
2463 3166 2777 3236 Ἐγενόμην,
2819 3170 2970 3238 φησὶ,
3018 3172 3128 3232 τοῖς
3178 3170 3395 3239 ἀνόμοις
3430 3169 3502 3232 ὡς
3539 3171 3756 3240 ἄνομος,
3800 3172 3881 3241 μὴ

2316 3251 2392 3304 ὢν
2435 3254 2632 3326 ἄνομος
2662 3257 2798 3327 Θεῷ,
2846 3258 2960 3310 ἀλλ’
3004 3259 3224 3328 ἔννομος
3260 3259 3491 3330 Χριστῷ.
3541 3280 3560 3311 ι
3593 3261 3705 3312 Είό
3739 3261 3881 3330 Χρι-

2318 3345 2441 3397 στοῦ
2480 3347 2641 3417 νόμον
2686 3348 2841 3418 ἔχων,
2877 3350 3036 3420 νόμον
3072 3351 3182 3420 ἔχει
3222 3350 3379 3418 Θεοῦ,
3419 3350 3534 3415 πῶς
3576 3352 3635 3403 οὐ
3679 3351 3818 3414 Θεὸς
3853 3353 3882 3403 6

2314 3437 2541 3508 Χριστός
2564 3456 2579 3505 ;

2390 3632 2408 3665 ι
2465 3613 2823 3683 Ἀπρόσκοποι
2851 3614 2966 3667 »καὶ
3018 3613 3286 3674 Ἰουδαίοις
3323 3611 3554 3678 γίνεσθε,
3603 3612 3698 3662 καὶ
3747 3611 3882 3662 Ἐλ-

2314 3701 2457 3772 λησι,
2487 3704 2581 3756 καὶ
2600 3705 2665 3773 τῇ
2717 3703 3008 3773 Ἐχκλησίᾳ
3039 3702 3131 3754 τοῦ
3163 3701 3317 3753 Θεοῦ.
3357 3720 3374 3750 ι
3412 3699 3770 3769 Σημειωτέον,
3796 3703 3880 3752 ὅτι

2315 3790 2447 3841 Θεοῦ
2478 3790 2649 3858 λέγων
2688 3792 2785 3861 τὴν
2845 3791 3190 3860 Ἐκκλησίαν,
3240 3788 3476 3860 Χριστοῦ
3521 3789 3683 3842 πάλιν
3735 3785 3882 3842 οἶδεν

2315 3881 2503 3950 αὑτήν.

2394 3992 2410 4024 ι
2457 3974 2603 4026 Θέλω
2640 3974 2696 4027 δὲ
2723 3973 2868 4044 ὑμᾶς
2895 3973 3114 4038 εἰδέναι,
3147 3975 3230 4028 ὃτι
3259 3976 3456 4040 παντὸς
3490 3975 3682 4046 ἀνδρὸς
3717 3976 3749 4042 ἡ
3786 3991 3882 4027 κε·-

2316 4062 2457 4134 φαλὴ
2486 4065 2513 4115 6
2539 4064 2771 4132 Χριστός
2807 4065 2955 4116 ἐστι’
2986 4064 3195 4134 κεφαλὴ
3237 4064 3294 4116 δὲ
3326 4065 3600 4131 γυναικὸς,
3628 4066 3658 4116 ὁ
3705 4064 3878 4134 ἀνήρ·

2317 4154 2524 4225 κεφαλὴ
2547 4155 2603 4207 δὲ
2630 4154 2889 4225 Χριστοῦ,
2919 4157 2946 4208 6
2996 4155 3146 4217 Θεός.
3186 4173 3203 4205 ι
3254 4156 3311 4208 'O
3349 4156 3614 4225 μακάριος
3663 4157 3881 4217 Λουκᾶς

2316 4245 2413 4314 τὴν
2446 4245 2570 4315 περὶ
2596 4244 2831 4314 Χριστοῦ
2857 4244 3206 4311 γενεαλογίαν
3234 4248 3363 4316 ἡμῖν
3398 4246 3688 4308 συντιθεὶς,
3726 4248 3879 4316 ἆρχε-

2314 4348 2404 4382 ται
2437 4330 2533 4400 μὲν
2566 4333 2674 4383 ἀπὸ
2701 4330 2791 4383 τοῦ
2827 4331 3042 4402 Ἰωσὴφ,
3070 4331 3187 4386 εἶτα
3215 4335 3424 4402 φθάσας
3447 4335 3535 4384 ἐπὶ
3559 4333 3649 4385 τὸν
3686 4335 3877 4403 Ἀδὰμ,

2318 4423 2584 4494 ἐπιφέρει,
2621 4423 2817 4489 λέγων,
2871 4425 2984 4477 Τοῦ
3019 4425 3200 4479 Θεοῦ’
3257 4427 3428 4495 ἀρχὴν
3474 4425 3552 4494 τῷ
3604 4426 3881 4496 ἀνθρώπῳ

653 4495 782 4546 tuini
829 4498 1108 4566 assignans
1135 4501 1198 4552 ³⁷.
1251 4499 1375 4554 Pari
1437 4504 1617 4572 itaque
1675 4506 1834 4560 modo
1877 4510 2053 4562 omnis
2113 4511 2209 4564 viri

2316 4514 2484 4578 τιθεὶς
2514 4518 2604 4569 τὸν
2633 4516 2933 4586 ποιήσαντα
2967 4516 3117 4570 Θεόν,
3161 4515 3344 4578 υῦτως
3369 4512 3506 4568 εἶναέ
3545 4534 3728 4586 φαμεν
3755 4534 3881 4568 παν-

653 4596 814 4653 caput
849 4586 1118 4643 Christum
1151 4592 1472 4658 deﬁnimus;
1516 4611 1610 4662 per
1641 4596 1812 4664 ipsum
1849 4601 1988 4652 enim
2021 4602 2208 4654 condi-

655 4687 738 4729 tus
768 4687 820 4730 et
851 4681 916 4732 ad
973 4693 1148 4735 ortum
1181 4692 1399 4737 evectus
1429 4695 1507 4738 est
1538 4703 1550 4738 :
1591 4703 1694 4740 non
1729 4691 1870 4755 quod
1915 4689 2005 4743 Dei
2043 4691 2212 4746 Filius

654 4773 943 4828 creationis
977 4775 1120 4830 illius
1150 4777 1567 4832 instrumentum
1599 4781 1680 4834 vel
1714 4783 1960 4836 minister
1987 4786 2210 4838 exstite-

655 4861 751 4926 rit;
796 4865 885 4916 sed
923 4867 1063 4935 quod
1097 4878 1347 4937 tanquam
1392 4871 1647 4924 naturalis
1685 4888 1860 4926 rerum
1901 4875 2090 4942 Opifex
2129 4877 2206 4930 di-

658 4951 775 5002 vina
811 4955 1002 5011 virtute
1031 4959 1176 5012 illum
1203 4962 1534 5031 produxerit.
1563 4965 1737 5028 Caput
1759 4976 1941 5019 autem
1971 4968 2208 5021 mulieris

656 5049 736 5091 est
773 5043 884 5106 vir,
921 5051 1351 5120 quandoquidem
1392 5071 1456 5108 ex
1495 5070 1657 5110 carne
1683 5056 1822 5109 illius
1851 5069 2059 5124 sumpta
2105 5069 2206 5122 est,

657 5131 938 5201 iﬁsumque
985 5147 1237 5206 tauquam
1270 5146 1537 5213 Quoddam
1569 5147 1679 5218 64
1702 5148 1780 5201 sui
1832 5149 2042 5202 initium
2078 5164 2208 5202 sor—

655 5225 748 5276 tita
789 5233 891 5278 est.
941 5225 1113 5295 Caput
1148 5232 1329 5287 itidem
1369 5237 1564 5294 Christi
1602 5241 1744 5296 Deus
1778 5249 1860 5295 est
1890 5259 1901 5293 :
1937 5241 2199 5309 siquidem

2312 4606 2402 4669 τὸς
2431 4607 2620 4677 ἀνδρὸς
2658 4606 2894 4676 κεφαλὴν
2925 4607 3016 4658 τὸν
3047 4607 3276 4676 Χριστόν
3300 4624 3312 4637 ·
3343 4609 3633 4675 πεποίηται
3669 4607 3781 4675 γὰρ
3816 4606 3880 4657 δι’

2314 4697 2498 4761 αὑτοῦ,
2529 4699 2622 4751 καὶ
2656 4698 2908 4768 παρήχθη
2957 4697 3091 4766 πρὸς
3122 4699 3366 4766 γένεσιν·
3407 4700 3502 4767 οὐχ
3528 4696 3880 4765 ὑπουργικῶς

2313 4789 2587 4852 κτίζοντος
2619 4790 2778 4843 αὑτὸν
2808 4789 2896 4841 τοῦ
2947 4791 3098 4854 Υίοῦ,
3132 4790 3456 4861 Οεουργικῶς
3489 4791 3514 4828 ιι
3557 4790 3616 4840 δὲ
3657 4788 3879 4856 μᾶλλον,

2314 4879 2388 4941 ὠς
2425 4880 2582 4948 φύσει
2617 4882 2978 4952 Δημιουργοῦ.
3014 4883 3238 4952 Κεφαλὴ
3283 4885 3337 4936 δὲ
3373 4881 3628 4947 γυναικὸς
3657 4880 3688 4930 6
3721 4880 3876 4948 ἀνὴρ,

2314 4971 2394 5022 ὅτι
2436 4974 2497 5023 ὲκ
2524 4973 2621 5040 τῆς
2668 4975 2862 5041 σαρκὸς
2904 4975 3068 5027 αὑτοῦ
3115 4974 3342 5042 ἐλήφθη,
3374 4971 3466 5023 καὶ
3497 4970 3661 5023 αὑτὸν
3695 4971 3881 5040 ὥσπερ

2317 5061 2427 5129 ἔχει
2464 5062 2561 5133 τὴν
2606 5066 2798 5134 ἀρχήν.
2845 5067 3068 5136 Κεφαλὴ
3102 5068 3158 5120 δὲ
3196 5066 3394 5134 ὁμοίως
3438 5062 3531 5114 τοῦ
3565 5065 3805 5131 Χριστοῦ
3855 5068 3881 5116 6

2315 5150 2466 5217 Θεὸς,
2505 5156 2584 5206 ὃτι
2630 5155 2688 5218 ἐξ
2717 5157 2879 5210 αὐτοῦ
2920 5159 3059 5212 κατά
3098 5157 3318 5225 φύσινκ
3340 5153 3665 5223 γεγέννηται
3715 5157 3825 5225 γὰρ
3855 5159 3880 5207 δ

2313 5243 2480 5310 Λόγος
2510 5249 2694 5299 ex“:er
2727 5250 2860 5301 Θεοῦ
2891 5251 2983 5302 καὶ
3021 5247 3250 5317 Πατρός.
3285 5241 3413 5304 Εἶτα
3449 5245 3566 5309 πῶς
3600 5249 3662 5301 οὐ
3693 5249 3824 5310 Θεὸς
3851 5251 3878 5299 6

723 5392 828 5477 ,δἐι
854 5393 978 5446 Cur.
1013 5404 1093 5455 νι,
1140 5391 1227 5455 19,
1259 5390 1348 5446 20,
1426 5397 1470 5427 aa
1497 5395 1512 5449 Ι
1539 5399 1661 5452 ρον.
1697 5414 1810 5477 Vl”,
1854 5399 1968 5453 4.6.
2050 5399 2093 5429 ,ι
2124 5399 2140 5451 Ι
2174 5400 2212 5453 C

2328 5417 2401 5465 ιιι,
2436 5402 2524 5457 2|.
2601 5406 2645 5436 ³⁸
2683 5405 2700 5458 Ι
2732 5406 2855 5460 Cor.
2881 5422 2932 5467 κ,
2961 5403 3048 5459 52.
3126 5403 3170 5434 ’⁵
3205 5396 3365 5458 lCdr.
3399 5419 3498 5470 xu,
3531 5405 3584 5459 3.
3665 5410 3709 5438 "
3748 5406 3874 5460 Luc.

655 5474 737 5522 ιιι,
764 5461 847 5514 58.

1734 5623 1902 5675 Variae
1929 5623 2180 5681 lectiones
2216 5628 2418 5683 codicis
2453 5627 2802 5698 Seguieriani.

718 5741 746 5780 ι
771 5739 984 5807 θεῖκῶς.
