4056 6334
218 383 355 433 1‘237

1304 380 1389 433 DE
1431 383 1650 435 RECTA
1693 383 1844 434 FIDE
1885 384 1971 434 AD
2019 382 2333 435 HEGINAS.

3289 384 3415 435 l238

212 495 468 557 Χριστὸς,
516 486 573 546 οῦ
610 493 816 559 κεφαλὴ
849 493 1078 545 τέθειται
1127 497 1262 546 κατὰ
1298 498 1456 562 φύσιν
1484 499 1509 546 6
1548 498 1770 561 Πατήρ;

1884 498 2193 548 naturaliter
2245 514 2307 548 ex
2360 497 2473 561 ipso
2518 500 2617 543 cst.
2669 492 2895 544 Verbum
2945 509 3173 561 namque
3212 511 3271 545 ex
3317 496 3419 545 Deo

212 584 451 651 Χριστὸν
481 584 536 634 δὲ
574 585 699 634 ὅταν
728 581 958 647 λέγοιμι,
1011 584 1067 633 ἐν
1100 585 1410 652 ἀνθρωπεία
1455 587 1633 651 μορφῇ
1677 599 1770 631 πε-

216 675 427 740 φηνότα
453 675 542 724 τὸν
570 670 703 723 Θεοῦ
734 671 899 735 Λόγον
931 672 1112 725 ὲννοῶ.

1881 592 1932 632 et
1972 582 2128 631 Patre
2174 582 2406 646 genitum
2454 589 2552 632 est.
2599 578 2713 628 1am
2751 596 2853 643 qua
2912 584 3116 633 ratione
3159 580 3420 641 Christus,

1882 670 2032 735 cuius
2089 679 2249 735 caput
2294 671 2582 720 secundum
2635 677 2877 719 naturam
2919 671 3119 732 positus
3172 681 3255 721 est
3290 670 3425 720 Deus

223 762 414 825 Pater,
453 762 683 815 nouerit
717 762 1047 817 Deus?Cum
1073 774 1248 818 autem
1287 764 1560 816 Christum
1587 759 1815 826 appello,
1857 758 1945 810 Dei
1981 758 2151 809 Patris
2199 757 2425 809 Verbum
2477 757 2738 824 intelligo,
2773 758 2911 824 quod
2969 758 3020 807 in
3058 760 3284 809 humana
3329 773 3425 811 na—

234 866 357 906 tura
395 853 661 919 apparuit.

298 965 317 995 ‹
362 944 453 996 Διὸ
480 943 729 1014 γνωρίζω
760 945 907 1016 ὑμῖν,
938 948 1016 999 ὅτι
1041 945 1214 1006 οὐδεὶς
1243 945 1299 995 ὲν
1343 940 1618 1009 Πνεύματι
1641 939 1776 993 Θεοῦ

214 1035 421 1098 λαλῶν,
451 1034 597 1101 λέγει
643 1037 886 1106 ἀνάθεμα
926 1037 1130 1105 Ἰησοῦν
1155 1050 1167 1062 ·
1218 1034 1311 1086 καὶ
1342 1032 1513 1093 οὐδεὶς
1561 1032 1779 1085 δύναται

217 1128 415 1186 εἰπεῖν,
453 1125 652 1193 Κύριος
705 1127 929 1195 Ἰησοῦς,
978 1128 1025 1177 εἰ
1078 1126 1150 1193 μὴ
1199 1125 1256 1174 ὲν
1308 1122 1579 1193 Πνεύματι
1619 1124 1776 1191 ἁγίῳ.

216 1214 519 1284 Διαιρέσεις
547 1216 602 1268 δὲ
627 1215 977 1285 χαρισμάτων
1006 1214 1131 1276 εἰσὶ,
1182 1213 1243 1264 τὸ
1278 1213 1333 1264 δὲ
1368 1212 1498 1263 αὐτὸ
1522 1211 1739 1280 Πνεῦμα
1761 1227 1772 1239 ·

216 1306 316 1356 καὶ
353 1305 642 1375 διαιρέσεις
690 1303 969 1355 διακονιῶν
1011 1304 1165 1365 είσιν,
1198 1304 1225 1353 6
1258 1302 1498 1362 δὲαύτὸς
1540 1301 1738 1369 Κύριος
1761 1313 1773 1327 ·

215 1396 315 1447 καὶ
366 1396 652 1465 διαιρέσεις
698 1392 1085 1462 ἐνεργημάτων
1114 1393 1270 1455 εἰσὶν,
1304 1394 1331 1444 6
1376 1392 1430 1443 δὲ
1461 1390 1621 1450 αὐτὸς
1649 1389 1777 1451 Θεὸς

214 1490 242 1539 ὁ
270 1486 510 1557 ἐνεργῶν
551 1488 665 1536 ἐστι
703 1483 772 1536 τὰ
798 1485 972 1536 πάντα
1010 1487 1065 1537 ὲν
1097 1486 1280 1537 πᾶσιν.
1325 1503 1343 1535 ι
1390 1483 1449 1534 Et
1485 1483 1546 1533 τὸ
1579 1482 1775 1549 λέγειν,

214 1581 302 1631 ὅτι
334 1579 431 1629 οὐκ
474 1576 588 1627 ἐστι
615 1575 773 1642 φύσει
812 1577 905 1629 καὶ
945 1576 1169 1647 ἀληθείᾳ
1197 1575 1326 1635 Θεὸς
1355 1579 1382 1628 ὁ
1408 1574 1660 1644 Χριστὸς,
1693 1572 1781 1624 οὺ-

215 1672 308 1721 δὲν
338 1668 520 1736 ἕτερόν
551 1667 715 1732 ἐστιν,
757 1667 788 1737 ἢ
829 1670 1000 1720 εἰπεῖν
1028 1667 1273 1734 ἀνάθεμα
1314 1665 1548 1736 Ἰησοῦν,
1598 1665 1633 1715 ἀ
1690 1664 1781 1715 ἐκ·

218 1759 508 1815 ῢάλλοντες
532 1758 693 1810 αὑτὸν
719 1759 811 1810 τοῦ
838 1756 975 1809 εἶναι
1005 1757 1143 1808 κατά
1168 1755 1423 1825 ἀλήθειαν
1463 1752 1657 1821 Ἰησοῦ,
1682 1753 1780 1803 οὐκ

1960 960 1976 991 ι
2012 937 2134 992 Ideo
2171 946 2349 989 notqu
2382 937 2531 989 vobis
2576 938 2728 995 facio,
2765 936 2905 1002 quod
2950 948 3104 985 nemo
3134 935 3185 985 in
3232 936 3431 999 Spiritu

1883 1029 1974 1084 Dei
2022 1029 2265 1095 loquens,
2298 1026 2424 1077 dicit
2462 1028 2743 1076 anathema
2772 1024 2895 1076 Jesu
2927 1041 2938 1074 :
2972 1031 3025 1073 et
3076 1039 3230 1073 nemo
3262 1034 3431 1087 potest

1882 1121 2085 1180 dicere,
2126 1108 2380 1169 Dominus
2409 1113 2591 1173 Jesus,
2630 1114 2729 1165 nisi
2776 1115 2825 1163 in
2867 1114 3071 1176 Spiritu
3102 1122 3305 1163 sancto.
3347 1113 3435 1162 Di-

1883 1210 2120 1263 visiones
2172 1220 2297 1257 vero
2348 1203 2642 1271 gratiarum
2675 1209 2819 1259 sunt,
2869 1201 3007 1252 idem
3054 1212 3229 1253 autem
3267 1201 3434 1267 Spiri—

1884 1309 1968 1351 tus
1998 1316 2011 1350 :
2039 1306 2093 1349 et
2139 1296 2432 1347 divisiones
2474 1290 2928 1344 ministrationum
2970 1299 3113 1345 sunt.
3166 1291 3313 1341 idem-
3340 1306 3438 1340 att-

1884 1398 1988 1440 tem
2049 1384 2349 1437 Dominus:
2394 1391 2447 1433 et
2506 1380 2798 1433 divisiones
2862 1378 3233 1446 operationum
3287 1391 3434 1441 sunt,

1886 1478 2023 1531 idem
2076 1489 2203 1527 vero
2253 1472 2417 1535 Deus,
2482 1472 2572 1537 qui
2619 1479 2877 1535 operatur
2925 1469 3103 1520 omnia
3156 1470 3205 1519 in
3239 1471 3436 1529 omni-

1891 1566 1989 1619 bus
2016 1565 2082 1617 ²⁸.
2114 1584 2132 1615 ι
2173 1564 2313 1616 Sane
2355 1563 2398 1615 si
2453 1560 2584 1613 nihil
2635 1559 2775 1611 aliud
2825 1567 2906 1624 est
2954 1559 3132 1610 dicere
3169 1557 3435 1613 Christum

1885 1672 1987 1710 non
2031 1670 2152 1709 esse
2194 1668 2377 1706 verum
2410 1661 2462 1704 et
2504 1648 2803 1703 naturalem
2844 1649 3029 1708 Deum,
3064 1662 3221 1716 quam
3260 1650 3437 1704 dicere

1881 1753 2161 1800 anathema
2194 1742 2375 1796 Jesutn
2407 1782 2421 1805 ,
2457 1742 2548 1809 qui
2588 1741 2736 1793 illum
2788 1739 2959 1806 reipsa
2991 1736 3170 1790 Jesum
3212 1753 3328 1791 esse
3359 1743 3436 1792 in-

219 1849 277 1896 ἐν
322 1844 460 1915 ἁγίῳ
500 1844 773 1915 Πνεύματι
811 1845 970 1897 τοῦτο
1012 1843 1242 1896 ποιοῦσι·
1302 1846 1394 1896 καὶ
1432 1845 1479 1894 εί
1532 1842 1628 1903 τὰς
1675 1839 1778 1893 τῶν

1890 1834 2156 1894 ﬁciantur,
2206 1832 2278 1884 illi
2314 1831 2498 1897 utique
2544 1830 2594 1881 in
2638 1829 2838 1895 Spiritu
2870 1836 3058 1880 saneto
3091 1827 3228 1879 istud
3270 1832 3439 1882 neuti-

219 1936 575 2004 χαρισμάτων
606 1934 896 2005 διαιρέσεις
924 1934 1052 1985 ποτὲ
1082 1932 1180 2001 μὲν
1209 1934 1449 2001 ἐνεργεῖν
1487 1931 1544 1983 τὸ
1561 1929 1783 1999 Πνεῦμά

219 2042 376 2091 gnat,
408 2026 535 2076 ποτὲ
572 2025 629 2076 δὲ
657 2024 749 2075 τὸν
790 2021 949 2074 αὑτὸν
982 2022 1202 2092 Κύριον,
1233 2022 1360 2074 ποτὲ
1400 2021 1455 2073 δὲ
1500 2020 1589 2071 τὸν
1622 2019 1783 2075 αὑτὸν

216 2114 389 2173 Θεὸν,
439 2108 577 2163 οἶδεν
614 2112 720 2180 ἄρα
769 2110 898 2163 Θεὸν
934 2110 1062 2161 ὄντα
1110 2110 1361 2178 Χριστὸν,
1409 2109 1497 2161 τὸν
1531 2111 1605 2172 ὠς
1652 2109 1785 2162 Θεὸν

217 2200 547 2271 ἐνεργοῦντα
573 2202 661 2253 διά
690 2199 782 2252 τοῦ
822 2200 1154 2269 Πνεύματος,
1185 2201 1277 2252 καὶ
1310 2200 1381 2262 ὡς
1414 2199 1617 2267 Κύριον
1646 2198 1785 2252 κατὰ

220 2292 387 2359 quam
422 2290 743 2360 διανέμοντα
785 2294 899 2361 μετ’
935 2290 1201 2356 ἐξουσίας,
1241 2293 1426 2359 ὥσπερ
1474 2290 1539 2341 ἂν
1589 2290 1781 2353 ἕλοιτο,

217 2382 320 2442 τὰς
363 2380 566 2434 ἄνωθεν
593 2381 817 2452 δωρεάς.
857 2380 1243 2450 Μνημονεῦσαι
1285 2380 1339 2431 δὲ
1374 2381 1472 2441 δεῖ,
1506 2381 1587 2431 ὅτι
1634 2380 1725 2430 καὶ
1756 2381 1784 2431 6

221 2471 435 2533 Παῦλος
476 2471 577 2539 ἔφη
615 2473 741 2541 περὶ
773 2472 1026 2539 Χριστοῦ,
1071 2472 1144 2534 ὡς
1192 2472 1581 2542 ὲνεργήσαντος
1616 2472 1781 2523 αὐτοῦ

217 2562 277 2613 ὲν
309 2561 531 2631 δυνάμει
568 2562 879 2632 Πνεύματος
912 2562 1086 2625 ἀγίουυ

297 2812 319 2844 ι
362 2795 471 2846 Καὶ
507 2794 599 2858 οὓς
626 2796 723 2866 μὲν
752 2796 902 2849 ἔθετο
929 2800 955 2851 6
980 2798 1109 2860 Θεὸς
1136 2800 1281 2870 ἐν.τῇ
1320 2800 1611 2872 Ἐκκλησία
1640 2803 1781 2873 πρῶ-

219 2901 314 2936 τον
348 2887 692 2950 ἀποστόλους,
720 2888 966 2959 δεύτερον
998 2893 1296 2960 προφήτας,
1326 2893 1503 2963 τρίτον
1530 2893 1780 2949 διδασκά-

219 2974 368 3039 λους,
393 2975 579 3029 ἔπειτα
599 2978 873 3048 δυνάμεις,
899 2976 1014 3032 εἶτα
1044 2980 1091 3018 ¹ί⁶
1118 2981 1426 3052 χαρίσματα
1463 2983 1726 3054 ἰαμάτων.
1754 3005 1772 3038 ι

220 3064 358 3115 Θεοῦ
398 3064 687 3134 λεγομένου
728 3067 900 3120 ταῦτα
946 3070 1261 3139 κατορθοῦν,
1294 3073 1524 3141 Χριστὸς
1571 3077 1597 3127 6
1630 3077 1779 3144 ἐνερο

1884 1938 2044 1989 quam
2097 1920 2321 1974 faciunt.
2386 1919 2620 1971 Rursum
2696 1918 2738 1971 si
2800 1918 3095 1984 gratiarum
3151 1915 3438 1971 divisiones

1886 2013 2154 2064 interdum
2218 2011 2503 2077 Spiritum,
2566 2020 2945 2073 nonnunquam
3004 2021 3128 2057 vero
3190 2008 3431 2059 eumdem

1890 2100 2203 2163 Dominum,
2242 2096 2531 2166 aliquando
2564 2102 2742 2148 autent
2771 2095 3015 2148 eumdem
3043 2093 3201 2145 Deum
3231 2094 3437 2159 operari

1884 2192 2189 2261 proﬁtetur,
2225 2190 2500 2244 Christum
2538 2202 2670 2255 ergo
2715 2187 2879 2239 Deum
2926 2200 3043 2239 esse
3074 2199 3175 2235 non
3211 2185 3439 2251 ignorat,

1882 2282 1972 2348 qui
2009 2297 2106 2350 per
2133 2280 2394 2348 Spiritunt
2420 2287 2673 2346 operetur
2705 2285 2760 2328 ut
2792 2276 2951 2338 Deus,
2982 2276 3178 2343 quique
3206 2275 3437 2328 cmlesna

1883 2371 2064 2431 dona,
2115 2368 2529 2436 quibuscunque
2579 2374 2630 2418 et
2676 2367 3156 2432 quomodocunque
3196 2363 3435 2428 voluerit,

1884 2470 2140 2526 tanquam
2182 2468 2376 2510 natura
2429 2455 2686 2507 Dominus
2728 2470 2831 2506 non
2883 2453 3085 2519 absque
3123 2453 3442 2506 auctoritate

1883 2548 2192 2603 distribuat.
2221 2546 2371 2611 Quod
2396 2554 2569 2597 autem
2608 2543 2854 2595 Christus
2901 2541 2951 2613 in
2982 2542 3181 2593 virtute
3215 2540 3442 2607 Spiritus

1882 2641 2059 2692 sancti
2092 2648 2367 2705 Operetur,
2406 2635 2455 2688 id
2497 2633 2689 2687 Paulus
2730 2635 2793 2685 de
2829 2646 2890 2684 eo
2920 2633 3140 2699 loquens
3184 2629 3436 2696 ejusmodi

1880 2729 2123 2782 oratione
2155 2726 2404 2793 deinceps
2438 2724 2687 2791 explanat
2724 2739 2738 2774 :

1958 2839 1974 2870 ι
2008 2818 2299 2884 Quosdam,
2333 2815 2524 2884 inquit,
2554 2814 2731 2881 posuit
2755 2816 2892 2869 Deus
2936 2814 2987 2866 in
3036 2812 3296 2872 Ecclesia,
3334 2811 3440 2877 pri-

1883 2917 2026 2956 mum
2072 2903 2364 2967 apostolos,
2410 2898 2647 2952 secundo
2686 2899 2995 2966 prophetas,
3057 2897 3215 2948 tertio
3256 2895 3437 2947 docto-

1884 3007 1990 3055 res,
2014 2990 2202 3045 deinde
2228 2990 2451 3043 virtutes
2482 3029 2496 3054 ,
2526 2989 2718 3043 exinde
2748 2988 2947 3056 gratias
2974 2986 3307 3039 curationum
3327 2984 3388 3036 ".
3417 3003 3435 3034 ι

1881 3079 2013 3135 Cum
2075 3080 2213 3133 Deus
2290 3079 2479 3132 isthmc
2539 3078 2751 3132 eﬂicere
2834 3077 3223 3145 perhibeatur,
3288 3072 3443 3151 Chri-

219 3155 398 3225 γήσας
443 3159 621 3213 ἐστίν·
657 3159 806 3212 ἔθετο
852 3162 959 3231 γὰρ
986 3162 1105 3223 τοὺς
1147 3163 1476 3225 ἀποστόλους
1523 3165 1680 3228 αὐτὸς
1724 3166 1778 3217 ὲν

1884 3181 1996 3225 stus
2026 3170 2228 3237 estqui
2278 3180 2530 3238 operatur
2566 3186 2579 3221 :
2634 3168 3065 3236 quandoquidem
3116 3166 3160 3218 is
3208 3174 3309 3227 est,
3349 3165 3438 3231 qui

214 3252 286 3318 τῇ
332 3249 648 3320 Ἐκκλησία,
674 3252 771 3304 καὶ
813 3251 989 3321 μέντοι
1030 3255 1122 3304 καὶ
1151 3252 1521 3318 διδασκάλους,
1562 3256 1781 3326 ἐνεργῆ-

220 3356 315 3391 σαι
345 3340 437 3391 καὶ
470 3339 756 3411 δυνάμεις·
787 3342 981 3404 δέδωκε
1016 3342 1118 3414 γὰρ
1164 3344 1410 3409 ἐξουσίαν
1454 3348 1564 3408 τοῖς
1608 3347 1781 3415 ἁγίοις

223 3432 517 3501 μαθηταῖς,
564 3432 883 3503 θεραπεύειν
916 3436 1094 3488 πᾶσαν
1128 3434 1281 3488 νόσον
1322 3438 1414 3488 καὶ¹
1454 3439 1635 3492 πᾶσαν
1677 3458 1778 3510 μα-

219 3521 419 3575 λακίαν
451 3525 507 3577 ὲν
531 3523 606 3594 τῷ
638 3524 770 3594 λαῷ.

302 3716 321 3747 σ
380 3696 435 3749 Ὀ
480 3698 767 3769 ἀσπασμὸς
802 3703 867 3769 τῇ
899 3700 1001 3770 ὲμῇ
1055 3702 1195 3770 χειρὶ
1238 3702 1468 3756 Παύλου.
1517 3705 1582 3756 Εῐ
1603 3722 1685 3768 τις
1720 3707 1781 3758 ού

218 3789 370 3854 (ριλεῖ
400 3790 490 3841 τὸν
532 3789 745 3859 Κύριον,
783 3793 896 3862 ἡτω
935 3794 1200 3862 ἀνάθεμα,
1238 3796 1542 3865 μαραναθᾶ.
1580 3815 1598 3849 ›
1640 3799 1783 3868 Ἀρα

219 3880 345 3930 τίνα
379 3883 511 3949 φησι
550 3883 751 3953 Κύριον
780 3888 835 3936 ὲν
863 3885 1106 3951 τούτοις;
1139 3887 1339 3957 Κύριος
1378 3888 1475 3956 μὲν
1504 3889 1611 3960 γὰρ
1653 3892 1780 3961 ὁμο-

218 3970 583 4039 λογουμένως,
637 3976 727 4027 καὶ
781 3976 941 4038 αὐτὸς
997 3976 1160 4038 Υἱός·
1222 3977 1418 4047 ὁμοίως
1473 3980 1528 4032 δὲ
1581 3980 1672 4033 καὶ
1724 3980 1783 4031 τὸ

221 4062 447 4133 Πνεῦμα
468 4080 480 4091 ·
518 4083 535 4114 ‹
579 4065 633 4118 '0
655 4066 760 4137 γὰρ
786 4067 1007 4135 Κύριος,
1042 4069 1193 4139 φησι,
1220 4069 1279 4121 τὸ
1301 4070 1519 4140 Πνεῦμά
1553 4073 1717 4123 ἐστιν.
1759 4091 1776 4122 ι

233 4154 293 4204 Ὀ
339 4153 394 4204 δέ
444 4172 506 4220 γε
549 4154 637 4207 τοῦ
692 4160 959 4228 μακαρίου
998 4160 1208 4211 Παύλου
1238 4162 1435 4223 σκοπὸς
1482 4165 1537 4213 ὲν
1574 4162 1782 4224 τούτοις

220 4247 303 4306 εἰς
331 4245 490 4296 αὑτὸν
516 4250 842 4301 συνετείνετο
870 4249 885 4287 ι
909 4250 997 4303 τὸν
1035 4252 1257 4321 Ἰησοῦν.
1294 4272 1310 4303 ι
1350 4249 1439 4315 Εἷς
1465 4253 1592 4323 γὰρ,
1624 4254 1777 4323 φησὶ,

222 4334 447 4402 Κύριος,
479 4334 679 4404 Ἰησοῦς
709 4340 958 4409 Χριστός.
999 4360 1017 4390 ι
1067 4341 1470 4410 Ἀναθεματὶζει
1492 4344 1669 4396 τοίνυν
1693 4344 1780 4396 τὸν

224 4425 303 4490 μὴ
335 4423 587 4491 φιλοῦντα
613 4426 790 4480 αὐτόν.
823 4430 896 4479 Οὐ
930 4428 1071 4497 φιλεῖ
1095 4430 1148 4481 δὲ
1172 4430 1352 4492 αὑτὸν,
1382 4432 1409 4481 6
1432 4432 1566 4500 μήτε
1598 4430 1773 4498 φύσει,

1888 3260 2159 3329 apostolos
2190 3259 2241 3311 in
2278 3258 2519 3313 Ecclesia
2553 3258 2853 3319 collocavit,
2882 3259 3078 3324 quique
3113 3256 3357 3308 doctores
3388 3254 3443 3307 iu

1882 3353 2065 3406 eadem
2109 3350 2364 3413 instituit,
2416 3350 2609 3418 quibus
2640 3362 2871 3416 quoque,
2899 3356 2955 3399 ut
2992 3346 3216 3410 virtutes
3253 3359 3441 3413 opera,

1882 3452 2084 3506 rentur,
2121 3442 2226 3495 vim
2271 3440 2599 3507 impertivit:
2629 3440 2773 3492 dedit
2805 3452 3033 3504 namque
3065 3436 3265 3489 sanctis
3308 3449 3437 3501 apo-

1882 3531 2033 3584 stolis
2081 3538 2433 3598 potestatem,
2494 3538 2550 3580 ut
2600 3541 2758 3580 omne
2808 3526 3117 3598 morborum
3166 3522 3439 3590 aegritudi-

1884 3635 2119 3688 numque
2148 3633 2315 3689 genus
2343 3619 2395 3671 in
2439 3617 2635 3687 populo
2665 3595 3024 3685 grassantium
3060 3621 3331 3666 curarent.

1958 3730 1975 3762 ι
2008 3711 2269 3766 Salutatio
2312 3726 2428 3765 mea
2475 3725 2635 3763 manu
2676 3708 2821 3761 Pauli
2857 3726 2869 3760 :
2906 3707 2961 3761 Si
3003 3707 3122 3775 quis
3154 3721 3256 3757 non
3297 3713 3438 3756 amat

1885 3803 2207 3868 Dominum,
2245 3802 2314 3856 sit
2355 3803 2659 3865 anathema,
2697 3799 3010 3852 maranatha
3036 3798 3105 3849 ³ο.
3148 3815 3164 3845 ι
3201 3796 3434 3862 Ecquam

1883 3898 2127 3959 obsecro,
2210 3895 2488 3949 Dominqu
2543 3893 2643 3946 hoc
2696 3888 2810 3945 loco
2865 3891 3053 3945 vocat?
3097 3890 3145 3941 in
3194 3887 3439 3941 confesso

1885 3994 1967 4037 est
2000 3984 2164 4047 enim,
2201 3994 2304 4035 tam
2354 3982 2525 4048 ipsum
2556 3980 2773 4041 Filium,
2808 3992 2967 4047 quam
3013 3977 3271 4044 Spiritum
3304 3990 3440 4043 quo-

1888 4091 1989 4143 que
2041 4084 2279 4128 sanctum
2317 4072 2596 4127 Dominum
2622 4074 2821 4138 vocari,
2855 4083 2907 4127 et
2953 4072 3237 4125 Dominum
3270 4084 3385 4124 esse
3422 4088 3433 4121 :

1887 4168 2142 4235 scriptum
2195 4176 2275 4220 est
2332 4166 2517 4220 enim:
2579 4168 2599 4217 ‹
2648 4165 2881 4234 Spiritus
2930 4165 3183 4218 Dominus
3214 4172 3295 4217 est
3318 4163 3379 4215 ³¹.
3416 4181 3433 4212 ›

1888 4258 2029 4313 Sane
2058 4257 2196 4312 beati
2233 4256 2382 4310 Pauli
2424 4273 2571 4310 mens
2601 4258 2649 4309 in
2682 4256 2853 4326 ipsum
2900 4256 3081 4309 .lesum
3115 4255 3199 4307 hic
3228 4253 3435 4317 fertur;

1885 4351 1959 4403 ait
1980 4363 2208 4418 namque
2237 4367 2250 4405 :
2289 4368 2305 4401 ι
2328 4347 3022 4411 ὕιιυεεειῡοιηίηυε,.ιοειιε
3050 4347 3375 4403 Christus".
3418 4365 3434 4395 ›

1885 4441 2062 4508 Itaque
2097 4441 2433 4492 anathemate
2469 4439 2698 4507 percutit
2738 4454 2950 4492 omnem
3010 4437 3227 4492 omuino
3267 4438 3441 4491 homi-

226 4515 367 4582 μήτε
411 4515 636 4586 ἀληθείᾳ
682 4518 853 4585 λέγων
883 4520 1005 4572 Υἱὸν
1044 4514 1182 4572 εἶναι
1216 4520 1306 4573 τοῦ
1353 4521 1507 4585 Θεοῦ,
1543 4522 1676 4574 ἀλλὰ
1707 4524 1778 4585 ὡς

1886 4540 2029 4591 nem,
2084 4525 2173 4593 qui
2201 4524 2307 4594 65
2340 4525 2485 4577 illum
2518 4540 2621 4579 non
2654 4525 2845 4594 diligit.
2874 4524 2921 4580 ls
2958 4534 3135 4579 autem
3167 4524 3437 4580 Christum

222 4608 283 4657 ἐν
334 4606 556 4679 δευτέρᾳ
591 4609 741 4672 τάξει
791 4610 957 4672 τιθεὶς
991 4611 1141 4679 παρὰ
1182 4611 1274 4663 τὸν
1316 4612 1378 4664 ἐκ
1414 4612 1547 4663 Θεοῦ
1585 4613 1774 4679 Λόγον,

222 4695 323 4747 καὶ
346 4696 406 4747 τὺ
438 4698 536 4766 τῆς
562 4700 869 4769 οἰκονομίας
900 4700 1099 4753 ἀδικῶν
1127 4703 1418 4770 μυστήριον
1450 4702 1535 4755 διὰ
1572 4703 1665 4755 τοῦ
1687 4704 1776 4755 τέ-

222 4800 379 4852 μνειν
417 4788 494 4849 εἰς
525 4787 618 4839 δύο
642 4788 731 4840 τὸν
760 4788 855 4842 ἕνα
894 4789 1097 4859 Κύριον
1136 4790 1228 4842 καὶ
1268 4790 1491 4859 Ἰησοῦν.

1887 4630 1989 4667 non
2027 4615 2216 4683 diligit,
2266 4614 2357 4681 qui
2395 4629 2566 4681 neque
2623 4622 2810 4668 natura
2857 4629 3029 4682 neque
3073 4615 3300 4668 veritate
3347 4614 3439 4667 Dei

1884 4704 2074 4757 Filiqu
2126 4717 2246 4756 esse
2285 4706 2556 4771 agnoscit,
2594 4708 2683 4759 sed
2713 4720 2740 4757 a
2776 4706 2866 4759 Dci
2897 4705 3073 4759 Verbo
3101 4704 3348 4774 seiungit,
3379 4721 3440 4760 ac

1884 4793 2045 4845 veluti
2104 4792 2158 4843 in
2215 4807 2377 4845 secuu
2427 4794 2551 4845 dum
2612 4792 2854 4846 ordinem
2911 4791 3108 4859 rejicit,
3167 4803 3327 4861 atque
3367 4793 3438 4846 ita

220 4879 352 4927 dum
441 4892 604 4930 unum
658 4878 937 4933 Dominum
998 4880 1178 4935 Jesutu
1239 4882 1513 4937 Christum
1600 4886 1651 4938 in
1717 4886 1848 4940 duos
1916 4882 2122 4945 dividit,
2175 4882 2586 4950 dispensationis
2638 4883 2948 4951 mysterium
3016 4884 3184 4937 atroci
3247 4883 3440 4952 injuria

221 4966 414 5020 aﬂicit.

559 5083 659 5137 Ἐκ
688 5085 796 5153 τῆς
835 5088 981 5152 πρὸς
1012 5087 1354 5151 Κορινθίους
1384 5088 1461 5149 β’.

299 5192 320 5224 ι
358 5174 448 5244 Τῷ
468 5175 523 5228 δὲ
542 5174 659 5245 Θεῴ
684 5176 862 5244 χάρις,
892 5176 1115 5229 πάντοτε
1135 5176 1208 5245 τῷ
1233 5176 1609 5246 θριαμϐεύοντι
1635 5182 1781 5248 ἡμᾶς

220 5266 281 5316 ὲν
305 5262 382 5332 τῷ
431 5262 668 5334 Χριστῷ,
703 5266 795 5317 καὶ
839 5265 937 5335 τὴν
985 5264 1158 5335 ὀσμὴν
1197 5268 1293 5336 τῆς
1331 5265 1580 5333 γνώσεως
1616 5268 1779 5323 αὑτοῦ

291 5417 341 5449 ⁸³
373 5414 545 5471 [Con
582 5433 677 5480 xu,
711 5418 824 5474 5-6.
905 5418 949 5448 ’⁵
983 5417 997 5470 l
1028 5418 1151 5472 Cor.
1182 5434 1275 5485 xu,
1307 5419 1393 5473 28.

1473 5422 1516 5451 ³ο
1554 5422 1572 5472 1
1614 5420 1739 5475 Cor.
1770 5436 1877 5484 xvr,
1912 5422 2000 5475 9.1.

2236 5089 2319 5142 Ea:
2352 5090 2625 5157 posteriori
2660 5090 2727 5141 ad
2773 5088 3091 5142 Corinthios.

1966 5198 1983 5229 ‹
2018 5180 2123 5234 Deo
2162 5191 2338 5234 autem
2371 5181 2585 5249 gratias,
2621 5182 2711 5249 qui
2762 5195 2973 5246 semper
3001 5180 3292 5246 triumphat
3345 5166 3438 5233 nos

1890 5270 1939 5323 in
1975 5270 2186 5325 Christo
2220 5270 2365 5337 Jesu,
2400 5281 2451 5325 et
2492 5272 2711 5325 odorem
2757 5269 2960 5323 notitia:
2992 5284 3101 5324 sua;
3136 5269 3442 5325 manifeStat

2078 5422 2119 5452 "
2151 5421 2308 5475 Joan.
2343 5439 2413 5487 tv,
2453 5424 2540 5477 2i.
2621 5424 2665 5454 ³²
2698 5424 2712 5477 l
2743 5423 2864 5477 Cor.
2898 5438 3010 5489 vnt,
3054 5424 3104 5478 6.

1292 5581 1463 5636 Varia:
1493 5581 1746 5636 lectiones
1784 5581 1980 5638 codicis
2011 5582 2359 5649 Seguicriani.

301 5707 346 5744 ι’
375 5705 588 5760 ἔπειτα.
673 5704 688 5744 1
724 5708 1071 5761 συν-τείνεται.
