  <div class='ocr_page' id='page_1' title='image "/cluster/home/n/w/nwhite01/storage/ocr_20150623/76/pst.000005712755/647.png"; bbox 0 0 4056 6334; ppageno 0'>
   <div class='ocr_carea' id='block_1_1' title="bbox 644 366 778 419">
    <p class='ocr_par' dir='ltr' id='par_1_1' title="bbox 644 366 778 419">
     <span class='ocr_line' id='line_1_1' title="bbox 644 366 778 419; baseline -0.007 -1"><span class='ocrx_word' id='word_1_1' title='bbox 644 366 778 419; x_wconf 69' lang='lat'><strong>4259</strong></span> 
     </span>
    </p>
   </div>
   <div class='ocr_carea' id='block_1_2' title="bbox 1693 365 2910 424">
    <p class='ocr_par' dir='ltr' id='par_1_2' title="bbox 1693 365 2910 424">
     <span class='ocr_line' id='line_1_2' title="bbox 1693 365 2910 424; baseline -0.007 0"><span class='ocrx_word' id='word_1_2' title='bbox 1693 372 1745 424; x_wconf 86' lang='lat' dir='ltr'><strong>S.</strong></span> <span class='ocrx_word' id='word_1_3' title='bbox 1789 369 2056 423; x_wconf 74' lang='lat' dir='ltr'><strong>CYRILLI</strong></span> <span class='ocrx_word' id='word_1_4' title='bbox 2098 366 2558 421; x_wconf 76' lang='lat' dir='ltr'><strong>ALEXANDRINI</strong></span> <span class='ocrx_word' id='word_1_5' title='bbox 2598 365 2910 420; x_wconf 75' lang='lat' dir='ltr'><strong>ARCHIEP.</strong></span> 
     </span>
    </p>
   </div>
   <div class='ocr_carea' id='block_1_3' title="bbox 3714 366 3856 418">
    <p class='ocr_par' dir='ltr' id='par_1_3' title="bbox 3714 366 3856 418">
     <span class='ocr_line' id='line_1_3' title="bbox 3714 366 3856 418; baseline 0.007 -1"><span class='ocrx_word' id='word_1_6' title='bbox 3714 366 3856 418; x_wconf 63' lang='grc'><strong>1240</strong></span> 
     </span>
    </p>
   </div>
   <div class='ocr_carea' id='block_1_4' title="bbox 639 475 2185 553">
    <p class='ocr_par' dir='ltr' id='par_1_4' title="bbox 639 480 2185 553">
     <span class='ocr_line' id='line_1_4' title="bbox 639 480 2185 553; baseline 0.003 -23"><span class='ocrx_word' id='word_1_7' title='bbox 639 494 735 546; x_wconf 86' lang='lat' dir='ltr'><strong>per</strong></span> <span class='ocrx_word' id='word_1_8' title='bbox 781 493 876 532; x_wconf 90' lang='lat' dir='ltr'><strong>nos</strong></span> <span class='ocrx_word' id='word_1_9' title='bbox 920 480 970 532; x_wconf 90' lang='lat' dir='ltr'><strong>in</strong></span> <span class='ocrx_word' id='word_1_10' title='bbox 1017 482 1162 535; x_wconf 89' lang='lat' dir='ltr'><strong>omni</strong></span> <span class='ocrx_word' id='word_1_11' title='bbox 1211 483 1328 538; x_wconf 93' lang='lat' dir='ltr'><strong>loco</strong></span> <span class='ocrx_word' id='word_1_12' title='bbox 1365 508 1374 538; x_wconf 84' lang='lat'><strong>:</strong></span> <span class='ocrx_word' id='word_1_13' title='bbox 1417 487 1537 553; x_wconf 92' lang='lat' dir='ltr'><strong>quia</strong></span> <span class='ocrx_word' id='word_1_14' title='bbox 1593 486 1788 538; x_wconf 84' lang='lat' dir='ltr'><strong>Christi</strong></span> <span class='ocrx_word' id='word_1_15' title='bbox 1839 487 2007 536; x_wconf 92' lang='lat' dir='ltr'><strong>bonus</strong></span> <span class='ocrx_word' id='word_1_16' title='bbox 2057 483 2185 536; x_wconf 90' lang='lat' dir='ltr'><strong>odor</strong></span> 
     </span>
    </p>
   </div>
   <div class='ocr_carea' id='block_1_5' title="bbox 2286 475 3852 553">
    <p class='ocr_par' dir='ltr' id='par_1_5' title="bbox 2292 475 3852 550">
     <span class='ocr_line' id='line_1_5' title="bbox 2292 475 3852 550; baseline -0.004 -17"><span class='ocrx_word' id='word_1_17' title='bbox 2292 480 2610 550; x_wconf 80' lang='grc' dir='ltr'><strong>φανεροῦντι</strong></span> <span class='ocrx_word' id='word_1_18' title='bbox 2651 480 2716 531; x_wconf 84' lang='grc' dir='ltr'>δι’</span> <span class='ocrx_word' id='word_1_19' title='bbox 2751 478 2904 545; x_wconf 80' lang='grc' dir='ltr'>ἡμῶν</span> <span class='ocrx_word' id='word_1_20' title='bbox 2948 477 3004 529; x_wconf 78' lang='grc' dir='ltr'>ὲν</span> <span class='ocrx_word' id='word_1_21' title='bbox 3041 479 3201 530; x_wconf 81' lang='grc' dir='ltr'>παντὶ</span> <span class='ocrx_word' id='word_1_22' title='bbox 3249 477 3428 544; x_wconf 83' lang='grc' dir='ltr'><strong>τόπῳ·</strong></span> <span class='ocrx_word' id='word_1_23' title='bbox 3477 476 3560 527; x_wconf 84' lang='grc' dir='ltr'><strong>δτι</strong></span> <span class='ocrx_word' id='word_1_24' title='bbox 3613 475 3852 542; x_wconf 75' lang='grc' dir='ltr'><strong>Χριστοῦ</strong></span> 
     </span>
    </p>
   </div>
   <div class='ocr_carea' id='block_1_6' title="bbox 639 568 2186 641">
    <p class='ocr_par' dir='ltr' id='par_1_6' title="bbox 639 568 2186 641">
     <span class='ocr_line' id='line_1_6' title="bbox 639 568 2186 641; baseline 0.003 -22"><span class='ocrx_word' id='word_1_25' title='bbox 639 582 822 619; x_wconf 84' lang='lat' dir='ltr'><strong>sumus</strong></span> <span class='ocrx_word' id='word_1_26' title='bbox 871 568 976 622; x_wconf 90' lang='lat' dir='ltr'><strong>Deo</strong></span> <span class='ocrx_word' id='word_1_27' title='bbox 1026 571 1078 623; x_wconf 91' lang='lat' dir='ltr'><strong>in</strong></span> <span class='ocrx_word' id='word_1_28' title='bbox 1135 573 1198 626; x_wconf 89' lang='lat' dir='ltr'><strong>iis</strong></span> <span class='ocrx_word' id='word_1_29' title='bbox 1252 575 1337 641; x_wconf 85' lang='lat' dir='ltr'><strong>qui</strong></span> <span class='ocrx_word' id='word_1_30' title='bbox 1390 575 1518 625; x_wconf 72' lang='lat' dir='ltr'><strong>salvi</strong></span> <span class='ocrx_word' id='word_1_31' title='bbox 1574 574 1724 636; x_wconf 85' lang='lat' dir='ltr'><strong>fiunt,</strong></span> <span class='ocrx_word' id='word_1_32' title='bbox 1777 581 1828 624; x_wconf 85' lang='lat' dir='ltr'><strong>et</strong></span> <span class='ocrx_word' id='word_1_33' title='bbox 1880 573 1930 626; x_wconf 92' lang='lat' dir='ltr'><strong>iu</strong></span> <span class='ocrx_word' id='word_1_34' title='bbox 1988 573 2052 626; x_wconf 92' lang='lat' dir='ltr'><strong>iis</strong></span> <span class='ocrx_word' id='word_1_35' title='bbox 2097 572 2186 639; x_wconf 89' lang='lat' dir='ltr'><strong>qui</strong></span> 
     </span>
    </p>
   </div>
   <div class='ocr_carea' id='block_1_7' title="bbox 641 661 2189 730">
    <p class='ocr_par' dir='ltr' id='par_1_7' title="bbox 641 661 2189 730">
     <span class='ocr_line' id='line_1_7' title="bbox 641 661 2189 730; baseline 0.004 -20"><span class='ocrx_word' id='word_1_36' title='bbox 641 669 866 722; x_wconf 85' lang='lat' dir='ltr'><strong>pereunt</strong></span> <span class='ocrx_word' id='word_1_37' title='bbox 891 661 954 717; x_wconf 88' lang='grc'><strong>³³.</strong></span> <span class='ocrx_word' id='word_1_38' title='bbox 987 679 1007 712; x_wconf 71' lang='grc' dir='ltr'><strong>ι</strong></span> <span class='ocrx_word' id='word_1_39' title='bbox 1054 663 1206 728; x_wconf 85' lang='lat' dir='ltr'><strong>Quod</strong></span> <span class='ocrx_word' id='word_1_40' title='bbox 1239 666 1280 718; x_wconf 87' lang='lat' dir='ltr'><strong>si</strong></span> <span class='ocrx_word' id='word_1_41' title='bbox 1311 665 1557 717; x_wconf 85' lang='lat' dir='ltr'><strong>Christus</strong></span> <span class='ocrx_word' id='word_1_42' title='bbox 1593 662 1834 714; x_wconf 74' lang='lat' dir='ltr'><strong>Paterna:</strong></span> <span class='ocrx_word' id='word_1_43' title='bbox 1869 663 2189 730; x_wconf 73' lang='lat' dir='ltr'><strong>cognitionis</strong></span> 
     </span>
    </p>
   </div>
   <div class='ocr_carea' id='block_1_8' title="bbox 639 747 2189 820">
    <p class='ocr_par' dir='ltr' id='par_1_8' title="bbox 639 747 2189 820">
     <span class='ocr_line' id='line_1_8' title="bbox 639 747 2189 820; baseline 0.005 -20"><span class='ocrx_word' id='word_1_44' title='bbox 639 747 809 801; x_wconf 86' lang='lat' dir='ltr'><strong>bonus</strong></span> <span class='ocrx_word' id='word_1_45' title='bbox 859 752 994 804; x_wconf 88' lang='lat' dir='ltr'><strong>odor</strong></span> <span class='ocrx_word' id='word_1_46' title='bbox 1032 763 1151 815; x_wconf 90' lang='lat' dir='ltr'><strong>est,</strong></span> <span class='ocrx_word' id='word_1_47' title='bbox 1203 751 1466 820; x_wconf 87' lang='lat' dir='ltr'><strong>quomodo</strong></span> <span class='ocrx_word' id='word_1_48' title='bbox 1518 748 1657 802; x_wconf 82' lang='lat' dir='ltr'><strong>Deu&#39;s</strong></span> <span class='ocrx_word' id='word_1_49' title='bbox 1711 766 1814 802; x_wconf 90' lang='lat' dir='ltr'><strong>non</strong></span> <span class='ocrx_word' id='word_1_50' title='bbox 1871 753 1989 804; x_wconf 86' lang='lat' dir='ltr'><strong>est?</strong></span> <span class='ocrx_word' id='word_1_51' title='bbox 2029 751 2189 807; x_wconf 84' lang='lat' dir='ltr'><strong>Haud</strong></span> 
     </span>
    </p>
   </div>
   <div class='ocr_carea' id='block_1_9' title="bbox 641 837 2188 911">
    <p class='ocr_par' dir='ltr' id='par_1_9' title="bbox 641 837 2188 911">
     <span class='ocr_line' id='line_1_9' title="bbox 641 837 2188 911; baseline 0.004 -23"><span class='ocrx_word' id='word_1_52' title='bbox 641 853 868 905; x_wconf 77' lang='lat' dir='ltr'><strong>namque</strong></span> <span class='ocrx_word' id='word_1_53' title='bbox 904 839 954 892; x_wconf 90' lang='lat' dir='ltr'><strong>in</strong></span> <span class='ocrx_word' id='word_1_54' title='bbox 987 840 1217 892; x_wconf 88' lang='lat' dir='ltr'><strong>humana</strong></span> <span class='ocrx_word' id='word_1_55' title='bbox 1252 847 1434 888; x_wconf 87' lang='lat' dir='ltr'><strong>natura</strong></span> <span class='ocrx_word' id='word_1_56' title='bbox 1473 837 1663 889; x_wconf 75' lang='lat' dir='ltr'><strong>divina:</strong></span> <span class='ocrx_word' id='word_1_57' title='bbox 1708 848 1910 891; x_wconf 77' lang='lat' dir='ltr'><strong>natura:</strong></span> <span class='ocrx_word' id='word_1_58' title='bbox 1944 840 2188 911; x_wconf 78' lang='lat' dir='ltr'><strong>fragran-</strong></span> 
     </span>
    </p>
   </div>
   <div class='ocr_carea' id='block_1_10' title="bbox 641 926 2190 996">
    <p class='ocr_par' dir='ltr' id='par_1_10' title="bbox 641 926 2190 996">
     <span class='ocr_line' id='line_1_10' title="bbox 641 926 2190 996; baseline 0.003 -18"><span class='ocrx_word' id='word_1_59' title='bbox 641 927 769 979; x_wconf 88' lang='lat' dir='ltr'><strong>tiam</strong></span> <span class='ocrx_word' id='word_1_60' title='bbox 800 928 1126 996; x_wconf 82' lang='lat' dir='ltr'><strong>eutnpererit</strong></span> <span class='ocrx_word' id='word_1_61' title='bbox 1155 926 1416 992; x_wconf 78' lang='lat' dir='ltr'><strong>quispiam</strong></span> <span class='ocrx_word' id='word_1_62' title='bbox 1452 944 1466 979; x_wconf 74' lang='grc' dir='ltr'>ε</span> <span class='ocrx_word' id='word_1_63' title='bbox 1499 927 1591 979; x_wconf 81' lang='lat' dir='ltr'><strong>sed</strong></span> <span class='ocrx_word' id='word_1_64' title='bbox 1624 931 2066 995; x_wconf 84' lang='lat' dir='ltr'><strong>quemadmodum</strong></span> <span class='ocrx_word' id='word_1_65' title='bbox 2099 933 2190 984; x_wconf 83' lang='lat' dir='ltr'><strong>liti—</strong></span> 
     </span>
    </p>
   </div>
   <div class='ocr_carea' id='block_1_11' title="bbox 639 1015 2190 1082">
    <p class='ocr_par' dir='ltr' id='par_1_11' title="bbox 639 1015 2190 1082">
     <span class='ocr_line' id='line_1_11' title="bbox 639 1015 2190 1082; baseline 0.004 -14"><span class='ocrx_word' id='word_1_66' title='bbox 639 1016 914 1070; x_wconf 82' lang='lat' dir='ltr'><strong>mauitatis</strong></span> <span class='ocrx_word' id='word_1_67' title='bbox 946 1019 1079 1069; x_wconf 90' lang='lat' dir='ltr'><strong>odor</strong></span> <span class='ocrx_word' id='word_1_68' title='bbox 1100 1018 1273 1082; x_wconf 84' lang='lat' dir='ltr'><strong>&#39;plane</strong></span> <span class='ocrx_word' id='word_1_69' title='bbox 1301 1015 1593 1081; x_wconf 89' lang='lat' dir='ltr'><strong>hominem,</strong></span> <span class='ocrx_word' id='word_1_70' title='bbox 1631 1018 1700 1071; x_wconf 90' lang='lat' dir='ltr'><strong>ita</strong></span> <span class='ocrx_word' id='word_1_71' title='bbox 1742 1019 2031 1073; x_wconf 88' lang='lat' dir='ltr'><strong>divinitatis</strong></span> <span class='ocrx_word' id='word_1_72' title='bbox 2059 1021 2190 1075; x_wconf 87' lang='lat' dir='ltr'><strong>odor</strong></span> 
     </span>
    </p>
   </div>
   <div class='ocr_carea' id='block_1_12' title="bbox 638 1106 2188 1164">
    <p class='ocr_par' dir='ltr' id='par_1_12' title="bbox 638 1106 2188 1164">
     <span class='ocr_line' id='line_1_12' title="bbox 638 1106 2188 1164; baseline 0.001 -2"><span class='ocrx_word' id='word_1_73' title='bbox 638 1107 807 1162; x_wconf 88' lang='lat' dir='ltr'><strong>Deum</strong></span> <span class='ocrx_word' id='word_1_74' title='bbox 849 1108 1068 1159; x_wconf 85' lang='lat' dir='ltr'><strong>indicat.</strong></span> <span class='ocrx_word' id='word_1_75' title='bbox 1102 1107 1216 1160; x_wconf 79' lang='lat' dir='ltr'><strong>Jam</strong></span> <span class='ocrx_word' id='word_1_76' title='bbox 1260 1107 1300 1160; x_wconf 90' lang='lat' dir='ltr'><strong>si</strong></span> <span class='ocrx_word' id='word_1_77' title='bbox 1345 1106 1597 1162; x_wconf 77' lang='lat' dir='ltr'><strong>Christus</strong></span> <span class='ocrx_word' id='word_1_78' title='bbox 1633 1110 1800 1161; x_wconf 86' lang='lat' dir='ltr'><strong>bonus</strong></span> <span class='ocrx_word' id='word_1_79' title='bbox 1835 1110 2010 1164; x_wconf 82' lang='lat' dir='ltr'><strong>Patris</strong></span> <span class='ocrx_word' id='word_1_80' title='bbox 2055 1113 2188 1164; x_wconf 89' lang='lat' dir='ltr'><strong>odor</strong></span> 
     </span>
    </p>
   </div>
   <div class='ocr_carea' id='block_1_13' title="bbox 637 1193 2184 1265">
    <p class='ocr_par' dir='ltr' id='par_1_13' title="bbox 637 1193 2184 1265">
     <span class='ocr_line' id='line_1_13' title="bbox 637 1193 2184 1265; baseline 0.002 -17"><span class='ocrx_word' id='word_1_81' title='bbox 637 1193 957 1263; x_wconf 77' lang='lat' dir='ltr'><strong>appellatur,</strong></span> <span class='ocrx_word' id='word_1_82' title='bbox 989 1208 1219 1263; x_wconf 76' lang='lat' dir='ltr'><strong>vereque</strong></span> <span class='ocrx_word' id='word_1_83' title='bbox 1268 1207 1371 1262; x_wconf 81' lang='lat' dir='ltr'><strong>est,</strong></span> <span class='ocrx_word' id='word_1_84' title='bbox 1425 1199 1693 1265; x_wconf 84' lang='lat' dir='ltr'><strong>quomodo</strong></span> <span class='ocrx_word' id='word_1_85' title='bbox 1743 1197 1878 1250; x_wconf 84' lang='lat' dir='ltr'><strong>Deus</strong></span> <span class='ocrx_word' id='word_1_86' title='bbox 1936 1214 2038 1250; x_wconf 86' lang='lat' dir='ltr'><strong>non</strong></span> <span class='ocrx_word' id='word_1_87' title='bbox 2083 1209 2184 1262; x_wconf 86' lang='lat' dir='ltr'><strong>est,</strong></span> 
     </span>
    </p>
   </div>
   <div class='ocr_carea' id='block_1_14' title="bbox 636 1285 2185 1357">
    <p class='ocr_par' dir='ltr' id='par_1_14' title="bbox 636 1285 2185 1357">
     <span class='ocr_line' id='line_1_14' title="bbox 636 1285 2185 1357; baseline 0.003 -18"><span class='ocrx_word' id='word_1_88' title='bbox 636 1285 840 1340; x_wconf 81' lang='lat' dir='ltr'><strong>etiamsi</strong></span> <span class='ocrx_word' id='word_1_89' title='bbox 877 1286 1002 1340; x_wconf 92' lang='lat' dir='ltr'><strong>illud</strong></span> <span class='ocrx_word' id='word_1_90' title='bbox 1048 1288 1223 1356; x_wconf 89' lang='lat' dir='ltr'><strong>ipsum</strong></span> <span class='ocrx_word' id='word_1_91' title='bbox 1280 1289 1384 1342; x_wconf 86' lang='lat' dir='ltr'><strong>Dei</strong></span> <span class='ocrx_word' id='word_1_92' title='bbox 1432 1289 1608 1342; x_wconf 85' lang='lat' dir='ltr'><strong>Patris</strong></span> <span class='ocrx_word' id='word_1_93' title='bbox 1642 1287 1866 1342; x_wconf 81' lang='lat' dir='ltr'><strong>Verbum</strong></span> <span class='ocrx_word' id='word_1_94' title='bbox 1907 1290 2185 1357; x_wconf 84' lang='lat' dir='ltr'><strong>dispensa-</strong></span> 
     </span>
    </p>
   </div>
   <div class='ocr_carea' id='block_1_15' title="bbox 639 1375 1361 1432">
    <p class='ocr_par' dir='ltr' id='par_1_15' title="bbox 639 1375 1361 1432">
     <span class='ocr_line' id='line_1_15' title="bbox 639 1375 1361 1432; baseline 0.001 -4"><span class='ocrx_word' id='word_1_95' title='bbox 639 1379 779 1428; x_wconf 83' lang='lat' dir='ltr'><strong>tione</strong></span> <span class='ocrx_word' id='word_1_96' title='bbox 810 1375 969 1429; x_wconf 89' lang='lat' dir='ltr'><strong>homo</strong></span> <span class='ocrx_word' id='word_1_97' title='bbox 1003 1376 1201 1431; x_wconf 84' lang='lat' dir='ltr'><strong>factum</strong></span> <span class='ocrx_word' id='word_1_98' title='bbox 1235 1387 1312 1432; x_wconf 80' lang='lat' dir='ltr'><strong>est</strong></span> <span class='ocrx_word' id='word_1_99' title='bbox 1339 1379 1361 1429; x_wconf 86' lang='lat'><strong>?</strong></span> 
     </span>
    </p>
   </div>
   <div class='ocr_carea' id='block_1_16' title="bbox 709 1465 2186 1536">
    <p class='ocr_par' dir='ltr' id='par_1_16' title="bbox 709 1465 2186 1536">
     <span class='ocr_line' id='line_1_16' title="bbox 709 1465 2186 1536; baseline 0.005 -20"><span class='ocrx_word' id='word_1_100' title='bbox 709 1465 997 1533; x_wconf 69' lang='lat' dir='ltr'><strong>«Epistola</strong></span> <span class='ocrx_word' id='word_1_101' title='bbox 1048 1477 1227 1520; x_wconf 83' lang='lat' dir='ltr'><strong>nostra</strong></span> <span class='ocrx_word' id='word_1_102' title='bbox 1265 1482 1359 1520; x_wconf 88' lang='lat' dir='ltr'><strong>vos</strong></span> <span class='ocrx_word' id='word_1_103' title='bbox 1406 1471 1559 1531; x_wconf 91' lang='lat' dir='ltr'><strong>estis,</strong></span> <span class='ocrx_word' id='word_1_104' title='bbox 1591 1467 1787 1536; x_wconf 87' lang='lat' dir='ltr'><strong>scripta</strong></span> <span class='ocrx_word' id='word_1_105' title='bbox 1841 1469 1890 1520; x_wconf 88' lang='lat' dir='ltr'><strong>in</strong></span> <span class='ocrx_word' id='word_1_106' title='bbox 1936 1470 2186 1525; x_wconf 89' lang='lat' dir='ltr'><strong>cordibus</strong></span> 
     </span>
    </p>
   </div>
   <div class='ocr_carea' id='block_1_17' title="bbox 635 1559 2187 1627">
    <p class='ocr_par' dir='ltr' id='par_1_17' title="bbox 635 1559 2187 1627">
     <span class='ocr_line' id='line_1_17' title="bbox 635 1559 2187 1627; baseline 0.003 -15"><span class='ocrx_word' id='word_1_107' title='bbox 635 1560 858 1622; x_wconf 80' lang='lat' dir='ltr'><strong>nostris,</strong></span> <span class='ocrx_word' id='word_1_108' title='bbox 895 1574 1012 1626; x_wconf 66' lang='lat' dir='ltr'><strong>quae</strong></span> <span class='ocrx_word' id='word_1_109' title='bbox 1055 1559 1225 1612; x_wconf 88' lang='lat' dir='ltr'><strong>scitur</strong></span> <span class='ocrx_word' id='word_1_110' title='bbox 1263 1567 1313 1613; x_wconf 93' lang='lat' dir='ltr'><strong>et</strong></span> <span class='ocrx_word' id='word_1_111' title='bbox 1351 1560 1542 1627; x_wconf 88' lang='lat' dir='ltr'><strong>legitur</strong></span> <span class='ocrx_word' id='word_1_112' title='bbox 1571 1560 1637 1613; x_wconf 90' lang='lat' dir='ltr'><strong>ab</strong></span> <span class='ocrx_word' id='word_1_113' title='bbox 1677 1561 1925 1615; x_wconf 89' lang='lat' dir='ltr'><strong>omnibus</strong></span> <span class='ocrx_word' id='word_1_114' title='bbox 1954 1562 2187 1617; x_wconf 89' lang='lat' dir='ltr'><strong>homini-</strong></span> 
     </span>
    </p>
   </div>
   <div class='ocr_carea' id='block_1_18' title="bbox 634 1647 2188 1718">
    <p class='ocr_par' dir='ltr' id='par_1_18' title="bbox 634 1647 2188 1718">
     <span class='ocr_line' id='line_1_18' title="bbox 634 1647 2188 1718; baseline 0.003 -17"><span class='ocrx_word' id='word_1_115' title='bbox 634 1653 730 1702; x_wconf 82' lang='lat' dir='ltr'><strong>hus</strong></span> <span class='ocrx_word' id='word_1_116' title='bbox 757 1667 768 1701; x_wconf 94' lang='lat'><strong>:</strong></span> <span class='ocrx_word' id='word_1_117' title='bbox 797 1647 1116 1700; x_wconf 87' lang='lat' dir='ltr'><strong>manifestati</strong></span> <span class='ocrx_word' id='word_1_118' title='bbox 1161 1650 1301 1717; x_wconf 91' lang='lat' dir='ltr'><strong>quod</strong></span> <span class='ocrx_word' id='word_1_119' title='bbox 1353 1650 1575 1718; x_wconf 78' lang='lat' dir='ltr'><strong>epistola</strong></span> <span class='ocrx_word' id='word_1_120' title='bbox 1607 1652 1736 1705; x_wconf 85' lang='lat' dir='ltr'><strong>estis</strong></span> <span class='ocrx_word' id='word_1_121' title='bbox 1770 1651 1995 1716; x_wconf 83' lang='lat' dir='ltr'><strong>Christi,</strong></span> <span class='ocrx_word' id='word_1_122' title='bbox 2029 1654 2188 1706; x_wconf 89' lang='lat' dir='ltr'><strong>mini-</strong></span> 
     </span>
    </p>
   </div>
   <div class='ocr_carea' id='block_1_19' title="bbox 632 1737 2186 1811">
    <p class='ocr_par' dir='ltr' id='par_1_19' title="bbox 632 1737 2186 1811">
     <span class='ocr_line' id='line_1_19' title="bbox 632 1737 2186 1811; baseline 0.003 -19"><span class='ocrx_word' id='word_1_123' title='bbox 632 1748 797 1792; x_wconf 88' lang='lat' dir='ltr'><strong>strata</strong></span> <span class='ocrx_word' id='word_1_124' title='bbox 840 1753 865 1790; x_wconf 92' lang='lat' dir='ltr'><strong>a</strong></span> <span class='ocrx_word' id='word_1_125' title='bbox 901 1737 1074 1801; x_wconf 84' lang='lat' dir='ltr'><strong>nobis,</strong></span> <span class='ocrx_word' id='word_1_126' title='bbox 1108 1747 1162 1793; x_wconf 87' lang='lat' dir='ltr'><strong>et</strong></span> <span class='ocrx_word' id='word_1_127' title='bbox 1192 1741 1391 1809; x_wconf 89' lang='lat' dir='ltr'><strong>scripta</strong></span> <span class='ocrx_word' id='word_1_128' title='bbox 1445 1757 1547 1794; x_wconf 91' lang='lat' dir='ltr'><strong>non</strong></span> <span class='ocrx_word' id='word_1_129' title='bbox 1581 1750 1906 1808; x_wconf 87' lang='lat' dir='ltr'><strong>atramento,</strong></span> <span class='ocrx_word' id='word_1_130' title='bbox 1942 1743 2032 1797; x_wconf 89' lang='lat' dir='ltr'><strong>sed</strong></span> <span class='ocrx_word' id='word_1_131' title='bbox 2067 1743 2186 1811; x_wconf 85' lang='lat' dir='ltr'><strong>Spi-</strong></span> 
     </span>
    </p>
   </div>
   <div class='ocr_carea' id='block_1_20' title="bbox 2288 565 3850 638">
    <p class='ocr_par' dir='ltr' id='par_1_20' title="bbox 2288 565 3850 638">
     <span class='ocr_line' id='line_1_20' title="bbox 2288 565 3850 638; baseline -0.004 -15"><span class='ocrx_word' id='word_1_132' title='bbox 2288 573 2480 623; x_wconf 81' lang='grc' dir='ltr'>εὺωδία</span> <span class='ocrx_word' id='word_1_133' title='bbox 2501 571 2665 638; x_wconf 79' lang='grc' dir='ltr'>ἐσμὲν</span> <span class='ocrx_word' id='word_1_134' title='bbox 2694 568 2769 636; x_wconf 79' lang='grc' dir='ltr'>τῷ</span> <span class='ocrx_word' id='word_1_135' title='bbox 2797 565 2913 633; x_wconf 83' lang='grc' dir='ltr'><strong>Θεῷ</strong></span> <span class='ocrx_word' id='word_1_136' title='bbox 2935 569 3122 630; x_wconf 79' lang='grc' dir='ltr'>ἐντοῖς</span> <span class='ocrx_word' id='word_1_137' title='bbox 3146 568 3489 637; x_wconf 74' lang='grc' dir='ltr'><strong>σωζομένοις,</strong></span> <span class='ocrx_word' id='word_1_138' title='bbox 3514 568 3607 618; x_wconf 74' lang='grc' dir='ltr'><strong>καὶ</strong></span> <span class='ocrx_word' id='word_1_139' title='bbox 3648 569 3706 617; x_wconf 82' lang='grc' dir='ltr'>ὲν</span> <span class='ocrx_word' id='word_1_140' title='bbox 3735 569 3850 627; x_wconf 85' lang='grc' dir='ltr'>τοῖς</span> 
     </span>
    </p>
   </div>
   <div class='ocr_carea' id='block_1_21' title="bbox 2288 653 3851 729">
    <p class='ocr_par' dir='ltr' id='par_1_21' title="bbox 2288 653 3851 729">
     <span class='ocr_line' id='line_1_21' title="bbox 2288 653 3851 729; baseline -0.005 -16"><span class='ocrx_word' id='word_1_141' title='bbox 2288 661 2694 729; x_wconf 80' lang='grc' dir='ltr'><strong>ἀπολλυμένοις.</strong></span> <span class='ocrx_word' id='word_1_142' title='bbox 2741 676 2758 708; x_wconf 70' lang='grc' dir='ltr'><strong>ι</strong></span> <span class='ocrx_word' id='word_1_143' title='bbox 2801 653 2933 708; x_wconf 75' lang='grc' dir='ltr'>Εἶτα</span> <span class='ocrx_word' id='word_1_144' title='bbox 2968 657 3083 718; x_wconf 80' lang='grc' dir='ltr'><strong>πῶς</strong></span> <span class='ocrx_word' id='word_1_145' title='bbox 3117 658 3176 709; x_wconf 83' lang='grc' dir='ltr'><strong>οὐ</strong></span> <span class='ocrx_word' id='word_1_146' title='bbox 3200 658 3326 721; x_wconf 82' lang='grc' dir='ltr'>Θεὸς</span> <span class='ocrx_word' id='word_1_147' title='bbox 3355 660 3382 710; x_wconf 99' lang='lat'><strong>6</strong></span> <span class='ocrx_word' id='word_1_148' title='bbox 3413 656 3672 726; x_wconf 75' lang='grc' dir='ltr'>Χριστὸς,</span> <span class='ocrx_word' id='word_1_149' title='bbox 3693 657 3851 723; x_wconf 82' lang='grc' dir='ltr'>εἰπερ</span> 
     </span>
    </p>
   </div>
   <div class='ocr_carea' id='block_1_22' title="bbox 2287 745 3851 816">
    <p class='ocr_par' dir='ltr' id='par_1_22' title="bbox 2287 745 3851 816">
     <span class='ocr_line' id='line_1_22' title="bbox 2287 745 3851 816; baseline -0.006 -12"><span class='ocrx_word' id='word_1_150' title='bbox 2287 754 2434 803; x_wconf 73' lang='grc' dir='ltr'>ἐστὶν</span> <span class='ocrx_word' id='word_1_151' title='bbox 2469 749 2627 811; x_wconf 70' lang='grc' dir='ltr'>αὐτὸς</span> <span class='ocrx_word' id='word_1_152' title='bbox 2655 747 2796 816; x_wconf 82' lang='grc' dir='ltr'>ὀσμὴ</span> <span class='ocrx_word' id='word_1_153' title='bbox 2821 745 2920 814; x_wconf 86' lang='grc' dir='ltr'><strong>τῆς</strong></span> <span class='ocrx_word' id='word_1_154' title='bbox 2949 745 3201 812; x_wconf 71' lang='grc' dir='ltr'>γνώσεως</span> <span class='ocrx_word' id='word_1_155' title='bbox 3236 748 3322 799; x_wconf 79' lang='grc' dir='ltr'><strong>τοῦ</strong></span> <span class='ocrx_word' id='word_1_156' title='bbox 3358 747 3566 815; x_wconf 78' lang='grc' dir='ltr'><strong>Πατρός</strong></span> <span class='ocrx_word' id='word_1_157' title='bbox 3590 762 3604 809; x_wconf 90' lang='grc'><strong>;</strong></span> <span class='ocrx_word' id='word_1_158' title='bbox 3635 745 3713 796; x_wconf 75' lang='grc' dir='ltr'><strong>Οὐ</strong></span> <span class='ocrx_word' id='word_1_159' title='bbox 3741 745 3851 813; x_wconf 74' lang='grc' dir='ltr'><strong>γὰρ</strong></span> 
     </span>
    </p>
   </div>
   <div class='ocr_carea' id='block_1_23' title="bbox 2288 835 3850 909">
    <p class='ocr_par' dir='ltr' id='par_1_23' title="bbox 2288 835 3850 909">
     <span class='ocr_line' id='line_1_23' title="bbox 2288 835 3850 909; baseline -0.006 -15"><span class='ocrx_word' id='word_1_160' title='bbox 2288 843 2343 894; x_wconf 81' lang='grc' dir='ltr'>ἓν</span> <span class='ocrx_word' id='word_1_161' title='bbox 2392 858 2454 908; x_wconf 90' lang='grc' dir='ltr'><strong>γε</strong></span> <span class='ocrx_word' id='word_1_162' title='bbox 2501 843 2564 909; x_wconf 81' lang='grc' dir='ltr'>τῇ</span> <span class='ocrx_word' id='word_1_163' title='bbox 2605 837 2889 908; x_wconf 84' lang='grc' dir='ltr'>ἀνθρώπου</span> <span class='ocrx_word' id='word_1_164' title='bbox 2947 835 3106 902; x_wconf 78' lang='grc' dir='ltr'>φύσει</span> <span class='ocrx_word' id='word_1_165' title='bbox 3152 838 3248 904; x_wconf 78' lang='grc' dir='ltr'><strong>τὴν</strong></span> <span class='ocrx_word' id='word_1_166' title='bbox 3286 839 3383 906; x_wconf 76' lang='grc' dir='ltr'>τῆς</span> <span class='ocrx_word' id='word_1_167' title='bbox 3432 837 3579 899; x_wconf 86' lang='grc' dir='ltr'>θείας</span> <span class='ocrx_word' id='word_1_168' title='bbox 3631 835 3850 903; x_wconf 78' lang='grc' dir='ltr'>φύσεως</span> 
     </span>
    </p>
   </div>
   <div class='ocr_carea' id='block_1_24' title="bbox 2287 925 3847 999">
    <p class='ocr_par' dir='ltr' id='par_1_24' title="bbox 2287 925 3847 999">
     <span class='ocr_line' id='line_1_24' title="bbox 2287 925 3847 999; baseline -0.004 -16"><span class='ocrx_word' id='word_1_169' title='bbox 2287 932 2509 984; x_wconf 78' lang='grc' dir='ltr'><strong>εὐωδίαν</strong></span> <span class='ocrx_word' id='word_1_170' title='bbox 2555 928 2822 999; x_wconf 87' lang='grc' dir='ltr'>ἀναμάοοι</span> <span class='ocrx_word' id='word_1_171' title='bbox 2858 943 2941 989; x_wconf 86' lang='grc' dir='ltr'><strong>τις</strong></span> <span class='ocrx_word' id='word_1_172' title='bbox 2989 925 3090 978; x_wconf 75' lang='grc' dir='ltr'>ἀν’</span> <span class='ocrx_word' id='word_1_173' title='bbox 3126 925 3238 977; x_wconf 82' lang='grc' dir='ltr'>ἀλλ’</span> <span class='ocrx_word' id='word_1_174' title='bbox 3289 928 3472 999; x_wconf 79' lang='grc' dir='ltr'>ὥσπερ</span> <span class='ocrx_word' id='word_1_175' title='bbox 3521 931 3553 996; x_wconf 85' lang='grc' dir='ltr'>ὴ</span> <span class='ocrx_word' id='word_1_176' title='bbox 3596 927 3700 995; x_wconf 82' lang='grc' dir='ltr'>τῆς</span> <span class='ocrx_word' id='word_1_177' title='bbox 3757 926 3847 978; x_wconf 78' lang='grc' dir='ltr'>ἀν-</span> 
     </span>
    </p>
   </div>
   <div class='ocr_carea' id='block_1_25' title="bbox 2290 1016 3844 1092">
    <p class='ocr_par' dir='ltr' id='par_1_25' title="bbox 2290 1016 3844 1092">
     <span class='ocr_line' id='line_1_25' title="bbox 2290 1016 3844 1092; baseline -0.003 -20"><span class='ocrx_word' id='word_1_178' title='bbox 2290 1021 2636 1092; x_wconf 81' lang='grc' dir='ltr'>θρωπότητος</span> <span class='ocrx_word' id='word_1_179' title='bbox 2689 1019 2830 1088; x_wconf 83' lang='grc' dir='ltr'>ὀσμὴ</span> <span class='ocrx_word' id='word_1_180' title='bbox 2866 1016 3116 1087; x_wconf 83' lang='grc' dir='ltr'><strong>σημαίνει</strong></span> <span class='ocrx_word' id='word_1_181' title='bbox 3154 1032 3255 1067; x_wconf 90' lang='grc' dir='ltr'><strong>που</strong></span> <span class='ocrx_word' id='word_1_182' title='bbox 3289 1018 3504 1079; x_wconf 85' lang='grc' dir='ltr'>πάντως</span> <span class='ocrx_word' id='word_1_183' title='bbox 3534 1019 3844 1086; x_wconf 77' lang='grc' dir='ltr'>ἄνθρωπον,</span> 
     </span>
    </p>
   </div>
   <div class='ocr_carea' id='block_1_26' title="bbox 2285 1105 3847 1178">
    <p class='ocr_par' dir='ltr' id='par_1_26' title="bbox 2285 1105 3847 1178">
     <span class='ocr_line' id='line_1_26' title="bbox 2285 1105 3847 1178; baseline -0.001 -18"><span class='ocrx_word' id='word_1_184' title='bbox 2285 1109 2428 1160; x_wconf 75' lang='grc' dir='ltr'>οὕτω</span> <span class='ocrx_word' id='word_1_185' title='bbox 2467 1113 2558 1162; x_wconf 77' lang='grc' dir='ltr'><strong>καὶ</strong></span> <span class='ocrx_word' id='word_1_186' title='bbox 2582 1112 2614 1178; x_wconf 85' lang='grc' dir='ltr'>ἡ</span> <span class='ocrx_word' id='word_1_187' title='bbox 2654 1110 2753 1177; x_wconf 83' lang='grc' dir='ltr'>τῆς</span> <span class='ocrx_word' id='word_1_188' title='bbox 2787 1108 3057 1177; x_wconf 84' lang='grc' dir='ltr'>θεότητος,</span> <span class='ocrx_word' id='word_1_189' title='bbox 3095 1105 3245 1157; x_wconf 87' lang='grc' dir='ltr'>Θεόν.</span> <span class='ocrx_word' id='word_1_190' title='bbox 3278 1105 3340 1155; x_wconf 75' lang='grc' dir='ltr'><strong>ΕΞ</strong></span> <span class='ocrx_word' id='word_1_191' title='bbox 3377 1105 3434 1156; x_wconf 81' lang='grc' dir='ltr'><strong>δὲ</strong></span> <span class='ocrx_word' id='word_1_192' title='bbox 3477 1107 3716 1176; x_wconf 79' lang='grc' dir='ltr'>Χριστὸς</span> <span class='ocrx_word' id='word_1_193' title='bbox 3759 1107 3847 1157; x_wconf 80' lang='grc' dir='ltr'><strong>εὑ-</strong></span> 
     </span>
    </p>
   </div>
   <div class='ocr_carea' id='block_1_27' title="bbox 2285 1193 3846 1266">
    <p class='ocr_par' dir='ltr' id='par_1_27' title="bbox 2285 1193 3846 1266">
     <span class='ocr_line' id='line_1_27' title="bbox 2285 1193 3846 1266; baseline -0.001 -19"><span class='ocrx_word' id='word_1_194' title='bbox 2285 1197 2420 1248; x_wconf 88' lang='grc' dir='ltr'>ώδία</span> <span class='ocrx_word' id='word_1_195' title='bbox 2462 1197 2556 1248; x_wconf 89' lang='grc' dir='ltr'><strong>τοῦ</strong></span> <span class='ocrx_word' id='word_1_196' title='bbox 2594 1199 2802 1266; x_wconf 80' lang='grc' dir='ltr'>Πατρὺς</span> <span class='ocrx_word' id='word_1_197' title='bbox 2845 1193 2982 1250; x_wconf 72' lang='grc' dir='ltr'>εἶναι</span> <span class='ocrx_word' id='word_1_198' title='bbox 3016 1197 3260 1264; x_wconf 87' lang='grc' dir='ltr'>λέγεται,</span> <span class='ocrx_word' id='word_1_199' title='bbox 3295 1194 3389 1245; x_wconf 78' lang='grc' dir='ltr'><strong>καὶ</strong></span> <span class='ocrx_word' id='word_1_200' title='bbox 3416 1193 3561 1246; x_wconf 73' lang='grc' dir='ltr'>ἔστιν</span> <span class='ocrx_word' id='word_1_201' title='bbox 3593 1194 3810 1264; x_wconf 79' lang='grc' dir='ltr'>ἀληθῶς</span> <span class='ocrx_word' id='word_1_202' title='bbox 3831 1233 3846 1253; x_wconf 89' lang='grc'><strong>,</strong></span> 
     </span>
    </p>
   </div>
   <div class='ocr_carea' id='block_1_28' title="bbox 2285 1283 3848 1354">
    <p class='ocr_par' dir='ltr' id='par_1_28' title="bbox 2285 1283 3848 1354">
     <span class='ocr_line' id='line_1_28' title="bbox 2285 1283 3848 1354; baseline 0 -18"><span class='ocrx_word' id='word_1_203' title='bbox 2285 1286 2399 1347; x_wconf 80' lang='grc' dir='ltr'>πῶς</span> <span class='ocrx_word' id='word_1_204' title='bbox 2425 1287 2486 1337; x_wconf 82' lang='grc' dir='ltr'><strong>οὐ</strong></span> <span class='ocrx_word' id='word_1_205' title='bbox 2511 1286 2641 1348; x_wconf 87' lang='grc' dir='ltr'>Θεός</span> <span class='ocrx_word' id='word_1_206' title='bbox 2669 1288 2782 1337; x_wconf 81' lang='grc' dir='ltr'>ἐστι</span> <span class='ocrx_word' id='word_1_207' title='bbox 2817 1287 3069 1354; x_wconf 82' lang='grc' dir='ltr'>Χριστὸς,</span> <span class='ocrx_word' id='word_1_208' title='bbox 3107 1285 3209 1339; x_wconf 72' lang='grc' dir='ltr'>κᾶν</span> <span class='ocrx_word' id='word_1_209' title='bbox 3237 1285 3284 1336; x_wconf 82' lang='grc' dir='ltr'><strong>εί</strong></span> <span class='ocrx_word' id='word_1_210' title='bbox 3311 1285 3530 1351; x_wconf 80' lang='grc' dir='ltr'>γέγονεν</span> <span class='ocrx_word' id='word_1_211' title='bbox 3557 1283 3848 1354; x_wconf 77' lang='grc' dir='ltr'>ἄνθρωπος</span> 
     </span>
    </p>
   </div>
   <div class='ocr_carea' id='block_1_29' title="bbox 2284 1375 3432 1447">
    <p class='ocr_par' dir='ltr' id='par_1_29' title="bbox 2284 1375 3432 1447">
     <span class='ocr_line' id='line_1_29' title="bbox 2284 1375 3432 1447; baseline 0.001 -20"><span class='ocrx_word' id='word_1_212' title='bbox 2284 1375 2634 1443; x_wconf 77' lang='grc' dir='ltr'>οἰκονομικῶς</span> <span class='ocrx_word' id='word_1_213' title='bbox 2661 1376 2688 1426; x_wconf 92' lang='grc' dir='ltr'><strong>ό</strong></span> <span class='ocrx_word' id='word_1_214' title='bbox 2724 1379 2785 1428; x_wconf 85' lang='grc' dir='ltr'>ὲκ</span> <span class='ocrx_word' id='word_1_215' title='bbox 2817 1375 2952 1428; x_wconf 84' lang='grc' dir='ltr'>Θεοῦ</span> <span class='ocrx_word' id='word_1_216' title='bbox 2992 1378 3203 1447; x_wconf 81' lang='grc' dir='ltr'>Πατρὺς</span> <span class='ocrx_word' id='word_1_217' title='bbox 3232 1376 3432 1442; x_wconf 80' lang='grc' dir='ltr'>Λόγος;</span> 
     </span>
    </p>
   </div>
   <div class='ocr_carea' id='block_1_30' title="bbox 2359 1464 3849 1536">
    <p class='ocr_par' dir='ltr' id='par_1_30' title="bbox 2359 1464 3849 1536">
     <span class='ocr_line' id='line_1_30' title="bbox 2359 1464 3849 1536; baseline 0 -21"><span class='ocrx_word' id='word_1_218' title='bbox 2359 1484 2378 1515; x_wconf 74' lang='grc' dir='ltr'><strong>ε</strong></span> <span class='ocrx_word' id='word_1_219' title='bbox 2433 1467 2497 1517; x_wconf 86' lang='grc' dir='ltr'><strong>Ἦ</strong></span> <span class='ocrx_word' id='word_1_220' title='bbox 2526 1464 2778 1534; x_wconf 77' lang='grc' dir='ltr'>ἐπιστολὴ</span> <span class='ocrx_word' id='word_1_221' title='bbox 2798 1467 2954 1535; x_wconf 80' lang='grc' dir='ltr'>ἡμῶν</span> <span class='ocrx_word' id='word_1_222' title='bbox 2979 1468 3137 1536; x_wconf 81' lang='grc' dir='ltr'>ὑμεῖς</span> <span class='ocrx_word' id='word_1_223' title='bbox 3161 1470 3302 1530; x_wconf 85' lang='grc' dir='ltr'>ὲστε,</span> <span class='ocrx_word' id='word_1_224' title='bbox 3334 1464 3764 1534; x_wconf 81' lang='grc' dir='ltr'>ὲγγεγραμμένη</span> <span class='ocrx_word' id='word_1_225' title='bbox 3791 1466 3849 1515; x_wconf 78' lang='grc' dir='ltr'>ἐν</span> 
     </span>
    </p>
   </div>
   <div class='ocr_carea' id='block_1_31' title="bbox 2283 1555 3849 1629">
    <p class='ocr_par' dir='ltr' id='par_1_31' title="bbox 2283 1555 3849 1629">
     <span class='ocr_line' id='line_1_31' title="bbox 2283 1555 3849 1629; baseline -0.001 -21"><span class='ocrx_word' id='word_1_226' title='bbox 2283 1558 2400 1619; x_wconf 82' lang='grc' dir='ltr'>ταῖς</span> <span class='ocrx_word' id='word_1_227' title='bbox 2433 1555 2677 1624; x_wconf 85' lang='grc' dir='ltr'>καρδίαις</span> <span class='ocrx_word' id='word_1_228' title='bbox 2706 1556 2882 1624; x_wconf 80' lang='grc' dir='ltr'>ἡμῶν,</span> <span class='ocrx_word' id='word_1_229' title='bbox 2930 1559 3304 1629; x_wconf 83' lang='grc' dir='ltr'>γινωσκομένη</span> <span class='ocrx_word' id='word_1_230' title='bbox 3349 1559 3441 1611; x_wconf 71' lang='grc' dir='ltr'>καὶ</span> <span class='ocrx_word' id='word_1_231' title='bbox 3476 1558 3849 1624; x_wconf 86' lang='grc' dir='ltr'>ἀναγινωσκο-</span> 
     </span>
    </p>
   </div>
   <div class='ocr_carea' id='block_1_32' title="bbox 2289 1645 3848 1718">
    <p class='ocr_par' dir='ltr' id='par_1_32' title="bbox 2289 1645 3848 1718">
     <span class='ocr_line' id='line_1_32' title="bbox 2289 1645 3848 1718; baseline -0.001 -20"><span class='ocrx_word' id='word_1_232' title='bbox 2289 1646 2423 1715; x_wconf 86' lang='grc' dir='ltr'>μένη</span> <span class='ocrx_word' id='word_1_233' title='bbox 2484 1645 2588 1698; x_wconf 80' lang='grc' dir='ltr'>ὑπὸ</span> <span class='ocrx_word' id='word_1_234' title='bbox 2641 1645 2859 1697; x_wconf 90' lang='grc' dir='ltr'>πάντων</span> <span class='ocrx_word' id='word_1_235' title='bbox 2929 1645 3262 1716; x_wconf 86' lang='grc' dir='ltr'>ἀνθρώπων·</span> <span class='ocrx_word' id='word_1_236' title='bbox 3322 1647 3717 1718; x_wconf 80' lang='grc' dir='ltr'>φανερούμενοι</span> <span class='ocrx_word' id='word_1_237' title='bbox 3768 1648 3848 1698; x_wconf 83' lang='grc' dir='ltr'>ὅτι</span> 
     </span>
    </p>
   </div>
   <div class='ocr_carea' id='block_1_33' title="bbox 2287 1737 3850 1810">
    <p class='ocr_par' dir='ltr' id='par_1_33' title="bbox 2287 1737 3850 1810">
     <span class='ocr_line' id='line_1_33' title="bbox 2287 1737 3850 1810; baseline -0.001 -20"><span class='ocrx_word' id='word_1_238' title='bbox 2287 1741 2407 1790; x_wconf 77' lang='grc' dir='ltr'>ἐστὲ</span> <span class='ocrx_word' id='word_1_239' title='bbox 2439 1738 2691 1808; x_wconf 76' lang='grc' dir='ltr'>ἐπιστολὴ</span> <span class='ocrx_word' id='word_1_240' title='bbox 2725 1737 2982 1810; x_wconf 75' lang='grc' dir='ltr'>Χριστοῦ,</span> <span class='ocrx_word' id='word_1_241' title='bbox 3021 1737 3395 1807; x_wconf 83' lang='grc' dir='ltr'>διακονηθεῖσα</span> <span class='ocrx_word' id='word_1_242' title='bbox 3423 1741 3512 1807; x_wconf 83' lang='grc' dir='ltr'><strong>ὑφ’</strong></span> <span class='ocrx_word' id='word_1_243' title='bbox 3545 1739 3729 1808; x_wconf 83' lang='grc' dir='ltr'>ἡμῶν,</span> <span class='ocrx_word' id='word_1_244' title='bbox 3759 1741 3850 1805; x_wconf 69' lang='grc' dir='ltr'><strong>ἔγ-</strong></span> 
     </span>
    </p>
   </div>
   <div class='ocr_carea' id='block_1_34' title="bbox 633 1814 2185 1900">
    <p class='ocr_par' dir='ltr' id='par_1_34' title="bbox 633 1829 2184 1900">
     <span class='ocr_line' id='line_1_34' title="bbox 633 1829 2184 1900; baseline 0.005 -19"><span class='ocrx_word' id='word_1_245' title='bbox 633 1831 734 1882; x_wconf 82' lang='lat' dir='ltr'><strong>ritu</strong></span> <span class='ocrx_word' id='word_1_246' title='bbox 782 1829 910 1893; x_wconf 88' lang='lat' dir='ltr'><strong>Dei,</strong></span> <span class='ocrx_word' id='word_1_247' title='bbox 957 1846 1060 1883; x_wconf 91' lang='lat' dir='ltr'><strong>non</strong></span> <span class='ocrx_word' id='word_1_248' title='bbox 1106 1831 1158 1883; x_wconf 90' lang='lat' dir='ltr'><strong>in</strong></span> <span class='ocrx_word' id='word_1_249' title='bbox 1212 1831 1403 1885; x_wconf 89' lang='lat' dir='ltr'><strong>tabulis</strong></span> <span class='ocrx_word' id='word_1_250' title='bbox 1455 1832 1698 1900; x_wconf 84' lang='lat' dir='ltr'><strong>lapideis,</strong></span> <span class='ocrx_word' id='word_1_251' title='bbox 1747 1835 1843 1887; x_wconf 85' lang='lat' dir='ltr'><strong>sed</strong></span> <span class='ocrx_word' id='word_1_252' title='bbox 1892 1835 1942 1888; x_wconf 90' lang='lat' dir='ltr'><strong>in</strong></span> <span class='ocrx_word' id='word_1_253' title='bbox 1995 1835 2184 1888; x_wconf 87' lang='lat' dir='ltr'><strong>tabulis</strong></span> 
     </span>
    </p>
   </div>
   <div class='ocr_carea' id='block_1_35' title="bbox 2286 1814 3846 1900">
    <p class='ocr_par' dir='ltr' id='par_1_35' title="bbox 2286 1827 3846 1897">
     <span class='ocr_line' id='line_1_35' title="bbox 2286 1827 3846 1897; baseline 0.001 -19"><span class='ocrx_word' id='word_1_254' title='bbox 2286 1828 2644 1896; x_wconf 80' lang='grc' dir='ltr'>γεγραμμένη</span> <span class='ocrx_word' id='word_1_255' title='bbox 2667 1829 2725 1880; x_wconf 79' lang='grc' dir='ltr'><strong>οὐ</strong></span> <span class='ocrx_word' id='word_1_256' title='bbox 2757 1828 2965 1897; x_wconf 85' lang='grc' dir='ltr'>μέλανι,</span> <span class='ocrx_word' id='word_1_257' title='bbox 2998 1827 3132 1880; x_wconf 84' lang='grc' dir='ltr'><strong>ἀλλά</strong></span> <span class='ocrx_word' id='word_1_258' title='bbox 3161 1827 3435 1895; x_wconf 82' lang='grc' dir='ltr'>Πνεύματι</span> <span class='ocrx_word' id='word_1_259' title='bbox 3460 1829 3595 1880; x_wconf 83' lang='grc' dir='ltr'>Θεοῦ</span> <span class='ocrx_word' id='word_1_260' title='bbox 3624 1829 3846 1892; x_wconf 82' lang='grc' dir='ltr'>ζῶντος,</span> 
     </span>
    </p>
   </div>
   <div class='ocr_carea' id='block_1_36' title="bbox 628 1920 2183 1990">
    <p class='ocr_par' dir='ltr' id='par_1_36' title="bbox 628 1920 2183 1990">
     <span class='ocr_line' id='line_1_36' title="bbox 628 1920 2183 1990; baseline 0.002 -20"><span class='ocrx_word' id='word_1_261' title='bbox 628 1920 806 1973; x_wconf 81' lang='lat' dir='ltr'><strong>cordis</strong></span> <span class='ocrx_word' id='word_1_262' title='bbox 836 1920 1148 1974; x_wconf 86' lang='lat' dir='ltr'><strong>carnalibus</strong></span> <span class='ocrx_word' id='word_1_263' title='bbox 1173 1921 1237 1972; x_wconf 72' lang='lat'><strong>“.</strong></span> <span class='ocrx_word' id='word_1_264' title='bbox 1273 1941 1290 1971; x_wconf 77' lang='grc' dir='ltr'><strong>ι</strong></span> <span class='ocrx_word' id='word_1_265' title='bbox 1330 1920 1471 1974; x_wconf 83' lang='lat' dir='ltr'><strong>Deus</strong></span> <span class='ocrx_word' id='word_1_266' title='bbox 1503 1936 1600 1989; x_wconf 90' lang='lat' dir='ltr'><strong>per</strong></span> <span class='ocrx_word' id='word_1_267' title='bbox 1631 1923 1915 1990; x_wconf 86' lang='lat' dir='ltr'><strong>quemdam</strong></span> <span class='ocrx_word' id='word_1_268' title='bbox 1955 1937 2019 1976; x_wconf 83' lang='lat' dir='ltr'><strong>ex</strong></span> <span class='ocrx_word' id='word_1_269' title='bbox 2058 1938 2183 1990; x_wconf 90' lang='lat' dir='ltr'><strong>pro-</strong></span> 
     </span>
    </p>
   </div>
   <div class='ocr_carea' id='block_1_37' title="bbox 629 2008 2185 2080">
    <p class='ocr_par' dir='ltr' id='par_1_37' title="bbox 629 2008 2185 2080">
     <span class='ocr_line' id='line_1_37' title="bbox 629 2008 2185 2080; baseline 0.004 -20"><span class='ocrx_word' id='word_1_270' title='bbox 629 2009 801 2076; x_wconf 85' lang='lat' dir='ltr'><strong>phetis</strong></span> <span class='ocrx_word' id='word_1_271' title='bbox 833 2008 1023 2062; x_wconf 88' lang='lat' dir='ltr'><strong>alicubi</strong></span> <span class='ocrx_word' id='word_1_272' title='bbox 1065 2010 1142 2063; x_wconf 90' lang='lat' dir='ltr'><strong>sic</strong></span> <span class='ocrx_word' id='word_1_273' title='bbox 1188 2010 1466 2080; x_wconf 87' lang='lat' dir='ltr'><strong>loquitur:</strong></span> <span class='ocrx_word' id='word_1_274' title='bbox 1506 2029 1523 2060; x_wconf 78' lang='grc' dir='ltr'><strong>ι</strong></span> <span class='ocrx_word' id='word_1_275' title='bbox 1559 2011 1689 2065; x_wconf 85' lang='lat' dir='ltr'><strong>Post</strong></span> <span class='ocrx_word' id='word_1_276' title='bbox 1731 2012 1849 2065; x_wconf 92' lang='lat' dir='ltr'><strong>illos</strong></span> <span class='ocrx_word' id='word_1_277' title='bbox 1892 2012 2024 2075; x_wconf 90' lang='lat' dir='ltr'><strong>dies,</strong></span> <span class='ocrx_word' id='word_1_278' title='bbox 2056 2012 2185 2066; x_wconf 87' lang='lat' dir='ltr'><strong>dicit</strong></span> 
     </span>
    </p>
   </div>
   <div class='ocr_carea' id='block_1_38' title="bbox 630 2097 2183 2168">
    <p class='ocr_par' dir='ltr' id='par_1_38' title="bbox 630 2097 2183 2168">
     <span class='ocr_line' id='line_1_38' title="bbox 630 2097 2183 2168; baseline 0.004 -18"><span class='ocrx_word' id='word_1_279' title='bbox 630 2097 907 2159; x_wconf 89' lang='lat' dir='ltr'><strong>Dominus,</strong></span> <span class='ocrx_word' id='word_1_280' title='bbox 939 2097 1074 2151; x_wconf 87' lang='lat' dir='ltr'><strong>dabo</strong></span> <span class='ocrx_word' id='word_1_281' title='bbox 1105 2099 1246 2168; x_wconf 85' lang='lat' dir='ltr'><strong>leges</strong></span> <span class='ocrx_word' id='word_1_282' title='bbox 1285 2115 1432 2153; x_wconf 88' lang='lat' dir='ltr'><strong>meas</strong></span> <span class='ocrx_word' id='word_1_283' title='bbox 1465 2102 1516 2154; x_wconf 91' lang='lat' dir='ltr'><strong>in</strong></span> <span class='ocrx_word' id='word_1_284' title='bbox 1549 2110 1777 2155; x_wconf 89' lang='lat' dir='ltr'><strong>mentem</strong></span> <span class='ocrx_word' id='word_1_285' title='bbox 1805 2117 2013 2168; x_wconf 87' lang='lat' dir='ltr'><strong>eorum,</strong></span> <span class='ocrx_word' id='word_1_286' title='bbox 2049 2113 2100 2156; x_wconf 89' lang='lat' dir='ltr'><strong>et</strong></span> <span class='ocrx_word' id='word_1_287' title='bbox 2130 2105 2183 2156; x_wconf 91' lang='lat' dir='ltr'><strong>in</strong></span> 
     </span>
    </p>
   </div>
   <div class='ocr_carea' id='block_1_39' title="bbox 627 2189 2186 2262">
    <p class='ocr_par' dir='ltr' id='par_1_39' title="bbox 627 2189 2186 2262">
     <span class='ocr_line' id='line_1_39' title="bbox 627 2189 2186 2262; baseline 0.005 -22"><span class='ocrx_word' id='word_1_288' title='bbox 627 2189 787 2242; x_wconf 90' lang='lat' dir='ltr'><strong>corda</strong></span> <span class='ocrx_word' id='word_1_289' title='bbox 854 2203 1036 2242; x_wconf 87' lang='lat' dir='ltr'><strong>eorum</strong></span> <span class='ocrx_word' id='word_1_290' title='bbox 1095 2189 1385 2244; x_wconf 88' lang='lat' dir='ltr'><strong>inscribam</strong></span> <span class='ocrx_word' id='word_1_291' title='bbox 1445 2205 1538 2244; x_wconf 88' lang='lat' dir='ltr'><strong>eas</strong></span> <span class='ocrx_word' id='word_1_292' title='bbox 1561 2192 1626 2244; x_wconf 83' lang='grc'><strong>³⁵.</strong></span> <span class='ocrx_word' id='word_1_293' title='bbox 1673 2209 1693 2242; x_wconf 82' lang='grc'><strong><em>›</em></strong></span> <span class='ocrx_word' id='word_1_294' title='bbox 1752 2192 1902 2246; x_wconf 80' lang='lat' dir='ltr'><strong>Facti</strong></span> <span class='ocrx_word' id='word_1_295' title='bbox 1960 2192 2186 2262; x_wconf 88' lang='lat' dir='ltr'><strong>proinde</strong></span> 
     </span>
    </p>
   </div>
   <div class='ocr_carea' id='block_1_40' title="bbox 625 2277 2183 2347">
    <p class='ocr_par' dir='ltr' id='par_1_40' title="bbox 625 2277 2183 2347">
     <span class='ocr_line' id='line_1_40' title="bbox 625 2277 2183 2347; baseline 0.003 -16"><span class='ocrx_word' id='word_1_296' title='bbox 625 2290 808 2331; x_wconf 87' lang='lat' dir='ltr'><strong>sumus</strong></span> <span class='ocrx_word' id='word_1_297' title='bbox 838 2277 1059 2344; x_wconf 87' lang='lat' dir='ltr'><strong>epistola</strong></span> <span class='ocrx_word' id='word_1_298' title='bbox 1105 2277 1323 2343; x_wconf 89' lang='lat' dir='ltr'><strong>Christi,</strong></span> <span class='ocrx_word' id='word_1_299' title='bbox 1371 2278 1461 2346; x_wconf 88' lang='lat' dir='ltr'><strong>qui</strong></span> <span class='ocrx_word' id='word_1_300' title='bbox 1497 2278 1630 2347; x_wconf 83' lang='lat' dir='ltr'><strong>legis</strong></span> <span class='ocrx_word' id='word_1_301' title='bbox 1666 2295 1776 2333; x_wconf 70' lang='lat' dir='ltr'><strong>sua:</strong></span> <span class='ocrx_word' id='word_1_302' title='bbox 1819 2280 2035 2336; x_wconf 87' lang='lat' dir='ltr'><strong>decreta</strong></span> <span class='ocrx_word' id='word_1_303' title='bbox 2077 2295 2183 2336; x_wconf 90' lang='lat' dir='ltr'><strong>non</strong></span> 
     </span>
    </p>
   </div>
   <div class='ocr_carea' id='block_1_41' title="bbox 625 2367 2184 2438">
    <p class='ocr_par' dir='ltr' id='par_1_41' title="bbox 625 2367 2184 2438">
     <span class='ocr_line' id='line_1_41' title="bbox 625 2367 2184 2438; baseline 0.004 -19"><span class='ocrx_word' id='word_1_304' title='bbox 625 2377 942 2428; x_wconf 83' lang='lat' dir='ltr'><strong>atramento,</strong></span> <span class='ocrx_word' id='word_1_305' title='bbox 966 2367 1058 2420; x_wconf 91' lang='lat' dir='ltr'><strong>sed</strong></span> <span class='ocrx_word' id='word_1_306' title='bbox 1086 2367 1313 2421; x_wconf 83' lang='lat' dir='ltr'><strong>viventis</strong></span> <span class='ocrx_word' id='word_1_307' title='bbox 1348 2368 1439 2422; x_wconf 89' lang='lat' dir='ltr'><strong>Dei</strong></span> <span class='ocrx_word' id='word_1_308' title='bbox 1474 2369 1680 2438; x_wconf 87' lang='lat' dir='ltr'><strong>Spiritu</strong></span> <span class='ocrx_word' id='word_1_309' title='bbox 1713 2371 1765 2423; x_wconf 93' lang='lat' dir='ltr'><strong>in</strong></span> <span class='ocrx_word' id='word_1_310' title='bbox 1797 2371 1955 2426; x_wconf 90' lang='lat' dir='ltr'><strong>nobis</strong></span> <span class='ocrx_word' id='word_1_311' title='bbox 1980 2373 2184 2426; x_wconf 89' lang='lat' dir='ltr'><strong>descri-</strong></span> 
     </span>
    </p>
   </div>
   <div class='ocr_carea' id='block_1_42' title="bbox 626 2457 2180 2525">
    <p class='ocr_par' dir='ltr' id='par_1_42' title="bbox 626 2457 2180 2525">
     <span class='ocr_line' id='line_1_42' title="bbox 626 2457 2180 2525; baseline 0.001 -14"><span class='ocrx_word' id='word_1_312' title='bbox 626 2458 747 2512; x_wconf 83' lang='lat' dir='ltr'><strong>bit:</strong></span> <span class='ocrx_word' id='word_1_313' title='bbox 780 2465 942 2524; x_wconf 91' lang='lat' dir='ltr'><strong>atque</strong></span> <span class='ocrx_word' id='word_1_314' title='bbox 971 2457 1073 2510; x_wconf 86' lang='lat' dir='ltr'><strong>hoc</strong></span> <span class='ocrx_word' id='word_1_315' title='bbox 1116 2457 1288 2524; x_wconf 92' lang='lat' dir='ltr'><strong>ipsum</strong></span> <span class='ocrx_word' id='word_1_316' title='bbox 1332 2473 1436 2511; x_wconf 91' lang='lat' dir='ltr'><strong>non</strong></span> <span class='ocrx_word' id='word_1_317' title='bbox 1489 2474 1582 2525; x_wconf 83' lang='lat' dir='ltr'><strong>per</strong></span> <span class='ocrx_word' id='word_1_318' title='bbox 1623 2461 1836 2513; x_wconf 88' lang='lat' dir='ltr'><strong>modum</strong></span> <span class='ocrx_word' id='word_1_319' title='bbox 1879 2460 2180 2524; x_wconf 86' lang='lat' dir='ltr'><strong>ministerii,</strong></span> 
     </span>
    </p>
   </div>
   <div class='ocr_carea' id='block_1_43' title="bbox 625 2547 2180 2618">
    <p class='ocr_par' dir='ltr' id='par_1_43' title="bbox 625 2547 2180 2618">
     <span class='ocr_line' id='line_1_43' title="bbox 625 2547 2180 2618; baseline -0.001 -16"><span class='ocrx_word' id='word_1_320' title='bbox 625 2549 716 2602; x_wconf 89' lang='lat' dir='ltr'><strong>sed</strong></span> <span class='ocrx_word' id='word_1_321' title='bbox 752 2563 847 2617; x_wconf 89' lang='lat' dir='ltr'><strong>per</strong></span> <span class='ocrx_word' id='word_1_322' title='bbox 877 2547 1148 2616; x_wconf 87' lang='lat' dir='ltr'><strong>propriam</strong></span> <span class='ocrx_word' id='word_1_323' title='bbox 1193 2548 1274 2614; x_wconf 91' lang='lat' dir='ltr'><strong>(ut</strong></span> <span class='ocrx_word' id='word_1_324' title='bbox 1321 2548 1389 2599; x_wconf 85' lang='lat' dir='ltr'><strong>ita</strong></span> <span class='ocrx_word' id='word_1_325' title='bbox 1419 2548 1617 2618; x_wconf 91' lang='lat' dir='ltr'><strong>dicam)</strong></span> <span class='ocrx_word' id='word_1_326' title='bbox 1660 2548 2029 2602; x_wconf 79' lang='lat' dir='ltr'><strong>eﬂicacitatem</strong></span> <span class='ocrx_word' id='word_1_327' title='bbox 2063 2566 2076 2601; x_wconf 89' lang='lat'><strong>:</strong></span> <span class='ocrx_word' id='word_1_328' title='bbox 2105 2550 2180 2603; x_wconf 85' lang='lat' dir='ltr'><strong>si-</strong></span> 
     </span>
    </p>
   </div>
   <div class='ocr_carea' id='block_1_44' title="bbox 624 2636 2181 2708">
    <p class='ocr_par' dir='ltr' id='par_1_44' title="bbox 624 2636 2181 2708">
     <span class='ocr_line' id='line_1_44' title="bbox 624 2636 2181 2708; baseline 0.001 -18"><span class='ocrx_word' id='word_1_329' title='bbox 624 2638 840 2707; x_wconf 87' lang='lat' dir='ltr'><strong>quidem</strong></span> <span class='ocrx_word' id='word_1_330' title='bbox 888 2636 1121 2704; x_wconf 87' lang='lat' dir='ltr'><strong>Spiritus</strong></span> <span class='ocrx_word' id='word_1_331' title='bbox 1177 2636 1278 2703; x_wconf 92' lang='lat' dir='ltr'><strong>ipsi</strong></span> <span class='ocrx_word' id='word_1_332' title='bbox 1335 2637 1584 2704; x_wconf 91' lang='lat' dir='ltr'><strong>proprius</strong></span> <span class='ocrx_word' id='word_1_333' title='bbox 1637 2647 1738 2690; x_wconf 89' lang='lat' dir='ltr'><strong>est.</strong></span> <span class='ocrx_word' id='word_1_334' title='bbox 1793 2638 1861 2690; x_wconf 84' lang='lat' dir='ltr'><strong>At</strong></span> <span class='ocrx_word' id='word_1_335' title='bbox 1903 2654 2007 2706; x_wconf 91' lang='lat' dir='ltr'><strong>quo</strong></span> <span class='ocrx_word' id='word_1_336' title='bbox 2054 2655 2181 2708; x_wconf 86' lang='lat' dir='ltr'><strong>ergo</strong></span> 
     </span>
    </p>
   </div>
   <div class='ocr_carea' id='block_1_45' title="bbox 622 2724 2181 2793">
    <p class='ocr_par' dir='ltr' id='par_1_45' title="bbox 622 2724 2181 2793">
     <span class='ocr_line' id='line_1_45' title="bbox 622 2724 2181 2793; baseline -0.001 -10"><span class='ocrx_word' id='word_1_337' title='bbox 622 2726 783 2783; x_wconf 85' lang='lat' dir='ltr'><strong>modo</strong></span> <span class='ocrx_word' id='word_1_338' title='bbox 811 2727 855 2780; x_wconf 91' lang='lat' dir='ltr'><strong>is</strong></span> <span class='ocrx_word' id='word_1_339' title='bbox 885 2724 1024 2779; x_wconf 89' lang='lat' dir='ltr'><strong>Deus</strong></span> <span class='ocrx_word' id='word_1_340' title='bbox 1066 2739 1169 2777; x_wconf 91' lang='lat' dir='ltr'><strong>non</strong></span> <span class='ocrx_word' id='word_1_341' title='bbox 1197 2732 1302 2789; x_wconf 90' lang='lat' dir='ltr'><strong>est,</strong></span> <span class='ocrx_word' id='word_1_342' title='bbox 1337 2725 1428 2793; x_wconf 88' lang='lat' dir='ltr'><strong>qui</strong></span> <span class='ocrx_word' id='word_1_343' title='bbox 1476 2726 1669 2779; x_wconf 83' lang='lat' dir='ltr'><strong>divinae</strong></span> <span class='ocrx_word' id='word_1_344' title='bbox 1701 2725 1914 2780; x_wconf 67' lang='lat' dir='ltr'><strong>notitiae</strong></span> <span class='ocrx_word' id='word_1_345' title='bbox 1944 2727 2181 2782; x_wconf 84' lang='lat' dir='ltr'><strong>rationes</strong></span> 
     </span>
    </p>
   </div>
   <div class='ocr_carea' id='block_1_46' title="bbox 621 2813 2180 2886">
    <p class='ocr_par' dir='ltr' id='par_1_46' title="bbox 621 2813 2180 2886">
     <span class='ocr_line' id='line_1_46' title="bbox 621 2813 2180 2886; baseline 0.003 -18"><span class='ocrx_word' id='word_1_346' title='bbox 621 2816 838 2886; x_wconf 85' lang='lat' dir='ltr'><strong>proprio</strong></span> <span class='ocrx_word' id='word_1_347' title='bbox 885 2813 1087 2885; x_wconf 80' lang='lat' dir='ltr'><strong>Spiritu</strong></span> <span class='ocrx_word' id='word_1_348' title='bbox 1143 2815 1301 2869; x_wconf 87' lang='lat' dir='ltr'><strong>nobis</strong></span> <span class='ocrx_word' id='word_1_349' title='bbox 1353 2815 1674 2884; x_wconf 88' lang='lat' dir='ltr'><strong>insculpsit?</strong></span> <span class='ocrx_word' id='word_1_350' title='bbox 1704 2815 1780 2871; x_wconf 82' lang='lat' dir='ltr'><strong>De</strong></span> <span class='ocrx_word' id='word_1_351' title='bbox 1810 2817 2008 2873; x_wconf 66' lang='lat' dir='ltr'><strong>Judaeis</strong></span> <span class='ocrx_word' id='word_1_352' title='bbox 2054 2819 2180 2873; x_wconf 88' lang='lat' dir='ltr'><strong>sub-</strong></span> 
     </span>
    </p>
   </div>
   <div class='ocr_carea' id='block_1_47' title="bbox 617 2906 832 2974">
    <p class='ocr_par' dir='ltr' id='par_1_47' title="bbox 617 2906 832 2974">
     <span class='ocr_line' id='line_1_47' title="bbox 617 2906 832 2974; baseline 0.009 -18"><span class='ocrx_word' id='word_1_353' title='bbox 617 2906 791 2974; x_wconf 79' lang='lat' dir='ltr'><strong>jungit</strong></span> <span class='ocrx_word' id='word_1_354' title='bbox 819 2923 832 2958; x_wconf 91' lang='lat'>:</span> 
     </span>
    </p>
   </div>
   <div class='ocr_carea' id='block_1_48' title="bbox 698 2995 2179 3065">
    <p class='ocr_par' dir='ltr' id='par_1_48' title="bbox 698 2995 2179 3065">
     <span class='ocr_line' id='line_1_48' title="bbox 698 2995 2179 3065; baseline 0 -16"><span class='ocrx_word' id='word_1_355' title='bbox 698 3017 716 3049; x_wconf 74' lang='grc' dir='ltr'><strong>ι</strong></span> <span class='ocrx_word' id='word_1_356' title='bbox 752 2996 857 3052; x_wconf 89' lang='lat' dir='ltr'><strong>Sed</strong></span> <span class='ocrx_word' id='word_1_357' title='bbox 892 2997 1068 3051; x_wconf 84' lang='lat' dir='ltr'><strong>obtusi</strong></span> <span class='ocrx_word' id='word_1_358' title='bbox 1101 3006 1225 3050; x_wconf 88' lang='lat' dir='ltr'><strong>sunt</strong></span> <span class='ocrx_word' id='word_1_359' title='bbox 1257 3011 1447 3050; x_wconf 89' lang='lat' dir='ltr'><strong>sensus</strong></span> <span class='ocrx_word' id='word_1_360' title='bbox 1481 3010 1694 3051; x_wconf 87' lang='lat' dir='ltr'><strong>eorum.</strong></span> <span class='ocrx_word' id='word_1_361' title='bbox 1722 2995 1905 3065; x_wconf 88' lang='lat' dir='ltr'><strong>Usque</strong></span> <span class='ocrx_word' id='word_1_362' title='bbox 1932 2998 2077 3052; x_wconf 89' lang='lat' dir='ltr'><strong>enim</strong></span> <span class='ocrx_word' id='word_1_363' title='bbox 2126 2997 2179 3050; x_wconf 92' lang='lat' dir='ltr'><strong>in</strong></span> 
     </span>
    </p>
   </div>
   <div class='ocr_carea' id='block_1_49' title="bbox 623 3086 2182 3157">
    <p class='ocr_par' dir='ltr' id='par_1_49' title="bbox 623 3086 2182 3157">
     <span class='ocr_line' id='line_1_49' title="bbox 623 3086 2182 3157; baseline -0.001 -13"><span class='ocrx_word' id='word_1_364' title='bbox 623 3090 936 3144; x_wconf 89' lang='lat' dir='ltr'><strong>hodiernum</strong></span> <span class='ocrx_word' id='word_1_365' title='bbox 975 3088 1114 3142; x_wconf 90' lang='lat' dir='ltr'><strong>diem</strong></span> <span class='ocrx_word' id='word_1_366' title='bbox 1146 3088 1380 3157; x_wconf 90' lang='lat' dir='ltr'><strong>idipsum</strong></span> <span class='ocrx_word' id='word_1_367' title='bbox 1406 3087 1650 3142; x_wconf 84' lang='lat' dir='ltr'><strong>velamen</strong></span> <span class='ocrx_word' id='word_1_368' title='bbox 1679 3089 1729 3141; x_wconf 91' lang='lat' dir='ltr'><strong>in</strong></span> <span class='ocrx_word' id='word_1_369' title='bbox 1766 3088 1993 3143; x_wconf 88' lang='lat' dir='ltr'><strong>lectione</strong></span> <span class='ocrx_word' id='word_1_370' title='bbox 2023 3086 2182 3142; x_wconf 84' lang='lat' dir='ltr'><strong>Vete-</strong></span> 
     </span>
    </p>
   </div>
   <div class='ocr_carea' id='block_1_50' title="bbox 625 3177 2180 3246">
    <p class='ocr_par' dir='ltr' id='par_1_50' title="bbox 625 3177 2180 3246">
     <span class='ocr_line' id='line_1_50' title="bbox 625 3177 2180 3246; baseline -0.001 -14"><span class='ocrx_word' id='word_1_371' title='bbox 625 3181 700 3233; x_wconf 85' lang='lat' dir='ltr'><strong>ris</strong></span> <span class='ocrx_word' id='word_1_372' title='bbox 721 3178 1047 3233; x_wconf 87' lang='lat' dir='ltr'><strong>Testamenti</strong></span> <span class='ocrx_word' id='word_1_373' title='bbox 1076 3187 1256 3232; x_wconf 90' lang='lat' dir='ltr'><strong>manet</strong></span> <span class='ocrx_word' id='word_1_374' title='bbox 1283 3193 1385 3231; x_wconf 92' lang='lat' dir='ltr'><strong>non</strong></span> <span class='ocrx_word' id='word_1_375' title='bbox 1417 3179 1710 3232; x_wconf 85' lang='lat' dir='ltr'><strong>revelatum</strong></span> <span class='ocrx_word' id='word_1_376' title='bbox 1741 3178 1902 3246; x_wconf 90' lang='lat' dir='ltr'><strong>(quod</strong></span> <span class='ocrx_word' id='word_1_377' title='bbox 1936 3179 1987 3231; x_wconf 94' lang='lat' dir='ltr'><strong>in</strong></span> <span class='ocrx_word' id='word_1_378' title='bbox 2021 3177 2180 3232; x_wconf 89' lang='lat' dir='ltr'><strong>Chri-</strong></span> 
     </span>
    </p>
   </div>
   <div class='ocr_carea' id='block_1_51' title="bbox 624 3266 2177 3336">
    <p class='ocr_par' dir='ltr' id='par_1_51' title="bbox 624 3266 2177 3336">
     <span class='ocr_line' id='line_1_51' title="bbox 624 3266 2177 3336; baseline -0.003 -13"><span class='ocrx_word' id='word_1_379' title='bbox 624 3280 707 3323; x_wconf 85' lang='lat' dir='ltr'><strong>sto</strong></span> <span class='ocrx_word' id='word_1_380' title='bbox 768 3266 1114 3336; x_wconf 87' lang='lat' dir='ltr'><strong>evaeuatur),</strong></span> <span class='ocrx_word' id='word_1_381' title='bbox 1166 3267 1257 3322; x_wconf 86' lang='lat' dir='ltr'><strong>sed</strong></span> <span class='ocrx_word' id='word_1_382' title='bbox 1301 3281 1468 3334; x_wconf 87' lang='lat' dir='ltr'><strong>usque</strong></span> <span class='ocrx_word' id='word_1_383' title='bbox 1523 3268 1574 3319; x_wconf 92' lang='lat' dir='ltr'><strong>in</strong></span> <span class='ocrx_word' id='word_1_384' title='bbox 1638 3266 1954 3322; x_wconf 87' lang='lat' dir='ltr'><strong>hodiernum</strong></span> <span class='ocrx_word' id='word_1_385' title='bbox 2002 3269 2177 3329; x_wconf 89' lang='lat' dir='ltr'><strong>diem,</strong></span> 
     </span>
    </p>
   </div>
   <div class='ocr_carea' id='block_1_52' title="bbox 625 3356 2182 3428">
    <p class='ocr_par' dir='ltr' id='par_1_52' title="bbox 625 3356 2182 3428">
     <span class='ocr_line' id='line_1_52' title="bbox 625 3356 2182 3428; baseline -0.003 -14"><span class='ocrx_word' id='word_1_386' title='bbox 625 3375 748 3414; x_wconf 90' lang='lat' dir='ltr'><strong>cum</strong></span> <span class='ocrx_word' id='word_1_387' title='bbox 777 3358 972 3428; x_wconf 88' lang='lat' dir='ltr'><strong>legitur</strong></span> <span class='ocrx_word' id='word_1_388' title='bbox 1005 3356 1236 3426; x_wconf 84' lang='lat' dir='ltr'><strong>Moyses,</strong></span> <span class='ocrx_word' id='word_1_389' title='bbox 1257 3357 1366 3426; x_wconf 78' lang='lat'><strong>66</strong></span> <span class='ocrx_word' id='word_1_390' title='bbox 1386 3356 1623 3410; x_wconf 87' lang='lat' dir='ltr'><strong>velamen</strong></span> <span class='ocrx_word' id='word_1_391' title='bbox 1651 3357 1880 3424; x_wconf 91' lang='lat' dir='ltr'><strong>positum</strong></span> <span class='ocrx_word' id='word_1_392' title='bbox 1912 3367 1995 3411; x_wconf 89' lang='lat' dir='ltr'><strong>est</strong></span> <span class='ocrx_word' id='word_1_393' title='bbox 2024 3372 2182 3425; x_wconf 89' lang='lat' dir='ltr'><strong>super</strong></span> 
     </span>
    </p>
   </div>
   <div class='ocr_carea' id='block_1_53' title="bbox 625 3447 2182 3503">
    <p class='ocr_par' dir='ltr' id='par_1_53' title="bbox 625 3447 2182 3503">
     <span class='ocr_line' id='line_1_53' title="bbox 625 3447 2182 3503; baseline -0.003 0"><span class='ocrx_word' id='word_1_394' title='bbox 625 3465 719 3503; x_wconf 85' lang='lat' dir='ltr'><strong>cor</strong></span> <span class='ocrx_word' id='word_1_395' title='bbox 758 3463 963 3503; x_wconf 89' lang='lat' dir='ltr'><strong>eorum.</strong></span> <span class='ocrx_word' id='word_1_396' title='bbox 993 3449 1124 3501; x_wconf 88' lang='lat' dir='ltr'><strong>Cum</strong></span> <span class='ocrx_word' id='word_1_397' title='bbox 1165 3457 1341 3500; x_wconf 88' lang='lat' dir='ltr'><strong>autem</strong></span> <span class='ocrx_word' id='word_1_398' title='bbox 1374 3448 1619 3501; x_wconf 90' lang='lat' dir='ltr'><strong>conversi</strong></span> <span class='ocrx_word' id='word_1_399' title='bbox 1665 3447 1863 3501; x_wconf 79' lang='lat' dir='ltr'><strong>fuerint</strong></span> <span class='ocrx_word' id='word_1_400' title='bbox 1905 3448 1969 3501; x_wconf 89' lang='lat' dir='ltr'><strong>ad</strong></span> <span class='ocrx_word' id='word_1_401' title='bbox 2004 3447 2182 3501; x_wconf 87' lang='lat' dir='ltr'><strong>Domi-</strong></span> 
     </span>
    </p>
   </div>
   <div class='ocr_carea' id='block_1_54' title="bbox 624 3535 2179 3608">
    <p class='ocr_par' dir='ltr' id='par_1_54' title="bbox 624 3535 2179 3608">
     <span class='ocr_line' id='line_1_54' title="bbox 624 3535 2179 3608; baseline -0.002 -15"><span class='ocrx_word' id='word_1_402' title='bbox 624 3554 777 3603; x_wconf 84' lang='lat' dir='ltr'><strong>num,</strong></span> <span class='ocrx_word' id='word_1_403' title='bbox 811 3537 1084 3590; x_wconf 80' lang='lat' dir='ltr'><strong>auferetur</strong></span> <span class='ocrx_word' id='word_1_404' title='bbox 1113 3535 1375 3590; x_wconf 89' lang='lat' dir='ltr'><strong>velamen.</strong></span> <span class='ocrx_word' id='word_1_405' title='bbox 1428 3536 1686 3590; x_wconf 86' lang='lat' dir='ltr'><strong>Dominus</strong></span> <span class='ocrx_word' id='word_1_406' title='bbox 1721 3546 1900 3589; x_wconf 89' lang='lat' dir='ltr'><strong>autem</strong></span> <span class='ocrx_word' id='word_1_407' title='bbox 1941 3538 2179 3608; x_wconf 86' lang='lat' dir='ltr'><strong>Spiritus</strong></span> 
     </span>
    </p>
   </div>
   <div class='ocr_carea' id='block_1_55' title="bbox 625 3623 2178 3692">
    <p class='ocr_par' dir='ltr' id='par_1_55' title="bbox 625 3623 2178 3692">
     <span class='ocr_line' id='line_1_55' title="bbox 625 3623 2178 3692; baseline -0.001 -15"><span class='ocrx_word' id='word_1_408' title='bbox 625 3636 726 3678; x_wconf 85' lang='lat' dir='ltr'><strong>est.</strong></span> <span class='ocrx_word' id='word_1_409' title='bbox 775 3623 874 3679; x_wconf 89' lang='lat' dir='ltr'><strong>Ubi</strong></span> <span class='ocrx_word' id='word_1_410' title='bbox 905 3633 1081 3677; x_wconf 86' lang='lat' dir='ltr'><strong>autem</strong></span> <span class='ocrx_word' id='word_1_411' title='bbox 1109 3623 1344 3692; x_wconf 82' lang='lat' dir='ltr'><strong>Spiritus</strong></span> <span class='ocrx_word' id='word_1_412' title='bbox 1374 3623 1608 3690; x_wconf 88' lang='lat' dir='ltr'><strong>Domini,</strong></span> <span class='ocrx_word' id='word_1_413' title='bbox 1629 3625 1700 3677; x_wconf 90' lang='lat' dir='ltr'><strong>ibi</strong></span> <span class='ocrx_word' id='word_1_414' title='bbox 1729 3625 1947 3678; x_wconf 89' lang='lat' dir='ltr'><strong>libertas</strong></span> <span class='ocrx_word' id='word_1_415' title='bbox 1967 3634 2049 3679; x_wconf 88' lang='lat' dir='ltr'><strong>est</strong></span> <span class='ocrx_word' id='word_1_416' title='bbox 2067 3626 2130 3678; x_wconf 76' lang='grc'><strong>³⁸.</strong></span> <span class='ocrx_word' id='word_1_417' title='bbox 2160 3645 2178 3676; x_wconf 73' lang='grc' dir='ltr'><strong>ι</strong></span> 
     </span>
    </p>
   </div>
   <div class='ocr_carea' id='block_1_56' title="bbox 627 3716 2184 3787">
    <p class='ocr_par' dir='ltr' id='par_1_56' title="bbox 627 3716 2184 3787">
     <span class='ocr_line' id='line_1_56' title="bbox 627 3716 2184 3787; baseline 0 -16"><span class='ocrx_word' id='word_1_418' title='bbox 627 3717 686 3771; x_wconf 83' lang='lat' dir='ltr'><strong>Si</strong></span> <span class='ocrx_word' id='word_1_419' title='bbox 720 3717 850 3786; x_wconf 81' lang='lat' dir='ltr'><strong>legis</strong></span> <span class='ocrx_word' id='word_1_420' title='bbox 898 3726 951 3770; x_wconf 92' lang='lat' dir='ltr'><strong>et</strong></span> <span class='ocrx_word' id='word_1_421' title='bbox 977 3716 1360 3784; x_wconf 90' lang='lat' dir='ltr'><strong>prophetarum</strong></span> <span class='ocrx_word' id='word_1_422' title='bbox 1409 3717 1527 3770; x_wconf 87' lang='lat' dir='ltr'><strong>linis</strong></span> <span class='ocrx_word' id='word_1_423' title='bbox 1570 3725 1654 3770; x_wconf 88' lang='lat' dir='ltr'><strong>est</strong></span> <span class='ocrx_word' id='word_1_424' title='bbox 1690 3717 1963 3781; x_wconf 88' lang='lat' dir='ltr'><strong>Christus,</strong></span> <span class='ocrx_word' id='word_1_425' title='bbox 2011 3732 2184 3787; x_wconf 90' lang='lat' dir='ltr'><strong>neque</strong></span> 
     </span>
    </p>
   </div>
   <div class='ocr_carea' id='block_1_57' title="bbox 626 3803 2180 3874">
    <p class='ocr_par' dir='ltr' id='par_1_57' title="bbox 626 3803 2180 3874">
     <span class='ocr_line' id='line_1_57' title="bbox 626 3803 2180 3874; baseline 0 -14"><span class='ocrx_word' id='word_1_426' title='bbox 626 3808 867 3860; x_wconf 80' lang='lat' dir='ltr'><strong>velamen</strong></span> <span class='ocrx_word' id='word_1_427' title='bbox 898 3805 1038 3874; x_wconf 90' lang='lat' dir='ltr'><strong>quod</strong></span> <span class='ocrx_word' id='word_1_428' title='bbox 1069 3803 1278 3860; x_wconf 85' lang='lat' dir='ltr'><strong>Veteris</strong></span> <span class='ocrx_word' id='word_1_429' title='bbox 1317 3806 1646 3860; x_wconf 86' lang='lat' dir='ltr'><strong>Testamcuti</strong></span> <span class='ocrx_word' id='word_1_430' title='bbox 1685 3806 1898 3860; x_wconf 91' lang='lat' dir='ltr'><strong>lectioni</strong></span> <span class='ocrx_word' id='word_1_431' title='bbox 1928 3806 2180 3871; x_wconf 76' lang='lat' dir='ltr'><strong>cohaeret,</strong></span> 
     </span>
    </p>
   </div>
   <div class='ocr_carea' id='block_1_58' title="bbox 629 3896 2182 3968">
    <p class='ocr_par' dir='ltr' id='par_1_58' title="bbox 629 3896 2182 3968">
     <span class='ocr_line' id='line_1_58' title="bbox 629 3896 2182 3968; baseline -0.001 -17"><span class='ocrx_word' id='word_1_432' title='bbox 629 3898 854 3962; x_wconf 83' lang='lat' dir='ltr'><strong>tollitur,</strong></span> <span class='ocrx_word' id='word_1_433' title='bbox 890 3897 986 3949; x_wconf 85' lang='lat' dir='ltr'><strong>nisi</strong></span> <span class='ocrx_word' id='word_1_434' title='bbox 1020 3911 1113 3966; x_wconf 83' lang='lat' dir='ltr'><strong>per</strong></span> <span class='ocrx_word' id='word_1_435' title='bbox 1151 3896 1318 3950; x_wconf 88' lang='lat' dir='ltr'><strong>solum</strong></span> <span class='ocrx_word' id='word_1_436' title='bbox 1350 3897 1624 3951; x_wconf 83' lang='lat' dir='ltr'><strong>Christum</strong></span> <span class='ocrx_word' id='word_1_437' title='bbox 1651 3913 1664 3952; x_wconf 93' lang='lat'><strong>:</strong></span> <span class='ocrx_word' id='word_1_438' title='bbox 1695 3898 1959 3968; x_wconf 90' lang='lat' dir='ltr'><strong>quomodo</strong></span> <span class='ocrx_word' id='word_1_439' title='bbox 1989 3899 2182 3952; x_wconf 85' lang='lat' dir='ltr'><strong>rationi</strong></span> 
     </span>
    </p>
   </div>
   <div class='ocr_carea' id='block_1_59' title="bbox 627 3986 2183 4057">
    <p class='ocr_par' dir='ltr' id='par_1_59' title="bbox 627 3986 2183 4057">
     <span class='ocr_line' id='line_1_59' title="bbox 627 3986 2183 4057; baseline 0.001 -16"><span class='ocrx_word' id='word_1_440' title='bbox 627 3997 1048 4043; x_wconf 80' lang='lat' dir='ltr'><strong>consentaneum</strong></span> <span class='ocrx_word' id='word_1_441' title='bbox 1094 3988 1219 4052; x_wconf 86' lang='lat' dir='ltr'><strong>erit,</strong></span> <span class='ocrx_word' id='word_1_442' title='bbox 1270 3986 1442 4057; x_wconf 89' lang='lat' dir='ltr'><strong>ipsum</strong></span> <span class='ocrx_word' id='word_1_443' title='bbox 1495 3989 1696 4043; x_wconf 91' lang='lat' dir='ltr'><strong>nudum</strong></span> <span class='ocrx_word' id='word_1_444' title='bbox 1741 4004 1863 4044; x_wconf 86' lang='lat' dir='ltr'><strong>esse</strong></span> <span class='ocrx_word' id='word_1_445' title='bbox 1915 3991 2183 4044; x_wconf 90' lang='lat' dir='ltr'><strong>hominem</strong></span> 
     </span>
    </p>
   </div>
   <div class='ocr_carea' id='block_1_60' title="bbox 628 4076 2184 4148">
    <p class='ocr_par' dir='ltr' id='par_1_60' title="bbox 628 4076 2184 4148">
     <span class='ocr_line' id='line_1_60' title="bbox 628 4076 2184 4148; baseline 0 -17"><span class='ocrx_word' id='word_1_446' title='bbox 628 4079 958 4138; x_wconf 81' lang='lat' dir='ltr'><strong>existimare,</strong></span> <span class='ocrx_word' id='word_1_447' title='bbox 993 4089 1046 4130; x_wconf 89' lang='lat' dir='ltr'><strong>et</strong></span> <span class='ocrx_word' id='word_1_448' title='bbox 1092 4077 1204 4130; x_wconf 88' lang='lat' dir='ltr'><strong>sola</strong></span> <span class='ocrx_word' id='word_1_449' title='bbox 1237 4076 1517 4131; x_wconf 79' lang='lat' dir='ltr'><strong>ﬁliationis</strong></span> <span class='ocrx_word' id='word_1_450' title='bbox 1551 4078 1908 4148; x_wconf 84' lang='lat' dir='ltr'><strong>appellatione</strong></span> <span class='ocrx_word' id='word_1_451' title='bbox 1953 4079 2184 4134; x_wconf 86' lang='lat' dir='ltr'><strong>honora-</strong></span> 
     </span>
    </p>
   </div>
   <div class='ocr_carea' id='block_1_61' title="bbox 625 4168 2183 4236">
    <p class='ocr_par' dir='ltr' id='par_1_61' title="bbox 625 4168 2183 4236">
     <span class='ocr_line' id='line_1_61' title="bbox 625 4168 2183 4236; baseline 0.001 -16"><span class='ocrx_word' id='word_1_452' title='bbox 625 4170 781 4221; x_wconf 81' lang='lat' dir='ltr'><strong>tum?</strong></span> <span class='ocrx_word' id='word_1_453' title='bbox 813 4169 1003 4221; x_wconf 84' lang='lat' dir='ltr'><strong>Annon</strong></span> <span class='ocrx_word' id='word_1_454' title='bbox 1051 4169 1152 4221; x_wconf 88' lang='lat' dir='ltr'><strong>hac</strong></span> <span class='ocrx_word' id='word_1_455' title='bbox 1201 4168 1453 4236; x_wconf 87' lang='lat' dir='ltr'><strong>opinione</strong></span> <span class='ocrx_word' id='word_1_456' title='bbox 1494 4170 1666 4232; x_wconf 87' lang='lat' dir='ltr'><strong>fieret,</strong></span> <span class='ocrx_word' id='word_1_457' title='bbox 1727 4173 1785 4222; x_wconf 79' lang='lat' dir='ltr'><strong>ut</strong></span> <span class='ocrx_word' id='word_1_458' title='bbox 1839 4170 1970 4224; x_wconf 86' lang='lat' dir='ltr'><strong>fides</strong></span> <span class='ocrx_word' id='word_1_459' title='bbox 2002 4181 2183 4224; x_wconf 88' lang='lat' dir='ltr'><strong>nostra</strong></span> 
     </span>
    </p>
   </div>
   <div class='ocr_carea' id='block_1_62' title="bbox 625 4258 2184 4326">
    <p class='ocr_par' dir='ltr' id='par_1_62' title="bbox 625 4258 2184 4326">
     <span class='ocr_line' id='line_1_62' title="bbox 625 4258 2184 4326; baseline 0 -14"><span class='ocrx_word' id='word_1_460' title='bbox 625 4275 731 4313; x_wconf 84' lang='lat' dir='ltr'><strong>non</strong></span> <span class='ocrx_word' id='word_1_461' title='bbox 763 4259 1063 4314; x_wconf 91' lang='lat' dir='ltr'><strong>collimaret</strong></span> <span class='ocrx_word' id='word_1_462' title='bbox 1091 4260 1143 4313; x_wconf 92' lang='lat' dir='ltr'><strong>in</strong></span> <span class='ocrx_word' id='word_1_463' title='bbox 1180 4258 1372 4321; x_wconf 90' lang='lat' dir='ltr'><strong>Deum,</strong></span> <span class='ocrx_word' id='word_1_464' title='bbox 1402 4268 1655 4326; x_wconf 86' lang='lat' dir='ltr'><strong>tanquam</strong></span> <span class='ocrx_word' id='word_1_465' title='bbox 1689 4259 1740 4311; x_wconf 93' lang='lat' dir='ltr'><strong>in</strong></span> <span class='ocrx_word' id='word_1_466' title='bbox 1779 4261 1961 4324; x_wconf 87' lang='lat' dir='ltr'><strong>linem,</strong></span> <span class='ocrx_word' id='word_1_467' title='bbox 2004 4263 2094 4314; x_wconf 91' lang='lat' dir='ltr'><strong>sed</strong></span> <span class='ocrx_word' id='word_1_468' title='bbox 2133 4262 2184 4312; x_wconf 90' lang='lat' dir='ltr'><strong>in</strong></span> 
     </span>
    </p>
   </div>
   <div class='ocr_carea' id='block_1_63' title="bbox 630 4347 2185 4418">
    <p class='ocr_par' dir='ltr' id='par_1_63' title="bbox 630 4347 2185 4418">
     <span class='ocr_line' id='line_1_63' title="bbox 630 4347 2185 4418; baseline -0.001 -16"><span class='ocrx_word' id='word_1_469' title='bbox 630 4351 901 4403; x_wconf 88' lang='lat' dir='ltr'><strong>hominem</strong></span> <span class='ocrx_word' id='word_1_470' title='bbox 934 4349 1103 4404; x_wconf 89' lang='lat' dir='ltr'><strong>nostri</strong></span> <span class='ocrx_word' id='word_1_471' title='bbox 1137 4347 1404 4402; x_wconf 88' lang='lat' dir='ltr'><strong>similem?</strong></span> <span class='ocrx_word' id='word_1_472' title='bbox 1439 4348 1512 4402; x_wconf 82' lang='lat' dir='ltr'><strong>Eo</strong></span> <span class='ocrx_word' id='word_1_473' title='bbox 1541 4359 1716 4402; x_wconf 86' lang='lat' dir='ltr'><strong>autem</strong></span> <span class='ocrx_word' id='word_1_474' title='bbox 1748 4349 1874 4417; x_wconf 88' lang='lat' dir='ltr'><strong>quid</strong></span> <span class='ocrx_word' id='word_1_475' title='bbox 1913 4351 1995 4404; x_wconf 91' lang='lat' dir='ltr'><strong>vel</strong></span> <span class='ocrx_word' id='word_1_476' title='bbox 2037 4351 2185 4418; x_wconf 86' lang='lat' dir='ltr'><strong>cogi-</strong></span> 
     </span>
    </p>
   </div>
   <div class='ocr_carea' id='block_1_64' title="bbox 628 4439 1277 4506">
    <p class='ocr_par' dir='ltr' id='par_1_64' title="bbox 628 4439 1277 4506">
     <span class='ocr_line' id='line_1_64' title="bbox 628 4439 1277 4506; baseline -0.002 -14"><span class='ocrx_word' id='word_1_477' title='bbox 628 4439 730 4492; x_wconf 83' lang='lat' dir='ltr'><strong>tari</strong></span> <span class='ocrx_word' id='word_1_478' title='bbox 768 4447 930 4506; x_wconf 87' lang='lat' dir='ltr'><strong>queat</strong></span> <span class='ocrx_word' id='word_1_479' title='bbox 966 4439 1277 4493; x_wconf 81' lang='lat' dir='ltr'><strong>absurdius!</strong></span> 
     </span>
    </p>
   </div>
   <div class='ocr_carea' id='block_1_65' title="bbox 704 4528 2188 4599">
    <p class='ocr_par' dir='ltr' id='par_1_65' title="bbox 704 4528 2188 4599">
     <span class='ocr_line' id='line_1_65' title="bbox 704 4528 2188 4599; baseline 0.003 -21"><span class='ocrx_word' id='word_1_480' title='bbox 704 4528 904 4593; x_wconf 70' lang='lat' dir='ltr'><strong>«Quod</strong></span> <span class='ocrx_word' id='word_1_481' title='bbox 951 4531 994 4584; x_wconf 89' lang='lat' dir='ltr'><strong>si</strong></span> <span class='ocrx_word' id='word_1_482' title='bbox 1047 4530 1210 4583; x_wconf 91' lang='lat' dir='ltr'><strong>etiam</strong></span> <span class='ocrx_word' id='word_1_483' title='bbox 1261 4540 1504 4599; x_wconf 87' lang='lat' dir='ltr'><strong>opertum</strong></span> <span class='ocrx_word' id='word_1_484' title='bbox 1560 4537 1640 4583; x_wconf 90' lang='lat' dir='ltr'><strong>est</strong></span> <span class='ocrx_word' id='word_1_485' title='bbox 1696 4529 2040 4598; x_wconf 78' lang='lat' dir='ltr'><strong>Evangelium</strong></span> <span class='ocrx_word' id='word_1_486' title='bbox 2093 4545 2188 4583; x_wconf 89' lang='lat' dir='ltr'><strong>no-</strong></span> 
     </span>
    </p>
   </div>
   <div class='ocr_carea' id='block_1_66' title="bbox 631 4620 2189 4689">
    <p class='ocr_par' dir='ltr' id='par_1_66' title="bbox 631 4620 2189 4689">
     <span class='ocr_line' id='line_1_66' title="bbox 631 4620 2189 4689; baseline 0.001 -17"><span class='ocrx_word' id='word_1_487' title='bbox 631 4631 803 4673; x_wconf 89' lang='lat' dir='ltr'><strong>strum</strong></span> <span class='ocrx_word' id='word_1_488' title='bbox 842 4621 892 4673; x_wconf 90' lang='lat' dir='ltr'><strong>in</strong></span> <span class='ocrx_word' id='word_1_489' title='bbox 931 4620 997 4673; x_wconf 91' lang='lat' dir='ltr'><strong>iis</strong></span> <span class='ocrx_word' id='word_1_490' title='bbox 1044 4621 1131 4688; x_wconf 90' lang='lat' dir='ltr'><strong>qui</strong></span> <span class='ocrx_word' id='word_1_491' title='bbox 1176 4631 1435 4689; x_wconf 87' lang='lat' dir='ltr'><strong>pereunt,</strong></span> <span class='ocrx_word' id='word_1_492' title='bbox 1483 4630 1564 4674; x_wconf 90' lang='lat' dir='ltr'><strong>est</strong></span> <span class='ocrx_word' id='word_1_493' title='bbox 1607 4629 1847 4688; x_wconf 87' lang='lat' dir='ltr'><strong>opertum</strong></span> <span class='ocrx_word' id='word_1_494' title='bbox 1898 4621 1948 4672; x_wconf 92' lang='lat' dir='ltr'><strong>in</strong></span> <span class='ocrx_word' id='word_1_495' title='bbox 1996 4621 2189 4687; x_wconf 83' lang='lat' dir='ltr'><strong>quibus</strong></span> 
     </span>
    </p>
   </div>
   <div class='ocr_carea' id='block_1_67' title="bbox 631 4709 2191 4779">
    <p class='ocr_par' dir='ltr' id='par_1_67' title="bbox 631 4709 2191 4779">
     <span class='ocr_line' id='line_1_67' title="bbox 631 4709 2191 4779; baseline 0.003 -17"><span class='ocrx_word' id='word_1_496' title='bbox 631 4709 775 4764; x_wconf 90' lang='lat' dir='ltr'><strong>Deus</strong></span> <span class='ocrx_word' id='word_1_497' title='bbox 810 4710 971 4779; x_wconf 84' lang='lat' dir='ltr'><strong>hujus</strong></span> <span class='ocrx_word' id='word_1_498' title='bbox 1007 4712 1188 4765; x_wconf 85' lang='lat' dir='ltr'><strong>saeculi</strong></span> <span class='ocrx_word' id='word_1_499' title='bbox 1220 4713 1512 4766; x_wconf 70' lang='lat' dir='ltr'><strong>exemcavit</strong></span> <span class='ocrx_word' id='word_1_500' title='bbox 1540 4721 1748 4766; x_wconf 89' lang='lat' dir='ltr'><strong>mentes</strong></span> <span class='ocrx_word' id='word_1_501' title='bbox 1787 4713 2102 4775; x_wconf 88' lang='lat' dir='ltr'><strong>infidelium,</strong></span> <span class='ocrx_word' id='word_1_502' title='bbox 2134 4724 2191 4766; x_wconf 91' lang='lat' dir='ltr'><strong>ut</strong></span> 
     </span>
    </p>
   </div>
   <div class='ocr_carea' id='block_1_68' title="bbox 640 4802 2189 4877">
    <p class='ocr_par' dir='ltr' id='par_1_68' title="bbox 640 4802 2189 4877">
     <span class='ocr_line' id='line_1_68' title="bbox 640 4802 2189 4877; baseline 0.004 -23"><span class='ocrx_word' id='word_1_503' title='bbox 640 4818 744 4856; x_wconf 87' lang='lat' dir='ltr'><strong>non</strong></span> <span class='ocrx_word' id='word_1_504' title='bbox 780 4802 979 4871; x_wconf 77' lang='lat' dir='ltr'><strong>fulgeat</strong></span> <span class='ocrx_word' id='word_1_505' title='bbox 1014 4805 1120 4858; x_wconf 89' lang='lat' dir='ltr'><strong>illis</strong></span> <span class='ocrx_word' id='word_1_506' title='bbox 1154 4805 1475 4858; x_wconf 91' lang='lat' dir='ltr'><strong>illuminatio</strong></span> <span class='ocrx_word' id='word_1_507' title='bbox 1522 4807 1790 4875; x_wconf 75' lang='lat' dir='ltr'><strong>Evangelii</strong></span> <span class='ocrx_word' id='word_1_508' title='bbox 1821 4807 2002 4877; x_wconf 60' lang='lat' dir='ltr'><strong>gloriae</strong></span> <span class='ocrx_word' id='word_1_509' title='bbox 2031 4803 2189 4860; x_wconf 88' lang='lat' dir='ltr'><strong>Chri-</strong></span> 
     </span>
    </p>
   </div>
   <div class='ocr_carea' id='block_1_69' title="bbox 636 4895 2190 4966">
    <p class='ocr_par' dir='ltr' id='par_1_69' title="bbox 636 4895 2190 4966">
     <span class='ocr_line' id='line_1_69' title="bbox 636 4895 2190 4966; baseline 0.005 -21"><span class='ocrx_word' id='word_1_510' title='bbox 636 4895 703 4945; x_wconf 87' lang='lat' dir='ltr'><strong>sti</strong></span> <span class='ocrx_word' id='word_1_511' title='bbox 749 4895 836 4963; x_wconf 92' lang='lat' dir='ltr'><strong>qui</strong></span> <span class='ocrx_word' id='word_1_512' title='bbox 881 4903 964 4949; x_wconf 85' lang='lat' dir='ltr'><strong>est</strong></span> <span class='ocrx_word' id='word_1_513' title='bbox 1005 4897 1178 4963; x_wconf 80' lang='lat' dir='ltr'><strong>imago</strong></span> <span class='ocrx_word' id='word_1_514' title='bbox 1209 4895 1302 4949; x_wconf 90' lang='lat' dir='ltr'><strong>Dei</strong></span> <span class='ocrx_word' id='word_1_515' title='bbox 1329 4897 1393 4950; x_wconf 85' lang='grc'><strong>³⁷.</strong></span> <span class='ocrx_word' id='word_1_516' title='bbox 1428 4915 1446 4946; x_wconf 74' lang='grc' dir='ltr'><strong>ι</strong></span> <span class='ocrx_word' id='word_1_517' title='bbox 1484 4897 1562 4962; x_wconf 92' lang='lat' dir='ltr'><strong>Si,</strong></span> <span class='ocrx_word' id='word_1_518' title='bbox 1601 4907 1657 4951; x_wconf 93' lang='lat' dir='ltr'><strong>ut</strong></span> <span class='ocrx_word' id='word_1_519' title='bbox 1685 4899 1899 4966; x_wconf 89' lang='lat' dir='ltr'><strong>quidam</strong></span> <span class='ocrx_word' id='word_1_520' title='bbox 1931 4902 2190 4966; x_wconf 88' lang='lat' dir='ltr'><strong>sentiunt,</strong></span> 
     </span>
    </p>
   </div>
   <div class='ocr_carea' id='block_1_70' title="bbox 637 4981 2191 5055">
    <p class='ocr_par' dir='ltr' id='par_1_70' title="bbox 637 4981 2191 5055">
     <span class='ocr_line' id='line_1_70' title="bbox 637 4981 2191 5055; baseline 0.005 -21"><span class='ocrx_word' id='word_1_521' title='bbox 637 4981 881 5035; x_wconf 83' lang='lat' dir='ltr'><strong>Christus</strong></span> <span class='ocrx_word' id='word_1_522' title='bbox 933 4992 1012 5036; x_wconf 89' lang='lat' dir='ltr'><strong>est</strong></span> <span class='ocrx_word' id='word_1_523' title='bbox 1063 4983 1223 5036; x_wconf 89' lang='lat' dir='ltr'><strong>homo</strong></span> <span class='ocrx_word' id='word_1_524' title='bbox 1276 4986 1614 5049; x_wconf 90' lang='lat' dir='ltr'><strong>communis,</strong></span> <span class='ocrx_word' id='word_1_525' title='bbox 1678 4987 1789 5038; x_wconf 88' lang='lat' dir='ltr'><strong>sola</strong></span> <span class='ocrx_word' id='word_1_526' title='bbox 1840 5003 2191 5055; x_wconf 87' lang='lat' dir='ltr'><strong>personarum</strong></span> 
     </span>
    </p>
   </div>
   <div class='ocr_carea' id='block_1_71' title="bbox 638 5073 2196 5148">
    <p class='ocr_par' dir='ltr' id='par_1_71' title="bbox 638 5073 2196 5148">
     <span class='ocr_line' id='line_1_71' title="bbox 638 5073 2196 5148; baseline 0.006 -25"><span class='ocrx_word' id='word_1_527' title='bbox 638 5073 831 5136; x_wconf 83' lang='lat' dir='ltr'><strong>unione</strong></span> <span class='ocrx_word' id='word_1_528' title='bbox 867 5089 986 5126; x_wconf 91' lang='lat' dir='ltr'><strong>cum</strong></span> <span class='ocrx_word' id='word_1_529' title='bbox 1020 5073 1114 5128; x_wconf 89' lang='lat' dir='ltr'><strong>Dei</strong></span> <span class='ocrx_word' id='word_1_530' title='bbox 1142 5073 1319 5129; x_wconf 79' lang='lat' dir='ltr'><strong>Verbo</strong></span> <span class='ocrx_word' id='word_1_531' title='bbox 1348 5075 1659 5128; x_wconf 87' lang='lat' dir='ltr'><strong>societatem</strong></span> <span class='ocrx_word' id='word_1_532' title='bbox 1691 5077 1896 5132; x_wconf 88' lang='lat' dir='ltr'><strong>habens</strong></span> <span class='ocrx_word' id='word_1_533' title='bbox 1934 5079 2019 5148; x_wconf 91' lang='lat' dir='ltr'><strong>(ad</strong></span> <span class='ocrx_word' id='word_1_534' title='bbox 2054 5080 2196 5133; x_wconf 82' lang='lat' dir='ltr'><strong>hunc</strong></span> 
     </span>
    </p>
   </div>
   <div class='ocr_carea' id='block_1_72' title="bbox 638 5165 2193 5237">
    <p class='ocr_par' dir='ltr' id='par_1_72' title="bbox 638 5165 2193 5237">
     <span class='ocr_line' id='line_1_72' title="bbox 638 5165 2193 5237; baseline 0.005 -22"><span class='ocrx_word' id='word_1_535' title='bbox 638 5165 779 5217; x_wconf 87' lang='lat' dir='ltr'><strong>enim</strong></span> <span class='ocrx_word' id='word_1_536' title='bbox 826 5165 1040 5219; x_wconf 88' lang='lat' dir='ltr'><strong>modum</strong></span> <span class='ocrx_word' id='word_1_537' title='bbox 1087 5166 1378 5234; x_wconf 87' lang='lat' dir='ltr'><strong>loquuntur</strong></span> <span class='ocrx_word' id='word_1_538' title='bbox 1410 5167 1529 5236; x_wconf 92' lang='lat' dir='ltr'><strong>illi),</strong></span> <span class='ocrx_word' id='word_1_539' title='bbox 1567 5171 1836 5235; x_wconf 90' lang='lat' dir='ltr'><strong>quomodo</strong></span> <span class='ocrx_word' id='word_1_540' title='bbox 1872 5169 1922 5220; x_wconf 92' lang='lat' dir='ltr'><strong>in</strong></span> <span class='ocrx_word' id='word_1_541' title='bbox 1975 5170 2077 5222; x_wconf 87' lang='lat' dir='ltr'><strong>illis</strong></span> <span class='ocrx_word' id='word_1_542' title='bbox 2106 5173 2193 5237; x_wconf 91' lang='lat' dir='ltr'><strong>qui</strong></span> 
     </span>
    </p>
   </div>
   <div class='ocr_carea' id='block_1_73' title="bbox 641 5255 2195 5324">
    <p class='ocr_par' dir='ltr' id='par_1_73' title="bbox 641 5255 2195 5324">
     <span class='ocr_line' id='line_1_73' title="bbox 641 5255 2195 5324; baseline 0.001 -17"><span class='ocrx_word' id='word_1_543' title='bbox 641 5265 885 5320; x_wconf 87' lang='lat' dir='ltr'><strong>pereunt,</strong></span> <span class='ocrx_word' id='word_1_544' title='bbox 917 5255 1265 5324; x_wconf 82' lang='lat' dir='ltr'><strong>Evangelium</strong></span> <span class='ocrx_word' id='word_1_545' title='bbox 1321 5257 1462 5310; x_wconf 91' lang='lat' dir='ltr'><strong>illius</strong></span> <span class='ocrx_word' id='word_1_546' title='bbox 1494 5258 1861 5310; x_wconf 81' lang='lat' dir='ltr'><strong>absconditum</strong></span> <span class='ocrx_word' id='word_1_547' title='bbox 1893 5260 2016 5310; x_wconf 77' lang='lat' dir='ltr'><strong>est!</strong></span> <span class='ocrx_word' id='word_1_548' title='bbox 2054 5257 2195 5311; x_wconf 84' lang='lat' dir='ltr'><strong>Gen-</strong></span> 
     </span>
    </p>
   </div>
   <div class='ocr_carea' id='block_1_74' title="bbox 641 5347 2196 5415">
    <p class='ocr_par' dir='ltr' id='par_1_74' title="bbox 641 5347 2196 5415">
     <span class='ocr_line' id='line_1_74' title="bbox 641 5347 2196 5415; baseline 0.003 -17"><span class='ocrx_word' id='word_1_549' title='bbox 641 5347 717 5398; x_wconf 79' lang='lat' dir='ltr'><strong>tes</strong></span> <span class='ocrx_word' id='word_1_550' title='bbox 753 5347 899 5400; x_wconf 88' lang='lat' dir='ltr'><strong>enim</strong></span> <span class='ocrx_word' id='word_1_551' title='bbox 938 5362 1042 5401; x_wconf 89' lang='lat' dir='ltr'><strong>non</strong></span> <span class='ocrx_word' id='word_1_552' title='bbox 1087 5349 1277 5415; x_wconf 90' lang='lat' dir='ltr'><strong>Deum,</strong></span> <span class='ocrx_word' id='word_1_553' title='bbox 1327 5349 1418 5402; x_wconf 88' lang='lat' dir='ltr'><strong>sed</strong></span> <span class='ocrx_word' id='word_1_554' title='bbox 1455 5349 1723 5402; x_wconf 87' lang='lat' dir='ltr'><strong>hominem</strong></span> <span class='ocrx_word' id='word_1_555' title='bbox 1766 5349 1934 5401; x_wconf 81' lang='lat' dir='ltr'><strong>nostri</strong></span> <span class='ocrx_word' id='word_1_556' title='bbox 1968 5349 2196 5403; x_wconf 88' lang='lat' dir='ltr'><strong>similem</strong></span> 
     </span>
    </p>
   </div>
   <div class='ocr_carea' id='block_1_75' title="bbox 710 5481 1826 5547">
    <p class='ocr_par' dir='ltr' id='par_1_75' title="bbox 710 5481 1826 5547">
     <span class='ocr_line' id='line_1_75' title="bbox 710 5481 1826 5547; baseline -0.002 -13"><span class='ocrx_word' id='word_1_557' title='bbox 710 5482 751 5512; x_wconf 86' lang='grc'>³³</span> <span class='ocrx_word' id='word_1_558' title='bbox 781 5481 821 5534; x_wconf 94' lang='lat' dir='ltr'><strong>ll</strong></span> <span class='ocrx_word' id='word_1_559' title='bbox 847 5481 970 5536; x_wconf 89' lang='lat' dir='ltr'><strong>Cor.</strong></span> <span class='ocrx_word' id='word_1_560' title='bbox 1007 5498 1064 5547; x_wconf 91' lang='grc' dir='ltr'><strong>ιι,</strong></span> <span class='ocrx_word' id='word_1_561' title='bbox 1097 5482 1182 5536; x_wconf 78' lang='grc' dir='ltr'><strong>Η.</strong></span> <span class='ocrx_word' id='word_1_562' title='bbox 1263 5483 1306 5514; x_wconf 59' lang='grc' dir='ltr'>³δ</span> <span class='ocrx_word' id='word_1_563' title='bbox 1331 5481 1370 5535; x_wconf 94' lang='lat' dir='ltr'><strong>ll</strong></span> <span class='ocrx_word' id='word_1_564' title='bbox 1403 5483 1526 5537; x_wconf 88' lang='lat' dir='ltr'><strong>Cor.</strong></span> <span class='ocrx_word' id='word_1_565' title='bbox 1573 5497 1653 5547; x_wconf 89' lang='grc' dir='ltr'>ιιι,</span> <span class='ocrx_word' id='word_1_566' title='bbox 1684 5483 1737 5543; x_wconf 70' lang='grc'>2,</span> <span class='ocrx_word' id='word_1_567' title='bbox 1775 5483 1826 5537; x_wconf 72' lang='grc' dir='ltr'><strong>ὖ.</strong></span> 
     </span>
    </p>
   </div>
   <div class='ocr_carea' id='block_1_76' title="bbox 1904 5481 2496 5548">
    <p class='ocr_par' dir='ltr' id='par_1_76' title="bbox 1904 5481 2496 5548">
     <span class='ocr_line' id='line_1_76' title="bbox 1904 5481 2496 5548; baseline -0.002 -13"><span class='ocrx_word' id='word_1_568' title='bbox 1904 5482 1946 5513; x_wconf 85' lang='grc'><strong>³⁵</strong></span> <span class='ocrx_word' id='word_1_569' title='bbox 1981 5481 2180 5536; x_wconf 88' lang='lat' dir='ltr'><strong>Jerem.</strong></span> <span class='ocrx_word' id='word_1_570' title='bbox 2228 5498 2378 5548; x_wconf 69' lang='lat' dir='ltr'><strong>xui,</strong></span> <span class='ocrx_word' id='word_1_571' title='bbox 2410 5482 2496 5535; x_wconf 79' lang='grc'><strong>53.</strong></span> 
     </span>
    </p>
   </div>
   <div class='ocr_carea' id='block_1_77' title="bbox 2284 1916 3847 1989">
    <p class='ocr_par' dir='ltr' id='par_1_77' title="bbox 2284 1916 3847 1989">
     <span class='ocr_line' id='line_1_77' title="bbox 2284 1916 3847 1989; baseline 0.003 -22"><span class='ocrx_word' id='word_1_572' title='bbox 2284 1918 2383 1969; x_wconf 79' lang='grc' dir='ltr'><strong>οὑκ</strong></span> <span class='ocrx_word' id='word_1_573' title='bbox 2418 1917 2476 1968; x_wconf 82' lang='grc' dir='ltr'>ὲν</span> <span class='ocrx_word' id='word_1_574' title='bbox 2525 1918 2686 1982; x_wconf 75' lang='grc' dir='ltr'>πλαξὶ</span> <span class='ocrx_word' id='word_1_575' title='bbox 2725 1919 2972 1982; x_wconf 84' lang='grc' dir='ltr'>λιθίναις,</span> <span class='ocrx_word' id='word_1_576' title='bbox 3006 1917 3120 1971; x_wconf 81' lang='grc' dir='ltr'>ἀλλ’</span> <span class='ocrx_word' id='word_1_577' title='bbox 3153 1919 3208 1970; x_wconf 83' lang='grc' dir='ltr'>ὲν</span> <span class='ocrx_word' id='word_1_578' title='bbox 3243 1916 3405 1980; x_wconf 74' lang='grc' dir='ltr'>πλαξὶ</span> <span class='ocrx_word' id='word_1_579' title='bbox 3440 1919 3669 1987; x_wconf 83' lang='grc' dir='ltr'>καρδίας</span> <span class='ocrx_word' id='word_1_580' title='bbox 3711 1937 3847 1989; x_wconf 82' lang='grc' dir='ltr'>σαρ-</span> 
     </span>
    </p>
   </div>
   <div class='ocr_carea' id='block_1_78' title="bbox 2283 2007 3848 2079">
    <p class='ocr_par' dir='ltr' id='par_1_78' title="bbox 2283 2007 3848 2079">
     <span class='ocr_line' id='line_1_78' title="bbox 2283 2007 3848 2079; baseline 0.005 -22"><span class='ocrx_word' id='word_1_581' title='bbox 2283 2007 2454 2076; x_wconf 83' lang='grc' dir='ltr'>κίνης.</span> <span class='ocrx_word' id='word_1_582' title='bbox 2492 2027 2509 2059; x_wconf 75' lang='grc' dir='ltr'><strong>ι</strong></span> <span class='ocrx_word' id='word_1_583' title='bbox 2549 2009 2690 2077; x_wconf 84' lang='grc' dir='ltr'>Ἔφη</span> <span class='ocrx_word' id='word_1_584' title='bbox 2724 2027 2823 2062; x_wconf 89' lang='grc' dir='ltr'><strong>που</strong></span> <span class='ocrx_word' id='word_1_585' title='bbox 2871 2011 3001 2072; x_wconf 83' lang='grc' dir='ltr'>Θεὸς</span> <span class='ocrx_word' id='word_1_586' title='bbox 3039 2010 3104 2063; x_wconf 89' lang='grc' dir='ltr'>δι’</span> <span class='ocrx_word' id='word_1_587' title='bbox 3139 2010 3253 2072; x_wconf 75' lang='grc' dir='ltr'>ἑνὸς</span> <span class='ocrx_word' id='word_1_588' title='bbox 3287 2008 3396 2060; x_wconf 85' lang='grc' dir='ltr'><strong>τῶν</strong></span> <span class='ocrx_word' id='word_1_589' title='bbox 3427 2010 3594 2076; x_wconf 81' lang='grc' dir='ltr'>ἁγίων</span> <span class='ocrx_word' id='word_1_590' title='bbox 3631 2027 3848 2079; x_wconf 73' lang='grc' dir='ltr'>προφη-</span> 
     </span>
    </p>
   </div>
   <div class='ocr_carea' id='block_1_79' title="bbox 2283 2096 3848 2170">
    <p class='ocr_par' dir='ltr' id='par_1_79' title="bbox 2283 2096 3848 2170">
     <span class='ocr_line' id='line_1_79' title="bbox 2283 2096 3848 2170; baseline 0.002 -22"><span class='ocrx_word' id='word_1_591' title='bbox 2283 2096 2421 2148; x_wconf 85' lang='grc' dir='ltr'>τῶν·</span> <span class='ocrx_word' id='word_1_592' title='bbox 2466 2117 2484 2147; x_wconf 74' lang='grc' dir='ltr'><strong>ι</strong></span> <span class='ocrx_word' id='word_1_593' title='bbox 2526 2099 2613 2149; x_wconf 85' lang='grc' dir='ltr'>Ἐν</span> <span class='ocrx_word' id='word_1_594' title='bbox 2642 2097 2719 2166; x_wconf 83' lang='grc' dir='ltr'><strong>τῷ</strong></span> <span class='ocrx_word' id='word_1_595' title='bbox 2759 2099 2934 2167; x_wconf 85' lang='grc' dir='ltr'>καιρῷ</span> <span class='ocrx_word' id='word_1_596' title='bbox 2980 2101 3190 2170; x_wconf 79' lang='grc' dir='ltr'>ἐκείνῳ,</span> <span class='ocrx_word' id='word_1_597' title='bbox 3221 2099 3364 2168; x_wconf 83' lang='grc' dir='ltr'>λέγει</span> <span class='ocrx_word' id='word_1_598' title='bbox 3396 2099 3618 2169; x_wconf 80' lang='grc' dir='ltr'>Κύριος,</span> <span class='ocrx_word' id='word_1_599' title='bbox 3669 2099 3848 2160; x_wconf 80' lang='grc' dir='ltr'>διδοὺς</span> 
     </span>
    </p>
   </div>
   <div class='ocr_carea' id='block_1_80' title="bbox 2283 2187 3847 2258">
    <p class='ocr_par' dir='ltr' id='par_1_80' title="bbox 2283 2187 3847 2258">
     <span class='ocr_line' id='line_1_80' title="bbox 2283 2187 3847 2258; baseline 0 -18"><span class='ocrx_word' id='word_1_600' title='bbox 2283 2189 2477 2258; x_wconf 81' lang='grc' dir='ltr'>νόμους</span> <span class='ocrx_word' id='word_1_601' title='bbox 2510 2207 2608 2257; x_wconf 79' lang='grc' dir='ltr'><strong>μου</strong></span> <span class='ocrx_word' id='word_1_602' title='bbox 2633 2191 2712 2250; x_wconf 85' lang='grc' dir='ltr'><strong>είς</strong></span> <span class='ocrx_word' id='word_1_603' title='bbox 2740 2189 2839 2258; x_wconf 76' lang='grc' dir='ltr'>τὴν</span> <span class='ocrx_word' id='word_1_604' title='bbox 2871 2189 3107 2242; x_wconf 85' lang='grc' dir='ltr'>διάνοιαν</span> <span class='ocrx_word' id='word_1_605' title='bbox 3132 2191 3328 2256; x_wconf 83' lang='grc' dir='ltr'>αὐτῶν,</span> <span class='ocrx_word' id='word_1_606' title='bbox 3351 2191 3445 2242; x_wconf 78' lang='grc' dir='ltr'>καὶ</span> <span class='ocrx_word' id='word_1_607' title='bbox 3466 2191 3556 2242; x_wconf 77' lang='grc' dir='ltr'>ἐπὶ</span> <span class='ocrx_word' id='word_1_608' title='bbox 3580 2187 3680 2251; x_wconf 80' lang='grc' dir='ltr'><strong>τὰς</strong></span> <span class='ocrx_word' id='word_1_609' title='bbox 3709 2206 3847 2258; x_wconf 79' lang='grc' dir='ltr'>καρ-</span> 
     </span>
    </p>
   </div>
   <div class='ocr_carea' id='block_1_81' title="bbox 2281 2278 3847 2348">
    <p class='ocr_par' dir='ltr' id='par_1_81' title="bbox 2281 2278 3847 2348">
     <span class='ocr_line' id='line_1_81' title="bbox 2281 2278 3847 2348; baseline 0.001 -18"><span class='ocrx_word' id='word_1_610' title='bbox 2281 2278 2397 2340; x_wconf 85' lang='grc' dir='ltr'>δίας</span> <span class='ocrx_word' id='word_1_611' title='bbox 2434 2278 2610 2331; x_wconf 76' lang='grc' dir='ltr'>αὺτῶν</span> <span class='ocrx_word' id='word_1_612' title='bbox 2640 2278 2924 2348; x_wconf 73' lang='grc' dir='ltr'>ἐπιγράψω</span> <span class='ocrx_word' id='word_1_613' title='bbox 2971 2279 3185 2341; x_wconf 82' lang='grc' dir='ltr'>αὐτούς.</span> <span class='ocrx_word' id='word_1_614' title='bbox 3244 2297 3262 2328; x_wconf 74' lang='grc' dir='ltr'><strong>ι</strong></span> <span class='ocrx_word' id='word_1_615' title='bbox 3317 2279 3619 2348; x_wconf 90' lang='grc' dir='ltr'>Γεγόναμεν</span> <span class='ocrx_word' id='word_1_616' title='bbox 3661 2278 3847 2331; x_wconf 81' lang='grc' dir='ltr'>τοίνυν</span> 
     </span>
    </p>
   </div>
   <div class='ocr_carea' id='block_1_82' title="bbox 2284 2368 3848 2438">
    <p class='ocr_par' dir='ltr' id='par_1_82' title="bbox 2284 2368 3848 2438">
     <span class='ocr_line' id='line_1_82' title="bbox 2284 2368 3848 2438; baseline 0 -18"><span class='ocrx_word' id='word_1_617' title='bbox 2284 2369 2540 2438; x_wconf 77' lang='grc' dir='ltr'>ἐπιστολὴ</span> <span class='ocrx_word' id='word_1_618' title='bbox 2569 2369 2824 2438; x_wconf 83' lang='grc' dir='ltr'>Χριστοῦ,</span> <span class='ocrx_word' id='word_1_619' title='bbox 2852 2369 3149 2438; x_wconf 83' lang='grc' dir='ltr'>γράφοντος</span> <span class='ocrx_word' id='word_1_620' title='bbox 3183 2369 3311 2438; x_wconf 80' lang='grc' dir='ltr'>ἡμῖν</span> <span class='ocrx_word' id='word_1_621' title='bbox 3341 2370 3438 2421; x_wconf 85' lang='grc' dir='ltr'>οὑκ</span> <span class='ocrx_word' id='word_1_622' title='bbox 3467 2369 3525 2421; x_wconf 76' lang='grc' dir='ltr'>ὲν</span> <span class='ocrx_word' id='word_1_623' title='bbox 3565 2369 3759 2436; x_wconf 80' lang='grc' dir='ltr'>μέλανι</span> <span class='ocrx_word' id='word_1_624' title='bbox 3785 2368 3848 2420; x_wconf 76' lang='grc' dir='ltr'><strong>τὸ</strong></span> 
     </span>
    </p>
   </div>
   <div class='ocr_carea' id='block_1_83' title="bbox 2282 2459 3847 2530">
    <p class='ocr_par' dir='ltr' id='par_1_83' title="bbox 2282 2459 3847 2530">
     <span class='ocr_line' id='line_1_83' title="bbox 2282 2459 3847 2530; baseline 0 -18"><span class='ocrx_word' id='word_1_625' title='bbox 2282 2459 2426 2527; x_wconf 80' lang='grc' dir='ltr'>αὐτῷ</span> <span class='ocrx_word' id='word_1_626' title='bbox 2446 2459 2651 2523; x_wconf 89' lang='grc' dir='ltr'>δοκοῦν,</span> <span class='ocrx_word' id='word_1_627' title='bbox 2678 2459 2788 2512; x_wconf 85' lang='grc' dir='ltr'>ἀλλ’</span> <span class='ocrx_word' id='word_1_628' title='bbox 2806 2462 2862 2512; x_wconf 86' lang='grc' dir='ltr'>ὲν</span> <span class='ocrx_word' id='word_1_629' title='bbox 2886 2461 3158 2530; x_wconf 79' lang='grc' dir='ltr'>Πνεύματι</span> <span class='ocrx_word' id='word_1_630' title='bbox 3181 2459 3313 2513; x_wconf 89' lang='grc' dir='ltr'>Θεοῦ</span> <span class='ocrx_word' id='word_1_631' title='bbox 3336 2459 3549 2524; x_wconf 83' lang='grc' dir='ltr'>ζῶντος·</span> <span class='ocrx_word' id='word_1_632' title='bbox 3572 2461 3633 2512; x_wconf 81' lang='grc' dir='ltr'><strong>οὐ</strong></span> <span class='ocrx_word' id='word_1_633' title='bbox 3655 2459 3847 2512; x_wconf 85' lang='grc' dir='ltr'>διακο-</span> 
     </span>
    </p>
   </div>
   <div class='ocr_carea' id='block_1_84' title="bbox 2281 2547 3844 2620">
    <p class='ocr_par' dir='ltr' id='par_1_84' title="bbox 2281 2547 3844 2620">
     <span class='ocr_line' id='line_1_84' title="bbox 2281 2547 3844 2620; baseline 0.001 -20"><span class='ocrx_word' id='word_1_634' title='bbox 2281 2548 2441 2609; x_wconf 83' lang='grc' dir='ltr'>νικῶς</span> <span class='ocrx_word' id='word_1_635' title='bbox 2461 2547 2676 2617; x_wconf 80' lang='grc' dir='ltr'>μᾶλλον,</span> <span class='ocrx_word' id='word_1_636' title='bbox 2705 2550 2836 2613; x_wconf 78' lang='grc' dir='ltr'>ἀλλ’,</span> <span class='ocrx_word' id='word_1_637' title='bbox 2866 2551 2951 2602; x_wconf 79' lang='grc' dir='ltr'>ἵνα</span> <span class='ocrx_word' id='word_1_638' title='bbox 2963 2550 3132 2612; x_wconf 71' lang='grc' dir='ltr'>οὕτως</span> <span class='ocrx_word' id='word_1_639' title='bbox 3149 2550 3408 2620; x_wconf 79' lang='grc' dir='ltr'>εἴπωμεν,</span> <span class='ocrx_word' id='word_1_640' title='bbox 3431 2550 3808 2620; x_wconf 77' lang='grc' dir='ltr'>αὑτουργικῶς</span> <span class='ocrx_word' id='word_1_641' title='bbox 3828 2567 3844 2581; x_wconf 87' lang='grc'><strong>·</strong></span> 
     </span>
    </p>
   </div>
   <div class='ocr_carea' id='block_1_85' title="bbox 2283 2635 3848 2706">
    <p class='ocr_par' dir='ltr' id='par_1_85' title="bbox 2283 2635 3848 2706">
     <span class='ocr_line' id='line_1_85' title="bbox 2283 2635 3848 2706; baseline 0.003 -20"><span class='ocrx_word' id='word_1_642' title='bbox 2283 2635 2410 2687; x_wconf 77' lang='grc' dir='ltr'>ἴδιον</span> <span class='ocrx_word' id='word_1_643' title='bbox 2438 2635 2544 2706; x_wconf 84' lang='grc' dir='ltr'><strong>γάρ</strong></span> <span class='ocrx_word' id='word_1_644' title='bbox 2571 2635 2732 2688; x_wconf 78' lang='grc' dir='ltr'>αὑτοῦ</span> <span class='ocrx_word' id='word_1_645' title='bbox 2771 2637 2829 2688; x_wconf 80' lang='grc' dir='ltr'><strong>τὸ</strong></span> <span class='ocrx_word' id='word_1_646' title='bbox 2858 2637 3081 2706; x_wconf 85' lang='grc' dir='ltr'>Πνεῦμά</span> <span class='ocrx_word' id='word_1_647' title='bbox 3111 2640 3274 2692; x_wconf 77' lang='grc' dir='ltr'>ἐστιν.</span> <span class='ocrx_word' id='word_1_648' title='bbox 3305 2635 3435 2691; x_wconf 77' lang='grc' dir='ltr'>Εἶτα</span> <span class='ocrx_word' id='word_1_649' title='bbox 3470 2640 3584 2702; x_wconf 84' lang='grc' dir='ltr'><strong>πῶς</strong></span> <span class='ocrx_word' id='word_1_650' title='bbox 3613 2641 3670 2691; x_wconf 83' lang='grc' dir='ltr'>οὺ</span> <span class='ocrx_word' id='word_1_651' title='bbox 3704 2639 3848 2701; x_wconf 79' lang='grc' dir='ltr'>Θεὸς</span> 
     </span>
    </p>
   </div>
   <div class='ocr_carea' id='block_1_86' title="bbox 2280 2725 3848 2797">
    <p class='ocr_par' dir='ltr' id='par_1_86' title="bbox 2280 2725 3848 2797">
     <span class='ocr_line' id='line_1_86' title="bbox 2280 2725 3848 2797; baseline 0.001 -21"><span class='ocrx_word' id='word_1_652' title='bbox 2280 2726 2308 2776; x_wconf 89' lang='grc' dir='ltr'><strong>ό</strong></span> <span class='ocrx_word' id='word_1_653' title='bbox 2336 2725 2392 2777; x_wconf 82' lang='grc' dir='ltr'>ὲν</span> <span class='ocrx_word' id='word_1_654' title='bbox 2416 2725 2528 2794; x_wconf 78' lang='grc' dir='ltr'>ἰδίῳ</span> <span class='ocrx_word' id='word_1_655' title='bbox 2562 2726 2838 2796; x_wconf 85' lang='grc' dir='ltr'>Πνεύματι</span> <span class='ocrx_word' id='word_1_656' title='bbox 2864 2727 3090 2796; x_wconf 81' lang='grc' dir='ltr'>γράφων</span> <span class='ocrx_word' id='word_1_657' title='bbox 3123 2728 3254 2795; x_wconf 84' lang='grc' dir='ltr'>ἡμῖν</span> <span class='ocrx_word' id='word_1_658' title='bbox 3276 2731 3373 2797; x_wconf 77' lang='grc' dir='ltr'><strong>τῆς</strong></span> <span class='ocrx_word' id='word_1_659' title='bbox 3397 2727 3722 2796; x_wconf 86' lang='grc' dir='ltr'>θεογνωσίας</span> <span class='ocrx_word' id='word_1_660' title='bbox 3741 2727 3848 2794; x_wconf 76' lang='grc' dir='ltr'><strong>τὴν</strong></span> 
     </span>
    </p>
   </div>
   <div class='ocr_carea' id='block_1_87' title="bbox 2285 2814 3280 2886">
    <p class='ocr_par' dir='ltr' id='par_1_87' title="bbox 2285 2814 3280 2886">
     <span class='ocr_line' id='line_1_87' title="bbox 2285 2814 3280 2886; baseline 0.002 -20"><span class='ocrx_word' id='word_1_661' title='bbox 2285 2814 2437 2880; x_wconf 85' lang='grc' dir='ltr'>ὁδόν;</span> <span class='ocrx_word' id='word_1_662' title='bbox 2477 2815 2610 2885; x_wconf 78' lang='grc' dir='ltr'><strong>Περὶ</strong></span> <span class='ocrx_word' id='word_1_663' title='bbox 2639 2815 2743 2868; x_wconf 81' lang='grc' dir='ltr'><strong>τῶν</strong></span> <span class='ocrx_word' id='word_1_664' title='bbox 2787 2816 3051 2868; x_wconf 86' lang='grc' dir='ltr'>Ἰουδαίων</span> <span class='ocrx_word' id='word_1_665' title='bbox 3089 2817 3280 2886; x_wconf 81' lang='grc' dir='ltr'>φησιν’</span> 
     </span>
    </p>
   </div>
   <div class='ocr_carea' id='block_1_88' title="bbox 2357 2989 3847 3067">
    <p class='ocr_par' dir='ltr' id='par_1_88' title="bbox 2357 2989 3847 3067">
     <span class='ocr_line' id='line_1_88' title="bbox 2357 2989 3847 3067; baseline 0.006 -27"><span class='ocrx_word' id='word_1_666' title='bbox 2357 3008 2377 3040; x_wconf 73' lang='grc' dir='ltr'><strong>ι</strong></span> <span class='ocrx_word' id='word_1_667' title='bbox 2436 2989 2574 3042; x_wconf 79' lang='grc' dir='ltr'>Ἀλλ’</span> <span class='ocrx_word' id='word_1_668' title='bbox 2610 2989 2876 3061; x_wconf 80' lang='grc' dir='ltr'><strong>ἐπωρώθη</strong></span> <span class='ocrx_word' id='word_1_669' title='bbox 2902 2991 2972 3044; x_wconf 83' lang='grc' dir='ltr'>τὰ</span> <span class='ocrx_word' id='word_1_670' title='bbox 3019 2993 3263 3062; x_wconf 83' lang='grc' dir='ltr'>νοήματα</span> <span class='ocrx_word' id='word_1_671' title='bbox 3305 2994 3501 3050; x_wconf 82' lang='grc' dir='ltr'>αὐτῶν.</span> <span class='ocrx_word' id='word_1_672' title='bbox 3541 2997 3702 3067; x_wconf 80' lang='grc' dir='ltr'>’Δχρι</span> <span class='ocrx_word' id='word_1_673' title='bbox 3729 2996 3847 3065; x_wconf 73' lang='grc' dir='ltr'>γὰρ</span> 
     </span>
    </p>
   </div>
   <div class='ocr_carea' id='block_1_89' title="bbox 2282 3078 3850 3156">
    <p class='ocr_par' dir='ltr' id='par_1_89' title="bbox 2282 3078 3850 3156">
     <span class='ocr_line' id='line_1_89' title="bbox 2282 3078 3850 3156; baseline 0.004 -24"><span class='ocrx_word' id='word_1_674' title='bbox 2282 3078 2380 3148; x_wconf 83' lang='grc' dir='ltr'>τῆς</span> <span class='ocrx_word' id='word_1_675' title='bbox 2411 3081 2650 3149; x_wconf 81' lang='grc' dir='ltr'>σήμερον</span> <span class='ocrx_word' id='word_1_676' title='bbox 2685 3079 2898 3154; x_wconf 80' lang='grc' dir='ltr'>ἡμέρας</span> <span class='ocrx_word' id='word_1_677' title='bbox 2929 3081 2990 3133; x_wconf 80' lang='grc' dir='ltr'><strong>τὸ</strong></span> <span class='ocrx_word' id='word_1_678' title='bbox 3020 3083 3150 3135; x_wconf 79' lang='grc' dir='ltr'>αὐτὸ</span> <span class='ocrx_word' id='word_1_679' title='bbox 3179 3084 3438 3155; x_wconf 83' lang='grc' dir='ltr'>κάλυμμα</span> <span class='ocrx_word' id='word_1_680' title='bbox 3474 3087 3566 3137; x_wconf 73' lang='grc' dir='ltr'><strong>ἐπὶ</strong></span> <span class='ocrx_word' id='word_1_681' title='bbox 3592 3090 3657 3156; x_wconf 82' lang='grc' dir='ltr'>τῇ</span> <span class='ocrx_word' id='word_1_682' title='bbox 3703 3088 3850 3140; x_wconf 84' lang='grc' dir='ltr'>ἀνα-</span> 
     </span>
    </p>
   </div>
   <div class='ocr_carea' id='block_1_90' title="bbox 2285 3171 3851 3244">
    <p class='ocr_par' dir='ltr' id='par_1_90' title="bbox 2285 3171 3851 3244">
     <span class='ocr_line' id='line_1_90' title="bbox 2285 3171 3851 3244; baseline 0.004 -22"><span class='ocrx_word' id='word_1_683' title='bbox 2285 3171 2481 3237; x_wconf 85' lang='grc' dir='ltr'>γνώσει</span> <span class='ocrx_word' id='word_1_684' title='bbox 2520 3171 2619 3239; x_wconf 84' lang='grc' dir='ltr'>τῆς</span> <span class='ocrx_word' id='word_1_685' title='bbox 2670 3171 2912 3234; x_wconf 88' lang='grc' dir='ltr'>Παλαιᾶς</span> <span class='ocrx_word' id='word_1_686' title='bbox 2945 3173 3216 3243; x_wconf 79' lang='grc' dir='ltr'>Διαθήκης</span> <span class='ocrx_word' id='word_1_687' title='bbox 3245 3175 3482 3244; x_wconf 84' lang='grc' dir='ltr'>διαμένει</span> <span class='ocrx_word' id='word_1_688' title='bbox 3515 3176 3586 3243; x_wconf 84' lang='grc' dir='ltr'><strong>μὴ</strong></span> <span class='ocrx_word' id='word_1_689' title='bbox 3635 3177 3851 3228; x_wconf 83' lang='grc' dir='ltr'>ἀνακα-</span> 
     </span>
    </p>
   </div>
   <div class='ocr_carea' id='block_1_91' title="bbox 2281 3261 3848 3332">
    <p class='ocr_par' dir='ltr' id='par_1_91' title="bbox 2281 3261 3848 3332">
     <span class='ocr_line' id='line_1_91' title="bbox 2281 3261 3848 3332; baseline 0.001 -19"><span class='ocrx_word' id='word_1_690' title='bbox 2281 3261 2635 3329; x_wconf 84' lang='grc' dir='ltr'>λυπτόμενον,</span> <span class='ocrx_word' id='word_1_691' title='bbox 2669 3261 2697 3313; x_wconf 88' lang='grc' dir='ltr'>ὃ</span> <span class='ocrx_word' id='word_1_692' title='bbox 2718 3278 2770 3313; x_wconf 88' lang='grc' dir='ltr'><strong>τι</strong></span> <span class='ocrx_word' id='word_1_693' title='bbox 2809 3263 2866 3313; x_wconf 81' lang='grc' dir='ltr'>ὲν</span> <span class='ocrx_word' id='word_1_694' title='bbox 2897 3263 3115 3332; x_wconf 82' lang='grc' dir='ltr'>Χριστῷ</span> <span class='ocrx_word' id='word_1_695' title='bbox 3156 3265 3536 3332; x_wconf 86' lang='grc' dir='ltr'>καταργεῖται’</span> <span class='ocrx_word' id='word_1_696' title='bbox 3568 3262 3701 3315; x_wconf 83' lang='grc' dir='ltr'><strong>ἀλλά</strong></span> <span class='ocrx_word' id='word_1_697' title='bbox 3738 3266 3848 3327; x_wconf 73' lang='grc' dir='ltr'><strong>ἕως</strong></span> 
     </span>
    </p>
   </div>
   <div class='ocr_carea' id='block_1_92' title="bbox 2280 3352 3848 3423">
    <p class='ocr_par' dir='ltr' id='par_1_92' title="bbox 2280 3352 3848 3423">
     <span class='ocr_line' id='line_1_92' title="bbox 2280 3352 3848 3423; baseline 0.002 -21"><span class='ocrx_word' id='word_1_698' title='bbox 2280 3353 2374 3422; x_wconf 79' lang='grc' dir='ltr'>τῆς</span> <span class='ocrx_word' id='word_1_699' title='bbox 2393 3353 2649 3423; x_wconf 86' lang='grc' dir='ltr'>σήμερον,</span> <span class='ocrx_word' id='word_1_700' title='bbox 2671 3353 2831 3422; x_wconf 79' lang='grc' dir='ltr'>ἡνίκα</span> <span class='ocrx_word' id='word_1_701' title='bbox 2849 3352 3278 3419; x_wconf 75' lang='grc' dir='ltr'>ἀναγινώσκεται</span> <span class='ocrx_word' id='word_1_702' title='bbox 3298 3353 3551 3422; x_wconf 77' lang='grc' dir='ltr'>Μωῦσῆς,</span> <span class='ocrx_word' id='word_1_703' title='bbox 3574 3354 3848 3423; x_wconf 76' lang='grc' dir='ltr'>κάλυμμα</span> 
     </span>
    </p>
   </div>
   <div class='ocr_carea' id='block_1_93' title="bbox 2283 3442 3850 3513">
    <p class='ocr_par' dir='ltr' id='par_1_93' title="bbox 2283 3442 3850 3513">
     <span class='ocr_line' id='line_1_93' title="bbox 2283 3442 3850 3513; baseline 0 -18"><span class='ocrx_word' id='word_1_704' title='bbox 2283 3444 2374 3495; x_wconf 77' lang='grc' dir='ltr'>ἐπὶ</span> <span class='ocrx_word' id='word_1_705' title='bbox 2416 3442 2514 3511; x_wconf 83' lang='grc' dir='ltr'>τὴν</span> <span class='ocrx_word' id='word_1_706' title='bbox 2553 3443 2779 3513; x_wconf 82' lang='grc' dir='ltr'>καρδίαν</span> <span class='ocrx_word' id='word_1_707' title='bbox 2825 3444 3006 3513; x_wconf 18' lang='grc' dir='ltr'>,αὐτῶν</span> <span class='ocrx_word' id='word_1_708' title='bbox 3058 3447 3251 3498; x_wconf 89' lang='grc' dir='ltr'>κεῖται.</span> <span class='ocrx_word' id='word_1_709' title='bbox 3311 3443 3499 3496; x_wconf 84' lang='grc' dir='ltr'>Ἦνίκα</span> <span class='ocrx_word' id='word_1_710' title='bbox 3551 3445 3594 3496; x_wconf 80' lang='grc' dir='ltr'>δ’</span> <span class='ocrx_word' id='word_1_711' title='bbox 3626 3445 3692 3496; x_wconf 74' lang='grc' dir='ltr'>ἂν</span> <span class='ocrx_word' id='word_1_712' title='bbox 3721 3447 3850 3496; x_wconf 81' lang='grc' dir='ltr'>ὲπι-</span> 
     </span>
    </p>
   </div>
   <div class='ocr_carea' id='block_1_94' title="bbox 2285 3530 3852 3604">
    <p class='ocr_par' dir='ltr' id='par_1_94' title="bbox 2285 3530 3852 3604">
     <span class='ocr_line' id='line_1_94' title="bbox 2285 3530 3852 3604; baseline 0.004 -22"><span class='ocrx_word' id='word_1_713' title='bbox 2285 3530 2489 3602; x_wconf 74' lang='grc' dir='ltr'>στρέψῃ</span> <span class='ocrx_word' id='word_1_714' title='bbox 2524 3531 2659 3600; x_wconf 82' lang='grc' dir='ltr'>πρὸς</span> <span class='ocrx_word' id='word_1_715' title='bbox 2691 3533 2913 3602; x_wconf 80' lang='grc' dir='ltr'>Κύριον,</span> <span class='ocrx_word' id='word_1_716' title='bbox 2945 3535 3307 3602; x_wconf 84' lang='grc' dir='ltr'>περιαιρεῖται</span> <span class='ocrx_word' id='word_1_717' title='bbox 3349 3533 3410 3585; x_wconf 87' lang='grc' dir='ltr'><strong>τὸ</strong></span> <span class='ocrx_word' id='word_1_718' title='bbox 3454 3533 3733 3604; x_wconf 73' lang='grc' dir='ltr'>κάλυμμα.</span> <span class='ocrx_word' id='word_1_719' title='bbox 3780 3537 3852 3588; x_wconf 82' lang='grc' dir='ltr'><em>Ὃ</em></span> 
     </span>
    </p>
   </div>
   <div class='ocr_carea' id='block_1_95' title="bbox 2282 3619 3849 3696">
    <p class='ocr_par' dir='ltr' id='par_1_95' title="bbox 2282 3619 3849 3696">
     <span class='ocr_line' id='line_1_95' title="bbox 2282 3619 3849 3696; baseline 0.003 -23"><span class='ocrx_word' id='word_1_720' title='bbox 2282 3621 2337 3674; x_wconf 83' lang='grc' dir='ltr'>δὲ</span> <span class='ocrx_word' id='word_1_721' title='bbox 2367 3621 2567 3691; x_wconf 83' lang='grc' dir='ltr'>Κύριος</span> <span class='ocrx_word' id='word_1_722' title='bbox 2591 3625 2650 3675; x_wconf 82' lang='grc' dir='ltr'><strong>τὸ</strong></span> <span class='ocrx_word' id='word_1_723' title='bbox 2672 3622 2894 3693; x_wconf 86' lang='grc' dir='ltr'>Πνεῦμά</span> <span class='ocrx_word' id='word_1_724' title='bbox 2925 3625 3099 3676; x_wconf 76' lang='grc' dir='ltr'>ἐστιν’</span> <span class='ocrx_word' id='word_1_725' title='bbox 3123 3619 3180 3678; x_wconf 75' lang='grc' dir='ltr'><strong>οὗ</strong></span> <span class='ocrx_word' id='word_1_726' title='bbox 3202 3625 3257 3676; x_wconf 82' lang='grc' dir='ltr'>δὲ</span> <span class='ocrx_word' id='word_1_727' title='bbox 3285 3625 3344 3676; x_wconf 88' lang='grc' dir='ltr'><strong>τδ</strong></span> <span class='ocrx_word' id='word_1_728' title='bbox 3374 3626 3596 3694; x_wconf 87' lang='grc' dir='ltr'>Πνεῦμα</span> <span class='ocrx_word' id='word_1_729' title='bbox 3617 3626 3849 3696; x_wconf 78' lang='grc' dir='ltr'>Κυρίου,</span> 
     </span>
    </p>
   </div>
   <div class='ocr_carea' id='block_1_96' title="bbox 2283 3711 3857 3784">
    <p class='ocr_par' dir='ltr' id='par_1_96' title="bbox 2283 3711 3857 3784">
     <span class='ocr_line' id='line_1_96' title="bbox 2283 3711 3857 3784; baseline 0.003 -22"><span class='ocrx_word' id='word_1_730' title='bbox 2283 3713 2398 3763; x_wconf 77' lang='grc' dir='ltr'>ἐκεῖ</span> <span class='ocrx_word' id='word_1_731' title='bbox 2440 3711 2740 3782; x_wconf 78' lang='grc' dir='ltr'>ἐλευθερία.</span> <span class='ocrx_word' id='word_1_732' title='bbox 2793 3730 2809 3762; x_wconf 78' lang='grc' dir='ltr'><strong>ι</strong></span> <span class='ocrx_word' id='word_1_733' title='bbox 2848 3713 2910 3764; x_wconf 75' lang='lat' dir='ltr'><strong>Ei</strong></span> <span class='ocrx_word' id='word_1_734' title='bbox 2945 3713 3095 3775; x_wconf 81' lang='grc' dir='ltr'>τέλος</span> <span class='ocrx_word' id='word_1_735' title='bbox 3142 3713 3302 3782; x_wconf 87' lang='grc' dir='ltr'>νόμου</span> <span class='ocrx_word' id='word_1_736' title='bbox 3352 3715 3444 3766; x_wconf 78' lang='grc' dir='ltr'><strong>καὶ</strong></span> <span class='ocrx_word' id='word_1_737' title='bbox 3489 3715 3786 3784; x_wconf 71' lang='grc' dir='ltr'>προφητῶν</span> <span class='ocrx_word' id='word_1_738' title='bbox 3825 3719 3857 3766; x_wconf 83' lang='grc' dir='ltr'><strong>ό</strong></span> 
     </span>
    </p>
   </div>
   <div class='ocr_carea' id='block_1_97' title="bbox 2284 3802 3852 3875">
    <p class='ocr_par' dir='ltr' id='par_1_97' title="bbox 2284 3802 3852 3875">
     <span class='ocr_line' id='line_1_97' title="bbox 2284 3802 3852 3875; baseline 0.001 -22"><span class='ocrx_word' id='word_1_739' title='bbox 2284 3802 2538 3871; x_wconf 75' lang='grc' dir='ltr'>Χριστὸς,</span> <span class='ocrx_word' id='word_1_740' title='bbox 2572 3805 2666 3855; x_wconf 72' lang='grc' dir='ltr'>καὶ</span> <span class='ocrx_word' id='word_1_741' title='bbox 2696 3804 2796 3856; x_wconf 79' lang='grc' dir='ltr'><strong>οὐκ</strong></span> <span class='ocrx_word' id='word_1_742' title='bbox 2825 3804 3262 3856; x_wconf 83' lang='grc' dir='ltr'>ἀποκαλύπτεται</span> <span class='ocrx_word' id='word_1_743' title='bbox 3290 3805 3347 3857; x_wconf 87' lang='grc' dir='ltr'><strong>τὸ</strong></span> <span class='ocrx_word' id='word_1_744' title='bbox 3381 3805 3640 3875; x_wconf 86' lang='grc' dir='ltr'>κάλυμμα</span> <span class='ocrx_word' id='word_1_745' title='bbox 3672 3807 3730 3857; x_wconf 79' lang='grc' dir='ltr'><strong>τὸ</strong></span> <span class='ocrx_word' id='word_1_746' title='bbox 3755 3808 3852 3857; x_wconf 74' lang='grc' dir='ltr'>ἐπὶ</span> 
     </span>
    </p>
   </div>
   <div class='ocr_carea' id='block_1_98' title="bbox 2283 3892 3853 3964">
    <p class='ocr_par' dir='ltr' id='par_1_98' title="bbox 2283 3892 3853 3964">
     <span class='ocr_line' id='line_1_98' title="bbox 2283 3892 3853 3964; baseline 0.003 -22"><span class='ocrx_word' id='word_1_747' title='bbox 2283 3893 2348 3960; x_wconf 82' lang='grc' dir='ltr'>τῇ</span> <span class='ocrx_word' id='word_1_748' title='bbox 2378 3893 2679 3959; x_wconf 81' lang='grc' dir='ltr'>ἀναγνώσει</span> <span class='ocrx_word' id='word_1_749' title='bbox 2707 3893 2804 3961; x_wconf 84' lang='grc' dir='ltr'><strong>τῆς</strong></span> <span class='ocrx_word' id='word_1_750' title='bbox 2833 3892 3071 3954; x_wconf 85' lang='grc' dir='ltr'>Παλαιᾶς</span> <span class='ocrx_word' id='word_1_751' title='bbox 3100 3894 3387 3964; x_wconf 84' lang='grc' dir='ltr'>Διαθήκης,</span> <span class='ocrx_word' id='word_1_752' title='bbox 3418 3896 3464 3945; x_wconf 85' lang='grc' dir='ltr'>εἰ</span> <span class='ocrx_word' id='word_1_753' title='bbox 3502 3896 3575 3964; x_wconf 79' lang='grc' dir='ltr'>μὴ</span> <span class='ocrx_word' id='word_1_754' title='bbox 3608 3897 3666 3946; x_wconf 82' lang='grc' dir='ltr'>ὲν</span> <span class='ocrx_word' id='word_1_755' title='bbox 3704 3896 3853 3964; x_wconf 81' lang='grc' dir='ltr'>μόνῳ</span> 
     </span>
    </p>
   </div>
   <div class='ocr_carea' id='block_1_99' title="bbox 2283 3981 3854 4055">
    <p class='ocr_par' dir='ltr' id='par_1_99' title="bbox 2283 3981 3854 4055">
     <span class='ocr_line' id='line_1_99' title="bbox 2283 3981 3854 4055; baseline 0 -20"><span class='ocrx_word' id='word_1_756' title='bbox 2283 3981 2361 4050; x_wconf 77' lang='grc' dir='ltr'>τῷ</span> <span class='ocrx_word' id='word_1_757' title='bbox 2404 3982 2623 4052; x_wconf 86' lang='grc' dir='ltr'>Χριστῷ</span> <span class='ocrx_word' id='word_1_758' title='bbox 2647 3999 2660 4012; x_wconf 76' lang='grc' dir='ltr'><strong>ο</strong></span> <span class='ocrx_word' id='word_1_759' title='bbox 2696 3986 2845 4035; x_wconf 88' lang='grc' dir='ltr'>ποῖον</span> <span class='ocrx_word' id='word_1_760' title='bbox 2900 3984 3009 4053; x_wconf 74' lang='grc' dir='ltr'>ἔχει</span> <span class='ocrx_word' id='word_1_761' title='bbox 3040 3984 3194 4052; x_wconf 79' lang='grc' dir='ltr'>λόγον</span> <span class='ocrx_word' id='word_1_762' title='bbox 3247 3985 3326 4049; x_wconf 80' lang='grc' dir='ltr'><strong>τὸ,</strong></span> <span class='ocrx_word' id='word_1_763' title='bbox 3374 3985 3654 4055; x_wconf 78' lang='grc' dir='ltr'>ἄνθρωπον</span> <span class='ocrx_word' id='word_1_764' title='bbox 3689 3987 3854 4037; x_wconf 63' lang='grc' dir='ltr'>αὐτὸ)</span> 
     </span>
    </p>
   </div>
   <div class='ocr_carea' id='block_1_100' title="bbox 2283 4075 3856 4147">
    <p class='ocr_par' dir='ltr' id='par_1_100' title="bbox 2283 4075 3856 4147">
     <span class='ocr_line' id='line_1_100' title="bbox 2283 4075 3856 4147; baseline 0.001 -21"><span class='ocrx_word' id='word_1_765' title='bbox 2283 4075 2489 4128; x_wconf 75' lang='grc' dir='ltr'>οἴεσθαι</span> <span class='ocrx_word' id='word_1_766' title='bbox 2511 4076 2686 4127; x_wconf 76' lang='grc' dir='ltr'>κοινὸν</span> <span class='ocrx_word' id='word_1_767' title='bbox 2717 4076 3003 4146; x_wconf 82' lang='grc' dir='ltr'>ὑπάρχειν,</span> <span class='ocrx_word' id='word_1_768' title='bbox 3041 4077 3175 4146; x_wconf 80' lang='grc' dir='ltr'>μόνῃ</span> <span class='ocrx_word' id='word_1_769' title='bbox 3204 4080 3268 4146; x_wconf 85' lang='grc' dir='ltr'><strong>τῇ</strong></span> <span class='ocrx_word' id='word_1_770' title='bbox 3299 4077 3396 4146; x_wconf 78' lang='grc' dir='ltr'>τῆς</span> <span class='ocrx_word' id='word_1_771' title='bbox 3419 4078 3665 4146; x_wconf 78' lang='grc' dir='ltr'>υἱότητος</span> <span class='ocrx_word' id='word_1_772' title='bbox 3687 4095 3856 4147; x_wconf 74' lang='grc' dir='ltr'>προτ-</span> 
     </span>
    </p>
   </div>
   <div class='ocr_carea' id='block_1_101' title="bbox 2286 4166 3853 4239">
    <p class='ocr_par' dir='ltr' id='par_1_101' title="bbox 2286 4166 3853 4239">
     <span class='ocr_line' id='line_1_101' title="bbox 2286 4166 3853 4239; baseline 0 -21"><span class='ocrx_word' id='word_1_773' title='bbox 2286 4166 2480 4236; x_wconf 82' lang='grc' dir='ltr'>ηγορίᾳ</span> <span class='ocrx_word' id='word_1_774' title='bbox 2509 4168 2868 4237; x_wconf 86' lang='grc' dir='ltr'>τετιμημένον</span> <span class='ocrx_word' id='word_1_775' title='bbox 2889 4185 2902 4232; x_wconf 91' lang='grc'><strong>;</strong></span> <span class='ocrx_word' id='word_1_776' title='bbox 2925 4168 3249 4237; x_wconf 79' lang='grc' dir='ltr'>Εὑρίσκεται</span> <span class='ocrx_word' id='word_1_777' title='bbox 3275 4168 3382 4237; x_wconf 81' lang='grc' dir='ltr'>γὰρ</span> <span class='ocrx_word' id='word_1_778' title='bbox 3414 4168 3479 4220; x_wconf 78' lang='grc' dir='ltr'>ἂν</span> <span class='ocrx_word' id='word_1_779' title='bbox 3512 4168 3684 4231; x_wconf 79' lang='grc' dir='ltr'>οὕτως</span> <span class='ocrx_word' id='word_1_780' title='bbox 3707 4169 3819 4239; x_wconf 80' lang='grc' dir='ltr'>ἔχει</span> <span class='ocrx_word' id='word_1_781' title='bbox 3837 4188 3853 4218; x_wconf 73' lang='grc' dir='ltr'><em>δ</em></span> 
     </span>
    </p>
   </div>
   <div class='ocr_carea' id='block_1_102' title="bbox 2289 4256 3851 4327">
    <p class='ocr_par' dir='ltr' id='par_1_102' title="bbox 2289 4256 3851 4327">
     <span class='ocr_line' id='line_1_102' title="bbox 2289 4256 3851 4327; baseline 0.001 -20"><span class='ocrx_word' id='word_1_782' title='bbox 2289 4258 2347 4307; x_wconf 78' lang='grc' dir='ltr'><strong>τὸ</strong></span> <span class='ocrx_word' id='word_1_783' title='bbox 2373 4257 2469 4325; x_wconf 87' lang='grc' dir='ltr'><strong>τῆς</strong></span> <span class='ocrx_word' id='word_1_784' title='bbox 2499 4256 2730 4319; x_wconf 84' lang='grc' dir='ltr'>πίστεως</span> <span class='ocrx_word' id='word_1_785' title='bbox 2759 4259 2790 4327; x_wconf 80' lang='grc' dir='ltr'>ἡ</span> <span class='ocrx_word' id='word_1_786' title='bbox 2802 4257 2912 4324; x_wconf 83' lang='grc' dir='ltr'><strong>μῶν</strong></span> <span class='ocrx_word' id='word_1_787' title='bbox 2939 4257 3085 4318; x_wconf 85' lang='grc' dir='ltr'>τέλος</span> <span class='ocrx_word' id='word_1_788' title='bbox 3113 4257 3210 4308; x_wconf 74' lang='grc' dir='ltr'><strong>οὐκ</strong></span> <span class='ocrx_word' id='word_1_789' title='bbox 3231 4259 3307 4319; x_wconf 83' lang='grc' dir='ltr'><strong>είς</strong></span> <span class='ocrx_word' id='word_1_790' title='bbox 3325 4257 3452 4308; x_wconf 83' lang='grc' dir='ltr'>Θεὸν</span> <span class='ocrx_word' id='word_1_791' title='bbox 3481 4257 3704 4326; x_wconf 75' lang='grc' dir='ltr'>μᾶλλον,</span> <span class='ocrx_word' id='word_1_792' title='bbox 3733 4259 3851 4310; x_wconf 80' lang='grc' dir='ltr'>ἀλλ’</span> 
     </span>
    </p>
   </div>
   <div class='ocr_carea' id='block_1_103' title="bbox 2289 4347 3854 4419">
    <p class='ocr_par' dir='ltr' id='par_1_103' title="bbox 2289 4347 3854 4419">
     <span class='ocr_line' id='line_1_103' title="bbox 2289 4347 3854 4419; baseline 0.001 -20"><span class='ocrx_word' id='word_1_793' title='bbox 2289 4351 2365 4410; x_wconf 82' lang='grc' dir='ltr'>εἰς</span> <span class='ocrx_word' id='word_1_794' title='bbox 2418 4349 2511 4400; x_wconf 76' lang='grc' dir='ltr'><strong>ἕνα</strong></span> <span class='ocrx_word' id='word_1_795' title='bbox 2562 4347 2667 4401; x_wconf 82' lang='grc' dir='ltr'>τῶν</span> <span class='ocrx_word' id='word_1_796' title='bbox 2723 4349 2842 4400; x_wconf 81' lang='grc' dir='ltr'>καθ’</span> <span class='ocrx_word' id='word_1_797' title='bbox 2899 4349 3080 4419; x_wconf 80' lang='grc' dir='ltr'>ἡμᾶς·</span> <span class='ocrx_word' id='word_1_798' title='bbox 3148 4349 3281 4418; x_wconf 80' lang='grc' dir='ltr'>ὅπερ</span> <span class='ocrx_word' id='word_1_799' title='bbox 3336 4348 3452 4400; x_wconf 77' lang='grc' dir='ltr'>ἐστὶ</span> <span class='ocrx_word' id='word_1_800' title='bbox 3488 4349 3596 4400; x_wconf 81' lang='grc' dir='ltr'><strong>τῶν</strong></span> <span class='ocrx_word' id='word_1_801' title='bbox 3637 4351 3854 4401; x_wconf 76' lang='grc' dir='ltr'>ἁτοπω·</span> 
     </span>
    </p>
   </div>
   <div class='ocr_carea' id='block_1_104' title="bbox 2217 4441 2485 4525">
    <p class='ocr_par' dir='ltr' id='par_1_104' title="bbox 2217 4441 2485 4525">
     <span class='ocr_line' id='line_1_104' title="bbox 2217 4441 2485 4525; baseline 0.007 -33"><span class='ocrx_word' id='word_1_802' title='bbox 2217 4471 2262 4525; x_wconf 78' lang='lat' dir='ltr'><strong>D</strong></span> <span class='ocrx_word' id='word_1_803' title='bbox 2290 4441 2485 4494; x_wconf 82' lang='grc' dir='ltr'>τάτων.</span> 
     </span>
    </p>
   </div>
   <div class='ocr_carea' id='block_1_105' title="bbox 2355 4528 3854 4600">
    <p class='ocr_par' dir='ltr' id='par_1_105' title="bbox 2355 4528 3854 4600">
     <span class='ocr_line' id='line_1_105' title="bbox 2355 4528 3854 4600; baseline -0.001 -19"><span class='ocrx_word' id='word_1_804' title='bbox 2355 4549 2371 4581; x_wconf 82' lang='grc' dir='ltr'><strong>ι</strong></span> <span class='ocrx_word' id='word_1_805' title='bbox 2396 4533 2456 4583; x_wconf 60' lang='lat' dir='ltr'><strong>Ei</strong></span> <span class='ocrx_word' id='word_1_806' title='bbox 2478 4531 2531 4582; x_wconf 76' lang='grc' dir='ltr'>δὲ</span> <span class='ocrx_word' id='word_1_807' title='bbox 2560 4531 2651 4582; x_wconf 74' lang='grc' dir='ltr'>καὶ</span> <span class='ocrx_word' id='word_1_808' title='bbox 2681 4528 2792 4582; x_wconf 79' lang='grc' dir='ltr'>ἔστι</span> <span class='ocrx_word' id='word_1_809' title='bbox 2824 4529 3228 4600; x_wconf 82' lang='grc' dir='ltr'>κεκαλυμμένον</span> <span class='ocrx_word' id='word_1_810' title='bbox 3257 4531 3316 4582; x_wconf 83' lang='grc' dir='ltr'><strong>τὸ</strong></span> <span class='ocrx_word' id='word_1_811' title='bbox 3349 4528 3675 4596; x_wconf 80' lang='grc' dir='ltr'>Εὐαγγέλιον</span> <span class='ocrx_word' id='word_1_812' title='bbox 3697 4529 3854 4598; x_wconf 77' lang='grc' dir='ltr'>ἡμῶν</span> 
     </span>
    </p>
   </div>
   <div class='ocr_carea' id='block_1_106' title="bbox 2290 4617 3856 4692">
    <p class='ocr_par' dir='ltr' id='par_1_106' title="bbox 2290 4617 3856 4692">
     <span class='ocr_line' id='line_1_106' title="bbox 2290 4617 3856 4692; baseline -0.002 -18"><span class='ocrx_word' id='word_1_813' title='bbox 2290 4625 2347 4674; x_wconf 77' lang='grc' dir='ltr'>ἐν</span> <span class='ocrx_word' id='word_1_814' title='bbox 2387 4625 2496 4683; x_wconf 86' lang='grc' dir='ltr'>τοῖς</span> <span class='ocrx_word' id='word_1_815' title='bbox 2533 4621 2940 4690; x_wconf 82' lang='grc' dir='ltr'>ἀπολλυμένοις,</span> <span class='ocrx_word' id='word_1_816' title='bbox 2980 4622 3093 4674; x_wconf 78' lang='grc' dir='ltr'>ἔστι</span> <span class='ocrx_word' id='word_1_817' title='bbox 3158 4622 3564 4692; x_wconf 83' lang='grc' dir='ltr'>κεκαλυμμένον</span> <span class='ocrx_word' id='word_1_818' title='bbox 3611 4623 3668 4673; x_wconf 81' lang='grc' dir='ltr'>ἐν</span> <span class='ocrx_word' id='word_1_819' title='bbox 3714 4617 3795 4683; x_wconf 69' lang='grc' dir='ltr'>οἷς</span> <span class='ocrx_word' id='word_1_820' title='bbox 3828 4621 3856 4671; x_wconf 85' lang='lat'><strong>6</strong></span> 
     </span>
    </p>
   </div>
   <div class='ocr_carea' id='block_1_107' title="bbox 2290 4713 3857 4785">
    <p class='ocr_par' dir='ltr' id='par_1_107' title="bbox 2290 4713 3857 4785">
     <span class='ocr_line' id='line_1_107' title="bbox 2290 4713 3857 4785; baseline -0.002 -18"><span class='ocrx_word' id='word_1_821' title='bbox 2290 4715 2421 4778; x_wconf 81' lang='grc' dir='ltr'>Θεὸς</span> <span class='ocrx_word' id='word_1_822' title='bbox 2451 4713 2542 4767; x_wconf 90' lang='grc' dir='ltr'><strong>τοῦ</strong></span> <span class='ocrx_word' id='word_1_823' title='bbox 2580 4715 2772 4777; x_wconf 81' lang='grc' dir='ltr'>αἰῶνος</span> <span class='ocrx_word' id='word_1_824' title='bbox 2820 4714 3007 4767; x_wconf 86' lang='grc' dir='ltr'>τούτου</span> <span class='ocrx_word' id='word_1_825' title='bbox 3039 4714 3310 4780; x_wconf 78' lang='grc' dir='ltr'>ἐτύφλωσε</span> <span class='ocrx_word' id='word_1_826' title='bbox 3359 4715 3427 4767; x_wconf 85' lang='grc' dir='ltr'>τὰ</span> <span class='ocrx_word' id='word_1_827' title='bbox 3459 4717 3709 4785; x_wconf 85' lang='grc' dir='ltr'>νοήματα</span> <span class='ocrx_word' id='word_1_828' title='bbox 3747 4714 3857 4766; x_wconf 80' lang='grc' dir='ltr'><strong>τῶν</strong></span> 
     </span>
    </p>
   </div>
   <div class='ocr_carea' id='block_1_108' title="bbox 2294 4805 3860 4874">
    <p class='ocr_par' dir='ltr' id='par_1_108' title="bbox 2294 4805 3860 4874">
     <span class='ocr_line' id='line_1_108' title="bbox 2294 4805 3860 4874; baseline -0.001 -15"><span class='ocrx_word' id='word_1_829' title='bbox 2294 4806 2555 4867; x_wconf 85' lang='grc' dir='ltr'>ἀπίστων,</span> <span class='ocrx_word' id='word_1_830' title='bbox 2587 4807 2666 4868; x_wconf 86' lang='grc' dir='ltr'><strong>είς</strong></span> <span class='ocrx_word' id='word_1_831' title='bbox 2693 4805 2752 4857; x_wconf 84' lang='grc' dir='ltr'><strong>τὸ</strong></span> <span class='ocrx_word' id='word_1_832' title='bbox 2784 4805 2856 4874; x_wconf 85' lang='grc' dir='ltr'>μὴ</span> <span class='ocrx_word' id='word_1_833' title='bbox 2885 4806 3115 4873; x_wconf 83' lang='grc' dir='ltr'>αὐγάσαι</span> <span class='ocrx_word' id='word_1_834' title='bbox 3146 4807 3233 4858; x_wconf 83' lang='grc' dir='ltr'><strong>τὸν</strong></span> <span class='ocrx_word' id='word_1_835' title='bbox 3257 4806 3527 4874; x_wconf 77' lang='grc' dir='ltr'>φωτισμὸν</span> <span class='ocrx_word' id='word_1_836' title='bbox 3555 4805 3650 4858; x_wconf 88' lang='grc' dir='ltr'><strong>τοῦ</strong></span> <span class='ocrx_word' id='word_1_837' title='bbox 3684 4806 3860 4872; x_wconf 73' lang='grc' dir='ltr'>Εὐαγο</span> 
     </span>
    </p>
   </div>
   <div class='ocr_carea' id='block_1_109' title="bbox 2293 4895 3859 4966">
    <p class='ocr_par' dir='ltr' id='par_1_109' title="bbox 2293 4895 3859 4966">
     <span class='ocr_line' id='line_1_109' title="bbox 2293 4895 3859 4966; baseline 0 -18"><span class='ocrx_word' id='word_1_838' title='bbox 2293 4897 2471 4964; x_wconf 84' lang='grc' dir='ltr'>γελίου</span> <span class='ocrx_word' id='word_1_839' title='bbox 2515 4896 2610 4965; x_wconf 85' lang='grc' dir='ltr'><strong>τῆς</strong></span> <span class='ocrx_word' id='word_1_840' title='bbox 2644 4895 2800 4965; x_wconf 80' lang='grc' dir='ltr'>δόξης</span> <span class='ocrx_word' id='word_1_841' title='bbox 2846 4895 2939 4947; x_wconf 86' lang='grc' dir='ltr'><strong>τοῦ</strong></span> <span class='ocrx_word' id='word_1_842' title='bbox 2991 4895 3246 4966; x_wconf 85' lang='grc' dir='ltr'>Χριστοῦ,</span> <span class='ocrx_word' id='word_1_843' title='bbox 3278 4898 3336 4958; x_wconf 78' lang='grc' dir='ltr'>ὃς</span> <span class='ocrx_word' id='word_1_844' title='bbox 3380 4898 3524 4949; x_wconf 78' lang='grc' dir='ltr'>ἐστιν</span> <span class='ocrx_word' id='word_1_845' title='bbox 3571 4895 3738 4947; x_wconf 73' lang='grc' dir='ltr'>εἰκὼν</span> <span class='ocrx_word' id='word_1_846' title='bbox 3765 4895 3859 4948; x_wconf 88' lang='grc' dir='ltr'><strong>τοῦ</strong></span> 
     </span>
    </p>
   </div>
   <div class='ocr_carea' id='block_1_110' title="bbox 2296 4988 3859 5056">
    <p class='ocr_par' dir='ltr' id='par_1_110' title="bbox 2296 4988 3859 5056">
     <span class='ocr_line' id='line_1_110' title="bbox 2296 4988 3859 5056; baseline 0 -18"><span class='ocrx_word' id='word_1_847' title='bbox 2296 4989 2446 5041; x_wconf 77' lang='grc' dir='ltr'>Θεοῦ.</span> <span class='ocrx_word' id='word_1_848' title='bbox 2491 5007 2509 5038; x_wconf 72' lang='grc' dir='ltr'><strong>ι</strong></span> <span class='ocrx_word' id='word_1_849' title='bbox 2545 4989 2608 5040; x_wconf 87' lang='grc' dir='ltr'><strong>Εἰ</strong></span> <span class='ocrx_word' id='word_1_850' title='bbox 2638 4988 2778 5040; x_wconf 91' lang='grc' dir='ltr'>κατά</span> <span class='ocrx_word' id='word_1_851' title='bbox 2823 5005 2886 5055; x_wconf 91' lang='grc' dir='ltr'><strong>γε</strong></span> <span class='ocrx_word' id='word_1_852' title='bbox 2913 4989 2972 5040; x_wconf 85' lang='grc' dir='ltr'><strong>τό</strong></span> <span class='ocrx_word' id='word_1_853' title='bbox 2998 5005 3108 5040; x_wconf 91' lang='grc' dir='ltr'>τισι</span> <span class='ocrx_word' id='word_1_854' title='bbox 3138 4988 3324 5041; x_wconf 86' lang='grc' dir='ltr'>δοκοῦν</span> <span class='ocrx_word' id='word_1_855' title='bbox 3355 4988 3530 5049; x_wconf 77' lang='grc' dir='ltr'>κοινὸς</span> <span class='ocrx_word' id='word_1_856' title='bbox 3572 4988 3859 5056; x_wconf 73' lang='grc' dir='ltr'>ἄνθρωπός</span> 
     </span>
    </p>
   </div>
   <div class='ocr_carea' id='block_1_111' title="bbox 2297 5076 3861 5148">
    <p class='ocr_par' dir='ltr' id='par_1_111' title="bbox 2297 5076 3861 5148">
     <span class='ocr_line' id='line_1_111' title="bbox 2297 5076 3861 5148; baseline 0 -19"><span class='ocrx_word' id='word_1_857' title='bbox 2297 5080 2441 5130; x_wconf 78' lang='grc' dir='ltr'>ἐστιν</span> <span class='ocrx_word' id='word_1_858' title='bbox 2463 5079 2490 5129; x_wconf 92' lang='lat'><strong>6</strong></span> <span class='ocrx_word' id='word_1_859' title='bbox 2519 5077 2770 5146; x_wconf 86' lang='grc' dir='ltr'>Χριστὸς,</span> <span class='ocrx_word' id='word_1_860' title='bbox 2801 5076 2989 5128; x_wconf 76' lang='grc' dir='ltr'>ἐνώσει</span> <span class='ocrx_word' id='word_1_861' title='bbox 3023 5079 3153 5148; x_wconf 82' lang='grc' dir='ltr'>μόνῃ</span> <span class='ocrx_word' id='word_1_862' title='bbox 3176 5081 3240 5146; x_wconf 77' lang='grc' dir='ltr'>τῇ</span> <span class='ocrx_word' id='word_1_863' title='bbox 3270 5079 3406 5130; x_wconf 84' lang='grc' dir='ltr'>κατὰ</span> <span class='ocrx_word' id='word_1_864' title='bbox 3443 5078 3736 5146; x_wconf 86' lang='grc' dir='ltr'>πρόσωπον</span> <span class='ocrx_word' id='word_1_865' title='bbox 3760 5078 3861 5146; x_wconf 78' lang='grc' dir='ltr'>τὴν</span> 
     </span>
    </p>
   </div>
   <div class='ocr_carea' id='block_1_112' title="bbox 2301 5167 3862 5237">
    <p class='ocr_par' dir='ltr' id='par_1_112' title="bbox 2301 5167 3862 5237">
     <span class='ocr_line' id='line_1_112' title="bbox 2301 5167 3862 5237; baseline 0 -19"><span class='ocrx_word' id='word_1_866' title='bbox 2301 5170 2587 5236; x_wconf 71' lang='grc' dir='ltr'>συνάφειαν</span> <span class='ocrx_word' id='word_1_867' title='bbox 2623 5167 2760 5236; x_wconf 76' lang='grc' dir='ltr'>ἔχων</span> <span class='ocrx_word' id='word_1_868' title='bbox 2793 5168 2924 5237; x_wconf 81' lang='grc' dir='ltr'>πρὸς</span> <span class='ocrx_word' id='word_1_869' title='bbox 2962 5169 3052 5220; x_wconf 80' lang='grc' dir='ltr'><strong>τὸν</strong></span> <span class='ocrx_word' id='word_1_870' title='bbox 3099 5171 3160 5220; x_wconf 81' lang='grc' dir='ltr'><strong>ὲκ</strong></span> <span class='ocrx_word' id='word_1_871' title='bbox 3191 5168 3321 5220; x_wconf 90' lang='grc' dir='ltr'>Θεοῦ</span> <span class='ocrx_word' id='word_1_872' title='bbox 3354 5167 3520 5235; x_wconf 74' lang='grc' dir='ltr'>Λόγον</span> <span class='ocrx_word' id='word_1_873' title='bbox 3553 5167 3710 5236; x_wconf 69' lang='grc' dir='ltr'>(φασὶ</span> <span class='ocrx_word' id='word_1_874' title='bbox 3753 5169 3862 5237; x_wconf 79' lang='grc' dir='ltr'>γὰρ</span> 
     </span>
    </p>
   </div>
   <div class='ocr_carea' id='block_1_113' title="bbox 2299 5258 3861 5328">
    <p class='ocr_par' dir='ltr' id='par_1_113' title="bbox 2299 5258 3861 5328">
     <span class='ocr_line' id='line_1_113' title="bbox 2299 5258 3861 5328; baseline -0.002 -17"><span class='ocrx_word' id='word_1_875' title='bbox 2299 5261 2464 5321; x_wconf 72' lang='grc' dir='ltr'>οὕτως</span> <span class='ocrx_word' id='word_1_876' title='bbox 2495 5258 2668 5328; x_wconf 80' lang='grc' dir='ltr'>αὐτοί)</span> <span class='ocrx_word' id='word_1_877' title='bbox 2691 5275 2704 5288; x_wconf 74' lang='grc' dir='ltr'><strong><em>ο</em></strong></span> <span class='ocrx_word' id='word_1_878' title='bbox 2732 5260 2846 5321; x_wconf 84' lang='grc' dir='ltr'><strong>πῶς</strong></span> <span class='ocrx_word' id='word_1_879' title='bbox 2875 5261 2932 5310; x_wconf 83' lang='grc' dir='ltr'><strong>ὲν</strong></span> <span class='ocrx_word' id='word_1_880' title='bbox 2957 5263 3068 5322; x_wconf 89' lang='grc' dir='ltr'>τοῖς</span> <span class='ocrx_word' id='word_1_881' title='bbox 3087 5259 3478 5328; x_wconf 84' lang='grc' dir='ltr'>ἀπολλυμένοις</span> <span class='ocrx_word' id='word_1_882' title='bbox 3503 5259 3861 5327; x_wconf 78' lang='grc' dir='ltr'>κεκαλυμμέ-</span> 
     </span>
    </p>
   </div>
   <div class='ocr_carea' id='block_1_114' title="bbox 2303 5349 3860 5419">
    <p class='ocr_par' dir='ltr' id='par_1_114' title="bbox 2303 5349 3860 5419">
     <span class='ocr_line' id='line_1_114' title="bbox 2303 5349 3860 5419; baseline -0.002 -15"><span class='ocrx_word' id='word_1_883' title='bbox 2303 5370 2388 5404; x_wconf 89' lang='grc' dir='ltr'><strong>νον</strong></span> <span class='ocrx_word' id='word_1_884' title='bbox 2419 5351 2532 5403; x_wconf 76' lang='grc' dir='ltr'>ἐστὶ</span> <span class='ocrx_word' id='word_1_885' title='bbox 2575 5351 2633 5405; x_wconf 83' lang='grc' dir='ltr'>τὸ</span> <span class='ocrx_word' id='word_1_886' title='bbox 2671 5351 2998 5419; x_wconf 82' lang='grc' dir='ltr'>Εὐαγγέλιον</span> <span class='ocrx_word' id='word_1_887' title='bbox 3026 5353 3118 5404; x_wconf 86' lang='grc' dir='ltr'><strong>τοῦ</strong></span> <span class='ocrx_word' id='word_1_888' title='bbox 3144 5349 3276 5404; x_wconf 87' lang='grc' dir='ltr'>Θεοῦ</span> <span class='ocrx_word' id='word_1_889' title='bbox 3306 5367 3380 5416; x_wconf 75' lang='lat' dir='ltr'><strong>In;</strong></span> <span class='ocrx_word' id='word_1_890' title='bbox 3409 5353 3716 5403; x_wconf 78' lang='grc' dir='ltr'>Διάκεινται</span> <span class='ocrx_word' id='word_1_891' title='bbox 3749 5350 3860 5418; x_wconf 70' lang='grc' dir='ltr'>γὰρ</span> 
     </span>
    </p>
   </div>
   <div class='ocr_carea' id='block_1_115' title="bbox 2609 5479 3787 5549">
    <p class='ocr_par' dir='ltr' id='par_1_115' title="bbox 2609 5479 3787 5549">
     <span class='ocr_line' id='line_1_115' title="bbox 2609 5479 3787 5549; baseline 0.001 -17"><span class='ocrx_word' id='word_1_892' title='bbox 2609 5481 2653 5513; x_wconf 72' lang='grc'><strong>³⁸</strong></span> <span class='ocrx_word' id='word_1_893' title='bbox 2682 5481 2723 5535; x_wconf 91' lang='lat' dir='ltr'><strong>ll</strong></span> <span class='ocrx_word' id='word_1_894' title='bbox 2750 5484 2874 5537; x_wconf 80' lang='lat' dir='ltr'><strong>Cor.</strong></span> <span class='ocrx_word' id='word_1_895' title='bbox 2904 5499 2985 5549; x_wconf 84' lang='grc' dir='ltr'>ιιι,</span> <span class='ocrx_word' id='word_1_896' title='bbox 3017 5483 3197 5538; x_wconf 86' lang='lat' dir='ltr'><strong>ll-l7.</strong></span> <span class='ocrx_word' id='word_1_897' title='bbox 3317 5482 3359 5513; x_wconf 82' lang='grc'><strong>³⁷</strong></span> <span class='ocrx_word' id='word_1_898' title='bbox 3385 5479 3425 5534; x_wconf 86' lang='lat' dir='ltr'><strong>ll</strong></span> <span class='ocrx_word' id='word_1_899' title='bbox 3459 5479 3584 5535; x_wconf 86' lang='lat' dir='ltr'><strong>Cor.</strong></span> <span class='ocrx_word' id='word_1_900' title='bbox 3625 5495 3696 5544; x_wconf 85' lang='lat' dir='ltr'><strong>tv,</strong></span> <span class='ocrx_word' id='word_1_901' title='bbox 3732 5479 3787 5533; x_wconf 79' lang='lat'><strong>3.</strong></span> 
     </span>
    </p>
   </div>
   <div class='ocr_carea' id='block_1_116' title="bbox 1717 5597 2790 5667">
    <p class='ocr_par' dir='ltr' id='par_1_116' title="bbox 1717 5597 2790 5667">
     <span class='ocr_line' id='line_1_116' title="bbox 1717 5597 2790 5667; baseline 0.002 -19"><span class='ocrx_word' id='word_1_902' title='bbox 1717 5598 1884 5654; x_wconf 64' lang='lat' dir='ltr'><strong>Variae</strong></span> <span class='ocrx_word' id='word_1_903' title='bbox 1914 5598 2168 5653; x_wconf 78' lang='lat' dir='ltr'><strong>lcetioncs</strong></span> <span class='ocrx_word' id='word_1_904' title='bbox 2200 5598 2398 5654; x_wconf 85' lang='lat' dir='ltr'><strong>codicis</strong></span> <span class='ocrx_word' id='word_1_905' title='bbox 2428 5597 2790 5667; x_wconf 86' lang='lat' dir='ltr'><strong>Seguicriani.</strong></span> 
     </span>
    </p>
   </div>
   <div class='ocr_carea' id='block_1_117' title="bbox 713 5710 957 5765">
    <p class='ocr_par' dir='ltr' id='par_1_117' title="bbox 713 5710 957 5765">
     <span class='ocr_line' id='line_1_117' title="bbox 713 5710 957 5765; baseline -0.012 0"><span class='ocrx_word' id='word_1_906' title='bbox 713 5719 748 5744; x_wconf 83' lang='lat'><strong>&#39;”</strong></span> <span class='ocrx_word' id='word_1_907' title='bbox 775 5710 957 5765; x_wconf 79' lang='grc' dir='ltr'>αὑτοῦ.</span> 
     </span>
    </p>
   </div>
  </div>
