4056 6334
168 385 299 437 1‘2“

1245 392 1330 443 DE
1369 391 1591 445 RI'ICTA
1634 392 1786 444 l-‘lDl-I
1826 393 1915 443 AD
1950 391 2266 444 RICGINAS.

3227 390 3364 441 ιειε

162 496 236 547 τὰ
268 498 412 566 ἔθνη,
438 501 535 565 οὐχ
563 500 643 549 ὅτι
672 499 798 558 Θεός
826 501 991 561 ἐστιν,
1021 502 1131 552 ἀλλ’
1167 503 1246 552 ὅτι
1294 504 1415 554 καθ’
1450 505 1589 571 ἡμᾶς
1622 504 1708 554 ἄν·

1833 517 1933 553 rsse
1985 516 2294 567 persuasum
2342 499 2563 551 habent.
2615 496 2889 559 Quomodo
2936 497 3059 548 item
3103 495 3357 547 obcaecati

166 584 405 653 θρωπος.
435 586 556 647 Πῶς
593 586 649 635 δὲ
688 586 778 635 καὶ
805 586 1163 652 τετύφλωνται
1206 593 1352 658 παρὰ
1380 592 1469 642 τοῦ
1516 593 1727 642 Σατανᾶ

163 674 215 724 οἱ
276 676 401 744 περὶ
452 673 734 742 ἀνθρώπου
784 673 1049 739 λέγοντες,
1109 679 1189 729 ὅτι
1244 679 1523 745 ἄνθρωπός
1577 681 1725 738 ὲστι;

165 763 327 824 Doto;
377 764 430 813 δὲ
480 763 573 812 καὶ
625 764 899 831 φωτισμὸς
948 766 1123 817 ἔνεστι
1162 767 1237 835 τῷ
1283 765 1598 830 Εὑαγγελίῳ
1635 763 1727 813 τοῦ

164 850 431 921 Χριστοῦ,
483 853 529 901 εὶ
565 852 637 920 μὴ
675 852 805 915 Θεός
844 854 977 916 ἐστι,
1029 856 1120 907 καὶ
1166 855 1239 913 ὼς
1272 852 1428 903 τοῦτο
1474 852 1730 919 ὑπάρχων

166 942 515 1003 δεδόξασταις
553 941 673 1004 Πῶς
719 943 761 995 δ’
812 944 876 997 ἂν
920 945 1004 1012 εἴη
1037 944 1131 995 καὶ
1163 942 1325 993 εἰκὼν
1357 940 1450 991 τοῦ
1490 939 1644 998 Θεοῦ,
1681 941 1729 989 εἰ

170 1031 336 1098 μέχρι
368 1031 541 1098 μόνων
567 1033 669 1084 τῶν
702 1034 797 1103 τῆς
831 1034 1241 1103 ἀνθρωπότητος
1269 1032 1599 1097 ἀφικνεῖται,
1632 1028 1731 1080 οὑκ

167 1121 313 1188 ἒχων
346 1120 404 1171 τὸ
441 1117 579 1175 εἶναι
612 1126 749 1177 κατὰ
793 1126 1050 1193 ἀλήθειαν
1083 1120 1204 1180 Υἱὸς
1233 1120 1326 1171 καὶ
1356 1118 1520 1183 Θεός;

250 1224 269 1256 ι
297 1209 387 1260 Διὸ
436 1212 529 1264 καὶ
574 1212 1015 1280 φιλοτιμούμεθα,
1044 1208 1152 1259 εἴτε
1197 1206 1577 1275 ἐνδημοῦντες,
1620 1204 1729 1255 εἴτε

166 1297 550 1367 ἐκδημοῦντες,
576 1302 856 1370 εὐάρεστοι
888 1297 1034 1365 αὐτῷ
1065 1292 1220 1349 εἶναι.
1242 1297 1375 1356 Τοὺς
1399 1294 1506 1363 γὰρ
1528 1296 1731 1355 πάντας

167 1390 320 1457 ἡμᾶς
350 1392 726 1461 φανερωθῆναι
772 1390 849 1441 δεῖ
884 1388 1191 1458 ἔμπροσθεν
1234 1388 1323 1440 τοῦ
1360 1386 1597 1456 βήματος
1635 1382 1751 1435 τοῦ

166 1481 428 1550 Χριστοῦ,
460 1484 544 1534 ἵνα
582 1480 962 1549 διακομίσηται
995 1478 1221 1539 ἕκαστος
1246 1478 1312 1529 τὰ
1340 1477 1466 1528 διὰη
1496 1475 1587 1527 τοῦ
1627 1473 1731 1525 σώ-

170 1588 363 1638 ματος,
395 1572 529 1641 πρὸς
556 1573 589 1624 ἃ
616 1570 867 1638 ἔπραξεν,
898 1569 1006 1621 εἴτε
1046 1570 1266 1636 ἀγαθὸν,
1308 1569 1416 1620 εἴτε
1449 1567 1665 1636 φαῦλον.
1704 1584 1722 1616 ι

168 1662 232 1713 Εἰ
263 1664 408 1713 πᾶσα
437 1664 547 1722 τοῖς
581 1660 752 1726 ἁγίοις
784 1660 983 1729 σπουδὴ
1026 1659 1085 1712 τὸ
1113 1660 1421 1728 εὐαρεστεῖν
1454 1657 1530 1725 τῷ
1570 1654 1686 1724 Θεῷ
1710 1694 1726 1719 ,

167 1752 594 1821 φιλοτιμούμεθα
631 1753 687 1804 δὲ
714 1753 939 1805 τοιοῦτοι
972 1751 1255 1820 φαίνεσθαι
1292 1750 1367 1819 τῷ
1394 1748 1629 1817 Χριστῷ,
1670 1747 1728 1797 τὸ

1833 600 1956 639 sunt
1983 604 2009 636 a
2042 589 2265 648 Satana,
2298 588 2385 653 qui
2416 586 2479 637 de
2509 584 2726 635 homine
2750 585 3009 645 sentiunt,
3039 584 3177 649 quod
3214 582 3373 634 homo

1834 670 1957 721 est?
1992 672 2173 733 Qualis
2213 682 2472 736 praeterea
2516 669 2836 720 illuminatio
2868 668 2919 718 in
2957 667 3158 721 Christi
3202 667 3347 719 Evan

1831 758 1969 824 gelio
2007 766 2109 819 est,
2161 758 2205 808 si
2258 760 2369 823 ipse
2420 760 2559 811 Deus
2611 770 2714 808 non
2764 765 2866 816 est,
2915 770 3090 823 neque
3145 765 3203 805 ut
3237 756 3378 808 Deus

1831 846 2190 911 gloriﬁcatur?
2224 844 2323 908 Qui
2368 848 2598 913 denique
2628 847 2805 912 imago
2841 846 2930 897 Dei
2971 854 3073 907 est,
3108 844 3151 895 si
3191 859 3255 896 ea
3293 860 3381 896 so-

1832 936 1939 988 lum
1985 937 2219 1002 attingit,
2251 950 2367 1001 qua:
2405 937 2648 989 humana:
2683 945 2811 987 sunt
2845 943 3083 997 natura,
3127 948 3301 999 neque
3332 933 3383 985 id

1832 1025 2012 1091 reipsa
2046 1024 2272 1087 obtinet,
2304 1031 2362 1075 ut
2390 1022 2553 1075 Filius
2584 1034 2636 1077 et
2666 1025 2806 1078 Deus
2841 1022 2947 1078 sit?

1908 1211 1927 1245 ι
1970 1193 2033 1246 Et
2073 1195 2192 1250 ideo
2229 1194 2602 1249 contendimus
2634 1194 2745 1247 sive
2777 1195 3047 1255 absentes,
3090 1195 3203 1245 sive
3238 1207 3375 1259 prae-

1830 1295 2015 1340 sentes
2054 1286 2264 1353 placere
2316 1286 2410 1337 illi.
2467 1283 2666 1338 Omnes
2718 1284 2860 1335 enim
2903 1297 2999 1335 nos
3056 1282 3387 1336 manifestari

1831 1386 2048 1443 oportet
2080 1384 2204 1428 ante
2239 1374 2471 1427 tribunal
2502 1372 2723 1434 Christi,
2753 1380 2813 1423 ut
2857 1368 3052 1422 referat
3102 1371 3388 1438 unusquis-

1832 1480 1933 1533 que
1967 1465 2179 1532 prnpria
2205 1462 2470 1529 corporis,
2496 1470 2653 1529 prout
2683 1460 2865 1528 gessit,
2892 1460 3005 1510 sive
3037 1458 3252 1523 bonum,
3278 1461 3391 1513 sive

1832 1556 2030 1609 malum
2062 1556 2128 1608 ³⁸.
2164 1574 2183 1606 ι
2217 1555 2271 1609 Si
2302 1556 2354 1608 in
2392 1568 2553 1607 unum
2593 1552 2693 1605 hoc
2732 1549 2903 1603 sancti
2934 1549 3247 1603 incumbunt
3276 1566 3389 1603 om-

1831 1661 1946 1708 nes,
1978 1655 2035 1698 ut
2074 1644 2182 1699 Deo
2219 1645 2507 1712 placeant,
2546 1641 2933 1711 repudiatoque
2976 1638 3278 1693 mortalium
3312 1640 3391 1694 fa-

1830 1750 1978 1795 vore,
2011 1734 2271 1801 ejusmodi
2320 1748 2422 1787 nos
2446 1733 2664 1786 Christo
2708 1730 2939 1799 probare
2977 1728 3131 1781 enixe
3172 1740 3392 1784 conten-

166 1817 478 1909 ἀνθρώποις
523 1841 775 1911 ἀρέσκειν
828 1817 1279 1910 παραιτούμενοι·
1332 1817 1446 1897 πῶς
1492 1834 1550 1886 οὺ
1598 1833 1727 1894 Θεὸς

1833 1824 2004 1877 dimus
2034 1843 2046 1877 :
2092 1824 2359 1891 quomodo
2387 1823 2660 1877 Christum
2694 1821 2863 1873 Deum
2900 1832 3017 1872 esse
3045 1817 3258 1885 planum
3286 1837 3390 1875 non

167 1928 414 1999 ἐναργῶς
443 1932 470 1981 ὁ
501 1930 767 1997 Χριστός;
804 1929 911 1980 Καὶ
957 1928 1003 1977 el
1049 1926 1223 1994 κρινεί
1267 1925 1364 1994 τὴν
1409 1922 1731 1991 οἰκουμένην

165 2022 356 2085 αὐτὸς,
397 2020 513 2083 ἑνὸς
550 2018 685 2074 εἶναι
729 2019 1017 2090 νομοθέτου
1051 2015 1342 2086 λεγομένου
1390 2014 1481 2067 καὶ
1519 2013 1731 2082 κριτοῦ,

167 2114 435 2183 πρόδηλον
472 2115 551 2165 ὅτι
583 2114 675 2165 καὶ
697 2111 834 2165 κατὰ
856 2112 1010 2163 τοῦτο
1029 2109 1159 2173 Θεός
1188 2111 1325 2175 ἐστι,
1349 2107 1442 2159 καὶ.
1474 2107 1521 2157 εἰ
1544 2104 1733 2173 γέγονε

169 2205 309 2275 σὰρξ
345 2208 373 2258 ὁ
396 2206 590 2273 Λόγος.

246 2396 269 2429 ι
291 2378 357 2429 Ἠ
384 2375 490 2447 γὰρ
519 2375 704 2444 ἀγάπη
731 2374 822 2429 τοῦ
847 2372 980 2427 Θεοῦ
1007 2373 1217 2443 συνέχει
1248 2373 1412 2441 ἡμᾶς,
1443 2370 1735 2439 κρίναντας

169 2467 355 2529 τοῦτο,
420 2469 499 2520 ὅτι
532 2470 580 2519 εἰ
626 2463 705 2529 εἷς
758 2466 895 2536 ὑπὲρ
934 2464 1148 2518 πάντων
1185 2462 1471 2527 ἀπέθανεν,
1531 2460 1639 2531 ἄρα
1685 2461 1735 2512 οἱ

168 2559 377 2619 πάντες
421 2558 705 2609 ἀπέθανον.
757 2557 866 2609 Καὶ
916 2556 1053 2623 ὑπὲρ
1085 2553 1298 2607 πάντων
1327 2552 1612 2615 ἀπέθανεν,
1648 2551 1734 2602 ἴνα

164 2649 216 2700 οἱ
254 2647 475 2711 ζῶντες,
508 2647 703 2718 μηκέτι
732 2647 939 2708 ἑαυτοῖς
975 2644 1162 2708 ζῶσιν,
1195 2641 1330 2695 ἀλλὰ
1362 2641 1439 2710 τῷ
1472 2641 1610 2709 ὑπὲρ
1640 2640 1737 2692 αὐ-

163 2737 279 2790 τῶν
309 2736 628 2789 ἀποθανόντι
655 2736 748 2788 καὶ
774 2734 1069 2804 ἐγερθέντι.
1118 2752 1136 2784 ι
1166 2734 1227 2785 El
1248 2733 1445 2793 πάντες
1468 2731 1523 2783 ἓν
1547 2733 1733 2799 ὲσμεν,

170 2823 269 2874 καὶ
315 2823 463 2891 αὑτῷ
502 2822 598 2891 ζῇν
644 2820 934 2890 εὐχόμεθα,
973 2820 1469 2891 κατασεμνύνοντες
1497 2819 1734 2887 δηλονότι

162 2914 260 2965 τὸν
284 2912 493 2964 ἑαυτῶν
517 2912 624 2981 βίον
648 2910 733 2964 διά
758 2928 835 2978 γει
846 2910 938 2963 τοῦ
960 2914 1158 2981 χρῆναι
1185 2911 1423 2981 πληροῦν
1442 2912 1500 2963 τὸ
1526 2911 1735 2978 θέλημα

170 3003 365 3066 αὑτοῦ,
390 3002 568 3072 ζῶμεν
594 3002 651 3054 δὲ
683 3001 760 3071 τῷ
787 3002 1032 3072 Χριστῷο
1062 3004 1177 3066 πῶς
1210 3003 1269 3055 οὐ
1301 3002 1431 3065 Θεὸς
1459 3003 1541 3069 εἴη
1574 3002 1658 3065 ἂν,
1692 2994 1736 3066 ᾦ

164 3095 484 3164 κεχρεωστή
495 3093 650 3163 μεθα,
674 3094 885 3163 καὶζῆν
908 3093 1295 3163 σπουδάζομεν,
1313 3094 1391 3156 ὡς
1417 3094 1556 3162 ὑπὲρ
1577 3092 1734 3162 ἡμῶν

163 3183 443 3248 τεθνεῶτι,
470 3183 564 3236 καὶ
592 3182 876 3254 πριαμένῳ
906 3183 1111 3246 πάντας
1140 3184 1331 3253 αἵματι
1362 3182 1437 3253 τῷ
1478 3183 1628 3252 ἱδίῳ;

244 3446 460 3514 ι’Υπὲρ
504 3445 738 3515 Χριστοῦ
780 3442 875 3499 οῦν
924 3446 1317 3516 πρεσϐεύομεν,
1348 3447 1423 3511 ὡς
1465 3445 1559 3498 τοῦ
1598 3445 1731 3498 Θεοῦ

162 3535 609 3607 παρακαλοῦντος
657 3537 721 3590 δι’
752 3536 937 3607 ἡμῶν
982 3536 1214 3607 δεόμεθα
1270 3538 1408 3607 ὑπὲρ
1458 3536 1689 3607 Χριστοῦ
1716 3576 1731 3601 ,

163 3626 545 3696 καταλλάγητε
576 3626 652 3696 τῷ
671 3626 809 3697 Θεῷ.
836 3646 856 3676 ι
878 3625 1238 3697 Ἐπιτήρησον
1270 3628 1349 3681 ὅτι
1378 3628 1735 3698 πρεσϐεύουσι

167 3716 270 3784 μὲν
299 3715 438 3785 ὑπὲρ
468 3713 727 3784 Χριστοῦ,
756 3715 1186 3784 παρακαλεῖσθαι
1224 3716 1280 3768 δὲ
1307 3716 1555 3784 λέγουσιν
1588 3719 1734 3786 ἡμᾶς

163 3805 275 3856 ὑπὸ
300 3802 394 3856 τοῦ
429 3802 581 3857 Θεοῦ.
630 3800 758 3856 Εἶτα
791 3805 985 3870 πάλιν,
1026 3824 1043 3856 ι
1073 3805 1334 3875 Δεόμεθα,
1368 3806 1553 3876 φησὶν,
1594 3807 1733 3876 ὑπὲρ

161 3892 429 3964 Χριστοῦ,
462 3893 833 3963 καταλλάγητε
878 3893 951 3963 τῷ
998 3894 1133 3965 Θεῷ.
1168 3914 1184 3946 ι
1216 3896 1345 3959 Θεὸς
1383 3893 1473 3949 οὖν
1509 3898 1611 3967 ἄρα
1642 3898 1734 3950 καὶ

162 3984 421 4055 Χριστὸς,
458 3976 500 4050 ᾧ
529 3984 1100 4055 καὶικατηλλαγμένοι,
1133 3985 1253 4055 Θεῷ
1283 3987 1727 4056 κατηλλάγμεθα.

241 4159 430 4213 «Ἀλλ’
463 4161 521 4213 ὲν
570 4162 727 4213 παντὶ
778 4162 1122 4223 συνιστάντες
1171 4163 1415 4226 ἑαυτοὺς,
1470 4162 1545 4226 ὡς
1597 4163 1731 4215 Θεοῦ

161 4250 424 4304 διάκονοι.
459 4268 479 4300 ›
513 4250 574 4302 Οἱ
602 4248 735 4301 Θεοῦ
766 4250 1045 4317 λεγόμενοι
1082 4246 1219 4302 εἶναι
1257 4251 1512 4312 διάκονοι,
1548 4252 1729 4320 εἴρην-

160 4357 254 4393 ται
281 4338 378 4392 καὶ
406 4338 660 4408 Χριστοῦ.
685 4340 815 4401 Θεὸς
838 4336 929 4391 οῦν
956 4341 1062 4409 ἄρα
1083 4339 1335 4408 Χριστός,
1369 4360 1386 4390 ι
1409 4340 1596 4409 Ἡμεῖς
1620 4341 1725 4409 γὰρ

162 4429 286 4480 ναοί
331 4428 496 4495 ἐσμεν
544 4428 674 4479 Θεοῦ
722 4428 940 4490 ζῶντος,
988 4427 1167 4489 καθὼς
1211 4423 1359 4480 εἶπεν
1392 4430 1419 4481 ὁ
1450 4429 1617 4495 Θεὸς,
1646 4432 1728 4483 ὄτι

177 4522 478 4588 Ἐνοικήσω
496 4521 552 4571 ἐν
583 4520 786 4583 αὐτοῖς,
806 4520 898 4571 καὶ
915 4522 1261 4589 ὲμπεριπατή
1272 4537 1346 4572 σω
1364 4537 1376 4550 ·
1415 4522 1509 4573 καὶ
1530 4521 1721 4591 ἔσομαι

162 4609 351 4662 αὐτῶν
383 4608 533 4672 Θεὸς,
576 4610 668 4661 καὶ
701 4609 852 4661 αὐτοὶ
880 4609 1089 4661 ἔσονταί
1142 4628 1229 4679 μοι
1276 4610 1421 4673 λαός.
1452 4630 1469 4662 ι
1519 4610 1580 4663 Εἰ
1614 4613 1731 4664 ναοὶ

163 4699 305 4750 Θεοῦ
357 4698 552 4762 ζῶντός
602 4702 802 4768 ἐσμεν,
850 4700 924 4761 ὡς
978 4700 1304 4761 ἐνοικοῦντος
1360 4703 1416 4753 ἐν
1464 4702 1594 4770 ἡμῖν
1640 4702 1730 4754 τοῦ

165 4786 505 4856 Πνεύματος,
534 4787 562 4839 ὃ
610 4788 700 4840 καὶ
745 4784 879 4840 εἶναι
922 4787 1133 4854 λέγεται
1169 4789 1262 4840 τοῦ
1296 4788 1528 4858 Χριστοῦ
1562 4789 1621 4858 (ι
1658 4792 1720 4842 Εἰ

164 4876 280 4946 γάρ
311 4893 415 4937 τις,
447 4878 598 4945 φησὶ,
628 4877 849 4947 Πνεῦμα
886 4876 1119 4947 Χριστοῦ
1149 4880 1248 4931 οὐκ
1288 4878 1419 4946 ἔχει,
1452 4874 1602 4941 οὗτος
1634 4880 1733 4932 οὐκ

168 4969 319 5020 ἐστιν
349 4967 511 5019 αὐτοῦ
538 4987 555 5019 ι
578 4969 626 5037 )·
659 4968 772 5032 πῶς
802 4969 862 5021 οὐ
897 4969 1027 5031 Θεὸς
1052 4970 1081 5019 ὁ
1106 4970 1370 5039 Χριστό;;

245 5157 266 5190 ι
298 5139 624 5208 Δογισμοῦς,
658 5140 809 5209 φησὶ,
839 5124 1243 5209 καθαιροῦντες,
1270 5138 1361 5191 καὶ
1403 5142 1509 5193 πᾶν
1537 5140 1733 5212 ὕψωμα

168 5231 529 5298 ἐπαιρόμενον
551 5231 689 5283 κατὰ
712 5231 808 5297 τῆς
837 5229 1087 5297 γνώσεως
1114 5228 1207 5281 τοῦ
1230 5228 1385 5294 Θεοῦ,
1416 5232 1508 5283 καὶ
1535 5234 1733 5301 αἰχμα-

168 5319 489 5382 λωτίζοντες
514 5322 617 5373 πᾶν
642 5321 816 5391 νόημα
838 5322 914 5384 εὶς
938 5320 1035 5389 τὴν
1060 5319 1302 5390 ὑπακοὴν
1328 5322 1417 5373 τοῦ
1439 5322 1688 5391 Χριστοῦ.
1707 5343 1723 5374 ι

1834 1916 1956 1969 est?
2001 1915 2235 1967 Rursum
2278 1913 2322 1965 si
2361 1913 2451 1966 ille
2494 1924 2759 1967 terrarum
2820 1911 3003 1961 orbem
3059 1906 3391 1977 iudicaturus

1833 2016 1915 2059 est
1951 2003 2071 2073 (nec
2098 2004 2236 2057 enim
2291 2003 2428 2057 alius
2454 2012 2508 2055 et
2537 2002 2673 2056 alius
2704 2009 2788 2054 est
2812 1999 3087 2067 legislator
3111 2006 3165 2051 et
3187 1996 3347 2065 iudex
3372 2039 3389 2063 ,

1834 2096 1927 2148 sed
1976 2110 2115 2148 unus
2160 2102 2215 2148 et
2260 2094 2399 2146 idem
2434 2093 2521 2160 ³⁸),
2570 2092 2651 2145 vel
2704 2092 2806 2145 hac
2856 2102 3068 2157 quoque
3115 2089 3180 2141 de
3232 2102 3391 2143 causa

1833 2181 2174 2247 perspicuum
2213 2180 2411 2245 evadit,
2456 2179 2597 2247 quod
2638 2178 2778 2232 Deus
2813 2185 2928 2241 est,
2967 2175 3177 2229 tametsi
3216 2176 3391 2230 incar-

1840 2278 2001 2321 natus
2042 2276 2145 2321 est.

1903 2358 2011 2427 67
2033 2374 2052 2408 ι
2074 2357 2321 2410 Charitas
2349 2355 2490 2410 enim
2521 2354 2723 2411 Christi
2750 2363 2905 2422 urget
2930 2365 3048 2415 nos,
3069 2351 3394 2407 aestimantes

1836 2451 1937 2505 hoc
1961 2491 1975 2513 ,
2010 2448 2262 2518 quoniam
2314 2447 2359 2502 si
2392 2462 2528 2501 unus
2576 2461 2673 2516 pro
2718 2445 2966 2499 omnibus
3009 2444 3250 2496 mortuus
3281 2454 3393 2509 est,

1837 2556 1964 2609 ergo
1990 2553 2175 2592 omnes
2210 2538 2404 2593 mortui
2437 2546 2580 2591 sunt.
2618 2535 2683 2589 Et
2724 2550 2820 2604 pro
2862 2534 3113 2589 omnibus
3156 2541 3395 2588 mortuus

1835 2642 1918 2684 est
1952 2628 2193 2684 Christus
2215 2667 2231 2694 ,
2265 2638 2321 2682 ut
2355 2636 2412 2683 et
2440 2629 2530 2698 qui
2562 2628 2767 2693 vivunt,
2792 2626 2902 2695 jam
2932 2640 3036 2678 non
3067 2623 3167 2678 sibi
3194 2623 3392 2687 vivant,

1843 2720 1936 2774 sed
1971 2720 2020 2773 ei
2050 2721 2142 2789 qui
2174 2735 2273 2788 pro
2310 2722 2439 2788 ipsis
2473 2729 2718 2773 mortuus
2759 2729 2871 2783 est,
2899 2726 2950 2770 et
2978 2714 3391 2769 resurrexit‘h

1840 2807 1896 2862 Si
1955 2823 2142 2863 omnes
2195 2824 2358 2861 unum
2417 2808 2470 2859 in
2529 2807 2644 2875 ipso
2697 2822 2901 2872 sumus,
2959 2804 3171 2873 ipsique
3222 2803 3398 2857 vivere

1839 2906 2206 2967 peroptamus,
2244 2896 2408 2948 vitam
2447 2904 2685 2947 nostram
2720 2909 2821 2948 una
2856 2895 2955 2947 hac
2988 2894 3195 2946 ratione
3230 2891 3398 2945 bone-

1838 2998 1975 3044 stam
2005 2988 2312 3049 reddentes,
2348 2987 2393 3041 si
2423 2987 2626 3043 Christi
2662 2985 3091 3041 obsecundemus
3116 2981 3397 3047 voluntati,

1838 3080 2018 3148 illique
2054 3078 2296 3133 vivamus
2338 3094 2351 3129 :
2387 3080 2653 3147 quomodo
2703 3079 2748 3132 is
2796 3077 2937 3131 Deus
2978 3072 3252 3128 habendus
3293 3090 3397 3127 non

1760 3160 1802 3217 (ἶ
1835 3178 1934 3231 est.
1974 3170 2058 3222 cui
2094 3178 2147 3221 et
2179 3169 2394 3222 obnoxii
2431 3184 2635 3232 sumus,
2670 3178 2723 3221 et
2759 3168 2842 3221 cui
2884 3167 3065 3219 vivere
3104 3164 3399 3229 studemus,

1840 3270 2091 3328 tauquam
2139 3259 2210 3312 illi
2255 3260 2345 3328 qui
2397 3260 2569 3313 nostri
2617 3274 2776 3313 causa
2820 3267 3043 3311 mortem
3086 3254 3395 3322 oppetierit,

1836 3365 2041 3417 suoque
2072 3350 2331 3413 sanguine
2357 3364 2545 3403 omnes
2576 3348 2875 3402 coemerit?

1910 3456 1931 3488 ι
1975 3438 2078 3491 Pro
2104 3439 2324 3492 Christo
2356 3454 2485 3508 ergo
2514 3437 2780 3506 legatione
2811 3436 3105 3505 fungimur,
3144 3443 3396 3503 tanquam

1834 3527 1943 3581 Deo
1975 3526 2293 3580 exhortante
2334 3541 2430 3593 per
2488 3540 2588 3579 nos
2616 3538 2629 3575 :
2664 3525 3013 3577 obsecramus
3044 3537 3139 3590 pro
3161 3522 3397 3586 Christo,

1838 3612 2264 3667 recunciliami-ni
2299 3612 2409 3667 Deo
2431 3610 2498 3665 δι.
2535 3630 2553 3663 ι
2608 3609 2848 3665 Observa
2888 3610 3003 3674 hic,
3032 3610 3172 3677 quod
3204 3609 3396 3662 Christi

1836 3704 2049 3757 nomine
2081 3703 2345 3772 legatione
2381 3702 2672 3772 fungantur
2707 3700 2969 3770 apostoli,
3016 3700 3263 3767 quodque
3305 3714 3399 3765 per

1834 3809 1891 3848 se
1919 3809 2014 3849 nos
2048 3808 2076 3846 a
2116 3793 2222 3847 Deo
2253 3794 2534 3846 admoueri
2586 3801 2849 3846 asserant.
2900 3790 3099 3843 Deinde
3139 3805 3347 3842 rursum
3380 3805 3393 3840 :

1846 3908 1864 3940 ι
1903 3888 2295 3949 Obsecramus,
2330 3883 2501 3951 inquit
2526 3921 2541 3945 ,
2592 3897 2689 3951 pro
2724 3880 2959 3941 Christo,
2983 3877 3396 3932 reconciliamini

1833 3981 1961 4033 Deo.
1995 3997 2015 4030 ι
2049 3976 2188 4030 Deus
2222 3976 2403 4042 itaque
2435 3980 2518 4025 est
2550 3972 2816 4036 Christus,
2847 3971 3041 4041 quippe
3086 3969 3169 4023 cui
3210 3982 3396 4021 recou.

1833 4070 2023 4132 eiliati,
2059 4068 2167 4121 Deo
2195 4062 2529 4119 reconciliati
2561 4076 2776 4116 sumus.

1911 4177 1933 4209 ι
1972 4159 2076 4213 Sed
2104 4159 2156 4211 in
2188 4157 2438 4211 omnibus
2464 4156 2814 4216 exhibeamus
2848 4150 3228 4214 nosmetipsos,
3259 4150 3397 4203 sicut

1835 4251 1928 4305 Dei
1960 4250 2234 4304 ministros
2262 4249 2331 4302 ".
2368 4268 2388 4301 ι
2436 4249 2539 4315 Qui
2594 4248 2681 4301 hic
2720 4245 2810 4298 Dei
2856 4244 3088 4296 ministri
3124 4242 3398 4304 dicuntur,

1836 4343 1887 4396 hi
1938 4341 2063 4395 alibi
2111 4340 2309 4395 Christi
2360 4339 2594 4393 ministri
2641 4337 2995 4406 appellantur.
3042 4335 3185 4387 Deus
3220 4333 3399 4399 itaque

1834 4432 2091 4486 Christus.
2161 4447 2183 4479 ι
2239 4430 2348 4483 Vos
2406 4428 2548 4482 enim
2602 4429 2731 4482 estis
2783 4427 3041 4493 templum
3094 4424 3189 4478 Dei
3248 4425 3399 4485 vivi,

1831 4524 1968 4576 sicut
2024 4521 2153 4575 dicit
2192 4520 2333 4573 Deus
2376 4538 2389 4573 :
2441 4518 2750 4573 lnhabitabo
2794 4518 2847 4571 in
2889 4517 3017 4587 illis,
3058 4525 3116 4581 et
3160 4516 3401 4567 inambu-

1836 4613 1957 4665 labo
2006 4628 2017 4663 :
2079 4619 2134 4663 et
2176 4623 2267 4662 ero
2322 4609 2528 4662 illorum
2595 4608 2766 4672 Deus,
2816 4614 2869 4660 et
2914 4606 3015 4673 ipsi
3066 4611 3225 4659 erunt
3274 4602 3400 4655 mihi

1833 4702 2145 4771 pepulus".
2185 4719 2203 4751 ι
2242 4699 2295 4753 Si
2332 4699 2432 4753 vivi
2480 4700 2571 4753 Dei
2627 4698 2816 4765 templa
2861 4710 3069 4757 sumus,
3120 4692 3282 4745 veluti
3320 4691 3403 4742 in»

1840 4794 2113 4847 habitante
2153 4792 2204 4844 in
2241 4792 2394 4844 nobis
2442 4790 2665 4859 Spiritu,
2696 4789 2789 4858 qui
2836 4797 2890 4843 et
2935 4785 3134 4841 Christi
3189 4794 3402 4852 quoque

1841 4882 2074 4950 Spiritus
2128 4893 2247 4934 esse
2298 4879 2492 4955 dicitur
2542 4879 2644 4950 (ait
2694 4880 2834 4931 enim
2885 4874 3220 4944 Apostolus:
3272 4888 3292 4922 ι
3343 4870 3401 4924 Si

1840 4971 1959 5039 quis
2011 4970 2211 5025 Christi
2270 4969 2529 5037 Spiritum
2590 4983 2692 5021 non
2755 4966 2954 5028 habet,
3008 4964 3099 5017 hic
3149 4975 3253 5014 non
3324 4969 3405 5016 est

1839 5058 1954 5125 ejus
1988 5057 2034 5127 ι)
2070 5074 2082 5109 :
2112 5058 2379 5125 quomodo
2407 5056 2657 5109 Christus
2695 5070 2797 5107 non
2839 5062 2919 5106 est
2954 5050 3135 5104 Deus?

1916 5166 1934 5199 ι
1992 5148 2226 5201 Consilia
2274 5147 2645 5208 deStrucntes,
2694 5155 2748 5199 et
2796 5157 3010 5197 omnem
3062 5139 3401 5193 altitudinem

1840 5241 2180 5293 extollentem
2208 5254 2264 5291 se
2292 5240 2548 5292 adversus
2580 5236 2861 5290 scientiam
2895 5234 3017 5295 Dei,
3048 5241 3103 5286 et
3136 5232 3187 5283 in
3238 5230 3403 5297 capti-

1837 5330 2053 5383 vitalem
2118 5329 2419 5396 redigentes
2478 5342 2691 5381 omnem
2748 5326 3077 5380 intellectum
3131 5323 3181 5375 in
3244 5320 3400 5374 obsc-

228 5452 273 5482 ³⁸
303 5452 485 5507 llCor.
510 5467 560 5518 v,
589 5453 639 5508 9.
719 5454 759 5487 ’9
789 5453 902 5529 Jac.
939 5469 1011 5513 tv,
1044 5452 1129 5507 l2.
1204 5454 1248 5485 ⁸ο
1283 5454 1320 5507 Il
1351 5453 1475 5509 Cor.
1507 5469 1558 5513 v.
1597 5456 1676 5519 l4,
1722 5457 1730 5506 1

1878 5457 1921 5489 “
1953 5457 1992 5511 ll
2012 5457 2132 5512 Cor.
2156 5474 2207 5521 ν,
2231 5460 2323 5513 ‘20.
2400 5459 2442 5490 ⁸³
2472 5458 2514 5513 ll
2544 5458 2667 5513 Cor.
2691 5472 2766 5523 γι,
2790 5457 2839 5511 4.
2916 5456 2960 5487 ⁸³
2993 5454 3148 5517 ibid.,
3182 5449 3266 5505 16.

1249 5612 1420 5665 Varim
1447 5612 1703 5669 lectiones
1730 5616 1927 5674 codicis
1959 5614 2307 5685 Seguicriaui.

246 5730 271 5756 η
304 5718 430 5772 ἴδια.
