4056 6334
642 373 777 426 1⁶ὶ43

1619 374 1676 426 5.
1718 371 1986 423 (IYRILLI
2022 369 2483 424 ALEXANDIHNI
2524 369 2837 423 AllCHlEP.

3723 369 3858 420 1‘2“

639 484 818 551 quinm
849 481 1042 534 Christi
1072 483 1134 532 ⁸⁸.
1167 500 1183 530 ι
1218 483 1283 534 At
1315 484 1574 550 quomodo
1607 496 1812 533 onmem
1847 483 2179 534 altitudinem

2299 483 2420 534 Γίνα
2458 483 2655 550 τρόπον
2685 479 3088 548 καθαιρήσομεν
3121 483 3228 533 πᾶν
3261 481 3458 549 ὕψωμα
3499 480 3861 548 ἐπαιρόμενον

639 573 893 623 adversus
919 572 1007 624 Dei
1040 573 1315 627 scientiam
1346 590 1400 626 se
1425 573 1767 624 extollentem
1797 573 2190 624 demolientur?

637 668 728 708 aut
797 673 900 724 qua
957 661 1168 712 tandem
1232 663 1433 713 ratione
1483 672 1692 709 omnem
1751 660 2073 712 intellectum
2138 662 2187 713 in

637 748 836 801 Chriin
885 750 1196 816 obsequium
1237 751 1499 816 captivum
1546 748 1846 801 duremus?
1894 751 2032 803 Sane
2060 749 2190 803 Ver—

637 838 760 890 bum
789 850 976 904 sperne
1006 855 1062 892 se
1112 838 1421 899 exinanivit,
1468 835 1610 890 Patri
1656 855 1822 906 usque
1856 842 1920 891 ad
1967 852 2192 894 mortem

639 929 836 981 factum
873 929 1126 979 obediens
1154 927 1214 977 ⁵⁵.
1258 927 1480 988 Quando
1513 926 1674 994 igitur
1718 945 1779 980 ex
1820 928 1882 980 iis
1922 946 2039 991 quae
2072 947 2194 997 pro-

638 1028 753 1086 pter
775 1033 1010 1077 carnem,
1031 1017 1379 1082 humanaeque
1409 1026 1611 1070 natnrm
1644 1019 2031 1082 infirmitatem,
2069 1021 2172 1070 dis-

638 1106 944 1174 pensatorie
1005 1107 1164 1156 abeo
1192 1105 1328 1156 dicta
1363 1106 1442 1156 vel
1483 1107 1619 1158 facta
1661 1115 1804 1168 sunt,
1845 1110 2056 1174 quidam
2100 1110 2190 1160 ad-

638 1211 826 1248 versus
863 1194 979 1246 Filii
1017 1194 1294 1247 svientiam
1334 1211 1452 1248 sese
1481 1197 1776 1261 erigentes,
1812 1211 1932 1248 eum
1968 1199 2055 1264 qui
2095 1199 2192 1250 Ιιιι-

641 1302 793 1338 mana
823 1283 989 1335 forma
1032 1300 1086 1337 se
1134 1285 1324 1347 induit,
1367 1287 1529 1337 Deum
1563 1299 1744 1336 verum
1785 1288 2191 1356 naturalemque

644 1379 733 1431 hci
772 1376 957 1429 Filium
982 1391 1100 1429 esse
1138 1377 1535 1436 inliciabnnlur,
1576 1385 1699 1427 tunc
1729 1378 1938 1430 demum
1975 1394 2190 1432 omnem

640 1466 973 1520 altitudinem
1003 1481 1059 1517 se
1089 1466 1399 1518 elferentem
1437 1467 1876 1533 comprimemus,
1920 1473 1961 1522 si
2006 1483 2190 1521 eorum

637 1557 725 1623 qni
758 1555 940 1608 isthcec
978 1569 1164 1621 sapere
1195 1556 1547 1618 decreverint,
1599 1558 1936 1624 opinationes
1979 1569 2192 1612 everte-

637 1662 784 1707 tnus,
825 1646 935 1714 68
989 1661 1308 1713 omnemque
1358 1646 1688 1700 intellectum
1754 1650 1818 1700 ad
1875 1649 2191 1702 obcdientizc

2298 570 2436 620 κατὰ
2463 571 2560 637 τῆς
2592 569 2839 635 γνώσεως
2871 566 2962 617 τοῦ
2985 568 3118 620 Θεοῦ
3140 588 3152 632 ;
3177 571 3208 640 ἢ
3236 571 3351 632 πῶς
3379 567 3861 637 αἱχμαλωτιοῦμεν

2295 660 2402 709 πᾶν
2431 659 2604 728 νόημα
2631 661 2710 719 είς
2741 658 2836 725 τὴν
2869 656 3114 724 ὑπακοὴν
3139 659 3233 710 τοῦ
3267 658 3536 729 Χριστοῦ;
3570 657 3860 710 Κεκὲνωκε

2293 748 2400 816 γὰρ
2433 751 2621 802 ἐαυτὸν
2657 752 2684 800 6
2717 748 2881 812 Λόγος
2931 744 3089 811 ἑκὼν,
3123 750 3219 801 καὶ
3244 751 3464 817 γέγονεν
3498 751 3740 819 ὑπήκοος
3786 747 3862 814 τῷ

2299 837 2477 906 Πατρὶ
2508 839 2667 906 μέχρι
2696 835 3117 888 θανάτου.⁶’οταν
3145 837 3321 888 τοίνυν
3364 840 3427 890 ἐκ
3457 840 3561 892 τῶν
3589 841 3862 903 οἰκονομι-

2297 928 2407 988 κῶς
2438 929 2468 996 ἧ
2501 927 2895 996 πεπραγμένων
2925 925 2956 992 ἢ
2993 927 3315 995 εἰρημένων,
3342 927 3428 982 διὰ
3457 947 3518 996 γε
3551 930 3651 997 τὴν
3681 927 3861 993 σάρκα

2294 1020 2386 1069 καὶ
2428 1019 2486 1070 τὸ
2524 1019 2878 1088 ἀνθρώπινον,
2909 1016 3342 1085 κατεπαίρωνταί
3385 1035 3526 1082 τινες
3577 1019 3679 1086 τῆς
3727 1015 3863 1084 γνῶ-

2299 1124 2434 1170 σεως
2482 1109 2573 1160 τοῦ
2608 1109 2755 1171 Υἱοῦ,
2805 1109 3055 1174 λέγοντες
3090 1107 3190 1158 οὐκ
3220 1103 3356 1157 εἶναι
3395 1107 3524 1158 Θεὸν
3555 1107 3736 1180 ἀληθῆ
3771 1107 3863 1157 καὶ

2299 1199 2425 1250 Υἱὸν
2459 1200 2598 1252 κατὰ
2631 1199 2789 1266 φύσιν
2816 1201 2905 1250 τὸν
2938 1201 2995 1250 ἐν
3029 1196 3341 1265 ἀνθρωπεία
3375 1200 3580 1265 μορφῇ-
3601 1198 3723 1248 τότε
3756 1199 3861 1246 πίν

2299 1290 2495 1358 ὕψωμα
2529 1290 2881 1361 ἐπαιρόμενον
2927 1288 3348 1357 καθαιρήσομεν,
3377 1288 3474 1348 τὰς
3519 1287 3630 1338 τῶν
3677 1289 3863 1338 ἐκεῖνα

2290 1382 2484 1446 φωνεῖν
2517 1381 2803 1448 ᾑρημένων
2834 1377 3227 1447 ἀνατρέποντες
3251 1376 3424 1440 δόξας,
3459 1375 3552 1426 καὶ
3599 1375 3858 1442 περιτρέ-

2289 1487 2480 1532 ποντες
2507 1473 2612 1522 πᾶν
2651 1471 2827 1538 νόημα
2864 1472 2943 1530 εἰς
2980 1468 3078 1539 τὴν
3105 1468 3204 1537 τῆς
3241 1467 3485 1536 ὑπακοῆς
3517 1465 3857 1528 οἰκονομίαν.

2287 1561 2378 1609 Δεῖ
2409 1559 2516 1627 γὰρ
2545 1562 2602 1610 ὲν
2629 1562 2740 1620 τοῖς
2776 1559 2876 1627 τῆς
2907 1558 3322 1628 ἀνθωπότητος
3359 1558 3576 1628 μέτροις
3602 1555 3864 1623 γεγονότα

2287 1649 2377 1701 τὸν
2409 1649 2534 1700 Υἱὸν
2569 1650 2641 1718 μὴ
2674 1649 3053 1718 παραιτεῖσθαι
3079 1649 3145 1701 τὰ
3177 1648 3505 1721 ἀνθρώπινα.

635 1736 1082 1802 dispensationem
1112 1745 1508 1790 convertemus.
1548 1737 1766 1805 Oportet
1799 1737 1940 1793 enim
1969 1738 2186 1800 Filium,
2229 1742 2317 1808 qui
2349 1741 2399 1793 in
2434 1742 2681 1794 humana:
2715 1751 2922 1794 natura:
2989 1755 3237 1794 mensura
3308 1749 3557 1808 statuque
3588 1738 3864 1807 apparuit,

637 1841 752 1893 qua:
783 1827 1028 1877 humana:
1063 1836 1263 1879 natura;
1294 1827 1509 1894 propria
1539 1836 1685 1890 sunt,
1717 1841 1819 1878 non
1855 1829 2116 1881 aversari.

1041 1933 1124 1988 Ex
1167 1936 1400 2004 lfpislola
1437 1942 1505 1994 ad
1546 1940 1787 1996 Galatas.

709 2061 726 2094 ι
761 2041 872 2110 Ego
898 2043 1038 2095 enim
1073 2060 1167 2111 per
1199 2046 1366 2114 legem
1400 2048 1496 2114 legi
1529 2061 1769 2106 mortuus
1814 2067 1956 2115 sum,
1997 2064 2052 2108 ut
2086 2055 2192 2112 Deo

633 2134 846 2183 vivam:
890 2131 1105 2185 Christo
1153 2135 1400 2188 conﬁxus
1449 2153 1566 2190 sum
1625 2141 1797 2194 cruci.
1833 2140 1969 2196 Vivo
2013 2154 2190 2198 autem

629 2223 739 2290 jam
780 2235 882 2274 non
918 2237 1036 2288 ego,
1071 2223 1200 2276 vivit
1225 2239 1351 2277 vero
1402 2226 1451 2278 in
1496 2244 1579 2281 me
1607 2228 1871 2286 Christus.
1906 2234 2056 2299 Quod
2099 2251 2196 2288 au-

633 2323 738 2364 tem
772 2327 910 2364 nunc
943 2313 1060 2366 vivo
1092 2313 1144 2366 in
1180 2329 1361 2380 carne,
1397 2317 1447 2370 in
1486 2320 1590 2372 ﬁde
1620 2322 1742 2375 vivo
1774 2322 1895 2376 Filii
1938 2324 2068 2388 Dei,
2100 2328 2191 2395 qui

639 2403 824 2455 dilexit
865 2417 985 2464 me,
1049 2413 1104 2456 et
1145 2406 1361 2458 tradidit
1407 2410 1752 2477 semetipsum
1797 2427 1892 2480 pro
1949 2430 2033 2468 me
2058 2416 2121 2470 “.
2169 2435 2188 2468 ι

635 2492 770 2558 Quid
800 2493 1007 2546 divinus
1041 2492 1234 2548 Paulus
1269 2497 1369 2550 hoc
1404 2500 1522 2552 loco
1565 2501 1742 2566 dicat,
1775 2505 2059 2576 diligenter
2105 2523 2195 2562 cx-

635 2584 966 2652 pendenilum
997 2596 1099 2639 est.
1141 2585 1251 2639 Lex
1298 2605 1455 2654 quam
1496 2591 1632 2645 Deus
1677 2596 2057 2661 prophetarum
2102 2614 2196 2654 ore

635 2674 1094 2744 promulgaverat,
1122 2678 1384 2742 ejusmodi
1431 2689 1590 2733 erat:
1630 2699 1647 2731 ι
1681 2681 1869 2738 Justus
1913 2698 2192 2757 autemex

637 2767 738 2820 ﬁde
795 2765 939 2818 vivet
968 2765 1030 2819 ⁸⁷.
1075 2785 1094 2818 ι
1135 2767 1264 2822 Erat
1321 2779 1376 2824 et
1435 2785 1530 2837 per
1583 2772 1799 2844 Moysen
1849 2791 2062 2847 quoque
2110 2778 2196 2834 lex

638 2861 763 2912 lata.
804 2854 893 2910 Ait
934 2872 1105 2927 ergo:
1147 2859 1296 2914 Fidei
1342 2862 1512 2930 legem
1558 2866 1889 2934 complexus,
1935 2869 2036 2939 legi
2079 2871 2197 2926 Mo-

635 2951 792 3002 saicae
837 2957 1079 3003 mortuus
1131 2966 1289 3017 sum;
1336 2953 1440 3008 hoc
1483 2966 1584 3022 est,
1633 2970 1752 3024 qua:
1788 2961 2059 3015 veteribus
2105 2978 2200 3030 per

638 3041 854 3092 umbras
886 3050 940 3090 et
975 3042 1172 3108 ﬁguras
1211 3043 1471 3109 praeﬁnita
1504 3057 1689 3112 erant,
1724 3064 1785 3102 ea
1829 3052 2055 3120 amplius
2090 3067 2196 3108 non

640 3137 854 3196 przesto.
884 3129 994 3185 lloc
1026 3135 1197 3201 ipsum
1230 3135 1372 3188 enim
1417 3146 1498 3190 est
1541 3139 1639 3209 legi
1673 3139 1920 3196 Mosaicae
1961 3155 2199 3200 mortuos

2700 1949 2794 2000 Ἐκ
2835 1945 2940 2014 τῆς
2977 1946 3126 2014 πρὸς
3163 1947 3212 1998 Γ
3214 1944 3457 2010 αλάτας.

2368 2057 2547 2126 (Ἐγὼ
2595 2058 2702 2126 γὰρ
2751 2059 2836 2111 διὰ
2884 2058 3050 2127 νόμου
3100 2057 3246 2128 νόμῳ
3274 2056 3560 2120 ἀπέθανον,
3607 2055 3698 2108 ἵνα
3746 2053 3864 2122 Θεῷ

2295 2150 2445 2220 ζήσω
2475 2163 2487 2176 ·
2512 2147 2730 2218 Χριστῷ
2774 2148 3238 2218 συνεσταύρωμαι.
3271 2148 3354 2201 Ζῶ
3387 2147 3441 2200 δὲ
3473 2148 3572 2200 οὐκ
3617 2147 3699 2198 ἔτι
3729 2145 3864 2212 ἐγὼ,

2295 2238 2360 2308 ζῇ
2395 2239 2450 2291 δὲ
2496 2240 2554 2290 ἐν
2603 2242 2725 2308 ἐμοὶ
2755 2240 3082 2310 Χριστός.“0
3113 2240 3169 2291 δέ
3215 2239 3309 2291 νῦν
3354 2240 3431 2303 ζῶ
3479 2242 3534 2292 ἐν
3584 2238 3775 2307 σαρκὶ,
3807 2241 3864 2289 ἐν

2295 2328 2474 2379 πίστει
2524 2326 2600 2389 ζῶ
2634 2330 2700 2397 τῇ
2737 2326 2864 2379 Υίοῦ
2899 2326 2989 2379 τοῦ
3025 2325 3180 2391 Θεοῦ,
3212 2325 3305 2378 τοῦ
3347 2325 3736 2393 ἀγαπήσαντός
3773 2342 3860 2394 με,

2295 2419 2388 2470 καὶ
2418 2419 2743 2488 παραδόντος
2773 2420 2962 2472 ἑαυτὸν
2990 2419 3128 2488 ὑπὲρ
3164 2417 3297 2485 ἐμοῦ
3318 2427 3362 2472 ο.
3395 2439 3413 2471 ι
3449 2419 3590 2470 Τίδέ
3618 2419 3728 2488 ἄρα
3758 2436 3861 2486 φη-

2297 2509 2380 2561 σὶν
2408 2511 2464 2561 ἐν
2493 2507 2704 2571 τούτοις
2749 2509 2777 2560 6
2820 2509 3101 2572 Θεσπέσιος
3146 2508 3376 2570 Παῦλος,
3407 2507 3645 2562 κατιδεῖν
3688 2510 3865 2574 ἀναγ-

2296 2600 2470 2650 καῖον.
2501 2598 2682 2666 Νόμος
2707 2598 2946 2650 τέθειται
2980 2599 3132 2668 παρά
3164 2597 3296 2651 Θεοῦ
3325 2598 3411 2650 διά
3432 2597 3614 2666 φωνῆς
3642 2614 3862 2666 προφη⁹

2295 2687 2422 2751 τῶν,
2454 2689 2544 2740 καὶ
2579 2684 2648 2758 ἦν
2673 2683 2852 2750 οὗτος·
2893 2708 2909 2739 ι
2933 2688 2990 2740 '0
3014 2688 3069 2740 δὲ
3098 2688 3303 2749 δίκαιος
3345 2688 3409 2738 ἐκ
3437 2687 3665 2750 πίστεως
3694 2686 3863 2755 ζήσε-

2296 2796 2404 2833 ται.
2433 2798 2450 2830 ι
2518 2779 2763 2833 Τέθειται
2814 2780 2870 2832 δὲ
2921 2779 3013 2831 καὶ
3063 2778 3226 2847 νόμος
3269 2778 3359 2831 διά
3397 2778 3656 2841 Μωσέως.
3682 2778 3865 2846 Νόμῳ

2296 2869 2474 2922 τοίνυν
2499 2869 2574 2939 τῶ
2602 2870 2698 2939 τῆς
2731 2869 2980 2931 πίστεως,
3011 2867 3193 2937 φησὶν,
3222 2866 3612 2936 ἀκολουθήσας,
3647 2867 3865 2920 ἀπέθα-

2297 2978 2385 3014 νον
2416 2963 2493 3030 τῷ
2519 2960 2666 3029 νόμῳ
2698 2959 2772 3027 τῷ
2807 2959 2894 3010 διὰ
2918 2958 3158 3021 Μωσέως
3180 2996 3194 3021 ,
3228 2959 3326 3010 οὐκ
3353 2959 3647 3028 ἐνεργήσας
3668 2959 3767 3011 ἐπὶ
3793 2958 3863 3010 τὰ

2297 3050 2372 3112 ῶς
2410 3052 2466 3103 ἐν
2513 3051 2638 3119 σκιᾴ
2688 3051 2778 3102 καὶ
2815 3048 3002 3111 τύποις
3047 3047 3377 3118 διωρισμένα
3421 3049 3531 3109 τοῖς
3581 3046 3860 3116 ἀρχαίοις.

2301 3139 2469 3192 Τοῦτο
2498 3141 2605 3210 γάρ
2634 3141 2747 3191 ἐστι
2780 3139 2860 3204 τὸ,
2889 3139 3036 3208 νόμῳ
3060 3137 3137 3207 τῷ
3163 3137 3249 3190 διὰ
3274 3136 3512 3196 Μωσέως
3539 3135 3860 3198 ἀποθανεῖν,

637 3235 774 3283 esse,
825 3234 931 3288 quo
965 3220 1217 3276 nimirum
1251 3224 1372 3277 ﬁdei
1400 3241 1518 3294 qua:
1560 3227 1608 3280 in
1637 3228 1910 3282 Christum
1948 3243 2065 3295 est,
2104 3236 2195 3287 ad-

2301 3231 2389 3283 ἵνα
2436 3229 2553 3300 Θεῷ
2599 3231 2888 3298 ζήσωμεν,
2943 3231 3007 3298 τῇ
3057 3230 3140 3290 εἰς
3184 3227 3414 3296 Χριστὸν
3468 3227 3866 3294 προσκείμενοι

641 3312 903 3364 hinrentes
942 3311 1051 3364 Deo
1081 3312 1339 3366 vivamus.
1379 3315 1510 3368 Cum
1565 3316 1728 3385 igitur
1754 3318 2195 3385 justiﬁcationem

639 3421 756 3470 quae
787 3420 882 3474 per
903 3405 1177 3460 Christum
1205 3406 1452 3476 contigit,
1491 3412 1750 3476 potiorem
1791 3411 2065 3476 ducentes,
2096 3413 2195 3484 legi

639 3497 884 3551 Mosaicae
925 3499 1274 3563 emoriamur,
1348 3513 1453 3565 qua
1519 3501 1724 3554 ratione
1769 3501 2047 3568 Christus,
2105 3519 2198 3572 per

637 3605 794 3658 quem
846 3591 927 3643 lex
979 3600 1231 3658 tanquam
1283 3590 1386 3645 ﬁde
1425 3590 1688 3643 inﬁrmior
1723 3603 2045 3659 evacuatur,
2091 3610 2196 3648 non

636 3682 739 3733 erit
788 3679 970 3732 Deus?
1022 3680 1173 3744 Quod
1231 3680 1273 3732 si
1327 3695 1452 3734 vero
1500 3681 1745 3735 Christus
1785 3687 1942 3736 homo
1990 3693 2197 3739 tantum

638 3778 774 3832 erat,
823 3770 1090 3838 quomodo
1143 3769 1272 3824 ﬁdes
1325 3770 1378 3823 in
1428 3771 1601 3838 ipsum
1649 3771 1762 3840 ipsa
1807 3771 1922 3842 lege
1955 3777 2198 3842 superior

639 3858 839 3914 eVasit?

714 3970 733 4002 ι
785 3950 885 4017 Qui
923 3966 1051 4020 ergo
1095 3952 1283 4007 tribuit
1325 3953 1477 4008 nobis
1515 3953 1808 4022 Spiritum,
1854 3966 1909 4010 et
1949 3967 2199 4026 operatur

639 4043 868 4095 virtutes
901 4043 953 4095 in
982 4043 1136 4097 nobis
1159 4084 1171 4101 .
1203 4059 1266 4096 ex
1301 4046 1555 4110 Operibus
1602 4047 1753 4116 legis,
1793 4062 1858 4099 an
1910 4062 1975 4100 ex
2015 4049 2198 4102 auditu

643 4129 761 4184 lidei
789 4129 868 4181 "?
906 4149 925 4181 ι
963 4128 1017 4182 Si
1054 4132 1138 4185 lex
1171 4131 1427 4194 Mosaica,
1467 4135 1676 4186 tametsi
1716 4135 1804 4187 Dei
1837 4134 1922 4187 lex
1949 4145 2110 4199 esset,
2143 4145 2198 4190 et

640 4221 708 4273 ab
737 4221 940 4290 angelis
969 4223 1301 4290 promulgata
1329 4231 1494 4287 esset,
1527 4239 1630 4276 non
1657 4223 2030 4277 subministrat
2081 4226 2202 4294 Spi-

643 4315 802 4367 ritum
836 4323 1112 4376 sanctum,
1142 4327 1317 4381 neque
1352 4312 1442 4365 ulli
1480 4327 1598 4365 eam
1631 4313 1899 4380 impertita
1946 4325 2028 4366 est
2061 4315 2197 4378 vim,

643 4413 702 4456 ut
747 4403 1005 4457 miracula
1055 4415 1366 4470 perpetrare
1411 4412 1630 4470 posset;
1678 4417 1770 4469 per
1820 4402 1975 4456 Iidem
2020 4413 2198 4456 autem

642 4509 759 4563 qua:
791 4502 872 4547 est
915 4494 966 4545 'm
997 4493 1290 4556 Christum,
1323 4493 1661 4561 assequimur
1699 4502 1984 4559 utrumque
2013 4510 2024 4544 :
2069 4507 2202 4559 quo-

2303 3321 2642 3372 πίστει.”οτε
2684 3320 2862 3373 τοίνυν
2917 3319 3331 3388 ἀποθνήσκομεν
3373 3316 3451 3386 τῷ
3485 3317 3571 3369 διὰ
3612 3317 3866 3379 Μωσέως

2301 3408 2468 3477 νόμῳ,
2503 3406 2598 3475 τὴν
2645 3409 2704 3461 ὲν
2751 3407 2969 3477 Χριστῷ
3002 3407 3372 3476 προτιμῶντες
3406 3406 3700 3468 δικαίωσιν,
3739 3407 3866 3468 πῶς

2302 3501 2363 3552 οὐ
2412 3499 2541 3562 Θεὸς
2588 3502 2616 3551 6
2656 3501 2907 3569 Χριστὸς,
2960 3497 3023 3550 δι’
3051 3497 3109 3549 ὃν
3164 3498 3514 3567 καταργεῖται
3563 3497 3746 3566 νόμος,
3786 3498 3866 3559 ὡς

2301 3591 2658 3662 διαφερούσης
2703 3591 2865 3644 αὐτοῦ
2914 3591 3010 3660 τῆς
3056 3590 3324 3652 πίστεως;
3363 3589 3423 3642 El
3469 3590 3525 3642 δὲ
3573 3589 3868 3659 ἄνθρωπος

2304 3684 2488 3743 ἁπλῶς
2532 3679 2600 3753 ῆν
2643 3685 2670 3734 6
2715 3681 2964 3752 Χριστὸς,
3009 3680 3124 3743 πῶς
3171 3681 3236 3733 ἀν
3286 3681 3501 3749 ἐγένετο
3549 3682 3641 3734 καί
3691 3681 3865 3749 νόμον

2303 3776 2563 3844 κρείττων
2594 3776 2626 3844 ή
2655 3773 2836 3835 πίστις
2865 3775 2896 3843 ή
2930 3774 3007 3836 εἰς
3031 3773 3226 3838 αὑτὸν;

2383 3978 2400 4009 ι
2425 3959 2481 4011 Ὀ
2510 3955 2602 4010 οὖν
2629 3955 2969 4025 ἐπιχορηγῶν
2990 3955 3120 4024 ἡμῖν
3147 3953 3204 4004 τὺ
3232 3951 3470 4020 Πνεῦμα,
3498 3952 3593 4005 καὶ
3623 3952 3869 4021 ἐνεργῶν

2304 4049 2579 4117 δυνάμεις,
2613 4046 2672 4110 ἐξ
2697 4046 2870 4115 ἔργων
2909 4044 3096 4112 νόμου,
3137 4043 3168 4111 ἦ
3216 4041 3275 4104 ἐξ
3323 4043 3490 4110 ἀκοῆς
3539 4042 3806 4103 πίστεωςς
3844 4060 3864 4091 ι

2307 4140 2369 4191 Ei
2399 4141 2426 4190 6
2453 4137 2612 4206 νόμος
2646 4138 2673 4186 6
2719 4134 2805 4185 διὰ
2850 4131 3114 4193 Μωσέως,
3153 4131 3329 4183 καίτοι
3375 4130 3509 4182 Θεοῦ
3555 4131 3717 4198 νόμος
3763 4130 3865 4190 ῶν,

2307 4230 2401 4281 καὶ
2443 4225 2692 4293 λαληθεὶς
2741 4224 2805 4276 δι’
2839 4222 3102 4291 ἀγγέλων,
3133 4221 3231 4272 οὐκ
3263 4219 3373 4289 ἔχει
3415 4220 3513 4289 τὴν
3562 4220 3655 4271 τοῦ
3708 4221 3868 4285 ἁγίου

2309 4317 2620 4384 Πνεύματος
2647 4314 2926 4384 χορηγίαν,
2955 4311 3076 4364 οὔτε
3115 4311 3218 4380 μὴν
3262 4311 3594 4380 προύξένησέ
3644 4327 3756 4362 τισι
3807 4311 3870 4362 τὸ

2309 4409 2548 4477 ἐνεργεῖν
2577 4404 2832 4457 δύνασθαι
2861 4402 2930 4455 τὰ
2970 4401 3243 4474 παράδοξα
3264 4441 3278 4465 ,
3315 4400 3664 4472 κερδαίνομεν
3699 4401 3757 4452 δὲ
3780 4402 3872 4452 διὰ

2308 4501 2404 4569 τῆς
2443 4499 2677 4559 πίστεως
2703 4497 2801 4564 τῆς
2829 4497 2906 4558 εἰς
2935 4494 3169 4565 Χριστὸν
3193 4493 3475 4562 ἀμφότερα
3493 4510 3507 4523 ο
3539 4492 3654 4553 πῶς
3683 4494 3785 4546 οὑκ
3813 4495 3870 4543 ἐν

643 4583 799 4636 modo
827 4581 956 4636 ﬁdes
986 4583 1205 4650 antiqua
1243 4583 1356 4649 lege
1391 4597 1493 4636 non
1537 4592 1618 4636 est
1662 4581 2033 4650 prmstantior?
2058 4581 2195 4634 Rur-

2304 4591 2582 4659 ἀμείνοσιν
2674 4585 2856 4647 πίστις
2893 4585 2985 4636 τοῦ
3038 4585 3264 4638 παλαιοῦ
3310 4584 3508 4653 νόμους
3541 4585 3650 4635 Καὶ
3685 4586 3736 4636 εί
3772 4585 3870 4637 ἆν-

642 4685 758 4723 sum
811 4670 856 4724 si
897 4671 1056 4724 homo
1102 4679 1219 4724 erat
1269 4673 1516 4726 Christus
1549 4674 1696 4726 nulla
1744 4691 1808 4728 ex
1840 4687 1991 4743 parte
2019 4677 2206 4743 ,nostri

642 4760 936 4825 dissimilis,
985 4761 1077 4829 qui
1117 4761 1232 4815 ﬁeri
1268 4764 1461 4829 potuit,
1492 4773 1550 4817 ut
1581 4766 1710 4818 ﬁdes
1753 4765 1803 4817 in
1853 4765 2025 4833 ipsum
2069 4767 2205 4820 divi-

645 4867 766 4905 nam
798 4853 965 4921 legem
995 4852 1337 4907 aboleverit?
1383 4855 1440 4909 Si
1485 4856 1608 4908 item
1643 4870 1737 4923 per
1785 4857 1941 4909 ﬁdem
1988 4855 2205 4923 majori-

643 4944 744 4999 bus
800 4944 957 4999 bonis
1006 4945 1351 5013 perfruiinur,
1397 4962 1556 5014 quam
1603 4950 1693 5014 qui
1752 4961 1846 5013 per
1888 4947 1939 4999 id
1995 4956 2204 5013 tempus

645 5039 848 5101 vixere,
885 5051 990 5104 quo
1027 5036 1111 5089 lex
1158 5052 1308 5090 suam
1348 5039 1523 5091 adhuc
1561 5037 1666 5090 vim
1714 5037 2011 5100 obtinebat,
2064 5052 2202 5104 quo-

648 5125 806 5178 modo
836 5123 1084 5179 Christus
1116 5140 1218 5178 non
1250 5134 1330 5178 est
1357 5123 1537 5178 Deus?

724 5231 743 5266 ι
777 5213 932 5268 Prius
967 5225 1145 5267 autem
1176 5230 1333 5283 quam
1378 5215 1582 5268 veniret
1614 5213 1778 5279 ﬁdes,
1810 5215 1908 5269 sub
1955 5214 2069 5284 lege
2114 5229 2206 5267 cu-

2311 4679 2524 4748 θρωπος
2551 4672 2616 4745 ἦν
2642 4675 2827 4736 ἁπλῶς
2857 4673 2979 4726 καθ’
3011 4676 3178 4742 ἡμᾶς,
3213 4673 3330 4736 πῶς
3375 4673 3516 4725 θεῖον
3547 4675 3872 4741 κατήργησε

2310 4772 2470 4839 νόμον
2501 4769 2533 4838 ή
2566 4769 2744 4828 πίστις
2773 4767 2805 4836 ή
2833 4767 2913 4828 εἰς
2939 4765 3134 4827 αὑτόνς
3170 4765 3276 4816 Καὶ
3315 4765 3362 4815 εἰ
3408 4763 3576 4831 ἐσμὲν
3611 4763 3669 4813 ὲν
3711 4763 3871 4832 ἀμεί-

2309 4875 2452 4910 νοσιν
2481 4859 2529 4909 οί
2550 4855 2638 4908 διὰ
2662 4855 2896 4916 πίστεως
2925 4853 3146 4922 μᾶλλον,
3169 4852 3200 4920 ἢ
3226 4853 3383 4920 οἷπερ
3403 4847 3538 4921 ἦσαν
3565 4853 3695 4913 ἴσως
3737 4851 3874 4902 κατ’

2310 4947 2547 5006 ἐκείνους
2580 4946 2704 5005 τοὺς
2736 4943 2976 5013 καιροὺς,
3009 4943 3127 4995 καθ’
3160 4940 3250 5004 οὓς
3286 4936 3353 5011 ῆν
3384 4943 3412 4993 6
3442 4941 3631 5009 νόμος·
3662 4939 3779 5002 πῶς
3808 4941 3872 4991 ού

2311 5037 2441 5099 Θεὸς
2475 5039 2501 5088 6
2525 5035 2781 5105 Χριστόςς

2392 5231 2410 5263 ι
2442 5211 2550 5280 Πρὸ
2576 5209 2630 5261 δὲ
2655 5208 2747 5261 τοῦ
2782 5208 2952 5261 ἐλθεῖν
2979 5207 3074 5277 τὴν
3105 5205 3314 5269 πίστιν,
3344 5204 3447 5255 ὑπὸ
3486 5201 3650 5271 νόμον
3678 5203 3873 5270 ἐφρου-

719 5388 764 5420 “
805 5385 847 5441 11
874 5387 998 5442 Cor.
1027 5404 1080 5453 ι,
1108 5391 1160 5444 5.
1239 5388 1282 5420 ”
1315 5389 1542 5459 Philipp.
1578 5403 1636 5451 ιι,
1670 5388 1719 5450 7,
1765 5387 1817 5441 8.
1896 5389 1940 5419 "
1980 5383 2193 5439 Galam

2310 5385 2363 5450 9,
2395 5385 2488 5438 20.
2565 5384 2608 5415 δ’
2645 5382 2845 5436 llabac.
2889 5397 2948 5445 ιι,
2978 5381 3031 5434 ι.
3110 5377 3154 5411 ³⁸
3185 5381 3357 5434 ϐδιιιι.
3395 5393 3480 5440 ιιι,
3560 5377 3614 5430 5.

1718 5540 1890 5594 Varia:
1925 5539 2179 5601 lectiones
2208 5538 2405 5594 codicis
2439 5535 2790 5606 Seguieriani.

738 5684 758 5711 ⁸
800 5676 970 5746 ήμῶν.
