4056 6334
242 373 387 430 1245

1328 372 1427 427 DE-
1455 373 1680 430 RECTA
1721 377 1876 432 FIDE
1917 377 2004 431 AD
2043 376 2360 433 REGINAS.

3334 373 3470 429 1946

241 493 509 566 ρούμεθα,
544 492 952 563 συγκλειόμενοι
1007 494 1086 557 εἰς
1139 493 1240 564 τὴν
1298 496 1594 565 μέλλουσαν
1630 500 1799 553 πίστιι

1913 502 2302 564 slodiebamur,
2334 495 2571 554 conclusi
2603 495 2654 548 in
2684 507 2802 548 eam
2844 492 3019 552 tidem,
3044 506 3161 560 quae
3185 489 3464 544 revelanda

238 583 723 654 ἀποκαλυφθῆναι’
775 583 912 636 ὥστε
965 586 993 637 6
1041 584 1204 654 νόμος
1255 587 1599 655 παιδαγωγὸς
1646 589 1802 660 ἡμῶν

238 675 464 744 γέγονεν
510 676 589 737 εὶς
635 673 889 743 Χριστὸν,
924 675 1010 728 ἵνα
1043 680 1105 728 εκ
1135 677 1367 740 πίστεως
1405 678 1796 750 δικαιωθῶμεν.

253 763 544 834 Ἐλθούσης
569 764 626 816 δὲ
652 763 751 832 τῆς
779 765 1011 828 πίστεως
1030 806 1043 827 ,
1069 767 1166 819 οὐκ
1194 766 1272 819 ἔτι
1315 768 1418 820 ὑπὸ
1464 769 1805 838 παιδαγωγόν

239 854 432 923 ἐσμεν.
466 854 670 914 Πάντες
717 852 824 923 γὰρ
865 853 968 905 υἱοὶ
1011 852 1144 904 Θεοῦ
1179 855 1300 907 ὲστε
1331 854 1420 907 διὰ
1450 856 1548 927 τῆς
1573 857 1806 921 πίστεως

239 945 300 995 ὲν
348 942 566 1014 Χριστῷ
616 944 972 1014 Ἰησοῦ.“οσοι
1011 945 1119 1015 γὰρ
1169 946 1248 1008 εἰς
1299 947 1533 1016 Χριστὸν
1581 948 1805 1016 ἐϐαπτί-

246 1013 436 1102 σθητε,
478 1013 708 1103 Χριστὸν
752 1013 1141 1103 ὲν[ε]δύσασθε.
1174 1051 1193 1085 ι
1228 1035 1292 1086 Ei
1317 1013 1661 1104 παιδαγωγὸς
1683 1013 1750 1106 ἦν
1777 1039 1805 1089 6

239 1122 426 1192 νόμος,
456 1124 559 1179 οὐκ
589 1123 672 1190 ἐφ’
697 1124 880 1188 ἓτερον
909 1122 1213 1193 ἀναφέρων,
1253 1125 1390 1195 πλὴν
1417 1126 1499 1178 ὅτι
1529 1127 1688 1193 μόνον
1714 1127 1806 1177 ἐπὶ

237 1214 498 1282 Χριστὸν,
539 1213 715 1265 καίτοι
741 1214 837 1281 τῆς
862 1212 1096 1280 ἀληθοῦς
1140 1213 1468 1282 θεογνωσίας
1491 1217 1805 1278 διδάσκαλος

237 1301 337 1366 ὼν,
371 1302 486 1364 πῶς
531 1303 592 1354 οὐ
637 1302 767 1364 Θεὸς
815 1303 842 1354 6
884 1303 1152 1373 Χριστόςς
1202 1305 1312 1357 Καὶ
1354 1308 1402 1358 εἰ
1455 1309 1805 1376 καταργεῖται

238 1393 405 1460 νόμος
445 1391 532 1444 διά
581 1392 679 1462 τῆς
722 1393 957 1457 πίστεως
1001 1395 1097 1465 τῆς
1145 1396 1224 1458 εἰς
1254 1396 1434 1460 αὑτὸν,
1469 1398 1562 1450 καὶ
1602 1397 1662 1448 τὸ
1706 1397 1805 1466 τῆς

240 1483 618 1550 παιδαγωγίας
676 1484 823 1554 αὐτῷ
874 1485 1028 1549 τέλος
1079 1487 1462 1557 παραδίδωσιν,
1496 1489 1570 1551 ὡς
1622 1489 1701 1550 εἰς
1745 1489 1805 1539 τὸ

236 1574 409 1644 ἀκρον
432 1575 632 1640 ἀγαθὸν
661 1577 944 1647 ἀναφέρων
973 1579 1097 1641 τοὺς
1126 1579 1672 1649 παιδαγωγουμένους
1690 1595 1702 1609 ·
1742 1579 1803 1631 τὸ

235 1663 297 1718 δὲ
330 1665 408 1728 εις
440 1666 592 1734 λῆξιν
615 1666 816 1734 ἀγαθὸν
841 1668 926 1737 εἴη
955 1668 1019 1721 ἂν
1049 1668 1231 1739 ἕτερον
1261 1669 1412 1721 οὐδὲν
1443 1669 1593 1740 παρά
1617 1686 1680 1736 γε
1705 1668 1802 1738 τὴν

236 1755 338 1823 τῆς
363 1755 593 1825 ἀληθοῦς
631 1756 960 1824 θεογνωσίας
990 1758 1194 1827 εἴδησιν
1215 1774 1228 1787 ·
1267 1758 1384 1820 πῶς
1414 1756 1478 1810 ἂν
1513 1757 1801 1809 ὲνδοιάσειέ

1908 605 2044 649 eral.
2079 594 2259 661 Itaque
2289 591 2372 646 lex
2407 592 2726 658 pazdagogus
2756 583 2868 654 69
2898 591 3077 635 uoster
3109 580 3207 634 fuit
3239 582 3290 634 in
3322 580 3467 636 Chri-

1908 695 2015 749 sto,
2042 695 2098 738 ut
2129 700 2192 739 ex
2233 684 2334 737 title
2359 681 2735 750 justiﬁeemur.
2773 680 2840 732 At
2873 679 2960 731 ubi
3003 678 3145 731 venit
3192 676 3320 730 ﬁdes
3357 676 3465 743 jam

1906 788 2010 828 non
2058 790 2242 828 sumus
2289 774 2389 827 suh
2440 771 2766 841 pmdagOgo:
2814 784 3000 822 omnes
3039 770 3178 822 enim
3228 767 3321 822 lilii
3373 767 3463 821 Dei

1905 865 2035 918 estis
2062 881 2159 934 per
2204 864 2360 917 lldem
2410 864 2460 916 in
2501 862 2713 917 Christo
2753 859 2900 913 .lesu.
2962 860 3277 925 Quicunque
3324 858 3464 910 enim

1907 955 1958 1008 in
2001 954 2213 1008 Christo
2244 953 2496 1019 baptizati
2537 951 2691 1015 estis,
2742 949 3013 1003 Christum
3067 947 3317 1000 induistis
3342 947 3406 998 δ’.
3439 964 3458 996 ι

1907 1044 1964 1098 Si
2000 1043 2081 1097 lex
2111 1044 2428 1112 paedagogus
2451 1052 2589 1104 erat,
2618 1040 2758 1093 haud
2785 1042 2850 1092 ad
2883 1039 3045 1092 alium
3083 1051 3182 1092 nos
3232 1037 3464 1102 dirigens

1905 1149 2066 1202 quam
2097 1136 2162 1188 ad
2191 1133 2360 1187 solum
2397 1132 2697 1196 Christum,
2726 1130 2973 1198 quamvis
3006 1129 3098 1182 Dei
3146 1128 3464 1196 cognitionis

1904 1232 2050 1278 esset
2094 1223 2366 1289 magistra,
2399 1224 2670 1290 quomodo
2723 1221 2968 1274 Christus
3018 1235 3120 1272 non
3171 1229 3251 1273 est
3288 1218 3464 1271 Deus?

1906 1312 2137 1368 Rursum
2166 1315 2207 1367 si
2240 1316 2320 1366 lex
2350 1329 2442 1382 per
2478 1313 2656 1377 (idem,
2687 1327 2806 1381 quae
2835 1321 2918 1364 est
2957 1312 3008 1364 in
3060 1311 3251 1379 ipsum,
3285 1309 3464 1362 abole-

1906 1413 2017 1466 tur,
2038 1400 2391 1469 eamdemque
2415 1419 2442 1453 a
2466 1401 2787 1470 paedagogia:
2809 1414 3034 1453 munere
3059 1397 3287 1452 absolvit
3311 1395 3462 1457 ﬁdes.

1906 1502 2157 1559 tanquam
2200 1507 2318 1560 qua:
2366 1490 2638 1545 institutos
2685 1493 2748 1543 ad
2807 1504 3075 1543 summum
3120 1488 3230 1557 jam
3268 1488 3461 1541 bonum

1904 1584 2182 1646 evexerit;
2248 1598 2516 1635 summum
2563 1591 2740 1633 autem
2795 1580 2992 1632 bonum
3040 1594 3144 1632 non
3194 1583 3276 1631 est
3320 1575 3462 1628 aliud

1904 1687 2065 1740 quam
2117 1673 2350 1740 perfecta
2397 1671 2640 1726 veritatis
2688 1671 2988 1738 divinaeque
3050 1669 3253 1722 notitiae
3282 1655 3463 1722 iscien-

1905 1763 2028 1814 tia:
2091 1762 2174 1815 cui
2230 1762 2538 1828 ambiguum
2583 1776 2701 1815 esse
2746 1769 2960 1829 potest,
3027 1759 3152 1827 quin
3208 1758 3346 1810 Deus
3393 1756 3466 1808 sit

235 1862 346 1908 τις,
377 1847 455 1898 ὅτι
483 1846 612 1908 Θεός
641 1849 756 1899 ἐστι
781 1863 794 1910 ;
826 1847 1214 1916 Βαπτιζόμενοι
1243 1848 1299 1900 δὲ
1335 1849 1412 1910 εὶς
1449 1849 1688 1918 Πατέρα,
1708 1847 1799 1899 καὶ

1905 1850 2196 1905 Christus?
2239 1850 2500 1918 Baptizati
2550 1861 2730 1904 autem
2771 1848 2823 1902 in
2870 1847 3120 1912 Patrem,
3152 1856 3199 1898 et
3247 1845 3462 1904 Filium,

236 1935 386 1999 Υἰὸν,
416 1937 506 1988 καὶ
537 1937 688 2004 ἆγιον
724 1937 968 2006 Πνεῦμα,
1006 1937 1121 1999 πῶς
1163 1939 1242 2000 εἰς
1277 1937 1510 2006 Χριστὸν
1549 1935 1805 2007 βεϐαπτί-

237 2023 437 2092 σμεθα,
467 2026 620 2093 εἴπερ
642 2026 789 2077 ἐστὶν
818 2026 914 2095 οὐχ
945 2026 1072 2088 Υἱὸς
1098 2026 1320 2096 ἀληθὴς,
1343 2027 1516 2080 καίτοι
1546 2026 1640 2079 τοῦ
1664 2026 1806 2080 κατά

235 2115 400 2184 φύσιν
434 2115 546 2177 ἐνὸς
578 2116 726 2178 ὄντος
764 2115 922 2181 Υἰοῦ;
975 2116 1132 2168 Ἀλλά
1161 2117 1266 2187 μὴν
1314 2119 1393 2180 εἰς
1443 2116 1603 2168 αὑτὸν
1646 2116 1806 2185 βεϐα-

235 2195 535 2277 πτίσμεθαί
569 2206 698 2270 Θεὸς
725 2203 816 2260 οῦν
845 2206 952 2277 ἄρα
981 2207 1128 2259 ἐστὶν
1162 2207 1237 2271 ὡς
1267 2207 1396 2269 Υἱὸς
1439 2202 1541 2271 εἷς,
1567 2209 1659 2259 καλ¹
1690 2209 1804 2260 Κύ-

235 2317 354 2370 ριος
385 2295 486 2364 εἷς,
519 2297 639 2353 καθ’
665 2299 857 2352 ἕνωσιν
892 2298 1239 2370 οἰκονομικὴν
1280 2299 1482 2369 σαρκὸς
1521 2298 1803 2366 γεγονότος

231 2389 330 2443 τοῦ
360 2390 556 2458 Λόγου.

313 2497 334 2532 ε
373 2482 530 2535 Ἀλλὰ
560 2482 678 2535 τότε
711 2482 807 2551 μὲν
829 2482 926 2534 οὐκ
948 2480 1143 2544 εἰδότες
1160 2479 1310 2546 Θεὸν,
1325 2479 1668 2533 ἐδουλεύσατε
1691 2481 1800 2542 τοῖς

232 2574 397 2640 φύσει
429 2573 504 2642 μὴ
533 2569 649 2626 οῦσι
693 2574 833 2637 Θεοῖς
855 2591 867 2603 ·
897 2575 1013 2627 νυνὶΙ
1062 2573 1119 2626 δὲ
1157 2573 1377 2642 γνόντες
1403 2572 1555 2637 Θεὸν,
1601 2571 1800 2642 μᾶλλον

229 2659 289 2715 δὲ.
322 2662 650 2728 γνωσθέντες
671 2663 774 2714 ὑπὸ
803 2662 958 2727 Θεοῦ,
985 2664 1101 2726 πῶς
1127 2663 1484 2733 ἐπιστρέφετε
1519 2662 1681 2715 πάλιν
1709 2662 1800 2715 ἐπὶ

228 2752 302 2805 τὰ
333 2751 533 2820 ἀσθενῆ
566 2752 658 2803 καὶ
692 2753 881 2820 πτωχὰ
910 2758 1185 2823 στοιχεϊα;
1217 2773 1235 2806 ι
1286 2755 1349 2806 Εἰ
1392 2753 1525 2806 Θεὸν
1569 2754 1801 2820 ἐγνώκα-

233 2861 336 2913 μεν
361 2841 744 2912 ὁμολογοῦντες
773 2844 1028 2912 Χριστὸν,
1057 2847 1150 2898 καὶ
1180 2844 1447 2912 ἐγνῶσθαι
1489 2861 1666 2914 φαμεν
1695 2844 1798 2896 ὑπὸ

226 2935 326 3001 τοῦ
372 2935 528 2998 Θεοῦ,
556 2934 884 3002 γνωσθέντες
928 2934 1110 3005 αὐτῷ,
1164 2938 1280 3000 πῶς
1322 2937 1383 2988 ού
1427 2935 1557 2998 Θεὸς
1601 2937 1629 2987 6
1664 2936 1795 3005 Χρι-

227 3027 356 3089 στός
375 3043 389 3090 ;

311 3117 506 3186 «Ἐμοὶ
550 3118 606 3170 δὲ
662 3116 735 3187 μὴ
781 3115 986 3184 γένοιτο
1033 3119 1358 3186 καυχᾶσθαι,
1389 3121 1437 3172 εἰ
1491 3120 1564 3190 μὴ
1615 3121 1673 3172 ὲν
1715 3119 1793 3189 τῷ
1822 3153 1868 3212 C

229 3206 454 3277 σταυρῷ
478 3206 571 3258 τοῦ
598 3208 802 3279 Κυρίου
832 3206 988 3277 ἡμῶν
1023 3207 1197 3277 Ἰησοῦ
1225 3209 1487 3279 Χριστοῦ,
1511 3204 1650 3264 διὀὖ
1673 3212 1795 3281 ἐμοὶ

227 3294 435 3365 κόσμος
461 3296 820 3364 ἐσταύρωται,
855 3295 1009 3366 κάγὼ
1029 3295 1106 3366 τῷ
1139 3297 1348 3367 κόσμῳ.
1383 3318 1402 3349 ι
1441 3300 1498 3354 '0
1528 3301 1795 3372 μακάριος

224 3383 421 3452 ψάλλει
449 3386 608 3439 Δαυῖδ
629 3401 642 3414 ·
679 3405 696 3437 t
725 3390 1083 3458 Καυχήσομαι
1114 3389 1205 3440 ἐπὶ
1231 3389 1308 3459 τῷ
1334 3389 1450 3461 Θεῷ
1482 3392 1562 3461 τῷ
1583 3394 1794 3465 Σωτῆρι

230 3490 363 3554 μου.
395 3477 578 3528 »Ἔστι
607 3477 662 3528 δὲ
689 3479 850 3545 σοφὸς
870 3479 962 3531 καὶ
988 3479 1325 3549 ἁγιοπρεπὴς
1350 3483 1377 3532 6
1401 3480 1554 3547 λόγος
1573 3499 1587 3513 ο
1604 3484 1662 3535 οὐ
1685 3486 1794 3553 γὰρ

226 3566 289 3616 ὲν
341 3565 610 3638 ἀνθρώπῳ
671 3570 1171 3638 κατασεμνύνεσθαι
1220 3569 1324 3640 χρὴ
1375 3571 1573 3640 μᾶλλον
1621 3574 1791 3641 ἡμᾶς,

225 3655 347 3709 ἀλλ’
379 3658 471 3710 ἐπὶ
496 3658 630 3726 Θεῷ.
663 3657 787 3718 Πῶς
821 3655 913 3712 οῦν
943 3663 970 3713 6
1006 3661 1215 3724 Παῦλος
1255 3663 1311 3712 έν
1338 3661 1417 3730 τῷ
1456 3662 1674 3732 σταυρῷ
1701 3663 1791 3715 τοῦ

224 3739 467 3812 Χριστοῦ
492 3745 795 3814 καυχᾶσθαί
822 3765 1014 3817 (pqae);
1047 3749 1193 3802 Ἔδει
1219 3750 1321 3819 γὰρ
1347 3748 1542 3818 μᾶλλον
1566 3751 1655 3801 ἐπὶ
1675 3749 1793 3820 Θεῷ

224 3835 390 3889 τοῦτο
431 3839 600 3909 δρᾷίν⁸
653 3838 852 3900 σκοπὸς
899 3841 1007 3908 γὰρ
1051 3835 1203 3904 οὗτος
1243 3844 1352 3901 τοῖς
1389 3840 1567 3902 ἄλλοις
1594 3840 1787 3907 ἁγίοις.

239 3924 382 3979 Ἀλλ’
413 3929 673 3999 ὑπάρχων
702 3928 1172 4001 Πνευματοφόρος,
1207 3933 1265 3983 ἐν
1304 3931 1514 3999 θανάτῳ
1555 3931 1791 3997 Χριστοῦ

226 4020 532 4086 καυχᾶσθαί
563 4035 746 4088 φησιν.
769 4013 920 4071 Οἶδεν
943 4015 1033 4071 οὖν
1056 4022 1165 4090 ἄρα
1185 4022 1315 4076 Θεὸν
1333 4023 1462 4076 ὄντα
1481 4021 1574 4073 καὶ
1594 4020 1790 4091 ἀληθῆ,

225 4105 331 4161 καὶ
355 4108 422 4162 δι’
450 4113 598 4181 ἡμᾶς
628 4108 865 4163 παθόντα
892 4111 1073 4180 σαρκί.

607 4325 707 4377 Ἐκ
743 4323 850 4392 τῆς
891 4321 1038 4389 πρὸς
1083 4323 1424 4392 Ἐφεσίους.

309 4454 443 4547 Περὶ
487 4457 580 4510 τοῦ
629 4457 762 4510 Θεοῦ
807 4456 900 4510 καὶ
952 4457 1161 4526 Πατρός
1214 4475 1345 4528 φησι
1377 4476 1390 4490 ο
1444 4477 1460 4508 ι
1491 4456 1648 4511 Κατὰ
1694 4439 1868 4547 τὴν-υ

224 4543 507 4614 ἐνέργειαν
533 4547 626 4600 τοῦ
653 4547 884 4619 κράτους
909 4547 1007 4614 τῆς
1042 4548 1222 4615 ἰσχύος
1252 4548 1436 4612 αὐτοῦ,
1463 4549 1527 4617 ῆν
1553 4548 1644 4616 ὲνή
1656 4565 1790 4618 pm-

227 4650 324 4685 σεν
375 4636 432 4688 έν
480 4639 558 4708 τῷ
594 4638 837 4708 Χριστῷ,
878 4637 1097 4706 ἐγείρας
1147 4639 1308 4690 αὐτὸν
1341 4640 1404 4692 ἐκ
1430 4638 1656 4707 νεκρῶν,
1695 4640 1790 4692 καὶ

225 4724 459 4790 καθίσας
480 4731 536 4781 έν
561 4729 708 4799 δεξιᾷ
736 4728 898 4782 αὑτοῦ
929 4729 985 4779 ἐν
1011 4731 1121 4791 τοῖς
1153 4729 1518 4798 ἐπουρανίοις,
1535 4728 1790 4798 ὑπεράνω

225 4813 408 4884 πάσης
444 4817 669 4886 ’Δρχῆς,
723 4819 814 4870 καὶ
859 4814 1154 4880 Ἐξουσίας,
1209 4820 1303 4870 καὶ
1344 4819 1650 4887 Δυνάμεως,
1697 4820 1792 4872 καὶ

227 4902 584 4972 κυριότητος,
615 4906 709 4957 καὶ
752 4904 950 4966 παντὸς
982 4904 1244 4973 ὀνόματος
1270 4906 1694 4977 ὀνομαζομένου,
1728 4910 1787 4961 οὐ

227 4990 391 5057 μόνον
419 4995 476 5044 ὲν
507 4993 585 5063 τῷ
610 4995 764 5048 αἰῶνι
790 4994 983 5063 τούτῳ,
1003 4995 1137 5048 ἀλλά
1167 4999 1261 5050 καὶ
1290 5000 1345 5049 έν
1372 4996 1451 5066 τῷ
1482 4998 1783 5066 μέλλοντι.»

238 5079 371 5132 Ἰδοὺ
399 5081 490 5132 τὸν
527 5085 896 5155 ἐγηγερμένον
929 5086 992 5137 ὲκ
1016 5087 1220 5155 νεκρῶν
1238 5087 1527 5140 κεκάθικεν
1548 5089 1576 5138 6
1601 5089 1789 5159 Πατὴρ

225 5170 288 5222 ὲν
306 5169 453 5238 δεξιᾷ
465 5172 920 5245 αὑτοῦφπεράνω
943 5175 1119 5244 πάσης
1148 5179 1364 5248 Ἀρχῆς,
1379 5179 1470 5230 καὶ
1494 5176 1790 5244 Ἐξουσίας,

227 5261 325 5313 καὶ
355 5260 668 5329 Δυνάμεως,
698 5269 790 5320 καὶ
833 5266 1030 5329 παντὸς
1074 5267 1332 5336 ὀνόματος
1368 5269 1788 5338 ὀνομαζομένου.

224 5347 357 5421 ’Ἆρ’
385 5345 477 5403 οῦν
506 5353 812 5423 συνεδρεύει
837 5360 902 5427 τῇ
932 5357 1070 5425 ὑπὲρ
1102 5358 1278 5413 πάντα
1309 5359 1464 5426 φύσει
1499 5357 1620 5408 καθ’
1643 5361 1788 5426 ἡμᾶς

226 5437 513 5507 νοούμενος
539 5437 840 5509 ἄνθρωπος,
874 5445 966 5497 καὶ
993 5445 1177 5514 ἕτερον
1203 5447 1374 5508 οὐδὲν,
1395 5446 1448 5512 ἢ,
1468 5446 1603 5511 ὅπερ
1638 5444 1782 5494 ἐστὶν

224 5530 444 5600 ἀληθὲς,
481 5528 556 5589 ὡς
595 5529 724 5588 Θεὸς
769 5534 1206 5604 ἐνανθρωπήσας,
1242 5537 1332 5587 καὶ
1382 5535 1639 5601 ὑπάρχων
1693 5534 1787 5600 μὲν

307 5709 348 5736 ’θ
380 5703 555 5758 Calai.
593 5716 675 5762 ttt,
714 5702 899 5755 ‘25-‘27.

979 5708 1021 5735 "°
1066 5708 1239 5759 Calai.
1284 5723 1354 5769 Iv,
1383 5707 1436 5766 8,
1466 5706 1514 5757 9.
1591 5705 1630 5733 ⁵¹
1676 5702 1842 5753 (ialat.
1885 5713 1952 5759 Vl,
1986 5696 2062 5748 Η.

1907 1952 1959 1995 et
2013 1941 2272 2010 Spiritum
2315 1951 2595 2006 sanctum,
2641 1941 2909 2008 quomodo
2956 1938 3007 1992 in
3048 1937 3319 1992 Christum
3371 1936 3465 1989 ba-

1907 2031 2096 2100 ptizati
2146 2030 2394 2092 dicimur,
2433 2031 2475 2082 si
2525 2028 2775 2082 Christus
2823 2042 2925 2080 non
2967 2035 3046 2079 est
3081 2039 3242 2079 verus
3274 2023 3462 2084 Filius,

1905 2135 2024 2173 cum
2053 2134 2192 2173 unus
2221 2129 2425 2172 tantum
2459 2120 2531 2172 sit
2562 2123 2752 2174 natura
2785 2115 2990 2170 Filius?
3015 2115 3174 2182 Atqui
3207 2115 3258 2165 in
3290 2113 3461 2180 ipsqu

1904 2210 2158 2278 baptizati
2195 2225 2420 2264 sumus:
2458 2209 2598 2263 Deus
2631 2210 2792 2276 igitur
2824 2218 2906 2262 est
2934 2217 2992 2260 ut
3019 2205 3188 2260 Filius
3221 2221 3381 2266 unus,
3411 2211 3465 2255 et

1903 2296 2162 2351 Dominus
2204 2313 2364 2360 unus,
2418 2312 2539 2351 cum
2590 2312 2684 2365 per
2731 2296 2947 2349 uuionis
3002 2294 3460 2362 dispensationem

1903 2385 2136 2441 Verbum
2167 2402 2291 2440 caro
2316 2388 2516 2441 factum
2549 2388 2640 2441 sit.

1975 2496 1993 2528 ι
2028 2475 2132 2531 Sed
2171 2487 2299 2531 tunc
2329 2478 2547 2546 quidem
2587 2478 2898 2544 ignorantes
2928 2475 3116 2538 Deum,
3146 2473 3210 2526 iis
3239 2472 3329 2540 qui
3365 2485 3462 2523 na-

1903 2576 2021 2622 tura
2057 2583 2162 2622 non
2203 2576 2330 2622 sunt
2373 2568 2467 2631 dii,
2505 2567 2865 2622 serviebatis:
2919 2580 3062 2619 nunc
3108 2573 3285 2617 autem
3340 2575 3459 2614 cum

1901 2659 2259 2728 cognoveritis
2314 2657 2505 2722 Deum,
2550 2658 2657 2712 imo
2688 2657 2888 2726 cogniti
2929 2656 3047 2708 sitis
3089 2669 3118 2706 a
3157 2653 3286 2714 Deo,
3330 2666 3455 2718 qun-

1901 2748 2057 2802 modo
2083 2749 2458 2802 convertimini
2496 2750 2686 2801 iterum
2718 2746 2784 2799 ad
2830 2746 3040 2798 iulirma
3071 2753 3128 2797 et
3161 2757 3324 2811 egena
3352 2741 3461 2793 ele-

1899 2835 2183 2889 menta"?
2222 2855 2240 2886 ι
2275 2837 2331 2890 Si
2376 2837 2652 2891 Christum
2705 2837 3016 2905 proﬁtentes
3057 2832 3223 2887 Deum
3268 2845 3463 2898 cogno-

1897 2925 2092 2989 vimus,
2124 2936 2178 2978 et
2209 2927 2406 2996 cogniti
2439 2943 2467 2979 a
2499 2927 2735 2992 Christo,
2768 2927 2965 2994 cogniti
2997 2926 3224 2981 dicimur
3256 2939 3285 2976 a
3334 2925 3458 2987 Deo,

1897 3019 2168 3084 quomodo
2198 3016 2444 3071 Christus
2484 3032 2588 3070 non
2616 3027 2696 3069 est
2733 3016 2906 3069 Deus?

1975 3123 1993 3156 ι
2032 3106 2158 3160 Mihi
2187 3116 2366 3161 autem
2396 3108 2535 3162 absit
2567 3105 2817 3174 gloriari,
2850 3105 2950 3158 nisi
2984 3105 3036 3157 in
3066 3119 3223 3157 cruce
3252 3101 3458 3155 Domini

1900 3197 2068 3250 nostri
2108 3196 2232 3250 .lesu
2269 3195 2509 3259 Christi,
2542 3209 2635 3263 per
2664 3210 2819 3262 quem
2856 3194 2984 3247 mihi
3028 3193 3256 3246 mundus
3288 3188 3459 3244 cruci-

1897 3287 2038 3341 ﬁxus
2065 3295 2166 3352 est,
2195 3296 2248 3340 et
2294 3301 2394 3354 ego
2434 3285 2634 3338 mundo
2656 3285 2722 3338 ⁵⁸.
2767 3303 2784 3336 ι
2835 3285 3029 3337 Beatus
3067 3284 3229 3335 David
3274 3280 3457 3333 canit:

1903 3398 1921 3430 ι
1963 3378 2247 3432 Gloriabor
2290 3377 2343 3430 in
2386 3376 2494 3429 Deo
2541 3375 2764 3427 salutari
2809 3390 2927 3427 meo
2959 3374 3035 3425 l”'!
3078 3391 3096 3426 υ
3147 3371 3340 3438 Utique
3375 3383 3460 3422 sa-

1898 3470 2070 3538 piens,
2101 3476 2155 3520 et
2179 3477 2368 3521 sancto
2398 3468 2515 3520 viro
2545 3466 2872 3521 conveniens
2900 3465 3103 3519 dictqu
3131 3480 3144 3516 :
3181 3477 3284 3515 non
3315 3461 3457 3513 enim

1899 3563 1952 3615 iu
1984 3561 2201 3614 homine
2239 3559 2458 3626 gloriari
2496 3559 2649 3612 nobis
2681 3557 2762 3612 fas
2795 3566 2896 3621 est,
2931 3557 3024 3610 sed
3058 3555 3110 3608 in
3155 3557 3282 3610 Deo.
3319 3555 3462 3619 Quo-

1899 3653 2057 3706 modo
2090 3666 2218 3719 ergo
2250 3650 2450 3703 Paulus
2481 3649 2536 3702 in
2563 3663 2724 3704 cruce
2749 3648 2956 3701 Domini
2989 3647 3205 3716 gloriari
3233 3661 3291 3700 se
3325 3658 3461 3713 prte-

1898 3745 2064 3805 tlicat,
2116 3756 2237 3794 cum
2285 3741 2339 3792 in
2377 3740 2484 3792 Deo
2516 3741 2692 3806 potius
2725 3740 2772 3793 id
2817 3739 2929 3791 ﬁeri
2975 3737 3291 3804 oporteret?
3324 3733 3456 3786 Nam

1898 3833 1986 3887 hic
2013 3831 2240 3884 aliorum
2270 3836 2576 3882 sanctorum
2624 3842 2819 3896 scapus
2865 3841 3078 3894 semper
3111 3827 3337 3879 exstitit.
3369 3823 3459 3874 At-

1899 3923 1992 3991 qui
2037 3922 2203 3974 etiam
2254 3919 2450 3972 Paulus
2497 3918 2678 3970 divino
2715 3918 2918 3985 Spiritu
2967 3931 3070 3969 non
3115 3917 3367 3978 carebat;
3404 3921 3458 3965 et

1897 4022 2076 4066 tamen
2107 4011 2160 4064 in
2193 4010 2396 4064 Christi
2433 4016 2611 4063 morte
2640 4009 2857 4079 gloriari
2904 4023 3006 4060 non
3038 4009 3264 4060 dubitat.
3294 4006 3458 4060 Norat

1895 4116 2023 4168 ergo
2066 4116 2249 4154 verum
2297 4100 2460 4153 Deum
2509 4112 2664 4162 esse,
2709 4099 2921 4153 etiamsi
2981 4101 3146 4152 nostri
3197 4113 3356 4153 causa
3403 4097 3454 4148 in

1895 4205 2061 4246 carne
2095 4198 2323 4244 mortem
2355 4204 2642 4257 perpessus
2680 4188 2835 4241 foret.

2211 4323 2319 4392 70
2349 4321 2430 4376 Ea:
2464 4321 2704 4390 Epistola
2735 4322 2803 4374 ad
2844 4322 3114 4388 Ephesios.

1971 4473 1990 4508 ι
2032 4454 2338 4509 Secundum
2380 4455 2745 4522 operationem
2793 4457 3043 4520 potentia:
3082 4455 3292 4508 virtutis
3339 4452 3453 4518 ejus

1898 4545 2020 4614 (est
2076 4545 2164 4597 hic
2229 4557 2407 4598 sermo
2448 4545 2513 4597 de
2559 4544 2666 4596 Deo
2702 4554 2757 4596 et
2811 4544 3006 4611 Patre)
3052 4560 3210 4610 quam
3267 4556 3456 4610 opera-

1901 4647 1983 4690 tus
2011 4645 2094 4690 est
2137 4637 2187 4688 iu
2240 4635 2457 4690 Christo
2484 4675 2500 4700 ,
2536 4636 2802 4688 suscitans
2843 4634 2988 4687 illum
3043 4653 3070 4687 a
3113 4634 3368 4694 mortuis,
3401 4643 3455 4683 et

1898 4729 2228 4783 constituens
2253 4729 2317 4780 ad
2349 4729 2626 4782 dexteram
2659 4740 2809 4778 suam
2854 4727 2906 4777 in
2949 4726 3254 4780 cmlestibus
3296 4737 3455 4790 super

1897 4835 2108 4875 onmem
2133 4818 2522 4887 Principatum,
2554 4827 2606 4871 et
2632 4817 2976 4878 Potestatem,
3009 4826 3063 4869 et
3094 4816 3379 4878 Virtutem,
3402 4823 3455 4867 et

1897 4911 2350 4974 Domiuatiouem,
2399 4923 2453 4964 et
2495 4925 2654 4963 omne
2696 4923 2892 4960 nomen
2946 4907 3085 4973 quod
3128 4907 3452 4967 nominatur,

1901 5015 2005 5053 non
2038 5000 2210 5053 solum
2240 4998 2292 5050 in
2323 5000 2425 5053 hoc
2461 4999 2678 5061 saeculo,
2716 4995 2807 5048 sed
2838 4994 2996 5046 etiam
3033 4994 3082 5045 in
3118 4993 3296 5047 futuro
3320 4995 3388 5046 ⁸³.
3428 5014 3446 5046 ι

1899 5089 1976 5142 En
2002 5089 2145 5141 illum
2173 5089 2343 5157 ipsum
2375 5103 2532 5155 quem
2558 5102 2623 5138 ex
2653 5081 2873 5136 mortuis
2901 5084 3280 5147 exsuscitarat,
3319 5100 3448 5138 con-

1899 5177 2253 5231 stituitPater
2286 5178 2351 5228 ad
2386 5178 2656 5228 dexteram
2699 5187 2849 5224 suam
2875 5185 3034 5238 supra
3059 5188 3271 5226 omnem
3304 5174 3449 5242 prin-

1898 5270 2154 5336 cipatum,
2185 5278 2237 5320 et
2273 5274 2609 5333 potestatem,
2638 5271 2690 5314 et
2731 5263 2981 5315 virtutem
3004 5304 3017 5325 ,
3063 5272 3114 5316 et
3153 5279 3312 5315 omne
3345 5278 3445 5313 no-

1898 5371 2017 5407 men
2040 5357 2177 5421 quod
2203 5356 2523 5405 ιιυιιιὶιιιιιιιτ.
2572 5348 2817 5418 Nunquid
2844 5366 2972 5420 ergo
3007 5354 3238 5404 uthomo
3275 5350 3442 5401 tiostri

1896 5443 2102 5502 similis,
2141 5454 2192 5492 et
2224 5440 2349 5490 nihil
2376 5439 2551 5501 aliud,
2590 5439 2640 5490 iu
2673 5450 2876 5491 natura:
2907 5441 3140 5492 omnium
3181 5451 3441 5501 suprema

1895 5531 2110 5580 dextera
2141 5530 2353 5587 assidet,
2382 5537 2492 5592 aut,
2515 5531 2650 5594 quod
2676 5545 2852 5582 verum
2887 5541 2984 5586 est,
3019 5531 3074 5579 ut
3106 5524 3244 5578 Deus
3283 5527 3439 5578 homo

2144 5700 2186 5727 ³³
2218 5695 2356 5750 l‘sal.
2394 5714 2500 5760 ut,
2530 5701 2580 5751 8.
2693 5699 2736 5727 ”
2769 5697 2959 5760 Εβῖιυδι
3000 5711 3038 5760 ¹ι
3077 5697 3160 5748 '9‘
3201 5695 3285 5750 21'
