4056 6334
567 381 702 437 1247

1592 375 1649 428 S.
1695 372 1969 427 CYlllLLl
2001 370 2465 424 ALEXANDRINI
2504 371 2820 427 AllClllEP.

3676 368 3815 423 1248

566 497 742 549 factus
764 493 787 545 ?
811 491 1046 545 Verbum
1078 504 1309 559 namque
1353 488 1520 551 Patri,
1554 500 1713 557 prout
1747 490 1814 540 ab
1852 501 1916 539 eo
1950 501 2141 555 proce-

2279 484 2527 555 μοούσιος
2550 485 2628 554 τῷ
2658 484 2854 555 Πατρὶ,
2886 484 3021 537 καθὸ
3068 484 3305 555 πέφηνεν
3335 482 3395 548 ἐξ
3423 480 3609 546 αὐτοῦ,
3643 498 3818 551 προσ-

567 585 668 647 dit,
697 578 1192 643 consubstantiale,
1240 588 1432 631 natura
1474 578 1707 629 humana
1746 573 2140 641 dispensatorie

2276 574 2420 628 ασὼν
2447 576 2501 629 δὲ
2526 576 2586 628 τὸ
2616 574 2951 645 ἀνθρώπινον
2976 574 3355 645 οἰκονομικῶς,
3392 576 3479 626 ἵνα
3519 573 3575 625 ἐν
3616 570 3771 639 αὐτῷ
3791 581 3819 618 ρ

568 678 840 739 assumpta
868 707 881 731 ,
919 668 1119 721 factum
1179 674 1261 719 est
1308 666 1489 719 homo.
1540 666 1717 730 Quare
1760 663 2009 716 eﬁectum
2055 668 2142 714 est

2276 668 2429 735 οῆται
2456 665 2584 728 Θεός
2611 683 2670 718 τε
2696 666 2831 735 ὁμοῦ
2866 665 2961 719 καὶ
2992 666 3277 736 ἄνθρωπος
3309 667 3337 718 ὁ
3367 663 3552 727 αὐτὸς,
3603 660 3699 714 καὶ
3731 658 3822 713 διὰ

572 772 631 815 ιιι
662 763 713 814 in
739 776 848 813 uno
878 761 1175 825 eodemque
1205 756 1363 810 siuml
1390 756 1528 810 Deus
1552 756 1860 816 exsisteret,
1885 762 1939 805 et
1959 752 2141 815 homo,

572 856 754 909 divina
783 852 953 921 gloria
987 850 1290 903 redimitus.

648 963 667 996 ι
706 944 933 1011 Propter
960 942 1100 1010 quod
1134 954 1399 993 memores
1428 948 1623 1001 estote,
1662 937 1805 1005 quod
1860 935 2147 1003 aliquando

2243 757 2402 809 τοῦτο
2426 759 2491 826 τῇ
2525 756 2645 826 θείᾳ
2675 756 2802 828 δόξῃ
2834 756 3311 827 κατεστεμμένος;

2328 957 2346 987 ι
2383 936 2475 989 Διὸ
2530 935 2918 1007 μνημονεύετε,
2964 936 3048 988 ὃτι
3101 934 3231 987 ml:
3280 934 3438 1002 ὑμεῖς
3479 931 3548 985 τὰ
3598 931 3730 997 ἔθνη
3768 932 3826 981 ἐν

574 1050 675 1089 vos
708 1034 877 1088 eratis
908 1042 1095 1100 gentes
1142 1032 1192 1083 in
1225 1044 1411 1092 carne,
1455 1028 1779 1081 dicebamini
1830 1025 2144 1093 praeputium

2276 1029 2434 1098 ἀρκὶ,
2463 1028 2510 1079 oi
2540 1026 2819 1097 λεγόμενοι
2848 1024 3183 1096 ἀκροϐυστία
3228 1024 3333 1077 ὑπὸ
3377 1023 3473 1093 τῆς
3518 1019 3827 1089 λεγομένης

577 1124 645 1178 ab
678 1138 737 1176 ea
766 1138 885 1191 qua:
918 1122 1115 1174 dicitur
1154 1119 1498 1174 circumcisio
1526 1118 1579 1171 in
1609 1134 1769 1170 carne
1799 1113 2100 1169 manuiacta
2131 1131 2146 1167 :

576 1216 717 1284 quod
747 1214 911 1267 eratis
943 1214 1032 1266 illo
1064 1212 1117 1264 in
1157 1220 1401 1279 tempore
1439 1210 1555 1263 sine
1591 1208 1828 1270 Christo,
1863 1207 2076 1260 alienati
2121 1220 2149 1259 a

578 1304 995 1360 conversatione
1037 1301 1236 1363 Israel,
1274 1310 1323 1353 et
1370 1301 1609 1367 hospites
1664 1304 2144 1358 testamentorum,

581 1394 952 1463 promissionis
981 1406 1129 1461 spem
1156 1406 1260 1444 non
1296 1390 1578 1451 habentes,
1604 1398 1658 1439 et
1687 1388 1803 1440 sine
1831 1384 1946 1437 Deo
1973 1385 2024 1437 in
2054 1384 2154 1436 hoc

583 1487 779 1537 mundo
802 1486 869 1537 “.
906 1502 927 1535 ι
957 1483 1014 1537 Si
1052 1492 1240 1550 gentes
1281 1480 1551 1533 Christum
1589 1492 1691 1531 non
1752 1478 2046 1539 habentes,
2100 1473 2153 1525 in

583 1576 861 1643 impietate
888 1574 1182 1627 secundum
1222 1572 1363 1624 hunc
1397 1569 1651 1621 mundum
1696 1564 2153 1634 perseverabant;

585 1675 864 1732 postquam
904 1672 1082 1717 autem
1121 1662 1295 1731 ipsum
1343 1660 1543 1713 habere
1582 1665 1897 1727 cmperuut,
1956 1656 2161 1723 absque

586 1754 698 1810 Deo
726 1769 834 1808 non
870 1753 1089 1807 fuerunt
1122 1769 1133 1804 :
1165 1751 1293 1820 quid
1327 1751 1399 1803 ita
1428 1750 1676 1803 Christus
1712 1763 1820 1802 non
1860 1756 1945 1802 est
1972 1746 2159 1801 Deus?

2249 1115 2549 1185 περιτομῆς
2596 1117 2653 1166 ἐν
2707 1114 2869 1184 σαρκὶ
2920 1115 3327 1183 χειροποιήτου·
3375 1113 3458 1164 ὅτι
3500 1106 3600 1180 ἦτε
3644 1111 3704 1161 ἐν
3751 1106 3827 1176 τῷ

2251 1204 2429 1275 καιρῷ
2454 1206 2646 1274 ἐκείνῳ
2672 1206 2838 1274 χωρὶς
2861 1202 3096 1275 Χριστοῦ
3113 1214 3161 1267 εἰ,
3196 1200 3708 1272 ἀπηλλοτριωμένοι
3733 1199 3832 1267 τῆς

2255 1296 2526 1359 πολιτείας
2556 1296 2647 1348 τοῦ
2685 1297 2919 1366 Ἰσραὴλ,
2951 1297 3046 1348 καὶ
3093 1295 3235 1359 ξένοι
3260 1295 3369 1346 τῶν
3396 1292 3704 1361 διαθηκῶν,
3730 1290 3831 1356 τῆς

2255 1388 2586 1456 ἐπαγγελίας
2648 1386 2838 1440 ἐλπίδα
2908 1388 2982 1458 μὴ
3048 1387 3279 1456 ἔχοντες,
3305 1386 3401 1438 καὶ
3441 1384 3592 1438 ἄθεοι
3648 1386 3709 1436 ἐν
3754 1382 3834 1451 τῷ

2256 1480 2463 1548 κόσμῳ.
2499 1498 2518 1529 s
2556 1480 2617 1531 Ei
2649 1480 2879 1547 Χριστὸν
2919 1480 3019 1533 οὐκ
3061 1478 3250 1549 ἔχοντα
3285 1478 3352 1530 τὰ
3393 1477 3519 1546 ἔθνη
3557 1475 3835 1529 διετέλουν

2257 1573 2316 1624 ἐν
2346 1571 2598 1640 ἀθεότητι
2622 1570 2761 1623 κατά
2787 1570 2877 1623 τὸν
2900 1570 3104 1639 κόσμον
3124 1609 3139 1632 ,
3178 1569 3364 1639 ἐπειδὴ
3388 1568 3443 1621 δὲ
3472 1566 3637 1621 αῦτὸν
3678 1567 3837 1635 ἐσχήο

2259 1674 2438 1720 κασιν,
2470 1658 2530 1708 οὐ
2565 1658 2935 1727 μεμενήκασιν
2980 1657 3129 1710 ἄθεοι
3152 1666 3174 1695 τ
3196 1673 3210 1688 θ
3246 1657 3364 1720 πῶς
3390 1656 3496 1726 ἄρα
3538 1655 3602 1708 οὑ
3646 1654 3783 1717 Θεὸς
3808 1656 3838 1705 δ

2261 1746 2531 1817 Χριστόςς

661 1862 682 1896 s
717 1844 888 1911 Hujus
933 1845 1011 1896 rei
1058 1844 1228 1910 gratia
1274 1840 1430 1895 ﬁecto
1479 1854 1651 1910 genua
1697 1854 1813 1891 mea
1842 1838 1908 1891 ad
1942 1836 2151 1891 Patrem

2339 1856 2355 1887 t
2389 1838 2589 1890 Τούτου
2622 1839 2781 1909 χάριν
2814 1837 3050 1907 κάμπτω
3074 1838 3141 1891 τὰ
3169 1838 3371 1905 γόνατά
3416 1854 3519 1907 μου
3574 1837 3715 1904 πρὸς
3742 1838 3835 1889 τὸν

591 1935 803 1988 Domini
836 1934 1007 1987 nostri
1042 1931 1169 1987 Jesu
1203 1931 1426 1994 Christi,
1458 1945 1524 1983 ex
1560 1944 1666 1997 quo
1706 1931 1882 1982 omnis
1918 1926 2158 1996 paterni-

590 2037 672 2079 tas
698 2026 752 2079 in
783 2026 935 2079 caelis
962 2031 1017 2077 et
1068 2024 1119 2075 in
1170 2033 1311 2076 terra
1357 2021 1706 2075 nominatur:
1756 2028 1817 2072 ut
1866 2021 1958 2072 det
2007 2017 2162 2071 vobis

587 2114 888 2169 secundum
929 2114 1147 2166 divitias
1174 2112 1358 2182 gloriae
1393 2126 1537 2176 sure,
1584 2112 1783 2164 virtute
1820 2108 2161 2163 corroborari

591 2220 689 2273 per
738 2204 999 2273 Spiritum
1052 2202 1169 2273 ejus
1214 2202 1266 2255 in
1315 2200 1557 2255 interiori
1606 2200 1845 2262 homine,
1887 2198 2163 2252 Christum

591 2296 836 2349 habitare
866 2310 963 2363 per
989 2293 1147 2347 ﬁdem
1180 2292 1233 2346 in
1283 2290 1538 2346 cordibus
1583 2292 1777 2343 vestris
1796 2290 1863 2341 ⁸⁸.
1900 2307 1917 2339 ι
1960 2286 2162 2342 Nomen

597 2390 697 2439 hoc
729 2382 968 2437 Christus
1004 2381 1157 2436 Jesus
1190 2383 1271 2451 (ut
1317 2381 1614 2449 saepissime
1650 2380 1760 2448 jam
1805 2390 1931 2432 ante
1957 2378 2166 2431 monui-

596 2473 736 2542 Inus)
769 2474 966 2541 ubique
1007 2469 1097 2523 Dei
1136 2470 1313 2524 Patris
1344 2469 1574 2522 Verbum
1610 2470 1841 2521 humana
1874 2468 2046 2520 forma
2078 2468 2163 2522 in-

595 2568 785 2616 dutum
838 2561 1129 2632 signiﬁcat.
1177 2561 1232 2615 Si
1285 2575 1414 2628 ergo
1469 2558 1721 2614 Christus
1775 2556 2164 2628 (posteaquam

598 2654 856 2717 Verbum,
887 2654 1029 2722 quod
1061 2655 1231 2722 ipsum
1271 2666 1482 2720 quoque
1523 2665 1618 2718 per
1644 2649 1902 2717 Spiritum
1930 2658 1988 2701 ut
2028 2646 2169 2701 Deus

600 2746 653 2799 in
691 2744 843 2799 nobis
884 2744 1168 2805 inhabitat,
1206 2757 1426 2795 carnem
1478 2738 1643 2793 semel
1677 2735 2026 2807 assumpsit),
2064 2751 2169 2790 non

600 2844 684 2888 est
720 2833 903 2888 Deus:
948 2834 1219 2903 quomodo
1254 2848 1349 2902 per
1394 2834 1551 2885 ﬁdem
1588 2831 1639 2883 in
1675 2830 1934 2884 cordibus
1969 2829 2172 2882 nostris

603 2926 905 2979 inhabitare
938 2926 1135 2979 dicitur
1162 2926 1185 2977 ’ἶ
1213 2924 1447 2977 Rursum
1482 2922 1525 2976 si
1555 2920 1859 2975 communis
1908 2919 2066 2971 homo
2094 2927 2174 2971 est

604 3017 874 3078 Christus,
916 3014 1016 3083 71
1048 3024 1102 3068 et
1146 3014 1286 3067 ﬁlius
1344 3015 1412 3067 ab
1456 3027 1520 3067 eo
1549 3012 1795 3065 diversus
1821 3049 1834 3072 ,
1867 3010 1955 3077 qui
1985 3018 2173 3060 natura

607 3103 772 3157 Filius
795 3113 896 3167 est,
922 3113 976 3155 et
1004 3103 1147 3156 solus
1185 3118 1251 3155 ex
1290 3101 1398 3154 Deo
1423 3111 1578 3153 natus
1610 3109 1690 3153 est
1727 3118 1740 3153 :
1781 3101 1921 3167 quis,
1954 3112 2136 3167 quaeso
2158 3135 2173 3163 ,

606 3202 692 3248 est
721 3192 811 3247 ille
857 3194 945 3260 qui
971 3193 1177 3245 habitat
1211 3192 1263 3244 in
1298 3190 1490 3245 nobis?
1547 3200 1639 3243 aut
1685 3191 1954 3258 quomodo
1995 3190 2047 3241 in
2080 3188 2179 3241 ho-

611 3286 849 3339 minibus
878 3285 1143 3337 inhabitat
1180 3299 1274 3353 per
1324 3283 1529 3337 ﬁdem?
1569 3298 1689 3335 cmn
1733 3281 1969 3335 Joannes
2015 3281 2079 3334 de
2119 3293 2183 3334 eo

612 3375 845 3430 dilucide
876 3375 1019 3428 dicat
1051 3392 1063 3429 :
1107 3392 1124 3424 ι
1163 3372 1219 3427 In
1253 3375 1355 3427 hoc
1400 3373 1793 3442 cognoscimus,
1843 3373 1985 3439 quod
2034 3371 2087 3424 in
2119 3385 2184 3425 eo

613 3482 911 3532 manemus,
941 3476 993 3520 et
1019 3466 1134 3532 ipse'
1166 3466 1218 3519 in
1255 3466 1407 3521 nobis
1432 3475 1533 3531 est,
1573 3466 1827 3535 quoniam
1864 3467 1931 3519 de
1975 3463 2184 3533 Spiritu

613 3572 711 3611 suo
738 3556 884 3610 dedit
911 3557 1069 3610 nobis
1097 3554 1165 3607 “.
1212 3572 1230 3605 ι

974 3646 1059 3699 Ex
1092 3644 1331 3713 Epistola
1360 3650 1429 3697 ad
1455 3644 1833 3713 Philippenses.

691 3779 709 3811 ι
741 3759 868 3825 Quze
909 3758 1038 3812 mihi
1079 3756 1295 3811 fuerunt
1335 3758 1478 3811 lucra
1526 3756 1629 3826 (de
1668 3756 2085 3826 gloriationibus
2134 3756 2188 3809 in

619 3849 732 3918 lege
761 3848 1037 3917 loquitur),
1064 3848 1177 3901 hazc
1204 3846 1499 3900 arbitratus
1525 3862 1641 3899 sum
1675 3855 1896 3915 propter
1914 3844 2188 3899 Christum

620 3941 960 3994 detrimenta.
998 3937 1376 3992 Verumtamen
1400 3937 1653 3991 existimo
1678 3939 1856 3989 omnia
1893 3936 2189 3990 detrimen-

623 4042 733 4085 tum
766 4044 885 4084 esse
917 4039 1135 4098 propter
1177 4028 1501 4082 eminentem
1539 4028 1820 4081 scientiam
1868 4024 1994 4085 Jesu
2032 4026 2189 4081 Chri-

622 4122 689 4175 sti
726 4120 932 4174 Domini
963 4118 1151 4184 nostri,
1190 4128 1406 4187 propter
1422 4132 1576 4185 quem
1605 4120 1785 4171 omnia
1810 4118 2189 4171 detrimentum

625 4210 831 4274 Icci,et
878 4210 1115 4261 arbitror
1146 4219 1199 4261 ut
1243 4219 1505 4272 stercora,
1554 4217 1613 4261 ut
1657 4207 1933 4261 Christum
1966 4207 2191 4261 lucrifa-

623 4302 763 4353 ciam
789 4300 857 4353 ⁵⁷.
900 4317 917 4350 ι
963 4298 1099 4364 Quid
1149 4307 1253 4364 est,
1303 4298 1515 4361 amabo,
1565 4298 1760 4351 eximia
1812 4298 2010 4351 Christi
2065 4295 2190 4350 Jesu

626 4389 893 4443 scientia?
947 4390 1055 4442 Cur
1105 4390 1283 4441 omnia
1347 4404 1463 4456 qua
1523 4388 1651 4455 legis
1697 4395 1845 4451 sunt,
1899 4390 2193 4443 detrimen-

2262 1928 2481 1998 Πατέρα
2537 1926 2650 1999 [τοῦ
2682 1929 2881 1997 Κυρίου
2938 1928 3092 1996 ἡμῶν
3151 1926 3327 1998 Ἰησοῦ
3366 1926 3656 1997 Χριστοῦ],
3689 1927 3750 1991 ἐξ
3775 1921 3836 1978 οὗ

2263 2020 2412 2074 πᾶσα
2450 2017 2651 2087 πατριὰ
2679 2020 2736 2069 ἐν
2771 2019 3018 2087 οὐρανοῖς
3056 2019 3148 2069 καὶ
3191 2019 3285 2070 ἐπὶ⁵
3329 2018 3430 2087 γῆς
3466 2017 3833 2086 ὀνομάξεταιο

2263 2109 2348 2161 ἵνα
2379 2107 2489 2178 δῴη
2519 2109 2647 2177 ὑμῖν
2677 2110 2817 2161 κατὰ
2864 2109 2958 2161 τὸν
3022 2108 3249 2161 πλοῦτον
3304 2110 3401 2177 τῆς
3454 2108 3615 2178 δόξης
3639 2107 3836 2173 αὐτοῦ,

2262 2200 2487 2268 δυνάμει
2517 2199 2922 2270 κραταιωθῆναι
2961 2200 3050 2253 διὰ
3076 2200 3170 2254 τοῦ
3207 2203 3519 2272 Πνεύματος
3552 2202 3724 2255 αὑτοῦ
3754 2206 3837 2266 είς

2261 2275 2352 2343 τὸν
2374 2290 2479 2343 ἔσω
2506 2290 2812 2361 ἄνθρωπον,
2860 2292 3189 2360 κατοικῆσαι
3226 2293 3317 2345 τὸν
3341 2294 3574 2363 Χριστὸν
3610 2294 3702 2346 διὰ
3734 2297 3838 2361 τῆς

2264 2380 2503 2442 πίστεως
2557 2384 2613 2434 ἐν
2682 2383 2802 2444 ταῖς
2853 2382 3104 2451 καρδίαις
3167 2382 3342 2453 ὑμῶν.
3398 2402 3417 2435 ι
3463 2383 3535 2437 Τὸ
3579 2384 3840 2451 Χριστὸς

2279 2470 2516 2537 Ἰησοῦς
2546 2471 2734 2541 ὄνομα,
2770 2471 2904 2525 καθὸ
2932 2473 3249 2535 πλειστάκις
3280 2473 3604 2544 εἰρήκαμεν,
3624 2473 3842 2542 άνθρω-

2268 2560 2397 2628 πείᾳ
2436 2562 2618 2629 μορφῇ
2648 2559 2739 2612 τὸν
2771 2562 2831 2612 ἐκ
2863 2561 2998 2614 Θεοῦ
3041 2562 3323 2632 πεφηνότα
3363 2562 3531 2628 Λόγον
3575 2563 3843 2631 σημαίνει

2271 2650 2563 2719 πανταχοῦ.
2594 2650 2717 2713 Πῶς
2745 2649 2837 2704 οὖν
2870 2653 2927 2706 ἐν
2956 2656 3076 2716 ταῖς
3113 2652 3359 2722 καρδίαις
3411 2652 3565 2722 ἡμῶν
3594 2655 3847 2706 κατοικεῖ

2270 2742 2355 2795 διὰ
2408 2743 2507 2811 τῆς
2562 2742 2819 2806 πίστεως,
2870 2746 2918 2796 εί
2975 2745 3052 2814 μὴ
3098 2747 3299 2797 νοεῖται
3341 2744 3493 2809 Θεὸς,
3538 2743 3847 2807 ὲνὼσαντος

2271 2832 2449 2903 ἐαυτῷ
2475 2834 2571 2901 τὴν
2602 2835 2777 2904 σάρκα
2808 2834 2899 2887 τοῦ
2938 2835 3134 2903 Λόγου,
3166 2836 3223 2897 ὃς
3258 2836 3352 2887 καὶ
3385 2835 3579 2897 θεῖκῶς
3616 2836 3673 2888 ὲν
3704 2836 3849 2903 ἡμῖν

2273 2925 2517 2975 κατοικεῖ
2548 2922 2637 2975 διὰ
2679 2923 2769 2975 τοῦ
2795 2924 3145 2994 [Ινεύματοςς
3184 2925 3244 2977 El
3270 2926 3326 2977 δὲ
3357 2925 3531 2987 κοινὸς
3555 2924 3848 2995 ἄνθρωπος

2275 3015 2302 3065 ὁ
2327 3013 2577 3082 Χριστὸς,
2606 3014 2698 3065 καὶ
2726 3013 2911 3084 ἔτερος
2936 3014 3048 3078 υίὸς
3075 3014 3223 3085 παρὰ
3247 3016 3339 3068 τὸν
3360 3015 3519 3083 φύσει
3546 3017 3634 3067 καὶ
3652 3016 3849 3085 μόνον,

2280 3105 2422 3173 φημὶ
2449 3104 2512 3174 δὴ
2544 3105 2633 3157 τὸν
2664 3107 2727 3157 ὲκ
2750 3106 2905 3172 Θεοῦ,
2936 3106 3019 3169 τίς
3049 3107 3077 3158 ὁ
3110 3108 3166 3159 ἐν
3190 3108 3317 3176 ἡμῖν
3338 3106 3601 3160 κατοικῶν
3623 3123 3637 3169 ;
3663 3108 3693 3174 ἢ
3724 3108 3856 3170 πῶς

2281 3196 2586 3266 ἀνθρώποις
2617 3196 2705 3249 διὰ
2736 3197 2969 3261 πίστεως
2992 3198 3351 3263 ἐνοικίζεταις
3386 3199 3561 3252 καίτοι
3588 3200 3855 3267 λέγοντος

2294 3287 2539 3341 Ἰωάννου
2572 3289 2756 3357 σαφῶς
2784 3290 2913 3361 περὶ
2943 3289 3038 3343 τοῦ
3089 3290 3353 3361 Χριστοῦο
3392 3310 3409 3343 ι
3434 3292 3519 3343 Ἐν
3548 3291 3717 3361 τούτῳ
3757 3309 3856 3360 γιο

2284 3378 2583 3449 νὼσκομεν,
2620 3381 2700 3435 ὅτι
2739 3382 2796 3433 ἐν
2828 3382 2959 3451 ἡμῖν
2988 3384 3156 3447 ἐστιν,
3186 3384 3265 3436 ὃτι
3297 3386 3360 3436 ἐκ
3396 3383 3489 3437 τοῦ
3532 3383 3855 3455 Πνεῦματος

2284 3469 2448 3522 αὑτοῦ
2476 3470 2674 3523 ἔδωκεν
2703 3471 2853 3541 ήμῖν.
2893 3490 2914 3522 s

2606 3646 2708 3699 Ἐκ
2750 3644 2857 3713 τῆς
2897 3648 3044 3715 πρὸς
3084 3649 3543 3718 Φιλιππησίους.

2362 3760 2496 3828 Περὶ
2520 3758 2629 3811 τῶν
2654 3760 2711 3813 ἐν
2734 3760 2883 3830 νόμῳ
2901 3762 3269 3831 καυχημάτων
3300 3763 3458 3831 φησίν
3478 3779 3491 3792 ’
3517 3781 3535 3812 ι
3569 3763 3759 3816 ’Δτινα
3789 3760 3861 3833 ἦν

2294 3865 2382 3917 μοι
2430 3848 2616 3919 κέρδη,
2662 3847 2830 3901 ταῦτα
2883 3850 3097 3919 ἥγημαι
3126 3852 3215 3904 διά
3252 3851 3341 3904 τὸν
3367 3852 3597 3920 Χριστὸν
3625 3851 3857 3922 ζημίαν.

2305 3938 2463 3990 Ἀλλὰ
2493 3938 2751 4007 μενοῦνγε
2780 3940 3020 4009 ἠγοῦμαι
3048 3944 3116 3994 τὰ
3146 3941 3325 3995 πάντα
3353 3941 3552 4012 ζημίαν
3580 3938 3740 4007 εἶναι,
3765 3943 3862 3997 διὰ

2290 4029 2352 4081 τὸ
2384 4029 2646 4099 ὑπερέχον
2670 4030 2769 4098 τῆς
2793 4030 3044 4096 γνώσεως
3069 4032 3303 4102 Χριστοῦ
3336 4032 3506 4103 Ἰησοῦ
3530 4032 3625 4085 τοῦ
3654 4034 3861 4103 Κυρίου

2294 4118 2468 4186 ἡμῶν,
2496 4119 2562 4170 δι’
2600 4119 2657 4171 ὃν
2678 4119 2747 4170 τὰ
2768 4119 2943 4171 πάντα
2963 4118 3275 4191 ἐζημιώθην
3294 4160 3307 4183 ,
3338 4123 3429 4173 καὶ
3451 4122 3689 4191 ἠγοῦμαι
3726 4124 3862 4175 σκύ-

2294 4206 2430 4257 ϐαλα
2452 4204 2605 4269 εἶναι,
2636 4208 2719 4259 ἵνα
2742 4208 2969 4277 Χριστὸν
2992 4208 3257 4278 κερδήσω.
3273 4229 3289 4259 ι
3323 4211 3386 4262 Τί
3408 4211 3463 4263 δὲ
3492 4214 3585 4263 καὶ
3607 4212 3667 4263 τὸ
3690 4212 3863 4281 ὑπερ-

2295 4295 2414 4365 έχον
2458 4295 2558 4364 τῆς
2585 4296 2836 4364 γνώσεως
2882 4298 3050 4366 Ἰησοῦ
3068 4298 3329 4370 Χριστοῦ;
3363 4301 3457 4352 Διὰ
3488 4300 3539 4351 τί
3573 4301 3746 4370 ζημία
3768 4304 3864 4355 καὶ

2298 4384 2541 4438 σκύϐαλα
2556 4387 2611 4438 ἐν
2628 4386 2804 4456 νόμῳ;
2827 4388 3014 4440 Καίτοι
3036 4388 3170 4440 Θεὸν
3193 4387 3284 4440 τὸν
3306 4388 3464 4457 φύσει
3489 4390 3583 4441 καὶ
3612 4389 3865 4459 ἀληθινὸν

628 4489 803 4532 torum
831 4486 885 4531 et
937 4477 1343 4547 quisquiliarum
1382 4477 1496 4529 loco
1529 4476 1719 4530 duxit?
1768 4476 1937 4530 Porro
1967 4476 2049 4531 lex
2081 4474 2172 4529 llo

2302 4477 2329 4529 ὁ
2358 4476 2445 4528 διὰ
2472 4475 2714 4538 Μωσέως
2746 4475 2906 4544 νόμος
2925 4478 3037 4539 τοῖς
3056 4476 3426 4547 ἀρχαιοτέροις
3451 4478 3749 4547 ἐκήρυττεν
3768 4493 3786 4508 ·
3814 4480 3866 4529 οἱ

628 4568 772 4621 saica
818 4566 1010 4635 priscis
1072 4566 1177 4619 illis
1221 4566 1525 4620 hominibus
1578 4581 1763 4619 verum
1796 4567 2172 4635 naturaletnqm

2304 4567 2361 4619 δὲ
2381 4566 2477 4635 τῆς
2504 4566 2627 4628 νέας
2659 4566 2932 4636 Διαθήκης
2963 4570 3308 4637 μυσταγωγοὶ
3327 4568 3555 4637 Χριστὸν
3575 4568 3653 4637 τῷ
3673 4569 3868 4637 κόσμῳ

632 4656 797 4710 Deum
854 4656 1257 4725 praedicaverit,
1310 4670 1460 4709 novae
1517 4667 1694 4710 autem
1744 4657 1877 4727 legis
1941 4657 2189 4711 doctores

634 4746 817 4801 .lesutn
844 4746 1114 4801 Christum
1158 4762 1299 4801 nunc
1333 4747 1639 4801 hominibus
1681 4748 2022 4802 annuntiant.
2056 4748 2197 4806 Sane

634 4838 679 4889 si
711 4845 916 4889 tantum
947 4837 1249 4891 communis
1282 4836 1558 4903 nostrique
1598 4837 1791 4892 similis
1842 4838 2001 4892 bomo
2028 4848 2193 4905 esset,

635 4940 755 4978 cum
804 4923 984 4979 Verbo
1028 4925 1171 4994 quod
1225 4941 1291 4979 ex
1361 4926 1470 4979 Deo
1530 4926 1773 4993 procedit
1861 4927 2193 4995 hypostatica

638 5015 835 5069 unione
868 5030 969 5067 non
999 5016 1337 5083 coniunctus,
1366 5024 1527 5085 atque
1556 5017 1678 5070 ideo
1714 5031 1811 5071 nec
1860 5016 2001 5071 Deus
2028 5019 2201 5073 credi-

2305 4655 2755 4726 κατηγγέλκασιν.
2792 4657 2930 4711 Ἀλλ’
2969 4658 3126 4728 εἴπερ
3192 4659 3337 4710 ἐστὶν
3391 4658 3671 4727 ἄνθρωπος
3735 4659 3872 4711 καθ’

2303 4746 2468 4814 ἡμᾶς,
2514 4741 2644 4797 ἀύτὸ
2690 4744 2754 4814 δή
2799 4744 2956 4799 τοῦτο
3001 4744 3195 4808 κοινὸς,
3234 4746 3331 4814 οὐχ
3381 4743 3570 4797 ἐνώσει
3615 4748 3680 4814 τῇ
3738 4744 3873 4798 καθ’

2303 4837 2617 4901 ὑπόστασιν,
2637 4840 2703 4907 τῇ
2720 4838 2854 4907 πρός
2874 4854 2956 4905 γε,
2977 4839 3139 4908 φημὶ,
3163 4838 3253 4891 τὸν
3280 4840 3342 4890 ἐκ
3366 4836 3498 4890 Θεοῦ
3520 4837 3713 4905 Λόγον,
3733 4833 3871 4890 εἶναι

2303 4925 2434 4989 Θεὸς
2462 4927 2913 4996 πεπιστευμένος,
2945 4928 3060 4991 πῶς
3095 4928 3343 4998 ὑπερέξει
3382 4930 3480 4999 τῆς
3522 4931 3754 4999 νομικῆς
3784 4931 3874 4982 πί-

2311 5035 2477 5081 στεως
2508 5020 2540 5087 ή
2572 5020 2689 5070 κατ’
2725 5019 2922 5084 αὑτόν;

636 5115 724 5161 tus
765 5122 781 5161 :
830 5122 933 5160 non
966 5108 1118 5161 video
1140 5124 1242 5176 qua
1286 5108 1491 5161 ratione
1521 5108 1651 5163 ﬁdes
1678 5109 1729 5161 in
1763 5110 1956 5177 ipsum,
1983 5110 2139 5166 ﬁdem
2179 5125 2297 5180 qua:
2323 5125 2386 5163 ex
2414 5111 2527 5179 lege
2551 5120 2653 5174 est,
2680 5112 2926 5165 excellet.

1006 5197 1089 5250 Ea:
1119 5196 1354 5266 Epistola
1388 5204 1454 5251 ad
1484 5198 1833 5253 Colossenses.

714 5307 733 5339 ι
781 5287 1001 5343 Gaudeo
1026 5305 1166 5342 nune
1192 5288 1440 5359 (inquit)
1478 5291 1528 5342 in
1566 5289 1905 5356 passionibus
1935 5291 2067 5345 meis
2103 5306 2199 5360 pro

2651 5201 2753 5253 Ἐκ
2792 5199 2900 5267 τῆς
2940 5200 3087 5267 πρὸς
3130 5199 3524 5264 Κολασσαεῖς.

2383 5310 2400 5341 ι
2431 5289 2543 5343 Νῦν
2574 5289 2766 5361 χαίρω,
2796 5292 2977 5360 φησὶν,
3009 5292 3065 5343 ἐν
3116 5294 3225 5353 τοῖς
3273 5290 3557 5361 παθήμασί
3598 5307 3703 5362 μου
3732 5290 3875 5362 ὑπὲρ

711 5432 755 5462 ⁵⁸
789 5431 985 5500 Ephes.
1013 5446 1072 5496 ιι,
1111 5431 1197 5496 Η,
1231 5430 1317 5485 12.
1393 5432 1439 5463 ³³
1472 5431 1668 5500 Ephes.
1700 5448 1779 5498 ιιι,
1818 5432 2002 5485 M-l7.
2057 5432 2101 5462 ⁸⁶
2135 5431 2150 5484 l

2276 5449 2336 5487 in.
2370 5446 2446 5495 tv,
2484 5430 2569 5486 15.
2644 5432 2686 5461 ⁵⁷
2720 5430 2942 5501 Philipp.
2979 5445 3062 5497 III,
3090 5428 3143 5494 7,
3166 5430 3218 5486 8.

1714 5585 1883 5640 Varia)
1920 5585 2174 5639 lectiones
2203 5584 2400 5640 codicis
2437 5581 2790 5651 Srguicriani.

720 5731 749 5774 ιι
774 5723 844 5775 al.
879 5723 1078 5794 ταύτῷ.
1155 5735 1181 5773 ιι
1206 5721 1357 5776 Θεοῦ.
1441 5732 1459 5758 τ
1496 5721 1645 5776 ἄθεα.
