4056 6334
215 392 356 449 1249

1306 394 1393 448 DE
1434 391 1661 447 RECTA
1704 392 1857 446 FIDE
1895 392 1982 446 AD
2024 392 2340 450 REGINAS.

3314 410 3450 467 1250

219 504 397 573 ὑμῶν,
420 505 512 557 καὶ
538 503 929 575 ἀνταναπληρῶ
955 505 1019 559 τὰ
1040 505 1387 576 ὑστερήματα
1411 509 1518 561 τῶν
1556 509 1784 569 θλίψεων

1891 508 2063 571 vobis,
2096 522 2149 563 et
2177 511 2446 580 adimpleo
2469 527 2531 569 ea
2561 528 2679 583 quae
2703 517 2899 572 desunt
2942 522 3253 591 passionum
3290 527 3448 581 Chri-

218 596 318 647 τοῦ
352 594 587 666 Χριστοῦ
632 596 690 647 ἐν
732 598 797 665 τῇ
850 598 1009 666 σαρκί
1050 615 1150 667 μου
1202 600 1340 669 ὑπὲρ
1393 601 1484 652 τοῦ
1536 600 1782 671 σώματος

219 685 413 749 αὑτοῦ,
442 688 470 740 ὃ
495 687 640 739 ἐστιν
666 688 698 757 η
739 686 1059 756 Ἐκκλησίαο
1087 683 1155 759 ἦς
1184 690 1449 761 ἐγενόμην
1480 692 1589 759 ἐγὼ
1607 692 1785 745 διάκο-

218 793 311 839 νος
341 776 480 829 κατὰ
508 775 605 847 τὴν
633 778 941 846 οἰκονομίαν
977 778 1070 831 τοῦ
1111 780 1247 833 Θεοῦ
1278 782 1377 851 τὴν
1413 783 1657 837 δοθεῖσάν
1695 800 1783 854 μοι

216 869 301 931 εἰς
325 868 485 937 ὑμᾶς,
516 868 801 940 πληρῶσαι
838 871 928 923 τὸν
960 870 1119 939 λόγον
1145 873 1243 928 τοῦ,
1281 876 1416 929 Θεοῦ
1441 894 1453 907 ο
1488 877 1544 929 τὸ
1579 879 1784 948 μυστή-

216 976 335 1032 ριον
378 962 438 1014 τὸ
477 962 965 1033 ἀποκεκρυμμένον
1000 965 1106 1017 ἀπὸ
1139 966 1247 1019 τῶν
1290 967 1499 1022 αἰώνων
1542 971 1633 1022 καὶ
1676 972 1784 1024 ἀπὸ

212 1050 326 1103 τῶν
354 1052 575 1120 γενεῶν,
609 1052 725 1106 vuv‘t
778 1053 834 1106 δὲ
886 1055 1204 1127 ἐφανερώθη
1244 1062 1357 1122 τοῖς
1390 1061 1564 1128 ἁγίοις
1594 1062 1779 1126 αὑτοῦ,

210 1135 299 1203 οἷς
322 1142 588 1211 ἠθέλησεν
625 1141 652 1194 ὁ
691 1141 823 1206 Θεὸς
853 1147 1116 1215 γνωρίσαι
1146 1148 1229 1211 τίς
1257 1152 1284 1203 6
1316 1152 1541 1215 πλοῦτος
1571 1154 1669 1223 τῆς
1699 1154 1783 1205 δός

212 1229 312 1301 ξης
349 1231 442 1284 τοῦ
495 1232 788 1303 μυστηρίου
823 1235 987 1288 αὑτοῦ
1044 1241 1101 1289 ἐν
1148 1242 1259 1302 τοῖς
1306 1241 1533 1306 ἔθνεσιν,
1563 1244 1619 1306 ὃς
1668 1246 1783 1296 ἐστι

210 1323 447 1390 Χριστὸς
478 1326 533 1376 ἐν
565 1326 716 1394 ἡμῖν,
756 1326 789 1395 ἡ
826 1326 979 1390 ἐλπὶς
1019 1329 1119 1398 τῆς
1145 1331 1324 1401 δόξης.
1367 1333 1425 1386 ὃν
1454 1336 1614 1403 ἡμεῖς
1648 1352 1783 1389 κατ-

210 1416 568 1485 αγγέλλομεν.
598 1434 624 1468 ι
667 1416 789 1480 Πῶς
843 1420 1147 1490 κέκρυπται
1180 1422 1239 1474 τὸ
1274 1425 1640 1497 μυστήριον,ῆ
1668 1427 1784 1491 πῶς

210 1504 360 1554 ἐστιν
386 1503 521 1567 ὅλως
549 1506 719 1573 Λόγος
750 1507 906 1566 Θεοῦ.
934 1514 1081 1573 ποῖος
1112 1511 1167 1564 δέ
1193 1515 1221 1564 6
1249 1513 1475 1578 πλοῦτος
1503 1516 1604 1585 τῆς
1625 1517 1782 1586 δόξης

210 1595 420 1646 ἔνεστιν
446 1594 613 1665 αὐτῷ,
640 1597 797 1669 εἴπερ
828 1600 943 1653 ἐστὶ
972 1602 1147 1665 κοινὸς
1178 1603 1461 1674 ἄνθρωπος
1494 1608 1613 1660 καθ’
1638 1610 1783 1679 ἡμᾶς

209 1687 237 1737 6
268 1684 499 1754 Χριστός
525 1704 539 1751 ;
594 1688 728 1740 Οὐδὲ
760 1688 865 1755 γὰρ
895 1690 1036 1758 μέγα
1068 1692 1235 1758 ἐστὶν,
1268 1695 1383 1749 ἀλλ’
1414 1698 1532 1750 οὐδὲ
1579 1698 1785 1764 ἀξιόλο-

208 1794 308 1844 γον
339 1777 400 1829 τὸ
436 1780 755 1849 μυστήριον,
788 1783 836 1833 εἰ
881 1782 953 1851 μὴ
984 1783 1060 1845 ὡς
1090 1784 1208 1855 Θεῷ
1236 1789 1531 1859 προσίεμεν
1558 1791 1635 1862 τῷ
1652 1793 1782 1861 Χρι-

213 1867 345 1938 στῷ,
378 1869 469 1920 καὶ
504 1869 784 1939 συνίεμεν,
818 1872 898 1924 ὅτι
926 1872 1055 1936 Θεὸς
1081 1875 1156 1927 ὢν
1183 1877 1212 1927 6
1241 1878 1430 1946 Λόγος,
1463 1882 1558 1935 καὶ
1594 1884 1650 1936 ἐν
1679 1884 1786 1936 ἰσό-

208 1976 334 2028 τητι
366 1961 458 2012 καὶ
492 1963 672 2030 μορφῇ
712 1960 807 2013 τοῦ
838 1965 1073 2033 Πατρὸς,
1105 1967 1343 2037 καθῆκεν
1369 1971 1559 2025 ἑαυτὸν
1590 1976 1668 2036 εἰς
1694 1974 1785 2027 κέ-

209 2065 404 2110 νωσιν,
434 2051 723 2119 γενόμενος
769 2051 1076 2122 ἄνθρωπος,
1125 2058 1219 2109 καὶ
1273 2062 1598 2131 μεμενηκὼς
1649 2067 1784 2136 ὅπερ

208 2134 280 2207 ἦν
304 2154 317 2168 υ
370 2139 624 2192 πλούσιον
670 2141 778 2212 γὰρ
810 2142 951 2197 οῦτω
993 2146 1091 2198 καὶ
1133 2146 1258 2219 δόξῃ
1297 2149 1464 2221 πολλῇ
1499 2156 1697 2207 νοεῖται
1724 2134 1785 2208 rb

213 2229 516 2298 μυστήριον
540 2262 559 2279 .

292 2419 309 2450 ι
334 2400 421 2467 Ὠς
445 2398 539 2457 οῦν
570 2406 906 2475 παρελάϐετε
935 2410 1027 2462 τὸν
1066 2411 1298 2481 Χριστὸν
1332 2414 1537 2487 Ἰησοῦν
1580 2418 1783 2489 Κύριον

210 2491 395 2564 ἡμῶν,
421 2496 479 2547 ἐν
501 2495 649 2565 αὑτῷ
675 2503 1045 2570 περιπατεῖτε,
1072 2503 1425 2574 ἐρριζωμένοι
1453 2509 1546 2561 καὶ
1572 2510 1785 2563 ἐποικο-

209 2580 538 2654 δομούμενοι
587 2589 645 2641 ἐν
697 2590 866 2661 αὐτῷ,
898 2591 995 2645 καὶ
1026 2592 1400 2665 βεὸαιούμενοι
1435 2599 1493 2651 ἐν
1524 2599 1722 2654 πίστει.
1761 2621 1779 2653 r

212 2672 339 2735 Πῶς
370 2672 464 2729 οῦν
493 2678 872 2750 παρελάϐομεν
914 2682 1005 2736 τὸν
1029 2686 1289 2753 Χριστὸν,
1325 2689 1522 2756 διδάξει
1553 2691 1723 2759 λέγων
1758 2698 1785 2747 6

212 2761 379 2828 σοφὸς
417 2764 668 2836 Ἰωάννης
688 2784 701 2799 ο
741 2788 759 2819 t
787 2772 896 2823 Kal.
920 2774 947 2825 6
971 2774 1146 2842 Λόγος
1173 2776 1307 2848 σὰρξ
1336 2779 1569 2845 ἐγένετο.
1596 2800 1613 2831 ι
1635 2783 1786 2834 Ἀλλ’

209 2850 273 2901 ού
312 2850 586 2907 πέπαυται
627 2857 720 2908 τοῦ
759 2856 895 2914 εἰναι
922 2862 1118 2931 Λόγος,
1145 2866 1240 2918 καὶ
1285 2868 1332 2918 εἰ
1378 2869 1568 2937 γέγονε
1610 2872 1779 2942 σάρξ·

212 2942 524 3034 συνεδρεύει
552 2945 663 3017 γὰρ
691 2949 786 3002 καὶ
823 2950 970 3005 οὕτω
993 2955 1071 3024 τῷ
1100 2955 1211 3026 ἰδίῳ
1234 2958 1431 3031 Πατρὶ,
1468 2962 1565 3015 καὶ
1582 2961 1785 3034 Κύριος

206 3034 312 3104 τῆς
337 3033 494 3106 δόξης
516 3037 547 3088 6
575 3039 989 3111 ἐσταυρωμένος
1014 3045 1345 3116 ὠνόμασται.

284 3311 313 3350 α
342 3295 422 3367 Υῇ
457 3299 730 3368 προσευχῇ
766 3308 1243 3372 προσκαρτερεῖτε,
1289 3313 1692 3383 γρηγοροῦντες
1727 3318 1784 3371 ἐν

210 3388 350 3459 αὐτῇ
390 3390 449 3441 ἐν
497 3388 852 3461 εὐχαριστίᾳ·
903 3396 1327 3465 προσευχόμενοι
1363 3401 1482 3469 ἃμα
1514 3406 1610 3459 καὶ
1657 3410 1788 3478 περὶ

210 3479 391 3547 ἡμῶν,
422 3481 507 3535 ἵνα
530 3482 558 3535 6
584 3481 716 3547 Θεὸς
744 3483 931 3555 ἀνοίξῃ
968 3487 1098 3556 ἡμῖν
1132 3487 1301 3559 θύραν
1332 3492 1426 3544 τοῦ
1462 3494 1643 3563 λόγου,
1686 3498 1784 3552 λα⁹

210 3567 376 3637 λῆσαι
415 3573 475 3625 τὸ
508 3575 804 3645 μυστήριον
834 3576 927 3630 τοῦ
962 3577 1118 3643 Θεοῦ,
1146 3580 1212 3631 δι’
1235 3580 1263 3633 ὃ
1291 3582 1383 3635 καὶ
1412 3583 1631 3652 δέδεμαι
1651 3606 1665 3619 ο
1699 3588 1788 3644 ἵνα

213 3661 516 3730 φανερὼσω
553 3666 703 3731 αὐτὸ,
746 3667 820 3731 ὠς
852 3668 935 3722 δεῖ
974 3685 1045 3737 με
1070 3668 1319 3740 λαλῆσαι.
1344 3690 1363 3723 ι
1398 3674 1461 3726 Εἰ
1493 3677 1569 3746 μὴ
1596 3677 1727 3742 Θεὸς
1759 3682 1787 3733 6

211 3750 468 3819 Χριστὸς,
497 3756 778 3825 ἅνθρωπος
807 3759 866 3813 δὲ
903 3759 1023 3831 θείᾳ
1050 3760 1231 3831 χάριτι
1258 3767 1649 3835 τετιμημένος,
1692 3771 1785 3823 ούο

212 3838 304 3892 etv
351 3838 464 3909 ἔχει
516 3844 651 3913 βαθὺ
694 3846 755 3899 τὸ
797 3850 884 3901 ἐπ’
923 3850 1074 3920 αύτῷ
1130 3854 1424 3926 μυστήριον
1450 3872 1463 3884 ·
1499 3857 1659 3921 ποίας
1692 3857 1787 3916 οὖν

214 3931 384 3983 ἐδεῖτο
419 3930 587 4002 θύρας
626 3939 705 4001 εἰς
734 3938 794 3990 τὸ
825 3940 1072 4008 φανερῶς
1097 3950 1119 3978 ³
1150 3944 1281 3996 αὐτὸ
1323 3946 1417 3997 καὶ
1457 3946 1639 4011 καθὼς
1678 3952 1784 4005 ἐδει

214 4020 481 4091 λαλῆσαι;
513 4026 670 4093 Μέγα
701 4027 808 4098 γὰρ
835 4029 989 4082 οὐδὲν
1015 4030 1046 4099 ἢ
1071 4031 1307 4099 χαλεπὸν
1338 4035 1397 4087 τὸ
1428 4037 1554 4107 περὶ
1579 4039 1787 4110 ἀνθρώ.

213 4129 323 4167 που
358 4111 557 4179 λέγειν,
584 4116 659 4180 ὡς
688 4120 771 4189 εἰη
803 4121 943 4172 κατὰ
982 4119 1144 4186 φύσιν
1175 4122 1477 4194 ἄνθρωπος.
1506 4128 1569 4181 Εἰ
1600 4130 1656 4182 δὲ
1694 4132 1786 4185 ἇν-

216 4204 435 4273 θρωπος
470 4207 705 4272 γεγονὼς
730 4210 758 4261 6
783 4212 846 4263 ἐκ
882 4210 1016 4263 Θεοῦ
1043 4212 1367 4288 κηρύττεται
1392 4209 1565 4286 Λόγος
1588 4259 1602 4282 ,
1629 4224 1787 4292 χρεία

223 4294 293 4364 δὴ
327 4294 542 4356 πάντως
572 4298 729 4363 Θεοῦ,
761 4301 852 4353 τοῦ
883 4302 978 4355 καὶ
1005 4301 1174 4371 θύραν
1220 4306 1544 4377 ἀνοίγοντος,
1578 4315 1675 4366 καὶ
1706 4315 1784 4368 δι-

213 4384 398 4445 δόντος
438 4384 663 4454 λαλῆσαι
692 4390 753 4441 τὸ
782 4394 1101 4462 μυστήριον,
1134 4396 1255 4463 καθ’
1284 4398 1343 4453 ὃν
1371 4404 1637 4473 προσήκει
1663 4408 1787 4475 τρό-

216 4489 342 4528 πον.

610 4690 705 4744 Ἐκ
744 4694 853 4762 τῆς
892 4701 1042 4766 πρὸς
1083 4702 1403 4771 Ἐϐραίους.

300 4841 317 4873 ι
354 4824 527 4877 Ὅταν
567 4823 622 4877 δὲ
643 4825 908 4901 εἰσαγάγῃ
941 4833 1033 4886 τὸν
1083 4838 1424 4907 πρωτότοκον
1458 4844 1536 4906 εἰς
1573 4846 1671 4914 τὴν
1702 4850 1787 4901 οἰ-

216 4917 508 5009 κουμένην,
534 4918 698 4988 λέγει·
726 4921 835 4973 Καὶ
862 4934 1394 4999 προσκυνησάτωσαν
1416 4938 1561 5009 αὐτῷ
1588 4944 1789 5007 πάντες

216 5004 439 5071 ἄγγελοι
489 5011 642 5067 Θεοῦ.
680 5032 697 5064 ι
750 5014 1060 5085 Μονογενὴς
1109 5025 1249 5077 κατὰ
1280 5028 1441 5094 φύσιν
1486 5004 1619 5085 ὁῑὲκ
1650 5004 1785 5086 Θεοῦ

216 5096 433 5192 Πατρδς
480 5103 793 5173 ὠνόμασται
828 5105 996 5173 Λόγος
1020 5147 1034 5168 ,
1079 5110 1157 5161 ὃτι
1202 5117 1359 5181 μόνος
1392 5122 1455 5173 ἐκ
1499 5124 1658 5191 μόνου
1696 5141 1785 5192 γε-

214 5185 472 5282 γέννηται
514 5195 609 5246 τοῦ
655 5198 895 5270 Πατρός’
926 5198 1138 5269 εἴρηται
1168 5202 1222 5257 δὲ
1265 5209 1355 5259 καὶ
1408 5185 1781 5282 πρωτότοκος,

216 5277 309 5329 ὅτε
336 5278 431 5329 καὶ
458 5282 708 5339 εἰσαῗιλθεν
736 5292 814 5354 εἰς
848 5290 943 5363 τὴν
968 5290 1290 5363 οἰκουμένην
1314 5277 1598 5368 ἄνθρωπος
1626 5277 1783 5372 γεγοὲ

1886 600 1954 652 sti
1992 600 2041 653 in
2072 616 2234 657 carne
2262 619 2377 657 mea
2409 619 2505 672 pro
2535 620 2761 675 corpore
2794 610 2913 679 ejus
2936 651 2953 676 ,
2985 615 3131 681 quod
3152 626 3236 668 est
3269 616 3452 671 Eccle-

1884 690 1983 755 sia,
2020 692 2174 760 cujus
2220 692 2395 750 factus
2419 710 2534 749 sum
2572 711 2671 767 ego
2716 700 2966 755 minister
3004 704 3297 757 secundum
3340 708 3452 759 dis~

1885 784 2258 852 pensationem
2320 785 2440 855 Dei,
2477 803 2595 856 qua:
2633 790 2756 844 data
2793 801 2875 846 est
2899 792 3028 846 mihi
3080 794 3133 847 in
3182 796 3353 862 vobis,
3398 805 3454 851 ut

1885 876 2134 944 impleam
2165 878 2385 930 verbmn
2421 878 2550 944 Dei;
2607 884 2921 948 mysterium
2971 884 3116 953 quod
3163 886 3453 941 abscondi-

1885 972 1997 1018 tum
2026 966 2125 1021 fuit
2160 982 2191 1021 a
2226 968 2437 1023 saeculis
2468 980 2521 1024 et
2562 974 3033 1041 generationibus,
3080 991 3223 1030 nunc
3274 988 3450 1030 autem

1886 1057 2289 1111 manifestatum
2322 1069 2409 1113 est
2444 1063 2645 1116 sanctis
2690 1062 2825 1131 ejus,
2848 1066 3058 1133 quibus
3102 1067 3271 1122 voluit
3311 1068 3454 1121 Deus

1885 1157 2039 1201 notas
2064 1148 2242 1204 facere
2269 1150 2489 1207 divitias
2514 1153 2700 1224 gloriae
2746 1158 3075 1212 sacramenti
3124 1158 3284 1227 hujus
3330 1175 3454 1227 geu-

1885 1239 2046 1305 tibus,
2097 1240 2239 1309 quod
2285 1251 2368 1296 est
2416 1242 2667 1299 Christus
2724 1244 2777 1299 in
2820 1248 2971 1301 nobis
3006 1288 3022 1315 ,
3074 1264 3196 1317 spes
3247 1251 3452 1319 gloriae.

1881 1342 2042 1397 quem
2080 1346 2178 1385 nos
2209 1332 2597 1388 annuntiamus
2625 1334 2691 1390 ⁵⁸.
2726 1355 2744 1387 ι
2783 1337 3063 1402 Quomodo
3108 1340 3349 1394 abditum
3375 1350 3456 1394 est

1885 1422 2225 1488 mysterium,
2274 1432 2367 1477 aut
2410 1423 2510 1477 Dei
2551 1440 2776 1493 prorsus
2807 1424 3043 1482 Verbum
3085 1438 3189 1493 est,
3238 1440 3335 1483 aut
3364 1447 3457 1482 cu-

1877 1509 2113 1579 jusmodi
2157 1516 2371 1567 tandem
2403 1516 2591 1585 glorize
2618 1532 2750 1586 opes
2782 1529 3074 1587 suppetunt
3126 1521 3372 1585 Christo,
3410 1524 3453 1575 si

1884 1602 2101 1666 quidem
2152 1602 2387 1673 vulgaris
2443 1614 2649 1659 tantum
2718 1609 3001 1675 nostrique
3059 1609 3254 1664 similis
3296 1611 3458 1664 homo

1884 1692 2096 1746 exsistit
2118 1693 2141 1746 ?
2161 1692 2347 1763 Neque
2376 1694 2519 1749 enim
2545 1695 2653 1765 72
2676 1696 2879 1765 grande
2909 1707 3004 1751 aut
3036 1700 3210 1769 magni
3229 1700 3457 1767 alicujus

1888 1784 2141 1853 ponderis
2169 1787 2485 1855 mysterium
2516 1788 2609 1841 hic
2640 1789 2794 1854 latet,
2821 1788 2868 1843 si
2891 1787 3106 1843 Christo
3139 1806 3243 1845 non
3273 1792 3454 1847 cohae-

1888 1889 2066 1928 remus
2090 1884 2345 1943 tanquam
2376 1878 2505 1941 Deo,
2539 1889 2796 1949 certoque
2833 1896 3149 1951 persuasum
3198 1883 3455 1938 habemus

1886 1966 1977 2020 Dei
2003 1966 2259 2029 Verbum,
2286 1970 2426 2036 quod
2453 1970 2506 2022 in
2533 1968 2707 2025 forma
2730 1980 2790 2025 et
2815 1972 3126 2040 mqualitate
3154 1972 3334 2028 Patris
3350 1983 3453 2034 est,

1885 2058 2154 2114 hominem
2200 2060 2399 2113 factum
2447 2062 2513 2114 ad
2562 2061 2861 2116 ultroneam
2912 2063 3336 2118 exinanitionem
3398 2079 3457 2117 se

1885 2152 2189 2218 demisisse,
2217 2166 2437 2207 manens
2489 2152 2706 2207 interim
2763 2154 2866 2208 hoc
2918 2154 3093 2222 ipsum
3138 2157 3279 2223 quod
3316 2168 3452 2211 erat.

1883 2241 1962 2294 Ad
1997 2244 2137 2296 hunc
2164 2244 2314 2296 enim
2343 2245 2561 2297 modum
2584 2246 2900 2313 mysterium
2932 2247 3038 2300 hoc
3064 2258 3346 2315 acceptum
3372 2250 3456 2302 in-

1883 2342 2069 2400 gentes
2095 2334 2510 2401 magnificentia:
2545 2342 2597 2387 et
2626 2334 2808 2403 gloria:
2838 2335 3057 2390 divitias
3088 2337 3266 2392 olTert.

1960 2441 1977 2474 ι
2019 2422 2171 2479 Sicut
2219 2438 2347 2494 ergo
2386 2424 2677 2492 accepistis
2720 2424 2903 2479 Jesum
2951 2427 3225 2484 Christum
3274 2431 3454 2484 Domi-

1886 2527 2012 2567 num
2044 2525 2312 2579 nostrum,
2340 2514 2392 2567 in
2420 2514 2535 2583 ipso
2566 2513 2841 2569 ambulate
2863 2554 2879 2580 ,
2913 2517 3137 2571 radicati
3177 2527 3238 2572 et
3265 2534 3455 2587 super-

1885 2604 2131 2659 tedilicati
2160 2606 2212 2657 in
2241 2605 2380 2674 ipso,
2408 2616 2463 2659 et
2497 2606 2803 2659 conﬁrmati
2830 2606 2882 2660 in
2906 2607 3010 2663 [ide
3033 2610 3099 2665 ".
3136 2627 3155 2662 ι
3182 2611 3457 2676 Quomodo

1886 2712 1984 2751 nos
2043 2697 2320 2752 Christum
2391 2698 2825 2764 susceperimus,
2880 2699 2935 2753 id
3005 2713 3161 2753 sacer
3227 2699 3458 2755 Joannes

1884 2785 2146 2853 ejusmodi
2172 2785 2418 2839 oratione
2442 2785 2678 2839 breviter
2709 2784 2942 2851 explicat
2974 2802 2987 2839 :
3021 2804 3039 2837 ι
3094 2787 3160 2840 Ει
3197 2786 3455 2851 Verbum,

1885 2875 2083 2943 inquit,
2113 2889 2240 2929 caro
2271 2875 2469 2927 factum
2502 2886 2587 2929 est
2609 2876 2669 2930 ⁸ο.
2709 2894 2727 2926 ›
2768 2876 3145 2932 Verumtamen
3180 2878 3305 2933 licet
3332 2893 3459 2933 caro
3490 2952 3493 2953 ν

1886 2966 2084 3019 factum
2114 2974 2218 3027 est,
2247 2978 2342 3033 per
2370 2964 2472 3018 hoc
2507 2972 2685 3019 tamen
2730 2965 2960 3020 Verbum
2990 2982 3111 3023 esse
3143 2985 3247 3024 non
3278 2970 3455 3024 desiit.

1885 3054 2023 3110 Nam
2049 3056 2210 3114 etiam
2246 3055 2296 3108 in
2330 3068 2395 3109 eo
2425 3062 2571 3112 statu
2614 3057 2728 3123 pari
2773 3072 2895 3110 cum
2938 3057 3097 3112 Patre
3144 3060 3460 3115 auctoritate

1812 3179 1855 3235 ο
1888 3148 2083 3217 pollet;
2130 3155 2183 3200 et
2222 3146 2311 3213 qui
2342 3146 2520 3202 crucis
2568 3146 2890 3215 supplicium
2933 3148 3171 3215 pertulit,
3199 3148 3457 3205 Dominus

1890 3239 2074 3308 gloriae
2099 3236 2420 3305 appellatur.

1965 3344 1983 3376 c
2022 3324 2260 3378 Orationi
2299 3325 2515 3387 instate,
2544 3323 2832 3389 vigilantes
2877 3326 2931 3382 in
2968 3342 3034 3383 ea
3079 3328 3135 3384 in
3165 3328 3458 3397 gratiarum

1890 3417 2135 3471 actione:
2166 3425 2390 3469 orantes
2419 3414 2577 3470 simul
2604 3423 2658 3470 et
2692 3430 2788 3483 pro
2819 3417 2973 3472 nobis
2995 3455 3013 3481 ,
3052 3427 3110 3471 ιιι
3155 3418 3295 3473 Deus
3332 3432 3459 3485 ape-

1891 3509 1996 3561 riat
2039 3505 2194 3559 nobis
2237 3505 2435 3559 ostium
2481 3506 2747 3560 sermonis
2793 3508 2861 3561 ad
2900 3507 3223 3575 loquendum
3261 3517 3453 3578 myste-

1890 3599 2028 3652 rium
2052 3595 2252 3650 Christi
2290 3595 2539 3664 (propter
2569 3597 2710 3664 quod
2739 3598 2901 3652 etiam
2929 3598 3145 3653 vinctus
3174 3599 3355 3664 sum),
3401 3605 3457 3651 ut

1891 3688 2231 3744 manifeStem
2253 3688 2381 3741 illud
2419 3689 2514 3752 ita,
2550 3696 2608 3742 ut
2633 3699 2846 3757 oportet
2875 3705 2961 3743 me
2986 3690 3127 3759 loqui
3157 3691 3225 3743 σί.
3262 3709 3285 3740 ι
3319 3689 3459 3742 Sane

1891 3782 1935 3836 si
1965 3780 2214 3835 Christus
2251 3778 2391 3834 Deus
2419 3794 2525 3833 non
2559 3788 2726 3842 esset,
2756 3780 2849 3835 sed
2886 3780 3049 3835 homo
3086 3790 3289 3836 tantum
3324 3778 3458 3833 divi-

1888 3888 1974 3926 nae
2005 3872 2193 3939 gratiae
2224 3885 2453 3925 munere
2482 3871 2739 3936 donatus,
2769 3872 3087 3940 mysterium
3119 3874 3185 3927 de
3211 3873 3326 3939 ipso
3351 3883 3457 3923 non

1889 3963 2173 4017 admodum
2201 3963 2525 4031 profundum
2556 3962 2714 4017 foret.
2745 3965 2862 4028 Quo
2913 3963 3075 4031 igitur
3124 3964 3264 4019 ostio
3308 3970 3457 4030 pate-

1888 4055 2033 4108 facto
2068 4069 2199 4125 opus
2232 4063 2349 4109 erat
2375 4064 2432 4108 ut
2476 4054 2610 4107 illud
2657 4053 3120 4118 manifestaretur,
3154 4051 3458 4109 commode-

1887 4158 1994 4212 que
2021 4144 2103 4212 (ut
2131 4142 2429 4211 oportebat)
2461 4144 2893 4211 proponeretur?
2923 4143 3201 4211 siquidem
3237 4155 3341 4196 non
3375 4143 3462 4192 est

1888 4247 1977 4289 res
2002 4248 2213 4303 magna,
2246 4242 2341 4287 aut
2365 4234 2530 4287 ardua
2560 4233 2627 4286 de
2668 4232 2887 4289 homine
2927 4234 3108 4289 dicere
3130 4274 3146 4299 ,
3190 4232 3329 4300 quod
3365 4244 3457 4281 na-

1891 4333 2010 4378 tura
2042 4324 2205 4381 homo
2241 4323 2330 4377 sit.
2362 4321 2419 4377 Si
2452 4333 2633 4377 autem
2665 4322 2901 4378 Verbum
2945 4324 3036 4378 Dei
3064 4325 3225 4378 homo
3256 4322 3453 4375 factum

1888 4415 2231 4484 praedicetur.
2251 4412 2362 4481 jam
2395 4414 2615 4469 omnino
2642 4428 2779 4482 opus
2810 4415 2914 4471 erit
2944 4414 3193 4483 prasidio
3227 4411 3341 4474 Dei,
3365 4406 3456 4473 qui

1816 4495 1858 4550 Ι)
1890 4508 2087 4561 ostium
2134 4514 2378 4570 reseret,
2428 4505 2952 4574 convenientemque
3010 4504 3249 4575 mysterii
3300 4500 3454 4567 hujus

1892 4597 2307 4667 explicationem
2340 4596 2623 4665 largiatur.

2289 4728 2373 4782 Ea:
2401 4728 2641 4798 Epistola
2675 4731 2743 4784 ad
2774 4729 3045 4786 Hebraaor.

1975 4884 1993 4917 ι
2031 4864 2165 4918 Cum
2195 4864 2491 4921 introducit
2522 4866 2940 4936 primogenitum
2977 4867 3029 4921 in
3061 4865 3242 4920 orbem
3275 4872 3450 4921 terrae.

1891 4951 2022 5005 dicit
2055 4968 2068 5003 :
2097 4951 2161 5005 Et
2183 4951 2409 5005 adorent
2446 4968 2567 5007 eum
2593 4970 2780 5009 omnes
2806 4953 2977 5019 angeli
3010 4952 3099 5006 Dei
3129 4952 3194 5003 “.
3237 4968 3255 5002 ι
3291 4950 3456 5007 Natu-

1886 5040 1995 5093 rale
2026 5040 2114 5097 Dei
2142 5040 2318 5094 Patris
2344 5042 2574 5095 Verbum
2606 5040 2909 5107 unigenitus
2938 5039 3255 5107 appellatur,
3280 5054 3453 5108 quam

1884 5130 2171 5197 doquidem
2206 5133 2375 5187 solum
2420 5146 2486 5184 ex
2522 5130 2635 5182 solo
2678 5128 2836 5182 Patre
2879 5130 3121 5197 genitum
3166 5140 3286 5184 est:
3340 5132 3450 5197 pri‘

1884 5221 2137 5287 mogeuiti
2165 5230 2341 5275 autem
2364 5232 2555 5273 nomen
2582 5225 2691 5269 tum
2718 5217 2929 5272 demum
2955 5219 3211 5279 obtinuit,
3237 5218 3449 5285 quando

1882 5304 2063 5369 homo,
2104 5316 2158 5357 et
2204 5308 2387 5360 mundi
2438 5318 2559 5372 pars
2608 5303 2858 5359 ellectum
2900 5306 2957 5359 in
2998 5306 3137 5362 hunc
3184 5314 3448 5358 terrarum

289 5434 336 5467 ⁸⁸
364 5434 617 5505 (Σοὶοεεοι,
643 5441 832 5502 94-28.
912 5451 955 5481 ”
984 5447 1185 5505 Coloss.
1223 5465 1280 5514 ll,
1309 5449 1360 5502 6.
1440 5454 1483 5483 ⁸ο
1510 5455 1693 5522 Joan.,
1728 5475 1763 5522 ι,

1882 5495 1885 5506 .
1963 5458 2001 5487 “
2027 5456 2228 5511 Coloss.
2262 5474 2331 5520 Iv,
2356 5458 2477 5513 2-4.
2557 5460 2599 5490 ⁸⁸
2629 5459 2791 5514 llebr.
2829 5476 2865 5521 ι,
2896 5461 2948 5514 6.

1286 5603 1451 5661 Variae
1482 5608 1740 5668 lectiones
1766 5612 1963 5670 codicis
1996 5610 2348 5678 Seguieriani.

287 5737 308 5763 ι
342 5727 671 5796 φανερῶσαι.
