4056 6334
621 383 749 440 1251

1599 373 1655 428 S.
1699 373 1969 430 CYRILLI
2008 373 2471 430 ALEXANDRINI
2511 375 2838 431 ARCHIEP.

3724 379 3864 434 {9.52

618 502 801 555 orbem
855 499 1153 570 lngressum
1209 509 1313 554 est.
1369 500 1751 557 Verumtamen
1810 505 1910 558 hac
1974 520 2183 574 quoque

2287 503 2411 567 νὼς,
2442 504 2536 556 καὶ
2581 501 2744 574 μέρος
2774 502 2962 570 αὐτῆς.
2993 499 3135 570 Πλὴν
3169 500 3263 553 καὶ
3290 499 3430 554 οὕτω
3463 505 3859 572 προσκυνεῖται

620 592 826 645 ratione
869 607 898 642 a
966 591 1170 644 sanctis
1217 592 1418 660 angelis
1477 598 1747 658 adoratur,
1817 610 1936 647 cmn
1984 596 2178 649 adora-

621 684 696 734 tio
736 683 830 735 soli
894 681 1003 736 Deo
1037 682 1316 747 debeatur,
1351 694 1404 738 et
1445 685 1510 739 ad
1571 685 1713 739 illum
1776 684 1942 740 solum
1977 686 2181 739 refera-

619 785 722 827 tur.
751 773 880 838 Quis
909 773 1070 844 igitur
1120 774 1392 828 Clu-istum
1443 777 1606 831 Deum
1650 791 1768 830 esse
1817 777 2069 846 ambigat,
2125 785 2185 831 ut

617 866 778 918 etiam
809 865 858 917 in
886 865 1022 918 caalo
1051 866 1340 919 adoretur?

687 955 790 1024 73
828 973 845 1006 ι
872 956 935 1008 Ει
957 956 1022 1009 ad
1046 956 1260 1024 angelos
1275 957 1487 1026 quidem
1513 957 1640 1012 dicit
1663 974 1675 1010 ι
1701 957 1800 1024 Qui
1821 956 1944 1011 facit
1966 957 2181 1026 angelos

618 1060 742 1097 suos
771 1046 1014 1113 spiritus,
1046 1055 1102 1099 et
1130 1047 1407 1102 ministros
1433 1062 1559 1102 suos
1593 1047 1866 1102 ﬂammam
1908 1049 2065 1118 ignis.
2102 1049 2177 1102 Ad

622 1133 815 1188 Filium
843 1145 1052 1190 autem:
1086 1135 1333 1191 Thronus
1362 1148 1502 1202 tuus,
1523 1138 1682 1202 Deus,
1713 1139 1764 1192 in
1798 1139 2052 1193 saeculum
2083 1154 2183 1193 sa:-

618 1227 745 1278 cnli.
767 1224 1041 1297 Et:Virga
1067 1228 1334 1295 aaquitatis
1361 1230 1506 1299 virga
1537 1230 1681 1298 regni
1711 1230 1805 1282 tui.
1824 1230 2062 1284 Dilexisti
2091 1229 2180 1300 ju-

617 1317 837 1382 stitiam,
895 1327 949 1372 et
990 1317 1148 1372 odisti
1191 1318 1566 1386 iniquitatem:
1600 1332 1879 1390 prapterea
1919 1323 2073 1376 unxit
2129 1333 2180 1377 te

625 1409 786 1473 Deus,
817 1410 957 1463 Deus
985 1420 1122 1472 tuus,
1161 1407 1279 1462 oleo
1301 1411 1670 1466 exsultationis
1702 1427 1808 1480 prm
1827 1413 2179 1482 participibus

620 1502 812 1555 tuis“.
855 1520 873 1554 ι
937 1499 991 1555 Si
1051 1501 1364 1570 angelorum
1397 1503 1639 1556 conditor
1671 1512 1786 1566 est,
1837 1505 1880 1557 si
1923 1504 2181 1558 thronum

617 1590 825 1645 obtinet
857 1591 1267 1659 sempiternum,
1294 1590 1558 1659 justitiam
1593 1594 1803 1659 dilexit,
1836 1605 1889 1648 et
1922 1595 2179 1664 iniquita-

616 1691 723 1734 tem
759 1683 882 1736 odio
915 1684 1121 1744 habuit,
1155 1697 1324 1750 eaque
1355 1685 1418 1737 de
1449 1687 1610 1738 causa
1639 1686 2012 1740 exsultationis
2060 1685 2179 1739 oleo

615 1789 646 1825 a
678 1773 784 1827 Deo
815 1773 974 1827 Patre
1005 1775 1252 1828 inunctus
1283 1775 1384 1829 fuit
1416 1794 1428 1830 :
1463 1777 1589 1844 quid
1623 1787 1860 1830 statuere
1898 1787 1990 1830 aut
2033 1775 2179 1844 cogi-

2289 596 2438 667 παρά
2475 595 2581 648 τῶν
2609 595 2780 662 ἁγίων
2815 592 3080 661 ἀγγέλων,
3106 593 3461 662 ἀνακειμένου
3489 609 3549 645 τε
3594 593 3690 644 καὶ
3725 594 3866 661 πρέ-

2288 707 2480 752 ποντος
2526 688 2670 758 μόνῳ
2718 685 2837 755 Θεῷ
2865 685 2957 738 τοῦ
2989 685 3084 738 καί
3115 685 3535 755 προσκυνεῖσθαι
3565 685 3698 737 δεῖν.
3734 684 3862 746 Πῶς

2285 776 2376 833 οὖν
2405 780 2465 832 οὑ
2493 778 2620 841 Θεὸς
2651 780 2679 831 6
2711 775 2962 846 Χριστὸς,
2989 777 3018 828 6
3049 775 3142 828 καὶ
3174 777 3231 828 ἐν
3265 775 3480 846 οὐρανῷ
3509 777 3860 846 προσκυνού-

2290 888 2448 942 μενος
2471 888 2486 936 ;

2363 981 2381 1012 ι
2414 962 2526 1013 Καὶ
2550 959 2682 1031 πρὸς
2707 958 2804 1028 μὲν
2841 957 2966 1020 τοὺς
2985 957 3248 1025 ἀγγέλους
3267 955 3433 1024 λέγει’
3468 957 3525 1010 '0
3546 957 3718 1009 ποιῶν
3740 958 3866 1018 τοὺς

2285 1047 2547 1114 ἀγγέλους
2572 1046 2737 1098 αὑτοῦ
2759 1045 3060 1115 πνεύματα,
3088 1045 3317 1108 καὶτοὺς
3336 1045 3683 1115 λειτουργοὺς
3701 1046 3865 1098 αὑτοῦ

2287 1137 2457 1206 πυρὸς
2470 1136 2662 1204 φλόγα.
2679 1136 2720 1187 Π
2731 1135 2818 1206 ρὸς
2832 1135 2888 1188 δὲ
2911 1135 2998 1187 τὸν
3011 1135 3155 1187 Υίόν·
3173 1136 3229 1188 ’0
3242 1135 3425 1206 θρόνος
3444 1139 3594 1202 σου,ό
3614 1137 3769 1201 Θεὸς,
3787 1141 3867 1200 είς

2285 1228 2374 1280 τὸν
2400 1229 2567 1280 αἰῶνα
2599 1227 2693 1280 τοῦ
2733 1226 2946 1288 αΐῶνος.
2980 1226 3108 1279 Καί·
3143 1227 3206 1278 Ἠ
3225 1226 3417 1296 ῥάϐδος
3439 1232 3535 1298 τῆς
3563 1229 3864 1298 εύθύτητὸς

2287 1336 2379 1371 σου
2422 1318 2614 1388 ῥάϐδος
2638 1317 2738 1386 τῆς
2785 1317 3060 1386 βασιλείας
3088 1332 3201 1369 σου.
3237 1317 3551 1389 Ἠγάπησας
3579 1320 3862 1373 δικαιοσύ-

2285 1423 2402 1475 νην,
2432 1406 2524 1458 καὶ
2542 1405 2807 1474 ἐμίσησας
2820 1404 3032 1457 ἀδικίαν
3051 1406 3091 1439 ι’
3111 1403 3202 1456 διὰ
3215 1404 3372 1457 τοῦτο
3386 1405 3570 1475 ἐχρισέ
3586 1424 3645 1458 σε
3663 1409 3692 1460 6
3705 1407 3860 1469 Θεὸς,

2284 1497 2312 1548 6
2333 1496 2462 1557 Θεός
2495 1511 2609 1556 σου,
2647 1493 2824 1546 ἔλαιον
2855 1493 3226 1561 ἀγαλλιάσεως
3263 1494 3410 1564 παρά
3441 1496 3569 1559 τοὺς
3599 1497 3864 1566 μετόχους

2287 1606 2401 1642 σου.
2430 1609 2446 1640 ι
2483 1590 2545 1641 Ei
2587 1587 2816 1659 ποιητῆς
2849 1589 3094 1656 ἀγγέλων
3128 1590 3275 1642 ἐστὶν
3307 1591 3335 1641 6
3369 1590 3553 1660 Θρόνον
3589 1591 3735 1660 ἔχων
3782 1595 3862 1655 εἰς

2282 1683 2373 1734 τὸν
2399 1681 2570 1734 αἰῶνα
2592 1679 2686 1732 τοῦ
2715 1681 2930 1745 αἰῶνος,
2962 1681 3254 1748 ἀγαπήσας
3280 1697 3338 1732 τε
3364 1680 3740 1751 δικαιοσύνην,
3768 1684 3863 1733 καὶ

2287 1770 2609 1841 μεμισηκὼς
2635 1770 2848 1822 ἀδικίαν
2871 1778 2920 1834 ιι,
2956 1770 3052 1822 καὶ
3080 1769 3168 1821 διά
3197 1769 3353 1822 τοῦτο
3381 1771 3664 1840 κεχρῖσθαι
3702 1771 3862 1839 λεγό-

617 1874 731 1917 tare
761 1878 856 1917 nos
880 1879 977 1934 par
996 1873 1096 1929 est,
1123 1867 1247 1919 dum
1272 1867 1323 1919 in
1355 1866 1617 1932 ejusmodi
1646 1868 1710 1921 de
1736 1867 1850 1935 ipso
1881 1868 2178 1921 sententias

2283 1879 2441 1932 μενος
2465 1861 2542 1931 τῷ
2571 1860 2735 1929 ἐλαίῳ
2761 1858 2861 1928 τῆς
2889 1859 3260 1928 ἀγαλλιάσεως
3291 1860 3441 1930 παρὰ
3466 1860 3560 1912 τοῦ
3592 1859 3732 1913 Θεοῦ
3768 1862 3862 1913 καὶ

617 1956 1005 2010 inciderimus?
1047 1955 1179 2009 Nam
1231 1957 1276 2010 si
1317 1957 1566 2012 caelestes
1615 1957 1839 2024 spiritus
1885 1971 2011 2011 suos
2054 1957 2182 2010 facit

616 2045 912 2111 ministros,
949 2048 1313 2115 thronumqne
1353 2048 1594 2115 possidet
1641 2047 1878 2112 deitatis,
1915 2049 2182 2116 quomodo

616 2137 738 2192 oleo
766 2137 1148 2192 exsultationis
1178 2137 1447 2191 delibutus
1487 2137 1795 2192 asseritur?
1833 2137 1974 2193 Sane
2018 2153 2185 2209 ange-

616 2230 696 2282 los
721 2236 872 2282 creat
897 2237 954 2281 ut
979 2229 1140 2292 Deus,
1169 2228 1444 2298 inungitur
1465 2239 1639 2282 autem
1673 2238 1730 2283 ut
1772 2231 1929 2284 homo
1950 2273 1964 2297 ,
2021 2233 2092 2285 ita
2125 2243 2183 2285 ut

617 2322 731 2388 ipsa
763 2319 943 2373 unctio
988 2335 1089 2373 non
1125 2320 1189 2373 ad
1237 2319 1470 2374 divinam
1517 2331 1787 2384 naturam,
1821 2323 1914 2376 sed
1963 2322 2030 2376 ad
2062 2323 2178 2376 dis-

616 2410 944 2479 pensationis
1004 2410 1324 2480 sapientiam
1355 2410 1540 2480 procul
1571 2413 1733 2466 dubio
1766 2412 2051 2468 referatur.
2083 2414 2180 2468 Est

617 2503 801 2570 itaque
838 2500 1088 2555 Christus
1123 2500 1286 2562 Deus,
1326 2510 1380 2552 et
1413 2503 1612 2555 homo:
1652 2501 1790 2555 Deus
1833 2505 2045 2572 quidem
2091 2521 2183 2556 na-

616 2603 758 2656 tura,
783 2591 946 2644 homo
971 2604 1095 2644 vero
1120 2591 1284 2645 nostri
1310 2589 1503 2645 similis
1529 2591 1937 2660 diSpensatorie,
1965 2595 2181 2662 quando

617 2680 873 2735 nimirum
922 2679 1218 2736 secundum
1248 2694 1473 2735 carnem
1505 2694 1574 2735 ex
1618 2681 1842 2736 muliere
1888 2692 2045 2738 natus
2077 2693 2182 2740 est.

691 2879 711 2912 ι
753 2860 964 2924 Videte,
999 2858 1216 2922 fratres,
1247 2871 1316 2911 ne
1344 2856 1480 2910 forte
1509 2858 1618 2912 sint
1649 2858 1700 2911 in
1735 2858 1916 2927 aliquo
1946 2869 2181 2913 vestrum

614 2967 710 3007 cor
732 2952 930 3005 malum
963 2949 1349 3004 incredulitatis
1376 2949 1680 3003 discedendi
1718 2966 1746 3003 a
1787 2951 1890 3004 Deo
1913 2953 2034 3003 vivo
2062 2951 2130 3003 “.
2159 2969 2176 3002 ι

619 3043 676 3098 Si
706 3043 975 3098 Christum
1004 3040 1350 3109 abnegantes,
1382 3055 1411 3093 a
1455 3040 1561 3094 Deo
1590 3041 1712 3094 vivo
1747 3049 1800 3094 et
1830 3056 1958 3095 vero
2003 3041 2184 3096 desci-

616 3134 852 3199 scimus;
882 3131 936 3184 in
978 3130 1082 3185 [ide
1111 3145 1235 3184 vero
1268 3144 1385 3199 qua:
1415 3130 1463 3183 in
1495 3131 1668 3200 ipsum
1694 3141 1774 3184 est
1797 3132 2174 3200 persistentes,

615 3222 930 3275 defectionis
993 3220 1219 3273 crimine
1277 3219 1582 3275 nullatenus
1627 3219 1924 3289 obligamur
1981 3240 1993 3275 :
2043 3237 2177 3291 quo-

617 3313 776 3365 modo
808 3308 1056 3363 Christus
1080 3323 1190 3361 non
1217 3316 1298 3360 est
1325 3307 1468 3362 Deus
1493 3309 1515 3362 ?

694 3419 712 3450 ‹
748 3399 803 3454 Si
826 3399 968 3454 enim
1005 3398 1222 3466 sanguis
1257 3398 1526 3451 hircorum
1553 3406 1608 3450 et
1641 3406 1934 3460 taurorum,
1963 3407 2017 3450 et
2039 3397 2176 3454 cinis

616 3491 796 3544 vitulze
831 3505 1100 3558 aspersus,
1133 3489 1434 3557 inquinatos
1478 3487 1780 3543 sanctiﬁcat
1822 3489 1886 3541 ad
1917 3491 2176 3543 emunda-

619 3588 816 3639 tiunem
848 3584 1066 3637 carnis:
1113 3593 1314 3650 quanto
1361 3580 1528 3649 magis
1569 3581 1787 3647 sanguis
1821 3579 2049 3647 Christi,
2086 3582 2176 3644 qui

620 3694 714 3746 per
744 3676 1006 3743 Spiritum
1031 3681 1274 3726 sanetum
1303 3672 1648 3740 semetipsum
1685 3671 1879 3724 obtulit
1915 3671 2177 3724 immacu-

621 3768 780 3819 latum
833 3765 976 3829 Deo,
1025 3761 1336 3815 cmundabit
1392 3761 1777 3815 conscientiam
1828 3769 2065 3813 nostram
2111 3760 2176 3812 ab

617 3858 869 3928 operibus
899 3855 1148 3919 mortuis,
1187 3853 1253 3906 ad
1299 3853 1636 3908 serviendum
1667 3851 1774 3906 Deo
1805 3850 2002 3905 viventi
2025 3852 2068 3882 ⁸⁸
2095 3851 2118 3903 ?
2152 3869 2171 3901 ι

619 3949 674 4004 Si
700 3947 948 4002 Christus
976 3961 1132 3999 verus
1158 3943 1301 3997 Deus
1324 3959 1426 3996 non
1458 3952 1561 4006 est,
1594 3958 1777 4011 quam,
1806 3957 2006 4010 quaaso,
2041 3943 2177 3994 utili-

620 4053 780 4096 tatem
823 4040 962 4093 illius
991 4037 1207 4106 sanguis
1240 4036 1389 4089 nobis
1419 4035 1613 4103 poterit
1640 4033 1872 4088 aﬂ‘erre?
1908 4035 2013 4086 Aut
2039 4047 2176 4102 quo-

619 4132 774 4186 modo
803 4129 1160 4185 conscientias
1194 4137 1406 4182 nostras
1449 4126 1514 4179 ab
1542 4125 1792 4194 operibus
1827 4123 2052 4178 mortuis
2079 4138 2176 4191 po-

617 4223 741 4276 terit
769 4221 1030 4291 expiare?
1063 4219 1198 4285 Quid
1236 4220 1377 4272 enim
1422 4216 1657 4285 vulgaris
1689 4215 1923 4268 hominis
1956 4215 2175 4283 sanguis

617 4313 835 4367 virtutis
871 4321 964 4366 aut
991 4309 1325 4366 elﬁcacitatis
1357 4309 1535 4369 habet,
1560 4306 1701 4375 quod
1735 4321 1838 4358 non
1867 4306 2024 4359 etiam
2051 4319 2176 4359 san-

617 4406 734 4472 guis
763 4402 1074 4457 hircorum?
1105 4399 1237 4454 nihil
1271 4399 1512 4452 omnino.
1559 4395 1672 4451 lloc
1717 4396 1889 4450 solum
1941 4408 2174 4463 namque

2282 1955 2525 2024 Πατρόςο
2560 1953 2612 2006 τί
2640 1953 2702 2023 δὴ
2728 1954 2834 2023 ἄρα
2874 1954 3052 2023 φαμὲν
3093 1954 3174 2015 είς
3205 1953 3414 2015 ἐννοίας
3442 1953 3733 2024 ἐρχόμενοι
3762 1955 3862 2015 τὰς

2281 2045 2368 2097 ἐπ’
2395 2043 2576 2114 αὑτῷ;
2611 2044 2673 2095 Ei
2705 2043 2812 2114 γὰρ
2841 2046 2987 2095 ποιεῖ
3021 2045 3146 2106 τοὺς
3175 2044 3440 2112 ἀγγέλους
3469 2044 3636 2097 αὑτοῦ
3689 2046 3859 2097 πνεύ-

2284 2152 2450 2206 ματα,
2477 2135 2569 2187 καὶ
2599 2133 2786 2204 θρόνον
2814 2135 2925 2204 ἔχει
2951 2134 3224 2204 θεάτητος,
3263 2136 3384 2188 τίνα
3409 2137 3610 2205 τρόπον
3636 2136 3858 2206 χρίεται

2279 2223 2358 2292 τῷ
2403 2222 2566 2292 ἐλαίῳ
2609 2223 2706 2291 τῆς
2737 2221 3140 2289 ἀγαλλιάσεως;
3173 2224 3381 2277 Οὐκοῦν
3423 2224 3597 2287 κτίζει
3647 2225 3750 2292 μὲν
3783 2224 3860 2285 ὡς

2280 2314 2412 2377 Θεὸς
2462 2314 2756 2381 ἀγγέλους,
2806 2314 3016 2383 χρίεται
3048 2314 3106 2365 δὲ
3146 2314 3220 2375 ὡς
3262 2315 3583 2385 ἄνθρωπος·
3629 2316 3733 2368 οὐκ
3774 2317 3856 2378 είς

2281 2405 2377 2475 τὴν
2412 2405 2507 2473 τῆς
2544 2403 2794 2472 θεότητος
2825 2403 3006 2470 φύσιν,
3041 2403 3153 2456 ἀλλ’
3182 2406 3260 2467 εἰς
3305 2405 3365 2457 τὸ
3397 2406 3494 2474 τῆς
3531 2405 3851 2474 οἰκονομίας

2283 2494 2527 2562 εύτεχνὲς
2587 2494 2877 2567 ἐρχομένου
2938 2493 3032 2544 τοῦ
3078 2494 3396 2561 χρίσματος.
3440 2494 3568 2556 Θεὸς
3609 2495 3717 2564 ἄρα
3761 2495 3859 2548 καὶ

2283 2582 2564 2654 ἄνθρωπος
2593 2584 2620 2633 6
2651 2581 2916 2650 Χριστός·
2952 2579 3083 2642 Θεὸς
3118 2581 3216 2648 μὲν
3245 2583 3310 2650 τῇ
3345 2581 3524 2649 φύσει,
3561 2582 3858 2652 ἄνθρωπος

2281 2669 2338 2722 δὲ
2383 2669 2502 2721 καθ’
2532 2671 2678 2738 ἡμᾶς
2719 2672 2747 2722 6
2780 2670 2940 2731 αὐτὸς
2974 2670 3355 2738 οἰκονομικῶς,
3387 2673 3475 2724 ὅτε
3525 2671 3751 2740 γέγονεν
3788 2671 3856 2724 ἐκ

2281 2762 2539 2829 γυναικὸς
2565 2761 2704 2814 κατά
2738 2761 2934 2831 σάρκα.

2360 2870 2378 2902 ι
2407 2849 2664 2912 Βλέπετε,
2708 2850 2946 2917 ἀδελφοὶ,
2989 2851 3059 2919 μή
3094 2850 3224 2901 ποτέ
3257 2852 3402 2902 ἐστιν
3446 2850 3502 2901 έν
3541 2865 3645 2902 τινι
3689 2847 3858 2918 ὑμῶν

2285 2940 2481 3006 καρδία
2508 2939 2719 3009 πονηρά
2747 2939 3022 3005 ἀπιστίας,
3051 2941 3108 2991 ὲν
3137 2939 3214 3009 τῷ
3242 2940 3537 3009 ἀποστῆναι
3571 2939 3677 2992 ἀπὸ
3709 2937 3854 2991 Θεοῦ

2284 3031 2546 3096 ζῶντος.»
2586 3033 2647 3084 Εἰ
2696 3032 3018 3100 ἀρνούμενοι
3069 3032 3158 3082 τὸν
3210 3031 3462 3100 Χριστὸν,
3505 3029 3858 3098 ἀφιστάμεθα

2283 3121 2418 3174 Θεοῦ
2449 3121 2648 3184 ζῶντος
2675 3123 2767 3173 καὶ
2797 3120 3048 3190 ἀληθινοῦ
3069 3161 3082 3186 ,
3110 3121 3436 3191 ἐμμένοντες
3464 3120 3520 3172 δὲ
3548 3123 3611 3190 τῇ
3641 3121 3720 3181 εἰς
3751 3119 3858 3170 αὑ-

2284 3215 2374 3266 τὸν
2409 3214 2606 3278 πίστει,
2640 3213 2759 3266 κατ’
2785 3213 2974 3266 οὐδένα
3013 3215 3210 3285 τρόπον
3247 3214 3545 3284 ποιούμεθα
3571 3215 3667 3283 τὴν
3707 3214 3857 3265 ἀπο.

2288 3305 2509 3357 στασίαν
2532 3346 2546 3370 ,
2579 3304 2691 3366 πῶς
2718 3305 2776 3356 οὐ
2807 3304 2938 3364 Θεὸς
2964 3308 2990 3357 6
3017 3307 3058 3357 Χ
3069 3307 3280 3375 ριστός;

2362 3415 2380 3445 ι
2411 3396 2472 3446 El
2501 3395 2606 3464 γὰρ
2638 3396 2699 3446 τὸ
2727 3391 2865 3464 αἷμα
2899 3397 3112 3464 ταύρων
3143 3397 3237 3449 καὶ
3265 3397 3501 3466 τράγων,
3533 3399 3624 3451 καὶ
3655 3399 3860 3459 σποδὸς

2283 3486 2562 3554 δαμάλεως
2615 3485 2935 3555 ῥαντίζουσα
2982 3488 3106 3550 τοὺς
3147 3490 3567 3559 κεκοινωμένους
3636 3489 3857 3557 ἁγιάζει

2285 3578 2418 3645 πρὸς
2457 3578 2551 3646 τὴν
2588 3578 2685 3645 τῆς
2717 3578 2913 3646 σαρκὸς
2946 3579 3326 3649 καθαρότητα·
3361 3582 3507 3651 πόσῳ
3544 3581 3743 3649 μᾶλλον
3789 3583 3856 3634 τὸ

2283 3663 2422 3737 αἷμα
2464 3667 2557 3720 τοῦ
2591 3668 2849 3736 Χριστοῦ,
2893 3669 2951 3729 ὃς
2979 3669 3065 3720 διὰ
3104 3671 3418 3739 Πνεύματος
3462 3672 3614 3738 ἁγίου
3654 3673 3851 3724 ἑαυτὸν

2285 3760 2656 3830 προσήνεγκεν
2696 3758 2923 3829 ἄμωμον
2962 3760 3040 3830 τῷ
3081 3761 3220 3831 Θεῷ,
3256 3761 3507 3832 καθαριεί
3532 3764 3630 3834 τὴν
3663 3766 3850 3816 συνεί-

2282 3851 2437 3920 δησιν
2480 3849 2638 3920 ἡμῶν
2682 3849 2789 3902 ἀπὸ
2831 3850 3038 3921 νεκρῶν
3082 3850 3277 3920 ἔργων,
3325 3854 3406 3916 εἰς
3451 3852 3511 3906 τὸ
3557 3852 3847 3924 λατρεύειν

2282 3939 2399 4008 Θεῷ
2446 3938 2645 4003 (om;
2687 3957 2705 3988 ι
2734 3940 2795 3990 Ei
2839 3941 2912 4009 μὴ
2941 3940 3072 4001 Θεὸς
3107 3941 3309 4010 ἀληθής
3343 3942 3491 3994 ἐστιν
3527 3945 3556 3995 6
3592 3945 3848 4012 Χριστὸς,

2282 4026 2362 4089 τίς
2391 4027 2625 4096 ήὸνησις
2659 4029 2690 4096 ή
2720 4027 2806 4078 διὰ
2828 4026 2922 4078 τοῦ
2954 4029 3182 4097 αἵματος
3207 4030 3404 4095 αὑτοῦ;
3439 4032 3508 4083 Ἢ
3536 4030 3652 4094 πῶς
3684 4034 3850 4102 ἡμῶν

2283 4117 2533 4190 καθαριεῖ
2571 4118 2669 4186 τὴν
2704 4118 3004 4186 συνείδησιν
3053 4120 3159 4172 ἀπὸ
3185 4121 3392 4191 νεκρῶν
3435 4123 3648 4192 ἐργωνς
3697 4120 3851 4193 Αἷμα

2281 4210 2387 4279 γὰρ
2422 4208 2708 4280 ἀνθρώπου
2736 4209 2913 4262 κοινοῦ
2945 4211 2999 4262 τί
3029 4211 3088 4263 τὸ
3113 4212 3270 4264 πλέον
3302 4214 3411 4282 ἔχει
3444 4215 3594 4283 παρά
3621 4215 3684 4266 τὸ
3710 4209 3852 4285 αἷμα

2282 4302 2388 4353 τῶν
2421 4303 2662 4372 τράγων;
2695 4301 2833 4353 Ἀλλ’
2855 4301 3006 4354 οὐδὲν
3033 4303 3188 4366 ὅλως,
3217 4304 3353 4375 πλὴν
3377 4307 3454 4358 ὅτι
3483 4307 3544 4358 τὸ
3576 4307 3674 4374 μέν
3700 4310 3852 4360 ἐστιν

2284 4393 2477 4458 ἀλόγου
2512 4392 2671 4457 ξώου,
2703 4393 2762 4444 τὸ
2801 4393 2855 4444 δε
2904 4393 3142 4460 λογικοῦ.
3184 4396 3399 4463 Ἐπειδὴ
3443 4396 3499 4450 δὲ
3537 4399 3566 4449 6
3604 4399 3667 4449 ὲκ
3712 4397 3849 4450 Θεοῦ

618 4500 758 4550 inter
794 4497 935 4548 hunc
960 4503 1014 4547 et
1043 4493 1188 4545 illum
1225 4492 1464 4555 interest,
1497 4491 1635 4557 quod
1671 4489 1756 4542 hic
1788 4488 1858 4543 sit
1886 4489 2176 4542 animantis

2283 4483 2420 4536 κατὰ
2453 4482 2635 4552 φύσιν,
2669 4483 2845 4552 σάρκα
2884 4483 3081 4548 λαϐὼν,
3134 4485 3326 4555 ἔθηκεν
3369 4487 3508 4558 ὑπὲρ
3540 4502 3761 4540 παντων
3790 4490 3852 4541 τὸ

618 4586 782 4650 bruti,
816 4585 904 4638 ille
948 4597 1074 4637 vero
1117 4581 1407 4634 animantis
1452 4581 1662 4633 ratione
1711 4578 1940 4647 praediti.
1977 4578 2175 4632 Verum

616 4675 744 4746 quia
795 4673 1057 4728 naturalis
1099 4672 1191 4725 Dei
1230 4670 1397 4724 Filius
1432 4683 1648 4724 carnem
1701 4668 2022 4737 assumpsit,
2056 4681 2180 4721 san-

618 4765 943 4831 guinemque
973 4776 1130 4817 suum
1169 4775 1266 4829 pro
1296 4759 1546 4813 omnibus
1572 4755 1830 4827 profudit,
1857 4756 2058 4810 factum
2099 4768 2180 4812 est

2291 4574 2420 4627 ῐδιον
2467 4568 2640 4643 αἷμα,
2686 4574 2942 4644 ταύτῃτοι
2975 4578 3068 4628 καὶ
3098 4577 3412 4647 καθαρίζειν
3455 4579 3675 4632 δύναται
3725 4582 3852 4642 τοὺς

2286 4666 2637 4728 πιστεύοντας
2665 4667 2743 4728 εἰς
2779 4667 2958 4728 αὑτὸν,
2989 4670 3082 4720 καὶ
3112 4670 3320 4738 νεκρῶν
3364 4668 3538 4741 ἔργων
3566 4671 3848 4724 ἀπαλλάτ-

2285 4774 2419 4820 τειν,
2451 4757 2544 4808 καὶ
2576 4756 2872 4826 προσάγειν
2902 4759 2980 4820 είς
3010 4758 3262 4828 λατρείαν
3290 4759 3365 4829 τῷ
3391 4760 3527 4830 Θεῷ.

618 4858 728 4929 74
759 4867 818 4910 ιιι
845 4858 1126 4911 credentes
1155 4857 1206 4910 in
1242 4856 1417 4924 ipsum
1446 4853 1623 4908 valeat
1654 4853 1968 4918 emundare,
2003 4867 2177 4921 exque
2216 4853 2448 4908 mortuis
2486 4851 2738 4921 operibus
2761 4852 3013 4910 liberatos
3077 4855 3259 4910 divino
3323 4856 3486 4910 cultui
3515 4857 3848 4938 mancipare,

621 4951 835 5018 Deeque
871 4947 1084 5002 olIerre.

696 5059 714 5090 ι
747 5040 958 5094 lrritam
988 5041 1108 5108 quis
1132 5037 1334 5093 faciens
1363 5037 1535 5106 legem
1567 5036 1757 5108 Moysi,
1788 5036 1904 5090 sine
1935 5035 2043 5089 ulla
2080 5034 2180 5088 mi-

621 5131 889 5195 seratione
910 5128 1113 5181 duobus
1138 5125 1220 5181 vel
1246 5127 1416 5180 tribus
1440 5125 1666 5179 testibus
1699 5125 1949 5178 moritur.
1971 5123 2182 5188 Quanto

623 5220 791 5286 magis
839 5217 1039 5286 putatis
1073 5216 1339 5270 deteriora
1379 5215 1572 5271 mereri
1617 5213 1912 5282 supplicia,
1961 5214 2050 5280 qui
2093 5211 2182 5265 Fi-

623 5309 748 5361 lium
794 5308 885 5361 Dei
937 5306 1367 5370 conculcaverit,
1413 5312 1466 5358 ct
1509 5307 1826 5375 sanguinem
1873 5303 2177 5358 testamenti

2361 5051 2379 5083 ι
2418 5032 2712 5102 Ἀθετήσας
2739 5051 2823 5098 τις
2847 5036 3010 5105 νόμον
3035 5037 3330 5104 Μωῦσέως,
3360 5039 3526 5109 χωρὶς
3552 5040 3854 5111 οἰκτιρμῶν

2286 5124 2379 5176 ἐπὶ
2411 5125 2561 5176 δυσὶν
2591 5125 2622 5194 ἢ
2658 5128 2804 5194 τρισὶ
2839 5128 3102 5195 μάρτυσιν
3144 5128 3495 5198 ἀποθνήσκει.
3539 5131 3719 5200 Πόσῳ,
3761 5132 3844 5183 δοι

2285 5217 2465 5278 κεῖτε,
2520 5218 2758 5286 χείρονος
2805 5216 3160 5288 ἀξιωθήσεται
3213 5221 3479 5290 τιμωρίας
3522 5225 3550 5274 6
3585 5224 3674 5274 τὸν
3727 5222 3852 5274 Υιυν

2280 5306 2413 5359 Θεοῦ
2455 5309 2870 5376 καταπατήσας,
2913 5308 3094 5362 καὶτὸ
3128 5304 3267 5380 αἷμα
3313 5311 3413 5379 τῆς
3439 5310 3702 5384 διαθήκης
3736 5329 3849 5364 κοι-

694 5465 736 5494 ⁶³
764 5462 922 5517 Hebr.
954 5478 993 5524 ι,
1033 5462 1086 5525 8,
1116 5461 1169 5516 9.
1246 5460 1289 5490 ⁸⁸
1315 5459 1477 5514 llebr.
1517 5475 1596 5524 Ill,
1631 5459 1715 5514 l2.
1790 5459 1835 5490 "
1868 5458 2029 5514 Hebr.
2057 5474 2128 5524 rx,
2173 5459 2258 5524 l5,
2289 5459 2367 5512 Η.

1693 5616 1867 5673 Variae
1897 5619 2152 5674 lectiones
2179 5618 2376 5674 codicis
2413 5615 2762 5697 Seguieriani.

702 5755 718 5787 ί
748 5752 995 5819 ἀνομίαν.
1073 5757 1098 5785 ιι
1134 5747 1384 5814 ἀνομίαν.
