4056 6334
211 399 351 452 1Ξ53

1303 401 1387 451 DIC
1427 403 1649 457 liEC'l‘A
1692 407 1844 460 FIDE
1884 409 1972 460 AD
2013 411 2329 465 REGINAS.

3290 420 3421 471 1256

206 516 302 567 νὸν
348 515 720 585 ἡγησάμενος,
766 514 855 563 καὶ
904 515 961 563 τὸ
1005 515 1221 583 Πνεῦμα
1286 519 1381 583 τῆς
1425 522 1639 590 χάριτος
1686 525 1771 573 ὲν-

1878 524 2135 590 pollutum
2167 526 2396 588 duxerit,
2442 525 2489 575 iu
2517 537 2621 589 quo
2651 523 3012 577 sanctificatus
3053 532 3164 585 est,
3216 534 3271 576 et
3305 527 3426 591 Spi-

207 605 435 675 υῦρίσας
463 607 533 664 α’,
567 607 622 655 ὲν
653 597 695 668 ᾧ
732 601 966 669 ἡγιάσοη
990 620 1002 666 ;
1029 623 1044 651 ι
1090 606 1147 656 '0
1174 606 1311 657 θεῖον
1348 608 1570 675 ὑϐρίσας
1593 611 1772 675 νόμον,

205 697 377 765 how
422 694 712 760 ἀθετήσας,
757 692 854 742 οὐκ
904 690 1014 743 ἴσον
1058 695 1167 762 ἔχει
1203 696 1263 747 τὸ
1298 697 1545 765 ἔγκλημα
1592 698 1668 764 τῷ
1701 702 1776 759 εἰς

203 787 491 855 ἄνθρωπον
519 781 884 850 ἡμαρτηκότι,
913 783 1047 836 ἀλλὰ
1076 786 1207 838 πολὺ
1231 787 1653 855 φορτικώτερον·
1687 788 1778 836 καὶ

203 876 339 943 γοῦν
372 877 399 925 ὁ
436 873 532 943 μὲν
571 875 729 942 νόμον
766 876 1187 945 παραϐεϐηκὼς,
1222 878 1325 928 ὑπὸ
1356 878 1453 944 τὴν
1493 876 1585 926 τοῦ
1620 875 1779 925 Οανὰ-

202 985 300 1018 του
338 966 589 1016 πέπτωκε
638 963 819 1035 δίκην·
853 969 879 1020 6
908 967 963 1019 δὲ
1004 969 1082 1029 εἰς
1127 968 1413 1033 ἄνθρωπον
1454 965 1780 1033 πεπλημμε-

202 1053 389 1124 ληκὼς
421 1056 501 1123 εἴη
532 1054 597 1106 ἂν
626 1056 717 1108 καὶ
748 1057 1073 1125 συγγνώμης
1105 1056 1272 1120 ἄξιος.
1302 1055 1421 1117 Πῶς
1456 1051 1546 1107 οῦν
1578 1057 1633 1106 ἐν
1666 1054 1779 1124 χείρ

184 1162 325 1214 -ρσνι
352 1142 473 1213 δίκῃ
511 1143 602 1195 τοῦ
630 1144 1073 1213 πλημμελοῦντος
1101 1146 1178 1205 εἰς
1208 1143 1297 1193 τὸν
1324 1141 1564 1203 Μωσέως
1592 1140 1776 1209 νόμον,

202 1237 231 1287 ι
286 1234 459 1286 κοινὸν
506 1236 852 1303 ἡγησάμενος
889 1233 948 1285 τὸ
999 1226 1138 1301 αἷμα
1168 1231 1262 1284 τοῦ
1297 1232 1565 1302 Χριστοῦ;
1620 1233 1780 1286 Ἀλλὰ

206 1327 317 1395 μὴν
342 1328 398 1378 ὲν
424 1326 646 1396 χείρονι,
676 1326 767 1376 καὶ
811 1323 1013 1392 σφόδρα
1041 1324 1282 1386 εἰκότως.
1325 1324 1435 1375 Οὐκ
1468 1323 1574 1391 ἄρα
1600 1323 1777 1375 κοινὸν

200 1416 267 1467 τὸ
305 1410 445 1485 αἷμα
479 1414 572 1467 τοῦ
608 1410 873 1483 Χριστοῦο
907 1410 1036 1474 Θεὸς
1069 1412 1175 1482 γὰρ
1204 1408 1270 1483 ἦν
1297 1414 1323 1465 ὁ
1348 1412 1518 1480 Λόγος
1550 1412 1777 1482 γενόμεο

201 1524 297 1571 νος
339 1505 493 1574 σάρξ.

284 1798 303 1830 ‹
341 1780 573 1833 Βλέπετε
608 1781 680 1849 μὴ
714 1779 1123 1851 παραιτήσησθε
1152 1780 1242 1831 τὸν
1272 1778 1553 1833 λαλοῦντα.
1580 1780 1641 1831 Εἰ
1671 1781 1777 1850 γὰρ

1878 616 1997 664 ritui
2028 616 2208 681 gratire
2239 616 2614 667 contumeliam
2647 612 2830 664 fecerit
2855 613 2930 664 "‘2
2964 633 2980 664 ι
3019 614 3073 665 Si
3102 615 3295 666 divinm
3324 615 3425 680 legi

1879 702 2258 753 centumeliam
2290 704 2509 769 faciens,
2543 703 2853 755 eamdemve
2879 704 3298 770 transgrediens,
3326 718 3429 754 non

1880 788 1991 855 pari
2020 804 2138 841 cum
2171 804 2234 840 eo
2262 800 2466 843 tenetur
2496 792 2740 852 crimine,
2776 790 2864 857 qui
2913 791 2965 841 in
3006 792 3276 843 hominem
3309 807 3433 860 pec-

1879 879 2104 940 caverit,
2158 880 2250 929 sed
2298 878 2450 947 longe
2498 880 2727 948 graviori
2784 878 3075 946 (siquidem
3125 881 3214 944 qui
3265 881 3433 947 legem

1881 965 2156 1027 violasset,
2194 964 2383 1017 mortis
2424 967 2683 1033 supplicio
2732 966 3085 1029 multabatur;
3117 966 3206 1033 qui
3258 977 3436 1019 autem

1883 1057 1934 1107 in
1964 1055 2235 1107 hominem
2281 1052 2539 1120 deliquit,
2587 1055 2795 1106 veniam
2843 1054 3108 1107 interdum
3158 1057 3441 1121 consequi-

1886 1148 1992 1212 tur)
2024 1164 2035 1199 :
2070 1143 2337 1213 quomodo
2367 1143 2526 1211 igitur
2558 1141 2741 1207 majori
2769 1155 2920 1209 pinna
2948 1144 3139 1209 dignus
3170 1153 3438 1204 censetur,

1880 1236 1969 1305 qui
1997 1235 2200 1289 Christi
2242 1234 2557 1303 sanguinem
2611 1231 2866 1300 pollutum
2909 1231 3142 1292 duxerit,
3170 1247 3233 1284 eo
3263 1232 3351 1299 qui
3390 1233 3442 1284 in

1879 1327 2165 1382 Mosaicam
2211 1327 2379 1393 legem
2427 1333 2704 1393 peccatum
2758 1322 3075 1375 admiserit?
3109 1324 3265 1391 Atqui
3319 1338 3441 1392 gra-

1880 1420 2083 1472 viorem
2120 1418 2253 1471 citra
2293 1416 2451 1467 ullam
2484 1411 2903 1467 controversiam
2943 1423 3300 1478 promeretur.
3337 1414 3443 1468 Cur

1881 1509 1997 1564 ita?
2024 1508 2146 1576 quia
2186 1506 2388 1560 Christi
2422 1506 2638 1571 sanguis
2667 1519 2769 1556 non
2804 1503 3040 1572 vulgaris
3070 1507 3441 1561 communisve

1881 1600 2115 1655 hominis
2146 1599 2365 1667 sanguis
2410 1606 2508 1652 est.
2542 1595 2774 1649 Verbum
2803 1595 2982 1658 enim,
3013 1596 3152 1662 quod
3202 1610 3359 1651 carne
3384 1614 3443 1655 se

1882 1692 2071 1755 induit,
2103 1692 2245 1745 Deus
2269 1700 2374 1743 est.

1960 1800 1979 1834 ι
2022 1781 2214 1834 Videte
2270 1795 2337 1833 ne
2399 1777 2659 1831 recusetis
2718 1776 3043 1844 loquentem.
3091 1772 3145 1827 Si
3197 1778 3337 1831 enim
3368 1781 3441 1835 illi

202 1872 406 1922 ἐκεῖνοι
436 1871 538 1922 οὐκ
570 1872 848 1940 ἐξέφυγον,
885 1870 973 1921 τὸν
1012 1870 1103 1920 ἐπὶ
1148 1868 1249 1938 τῆς
1288 1869 1389 1937 γῆς
1438 1871 1773 1938 παραιτησά-

1882 1888 1983 1925 ηοιι
2017 1872 2321 1940 etingerunt
2352 1878 2662 1923 recusantes
2709 1882 2853 1930 eum,
2911 1866 2998 1934 qui
3050 1880 3208 1933 super
3247 1877 3441 1925 terram

204 1978 362 2029 μενοι
397 1961 485 2012 τὸν
522 1961 926 2030 χρηματίζοντα
948 2002 961 2023 ,
994 1960 1170 2029 πολλῴ
1204 1960 1400 2028 μᾶλλον
1432 1962 1589 2028 ἡμεῖς
1615 1962 1662 2011 οἱ
1691 1960 1778 2012 τὸν

200 2052 301 2105 ἀπ’
345 2053 586 2123 οὐρανῶν
634 2052 1130 2121 ἀποστρεφόμενοι,
1172 2044 1231 2103 οῦ
1274 2053 1307 2121 ή
1352 2050 1502 2119 φωνὴ
1536 2051 1631 2121 τὴν
1678 2052 1779 2120 γῆν

203 2144 466 2196 ὲσὰλευσε
500 2144 660 2195 τότε⁹
710 2144 801 2194 νῦν
854 2144 909 2196 δὲ
972 2142 1337 2211 ἐπήγγελται,
1391 2141 1596 2209 λέγων,
1644 2144 1724 2195 ὅτι
1753 2152 1775 2178 ν

204 2233 387 2297 Ἀπαξ
422 2234 531 2301 ἐγὼ
577 2234 739 2287 σείσω
766 2236 823 2286 οὺ
860 2236 1017 2304 μόνον
1046 2234 1142 2303 τὴν
1173 2234 1295 2302 γῆν,
1318 2233 1449 2285 ἀλλὰ
1479 2232 1669 2285 καὶτὸν
1689 2231 1778 2283 οὗ-

203 2326 387 2395 ρανὸν.
416 2344 434 2375 ι
470 2324 564 2387 Τίς
602 2325 628 2375 6
667 2326 1007 2395 χρηματίσας
1042 2324 1135 2376 ἐπὶ
1165 2324 1296 2394 γῆς,
1337 2325 1395 2376 ὃν
1435 2323 1776 2394 παραιτησά-

204 2436 358 2488 μενοι
401 2417 871 2471 κεκινδυνεύκασιν
898 2419 946 2469 οἱ
977 2416 1082 2468 τῶν
1114 2417 1381 2469 Ἰουδαίων
1411 2416 1643 2483 πατέρες
1664 2432 1676 2477 ;
1700 2412 1774 2465 Ἶί

198 2510 383 2579 δῆλον,
427 2510 507 2561 ὅτι
538 2510 774 2577 Μωσῆςς
814 2509 950 2560 ’Ἀλλ’
978 2509 1077 2560 οὐκ
1107 2509 1169 2560 ὲκ
1207 2507 1312 2576 γῆς
1344 2509 1371 2559 6
1417 2506 1671 2576 Χριστὸς,
1718 2507 1776 2570 ἐξ

199 2598 446 2667 οὐρανῶν
492 2596 547 2649 δὲ
584 2597 801 2666 μᾶλλον.
841 2598 896 2648 Ὀ
926 2596 1032 2667 γὰρ
1067 2596 1270 2649 ἀνωθεν
1306 2598 1397 2648 καὶ
1430 2598 1492 2649 ὲκ
1523 2596 1614 2648 τοῦ
1662 2598 1773 2647 Πα-

198 2690 330 2759 τρὸς
358 2689 488 2752 Θεὸς
513 2688 702 2756 Λόγος,
732 2688 1013 2757 ἅνθρωπος
1042 2688 1229 2755 γέγονε
1259 2688 1351 2741 καλ⁸
1380 2688 1528 2750 Θεός.
1561 2688 1773 2758 Χείρων

198 2774 356 2847 οὖνὴ
390 2779 513 2847 δίκη
548 2782 656 2841 τοῖς
708 2778 867 2829 αὑτὸν
914 2779 1441 2847 ἀποστρεφομένοις,
1494 2779 1588 2830 καὶ
1630 2780 1774 2846 μάλα

198 2867 444 2927 εἰκότως.
477 2867 562 2929 Ὠς
591 2867 697 2936 γὰρ
728 2869 754 2917 6
782 2867 941 2933 σοφός
966 2883 1125 2934 φησιν
1163 2867 1411 2936 Ἰωάννης
1433 2906 1447 2929 ,
1479 2888 1496 2917 ‹
1522 2869 1577 2919 'U
1605 2867 1678 2920 ὢν
1709 2870 1772 2919 ὲκ

197 2953 301 3019 τῆς
333 2953 453 3022 γῆς,
484 2956 545 3006 ὲκ
571 2954 667 3016 τῆς
696 2954 799 3023 γῆς
831 2954 1011 3017 λαλεῖ,
1054 2956 1327 3007 τουτέστιν
1370 2955 1681 3026 ἀνθρώπινα
1702 2974 1713 2985 ·
1744 2958 1771 3007 6

196 3042 256 3093 δὲ
294 3041 497 3094 ἄνωθεν
522 3045 831 3114 ἐρχόμενος,
866 3046 1048 3097 ἐπάνω
1068 3046 1283 3098 πάντων
1306 3047 1472 3111 ἐστὶν,
1499 3068 1513 3096 ο
1540 3047 1615 3110 ὡς
1640 3048 1771 3111 Θεὸς

197 3131 459 3198 δηλονότι.
492 3134 661 3187 Τοῦτο
688 3135 744 3187 δὲ
774 3144 797 3170 ι
826 3131 890 3206 ἧν
921 3153 979 3187 τε
1011 3136 1104 3187 καὶ
1129 3136 1241 3187 ἔστι
1273 3137 1525 3206 Χριστός.

1882 1963 2225 2031 loquebatur,
2280 1962 2448 2014 multo
2484 1959 2653 2027 magis
2684 1974 2802 2023 nos,
2832 1958 2919 2025 qui
2953 1956 3018 2009 de
3050 1956 3187 2008 cmlo
3217 1958 3441 2027 loquen-

1882 2064 1985 2106 tem
2016 2054 2170 2107 nobis
2193 2053 2508 2117 avertimus,
2540 2051 2698 2119 cujus
2727 2064 2824 2101 vox
2854 2050 3020 2101 movit
3048 2057 3244 2101 terram
3274 2058 3396 2105 tunc
3426 2071 3442 2106 ε

1882 2161 2023 2198 nunc
2057 2154 2238 2197 autem
2278 2140 2595 2210 repromittit
2621 2181 2634 2203 ,
2673 2140 2855 2193 dicens
2886 2156 2899 2191 :
2944 2137 3129 2190 Adhuc
3160 2142 3359 2203 semel,
3394 2154 3448 2198 et

1877 2251 1975 2305 ego
2010 2236 2233 2288 movebo
2275 2250 2379 2286 non
2409 2234 2582 2287 solum
2620 2241 2850 2292 terram,
2880 2230 2975 2283 sed
3024 2238 3077 2282 et
3100 2230 3290 2283 cmlum
3319 2234 3383 2286 ⁸⁷.
3423 2256 3440 2286 ι

1877 2326 2009 2391 Quis
2061 2325 2172 2388 ille,
2224 2339 2440 2392 quaeso,
2478 2338 2635 2391 quem
2689 2335 2808 2373 cum
2851 2320 2905 2373 in
2953 2320 3111 2373 terris
3146 2320 3445 2385 loquentem

1876 2415 2187 2470 Judaeorum
2221 2416 2450 2479 majores
2480 2420 2936 2481 aspernarentur,
2970 2424 3131 2479 grave
3161 2412 3259 2466 sibi
3304 2417 3446 2483 peri-

1877 2506 2052 2560 culum
2094 2505 2448 2558 acciverunt?
2471 2519 2650 2557 annon
2708 2503 2915 2555 clarum
2954 2513 3035 2555 est
3065 2500 3277 2570 Moysen
3311 2506 3449 2560 hunc

1877 2597 2194 2650 exstitisse?
2225 2599 2290 2649 At
2322 2595 2571 2649 Christus
2613 2609 2716 2648 non
2761 2600 2824 2647 de
2871 2603 3047 2656 terra,
3092 2594 3183 2646 sed
3222 2593 3285 2647 de
3314 2596 3449 2649 ccelo

1876 2697 1975 2741 est.
2014 2685 2146 2739 Nam
2189 2687 2327 2739 Deus
2359 2685 2619 2745 Verbum,
2668 2683 2808 2751 quod
2855 2682 2918 2735 de
2961 2680 3207 2749 supernis
3243 2691 3353 2745 est,
3398 2692 3450 2739 et

1877 2793 1938 2829 cx
1977 2776 2135 2828 Patre
2161 2788 2336 2827 ortum
2366 2784 2467 2835 est,
2494 2773 2665 2826 factus
2690 2782 2770 2826 est
2797 2773 2978 2836 homo,
3008 2772 3254 2841 idemque
3284 2772 3445 2827 Deus.

1875 2867 2105 2919 Gravius
2132 2864 2360 2934 proinde
2397 2864 2721 2931 supplicium
2749 2863 2973 2916 debetur
3014 2863 3117 2926 bis,
3156 2864 3242 2931 qui
3278 2865 3447 2931 ipsum

1874 2970 2213 3022 aversantur,
2282 2972 2379 3010 nec
2435 2955 2651 3023 injuria,
2677 2954 3129 3023 quandoquidem,
3161 2955 3449 3023 utsapiens

1872 3048 2105 3103 Joannes
2136 3059 2341 3111 monet,
2410 3065 2425 3096 ι
2459 3045 2559 3111 Qui
2600 3047 2664 3099 de
2695 3054 2831 3097 terra
2869 3054 2969 3108 est,
3009 3045 3074 3097 de
3109 3054 3246 3099 terra
3277 3046 3447 3114 loqui-

1876 3150 1982 3203 tur,
2018 3158 2034 3190 ι
2080 3139 2181 3191 hoc
2224 3147 2305 3190 est
2337 3138 2568 3189 humana
2607 3151 2619 3186 :
2657 3150 2674 3182 ι
2717 3133 2809 3201 qui
2868 3142 3043 3185 autem
3084 3132 3151 3185 de
3201 3137 3449 3201 supernis

199 3223 372 3282 venit.
414 3239 575 3292 super
604 3240 792 3278 omnes
820 3233 903 3280 est
931 3226 975 3256 ⁶⁸
998 3266 1013 3290 ,
1057 3244 1073 3277 ι
1125 3242 1314 3296 nempe
1346 3238 1401 3279 ut
1430 3229 1587 3282 Deus.
1624 3227 1775 3283 Huiic
1815 3239 1995 3281 autem
2054 3229 2328 3282 Christum
2365 3242 2504 3291 esse,
2533 3236 2587 3280 et
2652 3223 2839 3289 fuisse,
2868 3224 3217 3293 quzestionem
3252 3224 3446 3279 nullam

199 3314 385 3368 haben

278 3424 297 3455 ι
340 3404 542 3473 Ἰησοῦς
574 3404 805 3474 Χριστὸς
834 3405 979 3475 χθὲς,
1006 3407 1097 3458 καὶ
1131 3408 1371 3476 σήμερον
1401 3408 1428 3459 6
1461 3406 1641 3473 αὐτὸς,
1677 3410 1769 3459 καὶ
1798 3418 1839 3474 c

200 3497 283 3557 εἰς
311 3497 436 3557 τοὺς
465 3496 685 3559 αἰῶνας.
715 3516 730 3547 ι
758 3496 858 3549 Τὸν
888 3499 950 3549 ὲκ
981 3496 1115 3549 Θεοῦ
1148 3496 1317 3565 φύντα
1342 3498 1512 3565 Λόγον
1536 3499 1656 3550 τότε
1688 3516 1773 3551 κε·

198 3585 469 3655 κλημένον
517 3587 821 3656 εὑρήσομεν
868 3588 1071 3656 Ἰησοῦν
1115 3589 1370 3657 Χριστὸν,
1404 3591 1491 3641 ὅτε
1551 3590 1770 3657 γέγονεν

196 3673 485 3744 ἄνθρωπος
514 3675 575 3725 ὲκ
608 3675 885 3740 γυναικός.
907 3677 1027 3738 Πῶς
1056 3672 1148 3729 οὖν
1172 3679 1199 3728 ό
1232 3678 1377 3745 χθὲς,
1398 3679 1489 3730 καὶ
1508 3680 1766 3746 σήμερον,

195 3767 226 3817 6
267 3763 428 3825 αὐτὸς
466 3763 561 3815 καὶ
604 3766 679 3825 εἰς
714 3765 838 3825 τοὺς
883 3765 1119 3830 αἱῶνας;
1164 3751 1382 3818 Ἑνώσει
1430 3767 1671 3837 δηλονότι
1700 3770 1767 3838 τῇ

197 3855 338 3927 πρὸς
362 3856 453 3908 τὸν
486 3858 547 3908 ἐκ
573 3855 706 3908 Θεοῦ
740 3857 928 3924 Λόγον,
955 3858 1031 3919 είς
1068 3857 1192 3909 Υίὸν
1218 3857 1315 3910 ἕνα
1346 3858 1639 3928 νοουμένης
1669 3860 1770 3928 τῆς

196 3949 600 4019 ἀναληφθείσης
641 3950 698 4014 ἐξ
723 3950 887 4002 αὑτοῦ
932 3950 1160 4021 σαρκός’
1193 3950 1334 4002 οὕτω
1370 3950 1476 4020 γὰρ
1508 3950 1568 4002 τὸ
1608 3952 1768 4021 ἄτρε-

197 4058 334 4093 πτον
373 4041 464 4094 τοῦ
500 4042 672 4109 Λόγου
704 4041 843 4094 κατὰ
869 4041 1029 4110 φύσιν
1057 4043 1208 4113 μενεῖ
1236 4040 1393 4094 πάλιν
1424 4040 1591 4111 αὐτῷ,
1621 4058 1769 4094 νοουδ

199 4130 353 4200 μένῳ
379 4131 473 4183 καὶ
510 4130 647 4201 μετὰ
682 4131 902 4202 σαρκός.

492 4348 586 4400 Ἕκ
616 4348 725 4415 τῆς
758 4348 905 4415 πρὸς
944 4351 1217 4417 Τιμόθεον
1246 4348 1497 4415 πρώτης.

277 4499 296 4531 r
327 4480 535 4544 Παῦλος
574 4482 867 4543 ἀπόστολος
902 4480 1074 4550 Ἰησοῦ
1120 4480 1380 4551 Χριστοῦ,
1423 4482 1540 4533 κατ’
1572 4483 1762 4533 ἐπιτα-

193 4571 302 4640 γὴν
330 4570 461 4622 Θεοῦ
496 4570 745 4639 Σωτῆρος
775 4570 951 4639 ἡμῶν,
980 4570 1227 4641 Τιμοθέῳ
1257 4570 1463 4639 γνησίῳ
1501 4569 1675 4637 τέκνῳ
1706 4572 1763 4621 ἐν

196 4662 401 4714 πίστει.
434 4680 452 4711 ι
493 4662 565 4713 Τὸ
598 4661 692 4713 τοῦ
738 4661 987 4729 Σωτῆρος
1026 4661 1195 4730 ὄνομα
1228 4662 1429 4731 πρέποι
1464 4659 1529 4713 ἂν
1562 4659 1761 4729 μᾶλλον

1952 3428 1967 3458 ‹
2002 3407 2159 3461 Jesus
2188 3407 2436 3461 Christus
2485 3408 2634 3469 heri,
2665 3414 2719 3457 et
2773 3404 2951 3466 hodie,
2999 3404 3112 3472 ipse
3146 3416 3201 3462 et
3252 3406 3302 3459 in
3347 3425 3449 3463 sa:-

1880 3500 1999 3553 cula
2030 3500 2093 3553 θ’,
2136 3519 2153 3550 ι
2195 3500 2426 3551 Verbum
2460 3500 2600 3565 quod
2636 3516 2699 3553 ex
2747 3502 2852 3554 Deo
2897 3498 3153 3566 gignitur,
3185 3506 3309 3551 tunc
3353 3500 3447 3551 de-

1878 3605 2024 3643 mum
2058 3587 2186 3642 Jesu
2218 3588 2421 3643 Christi
2448 3589 2857 3657 appellationem
2903 3588 3148 3641 sortitum
3187 3590 3447 3655 comperi-

1878 3696 2020 3743 mus,
2054 3697 2173 3734 eum
2219 3696 2284 3735 ex
2336 3681 2561 3734 muliere
2590 3678 2791 3733 factum
2840 3688 2919 3733 est
2951 3680 3127 3732 homo.
3169 3677 3271 3732 Sed
3316 3696 3449 3747 quo-

1877 3774 2035 3825 modo
2065 3771 2203 3824 idem
2227 3782 2309 3824 est
2340 3773 2547 3835 heri,et
2579 3772 2756 3833 hodie,
2779 3772 2893 3839 ipse
2918 3779 2971 3822 et
3000 3770 3050 3822 in
3082 3770 3269 3823 saecula
3289 3770 3309 3821 ?
3331 3770 3444 3825 Non

1876 3862 1975 3913 alia
2015 3862 2196 3930 utique
2244 3863 2473 3926 ratione,
2506 3877 2666 3931 quam
2713 3861 2914 3925 carnis,
2950 3876 3108 3929 quam
3140 3862 3443 3930 assumpsit,

1878 3967 1997 4005 cum
2019 3953 2108 4006 Dei
2128 3953 2299 4006 Verbo
2318 3953 2532 4015 unione,
2554 3962 2611 4005 ut
2630 3968 2767 4006 unus
2784 3952 3109 4021 intelligatur
3134 3951 3314 4005 Filius.
3334 3952 3447 4007 Hac

1880 4056 2115 4109 namque
2144 4042 2599 4103 consideratione.
2634 4043 2868 4106 etiamsi,
2896 4050 2953 4094 ut
2997 4056 3160 4095 carne
3205 4042 3443 4095 indutum

1873 4142 1975 4195 est,
2009 4133 2191 4186 animo
2234 4134 2590 4197 concipiatur,
2622 4132 2729 4201 75
2772 4147 2923 4186 suam
2967 4131 3311 4185 nihilominus
3352 4149 3445 4187 na-

1873 4222 2101 4276 turalem
2131 4223 2485 4276 stabilitatem
2524 4224 2780 4293 integram
2812 4238 3030 4292 semper
3066 4222 3282 4276 retinet.

2285 4353 2367 4409 Ea:
2396 4357 2559 4424 priori
2596 4358 2661 4407 ad
2694 4354 3038 4408 Timotheum.

1949 4506 1967 4537 ‹
2006 4487 2198 4541 Paulus
2232 4486 2505 4555 apostolus
2542 4486 2666 4539 Jesu
2705 4485 2908 4539 Christi
2948 4488 3239 4541 secundum
3273 4488 3438 4559 impe-

1875 4576 2010 4629 rium
2070 4576 2159 4629 Dei
2219 4574 2513 4630 Salvatoris
2566 4587 2754 4639 llOSll‘l,
2800 4587 2852 4631 et
2903 4578 3097 4633 Christi
3155 4580 3278 4634 Jesu
3327 4586 3439 4652 spei

1873 4678 2097 4733 nostrae,
2133 4666 2416 4722 Timetheo
2457 4668 2650 4723 dilecto
2690 4669 2799 4723 lilio
2826 4669 2877 4724 in
2909 4670 3011 4724 ﬁde
3044 4672 3109 4723 "°.
3178 4691 3196 4722 ›
3236 4671 3439 4729 Nomen

194 4752 297 4821 οὐχ
332 4753 500 4822 ἑτέρῳ
530 4753 731 4823 κυρίως
760 4769 819 4804 τε
850 4754 941 4804 καὶ
976 4752 1209 4821 ἀληθῶς,
1242 4751 1380 4820 πλὴν
1402 4752 1481 4802 ὅτι
1508 4750 1571 4819 δὴ
1618 4753 1763 4818 μόνῳ

1877 4759 1970 4813 hoc
2001 4758 2247 4813 Salvator
2274 4759 2401 4814 nulli
2430 4759 2583 4814 alteri
2621 4774 2773 4828 aeque
2809 4776 2931 4814 vere
2964 4762 3283 4831 proprieque
3321 4780 3443 4818 con-

196 4840 275 4909 τῴ
314 4842 453 4892 κατὰ
484 4841 643 4908 φύσιν
685 4841 795 4895 ὄντι
832 4841 976 4911 Θεῷ·
1012 4841 1151 4895 οὕτω
1194 4843 1287 4894 καὶ
1318 4840 1413 4894 νῦν
1442 4840 1603 4893 αὐτὸν
1632 4841 1765 4893 ὠνό-

200 4946 372 4999 μασεν
399 4931 427 4982 6
459 4934 833 4999 μυσταγωγός.
873 4932 1009 4985 Ἀλλ’
1041 4933 1153 4985 ἔστι
1200 4934 1390 5003 Σωτὴρ
1426 4932 1520 4984 καὶ
1561 4932 1765 5003 Κύριος

194 5019 385 5089 ἡμῶν,
426 5020 627 5089 Ἰησοῦς
659 5022 917 5090 Χριστός*
946 5023 1258 5091 ὠνόμασται
1287 5022 1395 5092 γὰρ
1428 5022 1651 5092 Ἰησοῦς,
1672 5024 1765 5077 καὶ

192 5112 295 5179 τὴν
335 5111 429 5162 τοῦ
474 5110 735 5180 ὀνόματος
780 5113 1026 5183 δύναμιν,
1069 5115 1234 5184 ῆγουν
1269 5115 1580 5184 ἑρμηνείαν,
1619 5118 1761 5187 σαφῆ

194 5197 458 5262 καθιστὰς
481 5202 507 5253 6
531 5202 795 5271 μακάριος
822 5202 1047 5270 ἄγγελος
1080 5203 1282 5272 ἔφασκε
1301 5221 1313 5233 ι
1352 5223 1369 5255 ‹
1395 5205 1500 5260 Καὶ
1517 5206 1763 5269 καλέσεις

193 5287 255 5339 τὸ
284 5287 453 5358 ὄνομα
497 5291 660 5343 αὐτοῦ
699 5293 936 5362 Ἰησοῦνο
969 5294 1127 5356 αὐτὸς
1174 5295 1281 5364 γὰρ
1318 5297 1477 5349 σώσει
1514 5296 1603 5349 τὸν
1633 5296 1759 5349 λαὸν

268 5446 495 5501 “Hebr.
528 5464 581 5512 ι,
608 5449 698 5515 ‘28,
733 5449 824 5506 29.
902 5452 945 5483 "
979 5451 1139 5507 Hebr.
1173 5452 1383 5522 1:11.25,
1411 5454 1502 5509 26.
1578 5456 1623 5487 ⁶¹⁸
1651 5454 1808 5511 Joan.
1843 5472 1925 5524 ut,
1956 5457 2042 5511 51.

1870 4850 2035 4914 venit,
2069 4864 2131 4903 ac
2158 4850 2253 4903 soli
2291 4864 2417 4903 vero
2468 4851 2810 4920 naturalique
2866 4851 2992 4904 Deo.
3058 4851 3207 4906 Unde
3256 4855 3441 4908 dor-tor

1872 4949 2056 4993 noster
2085 4940 2135 4993 id
2167 4941 2398 4994 nominis
2438 4955 2580 4994 nunc
2613 4956 2827 5009 quoque
2856 4941 2929 4994 illi
2965 4943 3210 5011 imponit.
3280 4947 3436 5012 Atqui

1871 5026 2025 5082 Jesus
2065 5028 2333 5092 Christus,
2365 5039 2418 5083 et
2457 5030 2733 5097 Dominus,
2760 5040 2813 5083 et
2846 5030 3093 5083 Salvator
3124 5041 3306 5085 noster
3334 5045 3434 5086 est.

1872 5116 2106 5172 Vocatus
2133 5129 2215 5174 est
2242 5121 2383 5174 enim
2422 5118 2599 5183 Jesus,
2632 5121 2973 5189 nominisque
3014 5122 3120 5173 vim
3156 5138 3217 5175 ac
3244 5123 3438 5191 signiﬁ-

1869 5211 2134 5265 cationem
2186 5209 2375 5263 beatus
2410 5211 2627 5281 angelus
2667 5226 2974 5281 exponens,
3012 5213 3081 5265 ita
3119 5214 3235 5267 ait:
3274 5233 3291 5265 ε
3334 5213 3435 5267 Vo-

1868 5301 2017 5353 cabis
2046 5314 2240 5355 nomen
2286 5302 2400 5369 ejus
2444 5300 2622 5357 Jesum
2658 5319 2671 5356 :
2706 5302 2816 5370 ipse
2854 5303 2996 5356 enim
3029 5303 3233 5357 salvum
3278 5303 3435 5359 faciet

2122 5459 2164 5490 “
2218 5456 2378 5514 Hebr.
2409 5476 2527 5525 xm,
2564 5460 2615 5515 8.
2694 5462 2737 5492 '°
2767 5458 2783 5515 Ι
2819 5459 3052 5516 Timoth.
3086 5477 3124 5529 ι,
3158 5461 3207 5516 1.

1277 5607 1450 5665 Varia:
1470 5610 1726 5669 lectiones
1754 5613 1958 5669 codicis
1993 5611 2346 5684 Seguieriani.

264 5743 319 5781 ι’
338 5738 633 5811 ἀτιμάσας.
707 5750 736 5783 ν
767 5741 866 5797 ἔτι.
943 5751 970 5781 ι
999 5742 1163 5808 ῑσως,
1192 5736 1343 5806 οὗτος
1364 5743 1440 5797 δέ.
