4056 6334
583 335 718 390 1255
1568 330 1626 383 S.
1669 324 1934 381 CYlilLLl
1975 320 2443 376 ALEXANDlilNl
2480 320 2796 376 ARClllEl‘.
3673 324 3813 379 1256

580 447 829 518 populum
875 458 1030 501 suum
1063 462 1091 501 ξι
1121 449 1359 519 peccatis
1406 457 1592 499 eorum
1631 442 1696 492 '“.
1739 459 1756 490 ι
1806 438 1949 491 Deus
1991 435 2183 504 igitur.

2280 432 2417 486 ιύτοῦ
2459 436 2566 488 ἀπὸ
2612 436 2720 490 τῶν
2769 434 3046 503 ἁμαρτιῶν
3088 433 3284 488 αὐτῶν.
3313 450 3330 483 ι
3361 431 3494 494 Θεὸς
3524 427 3618 486 οῦν
3649 436 3757 503 ἄρα
3786 439 3813 488 6

577 547 660 594 est
686 536 953 603 Christus,
984 554 1106 592 nam
1132 537 1285 607 juxta
1318 536 1479 591 divini
1512 532 1658 588 Pauli
1684 528 2006 593 doctrinam,
2036 527 2150 595 ipsc

2280 525 2506 594 ίριστὸς,
2534 526 2688 594 εἴπερ
2730 523 2846 575 ἐστὶ
2874 523 3064 594 Σωτὴρ
3093 525 3306 579 πάντων
3350 522 3680 595 ἀνθρώπων,
3717 543 3818 579 κα-

576 638 661 684 cst
694 627 940 684 Salvator
963 631 1201 685 omnium
1233 628 1532 682 hominum.

1020 735 1104 790 Ea:
1130 733 1368 804 Epistola
1396 734 1464 784 ad
1504 731 1704 786 Titum.

658 863 684 896 ι.
736 841 1003 914 Apparuit
1058 841 1202 894 enim
1252 839 1425 908 gratia
1488 840 1582 895 Dei
1639 839 1939 899 Salvatoris
1988 844 2157 900 nostri

587 935 841 990 omnibus
913 929 1237 993 hominibus,
1283 930 1537 985 erudiens
1579 947 1675 987 nos
1725 943 1786 988 ut
1833 935 2157 1006 abnegantes

587 1021 909 1089 impietatem
941 1026 994 1071 et
1022 1015 1302 1070 saecularia
1360 1017 1648 1084 desideria,
1697 1022 1879 1077 sobrie
1923 1033 1982 1076 et
2016 1023 2160 1091 juste

585 1119 640 1165 et
675 1109 758 1176 pie
791 1109 1036 1161 vivamus
1058 1106 1109 1160 in
1133 1107 1235 1162 hoc
1264 1109 1482 1172 szeculo,
1515 1120 1894 1178 exspectantes
1936 1111 2152 1168 beatam

587 1213 761 1267 spem,
795 1207 848 1251 et
873 1197 1161 1251 adventum
1209 1199 1394 1268 gloriae
1428 1201 1604 1268 magni
1651 1201 1743 1253 Dei
1775 1210 1827 1253 et
1860 1198 2159 1256 S’alvatoris

589 1287 758 1341 nostri
781 1285 907 1342 Jesu
930 1287 1156 1350 Christi,
1184 1289 1272 1355 qui
1303 1287 1447 1341 dedit
1479 1290 1825 1356 semetipsum
1857 1305 1954 1357 pro
1981 1291 2158 1350 nobis.

590 1385 648 1428 ut
674 1389 768 1428 nos
793 1375 1078 1429 redimeret
1101 1374 1169 1428 ab
1189 1375 1337 1428 omni
1381 1375 1660 1443 iniquitate
1680 1385 1734 1430 et
1756 1377 2033 1432 mundaret
2059 1377 2159 1432 sibi
2181 1371 2188 1379 ’

591 1465 839 1532 p0pnlum
890 1465 1302 1532 acceptabiletn,
1339 1474 1658 1519 sectatorem
1719 1466 1981 1520 bonorum
2034 1481 2162 1535 ope-

591 1570 708 1608 rum
728 1556 795 1608 ".
834 1574 852 1606 ι
894 1556 1100 1620 Qualis,
1132 1570 1335 1623 quarso,
1367 1557 1562 1622 gratia,
1594 1566 1687 1610 aut
1731 1557 2006 1626 cujusnam
2067 1556 2161 1613 Dei

601 1646 774 1714 gratia
824 1645 1072 1713 apparuit
1148 1645 1322 1708 nobis,
1369 1660 1486 1714 qua:
1547 1647 1792 1701 omnibus
1861 1647 2164 1702 hominibus

2255 613 2324 669 θά
2357 633 2518 689 φησιν
2544 617 2572 668 6
2601 615 2883 675 θεσπέσιος
2915 614 3149 678 Παῦλος.

2718 727 2814 779 Ἐκ
2851 726 2962 793 τῆς
2995 728 3142 794 πρὸς
3182 728 3367 784 Τίτον.

2335 862 2352 894 ι
2396 845 2671 914 Ἐπέφανη
2721 841 2828 911 γὰρ
2872 842 2904 909 ἠ
2953 839 3112 908 χάρις
3156 839 3248 892 τοῦ
3295 841 3428 894 Θεοῦ
3467 843 3499 911 ἡ
3550 839 3822 909 σωτήριος

2258 930 2427 982 πᾶσιν
2474 930 2809 1000 ἀνθρώποις,
2862 925 3187 979 παιδεύουσα
3229 929 3402 996 ἡμᾶς,
3447 929 3533 982 ἵνα
3573 928 3823 1000 ἀρνησὰ-

2263 1035 2414 1087 μενοι
2451 1018 2549 1088 τὴν
2596 1016 2870 1077 ἀσέϐειαν,
2914 1015 3008 1067 καὶ
3047 1015 3146 1076 τὰς
3178 1017 3446 1083 κοσμικὰς
3481 1019 3823 1087 ἐπιθυμίας,

2263 1109 2552 1178 σωφρόνως
2583 1105 2839 1170 ἐπιεικῶς
2876 1114 2902 1153 1
2949 1104 3202 1173 ζήσωμεν
3253 1105 3310 1154 ὲν
3354 1104 3431 1173 τῷ
3479 1106 3576 1159 νῦν
3626 1107 3824 1170 αἰῶνι,

2261 1197 2675 1264 προσδεχόμενοι
2707 1195 2804 1264 τὴν
2838 1193 3111 1262 μακαρίαν
3143 1192 3350 1258 ἐλπίδα,
3380 1194 3470 1245 καὶ
3500 1196 3829 1262 ἐπιφάνειαν

2260 1287 2356 1355 τῆς
2381 1287 2536 1355 δόξης
2561 1284 2653 1337 τοῦ
2685 1284 2918 1354 μεγάλου
2957 1283 3092 1336 Θεοῦ
3119 1285 3210 1337 καὶ
3242 1282 3491 1352 Σωτῆρος
3524 1284 3690 1352 ἡμῶν
3720 1285 3831 1351 ἰηο

2263 1374 2356 1427 σοῦ
2399 1375 2654 1442 Χριστοῦ,
2683 1374 2739 1436 ὃς
2769 1373 2966 1427 ἔδωκεν
2995 1375 3183 1428 ἑαυτὸν
3222 1375 3359 1445 ὑπὲρ
3389 1374 3566 1444 ἡμῶν,
3605 1375 3697 1428 ἵνα
3734 1375 3829 1426 λυ-

2259 1465 2535 1533 τρώσηται
2572 1465 2718 1533 ἡμᾶς
2748 1464 2855 1516 ἀπὸ
2895 1466 3073 1536 πάσης
3116 1464 3370 1535 ἀνομίας,
3413 1465 3506 1518 καὶ
3550 1465 3830 1534 καθαρίσῃ

2264 1553 2439 1622 ἑαυτῷ
2486 1553 2610 1606 λαὸν
2665 1554 2994 1623 περιούσιον,
3049 1556 3294 1626 ζηλωτὴν
3344 1555 3521 1608 καλῶν
3571 1553 3772 1624 ἔργων.
3808 1572 3826 1602 ι

2266 1646 2399 1699 Ποία
2444 1645 2600 1717 χάρις
2650 1646 2918 1714 ὲπέφανεν
2964 1648 3117 1717 ἡμῖν,
3161 1647 3194 1715 ἢ
3241 1647 3393 1699 ποίου
3438 1645 3598 1708 Θεοῦ,
3648 1645 3830 1698 καίτοι

591 1736 847 1798 salutaris
893 1737 993 1790 hoc
1043 1735 1162 1790 loco
1210 1737 1574 1803 praedicatur?
1626 1736 1852 1792 Planum
1883 1747 1985 1802 est,
2020 1738 2162 1806 quod

2280 1744 2534 1814 λεγομένη
2580 1744 2842 1812 σωτήριος
2893 1737 3032 1797 εἶναι
3079 1745 3245 1796 πᾶσιν
3296 1741 3642 1811 ἀνθρώποις;
3691 1739 3833 1792 Ἀλλ’

593 1827 737 1881 illius
769 1825 857 1880 Dei
893 1837 946 1879 et
975 1826 1185 1881 Domini
1217 1827 1328 1895 qui,
1355 1824 1507 1895 juxta
1531 1826 1745 1881 beatum
1770 1827 1964 1890 David,
1991 1827 2168 1881 illuxit

2280 1829 2389 1881 Ean
2410 1828 2584 1897 δῆλον,
2610 1829 2690 1880 ὄτι
2714 1847 2731 1878 ι
2751 1828 2882 1890 Θεὸς
2905 1828 2980 1881 ὢν
2996 1829 3216 1900 Κύριος,
3235 1829 3327 1882 καὶ
3353 1828 3617 1896 ὲπὲφανεν
3632 1830 3790 1895 ἡμῖν,
3812 1845 3830 1876 ι

596 1917 773 1980 nobis,
815 1917 1075 1986 cujusque
1122 1917 1410 1984 gloriosam
1441 1918 1931 1973 maniiestationetn
1966 1919 2030 1972 de
2060 1935 2170 1974 cus-

595 2008 661 2062 lis
716 1998 1089 2078 exspectamus
1117 2008 1184 2062 ⁷³.
1221 2006 1447 2078 Magnus
1499 2008 1585 2063 hic
1631 2008 1768 2062 Deus
1824 2007 1940 2077 ipse
1986 2007 2171 2064 Salva-

597 2107 681 2152 tor
715 2107 898 2152 noster
943 2096 1099 2152 Jesus
1140 2098 1410 2162 Christus,
1446 2098 1539 2166 qui
1585 2097 1777 2152 obtulit
1821 2099 2169 2166 semetipsum

597 2202 695 2256 pro
724 2187 894 2250 nobis,
929 2203 1036 2256 quo
1060 2188 1127 2242 ab
1154 2189 1296 2242 omni
1324 2198 1544 2257 peccato
1567 2187 1855 2252 absolutos,
1886 2203 2171 2256 germanos

597 2277 698 2332 sibi
732 2278 1087 2332 constitueret
1111 2277 1445 2334 adoratores.
1481 2277 1616 2332 Cum
1648 2291 1775 2346 ergo
1808 2277 1996 2333 beatus
2027 2276 2170 2332 Pau-

599 2367 681 2420 lus
716 2365 1048 2421 Salvatoretn
1086 2375 1327 2422 nostrum
1374 2365 1554 2422 Jesum
1588 2365 1860 2421 Christum
1915 2383 2168 2435 magnum

603 2457 772 2510 Deum
825 2459 1102 2527 praedicet,
1146 2458 1267 2527 quis
1308 2457 1706 2514 Emmanuelem
1765 2473 1949 2514 verum
2005 2461 2173 2514 Deum

599 2558 720 2600 esse
746 2544 974 2600 inliciari
1015 2545 1251 2600 audeat?

1025 2735 1133 2808 πθ
1161 2732 1263 2790 EX
1299 2733 1763 2793 careamus.

1113 2845 1192 2902 Ex
1219 2843 1405 2902 Jacobi
1429 2845 1686 2915 Epistula.

1059 2956 1213 3022 Quod
1239 2956 1481 3012 Christus
1506 2959 1572 3012 sit
1599 2958 1758 3013 Deus.

2269 1920 2410 1975 κατὰ
2445 1920 2537 1974 τὸν
2579 1921 2843 1992 μακάριον
2889 1923 3072 1978 Δαυῖδ.
3123 1922 3295 1975 Αὐτοῦ
3355 1921 3450 1991 τὴν
3481 1919 3540 1983 ἐξ
3590 1920 3838 1989 οὐρανῶν

2269 2012 2588 2080 ἐπιφάνειαν
2613 2013 2709 2081 τῆς
2728 2012 2881 2081 δόξης
2907 2013 3332 2083 προσδεχόμεθα.
3361 2013 3472 2065 Καὶ
3497 2011 3663 2073 αὑτός
3690 2014 3840 2062 ἔστιν

2269 2103 2297 2154 6
2331 2101 2503 2170 μέγας
2531 2100 2662 2164 Θεὸς
2687 2103 2780 2154 καὶ
2810 2103 2999 2173 Σωτὴρ
3025 2103 3178 2172 ἡμῶν
3212 2102 3417 2172 Ἰησοῦς
3445 2105 3474 2155 ό
3497 2101 3758 2171 Χριστὸς,
3783 2102 3840 2163 ὃς

2270 2190 2498 2242 δέδωκεν
2543 2189 2732 2244 ἑαυτὸν
2779 2190 2918 2260 ὑπὲρ
2966 2191 3142 2261 ἡμῶν,
3192 2191 3278 2243 ἵνα
3324 2191 3506 2260 πάσης
3559 2183 3866 2260 ἀμαρτίας¹

2271 2280 2581 2344 ἀπαλλάξας
2601 2321 2616 2343 ,
2659 2280 2835 2352 ἐαυτῷ
2865 2282 3190 2351 παραστήσῃ
3223 2281 3478 2350 γνησίους
3529 2297 3843 2350 προσκυνη-

2271 2373 2388 2434 τάς.
2432 2367 2563 2424 Εἶτα
2604 2371 2688 2434 τίς
2726 2372 2754 2423 ὁ
2785 2372 2956 2439 λέγων
2988 2372 3085 2424 οὑκ
3127 2366 3266 2423 εἶναι
3297 2371 3427 2424 Θεὸν
3457 2370 3716 2441 ἀληθινὸν
3747 2370 3842 2422 τὸν

2285 2463 2650 2533 Ἐμμανουὴλ,
2676 2463 2769 2515 τοῦ
2807 2462 3076 2533 μακαρίου
3125 2463 3336 2516 Παύλου
3366 2462 3493 2533 περὶ
3540 2461 3711 2514 αὐτοῦ
3750 2459 3843 2512 λέ-

2271 2569 2476 2620 γοντος·
2507 2571 2526 2604 ι
2544 2552 2647 2605 Τοῦ
2680 2553 2913 2622 μεγάλου
2940 2552 3072 2606 Θεοῦ
3099 2553 3190 2606 καί⁵
3217 2553 3465 2622 Σωτῆρος
3493 2548 3843 2622 ήμῶνίησοῦ

2273 2641 2508 2711 Χριστοῦ
2531 2659 2544 2708 ;
2586 2662 2605 2695 ι

2677 2757 2774 2808 ΕΚ
2819 2755 2958 2808 ΤΩΝ
2985 2755 3430 2809 ΚΑΘΟΛΙΚΩΝ.

2600 2864 2695 2918 Ἐκ
2724 2865 2826 2935 τῆς
2859 2864 3113 2918 Ἰακώϐου
3154 2865 3489 2935 Ἐπιστολῆς.

2745 2975 2865 3026 Ὅτι
2899 2974 3042 3040 Θεὸς
3075 2976 3108 3028 ό
3141 2975 3410 3043 Χριστός.

682 3089 701 3122 ι
732 3069 907 3124 Nolite
945 3083 1152 3132 errare,
1197 3066 1391 3124 fratres
1438 3069 1541 3124 mei
1601 3069 1932 3126 dilectissimi
1969 3088 1992 3126 :.
2025 3085 2182 3127 omne

2356 3104 2374 3137 ι
2403 3085 2495 3155 Μὴ
2528 3084 2821 3150 πλανᾶσθε,
2847 3085 3064 3153 ἀδελφοί
3100 3102 3200 3156 μου
3232 3083 3538 3153 ἀγαπητοί·
3577 3083 3731 3135 πᾶσα
3766 3081 3853 3134 δό-

608 3161 791 3216 datum
825 3161 1084 3230 optimum
1105 3200 1120 3224 ,
1146 3171 1200 3213 et
1231 3173 1391 3213 omne
1418 3158 1616 3214 donum
1642 3159 1933 3228 perfectum
1963 3162 2028 3215 de
2060 3174 2179 3216 sur-

617 3267 738 3306 sum
779 3260 880 3316 est,
919 3250 1302 3304 descendensa
1332 3247 1493 3303 Patre
1535 3249 1797 3304 luminum
1829 3251 1898 3304 ".-
1933 3269 1953 3303 ι
1999 3250 2182 3316 Omne,

611 3342 820 3412 inquit,
871 3341 1056 3393 datum
1113 3341 1362 3407 Optimum
1395 3355 1413 3392 :
1452 3353 1584 3396 sane
1631 3340 1828 3395 bonum
1871 3356 2064 3396 munus
2104 3352 2188 3397 est

608 3433 848 3504 Spiritus
873 3440 1112 3494 sanctus,
1145 3432 1638 3500 patrandorumque
1686 3433 2067 3488 miraculorum
2106 3433 2187 3488 fa-

611 3523 786 3578 cultas
821 3538 916 3593 per
941 3524 1116 3590 ipsum
1145 3522 1436 3591 impertita.
1468 3522 1602 3576 Cum
1633 3539 1763 3594 ergo
1793 3524 2041 3580 Christus
2068 3524 2184 3594 Spi-

616 3613 776 3666 ritum
825 3621 1072 3666 sanctum
1115 3610 1319 3664 sanctis
1365 3608 1727 3680 impertiatur,
1764 3623 2188 3683 potestatemque

617 3711 677 3756 ut
703 3703 882 3757 divina
932 3701 1189 3755 miracula
1234 3701 1419 3764 edant,
1481 3702 1670 3757 iisdem
1726 3703 2020 3772 largiatur:
2053 3721 2188 3774 quo-

616 3794 774 3848 modo
801 3809 906 3847 non
937 3800 1020 3846 est
1049 3807 1211 3847 verus
1241 3790 1427 3845 Deus?

692 3904 710 3938 ι
746 3883 953 3939 Subditi
989 3884 1152 3953 igitur
1193 3893 1366 3937 estote
1408 3881 1538 3947 Deo,
1581 3884 1812 3940 resistite
1857 3896 2032 3941 autem
2075 3888 2192 3940 dia-

617 3976 762 4043 bolo,
792 3985 846 4030 et
872 3975 1039 4045 fugiet
1063 3989 1092 4027 a
1116 3974 1269 4028 vobis
1299 3975 1365 4028 ".
1415 3992 1434 4024 ι
1475 3974 1608 4028 Ecce
1638 3976 1688 4028 in
1719 3976 1802 4030 his
1829 3986 2015 4044 aperte
2059 3978 2190 4030 dicit

617 4075 869 4136 oportere
915 4081 1013 4120 nos
1057 4066 1165 4119 Deo
1207 4065 1420 4132 subjici.
1488 4065 1624 4120 Dicit
1673 4076 1850 4121 autem
1900 4068 2188 4124 Christus:

627 4177 646 4210 ι
688 4157 882 4211 Tollite
928 4157 1115 4225 jugum
1156 4169 1328 4207 meum
1366 4168 1528 4222 super
1564 4171 1661 4210 vos
1692 4157 1759 4210 ⁷⁸.
1803 4175 1822 4208 ι
1876 4157 2007 4212 Cum
2038 4158 2071 4210 ii
2101 4158 2192 4226 qui

624 4246 1029 4317 Christijugum
1059 4247 1113 4299 iu
1138 4259 1197 4302 se
1222 4244 1432 4309 tollunt,
1466 4260 1569 4299 non
1617 4246 1770 4302 alteri
1807 4247 2035 4316 cuipiam
2065 4250 2193 4302 sub-

617 4340 894 4408 jiciantur,
951 4351 1109 4406 quam
1178 4336 1286 4389 Deo
1321 4352 1332 4386 :
1373 4337 1638 4401 quomodo
1683 4337 1929 4392 Christus
1967 4352 2072 4392 non
2114 4347 2197 4392 est

625 4427 803 4484 Deus?

1029 4537 1114 4592 Ea:
1142 4540 1305 4608 priori
1337 4537 1573 4608 Epistola
1612 4537 1773 4591 Pclrt'.

697 4667 720 4700 ι
756 4648 952 4702 Petrus
994 4649 1270 4716 apostolus
1314 4646 1442 4702 .Iesu
1482 4647 1705 4710 Christi,
1743 4646 1931 4702 electis
1979 4645 2198 4701 advenis

627 4739 981 4806 dispersionis
1011 4737 1188 4802 Ponti,
1215 4739 1459 4802 Galatiae,
1505 4736 1876 4808 Cappadocia»,
1911 4735 2070 4802 Asiae,
2105 4736 2198 4789 Bi-

630 4831 858 4901 thynize,
894 4831 1190 4885 secundum
1223 4829 1619 4898 praescientiam
1660 4830 1757 4884 Dei
1792 4829 1967 4886 Patris
1992 4828 2044 4880 in
2072 4842 2200 4881 san-

635 4921 1018 4976 ctiticationem
1061 4918 1317 4988 Spiritus,
1363 4922 1416 4974 in
1452 4921 1812 4977 obedientiam
1844 4929 1897 4974 et
1931 4919 2201 4986 aspersio-

635 5025 756 5065 nem
805 5010 1077 5078 sanguinis
1135 5010 1257 5067 Jesu
1321 5009 1522 5067 Christi
1581 5014 1756 5080 gratia
1810 5012 1961 5066 vobis
2004 5019 2056 5064 et
2099 5025 2199 5079 pax

635 5099 1020 5169 multiplicetur
1048 5098 1115 5152 ⁷⁷.
1157 5117 1176 5150 ι
1215 5097 1356 5156 Ecce
1393 5102 1689 5159 secundum
1723 5101 1816 5157 Dei
1861 5102 2037 5155 Patris
2066 5115 2200 5169 prac-

705 5275 750 5304 '“
786 5272 973 5329 Matth.
1017 5289 1054 5336 ι,
1083 5274 1173 5329 2L
1247 5275 1292 5306 ’⁷⁸
1326 5273 1431 5327 Tit.
1468 5290 1525 5339 ll,
1558 5275 1743 5328 ii-U.
1819 5273 1865 5305 ⁷³
1893 5274 2032 5328 Psal.
2057 5289 2221 5339 cxvu,
2257 5275 2346 5328 27.

634 5343 681 5376 "
712 5342 902 5397 lPetr.
944 5359 983 5408 ι,
1012 5345 1156 5398 ίσό..

2287 3194 2369 3240 σις
2412 3175 2610 3246 ἀγαθὴ,
2653 3177 2748 3228 καὶ
2781 3177 2889 3228 πᾶν
2922 3175 3153 3246 δώρημα
3197 3175 3400 3228 τέλειον
3436 3172 3639 3227 ἄνωθέν
3671 3173 3853 3234 ἐστιν,

2286 3265 2612 3322 καταὸαῖνον
2642 3266 2705 3318 ὲκ
2728 3264 2821 3316 τοῦ
2854 3265 3066 3335 Πατρὸς
3096 3264 3201 3318 τῶν
3238 3263 3450 3332 φώτων.
3479 3281 3498 3313 ι
3540 3260 3714 3316 Πᾶσα
3749 3260 3855 3314 δό-

2286 3371 2409 3424 σις,
2442 3355 2604 3424 φησὶν
2626 3393 2640 3417 ,
2666 3354 2857 3422 ἀγαθή
2880 3371 2895 3386 °
2935 3354 3115 3423 ἀγαθὴ
3145 3353 3201 3406 δὲ
3233 3353 3398 3415 δόσις,
3429 3351 3488 3405 τὸ
3521 3350 3748 3419 Πνεῦμα
3795 3352 3857 3402 τὸ

2287 3445 2459 3511 ἅγιον,
2488 3445 2582 3497 καὶ
2611 3444 2671 3496 τὸ
2695 3443 2953 3498 δύνασθαι
2987 3443 3228 3516 πληροῦν
3255 3447 3311 3497 ὲν
3340 3443 3488 3514 αὺτῷ
3518 3444 3616 3506 τὰς
3656 3441 3859 3512 050:1;-

2291 3535 2466 3604 μείας.
2493 3529 2624 3586 Εἶτα
2651 3535 2698 3585 εἰ
2725 3537 2836 3598 τοῖς
2867 3535 3043 3602 ἁγίοις
3074 3533 3354 3606 χαρίζεται
3385 3534 3445 3587 τὸ
3473 3532 3694 3602 Πνεῦμα
3724 3533 3859 3600 Χρι-

2289 3623 2430 3687 στὸς,
2471 3626 2566 3678 καὶ
2605 3625 2710 3696 μὴν
2758 3626 2936 3678 καὶτὸ
2984 3625 3242 3679 δύνασθαι
3296 3624 3532 3694 πληροῦν
3563 3623 3632 3675 τά
3664 3622 3857 3692 παρά.-

2288 3718 2436 3784 δοξα,
2473 3719 2586 3782 πῶς
2611 3720 2711 3772 οὐκ
2739 3719 2803 3772 ἂν
2833 3720 2916 3789 εἴη
2951 3720 3083 3781 Θεὸς
3113 3719 3364 3787 ἀληθινὸς
3388 3719 3416 3768 6
3446 3715 3712 3783 Χριστός;

2368 3909 2386 3941 ι
2427 3889 2764 3957 Ὑποτάγητε
2808 3881 2900 3939 οὗν
2948 3886 3026 3956 τῷ
3063 3885 3179 3954 Θεῷ
3204 3895 3249 3947 ι,
3292 3883 3576 3951 ἀντίστητε
3625 3881 3698 3949 τιῖ
3739 3881 3860 3932 δια-

2291 3979 2451 4045 ϐόλῳ,
2479 3979 2573 4030 καὶ
2604 3976 2854 4044 φεύξεται
2893 3978 2984 4044 ἀφ’
3011 3976 3183 4045 ὑμῶν.
3212 3993 3229 4025 ι
3268 3974 3398 4027 ’ἰδοὺ
3431 3972 3615 4042 σαφῶς
3652 3973 3709 4023 ὲν
3738 3971 3864 4022 τού-

2289 4086 2422 4133 τοις,
2453 4066 2848 4120 ὑποτάττεσθαι
2891 4066 2999 4118 δεῖν
3040 4067 3185 4135 ὴμᾶς
3229 4064 3332 4134 ἔφη
3360 4063 3437 4130 τῷ
3464 4060 3599 4130 Θεῷ.
3631 4062 3775 4129 Φησὶ
3809 4060 3862 4111 δὲ

2293 4159 2560 4226 Χριστόςο
2599 4177 2616 4208 ι
2649 4159 2850 4227 Ἀρατε
2896 4156 2988 4208 τὸν
3022 4154 3185 4223 ζυγόν
3237 4173 3337 4225 μου
3369 4154 3452 4221 ἐφ’
3477 4153 3644 4220 ὑμᾶς.
3674 4170 3693 4200 ι
3730 4150 3862 4202 Ὅτε

2293 4247 2471 4298 τοίνυν
2509 4248 2559 4298 οἱ
2598 4246 2688 4298 τὸν
2721 4245 2884 4312 ζυγὸν
2923 4246 3167 4317 αἴροντες
3213 4246 3303 4296 τὸν
3348 4243 3509 4297 αὑτοῦ
3544 4241 3643 4310 οὐχ
3688 4240 3862 4309 ἑτέρῳ

2295 4338 2402 4390 τινὶ
2441 4338 2592 4406 παρὰ
2619 4337 2709 4389 τὸν
2738 4337 2868 4389 Θεὸν
2921 4337 3350 4391 ὑποτάττονται·
3400 4333 3515 4396 πῶς
3544 4332 3646 4384 οὐκ
3679 4331 3744 4384 ἂν
3775 4330 3862 4397 εἴη

2234 4426 2277 4479 Ι)
2305 4428 2432 4489 Θεός
2454 4445 2468 4492 ;

2489 4537 2584 4590 Ἐκ
2621 4536 2729 4605 τῆς
2760 4536 2985 4604 Πέτρου
3029 4535 3393 4603 Ἐπιστολῆς
3427 4533 3686 4601 πρώτης.

2381 4668 2399 4700 ι
2430 4649 2630 4718 Πέτρος
2662 4647 2956 4710 ἀπόστολος
2993 4647 3166 4717 Ἰησοῦ
3183 4646 3442 4718 Χριστοῦ,
3474 4644 3700 4714 κλητοῖς
3731 4660 3868 4711 παρ.

2304 4739 2587 4807 επιδήμοις
2628 4737 2924 4807 διασπορᾶς
2959 4737 3185 4802 Πόντου,
3241 4735 3528 4796 Γαλατίας,
3561 4731 3862 4784 Καππαδο-

2304 4828 2446 4890 κίας,
2488 4828 2688 4892 Ἄσίας,
2734 4828 2827 4881 καὶ
2860 4828 3143 4890 Βιθυνίας,
3190 4827 3332 4880 κατά
3381 4825 3692 4894 πρόγνωσιν
3733 4820 3862 4874 Θεοῦ

2304 4919 2515 4988 Πατρὸς
2555 4920 2612 4970 ὲν
2651 4919 2908 4989 ἁγιασμῷ
2960 4919 3308 4987 Πνεύματος,
3355 4919 3433 4979 είς
3486 4915 3737 4984 ὑπακοὴν
3774 4914 3864 4966 καὶ

2306 5009 2597 5078 ῥαντισμὸν
2640 5010 2868 5079 αἵματος
2909 5010 3083 5078 Ἰησοῦ
3114 5007 3350 5078 Χριστοῦ
3373 5024 3386 5038 ο
3417 5006 3578 5076 χάρις
3610 5005 3744 5073 ὑμῖν
3775 5003 3866 5054 καὶ

2304 5099 2492 5168 εἰρήνη
2525 5098 2906 5169 πληθυνθείη.»
2944 5099 3076 5152 Ἰδοὺ
3101 5099 3244 5154 κατά
3272 5098 3577 5168 πρόγνωσιν
3605 5093 3743 5147 Θεοῦ
3776 5093 3865 5146 καὶ

2421 5272 2466 5303 ⁷⁸
2493 5271 2606 5326 Jac.
2645 5289 2683 5338 ι,
2718 5272 2802 5338 l6,
2830 5273 2974 5327 l7."
3002 5273 3114 5329 Jac.
3143 5289 3214 5339 tv,
3238 5274 3290 5328 7.
3367 5273 3412 5304 ⁷⁸
3451 5271 3646 5327 Matth.
3680 5270 3862 5338 xt,29.

1716 5498 1884 5554 Variae
1912 5499 2168 5554 lectiones
2211 5497 2415 5554 codicis
2445 5496 2803 5566 Seguieriaui.

718 5637 747 5678 γ
787 5627 1142 5691 καὶδικαίως.
1223 5636 1243 5662 ²
1274 5626 1347 5696 τῷ
1379 5627 1582 5698 Κυρίῳ.
