4056 6334
141 428 280 483 ηὔῖ

1237 423 1321 475 DE
1361 421 1581 478 RECTA
1627 418 1780 476 FIDE
1821 423 1908 477 All
1952 421 2265 477 RI’IGINAS.

3222 417 3390 480 .1258

142 540 354 611 Ματρὸς
383 540 680 593 ἀπόστολον
708 540 893 591 ἑαυτὸν
921 538 1167 607 ὠνόμασε
1198 537 1287 588 τοῦ
1318 536 1552 607 Χριστοῦ
1574 554 1586 565 ·
1620 538 1710 587 καί

1828 536 2125 599 scientiam,
2157 534 2279 588 .lesu
2304 533 2502 589 Christi
2536 536 2832 601 apostolum
2868 548 2925 588 se
2966 533 3245 599 nominat;
3284 536 3394 587 sui-

139 638 239 704 τῆς
290 634 591 702 ἀποστολῆς
639 633 727 685 τὸν
776 634 977 703 τρόπον
1038 634 1170 702 ἡμῖν
1221 630 1616 701 ἐξηγούμενος,
1656 630 1713 679 ὲν

139 727 403 796 ἁγιασμῷ
436 728 773 796 [Ινεύματος.
802 730 878 789 είς
909 727 1154 796 ὑπακοὴν
1185 727 1278 779 καὶ
1307 727 1600 797 ῥαντισμὸν
1634 723 1715 775 αῖ-

146 837 317 886 ματος
354 820 524 889 Ἰησοῦ
558 819 792 890 Χριστοῦ
828 819 1145 889 πεπρᾶχθαί
1177 836 1338 887 φησιν
1370 818 1555 888 αὐτήν.
1586 818 1713 869 Ὅτε

143 911 326 964 τοίνυν
356 913 404 964 οἱ
440 913 784 974 πιστεύοντες
818 915 895 974 είς
946 912 1130 973 αὐτὸν,
1181 910 1518 980 ἀγιαζόμεθα
1565 910 1716 979 παρά

142 1000 240 1053 τοῦ
276 1001 607 1068 Πνεύματος,
638 1003 875 1071 ραντίξει
902 1002 957 1054 δὲ
987 1004 1136 1072 ἡμᾶς
1165 1002 1260 1054 καὶ
1291 1000 1370 1071 τῷ
1399 1001 1590 1070 αἵματι
1622 1000 1717 1052 αύ-

145 1090 241 1144 τοῦ
284 1093 418 1161 πρὸς
447 1094 855 1162 ἀποκάθαρσιν’
890 1093 1006 1157 πῶς
1043 1096 1143 1146 οὐκ
1176 1093 1240 1145 ἂν
1279 1096 1448 1145 νοοῖτο
1487 1093 1649 1154 Θεὸς,
1689 1093 1717 1143 6

147 1185 393 1251 ἁγιάζων
444 1185 541 1253 μὶν
588 1185 699 1254 ἰδίῳ
748 1186 1046 1254 Πνεύματι,
1082 1182 1390 1253 καθαρίζων
1419 1184 1473 1237 δὲ
1511 1185 1604 1236 κα¹ι
1641 1182 1718 1252 τῷ

147 1273 343 1342 αἵματι
381 1275 505 1335 τοὺς
535 1274 918 1337 πιστεύονταςς
954 1274 1084 1337 Θεὸς
1117 1275 1222 1343 γὰρ
1247 1272 1314 1344 ἦν
1340 1276 1397 1327 ἐν
1430 1275 1611 1345 σαρκί.

224 1475 243 1506 ι
277 1455 576 1526 Εὐλογητὸς
606 1458 633 1507 6
664 1454 793 1517 Θεὸς
825 1456 916 1507 καὶ
955 1454 1142 1525 Πατὴρ
1188 1454 1283 1506 τοῦ
1324 1454 1528 1525 Κυρίου
1564 1455 1719 1525 ἡμῶν

162 1549 338 1617 Ἰησοῦ
392 1546 650 1619 Χριστοῦ,
680 1549 707 1600 6
745 1546 886 1599 κατά
923 1548 983 1598 τὸ
1019 1548 1153 1599 πολὺ
1190 1546 1353 1599 αὑτοῦ
1396 1548 1543 1609 ἔλεος
1592 1548 1721 1601 ἀνα-

148 1639 421 1707 γεννήσας
463 1638 613 1706 ὴμᾶς
656 1638 736 1699 εἰς
774 1635 963 1687 ἐλπίδα
1019 1635 1165 1705 ζωῆς
1192 1648 1217 1676 ι
1263 1636 1330 1689 δι’
1374 1635 1722 1698 ἀναστάσεως

163 1730 342 1796 Ἰησοῦ
371 1728 605 1799 Χριστοῦ
637 1731 699 1781 ἐκ
732 1728 960 1799 νεκρῶν,
992 1729 1070 1789 είς
1105 1728 1472 1797 κληρονομίαν
1507 1727 1721 1797 ἀφθαρ-

149 1838 265 1882 τον,
301 1821 391 1873 καὶ
418 1820 701 1888 ἀμίαντον,
742 1820 837 1904 διαὶ
869 1819 1200 1889 ἀμάραντον,
1254 1820 1629 1889 τετηρημένην
1668 1821 1724 1871 ὲν

1817 641 1923 693 que
1994 628 2323 696 apostolatus
2390 628 2648 683 rationem
2701 629 3031 692 eilisserens,
3102 627 3274 696 ipsum
3340 627 3390 679 in

1819 717 2049 784 Spiritus
2096 718 2596 783 sanctllicationem,
2637 720 2689 773 in
2722 718 3107 783 obedientiam,
3162 717 3217 770 in
3263 731 3390 770 sau-

1818 809 1993 873 guinis
2020 807 2141 863 Jesu
2169 809 2366 863 Christi
2400 812 2760 880 aspersionem
2796 819 3073 879 peractum
3103 824 3224 864 esse
3254 822 3394 877 prae-

1817 901 1977 954 dicat.
2012 900 2145 955 Cum
2183 903 2343 972 igitur
2364 905 2451 972 qui
2477 906 2526 957 in
2560 905 2732 971 ipsum
2764 904 3051 969 credimus,
3090 901 3397 957 sanctiﬁca-

1820 994 1978 1048 tionis
2026 993 2283 1064 Spiritum
2343 1011 2737 1065 consequamur
2787 998 3057 1067 (aspergit
3105 996 3248 1049 cnim
3297 1010 3397 1049 suo

1820 1101 1918 1139 nos
1964 1088 2223 1155 sanguine
2252 1090 2317 1142 ad
2344 1090 2813 1159 emundationem)
2840 1130 2854 1153 ,
2894 1104 2995 1157 qua
3045 1089 3256 1142 tandem
3302 1101 3388 1141 ra-

1822 1177 1966 1231 tione
1994 1180 2040 1231 is
2068 1178 2207 1233 Deus
2241 1180 2423 1234 haberi
2464 1198 2566 1235 non
2599 1182 2776 1250 debet,
2820 1182 2907 1249 qui
2937 1181 3158 1251 proprio
3190 1179 3395 1249 Spiritu

1821 1269 2141 1335 sanctificat,
2202 1286 2403 1339 suoque
2455 1274 2715 1343 sanguine
2774 1274 3055 1327 credentes
3108 1273 3159 1326 iu
3217 1272 3394 1341 ipsum

1820 1360 2117 1413 etnuudat?
2157 1369 2273 1413 erat
2302 1362 2445 1415 enim
2482 1361 2619 1415 Deus
2648 1362 2699 1414 in
2741 1376 2924 1416 carne.

1901 1468 1918 1501 ι
1971 1448 2288 1505 Benedictus
2338 1453 2476 1507 Deus
2517 1452 2750 1507 etPater
2810 1452 3016 1507 Domini
3058 1450 3222 1505 nostri
3273 1447 3395 1503 Iesu

1820 1541 2042 1605 Christi,
2065 1542 2153 1609 qui
2182 1544 2476 1598 εοοιιηιιιιιιι
2510 1545 2937 1599 misericordiam
2964 1541 3117 1597 s'uam
3146 1557 3394 1611 magnam

1825 1634 2160 1702 regeneravit
2192 1650 2287 1689 nos
2318 1635 2370 1688 in
2401 1650 2549 1704 spem
2593 1637 2768 1688 vivam
2806 1650 2900 1705 per
2942 1634 3395 1690 resurrectionem

1822 1724 1946 1780 Jesu
1981 1724 2179 1780 Christi
2210 1743 2272 1780 ex
2307 1730 2552 1789 mortuis,
2589 1728 2692 1797 77
2729 1730 2781 1781 in
2821 1728 3186 1782 hazreditatem
3221 1725 3399 1779 incor-

1826 1817 2152 1885 ruptibilem,
2184 1827 2237 1870 et
2262 1818 2762 1882 iucontaminatam,
2788 1830 2841 1873 et
2863 1817 3395 1877 iunnarcescibilem.

150 1915 419 1983 οὐρανοῖς.
450 1934 468 1962 ν
509 1913 570 1964 El
613 1912 742 1975 Θεὸς
770 1896 914 1980 ημᾶς
947 1913 1235 1981 ἐγέννησεν
1275 1914 1355 1973 είς
1394 1911 1583 1964 ἐλπίδα
1615 1910 1720 1973 ζῶε

1828 1918 2193 1961 t'ouscrvatatn
2228 1910 2278 1961 in
2314 1910 2463 1964 οωιῑς
2500 1911 2566 1963 ⁷⁸.
2617 1930 2635 1959 ι
2697 1909 2750 1963 Si
2795 1910 2934 1964 Deus
2980 1925 3076 1964 nos
3115 1907 3299 1977 genuit
3344 1906 3396 1958 in

155 2022 255 2056 σαν
289 2004 383 2056 καὶ
423 2003 711 2072 μένουσαν,
753 2003 1000 2073 πέπραχε
1033 2003 1089 2056 δὲ
1126 2002 1283 2054 τοῦτο
1316 2002 1401 2054 διὰ
1444 2002 1542 2071 τῆς
1587 2002 1721 2064 ιδίας

151 2099 217 2146 ὲκ
247 2095 455 2164 νεκρῶν
489 2095 836 2157 ἀναστάσεως
879 2097 906 2148 6
940 2094 1170 2165 Χριστός
1192 2110 1206 2124 ·
1250 2093 1365 2154 πῶς
1396 2093 1494 2145 οὐκ
1534 2094 1598 2145 ἂν
1639 2093 1722 2161 εἴη

149 2186 283 2248 Θεός
305 2202 317 2244 ς

235 2296 253 2328 ι
289 2277 420 2347 Περὶ
455 2272 523 2350 ἧς
578 2276 848 2347 σωτηρίας
900 2277 1251 2347 ἐξεζήτησαν,
1288 2277 1456 2345 φησὶ,
1508 2274 1600 2328 καὶ
1640 2274 1725 2340 ἐξ·

152 2369 465 2439 ηρεύνησαν
513 2369 808 2438 προφῆται.
843 2370 892 2421 οἱ
931 2370 1058 2438 περὶ
1088 2368 1187 2438 τῆς
1219 2369 1297 2431 είς
1327 2369 1471 2439 ἡμᾶς
1505 2368 1726 2437 χάριτος

155 2458 662 2530 προφητεύσαντες
699 2457 1025 2527 ἐρευνῶντες
1059 2459 1139 2520 είς
1172 2457 1321 2521 τίνα,
1372 2457 1403 2527 ἢ
1434 2460 1582 2509 ποῖον
1609 2474 1727 2509 και-

154 2550 253 2619 ρὸν
284 2549 467 2618 ἐδήλου
498 2548 557 2599 τὸ
584 2550 640 2600 ὲν
673 2549 855 2609 αὐτοῖς
888 2547 1111 2616 Πνεῦμα
1141 2547 1397 2617 Χριστοῦ.
1428 2566 1445 2598 ι
1486 2547 1615 2600 Ἰδοὺ
1661 2545 1726 2613 δὴ

151 2641 322 2693 πάλιν
356 2641 412 2691 ὲν
442 2638 649 2700 τούτοις
678 2637 916 2709 Χριστοῦ
958 2638 1018 2690 τὸ
1050 2638 1201 2705 ἅγιον
1239 2638 1452 2709 εἴρηται
1480 2637 1725 2706 Πνεῦμα,

149 2732 337 2784 καίτοι
387 2729 520 2785 Θεοῦ
550 2730 677 2782 δνὶ».
717 2729 849 2791 Θεὸς
897 2725 989 2782 οῦν
1034 2731 1143 2797 ἀρα
1192 2730 1446 2801 Χριστὸς,
1475 2730 1549 2793 ὡς
1591 2730 1723 2783 [διον

149 2826 294 2893 ἔχων
324 2822 383 2876 τὸ
411 2821 634 2892 Πνεῦμα
658 2823 717 2874 τὸ
745 2822 915 2889 ἆγιον.

452 2935 545 2986 Ἐκ
576 2932 685 3001 τῆς
722 2932 943 3000 Πέτρου
992 2932 1343 3000 Ἐπιστολῆς
1368 2934 1447 2996 β’.

230 3066 248 3097 ι
292 3046 567 3113 Ἐγένοντο
599 3046 653 3098 δὲ
675 3044 769 3097 καὶ
790 3043 1253 3115 ψευδοπροφῆται,
1286 3044 1360 3107 ὠς
1387 3045 1481 3096 καὶ
1516 3046 1573 3096 ὲν
1599 3044 1726 3113 ύμῖν

151 3138 375 3192 εσονται
403 3135 905 3205 ψευδοδιδάσκαλοι,
942 3134 1135 3196 οἵτινες
1173 3134 1594 3205 παρεισάξουσιν
1645 3135 1729 3186 αί-

1824 2012 1970 2066 spem
2008 2001 2180 2053 vivam
2228 2010 2278 2053 ct
2313 2000 2581 2062 stabilem,
2642 2000 2927 2065 effecitque
2968 1999 3069 2051 hoc
3105 1998 3276 2066 ipsum
3313 1993 3401 2049 Je-

1826 2102 1915 2139 sus
1939 2086 2184 2141 Christus
2210 2103 2305 2154 per
2356 2104 2508 2143 suam
2531 2104 2595 2143 ex
2636 2089 2859 2143 tuortuis
2902 2087 3348 2143 resurrectionem
3385 2104 3397 2138 :

1827 2178 1915 2245 qui
1943 2180 2052 2231 ﬁeri
2090 2188 2271 2248 queat,
2306 2189 2362 2232 ut
2401 2181 2542 2235 Deus
2572 2196 2675 2234 non
2711 2181 2818 2234 sit?

1901 2287 1918 2318 ι
1955 2270 2027 2322 De
2056 2285 2160 2337 qua
2191 2270 2424 2339 (inquit)
2451 2271 2624 2326 salute
2651 2270 3058 2338 exquisiverunt
3089 2281 3141 2323 et
3169 2269 3399 2322 scrutati

1828 2372 1947 2413 sunt
2004 2363 2412 2432 prophetm,qui
2445 2364 2510 2417 de
2550 2363 2725 2415 futura
2770 2364 2820 2415 in
2860 2364 3011 2416 nobis
3068 2365 3235 2432 gratia
3276 2377 3401 2431 pro-

1831 2455 2214 2521 phetaverunt,
2261 2464 2564 2510 scrutantes
2597 2457 2649 2508 in
2711 2456 2852 2524 quod
2889 2456 2969 2510 vel
3002 2457 3159 2521 quale
3193 2465 3405 2524 tempus

1829 2545 2161 2610 signiﬁcaret
2192 2548 2242 2599 in
2272 2549 2350 2602 eis
2384 2546 2615 2618 Spiritus
2642 2548 2842 2602 Christi
2876 2549 2940 2600 τ’.
2976 2567 2993 2599 ι
3062 2548 3135 2601 En
3162 2547 3251 2601 hic
3282 2563 3399 2600 rur-

1832 2652 1948 2692 sum
1998 2637 2227 2708 Spiritus
2274 2649 2492 2695 sanctus
2542 2644 2631 2712 qui
2686 2642 2775 2697 Dei
2813 2650 2913 2706 est,
2972 2642 3165 2697 dicitur
3198 2639 3394 2694 Christi

1831 2749 1969 2789 esse.
2032 2736 2169 2789 Deus
2199 2734 2359 2803 igitur
2382 2745 2482 2798 est,
2511 2746 2565 2791 ut
2595 2737 2683 2804 qui
2737 2740 3007 2808 proprium
3044 2734 3203 2793 habet
3233 2732 3401 2809 Spiri-

1834 2835 1944 2878 tum
1980 2836 2243 2879 sanctum.

2198 2936 2284 2989 Ex
2311 2938 2589 3005 posteriori
2618 2938 2854 3009 Epistola
2882 2943 3050 2998 Petri.

1907 3068 1924 3099 ι
1968 3049 2203 3106 Fuerunt
2249 3060 2423 3104 autem
2457 3061 2508 3106 et
2543 3055 3023 3125 pseudoprOphetae
3074 3060 3126 3115 in
3177 3066 3397 3132 pepulo,

1833 3140 1972 3193 sicut
2002 3152 2052 3195 et
2080 3141 2130 3194 in
2162 3141 2309 3195 vobis
2350 3154 2508 3196 erunt
2556 3146 2797 3215 magistri
2848 3152 3152 3219 mendaces,
3190 3158 3279 3224 qui
3313 3159 3398 3212 in-

154 3231 340 3300 ρέσεις
371 3228 661 3291 ἀπωλείας,
688 3227 782 3281 καὶ
810 3228 899 3279 τὸν
933 3228 1279 3298 ἀγοράσαντα
1312 3228 1506 3289 αὐτοὺς
1534 3225 1724 3278 Δεσπό-

1835 3235 2115 3288 troduceut
2162 3244 2339 3288 sectas
2383 3237 2730 3305 perditionis,
2761 3250 2814 3294 et
2843 3256 2963 3296 eum
3008 3247 3097 3314 qui
3128 3250 3255 3302 emit
3286 3267 3403 3316 eos.

151 3339 257 3391 την
285 3321 622 3390 ἀρνούμενοι.
651 3319 1031 3388 Ἠγοράσμεθα
1053 3320 1158 3388 γὰρ
1180 3319 1363 3388 τιμῆς,
1385 3318 1445 3370 ού
1467 3318 1725 3386 φθαρτοῖς

152 3412 409 3481 ἀργυρίῳ
448 3411 480 3479 ἢ
515 3409 740 3479 χρυσίῳ,
775 3410 907 3462 ἁλλά
938 3409 1013 3478 τῷ
1046 3410 1212 3479 τιμίῳ
1241 3410 1430 3479 αἵματι
1462 3407 1555 3461 τοῦ
1597 3409 1731 3477 Χρι-

156 3502 313 3556 στοῦ.
344 3521 360 3552 ι
407 3503 602 3572 Ἐσμὲν
640 3496 730 3553 οὖν
760 3502 867 3571 ἄρα
898 3501 991 3554 τοῦ
1026 3501 1357 3570 πριαμένου,
1395 3502 1570 3553 καίτοι
1614 3501 1731 3571 Θεῷ

151 3589 502 3652 δουλεύοντες
538 3589 701 3653 ζῶντι
727 3591 819 3642 κα)⁵
850 3589 1105 3659 ἀληθινῷ.
1142 3585 1275 3642 Εἶτα
1304 3591 1421 3652 πῶς
1457 3591 1514 3643 οὐ
1544 3590 1675 3652 Θεὸς
1703 3591 1729 3641 ὁ

153 3682 417 3752 Χριστὸς.
447 3680 504 3733 ὸν
538 3680 630 3733 καὶ
660 3680 934 3747 Δεσπότην
968 3679 1421 3750 ἐπεγραψάμεθα,
1453 3678 1633 3742 ζῶντά
1672 3696 1729 3731 τε

152 3772 385 3843 οἴδαμεν
412 3771 505 3825 καὶ
532 3770 785 3843 ἀληθινόν
811 3790 823 3835 ς

334 3997 427 4050 Ἐκ
467 3998 574 4064 τῆς
616 3998 886 4051 Ἰωάννου
931 3997 1292 4064 Ἐπιστολῆς
1327 3998 1579 4065 πρώτης.

242 4133 262 4165 ι
294 4113 404 4166 Καὶ
446 4112 686 4179 οἴδαμεν,
717 4112 796 4164 ὅτι
824 4111 851 4163 6
886 4110 1012 4174 Υἱὸς
1048 4111 1139 4163 τοῦ
1170 4111 1303 4163 Θεοῦ
1339 4113 1483 4180 ἥκει,
1518 4114 1611 4165 καὶ
1648 4113 1733 4164 δέο

154 4204 337 4256 δωχεν
367 4204 497 4270 ἡμῖν
529 4201 782 4261 διάνοιαν,
812 4201 896 4253 ἴνα
933 4200 1289 4267 γινώσκωμεν
1320 4201 1411 4253 τὸν
1449 4202 1608 4269 μόνον
1639 4202 1731 4255 καὶ

155 4292 419 4364 ἀληθινὸν
449 4291 608 4344 Θεόψ
642 4291 735 4343 καὶ
767 4292 936 4359 ἐσμὲν
962 4294 1015 4343 ἐν
1042 4291 1117 4359 τῷ
1146 4291 1403 4361 ἀληθινῷ,
1433 4294 1489 4344 ὲν
1514 4292 1589 4361 τῷ
1616 4292 1732 4363 Υἱῷ

156 4384 333 4440 αὑτοῦ
369 4381 545 4453 Ἰησοῦ
578 4381 818 4453 Χριστῷ.
850 4377 1018 4445 οὗτός
1050 4386 1195 4435 ἐστιν
1226 4386 1252 4436 6
1287 4384 1537 4453 ἀληθινὸς
1577 4385 1728 4450 Θεὸς,

158 4475 256 4527 καὶ
287 4470 399 4541 (et;
435 4469 670 4531 αἰώνιος.
701 4489 719 4521 ι
764 4469 970 4537 Ἰησοῦς
1002 4471 1254 4540 Χριστὸς,
1297 4472 1356 4522 ού
1392 4473 1595 4541 γυμνὸς
1638 4476 1730 4527 καὶ

1836 3326 2115 3378 Dominmn
2172 3335 2366 3394 negant
2399 3326 2463 3381 ⁸ο.
2537 3327 2690 3382 Haud
2753 3332 2895 3385 enim
2927 3335 3104 3403 aliquo
3131 3348 3402 3410 corrupti-

1833 3417 1921 3470 bili
1974 3418 2165 3485 pretio,
2203 3434 2334 3471 auro
2365 3420 2444 3473 vel
2490 3432 2713 3487 argento
2761 3426 3019 3495 redempti
3060 3446 3265 3498 sumus,
3306 3442 3402 3491 sed

1831 3508 2065 3577 pretioso
2095 3509 2292 3563 Christi
2338 3512 2594 3577 sanguine
2622 3513 2689 3567 ⁸¹.
2738 3532 2754 3565 ι
2818 3515 2996 3581 Quare
3052 3538 3237 3577 sumus
3284 3528 3401 3595 ejus

1831 3600 1920 3667 qui
1964 3600 2187 3653 redemit
2223 3614 2339 3662 nos,
2370 3611 2419 3653 el
2454 3602 2667 3669 quidem
2716 3605 2823 3659 Deo
2864 3608 2987 3663 vivo
3022 3620 3075 3665 et
3108 3629 3237 3669 vero
3280 3631 3396 3671 ser-

1834 3691 2060 3744 vientes.
2092 3690 2224 3744 Cum
2249 3690 2465 3746 Christo
2494 3696 2654 3763 igitur
2686 3698 2891 3752 Domini
2920 3702 3126 3756 titulum
3161 3708 3403 3778 assigne-

1839 3795 1979 3843 mus,
2011 3780 2291 3849 ipsumque
2329 3783 2502 3836 vivum
2539 3794 2592 3838 et
2626 3802 2808 3842 verum
2845 3789 3125 3848 Dominum
3151 3811 3271 3853 esse
3296 3815 3401 3855 non

1837 3871 2162 3939 ignoremus,
2194 3889 2289 3927 cur
2314 3873 2480 3928 Deum
2515 3891 2634 3931 esse
2675 3878 2881 3935 inﬁcias
2907 3884 3143 3941 ibimus?

2213 4008 2298 4061 Ex
2326 4009 2562 4075 Epistola
2587 4015 2757 4080 prima
2789 4016 3029 4072 Joannis.

1919 4140 1936 4171 ι
1979 4120 2045 4175 Et
2071 4122 2293 4185 scimus,
2341 4126 2592 4187 quoniam
2640 4125 2807 4182 Filius
2840 4130 2929 4184 Dei
2972 4134 3137 4199 venit,
3170 4147 3223 4190 et
3257 4140 3404 4194 dedit

1833 4211 1987 4266 nobis
2017 4228 2252 4277 sensum,
2285 4221 2341 4265 ut
2373 4229 2767 4281 cognoscamus
2805 4235 2991 4275 verum
3025 4223 3215 4291 Deum,
3244 4239 3299 4283 et
3329 4232 3402 4285 si-

1835 4320 1951 4360 mus
1977 4305 2028 4359 in
2063 4321 2189 4361 vero
2212 4304 2349 4360 Filio
2376 4309 2510 4375 ejus.
2564 4309 2662 4364 llic
2697 4322 2781 4365 est
2807 4329 2966 4369 verus
3005 4318 3163 4386 Deus,
3198 4332 3252 4375 et
3290 4325 3400 4378 vita

1832 4407 2029 4450 azterna
2060 4395 2128 4452 ⁸⁹.
2164 4416 2183 4449 ι
2243 4399 2331 4452 Dei
2387 4400 2562 4453 Patris
2606 4401 2863 4469 Verbum,
2903 4418 3061 4474 prout
3102 4416 3397 4471 secundum

1833 4500 1891 4538 se
1923 4485 2085 4547 nude.
2118 4497 2170 4540 et
2195 4496 2342 4540 extra
2384 4504 2599 4542 carnem
2652 4491 3047 4560 consideratur,
3077 4514 3178 4553 non
3215 4504 3399 4569 appel—

157 4561 292 4615 καθ’
322 4560 512 4613 ἑαυτὸν
540 4562 633 4611 καὶ
675 4559 781 4623 ἔξω
815 4562 1033 4628 σαρκὸς,
1065 4562 1091 4611 6
1123 4563 1185 4612 ἐκ
1219 4560 1309 4613 τοῦ
1345 4561 1477 4613 Θεοῦ
1519 4563 1724 4633 [ἰατρὸς

1836 4575 1979 4629 latur
2034 4574 2190 4631 Jesus
2234 4576 2523 4633 Christus:
2556 4578 2757 4635 Christi
2808 4594 2983 4638 autem
3025 4586 3147 4642 Jesu
3206 4559 3397 4645 nomen

157 4656 367 4707 νοεῖται
398 4651 563 4717 Λόγος
587 4669 599 4682 ’
632 4651 746 4704 ἀλλ’
768 4653 856 4703 ὅτε
894 4651 1115 4718 γέγονεν
1153 4651 1454 4719 ἄνθρωπος,
1487 4654 1605 4704 τότε
1634 4655 1729 4706 καὶ

156 4745 477 4813 ὠνόμασται
506 4744 732 4812 Χριστὸς
773 4742 995 4813 Ἰησοῦς.
1024 4745 1151 4795 Ὅτε
1182 4746 1358 4795 τοίνυν
1390 4744 1550 4806 αὐτός
1581 4746 1728 4797 ἐστιν

156 4834 420 4902 ἀληθινὸς
452 4833 604 4896 Θεὸς,
637 4836 730 4886 καὶ
762 4835 872 4903 ζωὴ
900 4834 1137 4898 αἰώνιος,
1172 4835 1252 4897 τίς
1283 4836 1388 4887 τῶν
1416 4838 1576 4907 ἔτερα
1604 4857 1733 4907 φρο-

158 4924 401 4976 νούντων
430 4921 674 4985 ἀνέξεται
696 4940 709 4986 ;

516 5035 609 5087 Ἐκ
643 5033 752 5101 τῆς
793 5035 979 5088 Ἰούδα
1032 5035 1409 5105 Ἐπιστολῆς.

246 5168 265 5197 α
304 5147 489 5200 Πᾶσαν
540 5146 770 5215 σπουδὴν
829 5147 1146 5215 ποιούμενος
1190 5148 1282 5201 τοῦ
1333 5150 1563 5219 γράφειν
1603 5151 1728 5220 ύμῖν

157 5239 296 5307 περὶ
340 5236 440 5307 τῆς
490 5235 674 5305 κοινῆς
722 5237 872 5307 ὑμῶν
925 5239 1225 5309 σωτηρίας,
1278 5241 1520 5308 ἀνάγκην
1574 5241 1727 5312 ἔσχον

154 5327 375 5397 γράψαι
421 5327 566 5397 ὑμῖν,
611 5329 941 5397 παρακαλῶν
992 5330 1420 5396 ἐπαγωνίζεσθαι
1475 5334 1537 5401 τῇ
1584 5334 1727 5398 ἅπαξ

237 5502 288 5532 ⁷⁸
323 5502 449 5555 ibid.
493 5501 545 5566 5,
573 5501 624 5554 ι.
702 5504 746 5532 ⁷⁸
772 5501 900 5555 ibid.
930 5504 1015 5568 10,
1048 5506 1129 5557 Η.
1209 5506 1252 5534 "°
1282 5506 1320 5557 ΙΙ
1356 5506 1495 5561 l‘ctr.
1527 5524 1584 5571 tt,
1622 5512 1665 5562 l.

1747 5510 1785 5541 θ’
1815 5514 1833 5564 l
1867 5512 2008 5567 Petr.
2046 5532 2080 5578 ι,
2121 5518 2203 5571 18.

1836 4676 1963 4722 tunc
2004 4669 2213 4722 demum
2261 4669 2505 4723 sortitum
2538 4680 2640 4731 est,
2675 4689 2796 4725 cum
2840 4675 3000 4727 homo
3042 4678 3239 4733 factum
3297 4696 3397 4738 est.

1838 4758 1970 4813 Cum
2003 4760 2117 4828 ipse
2143 4760 2302 4828 igitur
2330 4776 2485 4814 verus
2516 4762 2583 4815 sit
2606 4763 2769 4827 Deus,
2808 4776 2860 4820 et
2890 4769 2993 4820 vita
3037 4780 3256 4835 :cterna,
3281 4777 3401 4843 quis

1832 4864 1988 4904 secus
2015 4851 2249 4905 sentiens
2273 4852 2409 4905 ferre
2440 4855 2639 4920 queat?

2364 5048 2443 5101 Ex
2463 5048 2698 5111 Epistola
2729 5056 2904 5110 Judaz.

1911 5182 1927 5212 ι
1965 5162 2187 5216 Omnem
2224 5165 2636 5223 sollicitudinem
2687 5172 2889 5227 faciens
2938 5178 3208 5235 scribendi
3248 5184 3399 5239 vobis

1839 5252 1901 5301 de
1944 5254 2210 5305 communi
2245 5266 2420 5307 vestra
2472 5259 2663 5323 salute,
2694 5276 2915 5319 necesse
2953 5267 3112 5323 habui
3162 5273 3404 5329 scribere

1838 5343 2005 5405 vobis,
2057 5344 2351 5412 deprecans
2397 5349 2503 5417 78
2557 5365 2931 5419 supercertare
2974 5361 3136 5415 semel
3186 5365 3394 5419 tradita:

2283 5520 2325 5550 ”
2353 5518 2366 5570 l
2399 5518 2553 5577 Jnan.
2587 5541 2636 5589 ι’,
2664 5526 2753 5581 ‘20.

1235 5658 1405 5715 Varia:
1430 5661 1686 5718 lectiones
1716 5666 1913 5721 codicis
1951 5666 2301 5736 Seguieriani.

242 5827 269 5854 ι
301 5814 365 5879 ζῧ
381 5832 499 5869 σαν.
578 5815 604 5855 δ
637 5815 805 5867 Θεῑσν.

454 5910 701 5969 Parnm.
754 5909 872 5969 Gr.
917 5910 1188 5973 LXXVI.

3072 5935 3145 6000 40
