4056 6334
669 406 808 460 1259

1658 405 1713 457 S.
1752 400 2027 458 (I'I'RILLI
2069 399 2533 456 ALEXANDRINI
2572 399 2885 458 AltClllEP.

3764 402 3901 456 1260

662 521 875 574 sanctis
907 520 1045 577 ﬁdei.
1081 522 1521 578 SubintrOierunt
1555 521 1694 576 enim
1739 524 1955 592 quidam
1992 517 2232 576 homines

2338 517 2698 592 παραδοθείσῃ
2732 525 2842 582 τοῖς
2879 519 3051 587 ἁγίοις
3100 520 3301 573 πίστει.
3355 520 3755 592 Παρεισέδυσαν
3795 521 3902 591 γάρ

672 615 790 683 (qui
834 614 960 667 olim
993 616 1286 684 prmscripti
1329 625 1455 669 sunt
1493 615 1548 668 in
1587 616 1689 668 hoc
1729 612 2018 684 judicium)
2062 613 2230 682 impii,

673 705 764 758 Dei
802 707 970 760 nostri
996 707 1223 777 gratiam
1251 706 1635 762 transferentes
1663 708 1714 760 iu
1744 706 2039 768 luxuriam,
2073 715 2127 757 et
2153 718 2233 757 so.

667 796 778 848 lum
813 796 1229 859 Dominatorem,
1247 806 1298 850 et
1319 798 1596 852 Dominum
1620 806 1857 852 nostrum
1879 795 2060 850 Jesum
2085 795 2235 850 Chri-

671 897 809 940 stum
831 888 1160 957 negantes”.
1194 907 1211 940 ι
1235 888 1365 944 Cum
1389 888 2096 943 incarnationisdoctrinam
2123 885 2236 940 uni-

671 994 827 1030 verse
859 980 1226 1045 admittamus,
1263 981 1529 1048 quomodo
1560 981 1650 1047 qui
1681 979 1843 1034 semel
1866 977 2231 1037 crediderunt,

671 1069 953 1121 Dominum
986 1080 1223 1122 nostrum
1243 1067 1424 1123 Jesum
1444 1069 1714 1122 Christum
1739 1081 1933 1136 negare
1953 1064 2235 1119 dicuntur?

669 1163 814 1215 Sane
848 1161 891 1214 si
925 1161 1080 1214 aliurn
1109 1161 1300 1214 Filium
1348 1161 1437 1215 Dei
1469 1161 1643 1215 Patris
1677 1160 1905 1214 Verbum
1940 1172 2059 1212 esse
2082 1158 2231 1211 dile-

672 1254 860 1320 rimus,
887 1254 1046 1306 alium
1073 1268 1256 1306 rursus
1284 1268 1426 1315 eum,
1458 1250 1548 1320 qui
1585 1261 1743 1302 natus
1767 1258 1847 1302 est
1875 1263 1938 1300 ex
1973 1247 2230 1310 muliere;

671 1361 831 1397 unum
888 1344 1168 1398 Dominum
1228 1346 1427 1397 diserte
1481 1343 1803 1396 inficiamur.
1880 1339 2028 1394 Unus
2087 1339 2236 1393 enim

670 1438 928 1491 Dominus
956 1435 1110 1490 Jesus
1144 1435 1418 1497 Christus,
1451 1448 1612 1487 carne
1639 1434 1761 1501 ejus
1798 1433 2090 1488 secundum
2121 1429 2232 1485 dis-

670 1528 1025 1596 pensatoriam
1080 1544 1198 1582 eum
1249 1526 1341 1581 Dei
1408 1525 1581 1580 Patris
1621 1524 1795 1579 Verbo
1849 1523 2121 1589 unionem,
2165 1522 2230 1575 ad

669 1620 886 1673 deitatis
929 1619 1147 1688 gloriam
1184 1629 1390 1672 evecta.
1441 1618 1590 1672 Unus
1619 1616 1843 1686 proinde
1878 1625 1958 1669 est
1980 1615 2231 1669 Christus

668 1721 720 1762 et
768 1709 935 1763 FlllUS
973 1725 985 1760 :
1026 1709 1093 1762 ita
1140 1708 1283 1762 enim
1321 1709 1424 1762 erit
1466 1707 1622 1776 hujus
1666 1707 1900 1762 universi
1947 1703 2227 1760 Dominus.

914 1935 997 1989 Ea:
1026 1932 1308 2003 Evangelia
1337 1934 1619 1987 secundum
1649 1931 1979 1986 Matthwum.

1089 2042 1240 2107 Quod
1269 2041 1508 2097 Christus
1544 2043 1607 2094 sit
1645 2041 1803 2095 Deus.

747 2175 764 2207 ι
802 2155 926 2209 Haec
951 2164 1130 2209 autem
1165 2169 1229 2209 eo
1250 2156 1545 2224 cogitante,
1582 2169 1706 2209 ecce
1757 2152 1977 2222 angelus
2023 2151 2228 2205 Domini

669 2250 912 2317 apparuit
957 2248 1008 2299 in
1045 2247 1247 2301 somnis
1304 2249 1389 2309 ei,
1421 2248 1648 2302 dicens:
1691 2245 1884 2316 Joseph
1937 2245 2009 2299 ﬁli
2043 2243 2230 2306 David,

669 2343 776 2395 noli
810 2342 998 2394 timere
1029 2339 1276 2407 accipere
1302 2337 1522 2391 Mariam
1551 2337 1829 2406 conjugem
1864 2347 2007 2389 tuam
2044 2351 2056 2385 :
2089 2334 2231 2403 quod

669 2435 810 2486 enim
846 2432 896 2484 in
924 2445 985 2483 ea
1017 2438 1194 2483 natum
1226 2437 1328 2491 est,
1359 2430 1423 2484 de
1453 2428 1654 2498 Spiritu
1692 2436 1880 2482 sancto
1920 2435 2020 2480 est.
2054 2425 2231 2479 Pariet

667 2535 845 2577 autem
875 2523 1059 2584 tilium,
1094 2529 1148 2574 et
1171 2521 1390 2575 vocabis
1438 2535 1631 2574 nomen
1683 2518 1798 2587 ejus
1846 2519 2074 2574 Jesum:
2118 2517 2232 2586 ipse

666 2616 809 2668 enim
847 2613 1048 2667 salvum
1081 2611 1242 2666 faciet
1287 2611 1537 2679 populum
1585 2627 1738 2665 suum
1779 2625 1807 2663 a
1859 2610 2092 2679 peccatis
2135 2623 2233 2663 eo-

667 2720 784 2757 rum
818 2705 880 2756 “.
919 2723 935 2754 ι
979 2704 1090 2757 Duo
1131 2703 1288 2756 simul
1336 2704 1436 2755 hoc
1487 2701 1601 2756 loco
1647 2701 1817 2769 ponit,
1860 2716 1979 2769 quae
2020 2702 2070 2753 in
2099 2700 2232 2754 divi-

667 2812 787 2848 nam
828 2806 1029 2848 tantum
1068 2804 1316 2847 naturam
1354 2794 1642 2861 quadrant,
1681 2808 1785 2845 non
1829 2793 1987 2845 etiam
2036 2792 2086 2843 in
2132 2792 2230 2844 hu-

667 2903 902 2939 manum.
946 2886 1154 2939 Asserit
1205 2897 1438 2951 namque
1467 2882 1604 2950 ejus,
1639 2882 1727 2949 qui
1774 2894 1838 2933 ex
1883 2880 2050 2933 Maria
2080 2885 2230 2932 ortus

664 2988 767 3043 est,
800 2994 890 3032 cos
916 2991 1122 3037 omnes,
1155 2975 1242 3040 qui
1278 2973 1502 3027 salutem
1549 2988 1643 3039 per
1675 2973 1848 3040 ipsum
1896 2981 2233 3038 consequun-

671 3082 777 3136 tur,
839 3067 1088 3138 populum
1149 3080 1266 3119 esse
1315 3063 1675 3134 peculiarem;
1731 3072 1838 3114 tum
1883 3069 1936 3114 et
2002 3060 2133 3128 ipsis
2171 3058 2232 3111 il—

671 3165 777 3218 lum
827 3167 1040 3230 peccata
1078 3158 1442 3214 dimissurum.
1470 3155 1626 3222 Atqui
1668 3152 1761 3205 Dei
1793 3161 1916 3204 sunt
1941 3151 2189 3203 universa
2215 3187 2228 3212 ,

668 3215 940 3317 ipsiusque
983 3248 1147 3301 solius
1192 3254 1275 3298 est
1344 3252 1684 3313 peccatorqu
1738 3240 1944 3309 laqueis
1997 3215 2298 3291 irretitusC

666 3343 940 3410 expedire.
971 3338 1020 3392 Is
1057 3339 1240 3407 igitur,
1276 3336 1364 3403 qui
1402 3348 1464 3386 ex
1502 3347 1655 3385 sacra
1686 3331 1908 3400 Virgine
1943 3342 2094 3382 natus
2128 3340 2230 3393 est,

669 3435 809 3485 Deus
842 3441 944 3492 est,
973 3429 1127 3496 cujus
1160 3440 1257 3479 nos
1285 3424 1572 3493 peculiaris
1603 3424 1833 3488 ponulus
1876 3435 2080 3481 sunms,
2113 3419 2234 3486 qui-

669 3537 773 3590 que
814 3536 843 3574 c
872 3528 1214 3587 peccatorum
1263 3514 1491 3569 vinculis
1542 3527 1639 3582 pro
1685 3526 1778 3565 sua
1833 3518 2098 3579 potestate
2136 3523 2233 3562 nos

669 3613 863 3668 exemit
896 3625 956 3664 ac
987 3607 1252 3663 liberavit.

745 3723 760 3754 ι
799 3703 927 3757 Cum
969 3716 1097 3771 ergo
1153 3709 1309 3752 natus
1347 3707 1489 3752 esset
1529 3697 1685 3750 Jesus
1732 3695 1782 3748 in
1831 3693 2096 3748 Bethleem
2139 3692 2233 3746 Ju—

670 3800 794 3851 drere
817 3795 885 3846 ⁸⁵.
917 3814 937 3844 ι
985 3793 1038 3846 lu
1091 3792 1316 3846 Betlcem
1362 3791 1556 3844 JudzL-tc
1595 3801 1750 3841 natus
1781 3796 1878 3850 est,
1937 3800 1998 3838 ex
2035 3785 2230 3838 Jesszra

671 3890 871 3942 rzulicc.
902 3886 1053 3940 Unde
1083 3886 1219 3938 Deus
1244 3892 1296 3935 et
1323 3881 1480 3934 Pater
1522 3894 1616 3947 per
1666 3878 1948 3947 quemdam
1998 3891 2025 3928 e
2064 3875 2232 3928 sacris

671 3979 880 4032 vatibus
920 3979 989 4030 ita
1024 3977 1138 4031 ait:
1173 3993 1191 4026 ι
1240 3958 1308 4029 Et
1339 3982 1390 4027 ttt
1458 3972 1727 4026 Bethleem
1756 3970 1945 4023 domus
1975 3967 2229 4034 Ephrata,

669 4082 1007 4134 nequaquam
1039 4065 1258 4118 minima
1291 4078 1370 4127 es,
1401 4062 1507 4132 79
1538 4071 1594 4114 ut
1625 4061 1698 4114 sis
1732 4059 1781 4113 in
1815 4057 2046 4112 millibus
2072 4054 2228 4109 Juda.

669 4159 746 4211 Ex
799 4167 846 4211 te
892 4158 1033 4210 enim
1087 4156 1394 4226 egredietur
1444 4153 1570 4206 mihi
1625 4153 1715 4220 qui
1775 4161 1924 4220 regat
1979 4149 2230 4220 populum

671 4263 844 4302 meum
890 4249 939 4300 in
965 4247 1130 4300 Israel
1158 4266 1170 4302 :
1203 4256 1256 4300 et
1282 4259 1533 4314 egressus
1566 4243 1680 4310 ejus
1703 4242 1770 4295 ab
1799 4241 1948 4294 initio
1974 4255 2001 4292 a
2043 4239 2230 4292 diebus

665 4338 1070 4394 aeternitatis“.
1114 4356 1130 4389 ι
1181 4337 1458 4403 Quomodo
1516 4331 1823 4386 Betleemita
1876 4329 1962 4383 ille
2027 4330 2095 4383 ab
2137 4329 2234 4382 ini-

669 4434 741 4484 tio
773 4431 948 4484 smculi
979 4445 1246 4500 egressus,
1291 4430 1394 4483 hoc
1430 4435 1514 4480 est
1549 4422 1866 4478 substantia:
1909 4421 2229 4490 principium

667 4525 887 4577 sortitus
928 4522 1143 4584 dicitur,
1202 4534 1323 4574 cum
1377 4530 1553 4572 tamen
1603 4515 1658 4567 in
1700 4512 2007 4567 novissimis
2051 4512 2228 4566 szeculi

670 4615 997 4683 temporibus
1023 4622 1205 4666 natum
1240 4611 1412 4678 ipsum
1453 4621 1574 4661 esse
1612 4602 1857 4659 constet?
1886 4603 2023 4656 Deus
2065 4603 2229 4671 igitur

667 4716 749 4760 est
790 4705 1058 4769 Christus,
1107 4703 1383 4770 ipsiusque
1422 4698 1587 4751 divini
1634 4695 1797 4751 Verbi
1851 4693 2140 4762 antiquitas
2177 4696 2229 4748 in

670 4799 814 4851 illum
841 4797 1107 4851 convenit.
1136 4794 1269 4848 Nam
1301 4793 1443 4846 Deus
1472 4799 1610 4853 erat,
1636 4797 1855 4858 pr0pter
1886 4802 1982 4841 nos
2015 4801 2079 4840 ex
2108 4800 2226 4838 mu-

670 4890 798 4943 licre
828 4891 988 4942 homo
1013 4886 1163 4941 nasci
1192 4886 1463 4956 dignatus.

745 4997 763 5030 ι
805 4979 915 5049 Ego
966 4979 1204 5046 quidem,
1253 4975 1459 5042 inquit,
1506 4971 1724 5040 baptizo
1760 4984 1853 5026 vos
1888 4968 1939 5021 in
1992 4981 2130 5033 aqua
2183 4965 2233 5018 in

671 5069 1059 5138 pcenitentiam.
1093 5066 1191 5133 Qui
1227 5075 1403 5118 autem
1433 5073 1554 5128 post
1581 5078 1665 5116 me
1691 5071 1949 5115 venturus
1990 5069 2094 5120 est,
2124 5056 2233 5111 for-

674 5164 776 5214 tior
806 5175 887 5213 me
909 5169 1012 5222 est,
1035 5159 1188 5226 cujus
1217 5172 1319 5210 non
1348 5171 1463 5208 sum
1489 5155 1681 5222 dignus
1723 5151 2081 5205 calceamenta
2109 5163 2230 5217 por-

673 5265 807 5305 tare.
837 5252 955 5318 Ipse
980 5265 1074 5303 vos
1110 5248 1402 5317 buptizabit
1431 5248 1482 5300 in
1533 5245 1735 5312 Spiritu
1776 5253 1962 5297 sancto
1989 5255 2041 5296 et
2086 5244 2225 5312 igne.

671 5344 835 5414 Cujus
877 5341 1228 5395 ventilabrum
1285 5342 1337 5393 in
1387 5354 1544 5392 manu
1603 5353 1721 5400 sua,
1773 5345 1827 5388 et
1859 5331 2231 5404 permuntlabit

671 5449 852 5490 aream
895 5433 1138 5488 suam".
1188 5449 1207 5483 ι
1259 5431 1686 5501 Haudquaquam
1740 5431 1989 5484 humana:
2028 5437 2229 5482 natura:

671 5543 803 5597 opus
824 5535 905 5581 cst
933 5526 985 5579 in
1013 5525 1219 5594 Spiritu
1244 5533 1433 5579 sancto
1465 5523 1775 5593 baptizare:
1810 5522 1900 5576 sed
1930 5535 2100 5588 neque
2127 5521 2229 5590 spi-

673 5618 878 5672 ritalem
914 5632 1125 5686 quoque
1155 5631 1357 5680 aream,
1396 5615 1498 5671 hoc
1537 5624 1620 5669 est
1653 5615 1898 5668 homines
1929 5622 2138 5666 aetatem
2174 5613 2223 5666 in

741 5792 784 5821 ⁸³
815 5792 934 5845 Jud.
972 5792 1023 5857 5,
1055 5793 1106 5848 4.
1169 5793 1215 5825 ⁸⁸
1245 5793 1431 5848 Matth.
1463 5808 1499 5858 ι,
1528 5792 1616 5857 90,
1653 5791 1743 5848 21.

1820 5790 1864 5821 ⁸⁸
1902 5788 2087 5845 Matth.
2129 5806 2185 5852 ll,
2233 5790 2278 5843 l.

2336 628 2476 676 τινες
2503 615 2798 684 ἄνθρωποι,
2827 615 2875 666 οί
2913 612 3076 666 πάλαι
3110 614 3590 683 προγεγραμμένοι
3625 615 3707 676 εἰς
3736 613 3900 665 τοῦτο

2335 703 2395 755 τὸ
2433 707 2624 772 κρῖμα,
2656 704 2894 767 ἀσεϐεῖς,
2927 703 3025 773 τὴν
3052 703 3146 756 τοῦ
3179 703 3314 755 Θεοῦ
3345 703 3499 773 ήμῶν
3531 704 3692 774 χάριν
3737 721 3906 773 μετα-

2334 793 2570 856 τιθέντες
2597 796 2675 856 είς
2710 795 3017 862 ἀσέλγειαν,
3050 794 3143 847 καὶ
3171 794 3262 846 τὸν
3291 795 3450 864 μόνον
3484 795 3765 865 Δεσπότην
3814 797 3906 848 καὶ

2335 883 2536 953 Κύριον
2574 884 2728 952 ημῶν
2775 883 2977 954 Ἰησοῦν
3023 885 3257 954 Χριστὸν
3305 885 3654 955 ἀρνούμενοι.
3685 904 3705 935 ι
3743 886 3907 939 Κατὰ

2334 973 2451 1027 τίνα
2489 974 2690 1043 τρόπον
2747 974 3039 1045 ἀρνήσεται
3083 991 3163 1038 τις
3207 975 3313 1028 τῶν
3348 975 3492 1040 ἅπαξ
3539 977 3908 1029 πεπιστευκό-

2332 1082 2437 1117 των
2449 1065 2539 1118 τὸν
2557 1066 2757 1136 Κύριον
2777 1067 2806 1135 ἡ
2819 1064 2932 1135 μῶν
2965 1065 3167 1136 Ἰησοῦν
3209 1067 3440 1137 Χριστόν
3462 1085 3477 1133 ;
3534 1067 3731 1120 Καίτοι
3765 1081 3908 1138 παρ-

2331 1156 2631 1226 εδεξάμεθι
2672 1158 2762 1210 τὸν
2787 1181 2803 1226 ε
2827 1158 2924 1226 τῆς
2979 1158 3444 1228 ἐνανθρωπήσεως
3485 1159 3674 1227 λόγον’
3707 1161 3830 1212 ἀλλ’
3861 1162 3907 1211 εί

2336 1247 2533 1317 φαμὲν,
2565 1250 2646 1301 ὅτι
2687 1247 2872 1318 ἕτερος
2904 1247 3002 1317 μέν
3037 1250 3183 1304 ἐστιν
3214 1251 3338 1315 Υίὸς
3365 1254 3392 1304 6
3421 1253 3484 1304 ἐκ
3512 1252 3648 1306 Θεοῦ
3692 1253 3910 1322 Πατρὸς

2334 1337 2524 1403 Λόγος,
2556 1338 2741 1408 ἐτερος
2784 1339 2839 1391 δὲ
2871 1339 2991 1391 κατ’
3024 1338 3159 1393 ἰδίαν
3188 1343 3216 1394 6
3248 1343 3311 1394 ἐκ
3351 1342 3625 1410 γυναικὸς,
3655 1341 3909 1411 ἠρνησάο

2337 1429 2475 1498 μεθα
2507 1431 2598 1482 τὸν
2644 1431 2803 1501 μόνον
2845 1434 3142 1504 Δεσπότην.
3178 1429 3272 1496 Εἷς
3308 1433 3416 1505 γὰρ
3451 1433 3655 1504 Κύριος
3696 1433 3912 1502 Ἰησοῦς

2333 1521 2585 1592 Χριστὸς,
2613 1522 2734 1576 καθ’
2764 1524 2954 1579 ἕνωσιν
2978 1526 3345 1595 οἰκονομικὴν,
3382 1524 3477 1594 τὴν
3502 1525 3637 1595 πρός
3669 1524 3736 1591 γέ
3765 1541 3907 1592 φημι

2331 1612 2422 1665 τὸν
2463 1615 2525 1666 ἐκ
2554 1612 2908 1682 Θεοῦ-Λόγον,
2937 1619 3014 1680 είς
3042 1618 3139 1686 τὴν
3166 1617 3262 1686 τῆς
3297 1617 3547 1684 θεότητος
3584 1616 3748 1682 δόξαν
3777 1616 3922 1674 ἀνα»,

2333 1701 2602 1774 φοιτώσης
2627 1705 2791 1758 αὑτοῦ
2806 1708 2903 1776 τῆς
2932 1708 3148 1777 σαρκός.
3174 1705 3270 1770 Εἷς
3290 1702 3382 1760 οῦν
3411 1707 3518 1777 ἄρα
3547 1707 3788 1777 Χριστὸς
3815 1708 3907 1758 καὶ

2341 1795 2470 1858 Υίός
2488 1812 2502 1825 ·
2533 1794 2685 1849 ἔσται
2715 1801 2822 1867 γὰρ
2851 1797 2993 1851 οὕτω
3022 1798 3127 1850 τῶν
3156 1799 3292 1851 ὅλων
3325 1798 3619 1867 Δεσπότης.

2521 1926 2620 1980 Ἐκ
2659 1927 2763 1980 τοῦ
2801 1930 2948 1982 κατὰ
2995 1929 3293 1984 Ματθαῖον
3325 1931 3724 2001 Εὑαγγελίου.

2769 2035 2897 2088 Ὀτι
2940 2037 3082 2102 Θεὸς
3115 2040 3147 2092 cl
3185 2040 3461 2107 Ᾱξριστόςι

2409 2163 2426 2195 ι
2477 2146 2658 2200 Ταῦτα
2710 2147 2767 2201 δὲ
2815 2143 2978 2204 αὑτοῦ
3032 2153 3453 2223 ἐνθυμηθέντος,
3513 2157 3624 2210 ἰδοὺ
3675 2157 3906 2226 ἅγγελος

2332 2235 2537 2305 Κυρίου
2568 2240 2685 2290 κατ’
2715 2240 2845 2312 ὄναρ
2875 2244 3048 2314 ἐφάνη
3093 2245 3261 2315 αὐτῷ,
3312 2245 3504 2315 λέγων’
3551 2250 3760 2322 Ἰωσὴφ
3797 2253 3906 2314 υίὸς

2331 2324 2510 2390 Δαυῖδ,
2550 2327 2624 2398 μὴ
2652 2329 2892 2402 φοϐηθῇς
2922 2333 3256 2403 παραλαϐεῖν
3282 2338 3515 2409 Μαριὰμ
3544 2341 3649 2410 τὴν
3670 2345 3904 2408 γυναῖκὰ

2334 2431 2457 2468 σου·
2485 2417 2546 2469 τὸ
2580 2418 2687 2488 γὰρ
2731 2422 2788 2474 ἐν
2822 2425 2958 2493 αὐτῇ
2999 2427 3275 2496 γεννηθὲν,
3307 2429 3368 2481 ἐκ
3409 2430 3733 2500 Πνεύματός
3766 2436 3904 2486 ἐστιν

2331 2506 2507 2572 ἁγίου.
2539 2509 2760 2573 Τέξεται
2790 2511 2847 2564 δὲ
2873 2513 3007 2576 υίὸν,
3035 2517 3128 2568 καὶ
3150 2517 3398 2580 καλέσεις
3429 2521 3486 2571 τὸ
3513 2521 3690 2590 ὄνομα
3715 2522 3900 2584 αὐτοῦ,

2343 2596 2580 2666 Ἰησοῦν·
2631 2600 2793 2663 αὐτὸς
2823 2602 2931 2672 γὰρ
2971 2602 3133 2657 σώσει
3161 2605 3252 2657 τὸν
3281 2607 3404 2658 λἀὸν
3448 2609 3615 2662 αὑτοῦ
3654 2612 3770 2664 ἀπὸ
3804 2614 3905 2663 τῶν

2330 2691 2610 2760 ἁμαρτιῶν
2640 2693 2838 2748 αὐτῶν.
2889 2715 2903 2743 ›
2941 2695 3044 2748 Δύο
3078 2697 3216 2750 κατὰ
3252 2699 3412 2752 ταυτὸ
3453 2701 3636 2770 τίθησι
3678 2704 3752 2755 τὰ
3801 2705 3906 2756 θεο-

2331 2784 2534 2852 πρεπῆ,
2569 2785 2661 2836 καὶ
2690 2786 2788 2838 ούκ
2821 2788 3133 2860 ἀνθρωπεία
3163 2790 3436 2860 πρέποντα
3457 2792 3636 2859 φύσει.
3657 2795 3770 2846 Τοῦ
3803 2797 3905 2863 γὰρ

2330 2873 2610 2942 τεχθέντος
2655 2877 2718 2928 ἐκ
2766 2876 2866 2945 τῆος
2917 2879 3147 2950 Μαριὰμ
3194 2880 3321 2933 ἴδιον
3371 2881 3472 2950 ἔφη
3501 2882 3628 2936 λαὸν
3665 2888 3798 2948 τοὺς
3841 2888 3902 2938 δι’

2331 2964 2493 3016 αὑτοῦ
2535 2966 2909 3036 σεσωσμένους
2930 2986 2943 2999 ·
2979 2971 3072 3023 καὶ
3107 2972 3230 3041 μὴν,
3260 2973 3341 3026 ὅτι
3367 2975 3459 3026 καὶ
3493 2977 3788 3046 ἁμαρτιῶν
3813 2979 3904 3029 αὖ·

2332 3057 2456 3119 τοὺς
2484 3057 2645 3121 αὐτὸς
2710 3058 3028 3123 ἀπαλλάξει.
3056 3061 3188 3114 Θεοῦ
3212 3063 3267 3114 δὲ
3307 3063 3375 3116 τὰ
3413 3064 3612 3129 πάντα,
3645 3067 3740 3119 καὶ
3777 3070 3904 3136 πρὲ-

2332 3165 2422 3198 ποι
2472 3147 2538 3200 ἂν
2585 3150 2731 3220 αύτῷ
2763 3150 2859 3204 καὶ
2910 3151 3054 3222 μόνῳ
3094 3154 3154 3206 τὸ
3205 3155 3565 3209 ἀπαλλάττειν
3610 3159 3904 3230 ἁμαρτιῶν

2331 3236 2584 3290 δύνασθαι
2632 3240 2757 3302 τοὺς
2801 3239 3208 3310 ἡμαρτηκότας.
3253 3242 3384 3306 Θεὸς
3431 3240 3524 3298 οῦν
3555 3245 3662 3316 ἄρα
3693 3249 3848 3299 ἐστὶν
3877 3250 3906 3299 6

2333 3329 2394 3378 ἐκ
2423 3328 2522 3395 τῆς
2560 3329 2717 3395 ἁγίας
2755 3332 3025 3399 Παρθένου
3057 3335 3466 3402 γεγεννημένος,
3518 3331 3576 3387 οῦ
3627 3339 3720 3390 καὶ
3777 3340 3904 3402 rata;

2333 3419 2498 3486 ἐσμεν
2526 3419 2673 3482 λαὸς,
2709 3420 2800 3471 καὶ
2850 3421 3134 3490 ἁμαρτιῶν
3165 3422 3219 3473 δὲ
3268 3423 3412 3492 ἡμᾶς
3443 3425 3778 3496 ἀπήλλαξεν,
3830 3429 3904 3490 ὡς

2333 3509 2470 3579 ἔχων
2500 3510 2592 3562 καὶ
2621 3509 2808 3562 τούτου
2841 3510 2939 3581 τὴν
2973 3511 3235 3577 ἐςουσίαν.

2409 3729 2426 3760 ι
2472 3710 2578 3763 Τοῦ
2608 3712 2663 3764 δὲ
2706 3711 2879 3781 Ἰησοῦ
2900 3711 3247 3782 γεννηθέντος
3277 3713 3334 3766 ἐν
3366 3711 3608 3783 Βηθλεέμ
3636 3713 3736 3782 τῆς
3773 3715 3903 3767 Ἰου-

2332 3801 2502 3863 δαίας.
2545 3820 2561 3851 ι
2610 3802 2699 3854 Ἐν
2730 3802 2975 3870 Βηθλεὲμ
3002 3803 3320 3870 γεγέννηται
3364 3804 3462 3872 τῆς
3505 3803 3793 3867 Ἰουδαίας,
3840 3809 3903 3859 ἐκ

2335 3890 2489 3961 ῥίζης
2530 3891 2744 3944 Ἰεσσαί.
2776 3891 2910 3959 Φησὶ
2938 3891 2993 3942 δὲ
3032 3892 3159 3961 περὶ⁵
3180 3891 3341 3945 αὑτοῦ
3372 3893 3439 3945 δι’
3469 3894 3584 3956 ἐνὸς
3611 3895 3718 3945 τῶν
3769 3914 3903 3965 προ·

2334 3980 2516 4049 φητῶν
2545 3981 2573 4033 6
2601 3979 2730 4042 Θεὸς
2763 3981 2855 4034 καὶ
2882 3981 3104 4052 Πατὴρο
3150 4002 3168 4034 ι
3204 3985 3313 4037 Καὶ
3362 3986 3426 4037 σὺ
3468 3985 3712 4056 Βηθλεὲμ
3748 3983 3903 4049 οἶκος

2331 4069 2424 4122 τοῦ
2471 4070 2729 4140 Ἐφραθᾶ,
2769 4070 2840 4140 μὴ
2867 4069 3146 4139 ὀλιγοστὸς
3177 4066 3230 4123 εἷ
3260 4070 3353 4125 τοῦ
3388 4069 3526 4146 εἶναι
3556 4077 3613 4127 ἐν
3661 4077 3900 4144 χιλιάσιν

2344 4159 2514 4214 Ἰούδα
2535 4177 2548 4190 ·
2575 4162 2638 4212 ἐκ
2667 4160 2758 4213 σοῦ
2788 4161 2893 4232 γάρ
2918 4179 3008 4230 μοι
3039 4161 3372 4227 ἐξελεύσεται
3400 4165 3491 4217 τοῦ
3522 4161 3660 4218 εἶναι
3689 4168 3771 4228 είς
3803 4169 3902 4237 ἄρ-

2331 4267 2490 4320 χοντα
2520 4252 2575 4303 ἐν
2605 4250 2681 4321 τῷ
2726 4253 2943 4323 Ἰσραήλ
2966 4269 2981 4285 ο
3007 4254 3102 4306 καὶ
3131 4255 3183 4305 αἱ
3215 4252 3380 4316 ἔξοδοι
3410 4255 3573 4308 αὑτοῦ
3603 4256 3697 4308 ἀπ’
3723 4259 3900 4328 ἀρχῆς

2332 4343 2390 4406 ἐξ
2436 4341 2657 4412 ἡμερῶν
2690 4343 2902 4405 αἰῶνος.
2945 4362 2962 4394 ι
3003 4343 3127 4404 Πῶς
3177 4339 3269 4397 οῦν
3317 4345 3345 4397 6
3392 4348 3793 4415 γεγεννημένος
3844 4353 3900 4400 ἐν

2334 4430 2578 4501 Βηθλεέμ
2605 4431 2702 4500 τῆς
2733 4433 3012 4500 Ἰουδαίας,
3038 4436 3129 4487 ἀπ’
3153 4438 3324 4507 ἀρχῆς
3349 4438 3539 4501 αἰῶνος
3563 4438 3662 4498 τὰς
3687 4439 3901 4504 ἐξόδους

2262 4559 2305 4611 D
2334 4521 2474 4590 ἔχειν
2512 4518 2746 4586 λέγεται,
2794 4523 3036 4575 τουτέστι
3082 4524 3182 4592 τῆς
3230 4525 3509 4596 ὑπάρξεως
3552 4527 3650 4598 τὴν
3702 4531 3898 4600 ἀρχὴν,

2335 4615 2506 4669 καίτοι
2554 4615 2832 4686 γεννηθεὶς
2876 4617 2932 4669 ἐν
2976 4616 3220 4685 ἐσχάτοις
3264 4618 3356 4671 τοῦ
3407 4619 3600 4681 αἰῶνος
3651 4626 3898 4690 καιροίς;

2331 4707 2463 4770 Θεὸς
2494 4703 2586 4760 οὖν
2621 4708 2727 4778 ἄρα
2757 4709 3008 4777 Χριστὸς,
3033 4710 3127 4762 καὶ
3151 4709 3350 4777 πρέπει
3380 4710 3526 4780 αύτῷ
3545 4712 3605 4763 τὸ
3635 4713 3734 4764 τοῦ
3765 4714 3900 4766 Θεοῦ

2335 4799 2510 4865 Λόγου
2542 4797 2935 4868 πρεσϐύτατον.
2969 4798 3098 4860 Θεὸς
3118 4800 3226 4869 γὰρ
3242 4795 3327 4869 ἦν,
3360 4801 3424 4853 δι’
3454 4804 3602 4872 ἡμᾶς
3633 4807 3901 4876 σαργικὴν

2336 4889 2634 4959 ὑπομείνας
2663 4888 2911 4958 γέννησιν
2939 4889 3037 4958 τὴν
3065 4890 3128 4942 ἐκ
3159 4892 3432 4957 γυναικός.

2414 5000 2431 5032 ι
2491 4981 2630 5049 Ἐγὼ
2666 4981 2762 5050 μὲν
2792 4984 2901 5050 γὰρ
2940 4983 3082 5050 ὑμᾶς
3124 4983 3182 5035 ἐν
3217 4982 3364 5037 ῦδατι
3399 4983 3661 5052 βαπτίζω,
3717 4987 3902 5057 φησὶν,

2337 5072 2414 5132 εἰς
2453 5071 2768 5140 μετάνοιαν·
2803 5071 2831 5122 ὁ
2862 5069 2917 5123 δὲ
2947 5071 3120 5123 ὀπίσω
3148 5087 3249 5139 μου
3279 5071 3590 5142 ἐρχόμενος,
3625 5075 3904 5146 ίσχυρότε-

2340 5160 2430 5228 ρός
2465 5177 2562 5229 μου
2597 5163 2761 5224 ἐστὶν,
2790 5156 2850 5214 οὗ
2883 5161 2981 5212 οὐκ
3006 5162 3120 5230 είμὶ
3156 5162 3428 5225 ἱκανὸςτὰ
3456 5165 3779 5236 ὑποδήματα
3811 5169 3903 5238 3a-

2339 5250 2549 5303 στᾶσαι.
2580 5251 2748 5314 Αύτὸς
2776 5253 2917 5320 ὑμᾶς
2947 5251 3194 5320 βαπτίσει
3236 5253 3292 5306 ἐν
3334 5253 3607 5324 Ηνεύματι
3637 5259 3780 5328 ἁγίῳ
3811 5261 3902 5312 καὶ

2338 5340 2484 5408 πυρί.
2519 5334 2590 5393 Οῦ
2633 5342 2693 5393 τὸ
2722 5342 2884 5394 πτύον
2924 5343 2981 5394 ἐν
3010 5347 3074 5414 τῇ
3107 5345 3247 5414 χειρὶ
3297 5345 3482 5410 αὑτοῦ,
3516 5349 3611 5400 καὶ
3639 5349 3900 5403 διακαθα-

2337 5433 2442 5501 ριεῖ
2467 5431 2564 5501 τὴν
2603 5431 2783 5485 ἆλωνα
2832 5433 3017 5487 αὑτοῦ.
3060 5453 3076 5484 ι
3113 5435 3226 5487 Οὐκ
3277 5436 3695 5509 ἀνθρωπότητος
3745 5441 3898 5511 ἔργον

2333 5517 2469 5574 εἶναί
2515 5539 2694 5592 φαμεν
2724 5524 2782 5576 τὸ
2818 5523 3095 5592 βαπτίζειν
3142 5527 3198 5578 ἐν
3247 5526 3383 5595 ἁγίῳ
3437 5528 3750 5597 Πνεῦματι·
3787 5534 3886 5585 ἀλλ

2332 5615 2450 5668 οὐδὲ
2497 5615 2594 5684 τὴν
2644 5614 2822 5668 ἅλωνα
2869 5617 2966 5686 τὴν
2996 5616 3210 5688 νοητὴν,
3243 5619 3484 5672 τουτέστι
3515 5622 3638 5685 τοὺς
3671 5624 3765 5676 ἐπὶ
3806 5624 3902 5693 τῆς

2358 5790 2402 5821 ⁸⁸
2435 5788 2595 5846 Mich.
2640 5807 2692 5851 γ,
2733 5790 2797 5858 2;
2837 5789 3025 5845 Matth.
3059 5807 3118 5858 ιι,
3153 5792 3203 5844 (ἰ.
3281 5795 3323 5826 ⁸⁷
3359 5793 3543 5862 Matth,
3573 5812 3652 5860 Ill,
3695 5798 3778 5860 ll,
3819 5799 3901 5854 l‘l.
