4056 6334
132 429 267 479 1261

1224 434 1307 486 DE
1348 434 1568 488 ItECTA
1613 437 1765 491 FIDE
1806 442 1891 491 AD
1935 443 2241 497 ItEGINAS.

3206 441 3340 491 liii?

132 539 262 607 γῆς,
289 539 418 593 ἰδίαν
444 537 582 594 εἶναί
613 559 791 610 φαμεν
821 542 1123 610 ἀνθρώπου.
1147 544 1278 595 Θεοῦ
1308 546 1415 613 γὰρ
1437 548 1503 597 τὰ
1523 550 1695 602 πάντα

1802 562 1938 605 terra
1990 563 2225 620 agentes,
2265 553 2494 606 hominis
2534 552 2799 617 propriam
2855 564 2970 607 esse
3011 552 3343 607 concesseri-

124 632 268 695 ἐστὶ,
300 634 390 686 καὶ
418 634 566 702 αὑτῷ
606 635 697 685 καὶ
742 634 885 701 μόνῳ
927 635 1123 704 πρέπει
1172 637 1231 688 τὸ
1264 638 1319 688 ὲν
1357 638 1494 706 ἁγίῳ
1527 641 1692 691 Ilvati-

130 742 263 790 ματι
295 725 573 793 βαπτίζειν
618 724 875 777 δύνασθαι
922 728 1043 790 τοὺς
1095 727 1465 790 πιστεύοντας.
1512 730 1695 799 Ἐνήρ-

127 829 269 881 γηκε
303 814 356 865 δὲ
395 813 551 865 τοῦτο
595 815 826 880 Χριστὸς
868 817 895 867 ὁ
936 820 1070 887 μετὰ
1118 821 1369 887 Ἰωάννην
1408 820 1695 888 ἐρχόμενος

129 904 273 956 κατὰ
306 903 503 972 σάρκα,
537 905 655 973 ἦτοι
686 906 774 959 τὸν
803 908 901 976 τῆς
938 910 1133 977 σαρκὸς
1182 910 1390 978 χρόνον.
1422 910 1613 972 ιΑὺτὸς
1642 910 1698 962 δὲ

129 996 223 1047 καὶ
249 994 345 1062 τὴν
368 994 554 1046 ἑαυτοῦ
586 994 763 1050 ἅλωνα
809 999 1111 1069 καθαρίζει.
1145 999 1273 1061 Θεὸς
1305 994 1395 1051 οὖν
1424 1000 1531 1068 ἄρα
1554 1000 1699 1052 ἐστὶν

128 1081 361 1151 ἀληθής.

208 1193 225 1221 ε
277 1172 383 1223 Καὶ
416 1171 523 1225 ἰδοὺ
554 1172 752 1243 λεπρὸς
780 1174 1107 1244 προσελθὼν,
1138 1174 1459 1246 προσεκῦνει
1486 1176 1659 1243 λέγων
1679 1192 1691 1206 ³

131 1262 328 1332 Κύριε,
381 1264 473 1315 ἐὰν
522 1265 698 1335 θέλῃς,
734 1265 956 1317 δύνασαί
990 1284 1055 1335 με
1104 1266 1413 1337 καθαρίσαι.
1455 1269 1564 1321 Καὶ
1611 1270 1699 1320 ὲκ-

127 1355 311 1415 τείνας
354 1354 450 1425 τὴν
496 1360 671 1427 χεῖρα,
720 1357 897 1426 ἥψατο
934 1359 1120 1423 αὑτοῦ,
1155 1359 1357 1427 λέγων’
1393 1358 1559 1422 Θέλω,
1598 1376 1698 1413 κα·

127 1442 434 1511 [ἑαρίσθητι.
466 1448 571 1497 Καὶ
603 1445 802 1508 εὐθέως
831 1446 1163 1517 ἐκαθαρίσθη
1192 1448 1354 1501 αὑτοῦ
1387 1450 1418 1518 ή
1449 1448 1645 1518 λέπρα.
1674 1468 1694 1500 ›

128 1536 154 1584 'l
174 1535 203 1585 ὸ
230 1538 469 1603 ἐνεργεῖν
508 1536 761 1587 δύνασθαι
781 1536 1228 1607 θεοπρεπῶς,οὺκ
1247 1541 1373 1592 ἴδιον
1390 1538 1698 1610 ἀνθρώπου,

128 1627 271 1696 αὐτῇ
292 1626 345 1677 δὲ
368 1626 561 1694 μᾶλλον
585 1626 818 1679 ἐποιεῖτο
845 1626 1087 1697 [πρέποι]
1110 1627 1172 1679 ἂν
1196 1629 1287 1681 καὶ
1311 1620 1441 1698 μόνῄ
1468 1630 1531 1696 τῇ
1564 1628 1701 1680 πάν·

125 1735 238 1769 των
272 1719 521 1770 ἐπέκεινα
557 1718 735 1785 φύσει.
779 1720 1017 1790 Ἐνεργεῖ
1048 1719 1101 1771 δὲ
1138 1718 1277 1773 οὕτω
1306 1721 1563 1790 Χριστός·
1605 1721 1703 1773 οὐκ

124 1811 238 1877 ἄρα
284 1808 434 1876 ψιλὸς
480 1808 762 1879 ἄνθρωπος
808 1809 933 1864 καθ’
971 1812 1139 1880 ἡμᾶς,
1175 1810 1303 1871 Θεὸς
1331 1811 1386 1863 δὲ
1419 1810 1615 1880 μᾶλλον
1644 1811 1702 1862 ὲν

124 1899 444 1971 ἀνθρωπεία
475 1905 678 1970 μορφῇ.
708 1901 863 1954 Οὕτω
891 1902 1100 1973 νοήσεις
1130 1902 1223 1954 καὶ
1250 1902 1344 1954 ἐπὶ
1367 1901 1464 1970 τῆς
1495 1901 1699 1970 Πέτρου
1733 1898 1773 1950 Β

124 1992 417 2061 πενθερᾶς,
468 1993 569 2045 κᾶν
615 1996 725 2056 τοῖς
777 1992 1004 2061 ἀνέμοις
1055 1995 1321 2064 ἐπιτιμῶν
1368 1995 1559 2065 ὁρῷτο,
1610 1996 1703 2048 θα-

123 2083 304 2151 λάσσῃ
335 2100 390 2134 τε
424 2084 514 2135 καὶ
558 2084 762 2137 ὕδασιν.
799 2084 966 2137 Ὅθεν
994 2086 1084 2138 καὶ
1110 2088 1158 2138 οι
1204 2086 1478 2140 θεσπέσιοι
1527 2087 1702 2158 μαθη-

122 2175 219 2224 ταὶ
255 2173 349 2223 καὶ
393 2173 663 2225 θάλασσαν
694 2176 788 2227 καὶ
836 2175 1070 2246 ἀνέμους
1114 2177 1503 2247 ὑποκειμένους
1533 2179 1699 2249 ὁρῶν·

120 2280 241 2324 τες,
269 2263 643 2331 τεθαυμάκασι
664 2264 909 2334 λέγοντες
935 2282 947 2294 ·
980 2284 996 2316 ι
1026 2268 1271 2329 Ποταπός
1298 2271 1443 2321 ἔστιν
1464 2263 1648 2333 οὗτος
1677 2289 1694 2321 ι

123 2354 205 2405 (ὶὺ
256 2354 365 2422 γὰρ
417 2350 484 2423 ἦν
519 2354 804 2424 ἀνθρώπου
846 2356 1001 2426 ψιλοῦ
1054 2356 1125 2409 τὰ
1176 2356 1397 2410 τοιαῦτα
1445 2357 1701 2412 δύνασθαι

122 2448 287 2516 δρᾷν.
323 2444 455 2509 Θεὸς
501 2440 593 2499 οὖν
640 2447 745 2517 ἄρα
794 2446 931 2501 κατὰ
963 2448 1154 2501 ταυτὸν
1207 2448 1300 2503 καὶ
1346 2448 1627 2520 ἄνθρωπος
1675 2450 1702 2501 ὁ

124 2538 385 2609 Χριστός.

206 2832 224 2864 ι
276 2813 338 2865 0i
368 2814 422 2866 δὲ
450 2812 718 2881 δαίμονες,
749 2812 900 2882 φησι,
933 2812 1272 2881 παρεκάλουν
1306 2814 1487 2873 αὑτὸν.
1518 2814 1702 2882 λέγον-

123 2922 221 2966 τες
244 2922 257 2934 ·
289 2905 349 2956 Εἰ
395 2900 674 2967 ἐκϐάλλεις
716 2905 882 2973 ἡμᾶς,
915 2903 1232 2957 ἀπόστειλον
1256 2906 1401 2975 ἡμᾶς
1433 2916 1454 2943 ο
1498 2906 1576 2967 εἰς
1604 2907 1700 2976 τὴν

124 2995 334 3063 ἀγέλην
363 2995 470 3046 τῶν
500 2995 716 3065 χοίρων.
765 2996 875 3047 Καὶ
905 2991 1055 3046 εἶπεν
1098 2997 1279 3058 αὐτοῖς
1299 3012 1312 3025 ο
1354 2997 1641 3065 Ὑπάγετε.
1678 3016 1695 3048 ι

125 3087 203 3138 Τὸ
237 3088 485 3154 προνοεῖν
532 3085 637 3136 τῶν
684 3085 840 3148 ὅλων,
895 3085 985 3137 καὶ
1022 3083 1214 3148 σώζειν
1256 3087 1416 3147 αὐτὰ,
1449 3088 1591 3150 τίνος
1636 3087 1700 3140 ἂν

125 3180 239 3247 εἴη,
296 3177 434 3245 πλὴν
487 3177 566 3229 ὅτι
622 3175 781 3246 μόνου
828 3176 920 3228 τοῦ
965 3177 1103 3230 κατὰ
1156 3177 1315 3245 φύσιν
1357 3178 1505 3241 ὄντος
1534 3178 1699 3245 Θεοῦ;

124 3269 293 3321 (libato
330 3269 426 3320 καὶ
470 3271 497 3321 ὁ
543 3268 733 3338 Σωτὴρ
776 3266 1039 3335 ἔφασκεν⁸
1080 3285 1096 3317 ι
1137 3268 1269 3337 Οὐχὶ
1311 3268 1402 3321 δύο
1453 3269 1705 3340 στρουθία

124 3360 397 3428 ἀσσαρίου
447 3360 770 3424 πωλοῦνται,
817 3360 910 3412 καὶ
959 3360 1015 3411 ἒν
1061 3360 1119 3423 ἐξ
1148 3361 1325 3411 αὐτῶν
1354 3362 1412 3413 οὐ
1459 3365 1704 3414 πεσεῖται

124 3454 151 3502 ὲ
172 3452 227 3503 πὶ
267 3451 365 3520 τὴν
391 3452 492 3519 γῆν
522 3451 648 3503 ἄνευ
679 3450 772 3502 τοῦ
804 3450 1016 3520 Πατρὸς
1060 3450 1212 3519 ὑμῶν
1242 3450 1334 3502 τοῦ
1380 3453 1436 3503 ὲν
1474 3455 1585 3514 τοῖς
1614 3453 1702 3504 οὺ·-

125 3544 354 3612 ρανοῖς;
394 3542 577 3610 ’Υμῶν
607 3541 664 3593 δὲ
705 3542 797 3593 καί
828 3543 881 3592 αἱ
912 3541 1092 3610 τρίχες
1122 3544 1219 3611 τῆς
1254 3542 1492 3611 κεφαλῆς
1534 3545 1702 3596 πᾶσαι

122 3630 509 3699 ἠριθμημέναι
536 3630 692 3681 εἰσίν.
734 3649 751 3680 ι
800 3631 932 3682 Ἰδοὺ
987 3632 1272 3701 τοιγαροῦν
1300 3632 1566 3702 τοσαύτην
1595 3634 1702 3685 τῶν

123 3723 306 3772 ὄντων
362 3720 619 3788 πρόνοιαν
678 3720 912 3771 ἐποιεῖτο
959 3720 1212 3789 Χριστὸς,
1254 3723 1328 3785 ὡς
1380 3723 1452 3791 μὴ
1505 3723 1702 3788 ἐξεῖναι

121 3814 247 3872 τοῖς
294 3810 621 3878 ἀκαθάρτοις
664 3809 879 3878 δαίμοσι
918 3810 1051 3879 μηδὲ
1092 3810 1285 3879 χοίρων
1323 3813 1524 3881 ἀγέλης
1558 3814 1702 3882 ἔχειν

124 3902 232 3971 τὴν
266 3901 532 3965 ἐξουσίαν.
572 3900 951 3971 Παρακληθεὶς
985 3896 1076 3952 οὖν
1107 3889 1369 3969 ἐπέτρεψε
1405 3903 1575 3970 μόλις,
1606 3904 1704 3955 οὐκ

126 3994 368 4054 ἐκείνοις
404 3992 620 4061 πληρῶν
658 3993 756 4062 τὴν
792 3992 1024 4059 αἴτησιν,
1075 3991 1190 4043 ἀλλ’
1241 3992 1325 4043 ἵνα
1374 3994 1521 4060 ἡμᾶς
1574 3995 1703 4045 ἀνα-

124 4085 302 4154 πείσῃ
349 4085 587 4153 φρονεῖν,
624 4084 703 4135 ὅτι
752 4084 1060 4151 προνοεῖται
1098 4082 1204 4135 τῶν
1249 4083 1384 4137 ὅλων
1430 4084 1502 4146 ὡς
1552 4084 1701 4146 Θεός.

124 4176 269 4229 Εἶτα
304 4176 417 4238 πῶς
448 4177 507 4228 οὐ
542 4175 691 4239 Θεὸς,
727 4179 754 4228 ό
783 4175 1059 4245 θεοπρεπῆ
1088 4176 1186 4246 τὴν
1217 4175 1482 4241 ἐξουσίαν,
1517 4178 1609 4229 καὶ
1644 4178 1705 4229 τὸ

123 4268 279 4320 κατὰ
320 4268 534 4319 πάντων
584 4268 780 4335 κράτος
806 4267 829 4305 δ
864 4266 1173 4336 ἀνημμένος
1208 4278 1253 4331 ο,
1285 4267 1378 4319 καὶ
1408 4267 1593 4331 σώζων
1630 4269 1704 4331 ὡς

126 4360 247 4409 ἱδια
276 4358 342 4409 τὰ
366 4357 429 4408 δι’
467 4357 627 4409 αὑτοῦ
659 4360 949 4425 γεγονότα;

213 4567 231 4597 ι
282 4547 414 4597 Τότε
462 4547 607 4613 λέγει
646 4550 757 4610 τοῖς
811 4548 1079 4617 μαθηταῖς
1114 4549 1313 4602 αὑτοῦ·
1366 4551 1423 4603 ’0
1476 4553 1575 4622 μὲν
1620 4554 1705 4606 θε-

126 4636 337 4707 ρισμὸς
373 4636 556 4699 πολὺς,
593 4639 639 4690 οἱ
673 4638 728 4689 δὲ
758 4639 986 4707 ἐργάται
1014 4640 1201 4707 ὀλίγοι.
1235 4641 1469 4712 Δεήθητε
1491 4638 1581 4695 οὖν
1610 4642 1703 4695 τοῦ

122 4730 325 4797 κυρίου
360 4728 451 4779 τοῦ
482 4728 761 4797 θερισμοῦ,
805 4731 950 4793 ὅπως
988 4732 1190 4805 ὲκόάλη
1224 4734 1461 4802 ἐργάτας
1493 4736 1571 4795 είς
1608 4734 1700 4786 τὸν

121 4818 400 4887 θερισμὸν
435 4818 620 4871 αὑτοῦ.
659 4820 768 4872 Καὶ
799 4822 1307 4892 προσκαλεσάμενος
1336 4824 1458 4886 τοὺς
1502 4825 1707 4878 δώδεκα

124 4906 392 4976 μαθητὰς
425 4906 608 4971 αὑτοῦ,
645 4907 840 4961 ἔδωκεν
869 4911 1050 4974 αὐτοῖς
1093 4913 1341 4977 ἐξουσίαν
1373 4914 1510 4966 κατὰ
1548 4930 1708 4966 πνευ-

125 4999 327 5068 μάτων
367 4997 710 5065 ἀκαθάρτων,
744 4998 880 5051 ὦστε
911 5000 1047 5052 αὑτά
1074 5001 1373 5062 ὲκῦἀλλειν,
1406 5003 1497 5054 καὶ
1544 5002 1703 5069 θερα-

124 5088 327 5139 πεύειν
377 5088 555 5139 πᾶσαν
590 5088 744 5140 νόσον
777 5089 869 5141 καὶ
915 5092 1093 5142 πᾶσαν
1139 5091 1428 5160 μαλακίαν.
1481 5110 1498 5140 ι
1550 5087 1701 5142 Οἶδεν

120 5177 261 5228 ὅντα
290 5172 384 5225 τοῦ
417 5174 677 5245 θερισμοῦ
706 5176 890 5244 κύριον
915 5178 1002 5230 τὸν
1030 5178 1139 5230 τῶν
1176 5180 1313 5232 ὅλων
1341 5179 1471 5233 Θεόν
1492 5196 1504 5209 ’
1538 5180 1701 5232 αὐτοῦ

119 5267 238 5333 γὰρ
269 5267 304 5334 ὴ
354 5266 495 5327 ἆλως
528 5268 560 5335 ἡ
594 5268 776 5337 νοητὴ,
815 5270 1087 5321 τουτέστιν
1118 5273 1149 5338 ὴ
1182 5270 1565 5339 ἀνθρωπότης·
1605 5271 1701 5322 αὑ-

118 5358 221 5412 τοῦ
263 5360 358 5410 καὶ
387 5361 413 5410 ό
450 5358 727 5427 θερισμός.
773 5359 911 5411 Ἀλλ’
953 5361 1081 5424 ἰδοὺ,
1117 5362 1368 5430 δεηθῆναι
1394 5363 1701 5431 προστάξας

862 5514 906 5545 δ’
932 5515 1059 5569 ibid.
1098 5515 1186 5568 ‘28.

202 5514 249 5545 “
275 5513 462 5566 Matth.
497 5529 616 5580 ml,
650 5514 705 5580 2,
734 5517 787 5569 5.
862 5514 906 5545 δ’
932 5515 1059 5569 ibid.
1098 5515 1186 5568 ‘28.
1264 5517 1308 5546 ’°
1354 5516 1483 5571 ibid.
1515 5516 1573 5570 ’51

1798 658 1913 693 mus
1941 660 1952 694 :
1986 658 2107 693 nam
2139 644 2317 695 omnia
2360 642 2525 695 solius
2551 639 2638 692 Dei
2665 649 2809 705 sunt,
2860 641 3063 707 ipsique
3094 640 3189 695 soli
3220 654 3344 693 con-

1798 732 1941 798 gruit
1990 731 2133 791 illos,
2175 733 2264 799 qui
2313 733 2567 792 credunt,
2615 730 2664 781 in
2717 728 2918 797 Spiritu
2958 739 3143 783 saneto
3190 744 3345 797 posse

1800 818 2095 885 baptizare.
2134 819 2291 885 Atqui
2338 820 2607 883 Christus,
2653 818 2742 885 qui
2790 818 3078 871 secundmn
3129 832 3343 872 carnem

1799 918 1917 973 post
1939 905 2195 959 Joannem
2222 908 2486 971 veniebat,
2514 916 2755 975 potenter
2782 908 2867 960 isti
2903 910 3013 960 luce
3042 908 3347 974 praestabat,

1802 996 2048 1062 idemque
2097 1009 2247 1049 suam
2299 1010 2509 1063 quoque
2545 1012 2724 1051 arcam
2783 998 3122 1064 pertnundat.
3178 996 3348 1051 Verus

1802 1087 1979 1151 itaque
2014 1085 2151 1138 Deus
2183 1095 2264 1137 est
2292 1084 2556 1138 Christus.

1877 1192 1895 1225 ι
1934 1174 1994 1227 Ει
2030 1187 2157 1228 ecce
2208 1172 2450 1241 leprosus
2495 1172 2716 1225 veniens
2771 1173 3025 1226 adorabat
3075 1187 3228 1237 eum,
3270 1172 3351 1228 di-

1803 1280 1931 1319 cens
1960 1282 1971 1318 :
1996 1264 2242 1327 Domine,
2276 1264 2318 1317 si
2353 1263 2453 1328 vis,
2486 1272 2639 1329 potes
2671 1276 2756 1315 me
2786 1262 3142 1316 mundare.Et
3170 1275 3351 1319 exten-

1800 1357 1933 1410 dens
1979 1355 2136 1409 Jesus
2182 1370 2417 1415 manum,
2467 1354 2636 1421 tetigit
2689 1367 2842 1416 eum,
2899 1353 3123 1409 dicens:
3186 1354 3349 1421 Volo,

1802 1450 2081 1504 mundare.
2123 1449 2187 1502 Et
2219 1447 2498 1501 confestim
2532 1445 2784 1498 mundata
2816 1452 2895 1495 est
2924 1443 3067 1512 lepra
3091 1444 3287 1514 ejus".
3329 1469 3349 1501 ι

1800 1539 1947 1607 Opus
1977 1539 2212 1591 divinum
2240 1536 2436 1599 moliri,
2472 1550 2575 1588 non
2613 1540 2701 1587 est
2740 1532 2933 1586 virium
2979 1532 3349 1593 humanarum.

1802 1631 2065 1685 Convenit
2105 1630 2154 1683 id
2191 1639 2370 1683 autem
2397 1627 2448 1681 iu
2483 1626 2779 1695 principem
2813 1623 3050 1676 omnium
3087 1638 3349 1694 naturam,

1804 1724 1903 1777 hoc
1937 1731 2018 1775 est
2071 1720 2321 1774 divinam.
2377 1718 2536 1786 Atqui
2596 1715 2841 1769 Christus
2885 1713 3142 1781 ejusmodi
3192 1734 3351 1788 opera

1806 1814 2053 1875 molitur;
2087 1826 2188 1864 non
2220 1821 2303 1865 est
2326 1824 2450 1879 ergo
2482 1808 2655 1862 nudus
2698 1808 2880 1870 homo,
2913 1808 3351 1873 quemadmodum

1805 1921 1925 1971 nos,
1960 1906 2052 1959 sed
2098 1904 2237 1957 Deus
2279 1904 2567 1956 humanam
2618 1907 2868 1953 naturam
2911 1896 3147 1954 indutus.
3204 1903 3352 1970 Quod

1803 1998 1868 2051 de
1896 1997 2107 2064 leproso
2147 1994 2403 2047 mundato
2450 1992 2538 2046 hic
2576 1990 2802 2055 dicitur,
2831 1988 2934 2043 hoc
2966 1987 3031 2042 de
3082 2004 3232 2045 socru
3263 1994 3361 2049 Pe-

1806 2090 1896 2153 tri,
1931 2089 1994 2143 de
2030 2087 2204 2141 ventis
2234 2085 2360 2139 item
2405 2092 2460 2137 et
2497 2083 2657 2145 mari,
2694 2082 2872 2150 deque
2904 2080 3062 2133 undis
3108 2095 3239 2149 quas
3277 2086 3359 2138 in-

1801 2180 2073 2248 crepavit,
2114 2178 2311 2231 dictum
2358 2175 2671 2243 accipiatur.
2718 2174 2898 2239 Quare
2937 2172 3101 2225 divini
3144 2188 3355 2245 quoque

1804 2272 1947 2325 illius
1978 2270 2223 2338 discipuli
2255 2268 2742 2320 animadvertentes
2774 2264 2846 2316 illi
2872 2271 2925 2316 et
2952 2276 3099 2316 mare
3138 2275 3191 2318 et
3227 2281 3356 2321 ven-

1806 2375 1886 2419 tos
1912 2364 2149 2423 obedire,
2190 2358 2558 2414 admirabundi
2608 2355 2863 2411 aiebant:
2906 2373 2923 2404 ‹
2988 2353 3357 2422 Ecqualisnam

1805 2455 1891 2509 hic
1931 2465 2011 2507 est
2034 2455 2076 2485 ⁸³
2099 2454 2119 2505 ?
2145 2472 2162 2504 ι
2201 2449 2567 2519 [intelligebant
2595 2446 2732 2501 enim
2765 2444 3021 2513 ejusmodi
3076 2459 3233 2513 opera
3264 2462 3355 2515 pa-

1808 2556 1950 2597 trare
1980 2558 2156 2611 posse,
2196 2556 2307 2594 rem
2352 2552 2495 2603 esse,
2528 2551 2645 2604 qua:
2694 2535 2817 2587 undi
2860 2533 3091 2587 hominis
3136 2535 3358 2592 faculta-

1807 2645 1911 2687 tem
1954 2639 2249 2700 superaret.
2292 2628 2541 2682 Christus
2581 2626 2762 2693 itaque
2815 2633 2869 2677 et
2926 2622 3065 2677 Deus
3112 2636 3164 2678 et
3203 2625 3357 2683 homo

1803 2724 1959 2779 simul
1990 2732 2127 2777 erat.

1879 2834 1896 2867 ι
1940 2818 2217 2870 Daemones
2260 2811 2515 2881 rogabant
2570 2825 2690 2863 eum
2718 2850 2732 2874 ,
2772 2808 3055 2863 dicentes:
3110 2807 3165 2861 Si
3210 2810 3358 2877 ejicis

1803 2923 1921 2971 nos,
1963 2908 2111 2960 mitte
2156 2919 2252 2959 nos
2298 2905 2350 2957 in
2399 2916 2612 2972 gregem
2645 2914 2953 2969 porcorum.
2982 2898 3047 2952 Et
3090 2898 3165 2952 ait
3218 2900 3354 2958 illis.

1801 2999 1914 3068 30
1940 2997 2014 3051 lte
2039 2998 2105 3050 °°.
2145 3015 2162 3047 ›
2197 2994 2459 3051 Omnibus
2486 2991 2786 3062 providere,
2816 2999 3117 3057 cunctaque
3144 3002 3359 3045 consero

1806 3107 1953 3154 vare,
1974 3091 2039 3144 ad
2057 3104 2236 3159 quem,
2266 3088 2516 3145 obsecro.
2545 3082 2887 3153 spectat,nisi
2917 3081 2983 3134 ad
3015 3096 3133 3135 eum
3170 3078 3361 3151 solum,

1805 3185 1892 3252 qui
1925 3183 2215 3235 secundum
2249 3191 2490 3232 naturam
2534 3177 2672 3231 Deus
2703 3165 2826 3229 est'?
2862 3174 2999 3227 Hinc
3031 3181 3081 3225 et
3119 3172 3364 3228 Salvator

1805 3291 2057 3345 quoque:
2098 3293 2115 3324 ι
2164 3272 2386 3333 Nonne,
2420 3270 2620 3339 inquit,
2670 3269 2775 3323 duo
2814 3280 3061 3337 passeres
3108 3280 3227 3319 asse
3272 3281 3364 3321 ve-

1807 3378 1990 3431 neunt,
2016 3376 2068 3420 et
2094 3382 2232 3420 unus
2259 3380 2319 3419 ex
2349 3364 2454 3417 illis
2480 3379 2583 3417 non
2620 3362 2775 3417 cadet
2813 3374 2975 3428 super
3015 3363 3209 3412 terram
3248 3358 3365 3414 sine

1807 3458 1963 3511 Patre
1996 3467 2196 3519 chtro,
2250 3456 2339 3521 qui
2385 3454 2436 3507 in
2486 3454 2633 3506 caelis
2682 3450 2800 3506 est?
2834 3448 3009 3506 Vestri
3050 3458 3226 3501 autem
3274 3462 3361 3501 ca-

1805 3548 1913 3614 pilli
1948 3547 2141 3615 capitis
2170 3560 2355 3598 omnes
2403 3541 2665 3596 numerati
2709 3550 2832 3593 sunt
2857 3539 2923 3591 ⁹¹.
2962 3557 2980 3590 ι
3034 3537 3109 3590 En
3161 3546 3362 3590 tantam

1806 3653 1982 3691 rerum
2031 3637 2423 3707 providentiam
2472 3632 2706 3687 habebat
2749 3630 3024 3691 Christus,
3069 3638 3127 3680 ut
3158 3627 3361 3697 absque

1806 3729 1945 3781 illius
1975 3729 2238 3795 permissu
2273 3743 2338 3781 nc
2375 3728 2427 3780 in
2456 3739 2738 3795 porcorum
2773 3722 2983 3792 quidem
3028 3735 3241 3791 gregem
3268 3735 3363 3789 po-

1808 3830 2052 3873 testatem
2116 3831 2369 3870 exercere
2427 3815 2716 3869 immundis
2771 3812 3046 3881 spiritibus
3099 3811 3362 3876 integrum

1804 3920 1965 3963 esset.
1996 3909 2065 3963 At
2107 3918 2325 3977 rogatus
2348 3908 2433 3962 vix
2470 3906 2736 3975 permisit,
2774 3919 2877 3958 non
2917 3912 2976 3956 ut
3006 3902 3215 3956 illorum
3244 3901 3363 3955 libi-

1806 4001 1918 4053 dini
1949 4014 2151 4053 morem
2188 4006 2420 4066 gereret,
2456 3998 2548 4051 sed
2572 4007 2629 4050 ut
2660 3997 2832 4060 nobis,
2868 4010 2925 4047 se
2962 3993 3210 4047 omnibus
3242 4003 3359 4045 tan-

1806 4106 1965 4159 quam
2016 4091 2180 4143 Deum
2217 4089 2498 4157 providere
2540 4088 2906 4157 persuaderet.
2951 4083 3018 4137 Et
3053 4097 3159 4151 quo
3210 4083 3364 4137 modo

1809 4182 2022 4235 tandem
2067 4180 2154 4234 ille
2194 4180 2335 4233 Deus
2387 4195 2493 4233 non
2545 4186 2649 4240 est,
2699 4176 2789 4246 qui
2835 4184 3149 4246 potestatem
3184 4173 3361 4237 habet,

1806 4287 1964 4341 quam
1995 4274 2043 4325 in
2078 4273 2247 4325 solum
2280 4272 2441 4324 Deum
2474 4270 2668 4323 cadere
2701 4277 2906 4322 eertum
2934 4273 3013 4320 est
3038 4304 3055 4330 ,
3088 4264 3283 4334 quique
3309 4264 3363 4318 in

1806 4365 1982 4417 omnia
2032 4363 2310 4433 imperiunm
2357 4369 2593 4422 exercet,
2646 4367 2701 4413 ct
2757 4365 3043 4413 conservat
3091 4369 3210 4425 quae
3269 4368 3363 4422 per

1733 4474 1777 4527 ι)
1809 4457 1977 4523 ipsum
2011 4456 2227 4507 condita
2264 4462 2409 4515 sunt,
2446 4463 2696 4519 tanquam
2730 4450 2990 4518 propria?

1880 4535 1896 4596 ἀ
1922 4544 2073 4599 Tunc
2094 4546 2221 4599 dicit
2242 4545 2517 4612 discipulis
2541 4544 2652 4595 suis
2680 4558 2693 4594 :
2722 4542 2909 4595 Messis
2932 4541 3145 4609 quidem
3175 4546 3359 4611 multa,

1802 4636 2031 4702 operarii
2066 4644 2243 4688 autem
2277 4634 2453 4702 pauci.
2493 4634 2696 4702 ltogate
2746 4647 2872 4700 ergo
2917 4632 3192 4687 dominum
3226 4651 3362 4691 mes-

1803 4730 1895 4792 sis,
1934 4737 1991 4779 ut
2039 4728 2249 4779 emittat
2294 4725 2568 4793 cperarios
2622 4724 2672 4777 in
2730 4737 2955 4777 messem
3002 4739 3152 4777 suam
3181 4727 3247 4781 ".
3301 4728 3364 4781 Et

1805 4818 2113 4871 convocatis
2146 4816 2426 4869 duodecim
2458 4814 2736 4884 discipulis
2780 4814 2911 4878 suis,
2947 4814 3091 4869 dedit
3123 4816 3222 4869 illis
3268 4833 3361 4886 po-

1808 4917 2051 4962 testatem
2080 4907 2365 4975 spirituum
2413 4909 2827 4969 inmiundorum,
2867 4916 2925 4959 ut
2964 4908 3221 4976 ejicerent
3251 4925 3361 4977 eos,

1809 5010 1861 5051 et
1888 5009 2138 5051 curarent
2168 5012 2379 5052 omnem
2425 4999 2757 5067 languorem,
2796 5009 2849 5051 et
2884 5012 3095 5052 omnem
3134 4999 3363 5053 inﬁrmi-

1813 5098 1972 5142 tatem
1997 5090 2059 5143 ".
2096 5109 2114 5140 ι
2168 5087 2334 5143 Norat
2373 5093 2743 5143 universormn
2796 5088 2966 5141 Deum
3002 5089 3197 5143 messis
3247 5104 3367 5145 esse

1810 5181 2081 5233 dominum
2112 5197 2125 5243 ;
2161 5178 2277 5246 ejus
2316 5195 2544 5248 namque
2569 5188 2859 5246 utrmnque
2884 5186 2985 5243 est,
3014 5187 3068 5231 et
3106 5179 3216 5245 ipsa
3262 5181 3369 5246 spis

1812 5272 1979 5324 ritalis
2008 5286 2155 5332 area,
2188 5272 2289 5323 hoc
2318 5279 2396 5324 est
2428 5271 2716 5323 lnnnanum
2742 5284 2930 5337 genus,
2996 5276 3050 5321 et
3099 5268 3213 5336 ipsa
3255 5285 3370 5322 rur-

1810 5380 1925 5416 sum
1980 5364 2191 5419 messis.
2247 5363 2349 5417 Sed
2406 5364 2621 5417 adverte
2657 5382 2670 5417 :
2710 5379 2827 5417 cum
2865 5362 3055 5417 messis
3095 5363 3367 5416 dominum

1680 5517 1723 5548 ⁹¹
1757 5516 1943 5572 Matth.
1982 5534 2033 5581 ι,
2066 5517 2157 5571 ‘29.
2232 5521 2275 5551 °'
2304 5518 2491 5573 Matth.
2535 5534 2607 5584 ιχ,
2642 5519 2729 5573 '57.
2806 5518 2850 5550 ”
2875 5516 3060 5572 Matth.
3092 5533 3149 5583 Χ,
3174 5518 3225 5575 ί.

1201 5674 1370 5730 Varie
1401 5676 1659 5731 lectiones
1686 5678 1883 5733 codicis
1911 5677 2266 5748 Seguieriani.

210 5818 232 5845 ε
270 5806 563 5874 ἐπίτρεψον
592 5808 719 5876 ἡμῖν
756 5806 1026 5861 ἀπελθεῖν.
1103 5806 1128 5845 δ
1169 5810 1407 5879 κρατεῖν.

1490 5821 1511 5847 ε
1549 5811 1908 5882 ἀνηρῃιιέ-λοςο
