4056 6334
688 413 822 468 1963

1661 414 1718 469 S.
1759 411 2022 468 CYRlLLI
2062 413 2530 468 ALEXANDRINI
2568 414 2887 472 ARCHIEP.

3783 409 3918 462 ιεει

684 524 1069 582 obsecrandum
1114 541 1234 584 esse
1286 528 1599 592 monuisset,
1645 540 1765 579 mox
1815 527 2049 595 seipsum
2099 525 2241 594 ejus-

2349 526 2441 578 τοῦ
2488 530 2677 598 κυρίου
2718 527 2810 579 τοῦ
2856 523 3138 593 θερισμοῦ,
3197 525 3382 578 ἑαυτὸν
3422 523 3584 584 εὐθὺς
3636 521 3923 585 ἀπέδειξεν

685 615 828 672 modi
862 616 1136 670 dominum
1173 631 1293 671 esse
1323 615 1552 671 evidenti
1597 624 1913 683 argumento
1943 614 2246 677 declarans,

685 707 865 764 emisit
891 709 1194 778 operarios.
1221 709 1322 762 hoc
1359 715 1442 762 est
1469 714 1680 760 sanctos
1723 705 2026 775 apostolos,
2058 705 2249 774 quibus

687 807 744 851 ut
790 799 926 852 Deus
968 807 1281 866 potestatem
1335 803 1520 848 contra
1569 795 1872 849 immundos
1915 795 2135 863 spiritus
2165 801 2250 848 est

687 887 1009 957 impertitus.
1049 885 1232 954 Neque
1273 884 1414 936 enim
1459 883 1705 938 humana:
1740 892 1944 939 natura
1982 883 2250 939 facultatis

685 983 787 1038 est,
814 972 1048 1043 Spiritus
1078 972 1252 1027 sancti
1282 972 1389 1025 vim
1417 980 1508 1024 aut
1550 973 1917 1041 operationem
1948 972 2107 1027 alicui
2141 971 2246 1025 im-

683 1065 893 1135 pertiri.
943 1067 1073 1119 Cum
1124 1079 1241 1118 eam
1275 1077 1403 1132 ergo
1449 1064 1541 1118 Dei
1570 1063 1825 1128 Verbum,
1869 1065 2079 1119 tametsi
2123 1078 2250 1117 caro

687 1156 921 1221 factum,
972 1157 1069 1209 hoc
1118 1162 1200 1208 est
1242 1152 1506 1216 Christus,
1559 1154 1937 1224 impertiatur,
1981 1153 2250 1224 quomodo

686 1247 827 1302 Deus
859 1261 965 1300 non
995 1253 1077 1299 est
1105 1255 1295 1297 natura
1329 1252 1383 1297 et
1416 1244 1684 1299 veritate?

760 1357 778 1391 ι
812 1338 1000 1394 Omnis
1031 1352 1180 1408 ergo,
1205 1336 1292 1407 qui
1323 1351 1408 1390 me
1437 1336 1780 1390 conlitebitur
1803 1349 1982 1390 coram
2012 1335 2248 1388 homini-

685 1430 805 1492 bus,
833 1426 1129 1483 confitebor
1159 1434 1210 1479 et
1237 1438 1339 1493 ego
1383 1439 1505 1479 eum
1545 1439 1727 1478 coram
1776 1423 1940 1477 Patre
1982 1434 2120 1484 meo,
2157 1423 2248 1490 qui

685 1523 735 1574 iu
772 1520 922 1575 caelis
954 1527 1055 1573 est.
1088 1516 1189 1584 Qui
1221 1526 1398 1570 autem
1431 1515 1705 1582 negaverit
1735 1527 1820 1568 me
1859 1527 2042 1566 coram
2079 1511 2251 1565 homi-

684 1617 861 1678 nibus,
896 1611 1098 1682 negabo
1127 1619 1181 1665 et
1219 1608 1366 1662 illum
1418 1621 1602 1662 coram
1637 1607 1800 1661 Patre
1851 1618 1997 1667 meo,
2050 1603 2143 1671 qui
2194 1603 2248 1658 in

684 1705 832 1758 (uelis
864 1714 942 1756 est
979 1703 1047 1755 “.
1092 1718 1110 1751 ι
1167 1697 1283 1753 Νοη
1330 1699 1481 1768 pauci
1535 1707 1842 1751 sanctormn
1895 1695 1961 1749 ad
2005 1692 2248 1762 martyrii

685 1796 905 1863 gloriam
951 1791 1191 1856 evocati,
1227 1789 1617 1856 Christumque
1667 1787 1930 1854 intrepide
1975 1784 2247 1850 confessi,

2348 617 2473 670 ὄντα
2513 620 2717 681 τοῦτον,
2754 614 2995 669 ἐκϐαλὼν
3033 616 3159 677 τοὺς
3205 616 3466 685 ἐργάτας,
3521 612 3768 665 τουτέστι
3798 615 3922 672 τοὺς

2348 709 2534 775 ἁγίους
2576 707 2904 768 ἀποστόλους
2928 721 2940 735 ⁸
2985 700 3064 767 οἷς
3103 706 3195 758 καὶ
3227 707 3451 760 δέδωκεν
3484 703 3729 769 ἐξουσίαν
3784 703 3925 754 κατὰ

2349 798 2673 866 πνευμάτων
2723 795 3046 864 ἀκαθάρτων
3089 794 3164 857 ὡς
3210 796 3358 858 Θεός.
3408 797 3484 850 Οὐ
3523 796 3630 866 γάρ
3661 794 3784 845 ἐστι
3821 792 3923 844 τῶν

2347 886 2448 955 τῆς
2479 888 2893 960 ἀνθρωπότητος
2928 885 3141 954 μέτρων
3169 887 3229 937 τὸ
3255 888 3450 941 διδόναι
3482 889 3592 940 τισὶ
3624 885 3721 939 τοῦ
3765 885 3922 949 ἁγίου

2349 979 2666 1049 Πνεῦματος
2706 978 2802 1048 τὴν
2836 976 3147 1046 ἐνέργειαν·
3176 977 3368 1029 δέδωκε
3409 979 3464 1032 δὲ
3494 980 3750 1049 Χριστός.
3795 970 3922 1029 εἶτα

2349 1070 2467 1134 πῶς
2498 1073 2558 1125 οὐ
2588 1071 2742 1140 φύσει
2771 1085 2828 1122 τε
2855 1069 2948 1120 καὶ
2976 1066 3191 1135 ἀληθῶς
3217 1068 3330 1120 ἔστι
3357 1068 3509 1133 Θεὸς,
3533 1071 3581 1122 εί
3611 1069 3708 1124 καὶ
3729 1069 3922 1137 γέγονε

2351 1161 2488 1232 σὰρξ
2517 1164 2546 1216 ὁ
2576 1162 2741 1231 Λόγος
2762 1177 2777 1225 ;

2425 1358 2447 1391 ι
2489 1340 2604 1402 Πᾶς
2635 1333 2747 1400 οὖν,
2783 1337 2927 1397 ὅστις
2969 1336 3287 1407 ὁμολογήσει
3330 1336 3386 1386 ὲν
3429 1335 3550 1403 ἐμοὶ
3602 1334 3923 1404 ἐμπροσῠεν

2349 1430 2456 1484 τῶν
2481 1430 2799 1502 ἀνθρώπων,
2821 1429 3140 1499 ὁμολογήσω
3166 1426 3318 1492 κάγὼ
3347 1427 3404 1478 ὲν
3431 1424 3579 1494 αὐτῷ
3609 1426 3924 1493 ἔμπροσθεν

2349 1521 2442 1574 τοῦ
2476 1521 2685 1592 Πατρός
2731 1537 2830 1589 μου
2862 1518 2955 1572 τοῦ
2995 1521 3052 1572 ἐν
3099 1521 3210 1583 τοῖς
3251 1518 3515 1588 οὐρανοῖς.
3551 1515 3744 1576 Ὅστις
3787 1515 3833 1566 δ’
3863 1515 3920 1567 ειν

2349 1612 2649 1683 ἀρνήσηταί
2677 1627 2742 1680 με
2782 1609 3086 1681 ἔμπροσθεν
3117 1611 3224 1662 τῶν
3257 1608 3578 1680 ἀνθρώπων,
3610 1607 3920 1676 ἀρνήσομαι

2352 1701 2504 1769 κάγὼ
2533 1700 2691 1753 αὐτὸν
2734 1699 3038 1770 ἔμπροσθεν
3073 1700 3164 1752 τοῦ
3201 1695 3412 1768 Πατρός
3441 1715 3540 1767 μου
3575 1696 3673 1750 τοῦ
3715 1699 3775 1749 ἐν
3813 1699 3922 1758 τοῖς

2351 1793 2616 1864 οὐρανοῖς.
2674 1809 2695 1842 ›
2736 1791 2928 1844 Πολλοὶ
2975 1791 3262 1860 κέκληνται
3296 1790 3404 1842 τῶν
3445 1790 3618 1858 ἁγίων
3657 1789 3802 1859 πρὸς
3832 1787 3924 1856 τὴν

687 1884 967 1940 tormentis
1003 1895 1058 1938 et
1101 1889 1271 1936 morte
1321 1880 1678 1936 consummati
1720 1889 1865 1933 sunt.
1915 1878 2107 1942 Quer
2154 1891 2241 1930 au-

2352 1863 2444 1938 τοῦ
2483 1882 2778 1954 μαρτυρίου
2811 1883 2984 1947 δόξαν,
3020 1883 3112 1934 καὶ
3139 1880 3507 1934 τετελείωνται
3539 1881 3629 1933 διὰ
3659 1879 3924 1946 παθημά-

683 1987 813 2038 tem,
845 1990 968 2030 num
996 1975 1064 2028 ob
1093 1973 1144 2027 id
1187 1972 1533 2042 martyricam
1576 1984 1831 2024 coronam
1879 1968 2057 2037 adepti
2102 1967 2248 2031 sint,

683 2068 824 2135 quod
861 2064 1134 2118 Christum
1169 2074 1511 2116 communem
1538 2059 1810 2113 hominem
1842 2070 1962 2112 esse
1996 2066 2249 2111 constan-

687 2169 765 2214 ter
789 2156 894 2225 ει
931 2152 1300 2207 aﬂirmarent?
1333 2166 1399 2205 an
1423 2151 1493 2204 ob
1523 2151 1572 2202 id
1600 2149 1794 2213 verius,
1829 2147 1968 2216 quod
2005 2161 2098 2201 sua
2125 2161 2246 2202 eum

685 2246 1017 2299 confessione
1053 2254 1305 2311 tanquam
1344 2240 1508 2294 Deum
1552 2237 1979 2292 venerarenturl
2021 2236 2125 2290 Res
2166 2248 2249 2292 est

684 2341 866 2402 clara;
915 2343 1128 2390 constat
1171 2335 1313 2388 enim
1346 2347 1374 2386 a
1423 2332 1669 2400 martyrii
1721 2332 1888 2399 gloria
1943 2331 2243 2395 excidisse,

681 2429 1062 2495 Christumque
1098 2424 1152 2478 iu
1193 2425 1278 2479 die
1311 2423 1499 2491 judicii
1543 2423 1663 2476 illos
1699 2422 1934 2476 vicissim
1978 2423 2246 2490 abuegare

682 2528 1050 2588 comperturos
1077 2530 1215 2580 esse,
1249 2517 1337 2583 qui
1363 2514 1510 2568 illum
1542 2513 1760 2566 inllciati
1786 2523 1929 2566 sunt.
1954 2512 2072 2566 1am
2106 2529 2242 2581 quo-

683 2609 837 2661 modo
863 2606 1001 2659 Deus
1032 2606 1075 2658 is
1107 2604 1409 2658 censendus
1437 2618 1541 2656 non
1575 2611 1680 2662 est,
1721 2603 1810 2670 qui
1855 2602 2096 2669 martyrii
2133 2602 2245 2669 gla-

683 2703 765 2753 ria
781 2714 873 2752 eos
899 2695 1078 2757 allicit,
1098 2695 1185 2761 qui
1212 2694 1383 2763 ipsum
1405 2707 1525 2746 esse
1546 2706 1671 2745 vere
1702 2691 1863 2744 Deum
1884 2691 2245 2744 conﬁtentur?

764 2808 781 2841 ι
815 2787 1010 2842 Venite
1055 2785 1121 2840 ad
1157 2800 1262 2848 me,
1295 2799 1480 2837 omnes
1509 2783 1598 2852 qui
1644 2782 1898 2837 laboratis
1940 2793 1994 2837 et
2035 2782 2242 2835 onerati

679 2881 827 2944 estis,
860 2889 914 2934 et
941 2892 1040 2946 ego
1065 2875 1302 2929 reﬁciam
1338 2890 1453 2928 vos.
1497 2874 1686 2927 ’l‘ollite
1715 2873 1900 2943 iugum
1944 2887 2118 2926 meum
2154 2887 2245 2927 su-

680 2988 772 3042 per
793 2987 890 3026 vos
911 2971 976 3022 ".
1013 2987 1036 3020 ι
1068 2968 1126 3021 Si
1157 2965 1470 3020 Emmanuel
1493 2981 1650 3018 verus
1676 2966 1813 3018 Deus
1839 2980 1944 3018 non
1969 2974 2051 3018 est
2081 2981 2095 3018 :
2119 2980 2241 3019 cum

681 3065 786 3118 Deo
834 3062 1074 3116 serviant
1120 3055 1323 3120 omnia,
1373 3071 1470 3110 cur
1519 3070 1675 3110 suum
1729 3054 1817 3109 ille
1851 3053 2037 3123 iugum
2088 3056 2243 3110 nobis

679 3149 1158 3223 itnponitilugum
1198 3158 1378 3202 autem
1408 3158 1463 3201 et
1515 3146 1631 3215 ipsa
1676 3161 1893 3216 quoque
1943 3147 2025 3199 lex
2064 3146 2242 3214 appel-

679 3251 784 3303 lata
825 3257 933 3301 est.
987 3243 1186 3297 Verum
1237 3241 1487 3295 Christus
1534 3239 1809 3307 prOprium
1865 3237 2018 3290 nobis
2053 3237 2240 3305 jugum

676 3337 926 3407 imponit,
962 3348 1166 3402 nosque
1199 3330 1464 3387 obnoxios
1489 3328 1592 3383 sibi
1627 3328 1821 3390 reddit,
1856 3327 2065 3380 tametsi
2092 3325 2240 3379 Patri

676 3427 958 3483 submittat
984 3423 1188 3478 omnia.
1224 3423 1363 3476 Deus
1415 3419 1581 3489 igitur
1616 3427 1720 3472 est.
1770 3415 1920 3471 Unde
1963 3425 2021 3470 ut
2059 3416 2239 3470 omnia

675 3518 749 3573 illi
784 3517 1026 3583 subjecta
1055 3513 1184 3578 sint,
1219 3526 1318 3582 par
1351 3520 1455 3565 est.

751 3608 980 3661 «Annon
1000 3604 1203 3674 leg-istis
1234 3605 1286 3656 in
1317 3601 1456 3671 lege,
1474 3601 1596 3670 quia
1625 3601 1678 3654 in
1715 3598 1966 3653 Sahbatis
1992 3599 2242 3654 sacerdo-

674 3710 761 3753 tes
793 3700 844 3751 in
895 3695 1090 3764 templo
1136 3692 1431 3747 Sahhatum
1475 3691 1694 3756 violant,
1741 3698 1794 3745 et
1841 3689 1963 3744 sine
2012 3688 2239 3743 crimine

672 3788 846 3843 sunt?
882 3786 1013 3841 Dico
1055 3795 1233 3840 autem
1280 3783 1473 3846 vobis,
1515 3781 1639 3849 quia
1693 3779 1863 3849 major
1909 3779 2107 3848 templo
2154 3781 2240 3835 hic

674 3891 754 3936 est
778 3879 847 3932 ’⁸.
888 3898 910 3931 ι
943 3876 1007 3933 Si
1037 3875 1345 3930 sacerdotes
1375 3875 1464 3942 qui
1489 3874 1782 3927 Sabhatum
1816 3872 2140 3942 profanant,
2170 3871 2240 3927 ob

673 3970 727 4022 id
775 3966 928 4036 culpa
978 3975 1195 4029 vacant,
1242 3963 1386 4034 quod
1433 3964 1615 4018 divino
1673 3962 1835 4016 cultui
1892 3963 2235 4026 incumbant;

673 4057 945 4129 quomodo
970 4055 1148 4111 cultus
1177 4055 1268 4124 qui
1294 4055 1510 4110 Christo
1543 4054 1870 4121 impenditur
1892 4092 1906 4118 ,
1943 4053 2241 4108 ministerio

672 4148 815 4212 quod
871 4144 1182 4200 sacerdotes
1239 4146 1292 4198 in
1347 4143 1544 4212 templo
1588 4143 1844 4208 obibant,
1895 4143 2240 4212 praestantior

671 4234 961 4292 censetur?
985 4232 1134 4303 atqui
1156 4243 1397 4303 apertum
1432 4243 1517 4288 est
1547 4247 1662 4298 eos,
1689 4234 1783 4302 qui
1813 4231 1912 4286 sub
1944 4233 2059 4303 lege
2088 4233 2238 4288 vive-

671 4328 822 4394 bant,
852 4324 904 4380 in
963 4325 1155 4380 umbra
1197 4334 1253 4378 et
1279 4323 1454 4393 ﬁgura
1495 4323 1952 4393 supercmlestium
1999 4321 2108 4377 Deo
2142 4324 2238 4377 mi-

671 4418 948 4473 nistrasse.
987 4413 1090 4470 Sed
1116 4415 1281 4470 divini
1315 4415 1391 4469 illi
1418 4413 1665 4483 discipuli
1693 4412 1893 4469 Christi
1916 4424 2234 4480 sectatores,

672 4507 882 4577 ipsique
914 4507 1304 4572 ministrantes,
1336 4505 1581 4575 ampliori
1618 4505 1822 4561 honore
1847 4513 1900 4557 et
1932 4504 2099 4572 gloria
2132 4520 2228 4573 po-
2263 4541 2304 4595 Β

672 4600 755 4652 titi
785 4607 930 4654 sunt.
969 4597 1120 4663 Quod
1151 4597 1196 4652 si
1227 4596 1586 4652 ministerium
1631 4598 1771 4664 quod
1818 4596 2033 4650 Christo
2077 4595 2228 4650 exhi-

667 4686 848 4756 betur,
876 4687 1035 4759 legali
1074 4688 1238 4742 cultui
1264 4688 1486 4742 multum
1529 4688 1833 4753 antecellit,
1866 4690 2131 4757 quomodo
2178 4690 2228 4743 in

668 4778 834 4832 sobrii
863 4778 1178 4847 cujusquam
1211 4778 1594 4843 cogitationem
1632 4778 1823 4832 cadere
1855 4786 2046 4846 potest,
2074 4779 2230 4832 Chri-

671 4876 812 4924 stum
839 4883 942 4922 nou
974 4883 1090 4922 esse
1116 4883 1302 4922 verum
1331 4867 1544 4922 Deum?

743 4978 761 5010 ι
822 4957 877 5013 Si
924 4945 1021 5029 ego
1070 4958 1124 5012 iu
1189 4955 1490 5012 Beelzebub
1562 4959 1718 5026 ejicio
1784 4959 2072 5024 daemones,
2137 4960 2228 5015 ﬁlii

670 5050 831 5107 vestri
895 5049 945 5104 in
1004 5062 1114 5119 quo
1164 5048 1425 5113 ejiciunt?
1484 5047 1604 5102 ideo
1652 5051 1751 5118 ipsi
1803 5051 2012 5118 judices
2067 5053 2227 5107 vestri

667 5155 823 5202 erunt
844 5146 911 5200 ’⁷.
960 5163 984 5195 ι
1016 5142 1072 5197 Si
1100 5143 1152 5196 in
1181 5139 1381 5196 Christi
1413 5140 1630 5193 nomine
1663 5154 1691 5192 a
1717 5141 1979 5196 daemonio
2009 5152 2227 5196 vexatos

667 5235 912 5304 discipuli
959 5234 1218 5289 curabant
1260 5231 1629 5302 (invocabant
1670 5229 1813 5284 enim
1863 5245 2057 5285 nomen
2099 5231 2222 5285 Jesu

668 5326 994 5397 Nazareni)‘,
1039 5323 1308 5396 quomodo
1352 5323 1417 5377 de
1459 5336 1584 5376 vera
1627 5321 1769 5376 illius
1803 5323 2084 5377 divinitate
2118 5339 2226 5377 am-

665 5419 847 5487 bigere
879 5417 961 5473 ias
989 5425 1072 5470 est
1098 5417 1121 5468 ?
1148 5415 1333 5486 Neque
1363 5415 1506 5468 enim
1540 5413 1644 5466 ulla
1675 5413 1895 5467 omnino
1921 5414 2092 5484 gloria
2135 5424 2225 5469 aut

663 5510 900 5577 potentia
958 5511 1190 5562 humana
1243 5517 1328 5561 sat
1380 5505 1539 5559 fuerit
1592 5507 1655 5557 ad
1714 5505 2078 5558 debellandum
2121 5505 2220 5559 Sa-

663 5610 862 5654 tanam.

2351 1995 2457 2031 των
2487 1977 2579 2030 καὶ
2619 1973 2867 2037 θανάτου,
2901 1971 3133 2043 Χριστὸν
3181 1970 3619 2041 ὡμολογηκότες.
3668 1966 3805 2040 'Ap‘
3837 1965 3924 2021 οὖν

2351 2066 2772 2137 ἐστεφάνωνται,
2807 2063 3269 2133 διαϐεϐαιούμενοι
3299 2062 3395 2114 καὶ
3421 2061 3677 2128 λέγοντες
3715 2061 3922 2131 ἄνθρωο

2351 2178 2450 2214 πον
2478 2160 2615 2213 εἶναι
2641 2158 2818 2210 κοινὸν
2850 2157 3028 2220 αὐτὸν,
3061 2156 3092 2225 ἢ
3134 2155 3331 2224 μᾶλλον
3363 2154 3438 2218 ὼς
3467 2155 3601 2206 Θεὸν
3639 2157 3770 2216 ταῖς
3798 2157 3922 2222 ὀμο-

2348 2248 2557 2314 λογίαις
2596 2246 2985 2315 τετιμηκότεςς
3032 2242 3171 2297 Ἀλλ’
3201 2243 3314 2296 ἔστι
3343 2243 3520 2315 δῆλον.
3565 2243 3628 2297 Οί
3659 2243 3778 2310 γὰρ
3808 2241 3922 2294 τοῦθ

2350 2356 2438 2389 τον
2465 2337 2852 2408 ἀρνησάμενοι,
2884 2334 2975 2386 καὶ
3002 2336 3099 2404 τῆς
3144 2335 3237 2388 τοῦ
3282 2333 3581 2405 μαρτυρίου
3625 2329 3792 2398 δόξης
3826 2332 3922 2381 ὰπ-

2348 2427 2595 2490 ὡλισοον,
2643 2427 2736 2480 καὶ
2774 2427 2936 2479 αὑτὸν
2986 2426 3307 2496 εὑρήσουσιν
3351 2427 3408 2477 ὲν
3447 2424 3636 2493 ἡμέρᾳ
3685 2421 3921 2490 κρίσεως

2349 2518 2676 2590 ἀρνούμενον
2705 2518 2897 2578 αὐτοὺς
2925 2517 3012 2569 τὸν
3049 2517 3299 2585 Χριστόν.
3333 2512 3462 2568 Εἶτα
3509 2512 3628 2574 πῶς
3668 2514 3736 2564 οὐ
3773 2511 3916 2570 Θεὸς,

2348 2609 2375 2658 ὁ
2405 2611 2468 2676 τῇ
2495 2607 2587 2660 τοῦ
2621 2606 2917 2677 μαρτυρίου
2949 2604 3074 2674 δόξῃ
3127 2606 3399 2673 στεφανῶν
3427 2605 3574 2665 τοὺς,
3631 2604 3717 2655 ὅτι
3766 2600 3922 2652 τοῦτο

2347 2697 2494 2746 ἐστιν
2533 2696 2766 2766 ἀληθῶς,
2805 2692 3196 2763 ὁμολογοῦντας
3225 2693 3418 2754 αὑτόνς

2423 2794 2442 2833 ι
2487 2782 2651 2836 Δεῦτε
2701 2783 2838 2854 πρός
2884 2799 2970 2851 με,
3008 2781 3209 2843 πάντες
3255 2781 3304 2832 οἱ
3348 2778 3650 2839 κοπιῶντες
3703 2777 3800 2828 καὶ
3833 2793 3921 2827 πει

2347 2875 2716 2945 φορτισμένοι,
2749 2874 2906 2943 κάγὼ
2939 2874 3238 2928 ἀναπαύσω
3262 2875 3424 2941 ὑμᾶς.
3471 2875 3678 2941 ’Ἄρατε
3718 2872 3810 2922 τὸν
3833 2873 3918 2933 ζυ-

2346 2966 2439 3033 γόν
2477 2983 2578 3035 μου
2626 2967 2709 3032 ἐφ’
2757 2967 2916 3035 ὑμᾶς.
2959 2985 2977 3016 ι
3025 2965 3085 3016 Ei
3144 2963 3218 3033 μὴ
3260 2963 3390 3023 Θεός
3437 2964 3585 3014 ἐστιν
3633 2959 3848 3028 ἀληθῶς
3892 2962 3918 3009 ὁ

2359 3056 2735 3127 Ἐμμανουήλ,
2783 3057 2902 3108 τίνα
2952 3055 3149 3124 τρόπον
3199 3052 3289 3105 τὸν
3334 3052 3526 3106 ἑαυτοῦ
3575 3050 3743 3118 ζυγὸν
3793 3051 3917 3118 ἡμῖν

2347 3149 2658 3221 ἐπιτίθησι;
2709 3148 2843 3201 Θεοῦ
2895 3147 3002 3218 γὰρ
3047 3145 3210 3198 δοῦλα
3238 3145 3307 3198 τὰ
3344 3147 3538 3197 πάντα.
3586 3144 3820 3212 Εἴρηται
3867 3141 3918 3191 δὲ

2345 3241 2506 3308 ζυγὸς
2535 3242 2627 3294 καὶ
2660 3241 2687 3292 ὁ
2719 3241 2902 3308 νόμος.
2947 3237 3103 3290 ’Λλλὰ
3133 3236 3435 3305 ἐπιτίθησιν
3467 3237 3598 3304 ἡμῖν
3626 3236 3654 3285 ὁ
3685 3233 3920 3302 Χριστὸς

2342 3330 2432 3382 τὸν
2463 3331 2591 3382 ἴδιον
2613 3329 2794 3395 ζυγὸν,
2817 3327 2994 3398 ἑαυτῷ
3019 3344 3076 3379 τε
3103 3325 3408 3387 ὑποτάττει,
3436 3323 3610 3375 καίτοι
3641 3323 3708 3374 ei
3737 3321 3916 3373 πάντα

2344 3424 2631 3492 ὑποφέρων
2662 3421 2738 3490 τῷ
2765 3419 2958 3488 Πατρί.
2991 3417 3119 3479 Θεὸς
3155 3416 3262 3486 ἄρα
3297 3416 3466 3480 ἐστὶν,
3496 3414 3620 3492 ὅθεν
3650 3412 3806 3479 αὐτῷ
3832 3414 3921 3464 καὶ

2344 3511 2660 3566 ὑποκεῖσθαι
2696 3510 2764 3562 τὰ
2793 3512 2970 3562 πάντα
3002 3509 3222 3576 πρέπει.

2419 3625 2435 3655 ι
2477 3603 2540 3656 ’³11
2573 3605 2673 3656 οὐκ
2704 3602 2972 3669 ἀνέγνωτε
3015 3603 3072 3654 ὲν
3109 3602 3186 3671 τῷ
3216 3599 3389 3669 νόμῳ,
3421 3599 3500 3651 ὅτι
3533 3599 3590 3649 ἐν
3632 3599 3749 3658 τοῖς
3784 3595 3921 3648 2&6-

2341 3699 2496 3751 6atctv
2524 3697 2573 3749 οί
2609 3697 2770 3767 ἱερεῖς
2803 3696 2861 3747 ὲν
2896 3693 2973 3763 τῷ
3004 3692 3131 3764 ἱερῷ
3175 3693 3234 3744 τὸ
3278 3691 3552 3743 Σάδῦατον
3602 3688 3917 3757 βεϐηλοῦσι,

2341 3792 2432 3843 καὶ
2469 3787 2693 3842 ἀναίτιοί
2733 3790 2872 3850 sint;
2903 3785 3059 3852 Λέγω
3087 3784 3144 3836 δὲ
3175 3784 3322 3853 ὑμῖν,
3370 3784 3450 3835 ὅτι
3478 3780 3570 3834 τοῦ
3603 3781 3752 3850 ἱεροῦ
3803 3783 3920 3849 μεί-

2341 3881 2446 3943 ζων
2482 3878 2626 3930 ἐστὶν
2667 3870 2790 3931 ὧδε.
2829 3895 2847 3928 ι
2879 3876 2941 3928 El
2973 3873 3323 3943 βεϐηλοῦντες
3353 3873 3412 3925 τὸ
3446 3871 3725 3923 Σὰὁεατον
3757 3873 3806 3921 οἱ
3845 3874 3918 3920 ἱε-

2343 3972 2452 4040 ρεῖς
2497 3967 2726 4021 ἀναίτιοί
2760 3967 2918 4026 εἰσιν,
2952 3964 3027 4027 ὡς
3057 3963 3174 4032 Θεῷ
3216 3963 3577 4033 προσάγοντες
3605 3961 3702 4023 τὰς
3748 3962 3917 4027 Θερα-

2342 4061 2524 4124 πείας·
2553 4060 2668 4122 πῶς
2692 4058 2799 4110 τῶν
2821 4060 2877 4111 ὲν
2897 4056 2972 4126 τῷ
3002 4055 3130 4126 ἱερῷ
3156 4056 3448 4126 δρωμένων
3475 4055 3914 4121 vasin-41.25;"

2339 4155 2371 4223 ἡ
2402 4149 2636 4223 Χριστοῦ
2668 4148 2965 4218 θεραπείας
3003 4145 3144 4198 Ἀλλ’
3175 4145 3290 4198 ιστι
3322 4143 3496 4214 δῆλον,
3526 4143 3609 4196 ὃτι
3643 4143 3693 4195 oi
3723 4145 3828 4211 μὲν
3861 4146 3916 4194 ὲν

2337 4245 2506 4316 νόμῳ,
2523 4243 2617 4296 καὶ
2639 4242 2789 4312 σκιᾷ,
2810 4241 2902 4294 καὶ
2938 4239 3293 4309 ὑποδείγματι
3321 4237 3428 4291 τῶν
3451 4234 3798 4307 ἐπουρανίων
3831 4236 3918 4287 λε-

2337 4333 2694 4406 λατρεύκασιν
2720 4349 2731 4360 ·
2761 4333 2810 4386 oi
2839 4333 2895 4386 δὲ
2927 4330 3204 4385 θεσπέσιοι
3246 4328 3486 4401 μαθηταὶ
3515 4328 3911 4398 προσεδρεύον-

2336 4425 2427 4485 τές
2451 4440 2510 4476 τε
2549 4425 2644 4476 καὶ
2676 4422 3112 4494 λειτουργοῦντες
3148 4421 3227 4491 τῷ
3259 4419 3497 4492 Χριστῷ,
3533 4420 3758 4489 μείζονα
3789 4419 3914 4491 [τὴν

2334 4509 2523 4582 τιμὴν]
2603 4512 2691 4564 καὶ
2745 4511 2843 4581 τὴν
2889 4512 3044 4577 δόξαν
3079 4506 3244 4580 εἶχον.
3287 4510 3394 4563 Καὶ
3432 4510 3478 4562 εί
3508 4509 3604 4576 τῆς
3654 4508 3710 4560 ὲν
3763 4511 3915 4576 νόμῳ

2333 4602 2589 4672 λατρείας
2653 4603 2710 4653 ἐν
2764 4601 3006 4670 ἀμείνοσι
3055 4602 3113 4654 τὸ
3160 4601 3489 4670 λειτουργεῖν
3541 4597 3619 4666 τῷ
3665 4598 3910 4669 Χριστῷ,

2339 4692 2453 4754 πῶς
2483 4696 2582 4744 οὐκ
2634 4692 2703 4745 ἂν
2741 4696 2910 4745 νοοῖτο
2937 4691 3066 4754 Θεὸς
3104 4691 3344 4761 ἀληθήςς

2417 4981 2434 5011 ι
2479 4963 2540 5014 Εἰ
2567 4959 2675 5030 ἐγὼ
2701 4961 2757 5013 ὲν
2790 4959 3113 5024 Βεελζεϐοὺλ
3141 4958 3385 5012 ἐκϐάλλω
3406 4960 3472 5012 τὰ
3497 4960 3773 5029 δαιμόνια,
3807 4980 3912 5029 φη-

2337 5055 2443 5119 σὶν,
2471 5055 2519 5107 οἱ
2548 5053 2654 5105 uio).
2683 5052 2833 5122 ὑμῶν
2854 5054 2910 5106 ὲν
2937 5051 3044 5106 τίνι
3069 5050 3418 5115 ὲκ6άλ).ουσι;
3445 5051 3541 5103 Διὰ
3569 5051 3728 5102 τοῦτο
3753 5052 3911 5103 αὐτοὶ

2334 5143 2521 5212 κριταὶ
2553 5141 2766 5196 ἔσονται
2800 5142 2973 5211 ὑμῶν.
3015 5162 3032 5194 ι
3074 5143 3135 5194 Εἰ
3171 5144 3226 5194 ἐν
3270 5141 3491 5211 ὀνόματι
3532 5141 3624 5193 τοῦ
3671 5142 3910 5212 Χριστο]

2339 5231 2774 5302 τεθεραπεύκασι
2818 5235 2943 5295 τοὺς
2986 5232 3352 5302 δαιμονῶντας
3383 5235 3430 5286 oi
3467 5234 3744 5302 μαθηταὶ,
3789 5237 3914 5296 (ἑπ-

2329 5320 2570 5392 εφὼνουν
2615 5322 2754 5392 γάρ·
2807 5323 2893 5376 Ἐν
2921 5323 3144 5393 ὀνόματι
3189 5323 3362 5392 Ἰησοῦ
3395 5323 3630 5394 Χριστοῦ
3670 5322 3762 5375 τοῦ
3793 5325 3910 5376 Να-

2329 5412 2587 5483 ζωραίου)
2607 5453 2623 5476 ,
2659 5413 2776 5475 πῶς
2811 5415 2911 5466 οὐκ
2941 5414 3004 5468 ἂν
3031 5418 3200 5468 νοοῖτο
3234 5414 3366 5480 Θεὸς
3394 5416 3637 5486 ἁληθής;
3689 5417 3762 5469 Οὐ
3791 5419 3910 5483 γὰρ

2327 5503 2392 5554 ἂν
2423 5504 2717 5574 ἐξήρκεσεν
2739 5503 3025 5574 ἀνθρώπου
3049 5505 3172 5569 δόξα
3204 5507 3298 5558 καὶ
3315 5505 3541 5577 δύναμις
3573 5509 3651 5569 εἰς
3686 5507 3744 5560 τὸ
3776 5524 3912 5563 κατα

2327 5594 2552 5663 ισχύοειι
2586 5595 2676 5646 τοῦ
2709 5596 2944 5647 Σατανᾶ.

728 5774 776 5809 οι
807 5770 995 5828 Μοιιιι.
1021 5787 1080 5840 ι,
1116 5771 1204 5838 52,
1242 5770 1328 5824 ss.
1406 5770 1450 5804 ιε
1471 5766 1663 5823 Matth.
1695 5783 1768 5835 xl,
1800 5768 1888 5832 εδ,
1927 5768 2013 5822 29.
2091 5768 2135 5797 νο
2167 5767 2241 5820 Ma

2343 5809 2356 5822 .
2397 5768 2577 5835 “1,5.
2656 5769 2700 5799 θ’
2729 5770 2859 5825 una.
2888 5769 2981 5822 s7.
