4056 6334
191 362 332 419 1265

1275 365 1365 420 DE
1406 365 1634 423 RECTA
1672 364 1827 421 FIDE
1863 365 1955 421 AD
1993 360 2307 420 BEGINAS.

3270 351 3404 409 1266

268 494 290 524 ε
338 474 545 547 Ὥσπερ
592 470 685 529 οῦν
734 477 1046 546 συλλέγεται
1094 476 1160 529 τὰ
1193 477 1429 541 ζιζάνια,
1481 479 1573 531 καὶ
1620 478 1753 547 πυρὶ

1930 495 1947 527 ι
1987 475 2135 531 Sicut
2174 489 2304 544 ergo
2332 470 2663 541 colliguntur
2696 466 2927 533 sisania,
2956 473 3012 523 et
3051 464 3158 536 igni
3186 464 3405 520 combu-

192 566 577 617 κατακαίεται·
601 566 771 631 οὕτως
810 567 961 620 ἔσται
1001 570 1058 619 ἐν
1084 568 1147 637 τῇ
1191 567 1467 638 συντελείᾳ
1494 568 1587 620 τοῦ
1616 566 1751 621 αἰῶ-

193 672 303 718 νος.
349 656 659 710 ’Δποστελεῐ
691 660 719 712 6
748 659 874 723 Υἱὸς
905 658 998 712 τοῦ
1028 657 1310 728 ἀνθρώπου
1340 659 1463 721 τοὺς
1490 657 1752 725 ἀγγέλους

193 746 384 811 αὑτοῦ,
417 748 508 800 καὶ
537 750 880 813 συλλέξουσιν
900 753 963 803 ὲκ
991 753 1086 821 τῆς
1105 750 1377 819 βασιλείας
1396 750 1557 803 αὑτοῦ
1578 751 1751 803 πάντα

191 834 263 887 τὰ
295 837 580 901 σκάνδαλα,
631 840 726 893 καὶ
765 841 890 902 τοὺς
933 839 1215 902 ποιοῦντας
1243 839 1341 909 τὴν
1378 840 1628 909 ἀνομίαν,
1660 841 1753 893 καὶ

196 921 447 990 βαλοῦσιν
473 928 669 991 αὐτοὺς
697 930 775 992 εἰς
804 931 901 999 τὴν
930 931 1156 999 κάμινον
1180 928 1275 982 τοῦ
1310 932 1500 1001 πυρός.
1557 949 1575 981 ι
1616 930 1753 999 ῐῙερλ⁵

192 1014 331 1068 Θεοῦ
384 1019 719 1089 γέγραπται·
772 1038 789 1071 ι
832 1020 1110 1088 Εὑλογεῖτε
1155 1019 1247 1073 τὸν
1284 1020 1508 1090 Κύριον,
1557 1022 1754 1084 πάντες

193 1107 244 1158 al
276 1107 493 1175 ἄγγελοι
524 1109 705 1162 αὑτοῦ.
743 1128 762 1160 ι
810 1111 883 1162 O6
928 1110 1035 1181 γὰρ
1064 1108 1289 1178 ἄγγελος
1337 1110 1566 1179 ἀγγέλου
1612 1111 1751 1173 ἐστὶ,

195 1197 335 1250 Θεοῦ
364 1198 419 1251 δὲ
454 1200 652 1269 μᾶλλον
679 1201 746 1255 τὰ
778 1201 973 1256 πάντα.
1023 1200 1145 1264 Πῶς
1189 1197 1280 1253 οὖν
1312 1218 1444 1269 φησι
1488 1204 1614 1273 περὶ
1659 1202 1752 1254 τοῦ

195 1287 331 1340 Υῑοῦ
359 1289 450 1341 τοῦ
482 1290 787 1360 ἀνθρώπου,
808 1292 891 1345 ὅτι
918 1292 1203 1345 ἀποστελεῖ
1229 1293 1352 1353 τοὺς
1379 1292 1640 1359 ἀγγέλους
1667 1294 1757 1346 αῦ-

194 1379 332 1447 τοῦ;
382 1382 511 1445 Θεὸς
539 1378 630 1436 οὖν
665 1385 771 1454 ἄρα
807 1384 975 1448 ἐστὶν,
1006 1384 1080 1447 ὡς
1124 1383 1214 1437 καὶ
1250 1382 1410 1447 ιδίους
1452 1385 1591 1452 ἔχων
1630 1386 1756 1446 τοὺς

192 1472 482 1540 ἀγγέλους,
514 1476 604 1527 καὶ
651 1475 738 1529 διὰ
771 1475 877 1529 τῶν
924 1475 1035 1530 ἄνω
1086 1474 1404 1545 πνευμάτων
1450 1475 1753 1544 ὑπηρετού-

195 1579 380 1631 μενος.

272 1674 291 1705 ι
347 1656 651 1726 Ἡρώτησεν
677 1659 705 1711 6
735 1658 984 1727 Χριστός·
1019 1658 1150 1711 Τίνα
1182 1677 1247 1729 με
1291 1658 1535 1727 λέγουσιν
1572 1658 1620 1709 οἱ
1662 1655 1755 1710 άν-

194 1743 403 1813 θρωποι
432 1743 573 1799 εἶναι
618 1748 707 1799 τὸν
736 1748 862 1801 Υἰὸν
890 1746 983 1800 τοῦ
1013 1746 1334 1819 άνθρώπου;
1370 1750 1431 1802 οι
1467 1748 1523 1801 δὲ
1567 1746 1716 1800 εἷπον
1738 1759 1752 1776 ⁸

1856 577 2066 632 runtur,
2113 566 2193 621 sic
2236 564 2339 620 erit
2393 563 2447 618 in
2504 559 2970 617 consummatione
3024 554 3228 612 saeculi.
3288 553 3411 608 Mit-

1856 664 1933 711 tet
1966 654 2135 710 Filius
2163 654 2395 709 hominis
2425 651 2642 722 angelos
2670 663 2819 713 suos.
2851 659 2906 704 et
2940 646 3192 719 colligent
3225 644 3294 701 de
3329 660 3406 697 re-

1853 762 1958 818 gno
1978 747 2097 816 ejus
2127 746 2305 801 omnia
2336 743 2611 807 scandala,
2649 752 2703 796 et
2727 756 2821 797 eos
2858 740 2947 811 qui
2986 738 3194 794 faciunt
3220 734 3384 805 iniqui

1854 847 2021 893 tatem
2056 854 2071 892 :
2105 846 2159 892 et
2199 838 2415 892 mittent
2456 850 2551 891 eos
2588 835 2644 890 in
2690 834 2961 889 caminum
3001 829 3140 902 ignis
3164 828 3234 883 ".
3268 845 3290 880 ι
3334 826 3410 880 De

1854 928 1962 984 Deo
1978 930 2086 1000 82
2105 928 2328 998 legimus
2358 945 2372 981 :
2413 944 2432 979 ι
2465 926 2776 982 Benedicite
2806 924 3055 987 Domino,
3088 933 3277 976 omnes
3311 934 3404 972 an-

1851 1021 1955 1091 geli
1983 1022 2101 1090 ejus
2132 1021 2198 1074 ".
2233 1038 2251 1072 ι
2288 1017 2473 1088 Neque
2514 1018 2656 1072 enim
2701 1015 2926 1086 angelus
2970 1012 3144 1085 angeli
3172 1022 3285 1075 est,
3312 1008 3409 1065 sed

1852 1109 1945 1165 Dei
1975 1121 2097 1166 sunt
2124 1110 2328 1165 omnia.
2370 1109 2501 1164 Cum
2545 1123 2676 1179 ergo
2725 1108 2792 1162 de
2836 1106 2975 1162 Filio
3011 1103 3242 1159 hominis
3266 1102 3408 1158 dica-

1854 1212 1961 1267 tur,
2001 1202 2142 1271 quod
2174 1200 2437 1256 missurus
2490 1200 2564 1254 sit
2601 1197 2819 1269 angelos
2860 1212 3035 1253 suos:
3088 1192 3410 1264 angelosque

1852 1302 1907 1347 et
1932 1294 2154 1362 spiritus
2188 1291 2307 1347 illos
2348 1304 2627 1359 supremos
2659 1300 2913 1359 tanquam
2953 1286 3200 1357 proprios
3251 1283 3408 1340 mini-

1854 1392 1994 1439 atros
2020 1380 2308 1452 possideat,
2342 1380 2563 1436 evidens
2596 1379 2653 1433 [lt
2680 1378 2831 1433 illum
2863 1391 2983 1432 esse
3014 1376 3199 1431 Deum.

1930 1672 1949 1705 s
1984 1652 2352 1720 Interrogahat
2377 1648 2670 1718 discipulos
2701 1661 2869 1702 suos:
2910 1644 3079 1711 Quem
3115 1657 3203 1697 me
3224 1639 3410 1696 dicunt

1858 1744 2100 1797 homines
2152 1754 2273 1795 esse
2314 1738 2511 1794 Filium
2563 1733 2833 1791 hominis?
2878 1732 2948 1787 At
2992 1730 3069 1785 illi
3117 1727 3405 1783 dixerunt:

192 1839 259 1889 Ol
295 1839 411 1907 μὲν,
464 1841 712 1909 Ἰωάννην
751 1842 840 1893 τὸν
874 1814 1208 1913 Βαπτιστίήν·
1241 1843 1386 1898 ἄλλοι
1412 1843 1489 1905 δὲ,
1538 1841 1751 1895 Ἠλίαν·

1858 1831 2266 1897 Alii,Joaunem
2318 1828 2650 1897 Baptistam;
2700 1824 2793 1879 alii
2841 1831 3044 1887 autem,
3079 1820 3283 1884 Eliam;
3319 1814 3409 1871 alii

190 1928 343 1983 άλλοι
383 1930 459 1993 δὲ,
499 1932 840 2002 ’1ερεμίαν,ἢ
868 1932 963 1985 ἕνα
988 1934 1094 1985 τῶν
1122 1934 1439 2005 προφητῶν.
1468 1933 1628 2003 Λέγει
1654 1935 1752 1987 αὑ-

189 2020 335 2081 τοῐς’
382 2018 566 2089 Ὑμεῖς
591 2020 668 2084 δὲ,
702 2022 821 2074 τινα
857 2038 923 2091 με
954 2022 1135 2089 λέγετε
1180 2018 1317 2076 εἶναι
1337 2041 1352 2088 ;
1414 2023 1755 2093 Ἀποκριθεὶς

188 2106 271 2168 δὲ,
305 2109 485 2178 φησὶν,
527 2113 555 2163 6
586 2111 808 2182 Πέτρος,
840 2110 962 2165 εἷπε
984 2128 997 2143 '
1045 2115 1116 2166 Σὺ
1149 2110 1197 2167 εἷ
1230 2117 1257 2167 6
1292 2114 1527 2184 Χριστὸς
1569 2116 1598 2167 6
1627 2115 1756 2179 Υἱὸς

188 2198 287 2252 τοῦ
319 2199 451 2253 Θεοῦ
480 2202 571 2254 τοῦ
602 2202 817 2267 ζῶντος.
864 2206 1201 2276 Ἀποκριθεὶς
1244 2206 1297 2258 δὲ
1325 2208 1352 2258 ὁ
1394 2206 1597 2275 Ἰησοῦς
1618 2246 1633 2270 ,
1676 2202 1755 2261 εἷ-

191 2308 294 2343 πεν
325 2291 503 2361 αὐτῷ’
530 2292 808 2363 Μακάριος
838 2289 907 2359 εἷ,
939 2294 1116 2363 Σίμων
1151 2293 1263 2364 Bap
1306 2296 1474 2357 Ἰωνᾶ,
1507 2294 1588 2346 ὃτι
1619 2294 1753 2366 σὰρξ

188 2383 287 2435 καὶ
333 2380 468 2452 αἷμα
510 2384 609 2437 οὐκ
655 2386 967 2454 ἀπεκάλυῲέ
1006 2403 1106 2449 σοι,
1142 2385 1257 2438 ἀλλ’
1284 2388 1311 2439 6
1356 2386 1548 2455 Πατήρ
1593 2403 1693 2455 μου
1726 2386 1754 2438 6

189 2474 251 2525 ὲν
288 2478 397 2537 τοῖς
439 2475 702 2544 οὐρανοῖς.
734 2495 756 2527 δ
808 2477 869 2529 Εἰ
899 2476 1050 2547 ψιλὸς
1100 2476 1383 2547 ἄνθρωπος
1430 2478 1458 2529 6
1500 2477 1751 2547 Χριστὸς,

185 2565 332 2617 διατι
359 2565 726 2637 τεθαύμασται
756 2568 959 2640 Πέτρος
981 2568 1260 2639 ,ὁμολογῶν
1304 2569 1502 2635 adadv;
1547 2570 1670 2632 Πῶς
1698 2569 1753 2621 δέ

188 2656 311 2708 ἐστι
352 2658 445 2708 καὶ
476 2657 827 2721 θεοδίδακτος,
880 2658 913 2730 ἢ
964 2660 1120 2724 ποίας
1157 2659 1347 2731 ἐδεήθη
1395 2661 1753 2729 φωταγωγιας

188 2745 417 2810 ἄνωθεν,
446 2748 533 2801 ἵνα
557 2747 701 2819 μάθῃ
726 2749 785 2801 τὸ
810 2750 897 2801 ἐπ’
921 2751 987 2803 αὑ
1000 2749 1068 2820 τῷ
1093 2752 1413 2822 μυστήριον;
1455 2751 1592 2805 Ἀλλ’
1615 2752 1754 2820 ἔγνω

189 2834 327 2886 Θεὸν
357 2834 507 2900 ὄντα,
546 2837 638 2889 καὶ
678 2837 801 2889 Υἱὸν
819 2836 951 2889 Θεοῦ
998 2837 1195 2901 ζῶντος
1235 2839 1630 2911 διωμολόγησεν
1664 2842 1755 2893 αὑ-

188 2925 315 2977 τόν·
346 2925 596 2997 ταύτῃτοι
619 2927 1007 2996 τεθαύμασται.
1034 2928 1174 2999 Πλὴν
1195 2930 1289 2983 ἕνα
1320 2931 1464 2994 Υιὸν,
1501 2931 1593 2985 καὶ
1635 2932 1753 3002 οὐχὶ

187 3010 289 3065 δύο
318 3013 463 3077 υἱούς
496 3032 650 3084 φησι.
692 3016 957 3079 Δυσσεόὲς
1000 3012 1089 3069 οὖν
1133 3019 1239 3086 ἄρα
1279 3018 1332 3071 τὸ
1379 3019 1631 3090 διορίζειν
1674 3022 1753 3084 εἰς

186 3105 306 3159 δύο.
343 3128 361 3158 ι
396 3108 593 3161 Μέλλει
618 3110 725 3179 γάρ
753 3111 781 3162 6
810 3111 937 3173 Υἱὸς
963 3110 1055 3165 τοῦ
1100 3113 1389 3185 ἀνθρώπου
1414 3114 1669 3186 ἔρχεσθαι
1698 3122 1753 3171 ὲν

187 3200 256 3267 τῇ
292 3198 413 3268 δόξῃ
447 3199 541 3252 τοῦ
575 3200 783 3268 Πατρὸς
827 3201 1011 3266 αὑτοῦ,
1062 3204 1198 3272 μετὰ
1227 3205 1334 3257 τῶν
1371 3206 1617 3274 ἀγγέλων
1656 3210 1754 3260 αὺ-

187 3286 311 3342 τοῦ.
366 3307 385 3337 ι
441 3288 569 3341 Ἰδοὺ
626 3290 783 3343 πάλιν
828 3292 1087 3359 ἀγγέλους
1129 3294 1292 3346 αὑτοῦ
1347 3313 1477 3366 φησι
1526 3297 1591 3349 τὰ
1647 3298 1757 3351 ἄνω

188 3379 498 3449 πνεύματα,
532 3380 704 3435 καίτοι
733 3381 1023 3452 λεγομένου
1061 3382 1188 3435 Υἰοῦ
1221 3383 1525 3453 ἀνθρώπου.

271 3674 292 3707 ι
350 3653 638 3709 Ἐλθόντων
694 3655 757 3725 δὴ
805 3649 948 3708 οὖν(
1011 3657 1090 3719 εἰς
1130 3650 1517 3726 Καπερναοῦμ,
1590 3676 1755 3728 προσ-

199 3745 365 3817 ῆλθον
391 3746 439 3798 οἱ
471 3744 538 3797 τὰ
557 3745 822 3817 δίδραχμα
850 3747 910 3799 λα
921 3746 1229 3818 μϐάνοντες,
1248 3748 1324 3817 τῷ
1351 3745 1754 3820 Πέτρῳ,κα“ιεῐ-

192 3855 298 3891 πον
317 3854 330 3866 ’
376 3838 431 3889 '0
455 3835 769 3899 διδάσκαλος
793 3837 943 3907 ὑμῶν
962 3840 1023 3891 οὐ
1056 3838 1197 3892 τελεί
1215 3839 1281 3893 τὰ
1305 3839 1575 3911 δίδραχμα
1595 3857 1609 3904 ;
1647 3840 1757 3894 Καὶ

191 3929 374 3993 λέγει·
428 3927 552 3979 Nai.
603 3928 713 3981 Kal.
758 3927 1067 3982 εἰσελθόντα
1122 3930 1199 3992 εἷς
1242 3930 1340 4000 τὴν
1380 3932 1577 3997 οἰκίαν,
1627 3949 1760 4003 προ-

194 4017 429 4086 έφθασεν
457 4016 617 4070 αὑτὸν
666 4019 694 4071 6
746 4017 971 4103 Ἰησοῦς,
998 4017 1203 4086 λέγων’
1258 4018 1322 4070 Τί
1355 4036 1435 4073 σοι
1477 4020 1639 4086 δοκεῖ,
1678 4020 1764 4073 Σι-

197 4113 354 4179 μων;
394 4109 441 4161 oi
485 4107 723 4177 βασιλεῖς
777 4107 877 4178 τῆς
922 4108 1025 4177 γῆς
1076 4107 1182 4162 άπὸ
1229 4108 1386 4162 τίνων
1431 4108 1763 4179 λαμϐάνουσι

192 4198 346 4267 τέλη,
394 4198 426 4268 ἢ
470 4198 698 4268 κῆνσον;
747 4198 853 4252 ἀπὸ
893 4198 1002 4251 τῶν
1031 4196 1161 4250 υἱῶν
1190 4197 1452 4267 αὐτῶν,ἢ
1506 4199 1611 4251 ἀπὸ
1656 4198 1763 4252 τῶν

195 4289 491 4359 ἀλλοτρίων
510 4330 524 4354 ,
547 4285 681 4341 Εἷπε
706 4289 761 4343 δὲ
790 4290 934 4361 αὐτῷ
952 4308 967 4322 ο
1001 4290 1131 4343 Ἀπὸ
1157 4290 1265 4343 τῶν
1290 4290 1604 4360 ἀλλοτρίων.
1630 4288 1764 4345 Eine

194 4382 252 4435 δὲ
274 4378 422 4449 αὑτῷ
448 4379 475 4430 6
516 4379 751 4448 ἰησοῦςο
790 4382 931 4451 ’Ᾱρα
955 4399 1017 4451 γε
1054 4379 1321 4453 ἐλεύθεροὶ
1344 4382 1479 4433 εἰσιν
1507 4380 1555 4432 οἱ
1584 4382 1708 4434 υἱοέ.
1739 4400 1758 4434 ι

194 4470 322 4534 Πῶς
356 4469 634 4540 ἐλεύθερον
673 4471 861 4523 ἑαυτὸν
891 4467 1027 4524 εἷναί
1075 4489 1229 4542 φησι,
1279 4472 1373 4525 καὶ
1416 4470 1517 4535 ἔξω
1564 4472 1749 4540 νόμου,

195 4563 294 4617 καὶ
320 4560 604 4630 ὰσυντελῆ,
651 4561 745 4613 καὶ
778 4560 905 4613 Υἱὸν
950 4562 1183 4629 άληθῶς,
1234 4563 1283 4614 ει
1329 4562 1402 4632 μὴ
1430 4559 1561 4621 Θεός
1589 4562 1754 4621 ἐστιν,

196 4654 389 4709 ἑνώσει
419 4656 483 4725 τῇ
512 4652 629 4705 καθ’
658 4650 952 4705 ὑπόστασιν
973 4652 1170 4720 σαρκὸς
1204 4653 1297 4705 καὶ
1325 4652 1551 4721 αἵματος
1580 4663 1760 4700 κεκοι-

195 4746 487 4818 νωνηκώςς
520 4743 867 4798 Συντετελεκε
896 4742 952 4795 δὲ
978 4742 1036 4794 τὸ
1068 4743 1377 4812 δίδραχμον,
1421 4742 1497 4805 ὡς
1524 4737 1759 4808 γεγονὼς

198 4836 306 4889 ὑπὸ
338 4837 499 4905 νόμον
528 4837 554 4889 6
581 4835 717 4905 ὑπὲρ
745 4832 906 4901 νόμον
934 4830 1076 4892 Υἱός.
1109 4828 1423 4897 Ἀνθρωπος
1448 4829 1503 4880 δὲ
1526 4826 1621 4890 ὢν,
1664 4826 1760 4895 οὐχ

202 4924 341 4995 ὑπὲρ
367 4925 525 4994 νόμον
547 4928 743 4979 νοεῖται
775 4940 790 4955 ο
820 4921 935 4985 πῶς
957 4921 1097 4990 γάρ;
1126 4919 1233 4971 οὐδ’
1261 4918 1325 4971 ἂν
1354 4918 1465 4988 ἔχοι
1491 4917 1629 4971 κατά
1658 4916 1762 4984 φύ-

200 5029 289 5065 σιν
334 5013 394 5063 τὸ
423 5014 721 5084 ἐλεύθερον,
764 5015 811 5067 ει
848 5012 921 5083 μὴ
949 5011 1145 5063 νοεῖται
1175 5006 1306 5069 Θεὸς
1334 5008 1392 5057 ἐν
1434 5004 1751 5074 ἀνθρωπεία

202 5103 408 5173 μορφῇ-

287 5192 685 5256 Ἀναδιίνοντος
709 5197 766 5246 ὲν
804 5192 1189 5265 Ἰεροσολύμοις
1234 5185 1326 5240 τοῦ
1358 5184 1571 5237 πάντων
1599 5183 1755 5253 ἡμῶν

200 5284 452 5353 Σωτῆρος
480 5283 735 5352 Χριστοῦ,
770 5284 953 5348 παῖδες
984 5278 1351 5355 προεὸάδιζον,
1395 5272 1762 5343 εὐφημοῦντές

283 5441 327 5473 ’³
366 5437 555 5491 Matth.
588 5450 706 5496 xm,
752 5434 942 5489 40-42.
1018 5437 1061 5468 "
1096 5434 1236 5491 Psal.
1270 5447 1357 5495 cu,
1401 5427 1487 5480 20.

1570 5429 1582 5457 ¹
1612 5425 1800 5479 Matth.
1822 5440 1932 5491 xvt,
1970 5422 2153 5476 15-17.

1856 1938 2006 1988 vero,
2046 1922 2355 1985 Jeremiam,
2382 1927 2474 1972 aut
2507 1931 2669 1971 unum
2700 1930 2765 1969 ex
2794 1912 3103 1983 praphetis-
3125 1910 3269 1965 Dixit
3306 1906 3411 1961 illis

1854 2015 2049 2071 Jesus:
2089 2014 2190 2067 Vos
2223 2020 2398 2063 autent
2437 2022 2593 2075 quem
2626 2020 2712 2060 me
2751 2018 2871 2059 esse
2909 2001 3123 2057 dicitis?
3165 2000 3409 2067 Respon-

1855 2107 1987 2162 dens
2015 2104 2200 2159 Simon
2230 2102 2420 2155 Petrus
2448 2099 2583 2154 dixit
2607 2115 2621 2150 :
2655 2095 2735 2151 Tu
2767 2111 2824 2151 es
2853 2094 3100 2150 Christus
3124 2090 3289 2145 Filius
3314 2086 3407 2142 Dei

1855 2196 1980 2249 vivi.
2001 2195 2347 2260 Respondeas
2369 2198 2546 2241 autem
2579 2185 2755 2249 Jesus,
2799 2185 2932 2239 dixit
2965 2183 3013 2237 ci
3045 2199 3059 2235 :
3099 2180 3293 2234 Beatus
3325 2190 3406 2236 es.

1856 2285 2041 2340 Simon
2066 2284 2170 2337 Bar
2199 2280 2351 2345 Jona,
2374 2278 2497 2347 quia
2527 2291 2654 2331 caro
2680 2286 2732 2330 et
2762 2274 2977 2343 sanguis
3012 2286 3117 2325 non
3152 2265 3410 2325 revelavit

1856 2377 1975 2441 tibi,
2022 2375 2114 2429 sed
2160 2372 2321 2427 Pater
2351 2383 2523 2433 meus,
2546 2368 2638 2438 qui
2664 2374 2746 2422 est
2771 2366 2825 2421 in
2856 2364 3005 2420 caelis
3031 2364 3072 2415 ’.
3112 2377 3129 2413 ι
3165 2362 3223 2416 Si
3249 2355 3406 2415 Chri—

1854 2476 1970 2522 stus
2013 2464 2311 2520 communis
2354 2460 2658 2532 vulgarisve
2710 2466 2914 2513 tantum
2958 2456 3120 2511 homo
3164 2461 3268 2517 est,
3315 2463 3407 2505 cur

1854 2558 2042 2613 Petrus
2074 2556 2141 2610 ob
2176 2570 2326 2609 suam
2372 2553 2767 2607 confessionem
2809 2546 3139 2602 admirabilis
3174 2542 3408 2599 declara-

1856 2660 1940 2706 tus
1964 2657 2016 2705 et
2047 2646 2293 2702 laudatus
2320 2644 2444 2698 est‘l
2486 2641 2765 2709 Quomodo
2812 2638 3066 2694 divinitus
3106 2634 3412 2705 perhibetur

1853 2736 2112 2794 edoctus?
2133 2741 2240 2790 Aut
2261 2746 2495 2803 quanam
2536 2743 2768 2800 superna
2796 2741 2930 2797 opus
2962 2734 3080 2783 erat
3112 2725 3184 2779 illi
3217 2722 3411 2778 illumi-

1854 2826 2095 2890 natione,
2136 2832 2195 2878 ut
2235 2822 2363 2878 illud
2406 2819 2607 2876 Christi
2658 2817 2973 2889 mysterium
3009 2812 3267 2884 caperet?
3313 2808 3411 2863 Ve-

1856 2934 1971 2973 rum
2010 2918 2135 2986 quia
2164 2916 2331 2970 Deum
2361 2927 2482 2969 esse
2511 2911 2746 2982 agnovit,
2790 2908 3128 2977 viventisque
3173 2903 3264 2960 Dei
3316 2899 3406 2957 Fi-

1854 3009 1981 3062 lium
2022 3022 2142 3063 esse
2184 3004 2539 3075 praedicavit,
2589 2999 2713 3055 ideo
2766 2997 3027 3053 mirabilis
3068 3006 3124 3053 et
3165 2994 3414 3063 egregius

1860 3100 2072 3155 habitus
2098 3107 2199 3153 est.
2228 3097 2413 3165 Neque
2448 3102 2627 3148 tamen
2662 3092 2799 3150 duos
2825 3087 3104 3146 confessus
3134 3096 3215 3142 est
3249 3084 3406 3143 tilias,

1858 3191 1950 3247 sed
1992 3205 2155 3244 unum
2201 3187 2483 3243 duntaxat.
2521 3180 2748 3252 lmpium
2794 3182 2977 3249 itaque
3020 3188 3104 3233 est
3142 3175 3411 3232 Christum

1859 3283 1910 3337 in
1948 3284 2079 3335 duos
2106 3279 2345 3335 dividere
2378 3277 2536 3331 iilios.
2568 3293 2585 3325 ι
2617 3272 2787 3330 Filius
2819 3271 2962 3326 enim
3000 3269 3234 3325 hominis
3280 3278 3409 3319 ven-

1856 3383 2010 3426 turus
2038 3378 2119 3426 est
2153 3371 2204 3424 in
2233 3368 2399 3439 gloria
2429 3365 2606 3420 Patris
2632 3365 2713 3418 sui
2754 3376 2872 3417 cum
2917 3360 3121 3430 angelis
3162 3358 3277 3413 suis
3301 3357 3343 3408 ’.
3388 3370 3406 3403 ι

1859 3465 1934 3519 En
1989 3464 2180 3517 iterum
2231 3460 2482 3516 caelestes
2512 3458 2735 3528 spiritus
2783 3471 2910 3511 suos
2958 3452 3175 3525 angelos
3223 3454 3412 3512 vocat,

1858 3554 2067 3609 etiamsi
2100 3551 2334 3609 hominis
2362 3550 2531 3605 Filius
2558 3549 2789 3604 dicatur.

1934 3662 1954 3695 ι
2006 3632 2240 3696 Ει’ςιιιιι
2285 3641 2558 3694 venissent
2620 3637 3019 3708 Capharuaum,
3074 3635 3415 3691 accesserunt

1860 3734 1949 3804 qui
1982 3723 2297 3788 didrachma
2328 3730 2681 3800 accipiebant,
2715 3730 2779 3784 ad
2804 3728 3056 3797 Petrum,
3086 3734 3139 3781 et
3166 3723 3414 3779 dixerunt

1859 3827 1952 3881 ei:
2008 3825 2257 3895 Magister
2303 3830 2482 3877 vester
2534 3837 2639 3876 non
2672 3820 2828 3876 solvit
2890 3814 3236 3874 didrachma?
3279 3808 3409 3863 Ait:

1861 3915 2056 3971 Etiam.
2082 3915 2149 3969 Et
2174 3928 2294 3968 cum
2326 3914 2573 3967 intrasset
2608 3912 2660 3965 in
2711 3910 2953 3975 domum,
2994 3904 3251 3979 praevenit
3293 3908 3413 3954 eum

1857 4006 2038 4070 Jesus,
2081 4006 2309 4059 dicens:
2366 4003 2503 4069 Quid
2555 4004 2647 4057 tibi
2676 4003 2913 4065 videtur,
2971 3996 3197 4055 Simon?
3243 3993 3413 4059 Reges

1864 4109 2021 4153 teme
2053 4111 2082 4150 a
2122 4096 2318 4165 quibus
2355 4094 2625 4163 accipiunt
2664 4093 2919 4147 tributum
2958 4089 3046 4146 vel
3077 4097 3335 4145 censum,
3382 4093 3415 4132 a

1864 4190 1987 4242 ﬁliis
2014 4187 2145 4250 suis,
2172 4200 2236 4238 an
2269 4186 2336 4240 ab
2371 4183 2690 4239 alienis?~et
2724 4181 2811 4237 ille
2845 4180 2979 4234 dixit
3014 4198 3028 4235 :
3069 4178 3150 4233 Ab
3184 4168 3367 4227 alienis
3398 4186 3409 4220 :

1864 4279 1999 4334 dixit
2026 4278 2102 4333 illi
2134 4274 2287 4332 Iesus
2315 4290 2330 4327 :
2362 4274 2501 4342 Ergo
2534 4274 2689 4329 liberi
2725 4282 2852 4327 sunt
2881 4271 2977 4326 ﬁlii
3002 4270 3047 4327 ⁸.
3083 4283 3104 4320 ι
3142 4256 3413 4333 Quomodo

1864 4371 2114 4435 liberum,
2169 4368 2271 4422 hoc
2323 4376 2404 4421 est
2438 4380 2469 4418 a
2520 4365 2655 4433 legis
2694 4363 2907 4418 vinculo
2957 4358 3246 4426 tributique
3288 4360 3417 4420 pen-

1864 4462 2016 4515 sione
2046 4461 2357 4521 immuuem,
2387 4470 2595 4511 necnon
2628 4468 2811 4508 verum
2839 4452 3029 4507 Filium
3063 4464 3122 4503 se
3141 4441 3411 4515 prmdical.

1865 4552 1909 4605 si
1944 4550 2125 4603 carnis
2148 4560 2202 4603 et
2223 4548 2502 4617 sanguinis
2540 4546 2835 4601 secundum
2862 4538 3246 4613 hypostaticam
3270 4530 3416 4588 unio'

1866 4655 1986 4696 nem
2017 4642 2284 4710 particeps
2309 4638 2555 4705 etractus,
2588 4652 2693 4691 non
2725 4646 2811 4691 est
2854 4633 3033 4690 Deus?
3061 4636 3131 4687 At
3172 4623 3417 4697 dependit

1866 4732 2214 4787 nihilominus
2260 4729 2573 4785 didrachma
2642 4739 2897 4799 tauquam
2961 4725 3063 4795 legi
3124 4716 3412 4779 obnoxius.

1866 4838 1989 4879 cum
2025 4833 2201 4878 tamen
2234 4831 2291 4876 ut
2318 4822 2484 4878 Filius
2506 4822 2620 4893 lege
2646 4819 2815 4887 major
2842 4825 3005 4873 esset.
3045 4813 3239 4866 Verum
3266 4808 3314 4862 si
3346 4806 3417 4860 sit

1866 4917 2049 4980 homo,
2084 4930 2187 4970 non
2222 4922 2306 4970 est.
2335 4928 2496 4985 supra
2529 4913 2717 4981 legem.
2746 4907 2913 4961 Nemo
2944 4904 3085 4959 enim
3118 4896 3413 4954 naturalem

1865 5005 2166 5061 libertatem
2198 5004 2269 5059 illi
2306 5005 2521 5067 tribuet,
2553 5000 2655 5053 nisi
2688 5006 2746 5050 ut
2786 4995 2951 5049 Deum
2977 4991 3211 5048 humana
3244 4987 3414 5044 forma

1865 5097 2111 5151 indutum
2135 5096 2317 5150 animo
2346 5091 2589 5148 eumdem
2619 5085 2907 5154 concipiat.

1935 5186 2155 5241 Christo
2195 5183 2433 5240 omnium
2495 5187 2731 5233 nostrum
2781 5174 3058 5228 Salvatore
3107 5166 3437 5243 Hierosoly-

1870 5291 2010 5330 mam
2041 5274 2383 5335 ascendente,
2408 5267 2553 5338 pueri
2586 5270 2902 5335 praeeuntes,
2924 5259 3244 5326 laudumque
3269 5264 3381 5326 prae
3404 5274 3433 5291 -

2232 5421 2254 5449 ’
2286 5417 2411 5472 ibid.
2438 5416 2525 5469 ‘27.
2605 5415 2624 5447 ⁸
2648 5412 2836 5475 Matth,
2867 5424 2993 5473 xvtt,
3023 5404 3213 5461 25-25.

1256 5584 1423 5641 Vatis
1452 5580 1706 5635 lectiones
1737 5576 1935 5630 codicis
1971 5571 2325 5641 Seguieriaui.

282 5737 299 5773 ί
330 5736 383 5787 δὲ
411 5733 610 5787 αὐτῶν.
