4056 6334
703 350 834 407 I267

1677 354 1737 411 S.
1776 355 2047 413 CYRILLI
2084 354 2543 415 ALEXANDRINI
2588 353 2900 412 ARCHIEP.

3787 353 3914 410 1268

694 470 846 524 conia
898 468 1309 539 depromentes,
1342 471 1450 542 83
1497 488 1515 524 t
1546 470 1792 527 Hosanna
1823 474 1930 529 lllio
1981 474 2171 538 David,
2221 493 2225 524 τ

2345 491 2404 527 τε
2422 473 2512 526 καὶ
2539 472 2812 541 λέγοντες·
2832 467 3102 522 «meum
3124 470 3199 540 τῷ
3226 470 3326 540 υἱῷ
3343 468 3524 525 nauta.
3561 471 3904 543 ιΘεοπρεπὴς

692 560 1052 615 clamabant‘.
1120 562 1190 615 At
1231 561 1344 618 haec
1416 563 1733 619 acclamatio
1781 565 1833 619 ln
1873 565 2045 620 solum
2081 566 2244 621 Deum

691 651 941 717 quadrat.
1002 670 1020 702 ι
1052 652 1317 721 Indignati
1369 664 1542 710 autem
1599 655 1850 711 Pharisaei
1909 657 1962 712 in
2011 658 2244 712 medium

692 742 1332 808 prorumpunhAudis,
1384 745 1654 812 inquiunt,
1705 748 1833 814 quid
1881 749 1966 802 isti
2025 749 2246 802 dicunt?

689 825 847 883 .Iesus
878 840 1054 884 autem
1103 833 1238 885 dixit
1285 834 1406 889 eis:
1443 834 1656 904 Utique.
1694 835 1977 908 Nunquam
2015 838 2244 908 legistis,

690 919 813 987 quia
843 919 918 973 Ex
947 934 1041 974 ore
1077 921 1355 977 infantium
1394 935 1448 979 et
1475 925 1784 980 lactentium
1825 927 2097 996 perfecisti
2135 927 2247 980 lau-

690 1008 810 1061 dem
834 1008 894 1062 ⁸2
922 1028 940 1061 ι
968 1009 1072 1064 Sed
1100 1013 1311 1065 beatqu
1353 1013 1516 1068 David
1561 1015 1661 1070 hoc
1694 1017 1811 1071 loco
1843 1017 2030 1072 audire
2069 1031 2244 1086 opera:

689 1096 916 1165 pretium
939 1108 1056 1165 est;
1096 1101 1362 1155 aitautem
1396 1120 1410 1156 :
1445 1121 1468 1155 ι
1491 1104 1721 1160 Domine
1741 1104 1993 1160 Dominus
2039 1115 2244 1167 noster,

689 1199 846 1256 quam
872 1190 1182 1246 admirabile
1204 1202 1286 1247 est
1305 1209 1497 1249 nomen
1525 1203 1673 1249 tuum
1707 1196 1757 1249 in
1783 1197 2029 1251 universa
2055 1206 2196 1250 terra
2227 1201 2240 1253 i

695 1279 961 1346 Quoniam
987 1281 1197 1337 elevata
1230 1293 1312 1338 est
1337 1284 1730 1354 magniﬁcentia
1766 1297 1852 1339 tua
1878 1301 2038 1355 super
2057 1289 2241 1343 caelos.

687 1370 764 1424 Ex
787 1385 880 1426 ore
902 1371 1187 1428 infantium
1212 1384 1266 1428 et
1286 1374 1600 1432 iacientium
1621 1377 1896 1446 perfecisti
1917 1381 2126 1434 laudem
2149 1381 2189 1434 °.
2216 1400 2244 1433 ›

685 1458 840 1514 Pueri
901 1477 1131 1532 namque
1183 1478 1371 1533 magna
1424 1466 1784 1523 exsultatione
1841 1469 2240 1537 acclamantes,

682 1551 918 1612 aiebant,
987 1570 1005 1603 ι
1058 1551 1304 1608 Hosanna
1358 1555 1465 1611 lilio
1505 1556 1691 1612 David.
1726 1577 1744 1611 ι
1796 1559 1847 1613 ls
1889 1575 2048 1627 porro
2094 1562 2243 1631 cujus

682 1640 914 1711 elogium
947 1643 1324 1710 decantabant,
1348 1647 1608 1714 ejusmodi
1641 1647 1849 1703 laudem
1887 1657 1940 1702 et
1978 1652 2242 1705 acclama-

687 1735 886 1788 tionem
918 1738 1230 1804 neutiquam
1269 1737 1604 1806 repudiabat.
1659 1739 1818 1807 Alqui
1853 1742 2038 1796 beatus
2078 1742 2240 1796 David

2343 564 2400 618 δὲ
2421 563 2634 625 πάντως
2651 564 2792 615 ἔστὶν
2823 562 2856 630 ἡ
2874 559 3167 628 δοξολογία.
3202 578 3219 610 ε
3256 561 3735 632 Ἥγανάκτησαν-οί
3755 563 3902 630 φαρςο

2347 656 2504 717 σαῖοι,
2527 654 2618 706 καὶ
2634 652 2695 723 δὴ
2719 652 2812 706 καὶ
2835 652 3160 722 προσῄεσαν,
3177 650 3441 718 λέγοντεςο
3474 651 3739 717 Ἀκούεις,
3757 654 3820 704 τί
3835 648 3902 705 οὐ·

2343 763 2425 799 τοι
2452 745 2730 814 λέγουσινς
2768 745 2822 799 Ὀ
2845 743 2898 796 δὲ
2935 742 3138 813 Ἰησοῦς
3162 737 3311 796 εἶπεν
3335 734 3516 806 αὐτοῖς
3539 761 3560 775 ν
3590 743 3720 798 Ναί.
3763 744 3893 796 οὐδὲ

2345 853 2473 890 ποτε
2497 835 2873 902 ἀνέγνωτε,ὃτι
2912 833 3005 887 Ἐκ
3023 835 3284 903 στόματος
3310 835 3517 905 νηπίων
3534 839 3624 889 καὶ
3650 836 3888 906 θηλαζόν

2343 944 2449 980 των
2470 927 2780 996 κατηρτίσω
2812 921 2987 991 αἷνονς
3028 944 3046 977 ι
3096 926 3412 995 Ἀναγκαῖον
3453 929 3510 980 ὲν
3538 928 3748 990 τούτοις
3797 928 3902 979 δια-

2349 1018 2710 1088 μνημονεῦσαι
2750 1017 2843 1070 τοῦ
2871 1018 3137 1089 μακαρίου
3152 1018 3314 1070 Δαυῖδ
3333 1019 3577 1087 λέγοντος
3597 1036 3611 1050 ·
3647 1039 3663 1070 ι
3702 1019 3902 1089 Κύριε,

2345 1110 2372 1161 6
2396 1107 2595 1178 Κύριος
2625 1107 2799 1177 ἡμῶν,
2827 1107 2901 1170 ὡς
2939 1107 3247 1177 θαυμαστὸν
3279 1108 3338 1162 τὸ
3371 1109 3538 1178 δνομά
3560 1127 3651 1162 σου
3677 1111 3734 1162 ὲν
3760 1111 3907 1181 πασῃ

2343 1201 2407 1269 τῇ
2439 1201 2507 1267 γῇ
2536 1198 2549 1250 ε
2581 1198 2702 1250 Ὅτι
2743 1197 2951 1268 ἐπήρθη
2977 1200 3010 1268 ἡ
3047 1198 3489 1268 μεγαλοπρέπεια
3525 1217 3614 1253 σου
3647 1202 3910 1271 ὑπεράνω

2341 1287 2450 1341 τῶν
2489 1287 2748 1356 οὐρανῶν.
2794 1289 2887 1340 Ἐκ
2917 1290 3182 1358 στόματος
3209 1289 3415 1358 νηπίων
3447 1292 3536 1344 καὶ
3565 1291 3907 1361 θηλαζόντων

2343 1381 2652 1451 κατηρτίσω
2681 1374 2848 1432 αἶνον.
2889 1399 2906 1430 ι
2944 1381 3005 1431 0i
3057 1379 3154 1448 μὲν
3179 1379 3287 1450 γάρ
3327 1381 3508 1444 παῖδες
3532 1382 3908 1453 εὐφημοῦντες

2341 1471 2547 1539 ἔλεγονο
2584 1489 2602 1521 ‹
2667 1470 2892 1524 Ὡσαννά
2917 1469 2994 1540 τῷ
3023 1470 3122 1540 υἱῷ
3152 1471 3335 1524 Δαυῖδ.
3387 1492 3404 1524 ι
3439 1474 3805 1543 Καταδέχεται
3849 1477 3906 1527 δὲ

2339 1561 2436 1631 τὴν
2479 1561 2784 1630 δοξολογίαν
2831 1561 3259 1630 εὐφημούμενος.
3317 1564 3375 1616 '0
3418 1564 3474 1617 δέ.
3522 1581 3584 1632 γε
3633 1566 3905 1636 μακάριος

2339 1653 2499 1706 Δαυῖδ
2527 1653 2626 1706 οὐκ
2647 1649 2915 1722 ἀνθρώπῳ
2934 1651 3138 1722 ταύτην
3160 1653 3471 1706 ἀνατέθεικε
3501 1656 3685 1726 κοινῷ,
3707 1658 3902 1727 Κυρίῳ

2338 1743 2395 1796 δὲ
2428 1741 2648 1812 μᾶλλον,
2686 1737 2746 1795 οὗ
2775 1742 2876 1795 καὶ
2897 1742 3205 1811 θαυμαστὸν
3233 1743 3294 1796 τὸ
3339 1743 3507 1813 ὄνομα
3553 1746 3608 1797 ὲν
3656 1746 3809 1816 πάσῃ
3837 1750 3900 1816 τῇ

679 1840 796 1881 eaut
852 1827 1296 1884 acclamationem
1356 1845 1461 1884 nou
1509 1832 1776 1886 communi
1818 1832 1978 1888 alicui
2031 1834 2225 1889 homini

2332 1835 2430 1902 γῇ·
2459 1832 2667 1903 ἐπήρθη
2701 1831 2808 1901 γὰρ
2850 1833 2883 1900 ἡ
2927 1833 3366 1904 μεγαλοπρέπεια
3399 1832 3608 1905 [αὐτοῦ]
3639 1835 3902 1906 ὑπεράνω

682 1919 970 1986 tribuebat,
1008 1923 1102 1976 sed
1129 1921 1366 1976 omnium
1409 1922 1670 1979 Domino:
1711 1924 1851 1978 illius
1879 1925 2020 1979 enim
2066 1925 2235 1980 solius

679 2026 871 2064 nomen
909 2013 1161 2068 universa
1199 2022 1339 2067 terra
1392 2015 1708 2082 demiratur,
1742 2015 2091 2086 ejusdemque
2122 2031 2234 2070 nta-

2337 1923 2443 1977 τῶν
2467 1923 2728 1994 οὐρανῶν.
2753 1919 2902 1987 Εἶτα,
2927 1923 3041 1987 πῶς
3063 1924 3123 1976 οὐ
3142 1924 3272 1988 Θεὸς
3294 1927 3322 1978 6
3348 1925 3473 1988 Υἱὸς
3490 1925 3649 1978 Δαυῒδ
3673 1928 3732 1978 τὸ
3759 1928 3900 1979 κατὰ

2341 2015 2519 2085 σάρκα
2548 2014 2774 2086 Χριστός
2794 2031 2808 2080 ;

676 2105 980 2174 gnificentia
1031 2123 1194 2179 super
1238 2124 1429 2164 omnes
1475 2111 1638 2166 caelos
1685 2110 1907 2166 tollitur.
1950 2112 2236 2179 Quomodo
2265 2123 2392 2180 ergo
2425 2110 2670 2165 Christus
2743 2108 2959 2162 Davidis
3019 2107 3310 2163 secundum
3349 2124 3564 2163 carnem
3609 2111 3752 2164 titius
3794 2127 3904 2163 non

676 2210 757 2256 cst
794 2202 979 2260 Deus?

757 2339 776 2371 ι
804 2319 936 2374 Cum
965 2329 1142 2374 autem
1173 2325 1380 2376 venerit
1413 2324 1578 2378 Filius
1605 2325 1837 2380 hominis
1867 2327 1918 2378 in
1946 2323 2226 2392 majestate

677 2427 791 2474 sua,
834 2421 887 2465 et
918 2427 1104 2466 omnes
1149 2415 1320 2482 angeli
1357 2429 1476 2468 cum
1521 2430 1611 2478 eo,
1672 2427 1794 2469 tunc
1827 2415 2034 2469 sedebit
2066 2429 2229 2484 super

673 2501 854 2555 sedem
886 2500 1186 2567 majestatis
1208 2505 1370 2556 suat'.
1406 2522 1423 2555 ι
1453 2503 1701 2573 Nunquid
1722 2504 1970 2559 Christus
1993 2513 2049 2557 ut
2069 2504 2229 2558 homo

671 2592 936 2660 quispiam
970 2594 1140 2648 nostri
1172 2594 1364 2649 similis
1390 2611 1484 2664 pro
1509 2596 1760 2650 tribunali
1789 2596 2016 2661 sedebit,
2044 2605 2229 2650 astan-

672 2684 921 2752 tibusque
967 2685 1218 2740 omnibus
1258 2688 1602 2756 undiquaque
1633 2688 1730 2756 ipsi
1773 2688 2000 2757 angelis,
2041 2687 2226 2743 orbent

660 2773 962 2842 iudicabit?
996 2776 1094 2841 Qui
1143 2777 1302 2839 istud,
1336 2779 1584 2842 obsecro,
1634 2779 1828 2834 rationi
1869 2789 1954 2833 est
2001 2794 2228 2835 consen-

671 2866 925 2919 laneum?
978 2868 1170 2921 Annon
1205 2868 1462 2936 scriptqu
1506 2879 1626 2923 est:
1662 2887 1680 2920 ι
1710 2868 1861 2925 Unus
1894 2878 1975 2924 est
2004 2869 2222 2938 legisla-

667 2963 772 3018 tor,
798 2965 852 3010 et
871 2955 1032 3024 judex
1057 2957 1116 3010 ’ἲ
1149 2977 1166 3009 ι
1212 2959 1348 3012 Deus
1381 2958 1542 3028 igitur
1563 2970 1648 3013 est
1675 2959 1946 3026 Christus,
1983 2961 2074 3030 qui
2103 2959 2224 3028 pari

2406 2343 2424 2375 ι
2450 2322 2619 2376 Ὅταν
2645 2321 2772 2392 ἔλθῃ
2789 2319 2956 2384 ὁΥίδς
2978 2319 3069 2374 τοῦ
3097 2317 3382 2390 ἀνθρώπου
3407 2320 3463 2371 ἕν
3480 2322 3541 2390 τῇ
3559 2318 3686 2390 δόξῃ
3709 2321 3894 2388 αὐτοῦ,

2333 2413 2425 2466 καὶ
2465 2413 2662 2476 πάντες
2704 2415 2751 2465 oi
2783 2411 3001 2479 ἄγγελοι
3048 2410 3162 2480 μετ’
3193 2409 3377 2476 αὐτοῦ,
3407 2412 3524 2464 τότε
3561 2413 3778 2464 καθίσει
3808 2417 3894 2466 ἐπὶ

2334 2503 2516 2573 θρόνον
2545 2502 2701 2572 δόξης
2750 2501 2936 2555 αὐτοῦ.
2970 2516 2994 2554 ι
3038 2497 3185 2572 Ἀρα
3225 2501 3297 2564 ὡς
3342 2500 3620 2569 ἄνθρωπος
3666 2496 3749 2564 εἷς
3791 2504 3896 2554 τῶν

2335 2594 2455 2647 καθ’
2483 2596 2628 2665 ἡμᾶς
2675 2593 2978 2646 καθεδεῖται
3008 2592 3257 2661 Χριστὸς,
3295 2593 3718 2662 παρεστηκότων
3751 2594 3892 2663 αὐτῷ

2331 2685 2548 2738 πάντων
2595 2684 2704 2738 τῶν
2734 2683 2998 2753 ἀγγέλων,
3030 2682 3173 2736 οῦτω
3213 2701 3272 2736 τε
3302 2687 3475 2752 κρινεῖ
3521 2685 3613 2736 τὸν
3655 2685 3892 2754 xci-opm;

2328 2774 2481 2839 Εἶτα,
2531 2777 2681 2829 ποῖον
2711 2775 2822 2845 ἔχει
2870 2774 3024 2828 τοῦτο
3071 2774 3259 2842 λόγον;
3308 2774 3614 2844 Γέγραπται
3649 2774 3784 2845 γὰρ,
3816 2777 3894 2827 ὅτι

2335 2883 2353 2916 ι
2382 2860 2475 2929 Εἷς
2510 2867 2654 2918 ἐστιν
2678 2865 2706 2916 6
2727 2863 3020 2934 νομοθέτης
3047 2864 3141 2916 καὶ
3167 2863 3378 2934 κριτής.
3418 2883 3436 2915 ι
3471 2864 3603 2926 Θεὸς
3632 2861 3726 2916 οὖν
3786 2866 3890 2933 ἄρα

2325 2955 2574 3022 Χριστὸς,
2590 2955 2618 3007 ό
2639 2955 2694 3007 ὲν
2711 2953 2834 3023 δόξῃ
2852 2953 3006 3018 Θεοῦ,
3023 2952 3113 3006 καὶ
3131 2952 3314 3021 θρόνον
3339 2952 3494 3022 ἔχων,
3515 2954 3606 3006 καὶ
3621 2971 3763 3023 παρε
3773 2955 3891 3006 στῶ-

664 3063 786 3101 cum
837 3048 944 3101 Deo
998 3046 1166 3116 gloria
1214 3048 1443 3114 pollens,
1493 3049 2217 3117 thronumquejudiciarium

2328 3062 2421 3108 τας
2453 3044 2741 3113 ἀγγέλους,
2767 3044 2860 3098 κα)⁹
2901 3044 3099 3115 κρίνων
3124 3043 3220 3113 τὴν
3252 3044 3572 3114 οἰκουμένην
3600 3045 3657 3098 ὲν
3685 3046 3887 3099 δικαιο-

664 3139 938 3202 obtinens,
998 3153 1061 3191 ac
1111 3137 1330 3208 angelos
1373 3139 1795 3208 circumquaque
1845 3147 2081 3193 astantes
2126 3139 2224 3193 ha-
2255 3133 2294 3144 “”
2327 3133 2480 3206 σύνῃ.

664 3232 817 3294 heus,
850 3229 902 3283 in
927 3229 1136 3298 justitia
1164 3240 1432 3285 terrarum
1456 3231 1641 3285 orbem
1670 3229 1947 3299 judicabit.

739 3361 758 3395 ι
791 3343 854 3397 Ει
903 3342 1153 3412 ptinceps
1177 3344 1518 3398 sacerdotum
1571 3345 1642 3398 ait
1670 3346 1741 3397 illi
1776 3361 1790 3398 :
1822 3345 2021 3413 Adjuro
2050 3352 2099 3398 te
2128 3360 2224 3408 per

663 3435 832 3492 Deum
863 3436 1067 3501 vivum,
1100 3445 1158 3490 ut
1192 3437 1338 3491 dicas
1362 3437 1538 3500 nobis,
1568 3437 1611 3490 si
1667 3447 1720 3488 tu
1764 3450 1823 3490 es
1856 3434 2103 3490 Christus
2132 3434 2222 3487 Fi-

663 3528 766 3581 lius
799 3527 893 3582 Dei
933 3527 1060 3581 vivi.
1107 3527 1246 3582 Dicit
1299 3527 1370 3582 illi
1414 3527 1570 3582 Jesus
1601 3545 1614 3582 :
1641 3527 1718 3581 Tu
1763 3528 1978 3594 dixisti;
2007 3542 2225 3581 verum-

664 3630 841 3674 tamen
869 3619 992 3674 dico
1041 3619 1210 3678 vobis.
1242 3618 1435 3672 amodo
1463 3617 1713 3673 videbitis
1745 3616 1937 3672 Filium
1990 3616 2221 3672 hominis

661 3711 932 3766 sedentem
969 3725 998 3763 a
1032 3710 1237 3764 dextris
1286 3709 1505 3763 virtutis
1548 3709 1663 3772 Dei,
1718 3719 1772 3764 et
1830 3709 2131 3764 venientem
2165 3710 2218 3761 in

662 3800 890 3854 nubibus
921 3799 1043 3855 ειειί
1072 3801 1113 3853 ⁸.
1145 3817 1170 3851 ι
1206 3799 1480 3864 Quomodo
1511 3798 1676 3854 Filius
1717 3797 2222 3855 hominisadextris

657 3891 877 3946 virtutis
927 3890 1018 3946 Dei
1071 3890 1258 3946 sedet?
1300 3889 1522 3944 Planum
1587 3901 1669 3945 est
1713 3888 1807 3944 Dei
1856 3891 2087 3945 Verbum
2146 3892 2218 3945 ita

658 3981 858 4036 iactum
891 3996 1010 4038 esse
1055 3982 1290 4037 hominis
1347 3981 1564 4044 Filium,
1597 3989 1654 4034 ut
1699 3990 1878 4035 tamen
1919 3981 2057 4036 Deus
2101 3997 2220 4036 esse

665 4087 770 4125 non
827 4071 1047 4128 desierit
1081 4090 1095 4125 :
1127 4071 1325 4126 mansit
1368 4071 1513 4124 enim
1548 4070 1688 4138 quod
1726 4081 1864 4125 erat.
1893 4069 2006 4126 [lac
2058 4074 2220 4141 igitur

669 4165 870 4217 ratione
891 4163 1165 4232 generanti
1203 4162 1419 4226 assidet,
1448 4172 1502 4214 et
1536 4162 1587 4214 iu
1627 4161 1931 4216 divinitatis
1962 4162 2132 4230 gloria
2166 4173 2221 4217 et

655 4249 946 4317 majestate
970 4251 1326 4319 conspicuum
1360 4250 1623 4313 cernitur,
1653 4249 1818 4304 etiam
1845 4250 1891 4304 si
1920 4249 2119 4306 factum
2150 4254 2219 4307 sit

653 4353 803 4394 caro.

726 4469 745 4502 ε
783 4449 944 4507 Jesus
963 4457 1139 4504 autem
1169 4445 1409 4502 clamans
1441 4463 1573 4503 voce
1626 4465 1838 4520 magna,
1871 4451 2050 4506 emisit
2095 4450 2208 4519 spi-

652 4544 836 4596 ritum.
871 4542 935 4596 Et
961 4555 1089 4596 ecce
1123 4540 1300 4594 velum
1358 4542 1536 4608 templi
1584 4543 1813 4596 scissum
1860 4554 1938 4598 est
1990 4545 2041 4597 in
2079 4545 2212 4598 duas

651 4643 852 4701 partes,
876 4648 905 4685 a
929 4645 1143 4687 summo
1172 4643 1341 4698 usque
1371 4630 1652 4695 deorsum;
1676 4641 1728 4684 et
1762 4641 1904 4686 terra
1930 4643 2072 4686 mota
2104 4643 2209 4692 est,

650 4729 704 4774 et
733 4730 898 4788 petra:
928 4721 1114 4775 scissae
1148 4727 1310 4783 sunt;
1339 4727 1392 4771 et
1422 4729 1763 4772 monumenta
1823 4729 2004 4787 aperta
2061 4729 2208 4782 sunt,

650 4819 706 4863 et
739 4810 902 4863 multa
942 4824 1168 4878 corpora
1223 4818 1531 4864 sanctorum
1566 4809 1655 4877 qui
1706 4808 2058 4873 dortnieraut,
2086 4825 2208 4862 sur-

652 4907 905 4950 rexerunt
935 4899 998 4953 '°.
1035 4919 1054 4951 ι
1079 4897 1196 4970 84
1216 4899 1270 4953 Si
1295 4897 1544 4956 Christus
1570 4899 1870 4953 communis
1890 4907 2004 4952 erat
2031 4899 2209 4963 homo,

649 5003 750 5044 cur
798 4988 891 5040 illo
947 4991 1180 5044 animam
1236 4990 1569 5058 exspirante,
1623 4989 1676 5044 in
1737 4989 1868 5058 ipsis
1926 4989 2212 5044 elementis

651 5087 798 5133 tanta
829 5079 1026 5131 accidit
1045 5082 1422 5135 conturbatio?
1445 5081 1534 5136 Sol
1555 5082 1723 5146 enim,
1747 5082 1996 5137 retractis
2020 5081 2208 5144 radiis,

646 5170 751 5225 diei
783 5168 1035 5222 tenebras
1061 5167 1248 5222 oﬂ‘udit
1283 5188 1297 5222 :
1337 5181 1476 5226 terra
1499 5175 1564 5226 ad
1600 5175 1712 5228 hmc
1743 5172 2025 5228 Dominum
2049 5188 2202 5227 suum

641 5263 949 5318 intimorum
982 5259 1323 5314 contumeliis
1367 5263 1735 5331 ittdignissime
1780 5265 2030 5320 allectum
2076 5280 2202 5318 cou-

642 5354 872 5422 spicata,
905 5350 1147 5420 disrupta
1179 5358 1294 5413 est;
1327 5359 1379 5403 et
1411 5351 1526 5419 ipse
1560 5356 1771 5410 tandem
1807 5355 2047 5408 infernus
2071 5369 2201 5408 san~

641 5454 848 5496 ciorum
902 5443 1112 5496 animas
1165 5441 1388 5496 dimisit.
1423 5439 1484 5493 Et
1517 5441 1797 5498 cuiusnam
1847 5456 1978 5500 nutu
2013 5445 2194 5499 omnia

715 5643 734 5673 ⁵
764 5639 950 5712 Matth.
983 5660 1090 5707 XXI,
1122 5643 1172 5696 9.
1251 5643 1271 5674 ⁸
1304 5641 1428 5696 ibid.
1470 5640 1675 5712 lilii.
1753 5645 1772 5673 ⁸
1808 5644 1942 5698 Psal.
1982 5661 2099 5712 vm,
2129 5646 2162 5696 εὶ
2200 5647 2251 5699 τι.
2329 5647 2346 5676 ⁷
2384 5642 2568 5696 Matth.
2607 5655 2729 5704 xxv,
2763 5639 2848 5691 5l.

668 5713 755 5774 63.
793 5711 878 5766 64.
959 5714 998 5744 ‘°
1036 5713 1218 5768 Matth.
1257 5727 1425 5771 xxv".
1459 5711 1644 5765 50-59..

2400 3351 2417 3385 ι
2451 3334 2558 3387 Καὶ
2577 3335 2605 3387 6
2627 3334 2932 3406 ἀρχιερεὺς,
2959 3335 3144 3405 φησὶν,
3171 3329 3322 3388 εἶπεν
3346 3335 3491 3404 αὐτῷ
3511 3353 3524 3366 α
3559 3335 3803 3406 Ὁρκίζω
3831 3356 3884 3390 σε

2324 3427 2463 3481 κατά
2491 3426 2584 3480 τοῦ
2621 3427 2753 3480 Θεοῦ
2778 3426 2872 3481 τοῦ
2915 3425 3132 3491 ζῶντος,
3167 3425 3252 3480 ἴνα
3281 3427 3411 3496 ἡμῖν
3443 3426 3625 3496 εἴπης,
3661 3430 3710 3478 εἰ
3745 3429 3807 3480 σὺ
3837 3424 3884 3478 εἷ

2321 3517 2350 3568 6
2381 3516 2611 3587 Χριστὸς
2629 3519 2656 3570 6
2689 3516 2822 3578 Υίὸς·
2849 3516 2943 3568 τοῦ
2965 3516 3100 3568 Θεοῦ
3136 3515 3229 3568 τοῦ
3260 3516 3480 3578 ζῶντος.
3506 3516 3670 3582 Λέγει
3704 3517 3851 3586 αὐτῷ
3875 3535 3886 3547 ·

2323 3608 2392 3660 Σὺ
2433 3603 2612 3670 εἴπας·
2647 3607 2793 3677 Πλὴν
2820 3607 2961 3675 λέγω
3002 3609 3149 3677 ὑμῖν,
3179 3607 3382 3676 ἀπάρτι
3419 3591 3614 3678 ὕψεσθε
3645 3609 3738 3660 τὸν
3765 3610 3889 3662 Υἱὸν

2321 3696 2414 3749 τοῦ
2449 3695 2735 3766 ἀνθρώπου
2766 3696 3068 3768 καθήμενον
3115 3699 3179 3750 ὲκ
3209 3697 3394 3762 δεξιῶν
3441 3700 3536 3766 τῆς
3581 3698 3884 3767 δυνάμεως,

2323 3787 2415 3840 καὶ
2441 3787 2734 3857 ἐρχόμενον
2778 3788 2869 3839 ἐπὶ
2901 3788 3009 3841 τῶν
3035 3788 3270 3856 νεφελῶν
3297 3787 3389 3840 τοῦ
3419 3788 3674 3858 οὐρανοῦ.
3715 3809 3732 3839 ι
3771 3790 3888 3850 Πῶς

2320 3883 2347 3934 6
2373 3880 2498 3943 Υἱὸς
2524 3879 2618 3932 τοῦ
2650 3879 2935 3951 ἀνθρώπου
2967 3880 3198 3950 κάθηται
3253 3881 3316 3934 ὲκ
3357 3882 3545 3947 δεξιῶν
3591 3883 3692 3950 τῆς
3735 3883 3889 3935 δυνα-

2326 3989 2496 4043 μεως;
2549 3971 2686 4024 Ἀλλ’
2717 3971 2830 4025 ἔστι
2860 3971 3040 4039 δῆλον,
3069 3972 3149 4024 ὅτι
3182 3972 3282 4026 κᾶν
3312 3974 3358 4024 εἰ
3388 3972 3612 4040 γέγονεν
3643 3973 3772 4036 Υἱὸς
3797 3974 3885 4025 τοῦ

2321 4063 2604 4134 ἀνθρώπου
2658 4065 2685 4116 6
2732 4065 2796 4115 ὲκ
2837 4062 2970 4116 Θεοῦ
3009 4063 3201 4130 Λόγος,
3229 4063 3288 4117 οὐ
3321 4063 3596 4115 πέπαυται
3626 4064 3724 4115 τοῦ
3757 4062 3886 4116 εἶναι

2320 4158 2470 4220 Θεὸς,
2517 4158 2629 4210 ἀλλ’
2662 4155 2809 4209 ἐστιν
2849 4155 2877 4208 ὃ
2922 4152 3019 4226 ἦν’
3048 4155 3302 4226 ταύτῃτοι
3331 4157 3424 4208 καὶ
3467 4155 3784 4225 συνεδρεύει
3814 4157 3886 4223 τῷ

2320 4247 2568 4314 φύσαντι,
2597 4246 2690 4298 καὶ
2714 4246 2770 4296 ἐν
2797 4247 2910 4308 τοῖς
2937 4246 3036 4315 τῆς
3065 4244 3312 4314 θεότητος
3342 4245 3646 4314 ἀξιώμασιν
3680 4247 3882 4314 ἐμπρέ-

2321 4354 2436 4388 πων
2464 4338 2677 4406 ὁρᾶται,
2705 4335 2807 4388 κᾶν
2832 4336 2880 4387 εἰ
2904 4335 3091 4402 γέγονε
3127 4336 3280 4404 σάρξ.

2398 4465 2415 4495 ‹
2439 4445 2497 4497 ’0
2535 4445 2591 4496 δὲ
2627 4444 2832 4512 Ἰησοῦς
2884 4444 3090 4512 κράξας
3137 4447 3286 4513 φωνῇ
3337 4453 3566 4514 μεγαλη,
3602 4446 3786 4514 ἀφῆκε
3827 4448 3881 4498 τὸ

2321 4536 2560 4604 πνεῦμα.
2592 4535 2700 4587 Καὶ
2742 4533 2848 4585 ίδού
2899 4534 2959 4585 τὸ
3011 4532 3405 4603 καταπέτασμα
3453 4534 3546 4586 τοῦ
3577 4536 3708 4589 ναοῦ
3739 4539 3876 4606 ἐσχί-

2321 4625 2418 4695 σθη
2457 4627 2535 4688 είς
2579 4625 2692 4687 δύο,
2723 4623 2930 4680 ἄνωθεν
2976 4625 3081 4689 ἕως
3127 4627 3304 4679 κάτωο
3331 4626 3423 4679 καὶ
3462 4630 3492 4695 ἠ
3535 4629 3604 4697 γῆ
3635 4631 3876 4697 ἐσείσθη,

2321 4716 2412 4768 καὶ
2441 4717 2494 4767 αἱ
2524 4717 2718 4786 πέτραι
2754 4716 3096 4786 ἐσχίσθησαν,
3133 4720 3226 4771 καὶ
3251 4718 3316 4771 τὰ
3349 4723 3590 4789 μνημεῖα
3613 4721 3878 4789 ἀνεῴχθηο

2321 4825 2437 4870 σαν,
2487 4808 2579 4861 καὶ
2627 4807 2792 4863 πολλά
2835 4807 3062 4879 σώματα
3111 4809 3219 4863 τῶν
3249 4809 3666 4877 κεκοιμημένων
3710 4809 3878 4873 ἀγίων

2311 4898 2630 4968 ἀνέστησαν.
2661 4918 2678 4951 ι
2714 4901 2774 4954 Et
2801 4899 2974 4962 κοινὸς
3002 4899 3283 4967 ἄνθρωπος
3310 4895 3377 4966 ἦν
3403 4901 3430 4948 6
3459 4897 3715 4965 Χριστὸς,
3740 4898 3874 4958 πῶς,

2309 4989 2599 5052 τεθνεῶτος
2631 4990 2816 5053 αὐτοῦ,
2844 4987 3097 5049 τοσοῦτος
3143 4983 3210 5055 ἧν
3262 4987 3318 5037 ὲν
3371 4987 3480 5046 τοῖς
3533 4988 3820 5054 στοιχείοις
3849 4991 3886 5040 6

2309 5081 2561 5150 θόρυ6ος;
2604 5083 2662 5135 Ὀ
2690 5083 2787 5152 μὲν
2820 5082 2928 5150 γὰρ
2972 5079 3121 5146 ἥλιος
3161 5076 3257 5146 τὴν
3298 5078 3490 5130 ἀκτῖνα
3541 5080 3873 5139 συνέστειλε,

2309 5175 2399 5225 καὶ
2428 5175 2485 5225 ὲν
2519 5176 2698 5244 ἡμέρᾳ
2729 5172 2917 5232 σκότος
2950 5169 3276 5238 εἰργάσατο·
3313 5168 3345 5237 ὴ
3375 5167 3430 5220 δὲ
3462 5167 3527 5236 γῆ
3558 5169 3649 5220 τὸν
3674 5172 3873 5239 ἑαυτῆς

2313 5265 2586 5333 Δεσπότην
2611 5263 2792 5334 ὁρῶσα
2816 5260 2918 5313 ὑπὸ
2939 5259 3044 5311 τῶν
3071 5257 3332 5310 Ἰουδαίων
3349 5261 3875 5330 ὲμπαροινούμενον,

2311 5355 2585 5424 ἐσχίζετο*
2635 5355 2812 5424 ἀφῆκε
2840 5353 2894 5404 δὲ
2935 5353 2962 5404 6
3001 5351 3134 5420 ᾅδης
3179 5351 3273 5411 τὰς
3321 5352 3431 5403 τῶν
3470 5355 3642 5420 ἁγίων
3671 5354 3876 5421 ψυχάς.

2311 5447 2464 5510 Τίνος
2487 5446 2658 5500 ταῦτα
2694 5443 3004 5508 ποιοῦντος;
3033 5439 3140 5512 ἆρα
3166 5443 3288 5514 οὐχὶ
3308 5443 3478 5511 Θεοῦ;
3513 5446 3645 5508 Θεὸς
3677 5447 3788 5515 γὰρ
3816 5443 3878 5517 ἦν

2929 5641 2948 5670 ⁸
2988 5637 3100 5695 Jac.
3139 5657 3208 5708 tv,
3257 5641 3344 5696 14.
3439 5645 3458 5674 ’
3491 5643 3679 5697 Matth.
3724 5658 3870 5704 nu.
