4056 6334
235 368 261 417 ι
271 364 374 419 269

1316 361 1403 415 DE
1445 359 1673 417 RECTA
1716 362 1870 417 FIDE
1912 358 1998 413 AD
2041 354 2366 412 HECINAS.

3314 345 3448 399 1270

230 480 298 533 ἐν
324 477 500 547 σαρκὶ,
607 476 697 531 καὶ
736 477 774 547 ή
813 478 992 543 κτίσις
1035 479 1381 552 ὑϐριζομένῳ
1422 479 1619 548 τρόπον
1669 480 1789 533 τινὰ

1897 475 2003 529 haec
2036 474 2269 526 ﬁebant?
2299 483 2473 524 unnue
2508 466 2638 518 Dei?
2672 465 2815 520 Deus
2849 463 2989 516 enim
3022 473 3134 516 erat
3167 462 3217 516 in
3264 478 3447 524 carne,

232 568 613 638 συνωργίζετο.

443 852 534 905 Ἐκ
577 852 680 906 τοῦ
720 853 867 908 κατὰ
906 854 1182 925 Ἰωάννην
1220 856 1599 924 Εὑαγγελιόυ.

311 980 330 1011 ς
362 962 526 1025 Αὐτὸς
553 962 609 1016 δὲ
639 967 667 1018 6
704 966 908 1036 Ἰησοῦς
936 969 1034 1019 οὑκ
1070 969 1349 1021 ἐπίστευεν
1390 965 1551 1018 αὑτὸν
1585 969 1787 1031 αὐτοῖς,

230 1052 322 1105 διὰ
367 1055 423 1106 τδ
468 1055 627 1108 αὑτὸν
660 1060 947 1126 γινώσκειν
991 1060 1201 1112 πάντα·
1234 1059 1328 1113 καὶ
1376 1057 1457 1110 ὅτι
1507 1058 1565 1109 ού
1606 1059 1791 1129 χρείαν

232 1138 403 1214 εἶχεν,
430 1147 514 1198 ῖνα
540 1164 625 1211 τις
652 1148 973 1220 μαρτυρήσῄ
1006 1153 1133 1219 περὶ
1162 1151 1255 1203 τοῦ
1288 1146 1575 1219 ἀνθρώπου
1595 1167 1607 1179 ’
1632 1151 1791 1214 αὑτὸς

229 1238 344 1305 γὰρ
380 1238 663 1305 ἐγίνωσκε,
689 1240 742 1291 τί
773 1235 840 1311 ἦν
873 1242 930 1291 ἐν
971 1238 1047 1308 τῷ
1088 1240 1371 1311 ἀνθρώπῳ.
1414 1259 1432 1290 ι
1478 1241 1612 1309 Περὶ
1658 1242 1790 1296 Θεοῦ

229 1327 561 1398 γέγραπται,
587 1332 669 1384 ὅτι
717 1351 734 1382 ι
757 1330 814 1383 'U
842 1329 1047 1393 πλάσας
1079 1333 1387 1403 καταμόνας
1415 1332 1525 1396 ῥτὰς
1572 1334 1792 1403 καρδίας

228 1419 428 1473 αὐτῶν.
460 1439 479 1473 ›
534 1423 641 1474 Καὶ
691 1422 850 1484 αὑτὸς
899 1420 956 1473 δέ
995 1422 1096 1473 πού
1148 1439 1300 1493 φησι·
1362 1443 1379 1473 ι
1410 1420 1498 1492 Μὴ
1536 1424 1631 1475 ἀπ’
1656 1424 1791 1493 ἐμοῦ

228 1510 565 1578 προϐήσεται
612 1527 698 1573 τις
736 1529 755 1561 ι
805 1511 867 1565 El
916 1510 973 1564 δὲ
1018 1511 1195 1565 πάντα
1227 1512 1454 1584 Χριστὸς
1484 1513 1791 1578 ἐπίσταται,

226 1601 321 1650 καὶ
353 1597 459 1653 οἶδε
488 1600 557 1653 τὰ
588 1600 681 1653 τοῦ
720 1600 1029 1672 ἀνθρώπου,
1058 1603 1175 1668 πῶς
1204 1605 1305 1658 οὑκ
1333 1604 1396 1658 ἂν
1428 1603 1512 1673 εἴη
1540 1604 1692 1670 Θεὸς,
1717 1606 1793 1670 ὠς

226 1689 477 1758 καρδίας
505 1689 720 1750 ἐτὰζων
752 1692 849 1746 καὶ
878 1695 1169 1762 νεφρούς

301 1881 318 1913 ι
343 1842 531 1932 Ὑμεῖς
572 1867 926 1935 προσκυνεῖτε
974 1863 1002 1917 ὃ
1050 1865 1150 1918 οὑκ
1195 1866 1391 1929 οἴδατε,
1422 1868 1581 1935 ήμεῖς
1620 1885 1788 1931 προσ-
1824 1852 1865 1906 Β

222 1952 498 2023 κυνοῦμεν
526 1954 554 2006 ὃ
584 1956 805 2026 οἴδαμεν
824 1973 836 1986 ·
866 1955 946 2007 ὅτι
974 1956 1006 2024 ή
1036 1956 1277 2026 σωτηρία
1306 1960 1368 2009 ἐκ
1393 1956 1497 2008 τῶν
1523 1955 1789 2011 Ἰουδαίων

222 2043 394 2097 ἐστίν.
426 2064 443 2097 ι
465 2046 727 2111 Ἀκούεις,
758 2047 839 2098 ὅτι
869 2046 966 2115 τὴν
997 2048 1264 2117 σωτηρίαν
1297 2050 1358 2099 ὲκ
1388 2046 1494 2099 τῶν
1527 2047 1791 2102 Ἰουδαίων

222 2129 364 2187 εἶναί
409 2154 582 2207 mat;
637 2136 825 2189 Καίτοι
879 2135 1103 2206 Σωτῆρα
1154 2139 1285 2191 Θεὸν
1330 2138 1786 2209 ἐπεγραψάμεθαι

223 2225 433 2277 σέσωκε
477 2227 584 2295 γὰρ
634 2226 781 2294 ἡμᾶς
826 2225 885 2277 οὑ
933 2226 1193 2296 πρέσόυς,
1235 2229 1334 2281 οὐκ
1376 2226 1621 2295 ἄγγελος,
1666 2229 1792 2282 ἀλλ’

217 2314 386 2377 αὑτὸς
422 2315 449 2365 6
481 2315 700 2385 Κύριος,
738 2318 875 2370 κατὰ
922 2318 1017 2379 τὰς
1067 2318 1640 2388 Γραφάς.Ὠνὸμασται
1684 2320 1792 2391 γὰρ

221 2404 459 2472 Χριστὸς
506 2404 746 2478 Ἰησοῦς,
798 2407 1033 2476 γεγονὼς
1080 2408 1137 2473 ἐξ
1189 2410 1451 2463 Ἰουδαίων
1496 2409 1635 2462 κατὰ
1694 2413 1792 2482 τὴν

222 2493 423 2561 σάρκα.
443 2496 646 2565 Ἰησοῦς
681 2513 744 2563 γε
779 2497 882 2566 μὴν
927 2495 1281 2566 ἑρμηνεύεται
1312 2496 1593 2564 σωτηρία,
1623 2497 1792 2560 Αὐτὸς

219 2582 319 2639 οὖν
344 2584 451 2655 ἄρα
478 2587 624 2639 ἐστὶν
655 2588 687 2658 ή
710 2588 772 2641 ἐκ
799 2587 907 2640 τῶν
942 2586 1206 2640 Ἰουδαίων
1239 2588 1667 2658 σωτηρία.Ὥστε
1692 2587 1791 2640 κᾶν

222 2677 279 2728 εί
327 2676 515 2743 γέγονε
563 2676 698 2749 σὰρξ
735 2678 770 2729 ’ὁ
810 2677 1000 2744 Λόγος,
1032 2676 1124 2728 καὶ
1155 2676 1447 2730 ἐπελάϐετο
1481 2676 1792 2746 σπέρματος

236 2766 510 2839 Ἀϐραὰμ,
544 2767 676 2832 Θεός
702 2770 817 2821 ἐστι
848 2768 941 2822 καὶ
975 2766 1111 2837 μετὰ
1141 2767 1360 2837 σαρκός.

308 3054 326 3087 ι
348 3035 540 3105 Ἀμὴν,
575 3034 718 3107 ἀμὴν
743 3036 884 3106 λέγω
914 3036 1061 3107 ὑμῖν,
1109 3039 1137 3090 6
1172 3037 1439 3091 πιστεύων
1466 3039 1544 3099 εἰς
1575 3038 1693 3106 ἐμὲ,
1726 3037 1792 3089 τὰ

223 3126 367 3194 ἔργα
418 3126 453 3179 ἃ
504 3126 613 3194 ἐγὼ
671 3128 829 3193 ποιῶ,
858 3129 1105 3190 κάκεῖνος
1153 3129 1389 3197 ποιήσει,
1427 3127 1522 3180 καὶ
1570 3127 1794 3196 μείζονα.

222 3217 435 3271 τούτων
489 3220 739 3289 ποιήσει·
796 3220 876 3273 ὄτι
927 3218 1035 3287 ἐγὼ
1084 3219 1221 3289 πρὸς
1281 3220 1371 3273 τὸν
1418 3219 1630 3288 Πατέρα
1692 3236 1792 3290 μου
1824 3198 1868 3265 c

224 3309 550 3383 πορεύομαι.
578 3312 687 3363 Καὶ
708 3312 734 3364 ὃ
761 3328 812 3364 τι
848 3312 911 3365 ἂν
946 3312 1203 3381 αἰτήσητε
1239 3312 1295 3364 ἐν
1320 3312 1397 3381 τῷ
1422 3312 1640 3380 ὀνόματί
1669 3329 1789 3380 μου,

221 3401 384 3455 τοῦτο
411 3402 637 3473 ποιήσω.
672 3422 688 3453 ι
720 3402 1033 3473 Πορεύεται,
1057 3405 1207 3472 φησὶ,
1241 3405 1372 3473 πρὸς
1392 3403 1483 3468 τὸν
1510 3403 1725 3473 Πατέρα
1746 3408 1791 3468 8,

224 3493 401 3546 καίτοι
456 3493 613 3561 φύσει
664 3494 795 3559 Θεὸς
830 3495 1085 3565 ὑπάρχων
1111 3496 1139 3546 6
1175 3495 1319 3559 Υἱὸς,
1346 3496 1436 3547 καὶ
1470 3494 1628 3557 αὐτὸς
1659 3494 1733 3547 ὢν
1766 3498 1792 3549 6

222 3586 407 3637 πάντα
441 3584 679 3655 πληρῶν.
718 3586 1008 3654 Πορεύεται
1042 3588 1147 3657 γὰρ
1182 3587 1569 3657 ἀνθρωπίνωςε
1603 3589 1793 3657 ἀνελή-

221 3676 337 3746 φθη
373 3677 479 3746 γὰρ
509 3679 587 3741 είς
612 3677 701 3731 τὸν
728 3679 971 3748 οὐρανόν.
991 3678 1127 3731 Ἀλλ’
1148 3679 1223 3741 ὡς
1249 3678 1378 3739 Θεὸς
1405 3678 1793 3747 ἐπαγγέλλεται

222 3767 469 3838 πληροῦν
501 3767 570 3821 τὰ
597 3770 873 3839 αἰτήματα
919 3769 1026 3823 τῶν
1060 3770 1525 3840 προσευχομένων,
1556 3772 1602 3823 εί
1632 3772 1688 3824 ἐν
1719 3772 1795 3841 τῷ

220 3862 454 3932 ὀνόματι
488 3862 652 3915 αὑτοῦ
684 3866 914 3915 ποιοῖντο
945 3864 1040 3925 τὰς
1069 3861 1236 3925 λιτάς.
1275 3859 1406 3915 Εἶτα
1443 3865 1548 3922 τίνι
1577 3864 1641 3916 ἂν
1664 3865 1795 3934 πρέ-

222 3967 320 4002 ποι
357 3950 554 4019 μᾶλλον
584 3952 643 4004 τὸ
678 3952 916 4024 πληροῦν
955 3953 1117 4023 εὐχὰς
1156 3954 1344 4022 ἁγίων,
1367 3956 1459 4008 καὶ
1481 3954 1794 4026 χαρίζεσθαι

220 4042 296 4093 τὰ
342 4044 639 4115 αἰτήματα,
675 4043 813 4113 πλὴν
864 4045 944 4097 ὅτι
995 4046 1140 4114 μόνῳ
1186 4046 1262 4111 τῷ
1308 4046 1447 4099 κατὰ
1498 4046 1657 4114 φύσιν
1700 4048 1805 4107 καὶ

222 4134 448 4205 ἀληθῶς
474 4135 585 4187 ὄντι
623 4135 743 4205 Θεῷ
765 4153 777 4187 τ

306 4246 323 4277 ι
357 4228 467 4297 Οὑχ
498 4228 652 4297 ὑμεῖς
691 4245 755 4296 με
800 4226 1130 4293 ἐξελέξασθε,
1170 4229 1283 4281 ἀλλ’
1312 4229 1421 4297 ἐγὼ
1467 4228 1794 4298 ἐξελεξάμην

221 4319 373 4386 ὑμᾶς
402 4319 494 4370 καὶ
526 4318 698 4389 ἔϐηκα
728 4320 891 4388 ὑμᾶς,
922 4320 1006 4372 ἵνα
1036 4320 1190 4389 ὑμεῖς
1220 4320 1486 4391 ὑπάγητε,
1520 4321 1613 4372 καὶ
1660 4336 1795 4389 καρ-

228 4409 333 4461 πὸν
367 4409 587 4478 φέρητε,
628 4410 718 4462 καὶ
748 4411 774 4461 ὁ
804 4410 1012 4481 καρπὸς
1048 4410 1201 4479 ὑμῶν
1243 4411 1428 4482 μείνῃ·
1466 4412 1550 4462 ἵνα
1584 4413 1610 4463 ὅ
1646 4427 1696 4461 τι
1728 4410 1794 4461 ἂν

1893 580 1997 634 quo
2031 574 2135 616 tam
2185 562 2568 619 contumeliose
2628 568 2883 621 tractato,
2912 557 3029 624 ipsa
3060 570 3273 624 quoque
3300 569 3444 607 erca-

1895 666 2015 708 tura
2067 653 2458 723 quodammodo
2524 650 2599 701 ira
2660 660 2711 703 et
2768 647 3132 716 indignatione
3186 646 3448 701 eﬂ'éreba-

1894 758 1997 799 tur.

2164 852 2243 905 Ea:
2279 848 2556 917 Evangelia
2585 851 2863 902 secundum
2890 847 3165 900 Joannem.

1967 980 1985 1014 ι
2015 962 2169 1020 Jesus
2218 974 2522 1019 autemnon
2564 962 2821 1016 credebat
2865 960 3211 1029 semetipsmn
3256 960 3357 1023 eis,
3390 975 3453 1012 eo

1890 1056 2030 1124 quod
2080 1055 2192 1125 ipse
2227 1065 2410 1110 nosset
2441 1068 2649 1115 omnes,
2687 1062 2739 1107 et
2790 1052 2914 1123 quia
2945 1067 3077 1121 opus
3123 1051 3171 1105 ei
3204 1068 3306 1105 non
3339 1063 3453 1105 erat

1893 1156 1947 1200 ut
1993 1146 2113 1215 quis
2175 1145 2538 1202 testimonium
2597 1144 2907 1211 perhiberet
2958 1144 3021 1198 de
3070 1144 3304 1197 homine.
3337 1144 3453 1210 Ipse

1891 1237 2033 1293 enim
2070 1239 2295 1304 sciebat,
2336 1235 2465 1305 quid
2514 1248 2660 1289 esset
2706 1238 2758 1290 in
2815 1236 3029 1289 hOmine
3064 1237 3128 1288 ιι.
3172 1254 3188 1286 ι
3232 1235 3303 1289 De
3348 1235 3455 1288 Deo

1891 1325 2145 1396 scriptum
2207 1337 2435 1383 exstat:
2492 1344 2509 1376 ι
2572 1325 2671 1391 Qui
2744 1325 2895 1378 linxit
2944 1324 3219 1393 sigillatim
3290 1326 3451 1378 corda

1891 1430 2075 1470 eorum
2112 1419 2173 1471 η.
2215 1439 2231 1470 ι
2268 1420 2333 1474 Ει
2364 1418 2476 1486 ipse
2510 1416 2636 1469 alibi
2661 1417 2734 1470 ait
2764 1432 2778 1469 :
2820 1433 2839 1466 ι
2872 1414 2986 1469 Non
3028 1413 3291 1467 celabitur
3318 1430 3345 1467 a
3371 1430 3454 1469 me

1891 1507 2109 1562 omnino
2163 1512 2451 1579 quidquam
2484 1506 2548 1560 ¹³.
2621 1526 2637 1557 ι
2701 1507 2755 1561 Si
2810 1520 2937 1573 ergo
2974 1505 3220 1559 Christus
3276 1506 3455 1559 omnia

1892 1598 2158 1669 intelligit,
2182 1611 2234 1656 et
2256 1600 2429 1656 omnia
2462 1611 2577 1666 quae
2596 1607 2720 1651 sunt
2745 1599 2795 1652 in
2824 1596 3042 1651 homine
3071 1606 3259 1648 exacte
3288 1597 3454 1658 novit,

1894 1700 2075 1760 utpote
2095 1706 2334 1747 tcrulnns
2360 1707 2535 1745 eorum
2560 1692 2721 1742 corda
2763 1700 2810 1743 et
2858 1704 3024 1755 renes,
3054 1687 3320 1757 quomodo
3350 1702 3454 1741 non

1892 1793 1975 1839 est
1999 1781 2175 1839 Deus?

1974 1892 1991 1925 ι
2027 1871 2132 1928 Vos
2169 1874 2402 1928 adoratis
2432 1870 2576 1940 quod
2609 1868 2849 1931 nescitis,
2878 1883 2976 1922 nos
3005 1869 3291 1921 adoramus
3317 1866 3457 1935 quod

1897 1965 2099 2019 scimus
2138 1978 2151 2018 :
2190 1964 2443 2034 quoniam
2491 1961 2638 2016 salus
2675 1975 2737 2015 ex
2772 1957 2971 2013 Judaeis
3027 1965 3109 2011 est
3138 1957 3203 2008 “.
3236 1975 3251 2005 ι
3289 1956 3459 2009 Audis

1895 2054 2120 2110 salutem
2178 2071 2239 2108 ex
2288 2053 2486 2108 Judzeis
2538 2064 2658 2104 esse
2715 2045 3255 2113 assercutennAtqui
3293 2045 3465 2098 D'eum

1898 2145 2231 2199 Salvatorem
2268 2146 2422 2197 nobis
2469 2140 2840 2208 ascripsimus,
2866 2141 3024 2207 eique
3055 2136 3268 2190 nomina
3306 2137 3459 2189 dedi-

1899 2249 2035 2289 mus.
2078 2232 2316 2287 Salvavit
2348 2235 2489 2288 enim
2520 2246 2615 2285 nos
2660 2245 2762 2283 non
2796 2230 3028 2298 legatus,
3058 2244 3163 2281 non
3214 2228 3457 2295 angelus,

1898 2324 1989 2379 sed
2053 2323 2314 2378 Dominus
2364 2325 2517 2392 ipse,
2586 2319 2878 2373 secundum
2931 2318 3239 2386 Scripturas
3280 2317 3321 2345 ”
3395 2320 3460 2367 At

1897 2415 2140 2470 Christus
2190 2416 2279 2483 qui
2329 2414 2620 2469 secundum
2671 2425 2888 2463 carnem
2921 2424 2986 2463 ex
3042 2406 3240 2462 Judaais
3302 2414 3459 2459 natus

1898 2520 1998 2576 est,
2032 2508 2155 2565 Jesu
2216 2523 2407 2562 nomen
2444 2505 2667 2561 sortitus
2712 2515 2811 2557 cst.
2847 2502 2975 2556 Jesu
3017 2513 3193 2555 autem
3250 2515 3443 2553 nomen

1900 2596 2307 2662 interpretatum
2350 2594 2569 2647 salutem
2624 2600 2800 2644 sonat.
2827 2590 2943 2659 Ipse
2978 2590 3159 2657 itaque
3213 2588 3459 2642 Christus

1899 2692 1978 2739 est
2007 2682 2153 2737 salus
2188 2682 2297 2746 illa,
2340 2699 2459 2752 qum
2497 2695 2563 2735 ex
2604 2680 2801 2735 Judmis
2864 2680 3103 2749 profecta
3133 2689 3233 2735 est.
3261 2680 3459 2745 Quam-

1898 2776 2085 2830 obrem
2139 2773 2263 2827 licet
2323 2772 2557 2829 Verbum
2608 2786 2736 2826 caro
2801 2770 2999 2824 factum
3057 2771 3219 2835 sit,et
3276 2786 3457 2826 semen

1899 2864 2127 2921 Abrahae
2195 2864 2643 2933 apprehenderit;
2706 2861 2847 2916 Deus
2921 2861 3267 2917 nihilominus
3336 2877 3463 2916 cum

1900 2964 2171 3025 assumpta
2204 2970 2366 3010 carne
2396 2954 2710 3025 permansit.

1984 3068 2001 3101 ι
2025 3048 2215 3112 Amen,
2242 3063 2394 3101 amen
2420 3046 2539 3101 dico
2568 3044 2737 3109 vobis,
2761 3044 2848 3113 qui
2881 3043 3049 3098 credit
3088 3044 3138 3097 in
3166 3059 3268 3107 me,
3295 3059 3459 3110 opera

1901 3156 2019 3210 quae
2088 3154 2186 3210 ego
2245 3137 2402 3203 facio,
2430 3147 2484 3192 et
2528 3138 2641 3205 ipse
2693 3134 2877 3199 faciet,
2911 3145 2963 3189 et
3012 3134 3211 3202 majora
3267 3136 3455 3188 horum

1899 3230 2231 3297 facietzquia
2258 3244 2355 3297 ego
2400 3228 2533 3281 vado
2579 3225 2645 3278 ad
2697 3223 2958 3278 Patrem:
2995 3233 3047 3277 et
3104 3222 3460 3291 quodcunque

1900 3321 2158 3392 petieritis
2197 3320 2247 3373 in
2276 3321 2491 3375 nomine
2538 3331 2677 3383 meo,
2715 3317 2816 3370 hoc
2878 3316 3068 3369 faciam
3104 3315 3168 3367 ¹⁶.
3203 3334 3221 3365 ι
3248 3315 3325 3367 Ad
3353 3312 3456 3366 Pa-

1902 3425 2033 3468 trem
2064 3412 2305 3467 se‘abire
2345 3410 2645 3472 denuntiat,
2682 3423 2803 3462 cum
2855 3418 3031 3461 tamen
3086 3406 3224 3460 Deus
3268 3417 3459 3459 natura

1899 3505 2066 3558 Filius
2105 3504 2193 3566 sit,
2224 3502 2443 3570 ipseque
2489 3500 2665 3553 omnia
2712 3497 2951 3565 impleat.
3008 3496 3269 3549 Abscedit
3314 3498 3455 3550 enim

1900 3592 2195 3655 secundum
2261 3593 2550 3671 humanam
2606 3595 2880 3640 naturam.
2927 3585 2997 3639 At
3052 3599 3182 3637 vero
3229 3583 3354 3637 licet
3404 3595 3461 3636 ut

1900 3686 2059 3739 homo
2114 3683 2167 3736 in
2221 3680 2418 3734 coelum
2464 3687 2768 3747 assumptus
2803 3677 2915 3741 sit,
2957 3684 3013 3728 ut
3075 3674 3214 3729 Deus
3280 3684 3458 3728 tamen

1898 3773 2191 3842 supplicum
2218 3780 2337 3825 vota
2358 3786 2414 3825 se
2437 3770 2741 3824 auditurum
2772 3768 3061 3838 promittit,
3093 3767 3135 3819 si
3163 3768 3212 3819 in
3240 3767 3454 3819 nomine

1899 3866 2042 3919 illius
2072 3862 2508 3931 supplicaverint.
2537 3858 2653 3913 Jam
2684 3859 2790 3919 cui,
2827 3872 3029 3927 quaeso,
3061 3858 3238 3911 verius
3261 3872 3458 3911 conve-

1899 3956 2311 4009 nitsanctorum
2347 3950 2630 4019 postulatis
2666 3948 3003 4011 satisfacere,
3024 3945 3132 4016 85
3165 3960 3461 4013 eorumque

1899 4045 2037 4098 votis
2067 4056 2128 4097 ac
2150 4041 2435 4097 desideriis
2468 4039 2815 4109 respondere,
2850 4052 3013 4107 quam
3042 4036 3140 4091 soli
3184 4051 3248 4091 ac
3282 4036 3462 4090 nativo

1898 4136 2005 4188 Deo
2019 4134 2039 4186 ‘l

1977 4244 1995 4276 ι
2038 4224 2152 4279 Νοη
2184 4239 2278 4279 vos
2302 4238 2386 4278 me
2415 4222 2674 4293 elegistis,
2694 4222 2784 4276 sed
2809 4235 2907 4290 ego
2943 4220 3076 4291 elegi
3097 4229 3284 4284 vos,et
3311 4223 3458 4289 posui

1898 4332 1993 4371 vos
2020 4326 2077 4370 ut
2103 4317 2262 4379 eatis,
2311 4324 2363 4369 et
2416 4314 2648 4368 fructum
2677 4313 2934 4375 alieratis,
2962 4321 3015 4366 et
3042 4312 3248 4367 fructus
3280 4316 3461 4366 vester

1903 4416 2234 4470 maneat;ut
2287 4406 2643 4474 quodcunque
2698 4404 2960 4472 petieritis
3010 4402 3221 4456 Patrem
3268 4403 3319 4455 in
3365 4420 3459 4455 uo-

221 4497 489 4565 αίτήσητε
538 4497 628 4549 τὸν
670 4497 887 4567 Πατέρα
927 4499 984 4550 ἐν
1024 4497 1101 4568 τῷ
1141 4498 1364 4568 ὀνόματί
1406 4516 1535 4567 μου,
1572 4496 1780 4567 δ;1σει]

1904 4501 2044 4553 mine
2084 4511 2221 4561 meo,
2261 4498 2350 4549 det
2375 4495 2524 4550 vobis
2557 4496 2620 4549 ”.
2658 4513 2676 4545 ›
2715 4495 2787 4547 En
2845 4494 2957 4563 pari
3008 4507 3067 4547 se
3116 4508 3235 4546 eum
3272 4492 3378 4546 Deo
3410 4503 3463 4546 cl

222 4590 376 4659 ὑμῖν.
410 4607 427 4639 ι
450 4588 578 4641 Ἰδοὺ
611 4588 883 4659 πανταχοῦ
920 4590 1191 4642 δείκνυσιν
1225 4592 1305 4643 ὅτι
1334 4589 1401 4642 τὰ
1430 4592 1518 4643 ἴσα
1563 4591 1677 4660 μετ’
1706 4589 1790 4654 ἐξε-

219 4681 413 4745 ουσίας
443 4683 653 4755 ἐνεργεῖ
685 4682 759 4753 τῷ
786 4681 1274 4752 Πατρίδ.”Ειρασκε
1303 4682 1430 4750 γὰρ,
1461 4683 1541 4733 ὅτι
1575 4700 1592 4731 ι
1612 4682 1673 4732 Ὃ
1696 4681 1790 4731 ἐὰν

219 4776 485 4845 αἰτήσητε
512 4776 568 4827 ἐν
605 4775 681 4845 τῷ
705 4774 927 4844 ὀνόματί
959 4791 1082 4843 μου,
1110 4775 1314 4844 ποιήσω
1335 4790 1347 4803 ’
1380 4791 1398 4823 ι
1440 4773 1554 4824 νυνὶ
1595 4772 1650 4822 δέ
1685 4789 1789 4839 φη-

222 4883 312 4920 σιν
331 4882 344 4894 °
388 4867 485 4919 «Ὀ
509 4883 561 4918 τι
595 4866 690 4919 ἐὰν
717 4867 975 4937 αἰτήσητε
1006 4866 1094 4918 τὸν
1126 4866 1342 4935 Πατέρα
1382 4866 1438 4916 ἐν
1467 4864 1542 4933 τῷ
1570 4864 1791 4931 ὀνόματί

225 4973 331 5029 μου
350 4999 363 5020 ,
388 4954 594 5027 δῷίσει]
624 4957 767 5026 ὑμῖν.
806 4975 824 5007 ι
844 4953 990 5026 Ἀρα
1012 4952 1104 5010 οὖν
1139 4957 1243 5027 ίδίᾳ
1266 4956 1363 5027 μὲν
1392 4955 1602 5007 δίδωσιν
1627 4956 1654 5006 ὁ
1682 4956 1791 5005 Πα-

222 5052 333 5120 τὴρ
356 5050 474 5123 δίχα
498 5049 591 5103 τοῦ
624 5048 775 5113 Υίοῦ,
801 5048 904 5120 ἰδίᾳ
936 5049 991 5102 δὲ
1017 5050 1110 5101 καὶ
1143 5049 1247 5101 ἀνὰ
1271 5048 1433 5118 μέρος
1458 5049 1484 5100 ὁ
1512 5045 1639 5107 Υἱὸς
1670 5044 1794 5115 δίχα

223 5140 323 5196 τοῦ
352 5140 590 5211 Πατρός;
617 5139 824 5196 Οὐκοῦν
851 5139 1001 5210 παρὰ
1028 5139 1121 5191 δύο
1146 5138 1282 5191 θεῶν
1304 5140 1413 5200 τοῖς
1434 5138 1607 5204 ἁγίοις
1635 5136 1700 5188 τὰ
1730 5136 1788 5185 ἐν

224 5233 414 5303 εὐχαῖς
448 5232 755 5302 αίτήματα;
797 5232 936 5284 Ἀλλ’
969 5232 1066 5302 οὑχ
1111 5230 1281 5294 οὑτως
1316 5229 1428 5299 ἔχει
1470 5226 1643 5281 ταῦτα
1666 5241 1677 5253 ·
1716 5224 1790 5294 μὴ

304 5392 340 5421 ¹¹
375 5390 527 5445 Joan.
567 5405 625 5447 It.
655 5388 743 5451 24,
775 5388 865 5443 25.
946 5387 986 5417 ⁸⁸
1010 5383 1151 5440 Psal.
1184 5398 1367 5445 xxnv,
1400 5383 1485 5436 15.

224 5461 320 5526 12,
364 5463 446 5515 15.
527 5462 565 5492 ³⁷
602 5458 753 5513 Joan.
784 5474 872 5521 xv,
909 5456 993 5511 16.
1074 5454 1307 5508 “lCor.
1355 5468 1469 5513 vm,
1502 5453 1554 5503 li.

1898 4590 2058 4643 Patre
2108 4597 2373 4658 potestate
2404 4584 2623 4655 pollere,
2670 4586 2926 4652 pariaque
2976 4584 3150 4636 eidem
3202 4592 3465 4651 praestare

1900 4696 2053 4751 posse
2071 4694 2337 4747 nusquam
2376 4694 2477 4731 non
2506 4675 2764 4730 inculcat.
2789 4676 3007 4729 Dixerat
3034 4674 3174 4727 enim
3201 4692 3212 4727 :
3242 4691 3258 4724 ι
3281 4674 3458 4739 Quod-

1898 4785 2110 4841 cunque
2146 4768 2410 4838 petieritis
2442 4768 2496 4820 in
2549 4767 2766 4820 nomine
2821 4781 2961 4828 meo,
2993 4765 3184 4819 faciam
3213 4783 3225 4817 :
3259 4783 3277 4816 ι
3319 4780 3463 4818 nunc

1900 4874 2076 4917 autem
2114 4862 2225 4915 ait:
2265 4880 2281 4911 ι
2318 4860 2684 4926 Quodcunque
2712 4857 2976 4927 petieritis
3015 4856 3228 4910 Patrem
3273 4858 3325 4909 in
3362 4872 3460 4908 nn-

1898 4954 2042 5007 mine
2071 4966 2208 5014 meo,
2240 4951 2387 5004 dabit
2421 4950 2571 5003 vobis
2598 4949 2661 5002 '3.
2700 4966 2718 4998 ι
2757 4946 3006 5015 Nunquid
3055 4961 3183 5013 ergo
3212 4961 3457 5000 seorsum

1894 5045 2071 5112 aliqua
2095 5042 2381 5111 diiargitur
2413 5041 2569 5095 Pater
2611 5039 2817 5108 absque
2850 5036 3006 5101 Filio,
3034 5046 3125 5089 aut
3157 5034 3323 5090 Filius
3344 5054 3461 5089 run-

1894 5150 2012 5189 sum
2081 5148 2324 5188 seorsum
2362 5130 2746 5201 sigillatimque
2807 5128 3117 5196 impertitur
3164 5128 3451 5183 nonnulla

1898 5224 2099 5291 absque
2130 5221 2310 5284 Patre,
2346 5219 2418 5273 ita
2450 5229 2560 5273 uta
2586 5219 2790 5272 duobus
2827 5218 2929 5271 diis
2961 5224 3302 5285 praestentur,
3332 5232 3447 5283 quae

1568 5381 1610 5411 "
1636 5378 1791 5431 Jereu

1897 5391 2016 5440 .vu,
2051 5375 2134 5429 10.
2210 5376 2251 5405 ”
2279 5372 2431 5439 Joan,
2463 5389 2533 5441 ιν,
2569 5372 2662 5431 92.
2700 5370 2741 5403 ¹³
2776 5369 2877 5426 lsa.
2908 5385 3064 5432 wn,
3098 5370 3150 5425 9.
3228 5368 3269 5401 ¹⁶
3292 5366 3448 5425 Joan.

1284 5610 1455 5663 Vat-ue
1485 5604 1739 5660 lectiones
1771 5600 1969 5655 codicis
2001 5597 2359 5668 Seguicriani.

309 5766 333 5803 ⁸
371 5764 453 5818 τιν.
486 5757 814 5831 Πορ;ύεσ6αί
851 5772 978 5824 ιρησι
1008 5771 1063 5805 τι.
1093 5769 1138 5807 τ.
1170 5755 1236 5805 [1.
1312 5752 1339 5792 h
1374 5750 1445 5819 τῷ
1474 5748 1590 5819 Θεῷ
1623 5746 1711 5801 καὶ
1744 5743 1932 5815 Πατρί.
