4056 6334
646 332 773 385 1⁴ΞἨ

1628 348 1685 401 5.
1726 346 1995 402 CYBILLI
2034 349 2499 407 ΑιιΕχΑΝῡιιιλι
2544 352 2859 409 ARCHIEP.

3738 349 3881 403 {9.72

638 446 810 539 sancti
840 445 1169 518 emagitant?
1198 454 1373 522 Absit,
1401 457 1574 513 absit:
1597 476 1736 514 unus
1764 461 1908 514 enim
1944 474 2027 518 est
2062 466 2189 520 Deus

2308 468 2517 537 γένοιτο
2540 488 2551 500 ο
2581 465 2661 535 εἷς
2696 469 2802 539 γὰρ
2835 468 2962 529 Θεὸς
2993 469 3019 519 ό
3052 467 3255 538 Πατήρ,
3290 467 3381 520 καὶ
3413 463 3492 530 εἷς
3526 467 3722 537 Κύριος
3771 466 3881 534 ’1η-

640 535 817 601 Pater,
868 550 922 595 et
983 558 1121 599 unus
1179 546 1305 602 item
1384 549 1642 606 Dominus
1701 549 1858 607 Jesus
1920 552 2200 613 Christus.

638 626 920 685 Distribuit
945 650 1174 706 namque
1200 638 1362 695 Pater
1386 642 1523 696 dona
1559 656 1652 711 per
1687 641 1882 699 Filium
1909 646 1962 700 in
1995 646 2200 720 Spiritu

637 728 859 808 sancto;
899 737 1266 783 verumtamen
1298 730 1586 801 postulatio
1617 732 1668 786 in
1710 735 1961 804 precibus
2017 739 2073 791 lit
2106 754 2203 808 per

637 807 817 866 Jesum
838 815 1132 870 Christum.
1157 818 1326 873 Porro
1355 820 1565 876 Domini
1594 821 1721 879 Jesu
1757 828 1976 882 nomine
2000 807 2201 897 accipio

638 916 757 957 mus
786 904 1205 975 etdesignamus
1237 911 1467 965 Verbum
1506 912 1776 970 hominem
1811 915 2031 973 factum.

712 1012 730 1045 ι
768 994 822 1049 ln
854 996 942 1051 illo
980 999 1065 1054 die
1091 1016 1175 1056 me
1222 1017 1328 1056 non
1359 1003 1617 1072 rogabitis
1660 1008 1973 1078 quidquam.
2002 1008 2196 1075 Amen,

637 1101 792 1141 amen
808 1087 927 1143 dico
959 1092 1127 1155 vobis,
1157 1091 1202 1146 si
1238 1093 1361 1161 quid
1382 1096 1647 1164 petieritis
1669 1099 1880 1153 Patrem
1904 1101 1956 1153 in
1982 1101 2200 1154 nomine

636 1194 776 1243 meo,
808 1180 955 1234 dabit
1006 1182 1180 1237 vobis.
1209 1182 1401 1251 Petite,
1433 1197 1488 1241 et
1522 1190 1820 1259 accipietis,
1846 1200 1905 1242 ut
1945 1190 2197 1260 gaudium

632 1282 872 1324 vestrum
924 1272 994 1325 sit
1037 1273 1252 1343 plenum
1275 1277 1339 1330 ".
1369 1297 1387 1329 ι
1427 1277 1552 1335 Hac
1597 1279 1843 1334 eamdem
1870 1280 2196 1336 sententiam

632 1376 753 1415 cum
800 1365 1168 1433 superioribus
1223 1368 1456 1434 habent,
1490 1370 1633 1425 sicut
1677 1371 1764 1425 illa
1818 1387 2052 1443 quoque,
2079 1388 2198 1444 qua:

633 1467 753 1505 mox
791 1466 1215 1524 consequuntur.
1241 1457 1331 1514 Ait
1366 1475 1636 1529 namque:
1678 1479 1696 1513 ι
1741 1462 1795 1517 In
1860 1464 1953 1518 illo
2005 1464 2116 1530 die,
2141 1464 2197 1519 in

633 1543 849 1597 nomine
868 1559 987 1599 meo
1012 1549 1204 1614 petetis
1229 1566 1243 1603 :
1265 1558 1319 1603 et
1356 1564 1465 1604 non
1494 1550 1615 1605 dico
1636 1552 1790 1607 vobis
1833 1553 1956 1623 quia
1988 1568 2088 1625 ego
2111 1570 2195 1608 ro-

628 1637 765 1705 gabo
782 1637 999 1693 Patrem
1029 1640 1094 1694 de
1122 1640 1312 1695 vobis:
1354 1642 1468 1713 ipse
1512 1645 1655 1697 enim
1698 1645 1861 1700 Pater
1885 1653 2030 1699 amat
2075 1660 2194 1711 vos,

627 1726 750 1793 quia
790 1742 887 1782 vos
922 1742 1007 1783 me
1032 1729 1275 1797 amastis,
1301 1740 1358 1787 et
1378 1732 1681 1789 credidistis
1702 1734 1828 1806 quia
1862 1748 1961 1805 ego
1981 1749 2009 1790 a
2032 1732 2194 1790 Patro

628 1819 768 1871 exivi
800 1818 870 1873 ".
899 1838 918 1872 ο

704 1928 723 1961 ι
755 1908 877 1965 Haec
920 1922 1001 1966 est
1034 1912 1143 1967 vita
1183 1923 1407 1983 aeterna,
1455 1928 1515 1972 ut
1552 1930 1886 1989 cognoscant
1928 1928 1977 1973 te.
2019 1919 2195 1974 solum

627 1998 791 2056 Deum
822 2018 1027 2070 verum,
1062 2015 1116 2059 et
1160 2022 1320 2076 quem
1353 2006 1551 2063 misisti
1576 2006 1760 2064 Iesum
1782 2008 2055 2064 Christum
2076 2012 2143 2064 '-'.
2172 2029 2188 2061 ι

626 2094 683 2148 Si
708 2096 1034 2153 cum-solius
1076 2098 1299 2169 verique
1339 2100 1437 2155 Dei
1472 2102 1781 2170 cognitione
1820 2101 1945 2158 Jcsu
1988 2103 2193 2159 Christi

622 2185 985 2255 cognitionem
1013 2189 1320 2245 necessario
1346 2192 1693 2262 coniunctam
1714 2193 2194 2263 consociatamque

620 2290 743 2330 esse
778 2289 1012 2346 oportet,
1041 2290 1093 2333 et
1147 2280 1251 2337 hoc
1291 2282 1466 2351 ipsum
1522 2291 1777 2337 aeternam
1810 2285 1972 2338 vitam
2011 2286 2193 2339 conci-

623 2367 754 2421 liat:
791 2369 877 2421 cui
934 2370 1227 2425 obscurum
1284 2386 1405 2427 esse
1446 2383 1647 2442 potest,
1680 2371 1954 2427 Christum
2007 2389 2191 2429 verum

620 2472 738 2513 esse
786 2458 993 2513 Deum?
1025 2456 1265 2515 Verbum
1319 2476 1453 2519 sane
1505 2478 1632 2519 caro
1695 2463 1897 2519 factum
1945 2473 2055 2531 est,
2097 2467 2191 2520 sed

622 2549 819 2604 mansit
847 2551 1059 2606 interim
1094 2550 1350 2609 Verbum.

695 2659 713 2691 ι
758 2640 825 2696 Ut
872 2644 1055 2699 credat
1098 2645 1329 2700 mundus
1369 2646 1497 2715 quia
1524 2655 1577 2700 tu
1624 2662 1708 2701 me
1746 2648 1960 2704 misisti.
1996 2648 2056 2702 Et
2089 2663 2190 2716 ego

618 2732 920 2788 claritatem
976 2750 1138 2802 quam
1179 2735 1374 2791 dedisti
1430 2737 1585 2801 mihi,
1631 2738 1751 2792 dedi
1805 2740 1926 2803 eis,
1968 2746 2025 2792 ut
2080 2740 2189 2796 sint

618 2838 807 2889 unum,
832 2823 971 2878 sicut
1012 2833 1065 2878 et
1108 2839 1207 2880 nos
1240 2840 1406 2880 unum
1450 2842 1660 2882 sumus.
1688 2827 1799 2896 Ego
1844 2830 1895 2882 in
1923 2829 2022 2891 eis,
2052 2837 2107 2881 et
2134 2836 2187 2882 tu

617 2915 668 2969 in
702 2929 815 2979 me,
844 2924 901 2968 ut
926 2916 1031 2970 sint
1056 2917 1416 2972 consummati
1444 2917 1496 2971 in
1525 2934 1689 2974 unum
1720 2919 1788 2973 ".
1823 2936 1842 2970 ι
1884 2917 2187 2988 Perspicaci

617 3009 811 3065 mentis
860 3007 1017 3063 oculo
1060 3008 1114 3064 in
1165 3023 1278 3065 rem
1328 3010 1653 3080 propositam
1689 3012 2047 3076 intendentes,
2079 3013 2191 3083 86

615 3116 861 3169 quaenam
896 3101 947 3156 in
970 3103 1083 3172 ipsa
1119 3101 1366 3159 abstrusa
1413 3103 1638 3169 lateant,
1667 3104 1952 3175 diligenter
1999 3106 2188 3173 explo-

615 3207 816 3247 remus.
855 3190 1077 3259 Qualem
1113 3195 1293 3263 itaque
1317 3194 1542 3265 gloriam
1574 3193 1744 3251 Filius
1774 3211 1803 3249 τι
1840 3196 2000 3251 Patre
2031 3212 2186 3253 acce-

616 3285 759 3349 pisse
818 3300 877 3340 se
933 3295 1138 3352 narrat,
1190 3301 1349 3354 quam
1405 3287 1560 3340 nobis
1614 3286 1806 3342 deinde
1848 3302 2167 3343 communen

616 3373 839 3432 fecerit?
876 3375 1020 3431 Sane
1056 3376 1169 3446 ipse
1228 3379 1293 3431 ab
1341 3377 1443 3432 hac
1503 3380 1801 3449 quaestione
1850 3395 1949 3436 nos
1996 3380 2165 3436 libera

614 3471 737 3520 dum
766 3468 885 3522 ait:
934 3487 951 3521 ι
990 3467 1064 3524 Ut
1097 3484 1258 3523 unum
1311 3470 1438 3536 sint,
1476 3471 1619 3526 sicut
1659 3482 1708 3526 et
1755 3486 1853 3527 nos
1901 3488 2066 3526 unum
2100 3487 2188 3529 su-

615 3574 752 3611 mus.
793 3575 812 3610 »
859 3556 990 3611 Nam
1018 3558 1123 3611 etsi
1154 3558 1241 3612 Dei
1265 3556 1444 3614 Patris
1474 3559 1707 3613 Verbum
1741 3558 2035 3615 secundum
2059 3573 2186 3629 pro-

614 3648 784 3714 priam
816 3646 1126 3716 hypostasiu
1174 3647 1312 3701 alius
1357 3664 1386 3702 a
1434 3648 1593 3703 Patre
1636 3663 1756 3703 esse
1811 3650 2180 3717 dignoscatur,

616 3734 845 3787 naturali
878 3744 1053 3789 tamen
1088 3734 1367 3790 identitate
1411 3750 1573 3789 unum
1622 3735 1780 3804 plane
1831 3745 1885 3790 et
1923 3737 2061 3790 idem
2098 3746 2182 3793 est

618 3842 740 3880 cum
757 3825 866 3881 ilio.
887 3828 953 3879 At
982 3840 1086 3895 quo
1100 3834 1255 3895 pacto
1280 3823 1512 3879 Verbum
1532 3826 1660 3880 illud
1686 3841 1846 3880 unum
1871 3826 1945 3898 (Ι)
1964 3841 2180 3897 quoque

614 3918 894 3973 nobiscum
927 3916 1123 3971 factum
1155 3915 1272 3972 est?
1297 3916 1378 3972 Ad
1409 3918 1655 3972 eumdem
1683 3918 1905 3973 omnino
1934 3919 2175 3986 modum,

613 4017 740 4077 puta
770 4010 1067 4065 secundum
1117 4007 1456 4063 essentialem
1502 4018 1558 4062 et
1595 4007 1893 4063 naturalem
1925 4008 2179 4063 identita-

614 4106 742 4151 tem.
767 4097 836 4151 At
868 4112 987 4151 cum
1027 4096 1207 4152 divina
1242 4106 1431 4151 natura
1462 4106 1612 4153 tanto
1655 4114 1683 4152 a
1733 4107 1984 4153 creatura
2018 4101 2189 4157 distet-

611 4186 918 4251 intervallo,
946 4196 1003 4241 ut
1047 4186 1343 4242 secundum
1388 4187 1680 4242 essentiam
1732 4202 1857 4242 cum
1912 4203 1973 4243 ea
2032 4189 2179 4246 coire

611 4292 950 4347 nequaquam
986 4277 1199 4345 valeat,
1232 4292 1425 4348 ecquo,
1454 4279 1655 4349 inquis,
1682 4281 1840 4334 modo
1881 4282 2177 4339 secnndum

610 4380 858 4425 naturam
900 4386 1064 4425 unum
1099 4370 1183 4426 ille
1210 4369 1387 4427 factus
1402 4378 1479 4426 est
1513 4371 1818 4437 nobiscum,
1844 4372 2172 4441 quiomnem

2314 559 2436 625 σοῦς
2495 562 2745 633 Χριστός.
2776 559 3025 628 Διανέμει
3071 560 3177 629 γὰρ
3220 562 3249 612 6
3296 559 3483 630 Πατὴρ
3527 559 3594 612 δι’
3626 556 3757 611 Υίοῦ
3815 560 3882 607 τὰ

2308 651 2487 718 ἀγαθὰ
2521 653 2577 705 ὲν
2617 649 2922 719 Πνεύματι·
2961 645 3097 716 πλὴν
3128 650 3161 717 ή
3198 648 3411 718 αἴτησις
3456 649 3487 717 ἡ
3540 648 3595 699 tv
3642 660 3882 714 προσευ-

2308 743 2430 810 χαῖς
2459 743 2515 795 ὲν
2554 738 2769 812 Χριστῷ
2803 735 3002 807 Ἰησοῦ’
3035 737 3129 789 καὶ
3158 737 3367 807 Κύριος
3400 735 3604 808 Ἰησοῦς
3645 736 3674 786 ὁ
3714 734 3881 784 tvav-

2309 830 2602 903 θρωπήσας
2634 833 2831 886 νοεῖται
2860 828 2953 881 καὶ
2990 828 3314 897 ὀνομάζεται
3338 830 3525 897 Λόγος,

2384 1034 2402 1066 ι
2430 1014 2540 1069 Καὶ
2576 1015 2635 1067 tv
2676 1011 2859 1081 ἐκείνη
2886 1012 2951 1079 τῇ
2982 1008 3166 1079 ἡμέρα
3192 1006 3291 1076 ἐμὲ
3319 1008 3415 1059 οὐκ
3446 1009 3746 1078 ἐρωτήσετε
3784 1004 3881 1056 οὖ-

2305 1098 2413 1154 δέν.
2433 1101 2623 1173 Ἀμὴν,
2654 1100 2799 1171 ἀμὴν
2828 1098 2969 1164 λέγω
3008 1097 3157 1166 ὑμῖν,
3188 1095 3252 1148 ἄν
3276 1111 3331 1147 τι
3361 1097 3622 1165 αἰτήσητε
3650 1095 3737 1148 τὸν
3770 1094 3881 1146 Πα-

2303 1192 2437 1261 τέρα
2482 1194 2539 1245 tv
2578 1190 2656 1260 τῷ
2703 1187 2926 1259 ὀνόματι
2979 1205 3100 1257 μου,
3133 1186 3294 1240 δώσει
3335 1186 3481 1256 ὑμῖν.
3510 1188 3741 1247 Αἰτεῖτε,
3779 1185 3877 1237 καὶ

2303 1280 2555 1351 λήψεσθε,
2585 1282 2672 1335 ἵνα
2702 1281 2733 1351 ὴ
2759 1278 2901 1350 χαρὰ
2923 1278 3075 1350 ὑμῶν
3164 1276 3591 1347 πεπληρωμένη.
3622 1296 3642 1328 s
3667 1277 3756 1329 Ἐν
3784 1276 3878 1347 ἴσῃ

2303 1374 2395 1427 καὶ
2428 1373 2586 1428 τοῦτο
2615 1375 2725 1436 τοῖς
2750 1370 3006 1442 ἀνωτέρω
3041 1369 3213 1443 βραχὺ
3240 1369 3449 1438 διανοίᾳ.
3483 1367 3751 1430 κείσεται,
3779 1368 3878 1419 καὶ

2302 1464 2363 1517 τὸ
2408 1464 2606 1535 ἑφεξῆς
2654 1462 3036 1533 ὁμοίως.Ἔχει
3085 1461 3140 1514 δὲ
3184 1460 3374 1523 οὕτως’
3411 1458 3538 1511 «Ἐν
3574 1458 3768 1528 ἐκείνη
3806 1459 3874 1527 τῇ

2302 1555 2487 1628 ἡμέρᾳ
2519 1559 2575 1611 tv
2611 1555 2689 1626 τῷ
2714 1555 2938 1625 ὀνόματί
2990 1572 3092 1624 μου
3140 1552 3425 1623 αἰτήσεσθε
3446 1567 3461 1583 ⁸
3510 1552 3606 1603 καὶ
3636 1550 3698 1603 οὐ
3732 1549 3878 1616 λέγω

2301 1646 2453 1716 ὑμῖν,
2491 1647 2573 1700 ὅτι
2623 1643 2733 1714 ἐγὼ
2784 1645 3045 1715 ἐρωτήσω
3097 1644 3190 1698 τὸν
3219 1644 3467 1715 Πατέρα·
3504 1644 3669 1707 αὐτὸς
3706 1641 3818 1713 γὰρ
3850 1645 3876 1694 6

2301 1739 2489 1809 Πατὴρ
2536 1737 2680 1807 φιλεί
2724 1737 2888 1806 ὑμᾶς,
2916 1737 2998 1789 ὅτι
3032 1737 3192 1805 ὑμεῖς
3241 1735 3340 1803 ἐμὲ
3387 1734 3748 1805 πεφιλήκατε,
3781 1735 3875 1787 καὶ

2229 1825 2270 1883 Β
2300 1831 2699 1886 πεπιστεύκατε
2739 1829 2819 1881 ὅτι
2854 1827 2965 1895 ἐγὼ
2995 1827 3142 1897 παρὰ
3181 1826 3275 1880 τοῦ
3306 1826 3518 1897 Πατρδς
3549 1825 3803 1897 ἐξῆλθον.
3842 1843 3861 1875 ι

2376 1944 2394 1976 ι
2425 1922 2572 1995 Αὕτη
2607 1920 2662 1974 δέ
2689 1923 2835 1973 ἐστιν
2860 1922 2891 1988 ή
2920 1918 3137 1981 αἰώνιος
3177 1917 3309 1987 ζωὴ,
3347 1917 3432 1969 ἴνα
3465 1916 3782 1984 γινώσκωσι
3814 1931 3872 1967 σε

2296 2014 2386 2067 τὸν
2418 2013 2579 2083 μόνον
2624 2008 2876 2080 ἀληθινὸν
2910 2008 3062 2071 Θεὸν,
3090 2007 3184 2061 xal.
3210 2006 3270 2059 ὃν
3299 2005 3627 2070 ἀπέστειλας
3662 2006 3873 2076 Ἰησοῦν

2295 2103 2549 2173 Χριστόν.
2580 2120 2598 2153 ι
2639 2101 2701 2152 Et
2730 2101 2795 2170 τῇ
2834 2097 3125 2167 ἐπιγνώσει
3158 2095 3252 2150 τοῦ
3300 2097 3460 2166 μόνου
3489 2097 3585 2150 atat
3608 2096 3869 2166 ἀληθινοῦ

2294 2194 2429 2248 Θεοῦ
2476 2191 2825 2263 συνεζεῦχθαι
2866 2207 2925 2243 τε
2972 2191 3067 2243 καὶ
3101 2189 3489 2243 συνεισϐαίνειν
3524 2188 3746 2257 ἀνάγκη
3776 2188 3871 2259 τὴν

2294 2284 2587 2351 ἐπίγνωσιν
2635 2278 2810 2350 Ἰησοῦ
2838 2276 3098 2349 Χριστοῦ,
3136 2278 3228 2329 καὶ
3259 2275 3402 2346 ζωὴν
3423 2275 3579 2328 τοῦτο
3607 2274 3709 2343 τὴν
3745 2274 3872 2326 αἰὼ-

2293 2390 2404 2427 νιον
2444 2372 2736 2442 προξενεῖ·
2770 2369 2888 2433 πῶς
2934 2369 3031 2438 οὐχ
3084 2369 3287 2421 ἅπασιν
3329 2367 3576 2436 ἐναργὲς,
3608 2367 3692 2419 ὅτι
3740 2364 3870 2424 Θεός

2292 2467 2439 2519 ἐστιν
2468 2463 2671 2537 ἀληθὴς
2707 2465 2735 2516 6
2767 2460 3033 2533 Χριστόςς
3064 2459 3261 2529 Γέγονε
3296 2459 3403 2530 γὰρ
3439 2458 3576 2530 σὰρξ
3610 2459 3638 2511 6
3674 2458 3868 2524 Λόγος.

2292 2557 2386 2611 καὶ
2426 2555 2702 2627 μεμένηκε
2732 2554 2921 2621 Λόγος.

2367 2646 2515 2699 «Ἵνα
2564 2648 2592 2698 6
2637 2644 2836 2714 κόσμος
2880 2643 3145 2714 πιστεύσῃ
3178 2645 3257 2697 ὅτι
3288 2642 3349 2695 σύ
3395 2659 3460 2711 με
3506 2638 3860 2702 ἀπέστειλας.

2292 2736 2465 2804 Κάγὼ
2488 2739 2586 2807 τὴν
2630 2735 2808 2800 δόξαν,
2836 2737 2904 2806 ἢν
2938 2736 3176 2799 δέδωκάς
3228 2752 3340 2805 μοι,
3376 2733 3583 2787 δέδωκα
3629 2732 3819 2793 αὐτοῖς
3846 2747 3861 2759 ·

2291 2832 2376 2883 ἵνα
2408 2824 2542 2884 ὦσιν
2581 2829 2657 2892 ἓν,
2686 2826 2866 2890 καθὼς
2901 2829 3057 2897 ἡμεῖς
3082 2826 3161 2879 ἓν.
3180 2825 3321 2893 Ἐγὼ
3352 2827 3407 2877 tv
3432 2826 3634 2887 αὐτοῖς,
3674 2823 3770 2875 καὶ
3802 2825 3862 2875 σὺ

2289 2924 2346 2974 tv
2383 2921 2525 2991 ἐμοὶ,
2575 2920 2661 2972 ἵνα
2689 2913 2791 2971 ὦσι
2828 2917 3235 2987 τετελειωμένοι
3260 2918 3337 2979 εἰς
3366 2916 3442 2969 tv.
3472 2935 3489 2966 ι
3510 2914 3743 2985 Ἀκριϐἧ
3767 2914 3861 2983 τῆς

2289 3013 2525 3075 διανοίας
2547 3012 2638 3065 τὸν
2665 3010 2937 3080 ὀφθαλμὸν
2974 3011 3369 3079 ἐπιστήσαντες
3403 3011 3465 3079 τῇ
3498 3006 3592 3060 τοῦ
3635 3023 3860 3075 προκει-

2295 3105 2457 3175 μένου
2485 3103 2732 3173 δυνάμει,
2759 3100 3125 3171 θεωρήσωμεν
3146 3099 3212 3152 τὰ
3238 3100 3296 3151 tv
3326 3097 3498 3165 αὐτῷ,
3513 3096 3678 3149 Ποίαν
3705 3094 3861 3159 δόξαν

2215 3159 2257 3217 C
2290 3159 2570 3263 εἰληφέναι
2594 3159 2730 3261 canat
2763 3159 3041 3260 παρ’ὰπού
3068 3190 3278 3260 [ἰατρὸς
3310 3191 3337 3242 6
3367 3159 3513 3253 Υἱός,
3537 3186 3630 3239 καὶ
3654 3184 3859 3253 ταύτην

2294 3287 2422 3356 ήμίν
2449 3282 2719 3337 ἐπιδοῦναι
2741 3299 2755 3345 ;
2783 3282 2951 3345 Αὐτὸς
2976 3280 3033 3334 δὲ
3061 3283 3211 3351 ἡμᾶς
3231 3281 3327 3349 τῆς
3354 3279 3443 3333 ἐπὶ
3471 3278 3682 3341 τούτοις
3706 3276 3859 3348 ἐρεύ-

2289 3391 2385 3445 νης
2412 3370 2734 3437 ἀπαλλάξει.
2759 3370 2931 3439 λέγων
2950 3387 2963 3400 '
3000 3370 3143 3423 «Ἵνα
3169 3365 3289 3431 ὦσι,
3322 3368 3501 3431 καθὼς
3531 3369 3717 3437 ἡμεῖς.
3744 3367 3819 3419 tv.
3837 3386 3853 3416 ι

2301 3463 2389 3516 Ἐν
2422 3463 2519 3532 μὲν
2544 3461 2651 3532 γὰρ
2675 3462 2738 3531 τῇ
2765 3462 2967 3530 φυσικῇ
3001 3459 3286 3528 ταυτότητι
3318 3458 3375 3509 ’ἐν
3407 3459 3553 3510 ἐστιν
3584 3460 3613 3509 ὀ
3637 3458 3702 3509 ὲκ
3722 3456 3856 3509 Θεοῦ

2288 3553 2457 3620 Λόγος
2491 3551 2621 3621 πρὸς
2666 3552 2754 3604 τὸν
2789 3548 2978 3603 ἑαυτοῦ
3012 3550 3251 3621 Πατέρα,
3287 3550 3334 3602 εἰ
3369 3549 3462 3602 καὶ
3489 3550 3690 3601 νοεῖται
3725 3547 3858 3599 καθ’

2292 3646 2584 3699 ὑπόστασιν
2614 3643 2870 3711 ἑκάτερος
2903 3643 3093 3714 ίδικήν.
3146 3639 3270 3705 Πῶς
3297 3641 3354 3694 δὲ
3381 3641 3473 3695 καὶ
3503 3642 3560 3693 tv
3589 3643 3723 3710 ἡμῖν
3763 3639 3855 3708 γέο

2290 3753 2413 3804 γονε
2434 3755 2452 3803 ;
2476 3734 2632 3790 Κατὰ
2662 3735 2750 3788 τὸν
2777 3736 2889 3789 ἴσον
2919 3735 3135 3806 τρόπον,
3169 3732 3440 3796 οὺσιωδῶς
3466 3733 3531 3803 δὴ
3565 3732 3732 3800 λέγω,
3764 3732 3854 3783 καὶ

2288 3822 2565 3890 φυσικῶς’
2598 3821 2691 3875 καί
2726 3839 2807 3874 τοι
2843 3822 2976 3875 Θεοῦ
3029 3822 3187 3890 φύσις
3232 3820 3542 3889 ἀσύμϐατος
3579 3818 3853 3882 παντελῶς

2284 3913 2369 3981 εἴη
2418 3913 2483 3966 ἂν
2533 3913 2667 3984 πρὸς
2705 3912 2801 3982 τὴν
2848 3914 3042 3975 κτίσιν,
3075 3913 3149 3975 ὡς
3199 3914 3256 3965 tv
3293 3912 3579 3981 ταυτότητι
3613 3912 3757 3979 λέγω
3789 3915 3850 3982 τῇ

2286 4005 2409 4058 κατ’
2440 4004 2644 4057 οὐσίαν.
2671 4003 2796 4067 Πῶς
2832 3999 2923 4057 οὖν
2952 4004 3009 4055 tv
3031 4005 3159 4073 ἡμῖν
3184 4003 3372 4072 γέγονε
3405 4001 3649 4071 φυσικῶς
3671 4004 3698 4054 6
3719 4003 3851 4071 ὑπὲρ

2284 4094 2383 4166 τὴν
2416 4095 2629 4160 κτίσιν;
2659 4095 2854 4163 Γέγονε
2888 4095 2995 4165 γὰρ
3026 4093 3328 4165 ἄνθρωπος,
3365 4094 3452 4146 ἴνα
3483 4090 3673 4163 ὥσπερ
3707 4091 3852 4143 ἐστὶν

2285 4190 2380 4244 tvi
2421 4191 2487 4261 τῇ
2515 4190 2614 4261 τῆς
2647 4188 2897 4260 θεότητος
2935 4188 3095 4257 φύσει
3128 4187 3261 4259 πρὸς
3306 4188 3395 4243 τὸν
3440 4185 3684 4257 Πατέρα,
3713 4183 3852 4237 οὕτω

2287 4278 2539 4351 καὶπρὸς
2564 4279 2709 4348 ἡμᾶς
2738 4277 2796 4330 ἒν
2834 4276 3059 4347 γένηται
3090 4278 3273 4347 σχέσει
3306 4279 3371 4347 τῇ
3401 4275 3544 4329 κατὰ
3570 4276 3667 4330 ἀνθ
3679 4275 3850 4347 ρωπὸ-

2284 4385 2453 4440 τητα·
2490 4366 2883 4438 τετελειὼμεθα
2908 4367 3017 4439 γὰρ
3046 4366 3307 4427 οὕτωκαὶ
3342 4372 3503 4440 ήμεῖς
3531 4371 3611 4433 είς
3640 4370 3722 4424 tv.

606 4462 829 4517 onmiuo
892 4474 1198 4519 creaturam
1246 4463 1503 4520 excellit?
1551 4462 1782 4519 Verbum
1839 4467 2041 4520 factum
2096 4474 2179 4523 est
2219 4467 2402 4530 homo,
2435 4472 2493 4519 ut
2553 4462 3029 4533 quemadmodum,
3059 4465 3202 4533 quod
3272 4466 3486 4533 quidem
3520 4468 3587 4519 ad
3635 4465 3849 4520 deitatts

608 4563 859 4609 naturam
888 4563 1117 4624 spectat,
1151 4570 1316 4610 unum
1345 4565 1398 4611 et
1448 4556 1588 4611 idem
1616 4565 1700 4611 est
1746 4571 1869 4611 cum
1934 4557 2210 4624 Patre,ita
2251 4556 2548 4612 secundum
2585 4563 2790 4610 naturae
2854 4556 3105 4611 humanas
3157 4556 3523 4612 habitudinem
3558 4558 3629 4612 sit
3684 4574 3845 4614 unum

606 4662 820 4720 quoque
848 4650 1154 4706 nobiscum.
1194 4652 1305 4707 Hac
1333 4653 1477 4708 enim
1517 4655 1721 4717 ratione
1757 4671 1852 4710 nos
1874 4671 2092 4726 quoque
2116 4657 2165 4710 in
2207 4655 2466 4709 unitatem
2498 4654 2857 4708 consummati
2902 4669 3109 4709 sumus.
3800 4702 3803 4703 ν

688 4755 708 4789 ι
736 4738 867 4794 Cum
909 4753 1038 4811 ergo
1074 4755 1198 4797 sero
1231 4751 1375 4798 esset
1408 4743 1494 4799 die
1522 4744 1632 4809 iilo,
1658 4761 1767 4800 una
1792 4744 2174 4810 Sabbatorum,

2365 4762 2384 4796 ι
2416 4742 2596 4815 Οὔσης
2644 4738 2738 4797 οὖν
2782 4742 2937 4812 ὀψίας
2968 4748 3035 4815 τῇ
3069 4744 3252 4815 ἡμέρᾳ
3284 4744 3488 4816 ἐκείνῃ,
3514 4748 3581 4819 τῇ
3618 4748 3718 4815 μιᾷ
3742 4747 3846 4801 τῶν

607 4839 659 4885 et
694 4829 834 4886 fores
855 4841 1037 4886 essent
1073 4832 1292 4900 clause,
1320 4835 1408 4890 ubi
1448 4844 1605 4891 erant
1654 4837 1899 4906 discipuli
1950 4853 2152 4907 congre

608 4922 718 4992 gati
750 4929 969 4992 propter
995 4932 1194 4977 metum
1213 4922 1551 4990 Iudaeorum,
1586 4927 1733 4980 venit
1760 4926 1936 4989 lesus,
1970 4937 2024 4982 et
2065 4938 2175 4982 stes

611 5012 677 5066 tit
706 5011 758 5065 in
793 5011 987 5077 medio,
1020 5020 1076 5066 et
1106 5013 1243 5067 dixit
1285 5012 1401 5068 eis:
1432 5013 1538 5067 Pax
1579 5015 1731 5070 vobis
1779 5016 1845 5069 ’³.
1879 5035 1896 5067 ›
1929 5013 2044 5068 Non
2071 5009 2174 5070 im-

607 5104 809 5159 merito
861 5103 1189 5159 dubitaverit
1238 5105 1330 5161 hic
1377 5106 1673 5176 quispiam,
1704 5122 1767 5160 ac
1817 5107 2067 5161 dixerit:
2116 5107 2174 5161 Si

609 5193 845 5250 Verbum
868 5205 988 5266 post
1017 5197 1465 5255 resurrectionem
1495 5197 1715 5268 perinde
1754 5214 1819 5252 ac
1848 5207 1972 5253 ante
2016 5214 2177 5254 vene-

607 5287 830 5341 randam
857 5302 1074 5344 crucem
1110 5290 1162 5342 in
1196 5303 1421 5359 corpore
1449 5298 1587 5354 erat,
1615 5290 1883 5360 quomodo
1906 5290 2177 5344 conclusis

2284 4834 2594 4900 Σαῦϐάτων,
2624 4835 2715 4889 καὶ
2741 4835 2850 4889 τῶν
2878 4834 3056 4906 θυρῶν
3086 4836 3503 4906 κεκλεισμένων,
3542 4838 3676 4890 ὅπου
3712 4832 3845 4907 ἦσαν

2282 4928 2331 4981 οἱ
2372 4925 2609 4998 μαθηταὶ
2645 4927 2969 4997 συνηγμένοι
3002 4926 3091 4979 διὰ
3115 4928 3204 4980 τὸν
3233 4927 3395 4996 φόϐον
3421 4929 3528 4981 τῶν
3561 4928 3843 4993 Ἰουδαίων,

2277 5014 2438 5088 ἦλθεν
2479 5020 2507 5071 ό
2548 5016 2775 5088 Ἰησοῦς,
2807 5018 2901 5071 καὶ
2942 5016 3075 5089 ἔστη
3125 5021 3205 5082 εἰς
3246 5018 3304 5072 τδ
3348 5019 3531 5090 μέσον,
3559 5021 3652 5074 καὶ
3699 5021 3843 5088 λέγει

2277 5108 2487 5171 αὐτοῖς’
2520 5107 2723 5179 Εἰρήνη
2767 5106 2916 5175 ὑμῖν.
2948 5125 2968 5157 ι
2990 5107 3365 5179 Ἐπαπορήσαι
3409 5125 3491 5171 τις
3516 5108 3583 5161 ἂν
3618 5110 3759 5163 κατὰ
3786 5109 3842 5161 τὸ

2277 5196 2422 5258 εἰκὸς
2471 5195 2672 5263 λέγων’
2703 5194 2765 5249 Ei
2806 5198 2863 5250 tv
2895 5194 3105 5266 σώματι
3136 5198 3227 5250 καὶ
3260 5197 3398 5266 μετὰ
3432 5200 3529 5269 τὴν
3552 5200 3840 5254 ἀνάστασιν

2277 5285 2342 5360 ἦν
2368 5292 2395 5343 6
2423 5288 2610 5356 Λόγος,
2636 5286 2777 5341 καθὰ
2823 5287 2915 5342 καὶ
2957 5288 3062 5357 πρὸ
3101 5286 3192 5340 τοῦ
3223 5288 3401 5358 τιμίου
3439 5290 3693 5361 σταυροῦ,
3731 5293 3839 5355 πῶς

680 5443 724 5477 ⁸⁸
747 5443 903 5499 Joan.
939 5460 1052 5509 va,
1081 5444 1172 5511 25,
1194 5446 1284 5500 24.
1365 5446 1412 5479 ’θ
1449 5447 1572 5502 ibid.
1602 5445 1690 5507 26,
1721 5447 1811 5499 27.
1892 5448 1933 5477 ¹¹
1965 5446 2119 5503 Joan.
2154 5463 2282 5512 xvn,
2307 5448 2360 5505 3.
2436 5450 2479 5479 “
2503 5447 2632 5504 ibid.
2664 5447 2849 5502 21-25.
2928 5449 2972 5481 ’³
3006 5446 3158 5503 Joan.
3189 5464 3274 5513 xx,
3316 5450 3395 5503 l9.

1681 5540 1845 5594 Variae
1880 5541 2135 5596 lectiones
2172 5542 2373 5597 codicis
2404 5542 2763 5613 Seguieriani.

688 5654 802 5709 iIo'.
834 5654 912 5711 ἓν.

684 5747 759 5813 (l)
799 5744 896 5807 llic
932 5755 985 5801 et
1007 5744 1143 5801 intra
1177 5748 1442 5815 interpres
1477 5746 1600 5822 legit
1635 5746 1714 5813 ἓν,
1751 5748 1836 5802 ubi
1871 5750 1926 5801 ἐν
1954 5748 2226 5820 vulgatum
2252 5756 2357 5804 est.
