4056 6334
654 391 795 447 1275

1650 378 1707 431 S.
1744 376 2017 431 CYRILLI
2048 377 2519 433 ALEXANDRINI
2564 377 2884 433 AltCHI‘EP.

3739 371 3870 421 1276

654 520 707 565 et
734 499 975 573 regnabit
1003 496 1055 549 in
1086 495 1243 549 domo
1270 494 1436 549 Jacob
1458 494 1507 547 in
1526 502 1809 556 aeternum,
1845 501 1899 546 et
1924 493 2069 562 regni
2092 493 2208 562 ejus

2327 494 2401 547 ποῦ
2448 495 2657 566 [ἰατρὸς
2708 493 2909 548 αὐτοῦ’
2957 491 3049 543 καὶ
3098 489 3404 559 βασιλεύσει
3455 485 3549 538 ἐπὶ
3595 484 3689 536 τὸν
3742 480 3883 535 οἷκον

653 613 758 652 non
794 592 894 646 erit
921 587 1040 641 ﬁnis
1071 586 1135 639 ".
1175 604 1193 636 ι
1242 585 1487 652 Nunquid
1524 582 1760 636 hominis
1794 583 1964 636 nostri
2010 582 2205 637 similis

654 682 875 749 imperio
910 688 1165 745 perpetuo
1222 676 1355 727 citra
1392 673 1551 725 ullam
1606 672 2053 739 interruptionem
2087 688 2209 740 pie-

655 768 986 826 memur?au
1042 764 1347 832 imperatori
1408 763 1584 827 potius
1639 760 1748 815 Deo
1808 763 1860 814 in
1906 762 2119 816 Christo
2160 774 2214 816 et

654 876 748 929 per
800 856 1070 910 Christum
1132 852 1327 906 subditi
1381 852 1607 913 erimus,
1643 867 1748 905 non
1786 859 2113 918 assumptum
2148 854 2211 907 ad

655 952 756 1003 hoc
810 954 1061 1013 tanquam
1108 951 1429 996 extraneum
1490 942 1796 1011 quempiam
1838 942 2212 1009 mediatorem,

655 1039 747 1093 sed
782 1050 966 1089 verum
1019 1034 1232 1098 Filium,
1266 1047 1360 1100 per
1390 1049 1551 1101 quem
1582 1043 1635 1086 et
1660 1034 1710 1085 in
1739 1048 1845 1100 quo
1877 1032 2014 1086 Deus
2054 1032 2215 1088 Pater

655 1131 708 1183 in
732 1127 909 1179 omnia
944 1139 1164 1193 regnum
1214 1123 1640 1190 obtinet?Quod
1680 1124 1723 1177 si
1767 1124 1839 1177 ita
1896 1138 1980 1178 res
2032 1125 2214 1191 habet,

661 1220 803 1272 Deus
832 1228 962 1282 ergo
990 1221 1073 1266 est
1104 1211 1371 1266 Christus.

733 1326 751 1357 ι
791 1305 928 1357 Dixit
975 1314 1151 1356 autem
1188 1303 1351 1356 Maria
1383 1303 1448 1355 ad
1488 1302 1770 1371 angelum;
1806 1304 1918 1374 88
1944 1304 2219 1369 Quomodo

660 1397 748 1449 [let
776 1393 935 1452 istud,
957 1391 1209 1457 quoniam
1246 1391 1417 1444 virum
1447 1407 1549 1443 non
1586 1396 1887 1460 cognosco?
1916 1394 1977 1447 Et
2002 1408 2219 1459 respon—

659 1487 789 1537 dens
825 1481 1045 1547 angelus
1092 1481 1227 1533 dixit
1261 1480 1336 1534 illi
1374 1500 1386 1535 :
1420 1482 1654 1550 Spirltus
1702 1495 1922 1538 sanctus
1965 1498 2220 1551 superve-

659 1573 771 1626 niet
827 1571 877 1623 in
940 1580 1012 1629 te.
1039 1581 1092 1621 et
1150 1573 1320 1625 virtus
1376 1572 1637 1625 Altissimi
1694 1577 2035 1628 obumbrabit
2079 1574 2215 1627 tibi:

663 1662 885 1730 ideoque
912 1672 964 1713 et
990 1663 1132 1726 quod
1169 1670 1418 1714 nascetur
1468 1677 1531 1716 ex
1567 1674 1618 1716 te
1646 1673 1917 1727 sanctmn,
1943 1662 2223 1717 vocabitur

665 1752 829 1805 Filius
858 1749 945 1802 Dei
984 1751 1049 1802 ’°.
1090 1768 1107 1801 ι
1148 1750 1398 1819 Nunquid
1438 1752 1503 1818 is,
1533 1754 1621 1822 qui
1681 1770 1877 1808 arcana
1930 1755 2220 1822 inexplica-

2326 584 2516 639 Ἰακὼό
2546 590 2626 650 εἰς
2657 586 2781 647 τοὺς
2809 583 3029 645 αἰῶνας,
3056 582 3267 652 καὶτῆς
3294 577 3572 651 βασιλείας
3594 573 3765 628 αὑτοῦ
3790 574 3883 625 οὐκ

2312 678 2463 732 ἐσται
2517 679 2686 740 τέλος.
2724 696 2741 727 ι
2790 671 2913 744 Ἆρ’
2956 668 3048 726 οὖν
3113 674 3198 741 ἐφ’
3238 674 3360 727 svi“
3409 670 3516 724 τῶν
3570 668 3693 721 καθ’
3740 669 3883 736 ἡμᾶς

2314 769 2631 839 κεισόμεθα,
2652 764 3057 838 βασιλευόμενοι
3077 763 3337 832 διηνεκῶς
3355 763 3448 815 καὶ
3466 759 3880 829 άκαταλήκτωςς

2314 860 2346 930 ἢ
2382 860 2485 913 ὑπὸ
2526 858 2643 928 Θεῷ
2692 856 2889 927 μᾶλλον
2932 853 3168 922 ἐσόμεθα
3193 851 3523 922 βασιλεύοντι
3551 848 3715 921 ἡμῶν
3748 848 3871 917 τῆν’

2314 952 2372 1003 ἐν
2420 948 2660 1020 Χριστῷ,
2701 946 2792 999 καὶ
2841 945 2937 1015 οὐχ
2984 943 3059 1005 ὼς
3095 942 3292 1008 ἔξωθεν
3339 944 3555 1011 μεσίτου
3610 942 3759 1003 τινὸς
3811 941 3886 1001 είς

2315 1036 2471 1089 τοῦτο
2513 1033 2979 1107 παραληφθέντος,
3006 1032 3119 1086 ἀλλ’
3152 1032 3227 1093 ὡς
3269 1032 3335 1085 δι’
3365 1031 3497 1084 Υἱοῦ
3544 1033 3636 1084 καὶ
3667 1034 3730 1083 ἐν
3773 1030 3884 1097 Tit;

2317 1128 2781 1199 κατακρατοῦντος
2813 1126 2921 1179 τῶν
2948 1124 3082 1179 ὅλων
3124 1122 3219 1176 τοῦ
3262 1122 3396 1175 Θεοῦ
3425 1123 3515 1176 κα)⁵
3545 1124 3760 1193 Πατρός
3782 1140 3800 1186 ;
3824 1122 3883 1173 ΕΞ

2316 1219 2371 1272 δὲ
2393 1219 2553 1272 τοῦτο
2578 1218 2792 1288 ἀληθὲς,
2823 1216 2953 1278 Θεὸς
2982 1215 3089 1285 ἄρα
3117 1215 3146 1267 ὁ
3172 1214 3421 1283 Χριστός.

2394 1326 2414 1359 ι
2447 1304 2578 1362 Εἷπε
2618 1309 2676 1362 δὲ
2722 1305 2956 1374 Μαριάμ
2997 1304 3134 1374 πρὸς
3159 1303 3249 1355 τὸν
3278 1302 3502 1371 ἄγγελον
3522 1318 3535 1331 ·
3576 1300 3697 1363 Πῶς
3730 1300 3889 1351 ἔσται

2323 1415 2412 1467 μοι
2436 1397 2612 1462 τοῦτο,
2645 1398 2767 1449 ἐπεὶ
2808 1395 2977 1466 ἄνδρα
3009 1394 3070 1447 οὐ
3103 1392 3382 1461 γινώσκως
3425 1392 3533 1444 Καὶ
3561 1390 3889 1459 ἀποκριθεὶς

2320 1493 2348 1544 ό
2391 1492 2619 1560 ἄγγελος
2671 1485 2825 1543 εἶπεν
2874 1491 3045 1559 αὐτῇ·
3076 1486 3301 1559 Πνεῦμα
3346 1485 3495 1553 ἆγιον
3530 1482 3888 1535 ἐπελεύσεται

2322 1583 2413 1635 ἐπὶ
2443 1584 2521 1646 σὲ,
2554 1582 2648 1635 καὶ
2668 1580 2897 1649 δύναμις
2927 1579 3183 1648 Ὑψίστου
3207 1576 3514 1631 ἐπισκιάσει
3542 1588 3656 1628 σοι’
3683 1571 3773 1625 διὸ
3796 1571 3891 1624 καὶ

2321 1673 2381 1725 τὸ
2416 1672 2749 1742 γεννώμενον
2784 1671 2957 1738 ἅγιον,
2988 1669 3320 1740 κληθήσεται
3346 1666 3470 1729 Υἱὸς
3510 1664 3665 1719 Θεοῦ.
3696 1683 3715 1715 ι
3747 1659 3893 1731 Ἆρ’

2322 1758 2415 1814 οὖν
2448 1760 2705 1829 κέκληται
2734 1758 2894 1829 μόνον
2930 1757 3074 1819 Υἱὸς,
3105 1759 3132 1808 ὀ
3184 1758 3247 1807 ἐκ
3290 1754 3387 1823 τῆς
3418 1754 3575 1821 ἁγίας
3606 1752 3889 1821 Παρθένου

665 1842 865 1909 bilique
909 1841 1144 1909 Spiritus
1167 1842 1337 1896 sancti
1372 1845 1685 1912 operatione
1715 1860 1780 1899 ex
1811 1861 1969 1899 saera
1996 1846 2219 1915 Virgine

2327 1853 2411 1906 διὰ
2442 1852 2535 1904 τοῦ
2562 1850 2875 1919 Πνεύματος
2918 1849 3246 1918 ἁπορῤήτως
3271 1844 3683 1914 γεγεννημένος,
3718 1844 3891 1911 ἤγουν

665 1936 925 1989 formatus
950 1941 1004 1987 et
1038 1942 1194 1988 natus
1233 1944 1335 1997 est,
1373 1935 1483 1987 sola
1506 1934 1863 2003 appellatione
1891 1935 2033 1988 ﬁlius
2067 1938 2222 1990 erat?

661 2042 728 2079 an
760 2038 921 2077 verus
957 2024 1137 2092 potius
1194 2024 1564 2093 naturalisque
1610 2023 1701 2078 Dei
1756 2024 1947 2089 Filius,
1974 2037 2027 2079 et
2077 2026 2218 2081 Deus

662 2116 899 2171 creditus
926 2127 1008 2170 est
1030 2115 1052 2169 ?
1075 2115 1179 2170 Sed
1225 2116 1325 2171 hoc
1348 2116 1529 2185 procul
1559 2115 1722 2169 dubio
1748 2132 1930 2171 verum
1952 2128 2053 2171 est.
2089 2120 2220 2173 Ver-

661 2207 784 2259 bum
828 2206 1051 2273 proinde
1105 2205 1403 2259 secundum
1460 2206 1773 2274 hypostasin
1822 2221 1950 2259 caro
1994 2205 2215 2271 factum,

662 2300 760 2351 hoc
814 2306 917 2362 est,
941 2311 1158 2350 carnem
1208 2311 1303 2365 per
1349 2296 1609 2363 Spiritum
1648 2306 1893 2349 sanctum
1948 2312 2015 2350 ex
2063 2313 2216 2351 sacra

662 2387 879 2454 Virgine
905 2387 1227 2453 sumpsisse,
1256 2400 1483 2454 eamque
1518 2387 1789 2454 propriam
1846 2388 1946 2441 sibi
2001 2389 2211 2451 fecisse,

662 2480 1003 2550 intelligatur.
1041 2478 1151 2533 Hac
1186 2492 1417 2546 namque
1447 2478 1656 2532 ratione
1690 2479 1833 2547 quod
1869 2494 2029 2532 verus
2079 2478 2218 2532 Deus

662 2569 751 2631 sit,
788 2566 1239 2635 deprehendetur.

734 2678 752 2709 ι
794 2659 857 2711 Et
891 2658 1084 2710 iactum
1134 2665 1238 2717 est,
1270 2669 1327 2709 ut
1348 2657 1562 2710 audit-it
1615 2657 1994 2711 salutationem
2039 2657 2221 2711 Maria:

662 2750 957 2808 Elisabeth.
978 2747 1456 2801 exsultavitini‘ans
1490 2748 1543 2799 in
1569 2758 1722 2801 utero
1752 2749 1906 2816 ejus;
1936 2758 1989 2801 et
2019 2749 2216 2813 repleta

2329 1941 2675 2011 ἐκτισμένος;
2713 1939 2744 2009 ἢ
2791 1939 2952 2007 φύσει
2983 1955 3042 1989 τε
3073 1937 3167 1989 καὶ
3200 1935 3414 2005 άληθῶς
3441 1934 3566 1996 Tib;
3608 1929 3748 1985 εἶναι
3795 1948 3893 1984 πε-

2328 2035 2611 2086 πίστευται
2642 2069 2658 2093 ,
2711 2031 2805 2083 καὶ
2857 2030 3024 2094 Θεός;
3099 2028 3240 2081 Ἀλλ’
3286 2028 3399 2080 ἐστι
3453 2026 3610 2080 τοῦτο
3662 2025 3891 2093 ἀληθές.

2325 2122 2567 2177 Νοείσθω
2613 2122 2678 2193 δὴ
2729 2116 2821 2174 οὖν
2876 2119 3013 2190 σὰρξ
3056 2119 3179 2173 καθ’
3227 2119 3518 2173 ὑπόστασιν
3574 2116 3819 2184 γεγονὼς
3866 2122 3893 2169 ὁ

2326 2212 2828 2281 Λόγος,-τουτέστιν
2878 2212 3010 2264 ἰδίαν
3055 2211 3419 2280 ποιησάμενος
3467 2210 3644 2278 σάρκα
3673 2207 3773 2276 τὴν
3803 2207 3891 2259 διὰ

2328 2306 2643 2375 Πνεύματος
2671 2306 2733 2357 ἐκ
2762 2305 2861 2375 τῆς
2894 2304 3054 2373 ἁγίας
3084 2302 3389 2375 Παρθένου·
3423 2300 3563 2355 οὕτω
3590 2300 3698 2371 γὰρ
3735 2300 3890 2351 ἔσται

2325 2398 2416 2450 καὶ
2447 2397 2577 2460 Θεὸς
2604 2396 2840 2466 ἀληθῶς.

2403 2680 2421 2713 ι
2452 2663 2559 2715 Καὶ
2586 2660 2822 2728 ἐγένετο,
2859 2658 2934 2723 ὡς
2963 2661 3164 2730 ἢκουσε
3194 2659 3283 2712 τὸν
3323 2658 3611 2728 ἀσπασμὸν
3638 2658 3739 2726 τῆς
3768 2658 3890 2711 Ma-

2328 2749 2448 2820 ρίας
2479 2753 2511 2821 ὴ
2549 2750 2848 2811 Ἐλισάεετ,
2873 2750 3159 2821 ἐσκίρτησε
3189 2750 3249 2801 τὸ
3283 2748 3476 2819 βρέφος
3519 2750 3577 2802 ἐν
3605 2752 3673 2819 τῇ
3712 2748 3892 2817 κοιλίᾳ
3998 2752 4003 2760 “

661 2853 745 2895 est
779 2840 979 2909 Spiritu
1032 2848 1217 2893 sancto
1272 2838 1570 2901 Elisabetb,
1605 2846 1658 2891 et
1713 2839 2037 2892 cst-laniavit
2092 2854 2220 2892 voce

2328 2843 2518 2913 αὐτ-ἧς’
2559 2842 2650 2895 καὶ
2686 2840 2927 2911 ἐπλήσθη
2969 2841 3281 2911 Πνεύματος
3309 2841 3464 2909 ἁγίου
3510 2843 3543 2911 ἡ
3590 2841 3891 2907 tamen,

662 2947 871 2999 magna,
908 2940 962 2984 et
1016 2930 1189 2983 dixit:
1217 2928 1504 2982 Benedicta
1567 2939 1619 2980 tu
1663 2930 1802 2983 inter
1858 2928 2131 2995 mulieres,
2168 2939 2221 2982 et

2329 2938 2423 2990 καὶ¹
2454 2934 2766 3003 ἀνεφώνησε
2825 2937 2975 3004 φωνῇ
3026 2933 3259 3006 μεγάλῃ,
3297 2934 3389 2985 καὶ
3430 2928 3616 2985 εἶπεν·
3654 2934 3895 3000 Εὐλογηο

663 3019 972 3075 benedictus
1006 3020 1207 3073 fructus
1260 3021 1463 3073 ventris
1500 3019 1598 3075 tui.
1634 3018 1700 3075 Et
1753 3023 1892 3073 unde
1940 3021 2041 3074 hoc
2067 3021 2216 3084 mihi,

2336 3030 2468 3098 μένη
2515 3028 2577 3079 σὺ
2622 3026 2679 3077 ἐν
2711 3024 2946 3091 γυναιξὶ,
2977 3026 3069 3077 καὶ
3096 3025 3457 3092 εὐλογημένος
3493 3024 3518 3074 ὁ
3551 3023 3764 3093 καρπὸς
3797 3022 3894 3089 τῆς

664 3124 721 3166 ιιι
748 3113 927 3166 veniat
982 3122 1157 3166 mater
1202 3112 1409 3166 Domini
1451 3114 1551 3166 mei
1584 3115 1649 3166 ad
1709 3130 1791 3168 tne
1820 3115 1911 3167 "?
1949 3133 1967 3165 ι
2007 3114 2219 3169 lnlerna

2333 3118 2536 3181 κοιλίας
2564 3117 2810 3169 σου.”Κα“ι
2850 3117 3014 3169 πόθεν
3047 3133 3138 3185 μοι
3174 3116 3345 3178 τοῦτο,
3376 3117 3462 3168 ἴνα
3491 3116 3621 3187 ἔλθῃ
3647 3117 3685 3184 ἡ
3713 3118 3893 3184 μήτηρ

663 3204 755 3257 Dei
784 3206 996 3271 energia
1021 3213 1075 3257 et
1107 3204 1179 3265 vi,
1203 3204 1499 3271 prophetia:
1528 3206 1720 3257 donum
1751 3206 2032 3273 obtingere
2062 3206 2221 3258 alicui

2329 3208 2421 3261 τοῦ
2490 3179 2694 3276 Κυρίου
2760 3224 2860 3274 μου
2911 3179 3173 3276 πρός-μες
3211 3226 3228 3257 ι
3269 3179 3724 3275 Ἐνεργήσαντος

664 3304 865 3366 potest;
900 3312 1078 3360 secus,
1132 3311 1490 3364 nequaquam.
1548 3297 1679 3349 Cum
1758 3299 1919 3366 igitur
1972 3298 2225 3352 salutatio

2331 3296 2662 3367 προφητείας
2694 3296 2873 3365 χάριν,
2905 3296 3057 3347 ἔσται
3086 3313 3171 3358 τις
3198 3298 3479 3366 προφήτης
3502 3312 3514 3325 ⁸
3551 3296 3677 3349 καθ’
3710 3295 3899 3365 ἕτερον

663 3400 829 3439 sacrae
863 3382 1097 3448 Virginis
1144 3384 1323 3437 Mariae
1376 3382 1557 3437 Jesunt
1612 3400 1709 3453 per
1757 3386 1806 3438 id
1865 3391 2120 3453 temporis
2175 3388 2224 3439 in

2327 3388 2385 3439 δὲ
2399 3386 2619 3456 τρόπον,
2646 3383 3234 3455 οὐδαμῶς.”οτετοίνυν
3259 3389 3286 3439 ό
3304 3388 3592 3457 ἀσπασμὸς
3616 3388 3717 3455 τῆς
3738 3388 3896 3454 ἁγίας

667 3488 818 3531 utero
849 3477 1023 3529 adhuc
1041 3476 1322 3545 gestantis,
1352 3474 1611 3530 Joannem
1636 3478 1895 3531 maternis
1927 3478 2225 3532 visceribus

2331 3478 2602 3548 Παρθένου
2662 3477 2879 3547 Μαρίας
2930 3477 3301 3547 κυοφορούσης
3354 3478 3433 3530 ἔτι
3502 3478 3593 3530 τὸν
3648 3476 3901 3547 Ἰησοῦν,

668 3572 841 3625 adhuc
889 3571 1154 3625 inclusum
1208 3572 1274 3624 ad
1332 3572 1667 3640 prOphetiam
1720 3574 2068 3638 promoverit,
2098 3588 2225 3641 quo-

2331 3571 2617 3639 κεκίνηκεν
2669 3570 2727 3620 ἐν
2774 3571 2955 3639 μήτρᾳ
3002 3571 3092 3622 τὸν
3126 3571 3381 3640 Ἰωάννην
3427 3572 3505 3633 εἰς
3535 3571 3898 3641 προφητείαν,

669 3664 824 3715 modo
874 3662 1121 3717 Christus
1178 3678 1282 3715 non
1333 3673 1415 3714 est
1458 3662 1619 3723 Deus,
1651 3664 1739 3730 qui
1788 3665 1927 3715 intra
1980 3664 2228 3731 virginea

668 3756 896 3807 claustra
928 3754 1219 3805 etiamnum
1265 3753 1502 3813 latitans,
1527 3754 1703 3806 divina
1756 3755 1802 3806 vi
1831 3756 1895 3805 ad
1933 3755 2231 3823 prophetia:

667 3845 891 3911 gratiam
922 3842 1214 3911 Baptistam
1275 3844 1494 3896 evexit?

743 3955 761 3987 ι
792 3934 941 3988 Nunc
976 3934 1207 3988 dimittis
1255 3950 1470 3988 servum
1521 3944 1691 3995 tuum,
1739 3933 1984 3997 Domine,
2036 3950 2231 3989 secun-

669 4032 792 4082 dum
834 4027 1051 4081 verbum
1111 4037 1281 4090 tuum,
1321 4027 1370 4079 in
1415 4042 1567 4095 pace.
1622 4026 1756 4092 Quia
1810 4027 2063 4081 viderunt
2094 4027 2230 4080 oculi

670 4118 770 4171 mei
804 4115 1053 4170 Salutare
1083 4126 1251 4169 tuum.
1281 4116 1433 4183 Quod
1464 4118 1662 4185 parasti
1714 4126 1837 4171 ante
1876 4117 2069 4171 facient
2110 4132 2229 4172 om-

671 4210 814 4261 nium
852 4207 1189 4276 populorum.
1225 4205 1429 4260 Lumen
1464 4207 1526 4259 ad
1564 4208 1941 4262 revelationem
1972 4209 2231 4276 gentium,

670 4310 723 4353 et
769 4298 997 4369 gloriam
1054 4296 1221 4365 plebis
1279 4305 1380 4349 tua:
1425 4295 1589 4351 Israel
1622 4298 1689 4352 ".
1722 4316 1740 4349 ι
1793 4298 2009 4351 Simeon
2053 4298 2235 4352 Jesum

672 4393 809 4444 inter
834 4390 984 4442 ulnas
1013 4387 1346 4455 complexus,
1380 4385 1637 4453 ejusmodi
1687 4388 1752 4440 de
1786 4389 1903 4455 ipso
1935 4387 2107 4455 elogia
2145 4388 2235 4441 de-

2332 3661 2448 3723 πῶς
2490 3661 2551 3713 ού
2595 3660 2723 3721 Θεὸς
2766 3663 2793 3713 ό
2840 3661 3093 3730 Χριστὸς,
3126 3662 3219 3714 καὶ
3268 3664 3324 3714 ἐν
3370 3664 3434 3732 τῇ
3485 3662 3585 3731 τῆς
3619 3661 3898 3731 Παρθένου

2332 3752 2483 3820 νηδύϊ
2536 3752 2763 3819 κινήσας
2810 3752 3121 3822 θεοπρεπῶς
3168 3754 3248 3815 είς
3295 3752 3626 3822 προφητείας
3670 3752 3900 3818 δύναμιν

2329 3841 2422 3894 τὸν
2453 3843 2782 3911 Βαπτιστήνς

2409 3954 2426 3984 ι
2459 3933 2571 3986 Νῦν
2605 3934 2863 3996 ἀπολύεις
2894 3935 2982 3987 τὸν
3014 3935 3202 3988 δοῦλόν
3230 3952 3344 3997 σου,
3386 3934 3651 3997 Δέσποτα,
3679 3936 3825 3987 κατὰ.
3844 3934 3902 3985 τὸ

2334 4025 2486 4095 ῥῆμά
2519 4042 2633 4089 σου,
2671 4028 2727 4077 ἐν
2769 4028 3113 4097 είρήνῃ.”οτι
3145 4021 3282 4079 εἶδον
3315 4029 3362 4080 οἱ
3397 4027 3662 4096 ὀφθαλμοί
3708 4045 3809 4096 μου
3846 4027 3902 4076 τὸ

2336 4116 2611 4185 Σωτήριόν
2648 4133 2762 4169 σου·
2802 4117 2828 4168 ὂ
2858 4117 3157 4187 ἡτοίμασας
3184 4118 3324 4171 κατὰ
3364 4119 3653 4187 πρόσωπον
3686 4117 3902 4170 πάντων

2336 4211 2442 4261 τῶν
2493 4208 2670 4262 λαῶν’
2723 4210 2837 4277 φῶς
2882 4211 2962 4272 είς
3005 4209 3343 4278 ἀποκάλυψιν
3384 4209 3568 4271 ἐθνῶν,
3608 4210 3704 4261 καὶ
3751 4209 3902 4273 δόξαν

2336 4303 2466 4355 λαοῦ
2504 4320 2595 4354 σου
2633 4303 2869 4373 Ἰσραήλ.
2904 4302 3000 4355 »Ὀ
3024 4300 3235 4369 Συμεὼκ
3262 4301 3352 4352 τὸν
3387 4300 3590 4370 Ἰησοῦν
3626 4301 3707 4357 είς
3732 4299 3904 4366 and,

2337 4395 2434 4457 λας
2478 4394 2678 4456 λαϐὼν,
2707 4394 2776 4447 τὰ
2828 4393 3004 4447 τοιάδε
3055 4395 3183 4463 περὶ
3230 4392 3391 4446 αὑτοῦ
3440 4408 3592 4460 φησι.
3626 4389 3754 4452 Πῶς
3814 4387 3902 4441 03a

668 4479 964 4550 promebat.
989 4480 1057 4531 At
1090 4479 1358 4547 quomodo
1390 4477 1626 4531 salutare
1662 4486 1745 4530 est
1774 4517 1789 4541 ,
1824 4487 1916 4531 aut
1966 4480 2225 4545 quomodo

2341 4488 2455 4539 ἐστι
2501 4487 2765 4557 σωτήριον
2787 4526 2802 4550 ,
2836 4486 2953 4549 πῶς
2994 4485 3050 4537 δὲ
3095 4484 3207 4553 φῶς
3240 4486 3319 4546 εἰς
3344 4482 3685 4549 ἀποκάλυψιν
3716 4481 3904 4539 ἐθνῶν,

671 4572 845 4623 lumen
880 4571 943 4622 ad
973 4570 1353 4623 revelationem
1379 4570 1614 4639 gentium
1645 4577 1745 4631 est,
1768 4569 1810 4621 si
1840 4585 1976 4621 unus
1997 4578 2051 4620 et
2085 4566 2225 4623 solus

2340 4579 2388 4629 εἰ
2446 4578 2519 4646 μὴ
2565 4577 2696 4639 Θεός
2748 4578 2895 4629 ἐστιν
2944 4574 3175 4646 άληθῶς,
3224 4569 3303 4637 εἷς
3352 4576 3444 4626 καὶ
3506 4573 3666 4640 μόνος
3698 4572 3850 4633 Υἱὸς,
3882 4574 3906 4621 ὁ

676 4676 832 4714 verus
888 4659 1056 4713 Filius
1108 4669 1161 4714 et
1231 4659 1371 4713 Deus
1427 4675 1530 4712 non
1584 4669 1697 4722 est,
1765 4672 1953 4712 natura
2009 4660 2229 4727 quidem

673 4762 827 4805 natus
856 4765 919 4803 ex
948 4750 1105 4803 Patre
1150 4761 1206 4802 ut
1245 4750 1498 4812 Verbum,
1535 4752 1827 4801 secundum
1886 4765 2101 4802 carnem
2140 4764 2235 4801 au-

674 4846 782 4890 tem
825 4846 976 4891 ortus
1003 4853 1065 4890 ex
1104 4834 1360 4905 Virgine?
1389 4834 1518 4899 Quae
1559 4851 1767 4889 rursum
1810 4837 2064 4889 revelatio
2100 4838 2233 4890 faeta

678 4936 761 4978 est
801 4924 1066 4993 gentibus,
1114 4925 1214 4978 nisi
1269 4925 1410 4993 quod
1451 4926 1515 4977 de
1555 4925 1667 4992 ipso
1708 4937 2072 4995 cognoverunt
2113 4928 2236 4994 quia

678 5017 817 5071 Deus
862 5027 943 5072 est
994 5016 1340 5083 divinumque
1380 5014 1579 5066 cultum
1625 5014 1699 5069 illi
1740 5016 2141 5084 impendentes,
2183 5018 2235 5069 in

683 5125 743 5161 ea
796 5109 1023 5163 erimina
1082 5122 1186 5163 non
1228 5105 1553 5169 inciderunt,
1607 5107 1658 5159 in
1708 5122 1828 5175 qua:
1868 5108 1944 5162 illi
1998 5108 2237 5162 incidere

679 5201 873 5265 solent,
905 5200 994 5269 qui
1021 5200 1173 5255 alteri
1211 5200 1309 5255 deo
1355 5214 1514 5268 quam
1545 5200 1633 5253 uni
1684 5200 1780 5264 illi,
1813 5200 1902 5268 qui
1953 5209 2142 5253 natura
2182 5208 2237 5253 et

681 5295 903 5347 veritate
942 5293 1086 5348 Deus
1117 5302 1220 5359 est,
1258 5292 1539 5349 serviunt?

752 5447 795 5476 "
829 5444 962 5500 Luc.
1000 5460 1039 5510 ι,
1071 5444 1160 5511 3‘2,
1198 5444 1286 5499 33.
1367 5446 1409 5476 ³ο
1440 5444 1564 5499 ibid.
1604 5442 1690 5505 54,
1720 5441 1814 5497 35.
1888 5442 1929 5472 ⁸¹
1967 5440 2098 5495 ibid.
2130 5440 2323 5495 ιι-ιδ.

2342 4666 2498 4733 φύσει
2554 4667 2651 4737 μὲν
2703 4668 2767 4719 ἐκ
2816 4665 3027 4736 Πατρὸς
3070 4665 3145 4728 ὡς
3173 4666 3363 4731 Λόγος,
3389 4666 3450 4716 ἐκ
3477 4662 3760 4733 Παρθένου
3796 4662 3848 4712 δὲ
3882 4661 3907 4709 ὀ

2340 4757 2500 4819 αὐτὸς
2551 4756 2692 4809 κατὰ
2741 4756 2948 4824 σάρκα;
2998 4755 3131 4808 Ποία
3162 4754 3271 4827 γὰρ
3302 4756 3522 4822 γέγονεν
3564 4752 3905 4816 άπωιάλυςξις

2340 4852 2449 4911 τοῖς
2482 4848 2709 4912 ἔθνεσιν,
2738 4848 2769 4917 ἢ
2806 4849 2891 4901 ἐπ’
2921 4847 3067 4915 αὐτῷ
3096 4847 3339 4913 ἔγνωσαν
3373 4848 3452 4899 ὅτι
3480 4844 3612 4905 Θεός
3649 4846 3794 4901 ἐστι,
3822 4840 3908 4891 καὶ

2346 4938 2494 5008 αύτῷ
2532 4937 2917 5007 λατρεύσαντες
2945 4936 3141 5004 ἔφυγον
3176 4935 3243 4988 τὰ
3289 4935 3610 5004 ἐγκλήματα
3664 4930 3757 4983 τοῦ
3807 4926 3905 4993 θεῶ

2343 5029 2623 5099 λατρεύειν
2654 5030 2824 5101 ἑτέρῳ
2851 5028 3000 5100 παρὰ
3027 5028 3121 5083 τὸν
3158 5028 3275 5093 ἕνα,
3305 5026 3401 5079 καὶ
3430 5024 3612 5094 φύσει,
3649 5026 3746 5076 καὶ
3780 5022 3907 5089 alq-

2346 5119 2480 5185 θῶς

2396 5440 2438 5472 ³¹
2472 5439 2599 5495 Luc.
2623 5456 2659 5493 ιι
2685 5478 2699 5503 ,
2728 5439 2917 5498 29-52.

1728 5597 1896 5651 Variae
1924 5594 2182 5652 lectiones
2210 5596 2409 5651 codicis
2440 5593 2793 5664 Seguieriaui.
