4056 6334
198 371 345 427 {277

197 575 519 645 ἀποκριθεὶς
572 572 689 627 εἷπε
742 578 875 646 πρὸς
936 578 1164 640 αὐτούς·
1203 578 1265 629 Τί
1301 580 1668 647 διαλογίζεσθε
1706 585 1762 635 ἐν

197 669 320 727 ταῖς
356 667 601 736 καρδίαις
633 667 821 735 ὑμῶν;
854 670 916 720 Τί
963 670 1109 719 ἐστιν
1142 670 1514 741 εὐκοπώτερον
1552 673 1725 724 εἰπεῖν
1746 688 1758 701 ·

212 758 513 825 ’Δφέωνταί
542 777 623 812 σοι
654 761 708 812 αἰ
738 761 996 828 ἁμαρτίαι
1034 778 1124 812 σου
1147 776 1160 789 ⁶
1206 762 1237 831 ἢ
1276 764 1446 813 εἰπεῖν
1469 781 1479 793 ·
1514 766 1763 833 Ἐγειραι

199 846 295 896 καὶ
330 848 652 915 περιπάτει;
686 850 800 901 Ἵνα
825 850 878 901 δὲ
908 850 1083 918 εἰδῆτε
1113 851 1246 902 ὅτιὸ
1278 851 1401 914 Υἱὸς
1431 852 1523 905 τοῦ
1554 853 1762 923 ἀνθρὼ-

196 954 304 989 που
355 938 599 1004 ἐξουσίαν
643 940 752 1009 ἔχει
795 941 887 991 ἐπὶ
933 941 1031 1007 τῆς
1081 940 1184 1009 γῆς
1234 943 1448 1009 ἀφιέναι
1495 946 1763 1015 ἁμαρτίας

198 1021 349 1093 (εἷπε
375 1026 450 1097 τῷ
481 1027 888 1098 παραλυτικῷ)-
919 1029 1008 1079 Σοὶ
1046 1028 1215 1097 λέγω,
1244 1030 1472 1099 ἕγειραι,
1504 1033 1598 1084 καὶ
1627 1033 1763 1103 ἄρας

198 1119 264 1171 τὸ
297 1116 566 1189 κλινάῥιόν
607 1138 721 1183 σου,
758 1121 987 1190 πορεύου
1034 1122 1115 1185 εἰς
1164 1123 1254 1174 τὸν
1302 1120 1449 1176 οἶκόν
1492 1142 1605 1179 σου.
1643 1145 1658 1176 ι
1704 1128 1763 1178 Εἰ

204 1209 365 1277 μόνος
389 1212 537 1279 ἡμᾶς
564 1211 890 1263 ἀπαλλάττει
922 1214 950 1264 6
985 1212 1091 1265 τῶν
1128 1214 1264 1265 ὅλων
1290 1215 1420 1277 Θεὸς
1446 1216 1766 1287 πλημμελη-

203 1298 418 1367 μάτων,
452 1299 620 1368 ἐτέρῳ
654 1299 949 1369 πρέποντος
995 1300 1183 1353 τούτου
1231 1302 1416 1370 μηδενί
1440 1320 1453 1335 ’
1487 1304 1764 1374 χαρίζεται

200 1389 269 1441 δὲ
299 1391 392 1441 καὶ
417 1390 572 1442 τοῦτο
593 1390 823 1461 Χριστὸς
854 1393 967 1458 μετ’
989 1392 1234 1457 ἐξουσίας
1265 1394 1624 1464 θεοπρεποῦς·
1650 1397 1764 1461 πῶς

197 1480 304 1532 οὐκ
348 1479 413 1533 ἂν
462 1480 545 1551 εἴη
591 1482 753 1548 Θεός;
803 1481 1077 1551 Κέκληται
1125 1484 1231 1554 γὰρ
1276 1484 1401 1547 Υίὸς
1455 1487 1764 1556 ἀνθρώπου,

199 1570 483 1640 γεννηθεὶς
518 1572 582 1624 ἐκ
608 1571 861 1639 γυναικὸς
888 1571 1027 1623 κατὰ
1058 1572 1255 1642 σάρκα,
1278 1573 1453 1625 καίτοι
1484 1574 1612 1636 Θεὸς
1639 1574 1712 1627 ὢν
1739 1578 1766 1627 6

199 1660 393 1728 Λόγος.

281 1770 299 1801 ι
333 1750 421 1803 Ἐν
470 1753 652 1823 ἐκείνῃ
690 1756 754 1839 τῇ
802 1754 921 1824 ὥρᾳ
962 1754 1301 1823 ἐθεράπευσε
1389 1756 1612 1818 πολλοὺς
1658 1756 1765 1808 ἀπὸ

1293 377 1378 430 DE
1421 379 1639 434 RECTA
1683 383 1837 438 FIDE
1874 386 1963 439 AD
2006 381 2318 439 REGINAS.

275 504 292 533 ι
319 483 599 551 Ἑπιγνοὶις
627 482 681 537 δὲ
717 484 744 536 6
782 486 983 555 Ἰησοῦς
1018 488 1139 548 τοὺς
1160 487 1539 559 διαλογισμοὺς
1562 494 1757 557 αὐτῶν,
1792 515 1831 567 Α

3284 381 3415 435 1278

1936 515 1952 547 ι
1997 497 2065 551 Ut
2094 492 2345 563 cognovit
2400 498 2576 543 autem
2602 486 2757 542 Jesns
2808 485 3163 553 cogitationes
3212 503 3416 552 eorum,

1864 586 2193 655 respondens
2216 582 2351 636 dixit
2382 581 2447 633 ad
2482 580 2631 633 illos:
2658 577 2793 642 Quid
2816 576 3066 641 cogitatis
3093 578 3144 629 in
3172 578 3425 631 cordibus

1862 674 2251 740 vestris?Qnid
2288 682 2368 726 est
2399 671 2606 725 facilius
2651 670 2829 723 dicere
2867 687 2878 721 :
2910 668 3022 737 89
3060 666 3408 720 Dimittuntur

1864 768 1955 820 tibi
1997 775 2214 834 peccata
2247 775 2372 827 tua;
2412 778 2478 814 an
2503 762 2721 813 dicere:
2759 760 2931 827 Surge
2974 770 3027 812 et
3057 758 3315 811 ambula?
3358 758 3422 810 Ut

1861 869 2036 912 autem
2060 856 2264 918 sciatis,
2299 855 2422 923 quia
2453 853 2623 907 Filius
2653 854 2886 908 hominis
2917 860 3234 923 potestatem
3267 852 3422 903 habet

1864 949 1915 1002 in
1951 958 2090 1001 terra
2131 945 2432 997 dimittendi
2475 955 2712 1011 peccata,
2741 945 2850 1014 (ait
2900 941 3225 1013 paralytico)
3262 954 3275 992 :
3306 939 3421 991 Tibi

1864 1040 2003 1097 dico.
2036 1050 2214 1104 surge,
2238 1036 2361 1088 tolle
2416 1034 2611 1087 lectum
2643 1043 2811 1099 tuum,
2840 1042 2894 1086 et
2944 1033 3077 1084 vade
3106 1033 3154 1083 in
3210 1032 3420 1083 domum

1866 1139 2011 1183 tuam
2044 1129 2108 1182 ⁸³.
2145 1148 2162 1179 ›
2191 1126 2245 1181 Si
2274 1125 2420 1179 solus
2455 1125 2827 1177 universorum
2870 1121 3128 1176 Dominus
3158 1135 3185 1173 a
3220 1118 3423 1173 delictis

1865 1236 1960 1275 nos
1985 1220 2187 1288 expiat,
2218 1233 2314 1271 nec
2361 1217 2411 1269 in
2458 1215 2621 1268 ullum
2672 1214 2833 1268 alium
2889 1213 3026 1266 istud
3069 1211 3340 1273 convenit,
3371 1219 3425 1262 et

1863 1312 2109 1365 Christus
2163 1324 2283 1361 cum
2342 1306 2521 1360 divina
2575 1305 2901 1359 auctoritate
2948 1305 3048 1357 hoc
3080 1304 3251 1369 ipsum
3287 1315 3421 1367 pra:-

1865 1409 1966 1454 stat
2015 1416 2027 1451 :
2065 1399 2154 1467 qui
2182 1398 2293 1451 fieri
2326 1406 2519 1465 potest,
2551 1406 2607 1449 ut
2650 1395 2792 1448 Deus
2837 1409 2940 1448 non
2999 1392 3263 1446 exsistat?
3292 1388 3424 1442 Nam

1866 1490 1965 1543 etsi
1998 1487 2253 1549 Verbum,
2289 1487 2429 1555 quod
2481 1486 2773 1540 secundum
2823 1498 3041 1537 carnem
3086 1497 3151 1535 ex
3206 1480 3426 1535 muliere

1868 1590 2051 1634 natum
2104 1588 2207 1640 est,
2236 1578 2355 1631 Filii
2393 1578 2626 1630 hominis
2671 1576 3037 1645 appellatione
3093 1575 3424 1642 designetur,

1875 1670 2213 1725 nihilominus
2244 1678 2420 1720 tamen
2441 1665 2580 1720 Deus
2602 1678 2702 1719 est.

1943 1782 1960 1813 ε
1991 1764 2043 1815 In
2066 1764 2176 1830 ipsa
2202 1762 2333 1814 hora
2358 1768 2536 1813 autem
2568 1758 2762 1811 multos
2783 1758 2986 1811 curavit
3007 1773 3033 1807 a
3059 1752 3421 1821 languoribus,

200 1841 400 1905 νόσων,
432 1844 523 1895 καὶ
554 1844 858 1912 μαστίγων,
893 1846 986 1896 καὶ
1018 1846 1345 1914 πνευμάτων
1375 1847 1652 1917 πονηρῶνο
1678 1848 1769 1900 καὶ

1874 1863 1922 1906 et
1948 1854 2138 1921 plagis,
2174 1861 2227 1905 et
2261 1850 2544 1920 spiritibus
2581 1849 2831 1909 malis,et
2864 1849 3019 1899 caecis
3049 1846 3227 1898 amitis
3260 1845 3423 1894 dona-

199 1932 428 2001 τυφλοῖς
469 1935 683 1998 πολλοῖς
726 1938 1019 2005 ἐχαρίσατο
1059 1937 1119 1989 τὸ
1168 1939 1405 2006 βλέπειν.
1469 1942 1576 1993 Καὶ
1628 1942 1765 1994 ἀπο·

204 2023 416 2092 κριθεὶς
470 2020 621 2077 εἶπεν
672 2026 893 2087 αὐτοῖς·
972 2027 1331 2095 Πορευθέντες
1400 2030 1767 2097 ἀπαγγείλατε

218 2112 439 2185 Ἰωάννῃ
467 2114 502 2168 ἀ
532 2116 699 2168 εἰδετε
742 2117 836 2168 καὶ
864 2116 1132 2184 ἠκούσατε
1152 2134 1168 2150 ι
1204 2120 1287 2170 ὅτι
1317 2121 1506 2186 τυφλοὶ
1536 2123 1767 2175 ἀναϐλέ-

206 2222 398 2268 πουσι,
429 2207 589 2276 χωλοὶ
616 2208 993 2279 περιπατοῦσι,
1017 2207 1207 2277 λεπροὶ
1232 2210 1639 2279 καθαρίζονται,
1663 2230 1770 2265 κω-

206 2296 301 2362 φοὶ
346 2297 631 2361 ἀκούουσι,
658 2300 839 2367 νεκροὶ
883 2296 1209 2369 ἐγείρονται,
1246 2301 1452 2369 πτωχοὶ
1480 2302 1766 2368 εὐαγγελί-

206 2387 413 2449 ζονται.
446 2388 554 2439 Καὶ
590 2388 855 2458 μακάριός
884 2390 1050 2449 ἐστιν,
1095 2387 1151 2451 ὃς
1190 2389 1255 2441 ἂν
1292 2390 1364 2460 μὴ
1408 2390 1764 2461 σκανδαλισΟῇ

212 2477 274 2527 ἐν
300 2478 443 2548 ἐμοί.
472 2496 491 2529 ι
510 2478 731 2549 Ἔργοις
764 2480 944 2539 αὐτοῖς
976 2480 1245 2543 ἐπιδείξας
1280 2481 1467 2533 ἐαυτὸν
1489 2484 1516 2534 6
1541 2482 1766 2552 Χριστὸς

207 2567 322 2621 ’τῶν
352 2569 669 2641 Οεοπρεπῶν
699 2570 1238 2641 μεγαλουργημάτων
1276 2572 1657 2643 ὰποτελεστὴν,
1690 2575 1769 2635 είς

209 2658 515 2731 ἀνάμνησιν
546 2663 805 2730 ἀναφέρει
832 2664 938 2714 τῶν
981 2664 1281 2733 εἰρημένων
1311 2665 1395 2717 διὰ
1430 2664 1608 2732 φωνῆς
1641 2680 1771 2731 προσ

212 2750 402 2819 φητῶν
436 2752 561 2821 περὶ
590 2752 928 2823 αὐτοῦ.Ἔφη
956 2754 1135 2805 τοίνυν
1168 2756 1196 2806 6
1231 2756 1497 2823 μακάριος
1522 2754 1766 2814 Ἡσαΐαςο

221 2861 242 2895 ι
266 2844 557 2913 Ἰσχύσατε,
591 2846 768 2913 χεῖρες
804 2845 1103 2914 ἀνειμέναι,
1122 2847 1214 2898 καὶ
1246 2849 1444 2913 γόνατα
1471 2846 1773 2915 παραλελυ-

217 2934 376 3004 μένα..
409 2954 429 2986 ι
465 2932 597 2989 Εἶτα
630 2938 907 3006 μονονουχὶ
951 2939 1044 2988 καὶ
1092 2940 1248 3007 χεῖρα
1277 2940 1573 3007 προτείνων
1604 2956 1773 2990 κατα-

210 3024 454 3078 δείκνυσι
492 3026 583 3078 τὸν
635 3026 1016 3095 Ἐμμανουὴλ,
1062 3026 1202 3078 οὕτω
1249 3025 1455 3093 λέγων’
1497 3045 1514 3077 ι
1566 3028 1694 3081 Ἰδοὺ
1745 3027 1774 3077 6

212 3114 350 3176 Θεὸς
374 3115 550 3185 ἡμῶν,
586 3117 691 3169 ἰδοὺ
734 3117 937 3187 Κύριος
968 3116 1104 3187 μετὰ
1135 3116 1316 3185 ἰσχύος
1350 3115 1588 3185 ἔρχεται,
1620 3118 1712 3169 καὶ
1746 3119 1773 3170 6

215 3205 456 3276 βραχίων
496 3210 634 3277 μετά
682 3210 919 3279 κυρείας.
952 3230 969 3260 ι
1005 3212 1147 3278 Ἔφη
1185 3210 1240 3261 δὲ
1290 3211 1381 3261 καὶ
1421 3212 1476 3261 ἐν
1526 3211 1765 3277 ἑτέροις,
1798 3192 1838 3247 C

210 3300 300 3353 ὃτι
332 3318 349 3351 ι
385 3298 517 3351 Τότε
545 3302 951 3372 ἀνοιχθήσονται
977 3302 1244 3371 ὀφθαλμοὶ
1271 3301 1507 3368 τυφλῶν,
1543 3302 1635 3353 καὶ
1664 3296 1775 3353 ὦτα

213 3387 417 3456 κωφῶν
456 3388 776 3441 ἀκούσονται
798 3408 811 3421 ·
848 3392 964 3442 τότε
1016 3392 1219 3443 ἀλεῖται
1248 3390 1417 3459 χωλὸς
1445 3390 1519 3451 ὡς
1556 3390 1773 3457 ἔλαφος,

212 3475 312 3530 καὶ
370 3477 539 3547 τρανὴ
590 3477 743 3529 ἔσται
789 3478 1008 3545 γλῶσσα
1055 3479 1375 3550 μογιλὰλων.
1410 3497 1427 3529 ›
1486 3479 1594 3529 Καὶ
1644 3478 1776 3545 πρὸς

212 3567 426 3631 τούτοις
452 3568 531 3621 ἔτι
553 3585 565 3599 ⁸
604 3587 621 3619 ι
667 3570 1083 3638 Ἀναστήσονται
1112 3574 1159 3625 οἱ
1203 3572 1405 3640 νεκροὶ,
1434 3571 1526 3621 καὶ
1556 3568 1776 3638 ἐγερθήο

216 3680 401 3716 σονται
432 3664 479 3715 οἰ
510 3664 567 3715 ἐν
596 3664 707 3723 τοῖς
743 3663 1027 3732 μνηημείοις
1050 3680 1061 3691 °
1107 3665 1139 3731 ἡ
1169 3664 1276 3731 γὰρ
1316 3662 1504 3730 δρόσος
1547 3661 1578 3729 ἡ
1626 3659 1774 3728 παρά

215 3755 337 3819 σοῦ,
386 3754 523 3826 ἴαμα
568 3755 749 3816 αὐτοῖς
794 3758 960 3807 ἐστιν.
1006 3774 1021 3807 ι
1069 3757 1212 3823 Ἔφη
1265 3754 1320 3805 δὲ
1368 3754 1527 3804 πάλιν
1573 3751 1665 3803 καὶ
1712 3754 1775 3803 ἐκ

215 3846 512 3916 προσώπου
560 3845 795 3915 Χριστοῦ
818 3863 831 3876 -
867 3866 883 3895 ι
923 3847 1143 3915 Πνεῦμα
1176 3844 1377 3915 Κυρίου
1427 3844 1510 3894 ἐπ’
1546 3842 1643 3911 ἐμὲ
1666 3880 1680 3904 ,
1714 3835 1774 3893 οὗ

212 3939 426 3992 εἵνεκεν
442 3937 621 4008 ἐχρισέ
645 3952 729 4006 με·
748 3936 1199 4003 εὐαγγελίσασθαι
1218 3937 1449 4003 πτωχοῖς
1468 3932 1775 3985 ἀπέσταλκέ

218 4046 311 4099 με,
344 4030 578 4100 κηρύξαι
610 4025 971 4097 αἰχμαλώτοις
1014 4029 1224 4094 ἄφεσιν,
1270 4026 1363 4076 καὶ
1402 4024 1619 4092 τυφλοῖς
1653 4024 1779 4076 ἀνάο

216 4118 423 4189 βλεψιν.
463 4140 480 4172 ι
522 4121 645 4173 Ὅτε
692 4117 867 4169 τοίνυν
910 4122 1007 4188 τῆς
1048 4120 1129 4185 ἐφ’
1176 4114 1350 4183 ἐαυτῷ
1399 4115 1631 4176 πίστεως
1679 4113 1778 4175 τὰς

213 4211 327 4275 τῶν
358 4211 649 4283 προφητῶν
684 4210 863 4278 φωνὰς
894 4214 1121 4261 ποιεῖται
1150 4210 1391 4277 σημεῖον,
1436 4208 1601 4274 ἤγουν
1645 4206 1779 4258 ἀπό-

215 4303 408 4368 δειξιν,
443 4303 573 4355 Θεὸν
597 4302 652 4355 δὲ
686 4301 845 4353 αὐτὸν
875 4302 923 4352 οἱ
950 4301 1221 4370 προφῆται
1250 4298 1605 4368 κηρύττουσι·
1641 4296 1721 4359 τίς
1751 4297 1777 4347 6

217 4390 429 4453 τούτοις
457 4391 523 4442 τὶ
552 4391 766 4443 ἐναντία
792 4390 954 4457 φάναι
984 4389 1225 4459 τολμιῖ›ν;

305 4480 702 4549 Ἐχειμάζοντο,
734 4483 885 4549 φησὶ,
916 4483 1053 4532 κατά
1089 4482 1183 4549 τὴν
1217 4480 1406 4546 λίμνην
1436 4478 1482 4528 οἱ
1517 4476 1773 4545 μαθηταί·

218 4566 339 4624 εἶτα
389 4590 406 4620 t
438 4572 854 4637 προσελθόντες,
916 4572 1195 4639 διήγειραν
1250 4570 1432 4629 αὑτὸν,
1490 4568 1774 4633 λέγοντεςο

230 4659 545 4723 Ἐπιστάτα,
567 4660 931 4727 ἀπολλύμεθα.
967 4662 1007 4711 0
1029 4660 1085 4709 δὲ
1117 4658 1438 4726 διεγερθεὶς,
1475 4658 1776 4726 ἐπετίμησε

218 4752 300 4824 τῷ
322 4752 526 4822 ἀνέμῳ,
550 4751 643 4803 καὶ
670 4749 747 4819 τῷ
777 4748 1001 4800 κλύδωνι
1028 4747 1121 4800 τοῦ
1152 4747 1339 4809 ’ύδατος
1360 4763 1371 4775 ’
1413 4746 1504 4797 καὶ
1541 4748 1779 4798 ἐπαύσα-

216 4864 314 4911 το,
344 4848 435 4899 καὶ
463 4843 673 4912 ἐγένετο
698 4841 924 4911 γαλήνη.
960 4859 975 4890 ι
1012 4841 1234 4909 Εἴρηται
1265 4840 1389 4907 περὶ
1428 4836 1659 4903 Χριστοῦ
1692 4837 1779 4889 διὰ

223 4937 408 5005 φωνῆς
450 4934 542 4987 τοῦ
596 4932 861 5004 μακαρίου
916 4932 1114 4984 Δαυῖδ’
1174 4949 1190 4981 ι
1232 4930 1303 4982 Σὺ
1347 4926 1624 4989 δεσπόζεις
1684 4927 1777 4979 τοῦ

225 5025 459 5087 κράτους
484 5025 580 5093 τῆς
608 5023 899 5091 θαλάσσης,
940 5022 1032 5074 καὶ
1063 5017 1151 5072 τδν
1188 5018 1343 5070 σάλον
1376 5016 1483 5065 τῶν
1520 5014 1777 5082 κυμάτων

225 5114 396 5178 αὐτῆς
431 5112 494 5162 σὺ
526 5112 940 5181 καταπραΰνεις.
970 5109 1056 5163 Σοί
1085 5110 1219 5161 εἰσιν
1247 5108 1293 5158 oi
1319 5104 1556 5173 οὐρανοὶ,
1588 5103 1680 5153 καὶ
1710 5109 1776 5170 ση

226 5213 372 5259 ἐστιν
397 5204 430 5270 ἡ
459 5202 528 5269 γῆ
559 5218 571 5230 ·
603 5202 699 5270 τὴν
731 5204 1073 5272 οἰκουμένην,
1107 5201 1198 5253 καὶ
1226 5198 1284 5251 τὸ
1312 5196 1583 5264 πλήρωμα
1616 5194 1781 5261 αὐτῆς

227 5299 292 5350 σὺ
317 5292 701 5363 ἐθεμελίωσας.
732 5296 887 5346 ’Ὅτε
920 5298 1100 5346 τοίνυν
1125 5293 1202 5362 τῷ
1226 5288 1660 5356 καταπραΰνοντι
1685 5286 1780 5356 τὴν

225 5387 502 5441 θάλασσαν
542 5381 741 5450 πρέποι
794 5383 859 5435 ἂν
908 5386 1000 5437 καὶ
1046 5385 1103 5435 τὸ
1145 5378 1421 5441 δεσπόζειν
1468 5378 1578 5429 τῶν
1622 5379 1778 5441 ὅλων,

226 5483 373 5551 ἔχειν
401 5475 455 5527 δὲ
501 5472 662 5534 ἰδίους
692 5476 815 5535 τοὺς
845 5476 1126 5544 οὐρανοὺς,
1174 5474 1265 5525 καὶ
1306 5470 1585 5539 θεμελιοῦν
1627 5470 1784 5524 δύνα-

298 5662 340 5690 ³³
375 5660 500 5713 Luc.
529 5675 579 5721 ν,
609 5656 793 5709 22-91.

236 5732 299 5784 il)
398 5732 441 5760 "
476 5730 575 5782 lsa.
609 5743 714 5792 ut,
755 5728 773 5777 1
808 5742 819 5787 ;
858 5723 987 5775 Luc.
1022 5739 1092 5787 Iv,
1130 5726 1210 5776 l8.

876 5655 917 5683 "'
954 5653 1080 5706 Luc.
1120 5651 1429 5718 vn,2l,‘25.
1509 5651 1568 5679 “'
1598 5651 1695 5702 isa.
1732 5664 1760 5701 ι,

876 5741 987 5773 sur.
1022 5739 1092 5787 ιγ,
1130 5726 1210 5776 l8.
1308 5724 1348 5754 ”
1380 5721 1505 5774 Luc.
1533 5736 1646 5787 VIII,
1672 5720 1760 5773 Ἦν.

1509 5650 1568 5679 ³⁵·
1598 5648 1695 5702 lsa.
1732 5664 1825 5715 Ml,
1849 5665 1885 5708 ι,
1922 5649 1975 5699 5.

1842 5719 1884 5748 ³ο
1916 5717 2057 5771 l’sal.
2092 5732 2353 5781 Lxxxvm,
2391 5718 2583 5781 10,“.

1866 1947 1942 1997 vit
1982 1945 2173 1998 visum.
2210 1944 2271 1996 Et
2297 1942 2628 2009 respondens
2656 1940 2790 1992 dixit
2822 1939 2924 1991 illis
2954 1956 2966 1990 :
3008 1938 3205 1990 fientes
3230 1948 3427 1987 renun-

1870 2035 2001 2088 tiate
2052 2032 2248 2087 Joanni
2301 2046 2421 2100 quae
2474 2029 2703 2082 audistis
2757 2038 2811 2081 et
2843 2028 3052 2080 vidistis
3088 2041 3102 2079 :
3140 2024 3262 2094 quia
3298 2020 3423 2075 caeci

1867 2127 2072 2189 vident,
2098 2123 2272 2178 claudi
2332 2120 2629 2182 ambulant,
2652 2118 2848 2187 leprosi
2904 2119 3249 2177 mundantnr,
3279 2110 3425 2165 surdi

1870 2217 2115 2277 audiunt,
2143 2213 2338 2268 mortui
2396 2220 2706 2279 resurgunt,
2742 2223 3004 2277 pauperes
3057 2204 3428 2273 evangelizan-

1868 2316 1956 2360 tur
1988 2324 2000 2359 :
2040 2314 2093 2356 et
2127 2305 2315 2358 beatus
2344 2308 2425 2354 est
2454 2301 2760 2368 quicunque
2797 2313 2902 2351 non
2964 2298 3127 2350 fuerit
3162 2293 3427 2349 scandali-

1870 2404 2022 2449 zatus
2049 2395 2099 2447 in
2129 2408 2212 2448 me
2241 2392 2303 2445 ".
2336 2411 2354 2441 ι
2382 2390 2562 2445 Factis
2598 2388 2903 2443 divinorum
2942 2387 3207 2455 planeque
3256 2384 3425 2437 admi-

1871 2484 2115 2539 rabilium
2184 2497 2405 2552 operum
2470 2488 2801 2547 patratorem
2876 2478 3128 2532 Christus
3188 2491 3246 2529 se
3314 2486 3430 2526 esse

1873 2579 2281 2637 demonstrans,
2323 2589 2441 2642 quae
2482 2589 2576 2641 per
2620 2572 2893 2640 prophetae
2944 2584 3128 2622 vocem
3162 2567 3429 2637 quondam

1871 2666 1936 2719 de
1990 2682 2047 2718 se
2100 2664 2352 2733 praedicta
2407 2662 2642 2724 fuerant,
2698 2660 2749 2711 in
2811 2660 3130 2711 memoriam
3198 2654 3428 2709 reducit.

1872 2755 2249 2811 Dixeratenim
2277 2752 2441 2806 Isaias
2466 2770 2479 2805 :
2509 2770 2527 2801 ι
2548 2748 2937 2805 Confortamini
2966 2763 3153 2801 manus
3175 2746 3431 2802 remissae,

1870 2856 1922 2902 et
1960 2862 2131 2915 genua
2186 2847 2357 2899 soluta
2390 2846 2481 2899 ³⁵⁸.
2521 2862 2539 2894 ι
2576 2841 2691 2895 Mox
2746 2856 2878 2895 vero
2912 2840 3065 2909 quasi
3111 2838 3272 2910 digito
3313 2850 3433 2905 pro-

1876 2946 2096 2991 tensave
2152 2951 2310 2988 manu
2372 2933 2777 2985 Emmanuelem
2829 2934 3141 2993 ostendens,
3196 2930 3266 2982 ita
3320 2927 3431 2977 ait:

1882 3048 1897 3079 ι
1934 3027 2071 3081 Ecce
2120 3026 2261 3079 Deus
2292 3036 2495 3087 noster,
2519 3039 2646 3077 ecce
2677 3023 2932 3076 Dominus
2962 3037 3082 3075 cum
3129 3018 3439 3072 fortitudine

1876 3119 2044 3181 venit,
2096 3127 2151 3171 et
2217 3117 2496 3170 brachium
2553 3131 2673 3169 cum
2738 3114 3103 3167 dominatione
3127 3113 3193 3165 ³⁵.
3242 3128 3260 3160 ›
3302 3106 3437 3160 Dicit

1876 3210 2011 3261 idem
2039 3219 2092 3261 et
2123 3209 2229 3260 alio
2269 3222 2482 3275 quoque
2512 3206 2628 3259 loco
2655 3223 2667 3257 :
2697 3224 2713 3255 ι
2758 3204 2911 3257 Tunc
2947 3204 3259 3272 aperientur
3296 3196 3433 3251 oculi

1875 3314 2160 3361 caecorum,
2194 3308 2245 3351 et
2303 3312 2463 3349 aures
2493 3296 2777 3348 surdorum
2823 3296 3063 3355 audient,
3103 3306 3227 3345 tunc
3288 3288 3437 3343 saliet

1876 3393 2013 3444 sicut
2047 3404 2236 3443 cervus
2290 3389 2528 3449 claudus,
2565 3396 2619 3440 et
2658 3387 2903 3454 expedita
2935 3388 3038 3441 erit
3090 3388 3269 3452 lingua
3328 3382 3436 3434 bal-

1881 3484 2197 3537 butientium
2226 3482 2292 3535 ³⁸.
2322 3500 2339 3532 ι
2375 3480 2537 3533 Addit
2568 3490 2828 3549 przeterea
2867 3499 2880 3535 :
2917 3499 2934 3530 ι
2961 3480 3196 3546 Surgent
3222 3474 3435 3531 mortui.

1878 3584 1931 3625 et
1976 3580 2256 3639 resnrgent
2296 3571 2383 3638 qui
2449 3570 2500 3623 in
2556 3571 2920 3624 monumentis
2976 3581 3145 3623 sunt:
3185 3583 3304 3620 nam
3354 3578 3437 3616 ros

1877 3663 1965 3731 qui
2026 3679 2052 3715 a
2086 3673 2153 3725 te,
2202 3662 2331 3730 ipsis
2366 3661 2573 3714 sanitas
2609 3672 2692 3713 cst
2720 3663 2781 3714 ³⁷.
2828 3681 2844 3711 ι
2904 3662 3132 3714 Rursum
3170 3662 3306 3715 idem
3386 3657 3434 3707 in

1879 3768 2102 3822 persona
2139 3752 2335 3806 Christi
2388 3752 2458 3804 ita
2517 3753 2637 3804 ait:
2673 3770 2689 3801 ι
2724 3750 2955 3819 Spiritus
3004 3752 3213 3806 Domini
3276 3761 3436 3815 super

1879 3864 1984 3913 me,
2019 3849 2172 3916 cujus
2203 3864 2363 3901 causa
2397 3849 2547 3900 unxit
2580 3862 2680 3909 me,
2718 3847 3091 3915 evangelizare
3117 3843 3436 3912 pauperihus

1879 3937 2024 3989 misit
2053 3950 2158 3997 uie,
2192 3936 2482 4003 praedicare
2502 3934 2732 4000 captivis
2769 3934 3164 3995 remissionem,
3190 3939 3241 3985 et
3279 3929 3435 3981 caecis

1880 4026 2023 4077 visus
2048 4025 2375 4091 apertionem
2407 4022 2473 4073 ³⁸.
2507 4041 2523 4071 ι
2552 4023 2685 4074 Cum
2723 4038 2851 4089 ergo
2887 4022 3265 4089 prophetarum
3306 4030 3434 4067 ora-

1878 4116 1997 4169 CuIa
2038 4116 2154 4169 fidei
2216 4131 2334 4183 quac
2392 4116 2490 4182 ipsi
2525 4117 2770 4176 debetur,
2807 4122 3178 4181 argumentum
3242 4109 3434 4177 proha-

1881 4208 2189 4275 tionemqne
2230 4208 2479 4269 adducat,
2513 4206 2720 4273 ipsique
2760 4206 3032 4271 propheta:
3069 4204 3232 4256 Demn
3288 4200 3433 4251 illum

1878 4312 1997 4349 esse
2060 4297 2371 4363 praedicent,
2416 4297 2535 4363 quis
2598 4296 2683 4348 his
2736 4295 3001 4349 contraria
3049 4306 3293 4348 asserere
3341 4304 3436 4340 au-

1879 4388 2038 4441 deat?

1957 4480 2089 4533 Dum
2122 4477 2363 4547 discipuli
2391 4488 2706 4545 tempestate
2752 4484 2801 4531 in
2835 4489 3023 4543 stagno
3072 4475 3428 4543 iactarentur,

1889 4588 1906 4619 ‹
1933 4571 2247 4624 accedentes
2276 4569 2601 4621 suscitarunt
2626 4582 2767 4629 eum,
2794 4568 3029 4620 dicentes
3062 4582 3073 4616 :
3108 4562 3431 4626 Prwceptor,

1883 4662 2135 4729 perimus.
2168 4660 2476 4727 At90ille
2521 4672 2747 4725 surgens
2799 4656 3095 4725 increpavit
3124 4663 3333 4707 ventum
3381 4658 3435 4700 et

1884 4759 2253 4816 tempestatem
2308 4761 2459 4815 aquae
2488 4764 2499 4799 :
2534 4756 2588 4801 et
2631 4749 2885 4812 cessavit,
2914 4759 2967 4803 et
2997 4747 3133 4802 facta
3167 4754 3248 4797 est
3293 4751 3441 4793 tran-

1882 4839 2122 4906 quillitas
2163 4837 2230 4888 ”.
2271 4854 2288 4886 ι
2320 4836 2573 4893 Davidica
2598 4854 2730 4894 voce
2771 4839 3027 4906 ejusmodi
3071 4835 3344 4891 oraculum
3376 4832 3440 4883 de

1882 4927 2099 4979 Christo
2152 4926 2355 4980 editum
2420 4938 2540 4983 erat
2586 4947 2599 4984 :
2645 4948 2663 4979 ‹
2706 4930 2784 4982 Τιι
2836 4927 3127 4981 dominaris
3188 4922 3434 4992 potestati

1886 5016 2069 5079 maris,
2110 5025 2165 5070 et
2214 5026 2419 5071 motum
2474 5020 2728 5073 fluctuum
2773 5019 2891 5086 ejus
2948 5028 3001 5070 tu
3062 5016 3293 5084 mitigas.
3342 5011 3440 5065 Tui

1884 5118 2008 5161 sunt
2041 5110 2189 5176 coeli,
2217 5120 2269 5164 et
2291 5120 2376 5163 tua
2402 5121 2487 5164 est
2521 5121 2681 5172 terra,
2714 5111 2896 5164 orbem
2931 5120 3193 5163 terrarum
3227 5114 3279 5157 el.
3329 5102 3439 5170 ple-

1884 5200 2178 5255 nitudinem
2216 5202 2329 5268 ejus
2354 5210 2405 5253 tu
2442 5201 2677 5254 fundasti
2702 5200 2767 5254 ".
2791 5219 2808 5251 ι
2847 5201 2977 5254 Cum
3006 5201 3057 5251 in
3089 5197 3231 5250 illum
3257 5194 3438 5267 igitur,

1884 5292 1974 5359 qui
2029 5292 2198 5344 maria
2230 5294 2401 5353 sedat,
2434 5292 2673 5343 omnium
2725 5307 2903 5345 rerum
2956 5289 3236 5343 Dominum
3293 5298 3436 5345 esse,

1884 5382 2128 5450 proprios
2170 5382 2332 5434 caelos
2389 5382 2685 5447 possidere,
2727 5383 2912 5434 orbem
2962 5389 3247 5435 terrarum,
3296 5373 3439 5441 ejus-

1886 5473 2110 5538 demque
2145 5470 2524 5538 plenitudinem
2587 5486 2742 5538 posse
2775 5470 3014 5530 fumlare,
3049 5466 3258 5534 proprie
3308 5480 3439 5517 con-

3082 5638 3123 5669 ³⁷
3154 5637 3255 5691 lsa.
3289 5652 3434 5694 xxvi.

2053 5646 2095 5676 ³³
2133 5646 2232 5699 Isa.
2266 5662 2351 5706 xc,
2390 5647 2467 5699 l0.
2552 5647 2593 5676 ³⁵
2624 5647 2721 5699 lsa.
2765 5656 2923 5703 xxxv,
2952 5641 3002 5692 ὃ.
