4056 6334
600 344 734 399 1279

1590 350 1646 406 S.
1688 350 1961 409 CYlllLLl
2001 350 2468 406 ALEXANDRINI
2507 349 2826 406 AliClllEP.

3702 345 3844 402 «πο

598 458 805 522 veniat;
828 458 947 527 quis
996 459 1296 532 Christum,
1330 466 1419 533 qui
1484 481 1604 522 cum
1658 470 1978 523 auctoritate
2030 470 2163 525 mari

2285 470 2394 523 τοαι
2434 470 2531 541 τὴν
2575 468 2901 539 οἰκουμένην
2934 467 3027 520 καὶ
3070 465 3130 519 τὸ
3170 466 3435 537 πλήρωμα
3486 466 3655 535 αὐτῆς
3679 480 3692 492 ·
3733 465 3848 527 πῶς

600 561 653 603 et
706 552 878 607 ventis
939 552 1188 623 imperat,
1243 572 1424 613 verum
1487 560 1649 613 Deum
1724 576 1845 615 esse
1898 563 2170 631 ambigere

600 650 804 711 queat?

678 834 698 868 ι
728 813 977 887 Rogabat
1007 820 1152 872 illum
1189 822 1292 887 vir,
1320 842 1345 877 a
1388 840 1494 892 quo
1517 826 1779 880 tia-monia
1815 827 2080 891 exierant,
2117 838 2173 881 ut

600 922 721 959 CIIII)
768 922 832 963 eo
874 921 1037 967 esset.
1076 912 1289 967 Dimisit
1336 928 1513 972 autem
1564 932 1687 971 eum
1736 916 1913 981 Iesus,
1942 919 2169 973 dicens:

603 996 732 1049 lledi
780 1001 833 1051 in
866 1001 1083 1055 dOmum
1125 1015 1293 1069 luant,
1329 1014 1384 1060 et
1426 1024 1585 1061 narra
1642 1020 1844 1077 quanta
1902 1009 1992 1063 libi
2048 1012 2174 1064 iecit.

606 1084 759 1139 Deus.
797 1086 861 1139 Et
908 1091 1041 1145 abiit
1090 1108 1184 1161 per
1210 1094 1512 1149 universam
1549 1098 1823 1151 civitatem
1875 1099 2174 1165 praedicans

600 1186 796 1244 quanta
828 1179 901 1233 illi
949 1181 1173 1238 fecisset
1221 1183 1379 1240 Jesus
1410 1187 1473 1241 “.
1501 1206 1519 1239 ι
1555 1188 1609 1241 in
1657 1188 2046 1244 Gerasenorum
2090 1207 2174 1244 re-

602 1270 971 1337 giouecuratit
987 1274 1142 1331 Jesus
1165 1277 1554 1334 immanissime
1570 1296 1598 1333 a
1615 1281 1880 1335 daunouio
1902 1292 2169 1344 vexatum.

602 1360 692 1427 qui
725 1362 887 1415 etiam
921 1376 977 1418 ut
999 1368 1164 1421 vitam
1192 1369 1291 1423 sibi
1324 1386 1446 1424 cum
1469 1387 1533 1424 eo
1560 1386 1720 1442 agere
1760 1374 2015 1443 deinceps
2044 1374 2175 1429 lice-

602 1461 704 1516 ret,
732 1454 928 1509 obnixe
959 1456 1306 1527 etnagitabat.
1356 1460 1428 1517 At
1459 1478 1587 1516 vero
1629 1465 1879 1530 quamvis
1920 1478 2044 1519 eunt
2088 1480 2175 1520 sa-

603 1556 806 1609 nasset,
837 1550 1165 1617 spiritusque
1188 1550 1461 1619 eiecisset,
1508 1554 1662 1622 jubet
1687 1565 1860 1609 tamen
1890 1557 2174 1611 utdomunt

604 1650 755 1689 suam
782 1649 1009 1705 repetat,
1040 1656 1349 1712 quantaque
1374 1646 1475 1699 sibi
1518 1645 1737 1701 fecisset
1756 1646 1917 1711 Deus,
1936 1659 2171 1703 enarret.

605 1725 941 1795 Operabutur
986 1733 1167 1801 itaque
1203 1733 1452 1789 Christus
1506 1746 1760 1804 tanquam
1815 1753 1969 1792 verus
2013 1737 2170 1793 Deus.

2272 562 2371 613 ούκ
2415 561 2481 614 ἂν
2516 560 2780 631 ὑπάρχειν
2819 559 2991 611 νοοῖτο
3034 555 3165 621 Θεὸς
3212 556 3425 627 ἀληθῶς
3461 560 3488 611 6
3520 556 3788 626 Χριστὸς,
3822 560 3850 608 6

2274 653 2515 723 Θαλάσσῃ
2565 651 2659 703 καὶ
2703 648 3009 702 πνεύμασιν
3049 647 3342 716 ἐπιτιμῶν,
3385 648 3483 700 καὶ
3522 646 3686 700 τοῦτο
3733 646 3847 715 μετ’

2274 741 2540 809 ἐξουσίαςς

2347 853 2367 883 ς
2410 833 2615 885 Ἐδεῖτο
2640 832 2696 885 δὲ
2721 830 2885 885 αὐτοῦ
2916 833 2944 884 6
2976 831 3136 901 ἀνὴρ,
3188 830 3284 898 ἀφ’
3328 823 3390 883 οὗ
3422 829 3735 898 ἐξεληλύθει
3784 828 3850 880 τὰ

2273 923 2543 993 δαιμόνια.
2575 918 2714 977 εἶναι
2748 924 2842 976 σὺν
2891 922 3058 993 αύτῷ.
3099 921 3410 974 Ἀπέστειλε
3444 920 3500 972 δὲ
3539 918 3726 977 αὑτὸν.
3762 919 3851 969 λέ-

2276 1030 2386 1081 γων
2407 1029 2419 1041 ”
2462 1013 2803 1083 ’Υπόστρεφε
2837 1014 2921 1075 είς
2947 1012 3036 1065 τὸν
3074 1008 3220 1065 οἶκόν
3257 1028 3372 1072 σου,
3404 1013 3497 1064 καὶ
3527 1010 3718 1080 διηγοῦ
3751 1012 3852 1062 ὅσα

2277 1120 2359 1155 σοι
2396 1102 2692 1168 πεποίηκεν
2736 1103 2767 1154 6
2806 1101 2957 1163 Θεὸς.
3005 1100 3118 1154 Καὶ
3160 1099 3368 1169 ἀπῆλθε
3414 1098 3535 1152 καθ’
3572 1099 3707 1167 ὅλην
3751 1098 3851 1165 τὴν

2276 1194 2429 1247 πόλιν
2456 1192 2748 1262 κηρύσσων
2782 1193 2882 1245 ὅσα
2913 1191 3171 1260 ἐποίησεν
3202 1190 3349 1261 αύτῷ
3378 1193 3405 1243 6
3432 1191 3585 1252 Θεός.
3610 1208 3630 1241 ι
3660 1190 3759 1242 Ἔν
3778 1191 3849 1257 τῇ

2274 1285 2382 1337 τῶν
2414 1283 2765 1353 Γεργεσηνῶν
2796 1283 2949 1355 χώρᾳ
2976 1282 3382 1352 τεθεράπευκεν
3411 1283 3439 1335 6
3481 1281 3718 1351 Χριστὸς
3754 1279 3851 1333 τὸν

2276 1375 2482 1445 ἀγρίως
2509 1376 2870 1444 δαιμονῶντα,
2915 1376 2973 1437 ὃς
3004 1375 3096 1427 καὶ
3150 1375 3385 1426 συνεῖναι
3416 1373 3562 1443 αὐτῷ
3593 1373 3849 1441 παρεκά-

2276 1466 2377 1518 λει.
2417 1464 2578 1518 Ἀλλὰ
2626 1464 2802 1517 καίτοι
2834 1465 3181 1534 θεραπεύσας
3207 1464 3388 1527 αὐτὸν,
3442 1464 3537 1515 καὶ
3582 1462 3851 1529 ὲκθεϐλη·

2279 1556 2387 1620 κὼς
2420 1556 2487 1610 τὰ
2510 1556 2819 1627 πνεύματα,
2862 1554 3115 1607 ἐκέλευεν
3149 1554 3400 1607 ἀπελθεῖν
3438 1554 3517 1615 είς
3564 1552 3652 1605 τὸν
3690 1546 3852 1603 οἷκον

2276 1646 2441 1701 αὑτοῦ
2461 1686 2475 1710 ,
2509 1648 2603 1700 καὶ⁸
2647 1646 2939 1717 κηρύττειν
2985 1646 3084 1698 ὅσα
3125 1644 3423 1712 πεποίηκεν
3456 1644 3601 1713 αύτῷ
3633 1645 3660 1696 6
3682 1643 3848 1706 Θεὸς.

2289 1738 2625 1809 Ἐνήργηκεν
2655 1733 2749 1790 οὖν
2776 1736 2960 1799 αὐτὸς,
2990 1736 3065 1799 ώς
3098 1735 3226 1799 Θεὸς
3255 1736 3517 1807 ὑπάρχων
3554 1731 3811 1803 ἀληθινός
3834 1751 3846 1764 ·

603 1815 925 1889 Neutiquam
974 1825 1116 1877 enim
1156 1825 1337 1881 dicere
1392 1826 1475 1881 fas
1517 1836 1621 1890 est,
1653 1829 2034 1898 prophetarqu
2083 1842 2175 1885 aut

2285 1830 2338 1883 ού
2371 1804 2476 1900 γαρ
2508 1804 2611 1881 πού
2659 1845 2839 1899 φαμεν
2866 1828 2943 1892 ώς
2976 1828 3245 1898 ὑπουργὸς
3287 1804 3476 1896 γέγονε
3504 1826 3649 1890 θείας
3672 1827 3841 1895 χάρι-

606 1920 911 1966 sanctorum
932 1916 1301 1981 apostolorum
1330 1934 1503 1982 more,
1529 1920 1722 1973 divina!
1744 1922 1935 1989 gratite
1970 1921 2176 1976 instru-

606 2013 851 2056 mentum
897 2006 1185 2062 exstitisse.
1223 2008 1339 2075 Ipse
1384 2024 1615 2077 namque
1671 2014 1909 2079 propria,
1938 2013 2040 2067 hoc
2093 2019 2178 2067 est

606 2095 784 2148 divina
819 2098 1008 2150 virtute
1032 2096 1287 2152 Satanam
1313 2100 1627 2154 conterebat
1654 2119 1668 2153 :
1695 2102 1823 2169 quin
1855 2112 1907 2154 et
1938 2104 1989 2154 in
2028 2102 2174 2156 illius

605 2198 818 2253 quoque
868 2186 1087 2240 nomine
1128 2188 1391 2241 daemonia
1454 2190 1656 2243 sanctis
1713 2190 1968 2258 apostolis
2009 2192 2177 2261 subji-

606 2278 919 2331 ciebautur:
952 2287 1115 2348 atque
1178 2278 1281 2333 hoc
1329 2279 1505 2346 ipsum
1556 2295 1623 2335 ne
1661 2281 1739 2335 illi
1798 2282 1900 2352 ipsi
1957 2282 2174 2353 quidem

609 2365 989 2423 diﬂitebantur.

678 2460 754 2514 De
808 2462 1066 2529 principis
1124 2463 1423 2532 Syuagogae
1473 2463 1583 2517 tilia
1642 2464 1821 2518 aiebat
1875 2464 2174 2520 Christus:

615 2569 633 2600 ι
660 2548 834 2604 Nolite
858 2553 1005 2606 ﬂere.
1026 2552 1138 2605 Non
1163 2562 1244 2608 est
1274 2562 1485 2607 mortua
1514 2553 1711 2621 puella,
1731 2555 1823 2607 sed
1841 2555 2038 2609 dormit
2057 2556 2124 2609 “.
2150 2574 2170 2607 ι

610 2639 858 2711 Nunquid
896 2642 1057 2713 igitur
1115 2645 1373 2698 mentitus
1430 2643 1547 2699 est?
1581 2643 1756 2699 absit!
1793 2660 1977 2699 verum
2032 2648 2176 2701 enim

608 2729 763 2785 dixit.
802 2730 1014 2785 Modum
1046 2742 1227 2786 autem
1259 2733 1421 2801 huius
1455 2735 1677 2802 exponit
1708 2734 1905 2790 Paulus
1941 2737 2025 2791 his
2061 2751 2180 2792 ver-

610 2823 691 2877 bis
724 2842 738 2877 :
773 2843 792 2876 t
826 2824 942 2877 Non
970 2837 1052 2880 est
1081 2826 1224 2879 Deus
1262 2837 1624 2891 mortuorum,
1655 2827 1753 2880 sed
1781 2828 2027 2883 vivorum
2052 2829 2117 2885 ⁸³.
2154 2849 2175 2882 ι

612 2914 885 2983 Siquidem
915 2918 1223 2986 quicunque
1282 2917 1476 2970 victuri
1536 2926 1681 2981 sunt,
1707 2917 1781 2971 illi
1818 2920 1924 2974 Deo
1960 2920 2177 2988 vivunt;

615 3010 809 3061 mortui
877 3008 1103 3076 proinde
1164 3008 1478 3063 hominibus
1542 3010 1739 3062 mortui
1790 3020 2179 3066 sunt:veruut

2275 1938 2367 1984 τος
2394 1920 2513 1973 καθ’
2548 1921 2643 1973 ινα
2663 1920 2769 1974 τῶν
2796 1920 3107 1991 προφητῶν,
3140 1921 3309 1991 ἠγουν
3356 1918 3465 1972 τῶν
3504 1920 3675 1987 ἁγίων
3709 1920 3851 1971 ἁπο-

2281 2011 2486 2063 στόλων
2506 2026 2517 2039 ·
2549 2010 2662 2062 ἀλλ’
2692 2006 2759 2081 ἦν
2791 2011 2955 2072 αὐτὸς
2987 2010 3215 2079 δυνάμει
3247 2012 3313 2079 τῇ
3353 2009 3458 2078 ἰδίᾳ
3492 2010 3585 2061 καὶ
3615 2009 3849 2074 θεοπρε-

2281 2104 2373 2155 πεῖ
2398 2101 2697 2171 συντρίϐων
2725 2102 2814 2153 τὸν
2846 2103 3111 2154 Σατανᾶν.
3157 2100 3243 2153 Ἐν
3268 2100 3491 2169 ὀνόματι
3526 2094 3619 2152 οὖν
3643 2098 3845 2157 αὑτοῦ,

2281 2195 2374 2247 καὶ
2407 2196 2517 2256 τοῖς
2544 2193 2719 2260 ἁγίοις
2758 2191 3026 2263 μαθηταῖς
3066 2192 3425 2245 ὑπετάττοντο
3449 2190 3516 2243 τὰ
3553 2190 3812 2260 δαιμόνια
3832 2205 3846 2218 ο

2280 2286 2372 2338 καὶ
2395 2284 2552 2338 τοῦτο
2576 2283 2986 2355 διωμολόγησαν
3015 2284 3190 2338 αὐτοί.

2361 2463 2483 2513 Ἐπὶ
2537 2464 2601 2531 τῇ
2654 2460 2886 2529 θυγατρὶ
2932 2460 3025 2512 τοῦ
3081 2458 3527 2529 ἀρχισυναγώγου
3593 2458 3760 2526 φησὶν
3821 2458 3851 2511 6

2279 2551 2546 2622 Χριστός
2586 2570 2604 2602 ι
2637 2552 2731 2620 Μὴ
2762 2550 3010 2604 κλαίετε·
3052 2551 3113 2602 ού
3142 2550 3252 2619 γὰρ
3298 2550 3532 2602 ἀπέθανε
3577 2549 3638 2601 τὸ
3681 2549 3850 2619 mpel-

2283 2657 2417 2703 σιον,
2443 2641 2579 2695 ἀλλὰ
2605 2641 2878 2695 καθεύδει.
2919 2659 2937 2691 ι
2972 2636 3099 2711 Ἆρ’
3122 2636 3215 2694 οὖν
3242 2640 3493 2710 ἐψεύδετο
3511 2646 3537 2674 °
3561 2656 3576 2704 ;
3622 2639 3716 2709 Μὴ
3753 2640 3851 2707 γέ-

2281 2736 2455 2789 νοιτοε
2497 2734 2751 2805 ἀληθεύει
2779 2734 2867 2787 δέ·
2898 2733 2991 2787 καὶ
3017 2732 3155 2786 κατὰ
3188 2733 3308 2786 τίνα
3332 2732 3554 2803 τρόπον,
3580 2731 3609 2782 6
3638 2729 3851 2790 Παῦλος

2279 2826 2622 2898 διερμηνεύει
2663 2826 2870 2895 λέγων·
2911 2844 2931 2876 ι
2962 2825 3075 2878 υύκ
3119 2823 3234 2876 ἔστι
3272 2822 3402 2886 Θεὸς
3436 2821 3683 2891 νεκρῶν,
3712 2818 3851 2873 ἀλλὰ

2283 2919 2522 2984 ζώντων.
2553 2937 2574 2969 ο
2610 2916 2752 2970 Ζῶσι
2786 2916 2893 2987 γὰρ
2926 2915 3005 2985 τῷ
3047 2914 3168 2985 Θεῷ
3207 2916 3255 2965 οἱ
3301 2913 3485 2983 ζήσειν
3540 2910 3847 2980 μέλλοντες.

2284 3008 2493 3063 Οὐκοῦν
2519 3008 2567 3060 οί
2596 3006 2914 3075 τεθνηκύτες
2941 3046 2954 3067 ,
2989 3004 3127 3057 κατὰ
3158 3004 3255 3072 μὲν
3285 3000 3601 3070 ἀνθρώπους
3625 3000 3736 3052 εἰσὶ
3765 3015 3851 3050 νε⁹

614 3109 816 3151 natura:
842 3099 912 3151 illi
947 3100 1190 3163 vivitlcze,
1218 3099 1320 3153 hoc
1352 3107 1453 3159 est.
1488 3098 1702 3161 divinae,
1734 3099 1975 3153 miuiute.
2007 3099 2180 3154 Verax

2285 3100 2440 3171 κροί·
2490 3098 2631 3151 κατὰ
2679 3097 2735 3149 δὲ
2778 3096 2874 3166 τὴν
2922 3093 3181 3158 ζωοποιὸν
3230 3090 3410 3163 φύσιν,
3456 3090 3707 3143 τουτέστι
3754 3092 3852 3158 τὴν

613 3189 794 3258 itaque
825 3197 928 3252 est,
963 3191 1087 3241 dum
1119 3198 1176 3242 ut
1217 3189 1354 3243 Deus
1385 3189 1450 3242 de
1480 3189 1676 3258 puella,
1708 3208 1727 3241 ι
1768 3188 1883 3244 Νοιι
1914 3199 1999 3245 est
2029 3206 2179 3245 mor-

616 3288 724 3344 tua,
758 3281 851 3333 sed
884 3280 1102 3345 dormit,
1141 3299 1159 3332 ›
1193 3281 1463 3335 enuntiat.

682 3447 825 3503 idem
884 3466 1002 3504 cum
1070 3449 1328 3519 apostolis
1394 3465 1697 3505 sermonem
1743 3451 2050 3515 conferens,
2104 3454 2185 3506 ita

614 3541 793 3596 aiebat
821 3559 835 3596 :
861 3559 877 3592 ι
911 3542 1041 3607 Quis
1070 3541 1244 3611 major
1278 3552 1380 3605 est,
1416 3542 1505 3611 qui
1537 3545 1823 3606 recumbit,
1856 3560 1922 3597 an
1959 3546 2048 3613 qui
2078 3546 2176 3598 mi-

617 3633 836 3697 nistrat;
868 3638 1045 3687 ttouue
1091 3635 1182 3703 qui
1244 3634 1545 3687 recumbit?
1576 3632 1680 3701 91
1736 3634 1844 3703 Ego
1898 3646 2073 3688 autem
2128 3638 2181 3687 iu

617 3725 793 3777 medio
821 3724 986 3778 vestri
1041 3740 1160 3777 sum
1207 3736 1461 3793 tanquam
1500 3729 1589 3792 qui
1624 3725 1981 3778 ministrat“.
2018 3743 2036 3774 ι
2073 3724 2181 3777 Οὸο

617 3830 792 3877 servn,
814 3822 871 3869 ut
915 3816 1058 3884 quod
1100 3815 1291 3869 attinet
1346 3813 1414 3868 ad
1468 3813 1749 3879 deitatem,
1787 3812 2186 3880 Douiiuicwque

618 3906 801 3975 gloriae
831 3909 1191 3976 maiestatem,
1227 3908 1278 3960 iu
1315 3906 1697 3960 ministrorum
1723 3905 1914 3959 ordine
1947 3903 2183 3965 censeri,

622 4006 829 4053 tantum
892 4013 997 4052 non
1051 4006 1353 4062 aversetur,
1408 4006 1743 4065 recusetque.
1796 3995 2182 4049 Verumtamen

622 4100 838 4157 propter
889 4090 1175 4144 humanam
1218 4099 1466 4142 naturam
1519 4090 1880 4143 ministerium
1926 4088 2181 4141 admittit.

621 4180 707 4233 Ait
733 4181 876 4234 enim
906 4198 918 4235 :
957 4198 974 4231 ι
1007 4180 1114 4251 Ego
1148 4182 1198 4235 in
1231 4182 1407 4235 medio
1444 4181 1607 4235 vestri
1658 4196 1775 4234 sum
1809 4189 2063 4247 tanquam
2095 4180 2184 4247 qui

621 4269 911 4326 ministrat.
954 4288 973 4321 ι
1025 4271 1137 4324 Etsi
1178 4286 1305 4338 ergo
1347 4272 1488 4324 inter
1529 4271 1826 4323 ministeria
1880 4270 2021 4322 ultro
2067 4284 2187 4324 sese

620 4359 906 4424 dimiserit,
926 4368 1163 4413 attamen
1187 4370 1245 4413 ut
1274 4360 1556 4422 Dominus,
1579 4362 1949 4428 universaque
1972 4370 2186 4415 creatu-

625 4467 697 4507 r:e
763 4452 1021 4506 famulatu
1082 4453 1401 4517 honoratus,
1457 4463 1514 4506 ut
1570 4452 1739 4519 Deus,
1797 4453 1910 4522 ipse
1967 4463 2050 4509 est
2093 4455 2181 4524 qui
2218 4471 2261 4525 ι)

624 4543 911 4599 recumbit.

697 4654 716 4686 ε
748 4632 907 4690 Jesus
952 4635 1116 4703 igitur
1140 4637 1217 4690 ait
1250 4635 1354 4691 illis
1384 4636 1610 4706 (nempe
1650 4635 1995 4691 sacerdotum
2032 4635 2186 4703 priu-

624 4725 829 4793 cipibus
860 4726 928 4781 ab
959 4727 1048 4780 illo
1084 4727 1403 4781 Christusne
1432 4735 1576 4781 esset
1630 4724 2106 4795 sciscitantibus):
2131 4724 2185 4777 Si

628 4816 775 4869 vobis
801 4816 1011 4881 dixero.
1043 4833 1148 4871 non
1173 4819 1404 4872 credetis
1454 4820 1605 4871 mihi.
1650 4818 1706 4872 Si
1737 4829 1915 4870 autem
1952 4818 2185 4871 interro-

626 4920 844 4972 gat/ero,
880 4923 983 4959 non
1011 4909 1407 4977 respomlebitis
1463 4908 1616 4970 mihi,
1646 4924 1819 4975 neque
1883 4907 2186 4960 dimittetis.

628 4996 699 5049 lix
747 4998 847 5050 hoc
877 5007 1051 5050 autem
1086 5001 1191 5053 erit
1216 4999 1384 5053 Filius
1425 4999 1657 5052 hominis
1692 5001 1889 5051 sedens
1922 5013 1950 5049 ο
1979 4996 2190 5051 dextris

2288 3190 2459 3249 θείαν.
2491 3191 2592 3243 οὐκ
2619 3189 3071 3257 ἀποτεθνήκασιν.
3101 3185 3373 3254 Ἀληθεύει
3408 3184 3514 3254 γὰρ
3540 3183 3618 3246 ώς
3648 3182 3779 3245 Θεὸς
3800 3186 3849 3244 Ρ,

2291 3285 2418 3353 περὶ
2470 3280 2563 3333 τοῦ
2615 3281 2871 3353 κορασίου
2917 3279 3121 3348 λέγων·
3167 3298 3185 3328 ι
3222 3278 3333 3331 υύκ
3376 3276 3678 3339 ἀπέθανεν,
3720 3274 3851 3327 ἀλλὰ

2290 3374 2557 3428 καθεύδει.
2594 3392 2611 3423 ι

2359 3467 2484 3528 Τοῖς
2507 3464 2699 3518 ἑαυτοῦ
2730 3462 2997 3535 μαθηταῖς
3036 3460 3434 3529 διαλεγόμενος,
3455 3457 3661 3527 ἔφασκε
3692 3474 3703 3484 ·
3732 3457 3853 3515 ιΤίς

2294 3557 2493 3629 μείζων
2523 3557 2691 3620 ἐστὶν,
2722 3556 2751 3607 6
2778 3554 3163 3623 ἀνακείμενος,
3199 3551 3233 3619 ἢ
3263 3552 3293 3602 6
3329 3548 3623 3611 διακονῶνς
3660 3548 3797 3615 οὐχὶ
3830 3549 3857 3598 ὸ

2291 3647 2673 3717 uexatus-Ioc;
2717 3642 2859 3712 Ἐγὼ
2884 3642 2940 3695 δὲ
2968 3645 3026 3694 ὲν
3058 3641 3207 3710 μέσῳ
3238 3638 3389 3707 ὑμῶν
3421 3638 3534 3707 ειμι
3577 3635 3652 3698 ὠς
3688 3637 3720 3687 6
3742 3634 3855 3687 δια-

2293 3735 2517 3789 κονῶν.»
2538 3734 2718 3805 Ὁρᾷς,
2744 3733 2913 3795 ὅπως,
2942 3730 3063 3782 ὅσον
3090 3729 3185 3798 μὲν
3206 3722 3338 3798 ἧκεν
3362 3726 3441 3788 είς
3470 3741 3533 3793 γε
3560 3724 3625 3776 τὸ
3645 3725 3714 3793 τῇ
3741 3723 3857 3776 θεά·

2294 3842 2417 3894 τητι
2452 3826 2658 3895 πρέπον
2701 3824 2796 3877 καὶ
2837 3826 2906 3894 τῇ
2936 3818 3058 3889 δόξῃ
3093 3822 3159 3890 τῇ
3204 3820 3535 3889 Δεσποτικῇ,
3572 3818 3857 3887 μονονουχὶ

2295 3915 2389 3967 καὶ
2418 3915 2727 3969 ἀποσείεται
2752 3914 2814 3966 τὸ
2846 3916 2904 3967 ὲν
2928 3912 3175 3966 διακόνου
3202 3909 3438 3964 νοεῖσθαι
3469 3908 3658 3975 erigat;
3700 3909 3849 3978 Τιμᾷ

2293 4007 2351 4060 δὲ
2380 4004 2536 4059 τοῦτο
2569 4006 2655 4058 διὰ
2685 4006 2746 4057 τὸ
2769 4004 3120 4077 ἀνθρώπινον·
3147 4022 3166 4055 ι
3200 4001 3341 4071 Ἐγὼ
3370 4002 3500 4073 γὰρ,
3521 4002 3710 4070 φησιν,
3743 4000 3856 4068 εἰμὶ

2294 4100 2351 4151 ὲν
2382 4096 2533 4167 μέσῳ
2568 4094 2718 4162 ὑμῶν
2756 4095 2831 4158 ὡς
2854 4094 3134 4148 διακονῶν.
3175 4113 3195 4146 ι
3229 4091 3439 4147 Οὐκοῦν
3471 4092 3571 4145 κᾶν
3600 4094 3653 4143 εί
3693 4109 3857 4143 κατα-

2294 4189 2527 4260 ϐέϐηκεν
2554 4186 2610 4237 ὲν
2640 4183 2922 4248 διακόνοις,
2953 4186 3067 4239 ἀλλ’
3088 4181 3182 4239 οὖν
3210 4185 3272 4252 γι
3305 4187 3452 4237 ἐστιν
3486 4182 3649 4243 αὐτὸς
3668 4185 3701 4233 ὸ
3724 4184 3854 4233 ἁνα-

2295 4284 2547 4351 κείμενος
2592 4276 2667 4340 ώς
2706 4277 3001 4347 Δεσπότης,
3062 4278 3157 4331 καὶ
3204 4275 3353 4347 παρὰ
3401 4274 3590 4342 πάσης.
3629 4271 3856 4333 κτίσεως

2295 4370 2709 4440 διακονούμενος
2739 4365 2813 4428 ὼς
2842 4364 2993 4427 Θεός.
3847 4367 3857 4375 “

2375 4651 2391 4683 ι
2427 4625 2591 4684 Εἶπεν
2615 4624 2707 4683 οὖν
2742 4620 2920 4689 α’ύτοίς
2948 4627 2975 4678 ὁ
2999 4624 3230 4695 Χριστὸς
3254 4643 3271 4673 ι
3308 4623 3567 4692 (δηλονότι
3604 4627 3718 4687 τοῖς
3763 4624 3859 4693 ἅρ-

2296 4722 2533 4792 χιερεῦσι
2563 4721 2670 4773 τῶν
2711 4718 2977 4773 Ἰουδαίων
3007 4713 3312 4787 ἐρωτῶσιν·
3361 4733 3377 4763 ι
3403 4713 3464 4764 El
3495 4714 3558 4763 σὺ
3584 4710 3638 4763 εἷ
3666 4714 3695 4763 6
3727 4715 3859 4782 Χριο

2302 4816 2422 4876 στός
2444 4831 2458 4879 ;
2486 4815 2531 4884 ι)
2564 4833 2582 4865 ι
2620 4813 2744 4866 Ἐὰν
2774 4813 2899 4879 ὑμῖν
2926 4808 3088 4874 εἴπω,
3108 4807 3167 4862 ού
3193 4806 3268 4877 μὴ
3290 4802 3614 4873 πιστεύσητε
3637 4820 3650 4833 ·
3683 4806 3779 4856 ἐὰν
3806 4804 3860 4857 δὲ

2296 4907 2575 4976 ἐρωτήσω,
2610 4907 2670 4957 ού
2704 4904 2777 4973 μὴ
2808 4902 3162 4974 ἀποκριθῆτε.
3208 4898 3341 4951 Ἀπὸ
3379 4894 3473 4948 τοῦ
3509 4894 3685 4947 νῦνδὲ
3710 4895 3859 4948 ἔσται

2296 4998 2324 5047 6
2356 4996 2479 5060 Υἱὸς
2503 4995 2597 5049 τοῦ
2627 4995 2913 5067 ἀνθρώπου
2945 4993 3252 5064 καθήμενος
3277 4993 3340 5043 ἐκ
3368 4987 3555 5052 δεξιῶν
3578 4987 3677 5057 τῆς
3705 4988 3862 5043 δυνά·

631 5088 840 5141 virtutis
873 5088 964 5141 Dei
986 5088 1050 5141 “.
1095 5108 1112 5139 ι
1148 5088 1202 5142 Si
1254 5088 1422 5140 Filius
1472 5088 1708 5140 hominis
1761 5090 1911 5140 sedet
1935 5106 1961 5139 ιι
1988 5087 2180 5141 ιιειιτὶε

2301 5104 2443 5156 μεως
2488 5088 2580 5141 τοῦ
2627 5088 2783 5141 Θεοῦ.
2821 5107 2839 5140 ι
2878 5088 2941 5140 El
2981 5086 3213 5155 κάθηται
3261 5085 3323 5134 ὲκ
3353 5079 3540 5145 δεξιῶν
3567 5080 3668 5149 τῆς
3697 5081 3860 5135 δυνά·

629 5177 743 5241 Dei,
784 5178 1057 5247 quomodo
1114 5176 1365 5230 Christus
1408 5192 1617 5230 summo
1655 5177 1745 5230 illo
1781 5176 1973 5229 throno
2028 5178 2190 5231 deco-

630 5277 799 5334 ratos,
830 5276 1129 5338 eademque
1172 5284 1293 5322 cum
1328 5266 1489 5323 Patre
1521 5268 1663 5322 sedis
1696 5268 2017 5321 auctoritate
2054 5282 2192 5334 prae-

698 5428 737 5457 “
776 5428 906 5484 Luc.
943 5443 1057 5490 vlll,
1095 5426 1183 5491 58,
1212 5425 1299 5479 39.
1371 5424 1413 5455 δ’
1450 5426 1577 5480 ibid.
1612 5425 1699 5479 5:2.

1777 5426 1821 5457 ⁸³
1846 5425 2001 5479 Rom.
2040 5442 2145 5490 λιν,
2179 5425 2229 5479 9.

2302 5196 2444 5248 μεως
2475 5180 2569 5233 τοῦ
2598 5180 2730 5233 Θεοῦ
2762 5181 2790 5233 6
2814 5177 2908 5230 τοῦ
2940 5175 3227 5246 ἀνθρώπου
3253 5172 3401 5234 Υῑὸς,
3434 5169 3551 5234 πῶς
3574 5172 3636 5224 ού
3666 5172 3796 5235 Θεὸς
3836 5174 3863 5221 ι

2301 5268 2552 5337 Χριστὸς,
2586 5272 2698 5331 τοῖς
2733 5266 2991 5321 ἀνωτάτω
3025 5262 3219 5323 θώκοις
3246 5260 3567 5330 ἐμπρέπων,
3606 5261 3702 5315 καὶ
3730 5262 3859 5331 ὁμὸν

2308 5426 2353 5455 “
2386 5425 2516 5485 Luc.
2546 5444 2680 5493 uti,
2703 5424 2793 5480 27.
2874 5426 2914 5456 ιδ
2949 5423 3074 5477 ibid.
3113 5420 3200 5487 67.
3238 5420 3321 5475 69-

1686 5582 1854 5639 νοτίιε
1886 5585 2142 5641 lectiones
2166 5584 2365 5642 codicis
2395 5584 2747 5657 Seguieriuui.

714 5732 734 5757 θ
774 5725 1052 5793 ἐψεύσατο.
1149 5736 1172 5774 P
1208 5723 1488 5791 τοιγαροῦν
1518 5722 1589 5784 ὡς
1618 5723 1746 5785 θεός
