4056 6334
232 424 369 477 {98!

1329 419 1415 472 DE
1458 418 1680 472 RECTA
1726 417 1880 472 FIDE
1922 419 2012 471 ΔΙ)
2053 417 2371 474 REGINAS.

3331 428 3464 484 l289

230 537 424 607 θρονος
447 534 522 604 τῷ
554 532 761 602 “arpi;
797 534 869 584 Οὐ
897 531 1001 601 γὰρ
1031 529 1334 600 συνεδρεύει
1370 529 1445 600 τῷ
1475 529 1615 584 κατὰ
1640 531 1801 599 φύσιν

1923 531 2072 594 litus,
2106 547 2209 584 non
2233 542 2316 586 est
2347 531 2521 585 Deus?
2554 530 2732 598 Neque
2761 533 2900 584 enim
2935 547 3055 586 cum
3088 549 3215 590 vero
3246 549 3465 594 natura-

231 625 361 696 Θεῷ
392 623 594 694 γενητὴ
641 621 802 691 φύσις
833 621 985 683 ὅλως.
1025 621 1339 692 Συνεδρεύει
1386 619 1441 672 δὲ
1484 623 1510 671 ὁ
1553 620 1678 683 Υἱὸς
1712 619 1802 673 τοῦ

230 717 553 788 ἀνθρώπου,
599 713 724 766 καθ’
753 713 946 766 ἕνωσιν
976 712 1324 784 οῑκονομικὴν
1359 711 1562 782 σαρκὸς
1590 713 1806 779 γεγονό-

229 825 328 871 τος
354 807 446 860 τοῦ
479 809 542 858 ὲκ
567 804 702 858 Θεοῦ
738 804 932 873 φύντος
961 805 1153 874 Λόγου.

476 1000 598 1055 Ὀτι
637 1000 746 1071 ζωὴ
781 1001 879 1055 καί
913 1001 1190 1066 (coartauit;
1225 1003 1256 1052 ό
1286 1001 1558 1066 Χριστός.

466 1115 560 1168 Ἐκ
613 1113 724 1185 τῆς
761 1114 910 1184 πρὸς
948 1113 1295 1181 Κορινθίους
1346 1111 1598 1179 πρώτης.

318 1240 343 1274 σ
377 1222 467 1285 Ὦς
506 1223 790 1292 φρονίμοις
831 1222 1000 1289 λέγω·
1034 1223 1255 1289 κρίνατε
1289 1222 1445 1291 ὑμεῖς
1471 1224 1499 1275 ὃ
1526 1241 1700 1295 φημι·
1737 1225 1811 1276 Τδ

237 1314 502 1384 ποτήριον
535 1315 633 1383 τῆς
660 1311 936 1378 εὐλογίας,
962 1310 990 1363 6
1025 1309 1373 1380 εὐλογοῦμεν,
1402 1311 1523 1381 οὐχὶ
1554 1311 1812 1366 κοινωνία

238 1405 366 1457 ἔστὶ
386 1401 480 1458 τοῦ
509 1405 740 1473 αἵματος
763 1400 857 1453 τοῦ
885 1400 1121 1470 Χριστοῦ
1143 1418 1157 1468 ;
1185 1401 1289 1454 Τὸν
1307 1401 1468 1471 ἀρτον
1487 1402 1545 1456 ὃν
1571 1401 1809 1473 κλῶμεν,

236 1497 364 1566 οὐχὶ
395 1495 649 1550 κοινωνία
694 1493 811 1545 toti
839 1490 930 1545 τοῦ
968 1491 1217 1562 σώματος
1253 1493 1345 1546 τοῦ
1379 1492 1647 1563 Χριστοῦ;
1689 1496 1812 1547 Ὀτι

240 1587 324 1655 εἷς
351 1594 533 1663 ἄρτος,
563 1591 619 1656 ἓν
647 1588 807 1658 σῶμά
835 1590 1007 1658 ἐσμεν
1044 1590 1094 1640 oi
1129 1588 1312 1641 πολλοί
1332 1605 1346 1620 ο
1377 1590 1424 1642 οἱ
1458 1591 1568 1660 γὰρ
1614 1590 1812 1655 πάντες

239 1685 309 1736 ἔκ
342 1682 431 1736 τοῦ
466 1683 582 1745 ἑνὸς
621 1681 784 1752 ἄρτου
823 1683 1142 1752 μετέχομεν.
1175 1699 1192 1731 ›
1235 1681 1297 1733 Ἠ
1326 1680 1613 1750 ἀνθρώπου
1655 1679 1809 1753 σὰρξ,

242 1775 371 1827 ὃσον
427 1769 565 1844 ἧκεν
599 1775 680 1835 είς
729 1773 866 1826 ἰδίαν
911 1772 1092 1840 φύσιν.
1144 1771 1244 1825 οὐκ
1289 1772 1355 1825 ἂν
1398 1770 1484 1840 εἴη
1523 1769 1809 1835 (mortem:

245 1863 365 1916 ἀλλ’
405 1864 525 1916 οὐδὲ
552 1864 612 1916 τὸ
643 1859 784 1934 αἷμα
812 1863 871 1916 τὺ
905 1860 1266 1932 ἀνθρώπινον,
1297 1863 1344 1913 εἰ
1373 1862 1552 1914 κοινὸν
1597 1863 1681 1933 εἴη
1720 1862 1814 1916 καὶ

242 1953 369 2007 καθ’
413 1954 602 2007 ἑαυτό·
638 1954 893 2018 ζωοποιεῖ
921 1954 976 2006 δὲ
1004 1955 1065 2007 τὸ
1107 1954 1264 2024 σῶμα
1293 1954 1385 2007 τοῦ
1425 1954 1685 2026 Χριστοῦ,
1720 1957 1813 2009 καὶ

241 2044 308 2096 τὸ
343 2044 518 2114 τίμιον
545 2039 684 2114 αἷμα
704 2086 718 2109 ,
744 2045 1047 2115 πρέποντος
1083 2045 1227 2115 μόνῳ
1259 2045 1378 2114 Θεῷ
1410 2046 1502 2098 τοῦ
1530 2044 1813 2108 ζωοποιεῖν

241 2135 502 2190 δύνασθαι
536 2137 595 2189 τὸ
628 2129 770 2204 ζωῆς
802 2135 1027 2198 ὲπιδεές.
1077 2135 1208 2198 Θεὸς
1253 2131 1346 2189 οῦν
1395 2136 1501 2206 ἀρα
1544 2137 1813 2209 Χριστός⁶

241 2227 391 2280 οὕτω
417 2229 525 2297 γὰρ
556 2227 706 2280 ἔσται
737 2225 998 2289 ζωοποιὸν
1025 2226 1085 2279 τὸ
1119 2227 1277 2296 σῶμα
1318 2228 1505 2284 αὑτοῦ.
1541 2230 1601 2282 Ei
1635 2229 1691 2282 δὲ
1724 2229 1816 2284 ἀν-

246 2317 464 2384 θρωπος
513 2316 614 2370 ἀνά
671 2315 836 2386 μέρος
888 2319 1084 2368 νοεῖται
1151 2316 1286 2387 μόνῃ
1332 2320 1394 2386 τῇ
1443 2317 1536 2370 τοῦ
1581 2319 1816 2389 Χριστοῦ

244 2406 440 2475 κλήσει
488 2407 888 2478 τετιμημένος,
949 2408 1046 2459 καὶ
1095 2408 1299 2477 γυμνὸν
1351 2408 1478 2461 Υίοῦ
1527 2410 1814 2479 πρόσωπον

244 2497 406 2566 ἔχων,
437 2496 550 2559 πῶς
582 2495 646 2549 ἂν
677 2493 761 2565 εἴη
796 2493 1059 2559 ζωοποιὸν
1089 2493 1148 2546 τὸ
1178 2495 1335 2565 σῶμα
1368 2495 1563 2555 αὐτοῦς

1913 621 2055 690 lique
2098 621 2204 675 Deo
2265 623 2584 689 produt-tilia
2629 631 2816 673 natura
2866 624 3144 680 considere
3180 626 3469 697 aliquando

1910 719 2104 779 potest.
2145 709 2402 763 Considet
2428 719 2605 762 autem
2638 724 2761 762 cum
2797 725 2863 763 eo
2884 711 3052 767 Filius
3074 715 3327 782 hominis,
3374 718 3465 774 Dei

1911 801 2162 854 nimirum
2201 799 2375 853 Verbo
2419 799 2711 854 secundum
2764 801 2977 857 unionis
3011 804 3468 873 dispensationem

1911 890 2207 944 incarnato.

2189 1002 2339 1066 Quod
2363 999 2604 1053 Christus
2640 1012 2712 1054 est
2737 1002 2840 1054 vita
2874 1011 2920 1054 et
2945 1002 3198 1071 uiuiﬁcus.

2342 1113 2425 1168 Ea:
2449 1114 2612 1179 priori
2638 1113 2705 1165 ad
2733 1111 3051 1168 Corinthios.

1988 1248 2004 1277 ι
2043 1226 2109 1281 Ut
2140 1225 2492 1292 prudentibus
2521 1223 2752 1292 loquor:
2787 1237 2880 1278 vos
2922 1224 3024 1293 ipsi
3055 1225 3289 1293 indicate
3326 1236 3470 1300 quod

1911 1319 2052 1372 dico.
2081 1317 2233 1372 Calix
2284 1315 2699 1395 benedictionis,
2725 1315 2811 1367 cui
2867 1315 3260 1383 benedicimus,
3297 1337 3476 1382 n0nne

1912 1407 2330 1465 communicatio
2355 1407 2631 1476 sanguinis
2662 1405 2864 1460 Christi
2903 1405 3028 1459 est?
3055 1416 3109 1461 et
3143 1411 3293 1476 panis
3317 1428 3474 1484 quem

1915 1498 2234 1567 frangimus,
2267 1512 2446 1550 nonne
2467 1497 2816 1566 participatio
2847 1495 3090 1564 corporis
3126 1498 3330 1557 Domini
3361 1510 3479 1561 est?

1914 1591 2173 1657 Quoniam
2209 1606 2350 1644 unus
2373 1588 2548 1659 panis,
2579 1599 2631 1642 ct
2655 1604 2815 1640 unum
2847 1603 3042 1656 corpus
3072 1589 3220 1643 multi
3247 1608 3431 1651 sumus
3461 1617 3475 1652 :

1916 1697 2038 1736 nam
2078 1696 2264 1736 omnes
2296 1682 2361 1735 de
2415 1697 2519 1734 uno
2573 1695 2710 1750 pane
2754 1680 3139 1749 participamus
3167 1682 3235 1737 ⁸⁸.
3265 1704 3282 1736 ι
3339 1687 3479 1745 (ζειν-ο

1916 1773 2172 1837 hominis,
2206 1773 2346 1842 quod
2384 1774 2598 1840 quidem
2623 1774 2686 1824 ad
2729 1774 3003 1840 propriam
3054 1782 3300 1829 natttram
3338 1777 3480 1836 illius

1846 1899 1888 1954 Β
1917 1874 2146 1931 spectat,
2185 1875 2524 1931 nequaquam
2571 1859 2827 1915 viviﬁcat.
2863 1859 2968 1914 Sed
3027 1877 3199 1929 neque
3250 1867 3482 1937 vulgaris

1919 1969 2135 2023 quoque
2193 1954 2427 2006 hominis
2475 1953 2692 2020 sanguis
2747 1950 2910 2004 ullam
2962 1952 3182 2006 omnino
3230 1971 3324 2021 per
3345 1973 3401 2012 se
3429 1969 3483 2014 et

1919 2048 2211 2100 secundum
2256 2060 2315 2098 se
2344 2042 2649 2097 vivificandi
2683 2044 2789 2096 vim
2830 2043 3016 2097 habet.
3044 2044 3205 2112 Atqui
3239 2062 3358 2100 cum
3383 2051 3481 2106 soli

1923 2136 2028 2190 Dco
2062 2135 2348 2188 conveniat
2383 2135 2551 2188 vit-am
2595 2133 2667 2187 illi
2705 2135 2993 2202 impertiri,
3040 2134 3181 2202 quod
3219 2137 3340 2190 vitae
3371 2140 3480 2206 spi-

1921 2226 2023 2277 ritu
2047 2223 2393 2288 destituitur;
2425 2238 2622 2291 corpus
2656 2231 2836 2276 autem
2864 2222 3088 2286 Christi,
3118 2232 3171 2276 et
3218 2227 3484 2291 pretiosus

1917 2313 2058 2366 illius
2113 2314 2332 2382 sanguis
2376 2313 2648 2366 viviﬁceut
2687 2330 2700 2364 :
2737 2314 2820 2366 cui
2857 2312 3078 2367 dubium
3112 2327 3231 2366 esse
3273 2325 3482 2392 potest,

1917 2407 2045 2476 quin
2077 2403 2220 2460 Deus
2252 2405 2619 2460 sitChristus?
2649 2405 2784 2458 llinc
2824 2419 3057 2474 namque
3087 2418 3284 2472 corpus
3327 2408 3500 2480 habet

1920 2508 1971 2548 ut
2007 2496 2076 2548 sit
2107 2495 2397 2549 vivificum.
2424 2495 2573 2560 Quod
2611 2497 2654 2548 si
2683 2494 2916 2548 uthomo
2941 2509 3036 2563 per
3060 2509 3119 2548 se
3153 2510 3214 2548 ac
3242 2509 3484 2554 seorsum

250 2595 428 2638 tttcttlc
483 2585 842 2651 cuitcipiatttr,
879 2583 970 2652 qui
1031 2583 1144 2636 sola
1206 2584 1410 2638 Christi
1459 2584 1813 2652 appellatione
1849 2586 2135 2640 decoratus
2161 2585 2250 2651 sit,
2294 2586 2595 2654 orbamque
2621 2585 2762 2640 Filio
2797 2599 3082 2653 personam
3117 2584 3329 2648 habeat,
3356 2601 3488 2655 quo-

248 2675 410 2727 modo
436 2689 630 2741 corpus
663 2673 804 2726 illius
833 2681 1014 2740 posset
1041 2689 1158 2728 esse
1193 2675 1504 2728 vivilicutn?

327 2789 346 2821 ι
389 2770 634 2836 Ἐγένετο
664 2768 691 2820 6
725 2767 940 2838 πρῶτος
978 2767 1258 2838 ἅνθρωπος
1303 2768 1471 2836 ’Λδάμ
1513 2769 1591 2830 εἰς
1637 2768 1815 2838 ψυχὴν

246 2861 459 2924 ζῶσαν·
490 2862 518 2912 6
545 2860 769 2928 ἔσχατος
806 2859 978 2928 Ἀδὰμ
1001 2868 1029 2907 (ι
1073 2861 1150 2920 είς
1191 2859 1412 2928 Πνεῦμα
1443 2858 1762 2922 ζωοποιοῦν.
1794 2878 1812 2909 ι

249 2953 360 3006 Καὶ
390 2951 550 3004 πάλιν
573 2967 584 2980 ·
637 2969 654 3002 ι
698 2950 754 3004 ⁸0
783 2950 999 3020 πρῶτος
1038 2950 1321 3019 ἄνθρωπος
1352 2953 1415 3002 ἐκ
1443 2950 1565 3020 γῆς,
1598 2950 1780 3018 χοϊκός
1802 2967 1814 2980 ο

244 3046 276 3095 ὁ
304 3041 552 3112 δεύτερος
584 3041 866 3111 ἄνθρωπος
891 3080 905 3104 ,
953 3042 981 3092 6
1024 3040 1224 3111 Κύριος
1268 3040 1325 3105 ἐξ
1354 3041 1601 3112 ούρανοῦ.
1639 3035 1762 3103 Οἷος
1789 3041 1817 3092 6
1845 3079 1886 3135 ϐ

245 3131 454 3200 χοϊκός,
483 3130 712 3184 τοιοῦτοι
743 3131 835 3184 καὶ
861 3132 907 3182 oi
935 3131 1134 3200 χοϊκοί·
1161 3132 1251 3183 καὶ
1277 3127 1388 3193 οἷος
1416 3135 1443 3184 6
1471 3133 1827 3202 trroupo'mog,

242 3221 482 3275 τοιοῦτοι
519 3221 610 3274 καὶ
653 3221 703 3272 οἱ
731 3221 1063 3289 ἐπουράνιοι.
1101 3223 1211 3275 Καὶ
1253 3222 1437 3284 καθὼς
1485 3223 1818 3292 ὲφορέσαμεν

245 3314 350 3385 τὴν
393 3312 577 3366 εἰκόνα
615 3310 707 3364 τοῦ
748 3310 958 3381 χοϊκοῦ,
1008 3313 1329 3382 φορέσωμεν
1371 3312 1464 3365 καὶ
1499 3314 1596 3381 τὴν
1629 3312 1810 3364 είκόνα

245 3406 346 3459 τοῦ
391 3405 732 3474 ἐπουρανίου.
770 3402 938 3456 Τοῦτο
971 3404 1027 3457 δέ
1061 3422 1236 3475 φημι,
1272 3403 1524 3470 ἀδελφοὶ,
1567 3404 1648 3455 ὅτι
1685 3402 1820 3473 σὰρξ

248 3495 348 3548 καὶ
377 3491 516 3564 αἷμα
553 3493 828 3564 βασιλείαν
857 3491 993 3544 Θεοῦ
1023 3492 1426 3564 κληρονομῆσαι
1453 3492 1510 3543 οὐ
1544 3490 1820 3550 δύνανται,

247 3586 374 3638 οὐδὲ
423 3587 456 3655 ή
509 3586 682 3656 φθορά
729 3587 827 3656 τὴν
865 3585 1172 3657 ἀφθαρσίαν
1207 3584 1545 3655 κληρονομεῖ.
1583 3603 1605 3633 ›
1649 3584 1824 3652 Προσ-

249 3676 452 3742 επάγει
501 3676 557 3728 δὲ
604 3675 847 3740 τούτοις,
878 3678 959 3730 ὅτι
1014 3696 1034 3727 ι
1065 3676 1353 3738 Σαλπίσει,
1405 3675 1499 3727 καὶ
1547 3676 1594 3726 οξ
1642 3673 1824 3743 νεκροὶ

252 3766 642 3836 ἐγερθήσονται
689 3765 992 3837 ἄφθαρτοι,
1037 3767 1133 3820 καὶ
1171 3769 1332 3834 ἡμεῖς
1381 3765 1818 3834 ἀλλαγησόμεθα.

251 3859 349 3911 Δεῖ
385 3855 492 3928 γὰρ
542 3857 602 3908 τὸ
649 3855 885 3926 φθαρτὸν
919 3857 1075 3909 τοῦτο
1120 3856 1437 3908 ἐνδύσασθαι
1474 3856 1570 3922 τὴν
1614 3855 1826 3925 ἀφθαρ-

256 3949 509 4013 σίαν,κα“ι
532 3949 592 4002 τὸ
615 3947 804 4018 θνητὸν
821 3947 977 4000 τοῦτο
1001 3946 1326 4002 ἐνδύσασθαι
1351 3945 1449 4015 τὴν
1473 3945 1822 3999 ἀθανασίαν.»

252 4043 352 4105 Et;
397 4041 571 4112 ψυχὴν
621 4041 799 4105 ζῶσαν
859 4043 887 4097 6
945 4040 1159 4110 πρῶτος
1219 4037 1502 4108 ἄνθρωπος
1567 4037 1824 4104 γέγονεν’

261 4136 433 4189 ἐδεῖτο
456 4135 587 4206 γὰρ,
609 4135 685 4198 ὡς
712 4134 941 4205 ποίημα,
974 4132 1067 4185 τοῦ
1098 4129 1484 4195 ζωοποιοῦντος
1509 4128 1665 4182 Θεοῦ.
1691 4130 1750 4181 Ὀ
1773 4127 1828 4181 δέ

255 4244 322 4296 γε
351 4226 578 4296 ἔσχατος
613 4225 807 4296 Ἀδὰμ,
839 4223 1088 4278 τουτέστι
1122 4223 1374 4293 Χριστὸς,
1428 4221 1512 4273 ὃτι
1557 4220 1630 4290 μὴ
1662 4219 1829 4272 ἐδεῖτο

256 4318 406 4389 ζωῆς
432 4318 506 4381 ὡς
535 4318 688 4381 Θεὸς,
720 4315 946 4386 Πνεῦμα
969 4315 1189 4384 γέγονεν
1216 4314 1293 4375 είς
1324 4314 1468 4383 ἡμᾶς
1499 4309 1793 4374 ζωοποιοῦν
1811 4325 1826 4340 ο

1989 2769 2097 2838 92
2136 2789 2151 2820 ι
2196 2769 2390 2823 Factus
2424 2777 2506 2822 cst
2532 2770 2736 2837 primus
2785 2770 2945 2822 homo
2979 2769 3147 2822 Adam
3179 2769 3230 2821 in
3257 2772 3486 2829 animam

1921 2862 2210 2920 viventem,
2243 2859 2570 2913 novissimus
2602 2859 2772 2914 Adam
2809 2860 2858 2911 in
2899 2858 3160 2925 Spiritum
3212 2861 3490 2916 vivifican-

1923 2962 2024 3004 tem
2057 2951 2122 3003 ".
2155 2970 2173 3002 ι
2214 2949 2449 3004 Rursum
2486 2969 2498 3003 :
2535 2969 2552 2999 ι
2588 2949 2800 3003 Primus
2827 2951 2986 3003 homo
3029 2954 3095 3004 de
3137 2963 3278 3006 terra
3325 2963 3490 3007 terre-

1922 3058 2042 3107 nus,
2062 3042 2332 3095 secundus
2365 3040 2522 3094 hoino
2555 3038 2813 3094 Dommus
2847 3042 2911 3092 de
2936 3043 3094 3096 cmlo.
3119 3043 3299 3107 Qualis
3329 3053 3491 3099 terre-

1923 3152 2046 3197 nus,
2085 3137 2216 3189 tales
2263 3143 2317 3188 et
2380 3134 2575 3187 terreni
2609 3153 2620 3187 :
2664 3146 2716 3186 et
2745 3137 2915 3200 qltalis
2966 3137 3234 3198 cmlcstis,
3273 3137 3406 3191 tales
3439 3151 3495 3192 et

1921 3227 2192 3281 cmlestes.
2217 3225 2381 3292 igitur
2417 3225 2559 3278 sicut
2594 3225 2924 3292 portavimus
2951 3225 3235 3293 imaginem
3270 3230 3488 3292 terreni,

1922 3325 2199 3386 portemus
2252 3325 2305 3369 et
2361 3315 2648 3385 imaginem
2711 3316 2968 3370 ctelestis.
3003 3315 3115 3369 [loc
3143 3327 3318 3369 autem
3351 3318 3488 3382 dico,

1925 3407 2142 3471 fratres,
2166 3407 2289 3477 quia
2317 3421 2444 3461 caro
2484 3415 2538 3461 et
2567 3407 2788 3472 sanguis
2817 3421 3040 3473 regnum
3078 3406 3169 3461 Dei
3207 3407 3489 3476 possidere

1926 3513 2030 3552 non
2067 3507 2314 3567 possunt,
2345 3511 2520 3565 neque
2551 3497 2832 3565 corruptio
2862 3497 3283 3566 incorruptelam
3316 3501 3490 3568 pOssi-

1925 3588 2072 3642 debit
2101 3585 2166 3638 “.
2193 3605 2215 3637 ι
2243 3583 2537 3654 Subjungit
2587 3584 2796 3652 reliqua
2826 3601 2839 3639 :
2871 3603 2891 3636 ι
2931 3584 3100 3638 Cane:
3153 3585 3297 3638 enim
3337 3587 3491 3650 tuba,

1926 3686 1982 3732 et
2009 3677 2212 3732 mortui
2246 3684 2530 3744 resurgent
2587 3675 2906 3744 incorrupti,
2943 3685 2999 3731 et
3050 3691 3145 3730 nos
3181 3677 3493 3731 immutabi-

1926 3784 2065 3822 mur.
2087 3767 2310 3837 Oportet
2339 3765 2482 3820 enim
2535 3768 2884 3836 corruptibile
2915 3767 3016 3822 hoc
3063 3767 3284 3822 induere
3313 3769 3493 3820 iocor.

1929 3862 2256 3928 ruptionem,
2302 3870 2357 3914 et
2425 3858 2652 3912 mortale
2697 3857 2795 3913 hoc
2833 3859 3058 3912 induere
3118 3857 3496 3914 immortalita-

1929 3950 2126 4003 tem”.
2178 3970 2197 4002 ι
2263 3949 2477 4004 Primus
2545 3951 2704 4003 homo
2768 3948 2946 4002 factus
3005 3957 3087 4002 est
3142 3950 3192 4001 in
3259 3949 3494 4002 animam

1929 4044 2198 4096 viventem
2229 4061 2242 4095 :
2273 4043 2466 4110 egebat
2504 4042 2648 4096 enim
2693 4080 2709 4104 ,
2749 4050 3002 4106 tanquam
3027 4041 3360 4110 ﬁgmentum,
3392 4040 3501 4094 Deo

1931 4131 2260 4189 viviﬁcante.
2312 4132 2379 4185 At
2440 4145 2571 4184 vero
2622 4130 2954 4186 novissimus
3003 4132 3200 4196 Adam,
3263 4131 3363 4184 hoc
3417 4140 3498 4185 est

1931 4225 2200 4288 Christus,
2227 4227 2390 4293 quod,
2423 4235 2480 4280 ut
2505 4226 2664 4290 Deus,
2687 4225 2793 4277 vita
2822 4233 3039 4277 externa
3078 4237 3182 4276 non
3215 4222 3496 4290 indigeret,

1941 4314 2173 4383 Spiritus
2219 4315 2336 4381 fuit,
2363 4316 2452 4385 qui
2508 4316 2672 4369 vitam
2714 4315 2767 4368 in
2811 4329 2908 4370 nos
2961 4313 3304 4367 transfundit.
3337 4314 3497 4382 Atqui

234 4411 398 4480 ¹ὅπερ
447 4409 564 4461 ἐστὶ
595 4407 746 4471 θείας
789 4406 1007 4474 φύσεως
1042 4405 1172 4458 [διον
1207 4404 1603 4473 πλεονέκτημα.
1648 4403 1756 4456 Καὶ
1798 4403 1820 4455 6

1933 4407 2235 4461 vivificand'i
2268 4405 2497 4460 facultas
2538 4409 2753 4476 propria
2800 4415 2886 4460 est
2918 4405 3111 4459 divinae
3139 4415 3343 4457 naturae
3377 4419 3501 4469 pos-

260 4501 361 4572 μὲν
395 4499 608 4570 πρῶτος
639 4500 703 4552 ὲκ
731 4497 866 4568 γῆς,
906 4497 1116 4567 χοϊκός·
1153 4496 1182 4548 6
1215 4493 1464 4566 δεύτερος
1495 4494 1550 4546 δὲ
1578 4493 1636 4559 ἐξ
1663 4493 1821 4563 ούραο

261 4589 378 4654 νοῦ,
425 4590 602 4643 καίτοι
635 4589 918 4660 γεννηθεὶς
965 4587 1050 4641 διὰ
1081 4587 1354 4655 γυναικός.
1396 4586 1456 4638 ’0
1481 4584 1588 4656 γὰρ
1621 4584 1825 4638 ἀνωθεν

259 4673 357 4735 καὶ
390 4681 449 4746 ἐξ
475 4680 704 4752 οὐρανοῦ
731 4723 745 4744 ,
779 4680 874 4733 καὶ
899 4681 963 4732 ἐκ
1006 4679 1140 4733 Θεοῦ
1171 4677 1382 4748 Πατρός
1413 4677 1604 4743 Λόγος,
1640 4675 1744 4729 κᾶν
1776 4677 1825 4728 εί

257 4772 479 4841 γέγονεν
529 4770 812 4840 ἄνθρωπος
837 4811 852 4835 ,
883 4769 996 4822 ἀλλ’
1031 4769 1181 4822 οὐδὲν
1207 4763 1367 4839 ἧττόν
1394 4767 1538 4819 ἐστιν
1569 4765 1627 4832 ἐξ
1661 4766 1826 4835 οὐρα⁸

258 4862 373 4916 νοῦ.
417 4863 528 4916 Καὶ
572 4864 618 4913 εἰ
665 4860 840 4930 φθορᾷ
887 4861 977 4914 καὶ
1023 4859 1239 4929 θανάτῳ
1270 4858 1702 4928 κατεσχημένοι,
1732 4855 1830 4926 τὴν

260 4954 445 5006 εἰκόνα
474 4951 567 5006 τοῦ
597 4950 780 5020 χοϊκοῦ
816 4951 902 5004 διὰ
933 4950 1091 5004 τοῦτο
1127 4950 1352 5020 φορέσαι
1395 4948 1667 5018 λεγόμεθα
1688 4961 1702 4974 °
1733 4948 1830 5017 τὴν

263 5044 571 5115 ἀφθαρσίαν
605 5042 980 5110 ἐνδυσάμενοι,
1016 5044 1113 5112 τὴν
1145 5042 1328 5094 εἰκόνα
1376 5039 1468 5092 τοῦ
1503 5039 1828 5108 ἐπουρανίου

265 5139 588 5208 φορέσομεν.
656 5133 959 5203 ’Λφθαρσέα
1003 5133 1058 5184 δὲ
1105 5133 1264 5184 πάλιν
1303 5131 1441 5183 ’ἴδιον
1485 5132 1687 5198 ἀγαθὸν
1733 5130 1832 5198 τῆς

264 5230 406 5283 κατά
451 5227 611 5295 φύσιν
663 5225 948 5296 θεότητος⁶
988 5224 1345 5277 ἁλλάσσονται
1382 5224 1490 5291 γὰρ
1537 5223 1584 5273 οἱ
1622 5221 1827 5290 νεκροὶ,

260 5322 358 5376 καὶ
387 5321 447 5373 τὸ
470 5318 706 5390 φθαρτὸν
734 5317 1093 5387 ἀμφιέννυται
1126 5317 1223 5387 τὴν
1254 5314 1580 5383 ἀφθαρσίαν,
1615 5313 1830 5381 γεγονό-

328 5485 373 5514 ⁸⁶
407 5483 570 5536 lCor.
607 5496 675 5544 ι,
715 5478 803 5543 l5,
837 5477 924 5529 i7.

1002 5477 1041 5534 ‘.'
1073 5476 1086 5529 Ι
1123 5475 1246 5531 Cor.
1284 5492 1373 5538 κν,
1408 5477 1496 5532 45.
1577 5478 1619 5508 ιδ
1649 5475 1777 5530 ibid.
1816 5477 1906 5541 47,
1939 5476 2028 5530 50.

1931 4499 2122 4552 sessio.
2157 4497 2223 4550 Et
2253 4500 2464 4567 primus
2487 4498 2701 4564 quidem
2731 4497 2890 4549 homo
2918 4496 2985 4549 de
3018 4505 3160 4549 terra
3193 4505 3311 4548 erat
3333 4506 3475 4549 terre

1933 4601 2036 4639 nus
2065 4602 2081 4641 :
2110 4585 2378 4640 secundus
2404 4594 2580 4636 autem
2608 4584 2732 4636 licet
2766 4599 2829 4636 ea
2861 4581 3087 4636 muliere
3109 4591 3284 4634 ortum
3323 4583 3502 4635 trahe-

1935 4687 2038 4738 ret,
2063 4677 2128 4729 de
2155 4676 2295 4730 caelo
2325 4683 2569 4728 venerat.
2604 4673 2862 4740 Quamvis
2890 4675 3035 4726 enim
3077 4671 3329 4737 Verbum,
3358 4675 3500 4742 quod

1936 4767 2000 4820 de
2029 4767 2300 4834 supernis,
2337 4767 2439 4820 hoc
2470 4774 2555 4820 est
2580 4765 2647 4819 de
2683 4765 2822 4820 ctelo
2857 4774 2960 4827 est,
2997 4773 3050 4817 et
3080 4779 3145 4818 ex
3189 4762 3299 4817 Deo
3345 4763 3504 4817 Patre

1938 4867 2121 4910 natum
2159 4866 2263 4920 cst,
2299 4857 2460 4911 homo
2511 4853 2686 4910 factus
2736 4857 2841 4921 sit,
2876 4855 3044 4910 nihilo
3093 4863 3278 4908 tamen.
3327 4856 3507 4908 secius

1938 4950 2004 5002 dc
2050 4949 2186 5003 caelo
2233 4959 2337 5002 est.
2387 4948 2618 5003 itursmn
2656 4950 2754 5012 uti,
2791 4947 3153 5016 corruptionis
3197 4955 3251 5000 et
3316 4945 3507 5000 mortis

1941 5038 2166 5090 vinculis
2191 5037 2491 5102 constricti,
2517 5036 2718 5090 terreni
2765 5037 3056 5105 imaginem
3093 5044 3403 5105 gestamus;
3434 5036 3504 5089 ita

1941 5128 2399 5198 incorruptionem
2427 5129 2536 5195 jam
2570 5129 2763 5194 induti,
2796 5128 3034 5181 celestis
3069 5127 3355 5196 imaginem
3393 5142 3509 5194 por-

1943 5223 2196 5274 tabimus.
2253 5220 2409 5286 Atqui
2478 5221 2811 5289 incorruptio
2861 5219 3059 5272 bonum
3120 5227 3196 5271 est
3253 5216 3511 5270 naturalis

1943 5312 2240 5365 divinitatis
2267 5305 2560 5380 proprium.
2585 5309 2717 5365 Nam
2749 5312 2942 5366 mortui
2980 5312 3356 5374 immutantur,
3385 5324 3506 5365 cor-

2107 5475 2150 5507 "
2185 5474 2313 5528 ibid.
2349 5473 2436 5536 52,
2467 5474 2577 5529 55»

1322 5628 1494 5684 νει-ἷξε
1525 5627 1781 5683 lectiones
1811 5627 2009 5682 codicis
2045 5625 2403 5696 Seguicriaui.

336 5781 364 5833 tl
393 5771 640 5837 δεύτερος
677 5770 983 5839 ἄνθρωπος.
