4056 6334
592 371 730 423 {283

1611 375 1667 427 S.
1713 374 1984 428 CYRiIJJ
2022 376 2482 432 ALEXANDRINI
2527 382 2840 434 Aittlllllﬂi‘.

3685 393 3830 444 ίὲδι

591 481 945 549 ruptibileque
969 481 1144 536 induit
1169 483 1649 552 incorruptionem,
1673 500 1793 538 cmn
1830 486 2141 554 Unigenitus

2251 508 2342 553 τος
2388 494 2510 546 καθ’
2545 499 2688 568 ἡμᾶς
2714 499 2806 551 τοῦ
2836 498 3204 565 Μονογενοῦς,
3254 502 3342 555 καὶ
3375 501 3738 573 μεθιστάντος
3774 508 3834 558 τὸ

590 575 758 627 nostri
814 572 1006 627 similis
1058 584 1213 630 natus
1263 577 1642 629 mortalitatem
1706 578 2045 630 transtulerit
2097 578 2149 631 in

589 664 1091 730 immortalitatem,
1157 675 1211 719 et
1268 665 1666 732 corruptionem
1733 667 2151 723 tmusl'ormave-

589 756 657 807 rit
710 756 762 807 in
798 756 1246 825 incorruptionem
1282 756 1331 808 in
1383 756 1670 823 semetipso
1705 766 1762 809 et
1805 759 2000 824 primo.
2043 759 2153 814 "ac

584 845 732 899 enim
767 847 976 902 ratione
1008 846 1162 900 nobis
1201 845 1329 914 ipsis
1363 861 1574 914 quoque
1600 848 1683 901 via
1714 848 1778 902 ad
1798 851 1955 906 vitam
1982 851 2151 905 factus

586 948 686 990 est.

955 1050 1037 1104 Ea:
1061 1052 1346 1119 posteriore
1365 1050 1434 1102 ad
1455 1050 1775 1106 Corinthios.

660 1178 679 1211 ι
716 1157 820 1214 Sed
856 1160 955 1228 ipsi
1011 1161 1062 1214 in
1095 1161 1250 1215 nobis
1303 1160 1434 1228 ipsis
1475 1177 1785 1229 responsum
1835 1160 2022 1214 mortis
2053 1161 2116 1214 ba

584 1253 819 1315 buinius,
849 1260 906 1304 ut
940 1267 1043 1306 non
1075 1253 1246 1306 simus
1283 1254 1511 1306 ﬁdentes
1550 1255 1600 1306 in
1625 1253 1798 1315 nobis,
1824 1253 1916 1306 sed
1939 1253 1989 1305 in
2019 1252 2147 1316 Deo,

584 1344 673 1409 qui
717 1344 952 1397 suscitat
1003 1354 1246 1398 mortuos
1278 1345 1344 1398 "°.
1386 1364 1404 1394 ο
1435 1343 1489 1396 Si
1531 1353 1860 1397 mortuorum
1907 1346 2149 1397 exsusci-

583 1436 713 1486 tatio
745 1434 795 1486 in
831 1449 972 1494 eum,
1006 1434 1096 1502 qui
1125 1445 1313 1486 natura
1343 1432 1491 1486 Deus
1524 1444 1631 1492 est.
1672 1435 1904 1487 maxime
1952 1447 2148 1486 conve-

583 1526 683 1588 nit,
721 1536 998 1593 propterea
1029 1525 1171 1592 quod
1203 1525 1352 1578 solus
1388 1525 1490 1575 vita
1531 1524 1598 1577 sit
1635 1534 1688 1576 et
1726 1524 1832 1594 93
1867 1524 2146 1588 vivilicus;

581 1614 828 1668 Christus
878 1626 1063 1667 autem
1119 1616 1575 1668 resurrectionem
1629 1625 1682 1669 et
1727 1617 1892 1667 vitam
1946 1614 2146 1668 diserte

581 1721 701 1759 sese
766 1707 1013 1773 appellat,
1067 1708 1426 1775 eumdemque
1490 1717 1737 1761 mortuos
1781 1707 2147 1761 exsuscitassc

579 1807 727 1850 certo
750 1808 963 1852 constat
995 1813 1008 1850 :
1036 1799 1154 1868 quis
1183 1809 1237 1852 et
1261 1816 1442 1853 verum
1467 1799 1657 1864 Deum,
1686 1811 1740 1854 et
1767 1801 1932 1853 vitam
1952 1813 2141 1853 sccuu-
2175 1824 2219 1882 Β

577 1891 702 1944 dum
737 1899 982 1944 naturam
1013 1906 1135 1944 esse
1175 1891 1443 1958 ambigat?

987 2024 1073 2079 Ea:
1093 2025 1332 2095 Epistula
1365 2027 1431 2078 ad
1470 2025 1740 2080 Ilcbrwos.

651 2153 669 2186 ‹
702 2135 837 2200 Quia
896 2151 1028 2206 ergo
1090 2137 1239 2206 pueri
1296 2137 1833 2190 communicaverunt
1887 2139 2035 2191 carni
2091 2149 2143 2193 et

579 2229 846 2294 sanguini,
880 2237 932 2281 et
985 2229 1099 2290 ipse
1155 2229 1405 2281 similiter
1457 2229 1799 2296 participavit
1857 2229 2144 2291 iisdem,ut

579 2334 670 2383 per
718 2329 943 2371 mortem
982 2319 1288 2371 destrueret
1353 2334 1471 2370 eum
1526 2320 1614 2386 qui
1677 2319 1901 2372 habebat
1956 2322 2144 2374 mortis

577 2411 948 2477 imperium,id
1008 2420 1088 2463 est
1145 2409 1413 2463 diabolum
1438 2410 1504 2462 σῖ.
1535 2430 1552 2461 ›
1614 2407 1790 2478 Eque
1819 2426 1882 2463 ae
1925 2414 2139 2481 nos.qui

576 2500 713 2553 inter
765 2499 901 2554 ﬁlios
944 2499 1037 2553 Dei
1079 2513 1386 2564 censemur,
1418 2502 1602 2554 carnis
1646 2511 1700 2555 et
1740 2503 2015 2572 sanguinis
2052 2505 2139 2558 Dei

575 2588 808 2642 Verbum
861 2590 1136 2659 particeps
1171 2588 1374 2642 factum
1411 2599 1526 2655 est;
1563 2605 1668 2655 quo
1716 2591 1963 2644 nimirum
2016 2609 2132 2660 pro-

576 2679 746 2747 prium
782 2692 977 2747 corpus
1023 2677 1076 2730 in
1126 2689 1351 2731 mortem
1386 2681 1736 2745 contradens,
1768 2681 1936 2747 ipsum
1965 2681 2140 2732 denuo

576 2777 828 2834 tanquam
865 2766 954 2833 qui
988 2775 1174 2833 suapte
1211 2775 1402 2818 natura
1461 2768 1566 2821 vita
1598 2779 1649 2820 et
1705 2769 1840 2821 Deus
1893 2768 2136 2831 exsistat,

576 2859 696 2912 vitm
745 2858 1013 2912 restituat.
1082 2856 1211 2909 Nam
1269 2860 1538 2924 quomodo
1609 2859 1801 2911 mortis
1860 2857 2138 2924 imperium

572 2950 905 3002 destructum
939 2955 1042 3007 est.
1073 2946 1115 2999 si
1149 2961 1344 3014 corpus
1373 2947 1513 3014 quod
1549 2947 1845 3000 secundum
1886 2956 2136 2999 naturam

572 3039 720 3102 vitm,
752 3039 854 3091 hoc
884 3049 969 3091 est
993 3037 1151 3090 Verbi
1193 3037 1309 3102 Dei,
1347 3037 1621 3105 proprium
1658 3037 1866 3100 erat,in
1913 3046 2138 3090 mortem

571 3129 903 3199 prolapsum,
932 3128 1123 3180 iterum
1166 3128 1555 3181 exsuscitatum
1598 3143 1699 3180 non
1735 3127 1860 3181 est?

644 3238 794 3305 Quod
821 3255 954 3292 unus
987 3238 1052 3291 sit
1087 3235 1252 3290 Filius
1277 3249 1325 3290 et
1347 3237 1599 3292 Dominus
1633 3238 1785 3292 Jesus
1810 3224 2066 3292 Christus.

944 3348 1028 3402 Ea:
1053 3350 1220 3416 prima
1242 3343 1503 3402 catholica
1521 3347 1764 3402 Joannis.

645 3479 664 3514 ‹
689 3462 837 3526 Quod
881 3462 980 3516 fuit
1006 3464 1071 3517 ab
1097 3463 1271 3528 initio,
1302 3463 1442 3532 quod
1476 3461 1799 3527 audivimus,
1823 3464 1964 3530 quod
1999 3462 2135 3515 vidi-

571 3567 690 3606 mus
741 3552 915 3606 oculis
976 3553 1197 3616 nostris,
1226 3553 1365 3621 quod
1428 3553 1821 3620 perspeximus.
1859 3563 1911 3605 et
1948 3569 2139 3608 manus

570 3654 768 3696 nostra:
832 3651 1304 3696 contrectaverunt
1362 3643 1426 3696 de
1472 3643 1648 3695 Verbo
1704 3645 1822 3696 vitze
1865 3663 1877 3697 :
1919 3654 1973 3698 et
2027 3648 2133 3698 vita

569 3730 911 3785 manifestata
947 3740 1050 3793 est.
1086 3740 1142 3784 et
1166 3733 1419 3794 vidimus,
1451 3743 1803 3797 ettestamur,
1835 3744 1888 3786 et
1919 3750 2133 3788 annun-

571 3825 765 3877 tiamus
791 3822 942 3876 vobis
959 3823 1122 3874 vitam
1145 3831 1423 3888 aaternam,
1443 3839 1561 3892 quae
1584 3834 1700 3877 erat
1727 3824 1865 3892 apud
1895 3824 2133 3892 Patrem,

566 3929 617 3970 ct
661 3916 907 3986 apparuit
935 3915 1088 3970 nobis
1109 3916 1176 3968 ³⁸.
1212 3934 1230 3966 ι
1263 3914 1342 3968 En
1402 3916 1552 3970 illum
1579 3919 1668 3985 qui
1708 3917 1806 3970 fuit
1848 3919 1915 3972 ab
1958 3920 2131 3986 initio,

565 4008 783 4075 vitaque
816 4015 1036 4070 aeterna,
1072 4007 1174 4060 hoc
1209 4016 1290 4061 est
1323 4006 1413 4061 Dei
1446 4007 1618 4063 Patris
1653 4008 1924 4071 Verbum,
1965 4013 2135 4067 oculis

567 4110 627 4149 se
653 4095 878 4157 vidisse,
901 4095 1258 4162 manibusque
1296 4107 1662 4151 contrectasse
1713 4107 1966 4163 testatur,
2012 4116 2134 4154 cum

568 4197 746 4238 tamen
784 4182 1010 4237 Verbum
1036 4185 1177 4251 quod
1214 4200 1279 4238 ex
1318 4185 1474 4240 Patre
1501 4189 1886 4254 procedit,.sua
1941 4199 2130 4243 natura

565 4285 846 4345 aspectum
876 4276 1064 4345 fugiat.
1110 4276 1363 4344 tangique
1404 4289 1664 4346 nequeat:
1691 4279 1958 4346 siquidem
1993 4282 2134 4349 quod

566 4381 792 4435 corpore
840 4375 1014 4429 vacat,
1051 4365 1104 4419 id
1157 4368 1258 4420 sub
1293 4369 1582 4422 tactionem
1620 4385 1723 4423 non
1769 4370 1931 4423 cadit.
1971 4373 2130 4440 Atqui

564 4454 801 4510 Verbum
843 4456 1182 4510 iucarnatum
1252 4457 1424 4511 oculis
1496 4459 1715 4524 vidisse,
1773 4469 1828 4513 et
1886 4462 2132 4516 inanibus

2260 579 2450 648 θνητὸν
2477 586 2555 648 εἰς
2580 588 2893 648 ἀθανασίαν,
2923 588 3021 639 καὶ
3048 589 3107 640 τὸ
3144 590 3380 661 φθαρτὸν
3405 595 3486 655 εἰς
3511 593 3834 664 ἀφθαρσίαν

2256 671 2313 722 ἐν
2357 673 2534 746 ἑαυτῷ
2579 681 2673 731 καὶ
2719 679 2916 748 πρώτῳ
2957 684 3473 749 μετασκευάζοντος.
3509 685 3666 739 Οὕτω
3717 687 3830 754 γάρ

2255 762 2479 831 γέγονεν
2505 770 2619 833 ὁδὸς
2647 774 2724 832 εἰς
2753 770 2896 840 ζωὴν
2927 772 3020 824 καὶ
3050 774 3180 842 ἡμῖν
3211 778 3410 842 αὐτοῖς.

2595 1052 2687 1104 Ἐκ
2715 1051 2822 1118 τῆς
2851 1052 2997 1120 πρὸς
3029 1056 3373 1125 Κορινθίους
3401 1063 3480 1125 β’.

2331 1178 2348 1209 ι
2373 1161 2535 1214 Ἀλλά
2567 1164 2718 1216 αὐτοὶ
2739 1205 2752 1228 ,
2783 1165 2965 1232 φησὶν,
2996 1165 3051 1217 ἐν
3087 1166 3296 1230 ἑαυτοῖς
3324 1169 3382 1221 τὸ
3403 1172 3681 1247 ἀπόκριμα
3724 1180 3826 1231 τοῦ

2253 1247 2482 1305 Θανάτου
2537 1254 2886 1322 ἐσχήκαμεν,
2933 1254 3018 1306 ἵνα
3065 1255 3137 1325 μὴ
3181 1259 3498 1324 πεποιθότες
3547 1260 3702 1334 ὦμεν
3764 1272 3826 1322 ἐν

2252 1338 2482 1402 ἑαυτοῖς,
2513 1342 2624 1394 ἀλλ’
2650 1343 2740 1393 ἐπὶ
2764 1342 2839 1412 τῷ
2855 1342 2972 1412 Θεῷ
2988 1343 3064 1413 τῷ
3080 1345 3351 1416 ἐγείραντι
3381 1350 3505 1413 τοὺς
3527 1358 3786 1425 νεκρούς.
3802 1379 3822 1408 ι

2250 1431 2313 1482 Ei
2342 1431 2458 1502 Θεῴ
2489 1435 2547 1488 τὸ
2572 1445 2594 1472 τ
2629 1434 2765 1487 κατὰ
2794 1435 2952 1503 φύσιν
2984 1438 3427 1506 πρεπωδέστατον
3453 1439 3590 1499 εἷναί
3628 1464 3826 1516 φαμεν

2248 1522 2308 1574 τὸ
2354 1524 2584 1593 ἐγείρειν
2627 1528 2751 1588 τοὺς
2813 1528 3070 1597 νεκροὺς,
3113 1530 3194 1582 ὅτι
3236 1530 3349 1601 ζωὴ
3404 1534 3494 1586 καὶ
3547 1534 3822 1600 (monesi;

2249 1614 2422 1668 ἐστιν·
2461 1617 2562 1685 ἔφη
2588 1617 2642 1670 δὲ
2671 1619 2902 1688 Χριστός
2925 1634 2937 1647 ’
2975 1639 2991 1669 ι
3018 1620 3158 1688 Ἐγώ
3188 1623 3305 1692 εἰμι
3340 1627 3372 1695 ἡ
3399 1627 3688 1689 ἀνάστασις
3719 1635 3823 1681 καὶ

2248 1709 2280 1777 ἡ
2309 1708 2418 1778 ζωή
2449 1725 2460 1738 ·
2498 1728 2514 1758 ι
2549 1710 2791 1776 φαίνεται
2825 1709 2881 1762 δὲ
2918 1712 3010 1764 καὶ
3043 1713 3360 1782 ἐγηγερκὼς
3385 1718 3508 1781 τοὺς
3548 1720 3816 1788 νεκρούς·

2247 1800 2379 1862 Θεὸς
2412 1801 2516 1872 ἄρα
2543 1800 2708 1864 ἐστὶν,
2735 1801 2807 1864 ὡς
2842 1801 2952 1871 ζωὴ
2989 1804 3126 1855 κατά
3158 1804 3339 1870 φύσιν.

2636 2026 2732 2078 Ἐκ
2767 2027 2876 2094 τῆς
2913 2028 3062 2096 πρὸς
3095 2031 3419 2100 Ἐϐραίους.

2320 2157 2336 2188 ι
2363 2138 2511 2190 Ἐπεὶ
2553 2135 2644 2191 οὖν
2694 2140 3055 2210 κεκοινώνηκε
3101 2145 3168 2198 τά
3213 2149 3396 2201 παιδξα
3450 2151 3679 2218 αἵματος
3712 2159 3811 2210 καὶ

2247 2229 2462 2299 σαρκὸς,
2491 2231 2583 2283 καὶ
2610 2232 2773 2296 αὐτὸς
2801 2235 3198 2303 παραπλησίως
3223 2242 3452 2313 μετέσχε
3477 2245 3584 2296 τῶν
3601 2247 3808 2300 αὐτῶνθ

2245 2319 2330 2370 ἵνα
2355 2319 2439 2371 διὰ
2461 2319 2552 2372 τοῦ
2583 2323 2812 2375 Θανάτου
2845 2327 3169 2397 καταργήσῃ
3198 2330 3286 2382 τὸν
3313 2334 3369 2386 τὸ
3391 2337 3589 2401 κράτος
3614 2338 3809 2408 ἔχοντα

2242 2407 2334 2460 τοῦ
2366 2408 2616 2472 Θανάτου,
2646 2413 2890 2465 τουτέστι
2921 2415 3009 2467 τὸν
3034 2416 3300 2474 διάϐολον.
3339 2442 3356 2472 ι
3401 2407 3810 2498 Παραπλησίως

2244 2501 2373 2567 ἡμῖν
2399 2503 2508 2562 τοῖς
2535 2502 2591 2552 ἐν
2621 2503 2830 2565 τέκνοις
2856 2503 2988 2557 Θεοῦ
3025 2512 3380 2580 τεταγμένοις
3409 2521 3810 2588 κεκοινώνηκεν

2243 2594 2470 2660 αἵματος
2501 2598 2589 2648 καὶ
2617 2599 2814 2668 σαρκὸς
2841 2601 2868 2651 ό
2898 2601 2960 2652 ἐκ
2987 2602 3118 2654 Θεοῦ
3155 2606 3345 2672 Λόγος,
3377 2610 3462 2661 ἵνα
3491 2611 3566 2678 τῷ
3596 2612 3807 2680 θανάτῳ

2241 2683 2299 2734 τὸ
2346 2684 2472 2736 ἴδιον
2517 2687 2675 2756 σῶμα
2726 2690 2869 2754 δοὺς,
2921 2689 3231 2765 ζωοποιήσῃ
3284 2697 3442 2749 πάλιν
3487 2701 3636 2766 αὐτὸ,
3694 2703 3806 2773 ζωὴ

2242 2775 2384 2827 κατὰ
2413 2776 2573 2844 φύσιν
2606 2780 2882 2851 ὑπάρχων,
2910 2784 2985 2847 ὡς
3010 2785 3352 2846 Θεό;.·Ἐπεὶ
3387 2790 3502 2855 πῶς
3529 2796 3807 2864 κατήργη-

2239 2882 2330 2917 ται
2361 2867 2453 2917 τοῦ
2483 2867 2713 2921 θανάτου
2748 2874 2807 2923 τὸ
2837 2874 3062 2943 κράτος,
3098 2875 3162 2928 ἂν
3196 2878 3269 2948 μὴ
3307 2879 3367 2930 τὸ
3396 2882 3559 2933 πεσὸν
3591 2887 3668 2945 εἰς
3706 2884 3792 2937 θάς

2240 2973 2396 3008 νατον
2436 2958 2633 3012 ἀνεϐίω
2661 2961 2838 3030 σῶμα,
2884 2965 3012 3017 ἴδιον
3043 2965 3099 3018 ὃν
3130 2969 3230 3037 τῆς
3259 2971 3401 3023 κατὰ
3443 2973 3605 3040 φύσιν
3633 2974 3802 3043 ζωῆς,

2240 3048 2484 3102 τουτέστι
2514 3049 2604 3102 τοῦ
2628 3054 2690 3104 ἐκ
2720 3053 2852 3106 Θεοῦ
2885 3055 3035 3120 ὄντος
3066 3058 3238 3127 Λόγου
3261 3075 3274 3087 ’

2337 3250 2457 3302 Ὅτι
2477 3246 2563 3313 εἷς
2591 3254 2622 3304 ὀ
2661 3252 2790 3318 Υἱὸς
2818 3254 2912 3306 καὶ
2943 3257 3156 3324 Κύριος
3187 3260 3416 3328 Ἰησοῦς
3444 3263 3718 3328 Χριστός.

2258 3359 2463 3427 Έκτῆς
2492 3362 2769 3417 Ἰωάννου
2803 3365 3165 3435 Ἐπιστολῆς
3197 3370 3431 3439 πρώτης
3459 3375 3803 3443 κωολικῆς.

2318 3487 2334 3518 t
2373 3473 2436 3522 Ὃ
2474 3467 2542 3540 ἦν
2584 3473 2676 3523 ἀπ’
2714 3474 2903 3543 ἀρχῆς,
2950 3475 2977 3528 ὖ
3022 3478 3358 3548 ἀκηκόαμεν,
3404 3483 3429 3534 ὃ
3478 3482 3806 3554 ἑωράκαμεν

2239 3560 2350 3620 τοῖς
2397 3559 2693 3630 ὀφθαλμοῖς
2720 3564 2907 3631 ἡμῶν,
2943 3565 2970 3616 ὃ
3000 3566 3340 3639 ἐθεασάμεθα
3365 3610 3378 3634 ,
3409 3576 3501 3625 καὶ
3534 3577 3592 3626 αἱ
3624 3581 3805 3648 χεῖρες

2241 3649 2395 3716 ἡμῶν
2429 3651 2781 3722 ἐψηλάφησαν
2808 3657 2932 3725 περὶ
2964 3657 3058 3709 τοῦ
3090 3660 3260 3726 Λόγου
3290 3663 3390 3730 τῆς
3423 3663 3564 3736 ζωῆς
3586 3686 3598 3697 ·
3641 3671 3739 3727 καὶ
3772 3672 3797 3720 i

2239 3737 2351 3831 ζωὴ
2391 3742 2728 3814 ἐφανερώθη,
2763 3748 2855 3800 καὶ
2886 3749 3227 3820 ἑωράκαμεν,
3261 3755 3355 3806 καὶ
3397 3760 3801 3831 μαρτυροῦμεν,

2238 3830 2333 3922 καὶ
2380 3833 2793 3906 ἀπαγγέλλομεν
2826 3839 2954 3908 ὑμῖν
2983 3840 3128 3912 ζωὴν
3161 3845 3258 3913 τὴν
3299 3847 3534 3914 αἰώνιον,
3584 3853 3706 3920 ἣτις
3743 3851 3803 3922 ἦν

2237 3921 2372 3991 πρὸς
2394 3923 2484 3975 τὸν
2530 3926 2765 3996 Πατέρα,
2827 3932 2919 3982 καὶ
2951 3933 3265 4004 ἐφανερώθη
3305 3938 3452 4005 ἡμῖν.
3492 3959 3508 3989 ι
3551 3942 3682 3994 Ἰδοὺ
3716 3921 3802 3996 τδν

2235 4009 2362 4060 ὄντα
2390 4012 2488 4062 ἀπ’
2514 4015 2708 4082 ἀρχῆς,
2743 4018 2985 4070 τουτέστι
3024 4020 3115 4072 τὸν
3146 4024 3210 4073 ἐκ
3240 4023 3330 4075 τοῦ
3361 4027 3571 4096 Πατρὸς
3605 4032 3800 4099 Λόγον.

2236 4101 2332 4168 τὴν
2368 4101 2511 4171 ζωὴν
2541 4105 2637 4173 τὴν
2670 4105 2885 4160 αἰώνιον
2933 4111 3235 4180 ἑωρακέναι
3287 4116 3421 4184 φησὶ
3459 4123 3569 4181 τοῖς
3603 4123 3803 4189 ὀφθαλ-

2239 4194 2377 4259 μοῖς,
2425 4194 2516 4244 καὶ
2563 4196 2667 4264 μὴν
2716 4198 2808 4249 καὶ
2852 4200 3006 4269 χερσὶ
3039 4201 3388 4274 ψηλαφῆσαι·
3447 4209 3624 4262 καίτοι
3664 4217 3802 4267 κατὰ

2237 4281 2395 4347 φύσιν
2431 4285 2564 4336 ἰδίαν
2591 4287 2682 4338 τοῦ
2712 4288 2773 4341 ἐκ
2796 4288 2888 4341 τοῦ
2912 4293 3116 4362 [ἰατρὸς
3133 4293 3280 4358 ὄντος
3299 4298 3493 4365 Λόγου,
3523 4301 3618 4353 καὶ
3653 4305 3802 4371 ὄντος

2236 4375 2468 4442 ἀοράτου
2519 4379 2610 4430 καλ⁵
2651 4381 2923 4450 ἀναφοῦς·
2969 4386 3178 4454 ἀναφὲς
3219 4389 3326 4459 γάρ
3385 4393 3444 4444 τὸ
3487 4394 3797 4464 ἀσώματον.

2247 4465 2386 4516 Ἀλλ’
2415 4471 2470 4520 ἐν
2504 4471 2666 4538 σαρκὶ
2694 4474 2950 4540 γεγονότα
2976 4475 3066 4528 τὸν
3096 4478 3266 4544 Λόγον
3289 4482 3587 4550 ἑωρακέναι
3622 4505 3680 4540 τε
3710 4490 3799 4543 καὶ

564 4555 930 4601 contrectasse
960 4561 1019 4600 se
1045 4547 1138 4599 ait.
1159 4548 1333 4612 Quare
1367 4549 1489 4602 licet
1519 4551 1747 4604 Verbum
1771 4566 1898 4605 caro
1929 4553 2127 4607 factum

2243 4555 2551 4628 φηλαφῆσαξ
2585 4579 2765 4629 φησιν.
2809 4560 2902 4628 Εἷς
2934 4563 3025 4618 οὖν
3056 4568 3160 4637 ἄρα
3194 4572 3341 4624 ἐστὶν
3368 4547 3502 4638 -Υἱὸς
3531 4579 3626 4630 καὶ
3671 4581 3799 4645 Θεὸς

564 4646 668 4700 est,
695 4651 834 4691 unus
881 4644 1060 4690 tamen
1112 4647 1193 4691 est
1235 4636 1428 4704 Filius,
1455 4653 1592 4694 unus
1642 4639 1804 4704 Deus,
1832 4657 1969 4695 unus
2021 4643 2129 4696 Do-

566 4742 762 4782 lllllllIS.

560 4838 671 4912 94
714 4839 863 4904 Quod
918 4840 1046 4908 ﬁdes
1103 4842 1297 4963 tendab
1347 4844 1400 4895 in
1447 4842 1733 4906 Christum,
1785 4858 2032 4914 tauquam
2077 4848 2128 4900 in

1301 4929 1437 4963 eum.

1301 4929 1437 4965 eum.
1893 4925 1896 4928 ’

981 5021 1064 5075 Ex.
1087 5025 1250 5092 priori
1281 5023 1519 5093 Epistolis
1544 5027 1707 5083 Petri.

637 5149 654 5181 ι
694 5131 786 5197 Ut,
811 5133 1005 5201 inquit,
1031 5136 1161 5190 lides
1197 5146 1398 5203 vestra,
1422 5147 1477 5192 et
1499 5144 1794 5207 spcs‘esset
1815 5141 1862 5193 in
1885 5141 2068 5196 Deo”.
2104 5164 2120 5194 ι

562 5221 719 5288 Atqui
751 5223 994 5278 Christus
1022 5241 1112 5294 per
1154 5237 1371 5282 sanctos
1416 5229 1689 5298 apestolos
1747 5232 2121 5295 annnntiatur,

630 5394 674 5425 '°
700 5393 738 5449 ll
770 5396 892 5453 Cor.
930 5415 968 5467 I,
1000 5399 1053 5454 9.
1130 5403 1173 5436 ⁸¹
1203 5380 1365 5459 llebr.
1398 5420 1456 5473 ιι,
1497 5405 1577 5460 Η.
1655 5407 1698 5436 θ’
1738 5403 1935 5460 Hoan.
1973 5408 2084 5473 1,1,
2121 5408 2176 5460 2.

2235 4651 2327 4700 καὶ
2355 4651 2574 4718 Κύριος,
2611 4652 2714 4707 κᾶν
2742 4655 2789 4705 εξ
2821 4655 3011 4724 γέγονε
3043 4658 3175 4728 σὰρξ
3197 4662 3223 4712 ὁ
3254 4661 3443 4729 Λόγος.

2395 4848 2515 4901 Ὅτι
2538 4851 2624 4915 εἰς
2650 4852 2907 4918 Χριστὸν
2946 4855 2981 4922 ἠ
3008 4855 3229 4922 πίστις,
3264 4857 3343 4922 ὡς
3377 4861 3460 4923 εἷς
3487 4862 3656 4915 Θεόν.

2421 5027 2514 5079 Ἐκ
2547 5026 2654 5094 τῆς
2685 5031 2909 5095 Πέτρου
2956 5031 3322 5097 Ἐπιστολῆς
3355 5033 3610 5099 πρώτης.

2313 5161 2329 5192 t
2372 5143 2533 5194 Ὥστε
2553 5184 2566 5204 ,
2605 5144 2765 5212 φησὶ,
2793 5144 2890 5214 τὴν
2922 5144 3100 5197 πίστιν
3135 5144 3286 5214 ὑμῶν
3321 5147 3411 5198 καὶ
3440 5145 3633 5200 ἐλπίδα
3661 5143 3796 5201 εἶναι

2235 5234 2312 5294 εἰς
2335 5233 2482 5285 Θεὸν.
2511 5253 2527 5283 ι
2561 5235 2752 5286 Καίτοι
2778 5235 3006 5306 Χριστὸς
3038 5236 3361 5306 κηρύττεται
3387 5237 3474 5290 διὰ
3496 5237 3605 5290 τῶν
3628 5240 3797 5307 ἁγίων

2250 5408 2296 5439 ⁸³
2331 5408 2347 5460 l
2381 5409 2523 5461 Petr.
2561 5424 2595 5471 ι,
2632 5408 2724 5465 ‘2l.

1608 5559 1778 5616 Varia:
1813 5561 2072 5616 lectiones
2098 5562 2299 5618 codicis
2332 5561 2707 5632 Seguicriani.‘

840 5703 863 5716 θ

629 5710 654 5740 ³
687 5702 769 5755 ἷσ.
798 5703 893 5767 τῷ.
