4056 6334
182 401 324 457 1285

1267 401 1356 456 DE
1390 398 1618 454 RECTA
1658 396 1814 451 FIDE
1853 395 1944 449 AD
1985 395 2298 451 REGINAS.

3280 395 3417 450 1236

179 511 494 566 ἀποστόλων
514 527 527 542 °
561 511 656 566 καὶ
676 511 833 576 αὐτὸς
860 513 914 566 δέ
958 512 1058 566 ποῦ
1087 529 1249 583 φησιν
1269 530 1282 546 ·
1319 530 1337 562 ι
1384 510 1576 580 Ἀμὴν,
1602 509 1746 578 ἀμὴν

1881 521 1966 560 mo
1999 507 2221 574 ipsemet
2250 509 2318 560 ita
2353 506 2428 561 ait
2464 525 2476 561 :
2521 527 2538 560 ι
2579 510 2768 574 Amen,
2803 524 2955 562 amen
2989 508 3109 562 dico
3141 509 3295 564 vobis
3326 508 3414 575 qui

180 607 327 672 λέγω
359 605 504 673 ὑμῖν,
539 605 566 656 6
598 604 864 658 πιστεύων
894 606 973 667 είς
1002 605 1124 674 ἐμὲ,
1149 605 1257 673 ἔχει
1285 603 1430 672 ζωὴν
1459 600 1696 654 αἰώνιον.
1725 618 1742 648 ι

185 695 315 746 Ὅτε
368 696 546 747 τοίνυν
593 697 671 757 είς
707 695 838 748 Θεὸν
869 697 902 765 ἡ
934 696 1148 759 πίστις,
1195 693 1430 764 Χριστοῦ
1478 694 1746 760 λέγοντος,

187 804 203 833 ι
231 783 322 846 Εἰς
359 783 458 853 ἐμὲ
492 783 808 836 πιστεύετε·
845 802 862 833 ι
899 782 1014 845 πῶς
1044 784 1143 836 οὐκ
1186 782 1251 836 ἂν
1293 781 1378 851 εἴη
1424 780 1554 843 Θεὸς
1590 781 1747 848 ὲναρ-

179 875 291 941 γῶς
307 893 320 939 ;

360 985 461 1039 Ἐκ
499 983 608 1052 τῆς
637 985 872 1052 πρώτης
907 984 1186 1038 Ἰωάννου
1231 978 1608 1048 Ἐπιστολῆς.

261 1116 278 1146 ι
317 1098 426 1149 Καὶ
459 1095 596 1167 αῦτη
623 1097 771 1149 ἐστὶν
802 1099 834 1167 ἠ
870 1095 1056 1166 ἐντολὴ
1083 1095 1270 1158 αὐτοῦ,
1298 1096 1384 1147 ἵνα
1405 1093 1748 1161 πιστεύωμεν

180 1187 260 1256 τῷ
285 1185 506 1255 ὀνόματι
534 1185 628 1238 τοῦ
657 1185 784 1238 Υἰοῦ
819 1184 982 1237 αὑτοῦ
1023 1184 1196 1254 Ἰησοῦ
1226 1181 1479 1253 Χριστοῦ.
1515 1199 1537 1230 -ι
1573 1181 1634 1232 Εί
1674 1180 1748 1248 μὴ

181 1276 506 1346 ἁνεθέλητόν
550 1278 666 1328 ἐστι
705 1275 780 1345 τῷ
835 1275 952 1344 Θεῷ
1003 1277 1096 1328 xal.
1147 1274 1319 1343 Harpt
1367 1273 1426 1324 τὸ
1476 1269 1750 1324 πιστεύειν

181 1371 332 1439 tua;
369 1371 448 1432 είς
473 1369 534 1421 τὸ
571 1367 740 1438 ὄνομα
770 1367 865 1420 τοῦ
900 1367 1030 1420 Υἱοῦ
1063 1366 1226 1420 αὐτοῦ
1268 1364 1441 1435 Ἰησοῦ
1473 1363 1710 1433 Χριστοῦ
1733 1381 1745 1393 ·

184 1463 481 1533 ’πράττεται
527 1461 582 1513 δὲ
625 1461 719 1514 καὶ
753 1463 882 1532 παρ’
915 1459 1133 1531 ἡμῶνή
1173 1458 1382 1523 πίστις,
1410 1457 1507 1526 οὺχ
1549 1456 1624 1518 ὼς
1673 1457 1752 1516 εἰς

182 1553 471 1624 ἀνορωπον
503 1551 688 1613 ἁπλῶς
708 1591 722 1616 ,
755 1551 868 1605 ἀλλ’
901 1551 977 1613 ὡς
1002 1552 1082 1614 είς
1111 1549 1242 1602 Θεὸν
1281 1547 1458 1612 ζῶντα
1489 1549 1582 1600 καὶ
1618 1547 1749 1617 ἁλη-

183 1645 360 1697 οινόν·
396 1644 526 1706 Θεὸς
551 1644 655 1714 ἄρα
692 1644 944 1713 Χριστός.

261 1755 281 1786 ‹
305 1736 393 1788 Ἐν
421 1738 592 1808 τούτῳ
623 1736 948 1804 γινώσκεται
977 1733 1037 1786 τὸ
1071 1734 1293 1803 Πνεῦμα
1322 1732 1415 1785 τοῦ
1446 1730 1579 1783 Θεοῦ
1601 1747 1611 1759 ·
1637 1731 1750 1782 πᾶν

1852 602 2018 656 Caedit
2051 599 2102 652 in
2137 615 2240 665 me,
2270 601 2429 654 habet
2477 601 2641 653 vitam
2686 599 3030 652 natet-nam“.
3067 618 3084 648 ι
3117 600 3246 651 Cum
3289 614 3418 665 ergo

1854 693 1982 747 fides
2022 691 2073 744 in
2123 689 2290 744 Deum
2335 691 2560 756 feratur,
2603 703 2654 743 et
2700 693 2969 754 Christus,
3007 709 3024 742 ι
3067 690 3123 744 lu
3175 706 3257 742 me
3290 705 3416 743 cre-

1851 782 1979 842 dite,
2019 800 2035 831 ι
2063 780 2203 834 diCnt
2230 801 2241 836 :
2266 783 2534 849 quomodo
2567 782 2781 850 planum
2818 799 2921 834 non
2953 793 3053 846 est,
3093 783 3263 851 ipsum
3293 796 3414 834 esse

1854 871 2058 924 Deum?

2214 978 2295 1031 lia:
2331 978 2570 1048 Epistula
2617 982 2784 1049 prima
2825 979 3066 1035 Joannis.

1929 1115 1947 1146 ι
1993 1096 2054 1148 Et
2101 1095 2202 1147 hoc
2254 1104 2338 1147 est
2380 1095 2690 1148 mandatum
2733 1095 2867 1163 ejus.
2914 1107 2970 1148 ιιι
3034 1095 3315 1149 credamus
3361 1094 3416 1148 in

1853 1186 2070 1240 nomine
2106 1185 2250 1240 Filii-
2281 1185 2396 1253 ejus
2442 1185 2566 1239 Jesu
2601 1187 2801 1240 Christi
2834 1187 2900 1239 ".
2937 1205 2955 1238 ι
2983 1187 3037 1240 Si
3061 1203 3089 1240 a
3122 1185 3211 1240 Dei
3242 1185 3420 1240 Patris

1853 1278 2128 1333 voluntate
2155 1280 2387 1332 aliemtm
2423 1293 2526 1332 non
2563 1289 2666 1340 est,
2699 1290 2758 1330 ut
2795 1280 2845 1330 in
2898 1281 3114 1332 nomine
3158 1277 3276 1331 Filii
3305 1276 3420 1345 ejus

1851 1367 1974 1424 Jesu
2009 1368 2210 1424 Christi
2278 1370 2594 1433 credamus;
2626 1370 2670 1423 si
2724 1369 2854 1423 ﬁdes
2904 1379 3085 1422 nostra
3154 1368 3322 1422 tendit
3365 1367 3419 1420 in

1853 1475 1995 1524 eum,
2031 1476 2132 1514 non
2153 1472 2403 1529 tanquam
2425 1460 2474 1512 in
2501 1459 2766 1512 hominem
2792 1459 3012 1523 nudum,
3043 1458 3137 1510 sed
3169 1467 3419 1525 tanquam

1854 1551 1906 1604 in
1951 1551 2114 1604 Deum
2156 1553 2332 1606 vivum
2367 1559 2420 1604 et
2458 1566 2666 1612 verum,
2693 1549 2916 1604 evidens
2959 1547 3201 1618 profecto
3243 1546 3427 1602 evadit

1853 1642 2124 1697 Christum
2150 1659 2266 1698 esse
2287 1647 2478 1698 Deum.

1929 1756 1945 1785 ι
1981 1734 2034 1787 In
2070 1736 2167 1788 hoc
2192 1736 2530 1805 cognoscitur
2556 1733 2791 1801 Spiritus
2818 1731 2943 1786 Dei:
2974 1730 3151 1785 omnis
3183 1730 3422 1800 spiritus.

185 1826 424 1897 πνεῦμα,
446 1827 473 1878 ὃ
496 1828 744 1895 ὁμολογεῖ
772 1825 979 1896 Ἰησοῦν
1015 1822 1247 1894 Χριστὸν
1282 1824 1338 1874 ἐν
1368 1821 1528 1892 σαρκὶ
1559 1818 1747 1888 ὲληλυ-

1875 1825 1945 1890 ιιιί
1978 1827 2263 1879 conlitetnr
2287 1826 2468 1879 Jesum
2492 1824 2766 1878 Christum
2802 1822 2853 1875 in
2882 1836 3046 1876 carne
3093 1823 3329 1884 venisse,
3353 1834 3422 1874 ex

185 1918 339 1980 Θότα,
367 1919 429 1970 ἐκ
458 1917 550 1970 τοῦ
581 1917 714 1970 Θεοῦ
750 1918 896 1968 ἐστι’
929 1916 1022 1968 καὶ
1057 1917 1162 1968 πᾶν
1195 1913 1428 1983 πνεῦμα,
1470 1912 1498 1964 ὃ
1529 1911 1602 1982 μὴ
1633 1913 1753 1978 ὀμο-

183 2010 337 2075 ὶ.ογεῖ
377 2009 467 2062 τὸν
507 2009 730 2080 Ἰησοῦν,
760 2009 823 2061 ὲκ
855 2008 947 2060 τοῦ
984 2006 1118 2060 Θεοῦ
1159 2007 1255 2058 οὐκ
1290 2005 1438 2057 ἔστι·
1474 2003 1565 2056 καὶ
1598 2001 1754 2054 τοῦτό

187 2104 304 2153 ἐστι
329 2102 388 2153 τὸ
415 2101 508 2153 τοῦ
539 2102 924 2170 ’Λντιχρίστσυ,
942 2099 969 2151 ὂ
1000 2098 1271 2167 ἀκηκόατε
1295 2098 1373 2150 ὅτι
1402 2094 1637 2165 ἔρχεται,
1665 2093 1755 2144 καί

187 2193 284 2245 νῦν
317 2196 374 2245 ὲν
402 2193 482 2263 τῷ
513 2194 700 2263 κόσμῳ
736 2194 882 2244 ἐστὶν
908 2192 1028 2262 ἥδη.
1059 2208 1076 2240 ι
1116 2187 1512 2257 Ὁμολογοῦμεν
1538 2185 1624 2236 τὸν
1653 2185 1757 2253 Ἰηο

193 2284 320 2336 σοῦν
349 2284 457 2354 ἄρα.
494 2284 567 2346 ὡς
607 2282 910 2352 ἄνθρωπον,
947 2282 1037 2333 καὶ
1065 2279 1174 2333 τῶν
1217 2279 1340 2332 καθ’
1370 2280 1516 2348 ἡμᾶς
1542 2277 1680 2340 Eva;
1723 2277 1755 2347 ἢ

194 2376 396 2443 μᾶλλον
425 2376 505 2427 ὅτι
531 2374 659 2436 Θεὸς
688 2374 763 2425 ὢν
801 2374 828 2424 6
870 2372 1062 2440 Λόγος,
1103 2371 1291 2440 γέγονε
1324 2369 1491 2440 σὰρξ,
1523 2370 1621 2421 οὐκ
1650 2369 1758 2420 ὀλι-

189 2467 450 2534 γωρήσας
485 2463 574 2516 τοῦ
614 2460 750 2516 εἶναι
773 2464 924 2527 Θεὸς,
958 2461 1281 2534 μεμενηκὼς
1313 2461 1368 2512 δὲ
1402 2461 1599 2530 μᾶλλον
1625 2460 1759 2528 ὅπερ

190 2552 283 2624 ἦν,
325 2555 420 2607 καὶ
443 2555 490 2605 εί
522 2554 741 2622 γέγονεν
765 2553 1089 2623 ἄνθρωπος;
1129 2551 1287 2603 Ἀλλὰ
1316 2551 1455 2602 τοῦτ’
1487 2550 1634 2601 ἔστιν
1663 2551 1760 2601 οὐκ

192 2646 511 2715 ἀμφίϐολον.
553 2646 609 2698 '0
654 2645 834 2698 τοίνυν
883 2645 943 2697 οὐ
993 2644 1165 2711 λέγων
1195 2643 1326 2695 Θεὸν
1367 2638 1504 2693 εἶναι
1548 2640 1762 2710 ἀληθῶς

191 2739 286 2787 τὸν
336 2736 586 2805 Χριστὸν,
637 2734 860 2802 διαιρῶν
909 2734 964 2784 δὲ
1016 2734 1110 2784 καὶ
1154 2731 1612 2800 κατασμικρύνων
1667 2731 1762 2799 τὴν

193 2827 354 2890 δόξαν
416 2825 600 2890 αὑτοῦ,
657 2826 718 2877 τὸ
778 2823 872 2877 τοῦ
933 2825 1298 2894 Ἀντιχρίστου
1349 2822 1568 2893 πνεῦμα
1626 2821 1764 2892 ἔχων

201 2917 496 2971 ἁλώσεται.

277 3029 294 3059 ι
328 3011 435 3062 Καὶ
462 3010 621 3078 ἡμεῖς
659 3007 1020 3078 ἐθεασάμεθα,
1074 3005 1169 3058 καὶ
1207 3003 1589 3075 μαρτυροῦμεν
1631 3002 1710 3053 ὅτι
1741 3001 1767 3052 ὁ

201 3101 394 3171 Πατὴρ
425 3099 732 3153 ἀπέσταλκε
759 3100 849 3151 τὸν
875 3099 1000 3150 Υἱὸν
1031 3097 1254 3166 Σωτῆρα
1282 3094 1375 3147 τοῦ
1414 3095 1639 3162 κόσμου.
1669 3094 1768 3155 Ὃς

1858 1918 1964 1971 Deo
1980 1929 2059 1970 est
2090 1934 2103 1972 :
2137 1929 2183 1972 et
2206 1920 2383 1972 omnis
2427 1917 2650 1984 spiritus
2690 1917 2780 1984 qui
2811 1915 2968 1970 solvit
2994 1914 3196 1977 Jesum,
3223 1930 3287 1968 ex
3317 1915 3424 1967 Deo

1857 2026 1960 2063 non
1990 2019 2101 2074 est;
2144 2019 2198 2063 et
2225 2010 2310 2063 hic
2339 2018 2422 2064 est
2451 2010 2841 2075 Antichristus,
2877 2010 2944 2061 de
2993 2022 3099 2074 quo
3145 2005 3428 2058 audivistis

1857 2101 2106 2168 quoniam
2135 2101 2300 2165 venit,
2327 2112 2378 2155 et
2399 2116 2538 2155 nunc
2577 2100 2685 2169 jam
2710 2103 2760 2154 in
2795 2100 2992 2154 mundo
3012 2108 3096 2152 est
3129 2099 3196 2149 ³⁸.
3229 2116 3247 2148 ι
3280 2097 3390 2151 Con
3413 2125 3424 2136 -

1861 2191 2141 2245 titemurne
2185 2206 2314 2261 ergo
2368 2190 2642 2244 Christum
2692 2190 2877 2246 Jesum
2941 2189 3101 2242 veluti
3141 2189 3427 2255 ,hominem

1858 2281 2164 2350 quempiam
2202 2282 2369 2336 nostri
2411 2281 2684 2334 similem?
2719 2297 2784 2334 an
2833 2281 3013 2349 potius
3063 2279 3152 2334 Dei
3191 2278 3427 2332 Verbmn

1864 2369 2058 2424 factum
2083 2387 2201 2425 esse
2229 2388 2469 2435 carnem,
2502 2389 2604 2426 non
2646 2373 2784 2441 quod
2826 2373 3158 2424 divinitatem
3190 2371 3427 2429 exuerit,

1863 2470 1951 2513 aut
1983 2462 2274 2526 repudiarit
2302 2461 2652 2531 (constanter
2674 2463 2817 2515 enim
2845 2463 3041 2514 mansit
3068 2461 3210 2528 quod
3242 2463 3426 2530 erat):

1863 2551 1953 2605 sed
1978 2551 2117 2620 quod
2159 2552 2448 2604 humanam
2484 2562 2729 2605 naturam
2769 2550 3160 2620 assumpserit?
3187 2551 3254 2604 At
3287 2551 3434 2604 istud

1864 2651 2012 2694 extra
2036 2645 2458 2702 controversiam
2489 2654 2593 2698 est.
2625 2645 2879 2710 Quisquis
2921 2645 3085 2714 igitur
3135 2642 3434 2704 Christum,

1866 2736 2198 2791 divinitatem
2259 2737 2397 2790 illius
2462 2739 2755 2800 inliciatus,
2820 2739 3030 2802 dividit,
3083 2738 3435 2807 ejusdemque

1866 2827 2090 2895 gloriam
2116 2837 2166 2881 et
2193 2828 2526 2894 maiestatem
2559 2829 2829 2889 diminuit,
2861 2830 2950 2882 hic
2976 2829 3295 2883 Antichristi
3321 2830 3435 2898 spi-

1870 2917 2028 2970 ritum
2073 2917 2318 2973 hausisse
2343 2926 2528 2988 aperte
2556 2920 2819 2973 convincit
2833 2937 2915 2974 ur.

1944 3025 1962 3056 ι
2001 3007 2057 3060 Et
2091 3022 2186 3060 nos
2215 3009 2465 3072 vidimus,
2491 3019 2544 3063 et
2574 3010 2926 3064 testificantur
2972 3011 3226 3080 quoniam
3277 3011 3438 3065 Pater

1872 3100 2019 3152 misit
2077 3098 2270 3152 Filium
2322 3115 2478 3154 sumn
2536 3100 2866 3157 Salvatorem
2921 3103 3125 3158 mundi.
3184 3103 3440 3172 Quisquis

200 3192 270 3244 ἂν
299 3190 606 3260 ὁμολογήσῃ
647 3189 727 3241 ὅτι
766 3187 970 3258 Ἰησοῦς
1001 3189 1144 3238 ἐστιν
1187 3187 1214 3238 6
1269 3185 1390 3245 Υἱὸς
1420 3183 1512 3237 τοῦ
1545 3182 1699 3243 Θεοῦ,
1744 3182 1768 3231 6

1877 3189 2154 3245 coal‘essus
2180 3190 2340 3245 fuerit
2373 3193 2801 3258 quoniamJesus
2843 3204 2925 3247 est
2949 3194 3117 3248 Filius
3162 3195 3276 3258 Dei,
3303 3197 3441 3248 Deus

203 3283 337 3343 (θεὸς
370 3283 427 3334 ὲν
461 3280 608 3349 αὐτῷ
661 3280 846 3348 μένει,
877 3278 970 3331 καὶ
1005 3278 1164 3339 αὐτὸς
1204 3279 1260 3329 ὲν
1298 3277 1374 3346 τῷ
1404 3276 1541 3344 Θεῷ.
1579 3293 1595 3324 ι
1644 3275 1772 3324 ’Λπ-

206 3374 462 3425 mam:
492 3372 670 3440 φαμὲν
692 3369 840 3438 παρὰ
870 3369 960 3421 τοῦ
989 3368 1122 3420 Θεοῦ
1153 3369 1245 3420 καὶ
1274 3368 1483 3437 [ἰατρὸς
1506 3367 1595 3418 τὸν
1626 3364 1769 3430 Υἱὸν,

215 3465 466 3518 τουτέστι
497 3463 586 3516 τὸν
631 3462 690 3525 ἐξ
716 3461 877 3513 αὑτοῦ
913 3459 1050 3512 κατὰ
1079 3459 1236 3527 φύσιν
1271 3458 1532 3526 μονογενῆ
1567 3457 1771 3522 Λόγονο

207 3558 529 3628 ὠνομάσθαι
576 3557 633 3607 δὲ
680 3555 838 3607 αὑτὸν
893 3552 1138 3623 Ἰησοῦν,
1196 3554 1283 3604 ὅτε
1339 3556 1432 3605 καὶ
1483 3552 1579 3621 τὴν
1636 3552 1775 3606 κατὰ

213 3648 394 3716 σάρκα
417 3647 669 3714 γέννησιν
700 3647 763 3696 ὲκ
793 3643 1049 3711 γυναικὸς
1074 3641 1365 3710 ὑπέμεινεν
1396 3638 1773 3709 οἰκονομικῶς.

211 3737 422 3792 Οὐκοῦν
464 3740 491 3788 6
529 3739 592 3788 ὲκ
640 3734 774 3788 Θεοῦ
826 3735 995 3800 Λόγος
1044 3735 1263 3800 γέγονεν
1313 3732 1615 3798 ἄνθρωπος.
1660 3731 1778 3783 Κᾶν

212 3830 348 3888 εἴτις
394 3825 563 3886 οὕτως
613 3824 995 3892 ὁμολογήσειεν
1045 3824 1225 3882 αὑτὸν,
1273 3821 1382 3888 ἔχει
1440 3821 1666 3890 μένοντα
1723 3823 1779 3872 ἐν

212 3917 392 3983 ἑαυτῷ
442 3917 531 3967 τὸν
577 3916 726 3977 Θεὸν,
781 3915 933 3968 ἔσται
967 3913 1022 3965 δὲ
1060 3913 1151 3965 καὶ
1197 3913 1358 3974 αὐτὸς
1403 3913 1460 3964 ὲν
1506 3912 1581 3981 τῷ
1623 3912 1775 3982 Θεῷθ

216 4006 585 4078 μνησθήσεται
612 4006 716 4076 γὰρ
745 4007 928 4069 αὑτοῦ,
961 4006 1222 4072 λογιεῖται
1278 4004 1334 4055 δὲ
1380 4003 1539 4055 αὐτὸν
1579 4005 1781 4054 οἰκεῖον

211 4101 289 4160 ὡς
318 4098 537 4168 μέτοχον
565 4098 748 4150 αὑτοῦ.
782 4099 839 4150 '0
865 4099 921 4149 δὲ
950 4097 1022 4167 μὴ
1051 4096 1352 4166 ὁμολογῶν,
1378 4098 1458 4148 ὅτι
1482 4096 1640 4157 αὐτὸς
1671 4098 1697 4148 ὁ
1720 4098 1781 4147 ἐκ

212 4189 352 4242 Θεοῦ
377 4190 587 4260 Πατρὸς
620 4191 789 4256 Λόγος
833 4188 1038 4257 Ἰησοῦς
1083 4190 1226 4250 ἐστι,
1261 4187 1446 4248 καθεὶς
1476 4187 1664 4238 ἑαυτὸν
1704 4188 1780 4249 εἰς

213 4279 630 4350 ἁνθρωπότητα,
661 4278 782 4331 οὔτε
816 4278 946 4331 Θεὸν
979 4279 1038 4331 ἰν
1083 4277 1260 4348 ὲαυτῷ
1304 4277 1656 4347 πλουτήσειεν
1692 4278 1779 4341 ἂν,

213 4373 344 4424 οὔτε
397 4373 502 4442 μὴν
557 4370 716 4434 αὐτὸς
763 4374 820 4423 ὲν
884 4370 1002 4439 Θεῷ
1044 4369 1215 4434 ἔσται,
1270 4370 1409 4423 κατά
1455 4385 1518 4437 γε
1567 4369 1652 4420 τὸν
1683 4369 1811 4438 τῆς,

216 4461 596 4532 πνευματικῆς
625 4461 949 4530 οἰκειότητος
979 4461 1197 4532 τρόπον.

300 4662 317 4691 ι
348 4643 462 4703 Πᾶς
488 4643 515 4693 6
535 4639 804 4692 πιστεύων
831 4641 912 4693 ὅτι
958 4639 1163 4709 Ἰησοῦς
1205 4641 1354 4690 ἐστιν
1389 4640 1416 4691 6
1446 4640 1698 4710 Χριστὸς,
1724 4641 1786 4693 ἐκ

219 4731 315 4783 τοῦ
351 4731 483 4784 Θεοῦ
519 4731 859 4800 γεγέννηται.
900 4750 917 4780 ι
953 4729 1156 4782 Οὐκοῦν
1192 4733 1218 4782 6
1248 4731 1322 4800 μὴ
1358 4731 1643 4794 πιστεύων,
1669 4732 1786 4784 οὐδὲ

223 4828 282 4877 ἐν
322 4825 531 4886 τέκνοις
561 4822 695 4875 Θεοῦ
731 4822 1144 4891 καταλογισθείη
1187 4823 1269 4876 ἄν.
1329 4825 1390 4875 Εἰ
1417 4823 1524 4893 γὰρ
1555 4825 1665 4876 ὅσοι
1700 4824 1790 4876 τὸν

224 4917 355 4969 Υξὸν
387 4916 594 4976 ἔλαϐον,
633 4915 831 4966 ἔδωκεν
856 4915 1036 4976 αὐτοῖς
1065 4915 1310 4977 ἐξουσίαν
1347 4916 1509 4967 τέκνα
1533 4917 1665 4968 Θεοῦ
1696 4933 1790 4982 γε·

225 5007 434 5068 νέσθαι,
463 5007 605 5058 καθά
634 5008 796 5075 φησὶν
828 5008 855 5058 6
899 5005 1286 5074 εὐαγγελιστὴς
1308 5022 1320 5034 ο
1354 5009 1400 5057 οἱ
1441 5009 1513 5075 μὴ
1541 5007 1792 5071 λαϐόντες

226 5100 410 5159 αὑτὸν,
441 5098 546 5150 οὐδ’
578 5099 642 5150 ἂν
672 5102 727 5149 ἐν
782 5098 992 5159 τέκνοις
1041 5098 1174 5148 Θεοῦ
1221 5098 1662 5165 καταλογισοεῖεν
1705 5101 1791 5165 ἂν,

227 5188 344 5244 τὸν.
377 5187 441 5238 δι’
467 5180 527 5240 οὗ
558 5186 712 5238 τοῦτο
735 5186 987 5255 ὑπάρχει,
1017 5184 1090 5254 μὴ
1122 5187 1438 5251 ἐγνωκότες.

308 5381 324 5410 ι
369 5359 462 5422 Τίς
497 5360 551 5412 δέ
580 5362 726 5411 ἐστιν
773 5359 801 5411 ὁ
846 5357 1010 5410 νικῶν
1044 5357 1136 5411 τὸν
1170 5358 1404 5427 κόσμον,
1439 5363 1486 5413 εί
1525 5361 1598 5432 μὴ
1637 5365 1664 5416 6
1708 5383 1796 5415 πι-

233 5452 439 5503 στεύων
481 5451 561 5503 ὅτι
599 5449 803 5519 Ἰησοῦς
846 5450 989 5501 ἐστιν
1033 5450 1061 5501 6
1105 5449 1230 5512 Υἱὸς
1282 5449 1364 5501 τοῦ
1416 5450 1583 5516 Θεοῦ;
1628 5449 1795 5519 Οὗτός

232 5544 381 5593 ἐστιν
429 5541 456 5592 6
505 5539 672 5592 ἐλθὼν
701 5539 768 5592 δι’
799 5539 989 5601 ὓδατος
1033 5539 1125 5590 καὶ
1153 5539 1380 5609 αἵματος
1417 5541 1620 5610 Ἰησοῦς
1657 5545 1794 5614 Χρι-

306 5719 352 5747 ⁸⁵
389 5715 544 5771 Joan.
585 5731 655 5782 Vl,
705 5715 792 5769 47.

237 5809 275 5852 1,
317 5786 396 5839 12.

872 5713 959 5767 "l
995 5712 1146 5768 Joan.
1179 5729 1261 5778 ιιι,
1287 5713 1378 5767 εὶῧ.

1456 5715 1545 5768 ⁸⁸1
1583 5716 1731 5772 Joan.
1770 5736 1838 5785 tv,

1881 3283 1930 3334 in
1969 3296 2032 3335 eo
2080 3295 2280 3346 manet,
2314 3294 2367 3336 et
2404 3284 2516 3350 ipse
2571 3285 2624 3337 in
2678 3285 2782 3338 Deo
2815 3286 2882 3337 ⁸⁷.
2921 3303 2937 3334 ι
2980 3283 3320 3354 Unigcnitum
3353 3286 3442 3339 Dei

1882 3369 2094 3431 Filium,
2126 3373 2224 3425 hoc
2241 3381 2322 3426 est
2344 3372 2574 3426 Verbum
2597 3376 2740 3443 quod
2760 3376 3074 3430 naturaliter
3097 3393 3162 3431 ex
3191 3378 3296 3430 Deo
3318 3393 3440 3445 pro-

1887 3461 2050 3525 cedit,
2083 3477 2112 3515 a
2163 3462 2273 3517 Deo
2314 3473 2367 3517 et
2400 3462 2561 3517 Patre
2592 3467 2813 3518 missum
2848 3469 3207 3536 agnoscimus.
3234 3467 3339 3538 95
3368 3470 3446 3520 ld-

1884 3555 2054 3623 ipsum
2081 3565 2257 3608 autem
2294 3564 2405 3609 tum
2449 3558 2662 3611 demum
2691 3556 2876 3610 Jesnm
2925 3560 3248 3628 appellatum
3285 3561 3450 3612 fuisse

1884 3661 2278 3710 asseveramus,
2309 3663 2429 3700 cum
2461 3649 2856 3715 dispensatoric
2886 3655 3180 3705 secundum
3231 3667 3447 3706 carnem

1882 3754 1948 3792 ex
2005 3739 2229 3791 muliere
2280 3741 2427 3791 nasci
2479 3741 2819 3807 dedignatum
2851 3758 2954 3794 non
3005 3751 3105 3795 est.
3138 3741 3230 3796 Dei
3265 3743 3448 3812 itaque

1888 3827 2118 3882 Verbum
2166 3828 2325 3881 homo
2365 3828 2560 3880 factum
2591 3841 2693 3882 est.
2727 3831 2789 3883 Et
2823 3831 2866 3885 si
2891 3832 3011 3899 quis
3034 3831 3104 3884 ita
3147 3833 3450 3901 proﬁtetur.

1888 3921 1930 3974 is
1963 3919 2126 3972 Deum
2164 3919 2214 3970 in
2273 3933 2331 3971 se
2383 3929 2689 3972 manentem
2751 3922 2933 3984 habet,
2972 3933 3026 3973 et
3059 3923 3174 3991 ipse
3213 3924 3450 3977 vicissim

1889 4013 1939 4064 in
1972 4010 2079 4063 Deo
2103 4009 2358 4064 manebit.
2391 4008 2784 4065 Recordabitur
2815 4013 2959 4066 enim
2998 4015 3162 4077 illius,
3198 4029 3261 4069 ac
3291 4015 3452 4068 veluti

1888 4103 2142 4156 societate
2163 4101 2394 4168 quadam
2423 4100 2766 4168 coniunctum
2799 4103 2942 4157 inter
2962 4103 3252 4160 familiares
3271 4121 3456 4158 nume-

1890 4194 2049 4246 rabit.
2087 4194 2153 4245 At
2179 4194 2270 4261 qui
2298 4194 2472 4259 ipsum
2515 4193 2606 4247 Dei
2632 4194 2804 4248 Patris
2836 4192 3068 4248 Verbum
3105 4211 3226 4250 esse
3245 4195 3452 4261 Jesum,

1888 4295 1942 4337 et
1974 4284 2025 4337 in
2067 4285 2353 4336 humanam
2406 4295 2653 4336 naturam
2683 4299 2741 4337 se
2773 4285 3058 4340 demisisse
3097 4303 3200 4339 non
3234 4288 3455 4341 conﬁte-

1893 4387 1999 4438 tur,
2033 4375 2120 4428 ille
2155 4389 2326 4442 neque
2365 4371 2530 4428 Deum
2563 4375 2832 4438 obtinere,
2868 4391 3040 4444 neque
3063 4393 3156 4446 per
3200 4379 3455 4445 spiritalis

1894 4465 2274 4520 laruiliaritatis
2303 4467 2516 4520 modum
2549 4466 2653 4520 ulla
2701 4468 2911 4522 ratione
2935 4469 2987 4522 in
3014 4471 3128 4538 ipso
3154 4472 3455 4526 consistere

1821 4544 1862 4597 Ι)
1891 4556 2106 4625 poterit.

1964 4667 1982 4699 ι
2023 4646 2213 4703 Omnis
2241 4648 2523 4714 quicredit
2553 4649 2808 4718 quoniam
2861 4648 3019 4704 Jesus
3064 4659 3146 4704 est
3180 4651 3454 4716 Christus,

1891 4753 1952 4792 ex
1985 4738 2092 4792 Deo
2122 4749 2279 4791 natus
2315 4749 2402 4794 est
2429 4741 2494 4792 ⁸⁸.
2519 4760 2536 4791 ι
2575 4739 2674 4803 Qui
2717 4740 2883 4808 igitur
2939 4741 2990 4793 id
3027 4755 3134 4794 non
3167 4744 3360 4807 credit,
3413 4745 3458 4797 is

1893 4831 2032 4883 inter
2067 4830 2155 4882 Dei
2183 4830 2319 4885 filios
2349 4831 2530 4886 haberi
2569 4833 2777 4900 nequit.
2834 4831 2967 4885 Nam
3001 4833 3046 4886 si
3084 4834 3150 4886 iis
3179 4835 3454 4897 omnibus,

1895 4921 1985 4988 qtti
2016 4918 2210 4973 Filium
2264 4933 2602 4990 receperunt,
2647 4933 2966 4990 poteStatem
3013 4925 3157 4976 dedit
3190 4925 3324 4976 filios
3367 4924 3456 4978 Dei

1897 5013 2033 5070 lieri.
2070 5027 2122 5064 ιιι
2168 5015 2494 5083 evangelista
2547 5025 2776 5068 testatur
2805 5015 2883 5076 ";
2915 5030 3249 5081 consequens
3289 5016 3378 5078 sit,
3415 5021 3457 5070 si

1897 5103 1986 5170 qui
2015 5103 2164 5156 illum
2199 5121 2302 5158 non
2325 5105 2612 5173 recipiunt,
2648 5121 2741 5159 eos
2769 5106 2909 5158 inter
2947 5105 3035 5156 Dei
3061 5105 3198 5158 filios
3254 5111 3460 5161 censeri

1900 5210 2001 5246 non
2044 5212 2230 5263 posse;
2267 5199 2440 5264 utqui
2479 5213 2624 5262 eum,
2659 5213 2753 5266 per
2771 5211 2928 5264 quem
2962 5197 3060 5249 hoc
3107 5197 3282 5264 ipsum
3321 5199 3460 5250 licc-

1903 5286 2012 5343 bat.
2044 5302 2146 5338 non
2175 5287 2512 5353 agnoverint.

1989 5391 2006 5423 ι
2047 5373 2174 5439 Quis
2206 5384 2288 5427 est
2325 5376 2416 5441 qui
2465 5375 2634 5428 vincit
2688 5374 2966 5435 mundum,
3014 5372 3112 5426 nisi
3151 5371 3239 5439 qui
3293 5374 3464 5427 credit

1902 5465 2154 5531 quoniam
2180 5462 2340 5519 Jesus
2366 5477 2448 5520 est
2474 5467 2641 5520 Filius
2667 5466 2792 5518 Dei?
2829 5464 2923 5516 llic
2948 5463 3142 5531 estqui
3179 5465 3323 5517 venit
3371 5481 3464 5530 per

1907 5571 2100 5622 aquam
2132 5566 2186 5610 et
2233 5560 2547 5627 sanguinem
2580 5558 2734 5612 .lcsus
2761 5556 3005 5609 Christus
3042 5573 3054 5608 :
3091 5570 3194 5609 u0n
3235 5558 3282 5609 in
3327 5575 3461 5626 aqua

1877 5719 1930 5786 ἓ,
1962 5723 2012 5775 ὅ.
2091 5727 2131 5754 ⁸⁷
2169 5724 2325 5779 Joan.
2359 5742 2430 5792 tv,
2466 5727 2648 5782 14-16.
2698 5730 2742 5760 δ’
2789 5727 2803 5780 l
2840 5725 2994 5782 Joau.
3023 5744 3072 5791 v,
3109 5729 3156 5782 ί.
3235 5729 3279 5759 ⁸⁸
3311 5726 3464 5784 Joan.
