4056 6334
645 376 774 432 128Ἱ

1649 382 1704 438 S.
1749 382 2014 437 CYlilLlJ
2055 385 2518 442 ALEXANDINNI
2562 391 2878 447 ΛΙΗΣΙΗΙΞΡ.

3755 397 3890 451 ιειιε

641 493 846 555 solum,
903 492 994 544 sed
1054 495 1106 547 in
1142 510 1273 563 aqua
1311 507 1360 548 et
1401 499 1678 568 sanguine.
1719 499 1783 554 Et
1835 502 2078 570 Spiritus
2125 512 2201 555 est

2315 505 2431 566 στός
2454 521 2466 533 ο
2504 504 2602 558 οὐκ
2635 508 2686 558 ἓν
2716 506 2790 575 τῷ
2839 507 2987 560 ὕδατι
3029 508 3208 578 μόνον,
3243 509 3354 562 ἀλλ’
3396 511 3452 561 ἐν
3484 510 3562 578 τῷ
3601 511 3756 563 ὕδατι
3801 513 3888 562 καὶ

639 582 729 650 qui
767 581 1088 637 testiﬁcatur
1123 586 1377 653 quoniam
1416 587 1648 654 Spiritus
1674 598 1755 641 est
1793 590 2015 648 veritas.
2065 589 2207 656 Quu-

642 672 785 723 uiam
823 679 934 724 tres
968 683 1115 735 sunt,
1147 673 1240 740 qui
1277 676 1643 729 testimonium
1700 677 1831 729 dant
1867 695 1879 730 :
1943 675 2206 744 Spiritus.

639 777 801 830 aqua,
833 772 886 816 et
910 765 1167 830 sanguis;
1198 775 1252 818 et
1289 766 1340 818 hi
1374 776 1482 819 tres
1511 783 1677 820 unum
1720 780 1846 822 sunt
1874 768 1942 824 °°.
1974 788 1990 819 ι
2050 767 2206 822 Mun-

640 855 766 905 dum
798 856 1184 923 itaqueviucit,
1216 857 1307 925 qui
1373 859 1542 911 credit
1605 859 1786 912 Jesum
1846 875 1963 913 esse
2014 859 2206 912 Filium

644 945 756 998 Dei.
783 943 949 998 Porro
983 956 1160 999 autem
1183 948 1427 1013 quisnam
1468 946 1626 1003 Jesus
1655 950 1742 1002 ille
1782 952 1874 1010 sit,
1901 951 1952 1003 id
1987 952 2100 1018 ipse
2130 951 2208 1003 di-

641 1036 878 1103 scipulus
908 1034 1035 1089 Jesu
1061 1037 1324 1105 ejusmodi
1357 1039 1538 1091 verbis
1573 1041 1725 1092 nobis
1753 1041 2009 1106 exponit:
2051 1057 2068 1088 σ
2093 1037 2208 1108 Ipse

639 1136 745 1190 est,
779 1127 972 1194 inquit,
999 1128 1089 1193 qui
1119 1128 1258 1178 venit
1285 1141 1379 1194 per
1405 1142 1598 1195 aquam
1618 1142 1668 1180 et
1699 1130 2018 1198 sanguinem
2052 1127 2208 1183 Jesus

641 1215 913 1271 Christus.
946 1235 964 1268 υ
1004 1215 1310 1286 Utrumque
1337 1219 1531 1270 asserit
1578 1218 1628 1270 in
1654 1221 1917 1288 sanguine
1946 1220 2203 1272 nimirum

639 1309 872 1370 venisse,
897 1317 942 1360 el
973 1304 1177 1374 Spiritu
1205 1326 1218 1373 ;
1250 1316 1304 1361 et
1332 1317 1440 1361 tres
1470 1325 1683 1362 rursum
1716 1326 1878 1362 unum
1906 1325 2047 1364 esse.
2079 1310 2208 1365 Ver-

639 1397 762 1450 bum
795 1399 976 1466 itaque
1003 1398 1200 1451 factum
1237 1408 1323 1452 est
1351 1415 1499 1465 caro,
1543 1401 1684 1469 quod
1716 1400 1919 1467 Spiritu
1959 1418 2054 1454 nos
2084 1418 2208 1455 san-

642 1489 859 1551 rtilicat,
921 1499 969 1541 et
1009 1490 1271 1558 sanguine
1313 1505 1418 1544 nos
1472 1493 1676 1559 eXpial,
1739 1502 1791 1545 ct
1839 1508 1974 1562 aqua
2011 1494 2206 1546 munda

639 1592 737 1631 nos
762 1578 947 1632 abluit.
996 1579 1146 1634 Unus
1183 1588 1364 1633 tamen
1390 1583 1615 1636 omnino
1669 1592 1752 1637 cst
1803 1582 1990 1645 Filius,
2053 1584 2207 1651 cujus

639 1669 901 1737 Spiritum
935 1681 988 1723 et
1014 1685 1234 1738 aquam,
1281 1681 1335 1725 et
1364 1673 1682 1740 sanguinein
1715 1688 1833 1727 esse
1869 1673 2129 1727 dicimus.

712 1778 731 1811 ο
763 1760 819 1813 Si
852 1761 1222 1814 testimonium
1273 1762 1552 1816 hominum
1598 1764 1914 1834 accipimus,
1967 1767 2208 1818 testimo-

636 1850 783 1902 nium
824 1851 913 1904 Dei
944 1850 1118 1919 majus
1144 1861 1228 1904 est
1256 1872 1266 1905 :
1301 1853 1553 1921 quoniam
1593 1855 1691 1907 hoc
1723 1864 1805 1908 est
1832 1855 2201 1908 tesrimonium

2310 1875 2340 1942 ἡ
2377 1850 2645 1946 μαρτυρία

638 1941 751 2004 Dei,
782 1941 920 2008 quod
955 1940 1129 2009 majus
1167 1951 1271 2004 est,
1317 1943 1571 2010 quoniam
1639 1945 1958 1996 testificatus
2005 1951 2090 1998 est
2144 1945 2208 1997 de

637 2029 773 2084 Filio
804 2046 920 2084 suo.
957 2029 1057 2096 Qui
1087 2032 1258 2083 credit
1283 2033 1333 2083 in
1381 2029 1576 2083 Filium
1614 2030 1728 2096 Dei,
1760 2030 1921 2085 habet
1967 2033 2209 2086 testimo-

637 2122 782 2175 nium
815 2123 905 2176 Dei
946 2124 995 2174 in
1037 2137 1116 2179 se.
1159 2122 1258 2189 Qui
1312 2139 1416 2176 non
1451 2125 1624 2177 credit
1677 2123 1832 2190 Filio,
1887 2122 2206 2178 mendacem

645 2213 774 2266 facit
807 2228 950 2278 eum,
979 2214 1105 2282 quia
1144 2229 1247 2266 nou
1297 2215 1471 2267 credit
1525 2216 1575 2267 iu
1630 2202 2018 2277 testimonium,
2063 2217 2204 2285 quod

635 2306 773 2358 lletts
810 2309 1136 2357 testiﬁcatus
1165 2305 1330 2357 estde
1353 2303 1488 2357 Filio
1514 2306 1691 2358 suo“.
1724 2325 1739 2354 ι
1788 2306 1849 2359 Ει
1875 2305 2105 2374 Spirittl,
2139 2317 2193 2360 el.

639 2410 768 2449 voce
802 2396 959 2449 l‘ater
994 2395 1128 2449 Filio
1166 2397 1277 2466 96
1314 2396 1690 2449 testiinonium
1740 2398 2028 2465 perhibuit.
2070 2395 2203 2450 Nam

631 2502 818 2543 Vcrum
848 2489 992 2542 illum
1020 2489 1134 2555 ejus
1157 2504 1277 2540 esse
1304 2485 1521 2549 Filium,
1588 2490 1690 2542 hoc
1753 2491 1871 2558 ipso
1936 2499 2195 2544 testatum

633 2583 792 2637 nobis
826 2579 916 2642 sit,
945 2580 1088 2645 quod
1119 2580 1382 2647 Spiritum
1438 2591 1682 2634 sanctum
1717 2581 2204 2650 perﬁciendorum-

631 2688 736 2740 que
767 2671 1152 2724 miraculorum
1187 2673 1291 2722 vim
1317 2672 1522 2725 sanctis
1563 2672 1676 2738 ipse
1707 2671 1950 2738 dilargiri
2005 2672 2198 2740 potuit.

635 2763 812 2829 Atque
844 2761 947 2813 huc
973 2761 1158 2827 utique
1194 2761 1465 2820 tendebat,
1496 2762 1731 2827 quando,
1768 2780 1786 2811 ‹
1816 2760 1912 2820 ille
1933 2775 2015 2814 me
2045 2761 2203 2814 clari-

635 2852 817 2904 ﬁcabit
845 2850 913 2913 ”,
954 2869 975 2902 ν
1041 2852 1238 2904 aiebat.
1265 2850 1383 2903 Alio
1413 2865 1625 2918 quoque
1644 2853 1800 2905 modo
1835 2853 2198 2906 testimonium

631 2944 806 2997 eidem
847 2942 1139 3009 perhibuit.
1177 2942 1232 2995 Si
1265 2943 1480 3008 quidem
1527 2945 1576 2994 iu
1629 2943 1863 2996 Jordaue
1933 2943 2198 3010 ejusmodi

631 3033 805 3102 elogio
838 3034 985 3087 illunt
1019 3034 1369 3087 clarilicavil:
1409 3050 1427 3084 ι
1466 3032 1580 3098 Hic,
1619 3035 1713 3096 ait,
1746 3033 2020 3088 estPilius
2044 3050 2196 3088 meus

633 3125 884 3187 dilectus,
919 3126 971 3176 in
1005 3137 1112 3193 quo
1144 3123 1274 3176 mihi
1309 3123 1445 3178 bene
1469 3126 1766 3191 complacui
1793 3124 1860 3177 ⁸³.
1896 3144 1915 3177 ι
1958 3125 2200 3190 Quicun-

630 3231 735 3284 que
764 3217 928 3284 igitur
960 3214 1224 3268 divisione
1253 3213 1473 3268 inducta
1514 3230 1657 3287 eum,
1710 3217 1800 3283 qui
1840 3231 1902 3269 ex
1963 3217 2198 3272 muliere
2230 3200 2270 3255 (ἶ

634 3315 794 3360 natus
829 3316 931 3372 est,
967 3319 1152 3358 verum
1188 3305 1277 3358 Dei
1314 3304 1509 3358 Filium
1541 3320 1666 3360 esse
1691 3319 1911 3376 negant,
1946 3307 2066 3361 Filii
2106 3325 2199 3361 au-

633 3409 738 3453 tem
776 3411 967 3450 nomen
1000 3397 1096 3448 soli
1123 3399 1372 3464 nudoque
1426 3396 1517 3450 Dei
1574 3397 1750 3451 Verbo
1807 3399 2128 3468 assignant;
2163 3399 2199 3453 ii

631 3487 842 3542 Patrem
873 3489 1184 3542 mendacem
1217 3490 1440 3551 faciunt,
1497 3500 1556 3541 ut
1609 3490 1697 3556 qui
1733 3488 1970 3544 Verbum
2015 3491 2200 3544 incar~

630 3590 815 3635 natum
847 3582 1127 3634 evidenter
1154 3581 1455 3635 ostenderit
1481 3580 1531 3633 in
1564 3578 1799 3635 Jordaue
1831 3599 1843 3635 :
1897 3596 2003 3649 quo
2035 3580 2196 3635 etiam

631 3682 870 3740 tempore
898 3665 1132 3739 Spiritus
1153 3682 1205 3724 et
1232 3673 1372 3740 quod
1407 3671 1546 3724 Deus
1574 3685 1744 3736 esset,
1779 3683 1832 3727 et
1875 3673 2016 3744 quod
2040 3687 2199 3727 verus

630 3763 797 3819 Filius
822 3774 983 3830 esset,
1023 3764 1230 3819 diserte
1261 3773 1487 3819 testatus
1509 3775 1610 3819 est.

1085 3879 1236 3944 Quod
1261 3879 1497 3933 Christus
1524 3880 1591 3932 sit
1612 3881 1732 3932 vita.

841 3995 922 4048 Ea:
975 3995 1256 4064 Evangelia
1294 3995 1581 4048 secundum
1642 3994 1974 4047 Matt/imum.

700 4109 777 4162 De
817 4107 1229 4176 archisyuagogi
1295 4106 1402 4160 lilia
1467 4106 1730 4174 scriptum
1795 4116 1989 4168 exsmt,
2050 4112 2197 4176 quod

632 4219 652 4253 ι
690 4216 810 4255 cum
842 4199 1008 4264 ejecta
1041 4208 1185 4251 esset
1217 4200 1395 4263 turba,
1432 4197 1856 4260 intravitJesus.
1896 4209 1951 4253 et
2011 4201 2188 4254 tenuit

627 4305 842 4344 manum
874 4288 1010 4360 ejus,
1045 4298 1096 4342 et
1136 4289 1371 4342 surrexit
1415 4287 1590 4356 puella
1622 4287 1684 4342 “.
1723 4306 1740 4339 ι
1800 4288 1908 4343 Cur
1935 4333 1947 4354 ,
1982 4304 2188 4358 qurcso,

625 4382 750 4433 dum
795 4380 983 4450 puellae
1006 4380 1170 4431 vitam
1206 4379 1462 4445 restituit,
1495 4395 1598 4432 non
1623 4379 1723 4432 fuit
1749 4380 2035 4434 contentus
2069 4397 2191 4435 ver-

2312 598 2522 664 αἵματι.
2569 599 2675 650 Καὶ
2723 599 2780 652 τὸ
2827 598 3050 668 Πνεῦμά
3081 601 3193 652 ἐστι
3228 599 3289 652 τὸ
3329 601 3670 672 μαρτυροῦν,
3715 602 3800 654 ὃτι
3838 603 3891 654 τὸ

2315 686 2535 756 Πνεῦμά
2573 691 2717 741 ἐστιν
2752 690 3012 760 ἀλήθεια·
3063 691 3143 743 ὃτι
3189 695 3341 762 τρεῖς
3393 693 3781 763 μαρτυροῦσιο
3839 695 3891 745 τὸ

2313 778 2552 849 Πνεῦμα.
2597 783 2690 834 καὶ
2716 782 2776 834 τὸ
2804 781 2967 852 ὕδωρ,
2999 783 3093 834 καὶ
3129 782 3189 835 τὸ
3235 778 3401 853 αἷμα·
3441 785 3534 836 καὶ
3561 786 3610 836 oi
3641 787 3802 855 τρεῖς
3840 787 3892 837 ἐν

2311 870 2438 920 εἱσι.
2482 890 2498 919 ι
2543 873 2685 943 Νικᾷ
2725 873 2821 942 μὲν
2847 874 2938 926 τὸν
2971 874 3175 942 κόσμον
3204 877 3232 926 ὁ
3264 874 3531 927 πιστεύων
3556 877 3642 928 ὅτι
3681 874 3892 944 Ἰησοῦς

2310 959 2457 1011 ἐστιν
2501 963 2528 1012 6
2587 962 2710 1025 Υἱὸς
2755 963 2843 1015 τοῦ
2878 964 3033 1018 θεοῦ,
3075 964 3170 1026 Τίς
3203 963 3259 1016 δέ
3289 966 3433 1018 ἐστιν
3471 965 3702 1035 Ἰησοῦς,
3734 966 3892 1026 αὐτὸς

2311 1052 2440 1121 ἡμῖν
2478 1055 2505 1104 6
2545 1055 2719 1123 Ἰησοῦ
2773 1055 3020 1126 μαθητὴς
3071 1056 3349 1124 διατρανοῖ
3396 1057 3601 1120 λέγων’
3664 1077 3682 1108 ι
3724 1053 3891 1119 Οὗτός

2313 1140 2461 1192 ἐστιν
2490 1144 2516 1193 6
2545 1143 2714 1196 ἐλοὼν
2763 1144 2829 1197 δι’
2877 1145 3066 1208 ὓδατος
3101 1144 3192 1196 καὶ
3239 1147 3465 1215 αἵματος
3511 1146 3718 1214 Ἰησοῦς
3765 1148 3889 1217 Χρι-

2313 1232 2455 1290 στός.
2495 1251 2510 1282 ι
2554 1233 2711 1287 Ἀλλὰ
2738 1236 2830 1288 καὶ
2855 1238 2912 1287 ὲν
2945 1236 3136 1306 αἵματί
3167 1253 3320 1306 φησι,
3368 1238 3458 1288 καὶ
3483 1239 3539 1288 ἐν
3571 1237 3887 1306 Πνεῦματν

2311 1323 2403 1373 καὶ
2433 1325 2558 1385 τοὺς
2586 1328 2732 1394 τρεῖς
2778 1326 2834 1378 ἓν
2884 1322 3020 1380 εἷναί
3066 1343 3248 1396 φησιν.
3307 1327 3511 1378 Οὐκοῦν
3555 1329 3753 1395 γέγονε
3794 1331 3890 1398 μὲν

2313 1413 2450 1483 σὰρξ
2480 1419 2506 1467 6
2545 1418 2715 1484 Λόγος
2739 1460 2753 1482 ,
2802 1421 3017 1488 ἁγιάζει
3047 1422 3100 1473 δὲ
3136 1422 3282 1491 ἡμᾶς
3326 1421 3406 1490 τῷ
3443 1421 3762 1490 Πνεύματι,
3797 1423 3890 1475 καὶ

2310 1507 2596 1577 καθαρίζει.
2643 1510 2719 1580 τῷ
2772 1512 3008 1581 αἵματι,
3079 1513 3173 1564 καὶ
3226 1513 3478 1564 ἀπολούει
3529 1515 3690 1566 πάλιν
3739 1512 3890 1564 ῦδατι

2310 1601 2559 1671 καθαρῷ.
2594 1599 2686 1666 Εἷς
2713 1605 2769 1657 δὲ
2799 1605 2861 1675 δὴ
2890 1606 3105 1668 πάντως
3142 1609 3169 1659 6
3199 1607 3322 1670 Υἱὸς
3347 1649 3363 1672 ,
3395 1602 3453 1661 οῦ
3488 1609 3580 1661 καὶ
3609 1604 3750 1660 εἶναι
3787 1627 3891 1676 φα-

2312 1708 2410 1759 μεν
2442 1694 2500 1744 τὸ
2531 1693 2775 1765 Πνεῦμα,
2810 1697 2902 1749 καὶ
2939 1698 3000 1750 τὸ
3031 1697 3196 1769 ὕδωρ,
3225 1700 3316 1751 καὶ
3346 1700 3404 1752 τὸ
3435 1695 3591 1769 αἷμα.

2386 1803 2402 1833 ι
2445 1785 2505 1836 1·Ῑί
2532 1787 2626 1853 τὴν
2661 1789 2968 1858 μαρτυρίαν
3010 1791 3119 1841 τῶν
3155 1791 3458 1862 ἀνθρώπων
3502 1793 3886 1862 λαμΰάνομεν,

2677 1878 2770 1930 τοῦ
2801 1879 2936 1932 Θεοῦ
2983 1883 3184 1950 μείζων
3218 1885 3398 1935 ἐστίν·
3428 1885 3506 1937 ὅτι
3547 1884 3684 1956 αῦτη
3735 1888 3891 1939 ἐστὶν

2311 1968 2342 2036 ἠ
2393 1969 2665 2038 μαρτυρία
2706 1971 2800 2024 τοῦ
2835 1972 2992 2034 Θεοῦ,
3046 1975 3126 2026 ὃτι
3174 1976 3566 2046 μεμαρτύρηκε
3609 1981 3740 2045 περὶ
3792 1980 3887 2032 τοῦ

2312 2057 2439 2110 Υἱοῦ
2493 2060 2678 2114 αὑτοῦ.
2731 2062 2787 2114 't)
2826 2065 3095 2117 πιστεύων
3139 2067 3219 2129 εις
3263 2067 3354 2118 τὸν
3401 2069 3524 2120 Υἱὸν
3566 2070 3658 2122 τοῦ
3713 2071 3888 2136 Θεοῦ,

2307 2149 2419 2218 ἔχει
2461 2150 2557 2220 τὴν
2608 2155 2912 2223 μαρτυρίαν
2953 2158 3010 2208 ὲν
3043 2158 3237 2229 ἑαυτῷ.
3280 2159 3336 2214 Ὀ
3376 2162 3449 2230 μὴ
3498 2163 3773 2215 πιστεύων
3808 2165 3889 2232 τῷ

2306 2239 2444 2308 Θεῷ,
2476 2241 2716 2313 ψεύστην
2767 2248 3062 2315 πεποίηκεν
3094 2250 3274 2313 αὑτὸν,
3306 2252 3386 2305 ὅτι
3422 2253 3518 2303 οὐκ
3558 2254 3888 2307 ἐπίστευσεν

2306 2330 2384 2391 εἰς
2427 2333 2526 2400 τὴν
2585 2337 2909 2405 μαρτυρίαν,
2946 2341 3012 2408 ἣν
3051 2340 3401 2410 ἐμαρτύρησε
3436 2345 3559 2413 περὶ
3605 2345 3699 2397 τοῦ
3745 2346 3885 2399 Tia-3

2305 2422 2490 2474 αὐτοῦ.
2536 2443 2553 2474 ι
2600 2427 3040 2498 Μεμαρτύρηκεν
3089 2435 3116 2485 6
3153 2434 3339 2504 Πατὴρ
3373 2434 3449 2504 τῷ
3485 2435 3591 2505 Υἰῷ
3639 2438 3728 2490 διὰ
3784 2439 3886 2491 τοῦ

2306 2514 2659 2583 Πνεύματος,
2703 2520 2797 2571 καὶ
2838 2521 2926 2574 διὰ
2977 2524 3191 2592 φωνῆς·
3239 2526 3318 2578 ὅτι
3365 2529 3472 2597 γάρ
3513 2530 3659 2580 ἐστιν
3709 2530 3884 2582 αὑτοῦ

2305 2605 2442 2657 κατὰ
2503 2607 2777 2676 ἀλήθειαν,
2837 2617 3236 2684 μαρτυρήσειεν
3288 2617 3351 2670 ἂν
3398 2618 3459 2669 τὸ
3490 2624 3748 2690 χορηγεῖν
3787 2622 3881 2675 δύο

2304 2695 2494 2749 νασθαι
2539 2701 2649 2761 τοῖς
2681 2701 2857 2768 ἁγίοις
2889 2704 2949 2755 τὸ
2993 2705 3218 2771 Πνεῦμα
3260 2710 3437 2774 αὐτὸν,
3487 2712 3575 2764 καὶ
3607 2712 3675 2764 δι’
3706 2716 3878 2767 αὑτοῦ

2303 2782 2560 2852 δυνάμεις
2590 2789 2855 2859 ἐνεργεῖν.
2894 2794 3000 2845 Καὶ
3031 2795 3160 2862 γοῦν
3193 2796 3446 2865 ἔφασκεν,
3479 2800 3562 2852 ὅτι
3594 2821 3610 2851 ι
3636 2802 3880 2866 Ἐκεῖνος

2305 2875 2405 2963 ἐμὲ
2448 2877 2680 2943 δοξάσει.
2735 2901 2751 2932 ι
2809 2885 3216 2958 Μεμαρτύρηκε
3271 2891 3327 2942 δὲ
3379 2892 3471 2943 καὶ
3522 2894 3644 2945 καθ’
3687 2896 3877 2963 ἕτερον

2302 2951 2502 3034 τρόπον
2527 2984 2539 2996 '
2572 2970 2788 3036 ἐδόξασε
2811 2981 2831 3008 ³
2871 2975 2977 3043 γὰρ
3007 2978 3170 3030 αὑτὸν
3203 2982 3259 3031 ὲν
3290 2981 3366 3048 τῷ
3399 2982 3638 3054 Ἰορδάνῃ
3678 2984 3873 3053 λέγων’

2311 3076 2328 3106 ι
2364 3054 2528 3121 Οὗτός
2566 3063 2712 3115 ἐστιν
2748 3066 2776 3116 6
2827 3065 2950 3129 Υἱός
3000 3085 3101 3136 μου
3145 3072 3172 3122 ὁ
3210 3072 3512 3143 ἀγαπητὸς,
3555 3077 3613 3127 ιν
3647 3070 3692 3142 ᾧ
3724 3077 3877 3147 ηὐδό-

2306 3166 2470 3219 κησα.
2500 3174 2516 3201 ι
2542 3155 2694 3207 Ὀσοι
2728 3158 2905 3210 τοίνυν
2945 3161 3389 3232 ὰποδιαιροῦντές
3413 3182 3578 3232 φασιν
3609 3169 3713 3219 οὐκ
3739 3164 3876 3221 εἶναι

2310 3241 2432 3293 Υἱὺν
2463 3244 2710 3312 ἀληθινὸν
2742 3247 2831 3299 τδν
2859 3250 2920 3301 ὲκ
2949 3253 3225 3318 γυναικὸς.
3247 3256 3582 3324 ἁναςέρουσι
3610 3260 3668 3312 δὲ
3699 3262 3756 3312 τὸ
3783 3263 3877 3329 τῆς

2303 3335 2547 3403 υῐότητος
2580 3337 2747 3406 ὄνομα
2789 3341 2876 3392 ἐπὶ
2924 3343 3127 3412 γυμνὸν
3176 3346 3269 3397 καὶ
3301 3348 3460 3415 μόνον
3490 3349 3581 3401 τὸν
3631 3353 3697 3404 ἐκ
3743 3352 3868 3406 θεοῦ

2301 3425 2482 3490 Λόγον
2509 3468 2521 3490 ,
2559 3426 2796 3500 ψεύστην
2845 3434 3054 3487 ποιοῦσι
3090 3436 3180 3489 τὸν
3227 3439 3474 3508 Πατέραο
3519 3444 3874 3512 σαρκωθέντα

2301 3513 2408 3580 γὰρ
2448 3515 2537 3565 τὸν
2592 3517 2761 3583 Λόγον
2792 3519 3075 3583 ἀπέδειξεν
3105 3524 3162 3573 ἐν
3194 3523 3272 3592 τῷ
3311 3525 3582 3598 Ἰορδάνῃ,
3617 3529 3715 3579 καὶ
3760 3530 3878 3581 τότε.

2304 3603 2696 3674 μεμαρτύρηκε
2741 3609 2800 3659 τὸ
2849 3609 3072 3680 Πνεῦμα
3105 3613 3271 3683 αύτῷ,
3333 3617 3412 3668 ὅτι
3443 3618 3533 3669 καὶ
3567 3617 3707 3681 Θεός
3739 3621 3872 3684 ἐστι,

2301 3695 2393 3744 καὶ
2429 3694 2552 3756 Υἱὸς
2576 3697 2811 3767 ἀληθῶς.

2757 3905 2874 3955 Ὅτι
2914 3901 3023 3969 (ἱυὴ
3068 3906 3100 3956 ὀ
3142 3907 3390 3973 Χριστός

2506 4011 2600 4063 Ἐκ
2633 4010 2736 4064 τοῦ
2759 4015 2908 4066 κατὰ
2933 4015 3235 4070 Ματθαῒον
3265 4021 3674 4090 Εὺαγτελίου.

2379 4120 2500 4172 Ἐπὶ
2530 4125 2592 4193 τῇ
2639 4122 2864 4196 θυγατρὶ
2911 4126 3007 4179 τοῦ
3043 4129 3494 4200 ἀρχισυναγώγου
3525 4134 3867 4205 γέγραπται,

2293 4210 2374 4262 ὅτι
2415 4231 2432 4260 ‹
2468 4213 2593 4265 Ὀτε
2649 4213 2911 4288 ἐξεϐλήθη
2960 4220 2988 4272 6
3031 4219 3188 4290 ὄχλος
3216 4260 3231 4284 ν
3269 4223 3526 4277 εἶσελθὼν
3582 4227 3612 4278 δ
3666 4229 3870 4298 Ἰησοῦς

2293 4303 2563 4376 ἐκράτησε
2599 4307 2695 4377 τῆς
2724 4309 2907 4380 χειρὸς
2956 4312 3123 4382 αὐτῆς
3147 4354 3161 4378 ,
3201 4315 3295 4366 καὶ
3326 4316 3531 4388 ἠγέρθη
3586 4320 3650 4372 τὸ
3703 4322 3868 4392 κορά-

2295 4411 2426 4446 σιον.
2465 4417 2485 4481 δ’
2518 4397 2615 4464 dii
2650 4398 2703 4450 τι
2733 4399 2807 4472 μὴ
2837 4400 3037 4469 μᾶλλον
3065 4403 3139 4468 ὡς
3171 4406 3264 4458 ἐπὶ
3295 4406 3390 4459 τοῦ
3422 4408 3680 4480 Λαζάρου
3712 4415 3870 4483 ἠρκέ·

625 4474 716 4535 bo,
743 4481 800 4524 ut
824 4476 874 4524 in
900 4471 1093 4525 Lauri
1119 4472 1562 4537 exsuscitatione;
1599 4472 1692 4531 sed
1724 4486 1937 4526 manum
1965 4484 2189 4543 praeter-

627 4575 677 4582 Α-
748 4561 885 4582 3112..-
932 4560 1320 4582 -........Ι---..Ιῖιῆ
1370 4576 1561 4582 _-_...A
1608 4571 1659 4582 --ι
1716 4567 2017 4582 -Α--⁴),μμ.
2078 4580 2118 4582 _,

2306 4484 2398 4554 σθη
2448 4476 2589 4557 λόγῳ
2638 4490 2774 4561 πρὸς
2799 4471 2901 4561 τὴν
2929 4495 3223 4550 ἀνάστασιν
3252 4497 3344 4551 τοῦ
3384 4471 3667 4571 κορασίου,
3703 4471 3865 4574 6:931-

622 4575 694 4615 ea.
748 4561 888 4613 illius
930 4560 1320 4628 apprehendit?
1369 4576 1565 4629 nempe
1608 4571 1666 4615 ιιι
1710 4567 2022 4618 ostenderet
2067 4580 2191 4618 cor-

624 4667 721 4720 pus
759 4667 914 4706 suum
973 4654 1214 4706 vivilium
1275 4667 1429 4707 esse:
1501 4664 1588 4707 est
1637 4653 1780 4707 enim
1811 4670 2007 4724 corpus
2038 4658 2186 4710 vine.

622 4742 986 4806 Quamobrem
1038 4743 1167 4797 unio
1202 4742 1359 4797 Verbi
1424 4759 1547 4797 cum
1606 4759 1769 4799 earuc
1829 4747 2091 4801 naturalis
2136 4757 2191 4801 et

622 4848 747 4885 vera
781 4841 886 4895 est,
924 4848 1028 4886 non
1056 4832 1355 4888 secundum
1398 4834 1568 4889 solam
1609 4850 1961 4904 personarum
1994 4839 2188 4894 coitio-

623 4937 765 4983 nem,
800 4921 881 4974 vel
918 4921 1114 4975 nudam
1151 4922 1318 4975 fatisti
1351 4922 1589 4976 nominis
1635 4925 2069 4992 attributionem,
2095 4938 2187 4981 aut

623 5012 956 5064 voluntatum
1007 5014 1375 5075 concordiam,
1446 5013 1561 5067 sive
1605 5015 1905 5084 simplicem
1960 5020 2189 5087 conjnn.

619 5106 877 5167 ctionem,
903 5112 959 5155 ut
979 5103 1192 5172 quidam
1230 5104 1478 5174 imperite
1510 5115 1800 5176 nugantur.

917 5214 1000 5271 Ex
1044 5214 1327 5288 Evangelia
1351 5219 1635 5273 secundum
1658 5219 1935 5276 Joannem.

698 5323 714 5355 ι
749 5304 1060 5375 Operamini
1091 5324 1198 5362 non
1225 5309 1404 5364 cibum
1441 5311 1529 5379 qui
1564 5314 1726 5381 perit,
1759 5317 1851 5368 sed
1883 5315 1973 5385 qui
2008 5326 2186 5370 manet

689 5455 733 5486 ⁶⁰
757 5455 777 5509 Ι
804 5454 959 5515 Joan.
989 5474 1040 5523 ν,
1065 5459 1185 5515 5-7.
1259 5461 1300 5493 ⁶¹
1330 5462 1456 5517 ibid.
1484 5479 1559 5532 ις,
1587 5464 1672 5519 10.

1752 5468 1796 5498 ⁸⁸
1820 5463 1978 5521 Joan.
2010 5483 2118 5536 ινι,
2160 5469 2242 5524 Η.

2309 4593 2426 4642 mea
2457 4577 2512 4630 δὲ
2549 4580 2638 4630 καὶ
2668 4581 2765 4650 τῆς
2799 4584 2976 4653 χειρδς
3016 4587 3226 4657 αὐτῆς;
3255 4588 3368 4643 Ἵνα
3412 4589 3557 4663 δείξῃ
3604 4590 3869 4654 ζωοποιὺν

2298 4668 2357 4720 τὸ
2389 4668 2551 4721 αὑτοῦ
2589 4672 2782 4741 σῶμαο
2822 4675 2980 4745 σῶ-μα
3014 4678 3122 4750 γάρ
3162 4681 3280 4733 ἐστι
3309 4681 3476 4752 ζωῆς.
3523 4683 3736 4737 Οὐκοῦν
3773 4703 3869 4753 φυ-

2301 4761 2423 4828 σικὴ
2462 4762 2661 4831 μᾶλλον
2685 4765 2778 4818 καὶ
2807 4766 3009 4839 ἀληθὴς
3042 4772 3071 4839 ἡ
3105 4771 3297 4836 ἓνωσις
3325 4775 3358 4844 ή
3391 4773 3526 4844 πρὸς
3552 4774 3654 4845 τὴν
3689 4778 3869 4848 σάρκα

2299 4849 2388 4902 τοῦ
2423 4853 2616 4921 Λόγου,
2645 4856 2738 4908 καὶ
2769 4857 2852 4922 οὐ,
2889 4860 3029 4914 καθά
3054 4880 3216 4931 φασιν
3249 4864 3314 4929 ἐξ
3336 4865 3572 4935 ἀμαθίας
3600 4869 3772 4932 τινδς,
3796 4871 3868 4933 ὠς

2299 4940 2355 4991 ὲν
2399 4943 2577 5010 μόνοις
2607 4945 2915 5016 πέπρακται
2952 4951 3286 5019 προσώποις,
3319 4953 3352 5024 ἢ
3394 4955 3533 5007 κατά
3574 4955 3742 5025 ψιλὴν
3776 4958 3864 5008 εύ-

2298 5035 2507 5103 φημξαν
2543 5037 2634 5088 καὶ
2667 5037 2902 5106 Θέλησιν,
2937 5041 3056 5110 ἤτοι
3083 5046 3377 5111 συνάφειαι]
3413 5045 3622 5110 ἁπλῶς.

2506 5234 2599 5286 Ἐκ
2631 5237 2738 5289 τοῦ
2768 5240 2914 5293 κατὰ
2959 5241 3242 5308 Ἰωάννην
3271 5246 3663 5312 Εὺαττελίου.

2375 5339 2392 5371 ι
2439 5322 2787 5394 Ἐργάζεσοε,
2821 5332 2973 5400 φησὶ,
3017 5333 3090 5404 μὴ
3117 5335 3216 5403 τὴν
3259 5335 3460 5407 βρῶσιν
3490 5337 3588 5406 τὴν
3626 5336 3863 5392 ἀπολλυ-

2324 5472 2368 5502 ⁶⁹
2401 5473 2586 5530 Matth.
2619 5495 2698 5543 ut,
2740 5482 2823 5535 l7.
2901 5483 2946 5515 "
2979 5484 3165 5542 Matth.
3199 5503 3274 5552 ιι,
3303 5488 3393 5543 25.

1667 5619 1840 5677 Variae
1864 5621 2120 5681 lectiones
2155 5625 2354 5683 codicis
2380 5626 2732 5699 Seguieriani.

692 5756 714 5786 ³
748 5748 962 5815 ἔδειξεν.
