4056 6334
153 412 281 470 i289

1228 412 1316 468 DE
1355 409 1580 467 RECTA
1623 410 1776 468 FIDE
1814 408 1906 464 AD
1944 403 2258 464 REGiNAS.

3244 399 3381 458 {Q90

153 525 328 596 μένην,
376 524 511 578 ἀλλὰ
557 524 689 608 τὴν.
715 524 915 597 βρῶσιν
969 526 1068 598 τὴν
1123 526 1390 596 μένουσαν
1433 527 1514 589 εἷς
1559 525 1703 596 ζωὴν

1829 539 1860 578 ιι
1895 523 2058 578 vitam
2081 529 2359 583 :eternam,
2390 531 2550 589 quem
2591 515 2759 571 Filius
2793 513 3032 571 hominis
3085 512 3235 571 dabit
3287 527 3382 568 v0-

148 615 374 680 αῑὼνιον,
402 616 466 686 ἢν
492 616 520 667 6
544 615 667 679 Υἱὸς
699 615 792 668 τοῦ
821 614 1109 688 ἀνθρώπου
1141 617 1272 686 ὑμῖν
1301 616 1462 670 δώσει
1481 633 1497 649 ο
1516 614 1708 670 τοῦτον

149 705 249 777 γὰρ
269 709 303 759 '6
327 706 518 777 Πατὴρ
549 706 877 776 ἐσφράγισεν
906 707 935 758 6
960 706 1114 770 Θεός.
1148 725 1166 758 ›
1203 705 1415 777 Βρῶσιν
1452 705 1588 776 ἡμῖν
1623 702 1711 756 δέ·

146 778 309 849 δωιιεν
348 797 377 850 6
422 797 548 860 Υἱὸς
577 796 670 850 τοῦ
702 796 988 868 ἀνθρώπου
1015 797 1116 868 τὴν
1147 797 1423 866 μένουσαν
1458 797 1537 863 εις
1569 795 1711 867 ζωὴν

149 887 396 949 αἰώνιον.
431 887 672 959 δηλονότι
715 888 814 960 τὴν
854 889 1034 960 σάρκα
1075 887 1266 951 αὑτοῦ,
1311 888 1404 942 καὶ
1445 887 1553 958 γάρ
1598 889 1712 939 ἐστι

151 975 424 1042 ζωοποιός.
456 975 590 1032 Εἶτα
621 979 738 1043 πῶς
780 978 841 1031 οὑ
888 977 1020 1042 Θεὸς
1049 980 1076 1032 6
1108 978 1390 1044 ζωοποιεῖν
1417 977 1713 1048 δυνάμενος

149 1070 237 1123 καὶ
266 1070 353 1124 διὰ
385 1071 484 1139 τῆς
512 1070 647 1135 ιδίας
675 1071 874 1140 σαρκὸς
892 1112 906 1137 ,
937 1070 1132 1134 ἐοικώς
1158 1089 1218 1125 τε
1245 1071 1383 1124 κατὰ
1427 1070 1606 1124 πάντα
1634 1067 1714 1140 τῷ

148 1159 262 1231 Θεῷ
285 1163 378 1215 καὶ
403 1162 576 1232 Πατρί
601 1179 616 1228 ;
661 1162 831 1216 Τοῦτο
861 1163 968 1234 γὰρ
1001 1159 1117 1216 οἶδα
1142 1163 1336 1234 δηλοῦν
1365 1164 1425 1216 τὸ
1452 1164 1715 1232 ἑσφραγῖ-

152 1251 268 1306 σθαι
296 1253 470 1322 λέγειν
511 1254 672 1306 αὑτὸν
701 1253 854 1322 παρὰ
889 1253 980 1306 τοῦ
1007 1253 1161 1306 Θεοῦ·
1194 1254 1287 1308 τοῦ
1316 1252 1714 1324 ἐσφραγῖσοαι

151 1340 498 1410 σημαίνοντος
524 1341 585 1394 τὸ
608 1343 853 1415 ἀκρισῶς
880 1345 1141 1415 ἐμφερές.
1171 1347 1384 1418 Ὠσπερ
1413 1347 1520 1418 γὰρ
1543 1348 1590 1399 εἰ
1612 1363 1716 1415 κη-

154 1431 227 1501 ρῷ
259 1449 339 1495 τις
371 1431 604 1503 ἐμπήξει
647 1435 919 1507 σφραγῖδα
949 1436 1179 1508 χρυσῆν,
1215 1438 1402 1508 ἧγοῦν
1428 1438 1488 1502 ἐξ
1521 1437 1715 1508 ἑτέρας

153 1522 285 1592 ὕλης
322 1525 723 1597 πεποιημένην,
752 1526 881 1598 ὅλην
929 1528 988 1593 ἐξ
1017 1529 1138 1582 ὅλου
1184 1533 1282 1599 τὴν
1321 1531 1518 1599 ἑαυτῆς
1547 1529 1718 1598 ἐμφέ-

152 1631 299 1683 ρειαν
348 1617 765 1686 ἐνσημαίνεται*
812 1619 953 1672 οὕτω
1002 1621 1095 1674 καὶ
1141 1624 1168 1673 ὁ
1216 1621 1349 1684 Θεὸς
1397 1622 1491 1674 καὶ
1530 1621 1718 1694 Πατὴρ

150 1705 271 1767 τοὺς
303 1706 400 1776 τῆς
435 1707 629 1761 ἑαυτοῦ
657 1708 871 1778 φύσεως
918 1712 1271 1782 χαρακτῆρας
1302 1711 1578 1776 οῦσιωδῶς
1627 1713 1721 1782 ἑμ-

150 1797 456 1865 πρέποντας
483 1799 594 1870 ἔχει
618 1801 694 1871 τῷ
728 1802 860 1871 Υἱῷ.
896 1803 1005 1855 Καὶ
1032 1803 1192 1857 τοῦτὸ
1225 1807 1338 1857 ὲστι
1369 1808 1428 1857 τὸ
1454 1808 1717 1876 ἐσφραγῖ-

151 1887 272 1942 σθαι
303 1889 480 1959 λέγειν
511 1893 674 1945 αὑτὸν
699 1895 848 1964 παρά
877 1895 971 1947 τοῦ
1003 1896 1237 1966 Πατρός.

372 2008 470 2058 Ἐκ
501 2006 609 2059 τοῦ
640 2007 790 2060 κατὰ
821 2007 1062 2063 Λουκᾶν
1097 2013 1488 2081 Εὑαγγελιόυ.

223 2111 450 2189 Ἦγειρε
493 2118 583 2171 τὸν
619 2119 869 2192 Λάζαρον
900 2124 928 2175 ὁ
958 2124 1223 2194 Χριστὸς,
1255 2127 1315 2178 τὸ
1343 2125 1437 2178 τοῦ
1470 2127 1724 2196 ἀρχισυν-

147 2211 366 2280 αγώγου
391 2213 704 2284 θυγάτριον,
735 2215 825 2267 τὸν
849 2217 950 2287 τῆς
980 2219 1157 2288 χήρας
1183 2220 1319 2271 υἱόν.
1347 2215 1498 2282 Εἶτα,
1526 2219 1642 2282 πῶς
1662 2219 1724 2271 06

147 2305 264 2374 ζωὴ
291 2305 432 2357 κατὰ
462 2305 621 2373 φύσιν
652 2307 799 2359 ἐστὶν
849 2310 878 2360 6
918 2309 992 2378 μὴ
1030 2310 1174 2379 μόνῳ
1214 2311 1354 2380 λόγῳ
1400 2313 1725 2364 καταπτοεῖν

145 2399 239 2452 τὸν
267 2399 497 2451 θάνατον
527 2399 846 2469 δυνάμενος,
877 2400 1010 2453 ἀλλὰ
1039 2402 1144 2472 γὰρ
1177 2403 1268 2455 καὶ
1297 2405 1362 2473 τῇ
1408 2403 1508 2473 τῆς
1547 2403 1723 2474 χειρὸς

145 2491 295 2560 ἀφῇς
327 2491 433 2544 Καὶ
471 2491 580 2561 γὰρ
624 2487 693 2562 ἦν
721 2492 1014 2546 ἀκόλουθόν
1046 2510 1104 2546 τε
1137 2494 1229 2547 καὶ
1251 2495 1565 2562 ἀναγκαῖον,
1600 2495 1727 2558 (meo

144 2581 304 2635 ποιὸν
332 2578 469 2636 εἶναι
496 2583 555 2636 τὸ
588 2583 752 2654 σῶμα
787 2585 884 2654 τῆς
912 2586 1052 2638 κατὰ
1086 2584 1248 2654 φύσιν
1277 2585 1443 2656 ζωῆς.

462 2870 580 2922 Ὅτι
617 2871 973 2940 ἱλαστήριον
1009 2871 1108 2924 διὰ
1141 2871 1420 2938 πίστεως.

555 2980 643 3032 Ἐκ
674 2978 782 3046 τῆς
808 2979 958 3046 πρὸς
994 2980 1334 3049 Ῥωμαίους.

219 3095 356 3166 Περὶ
386 3093 621 3163 Χριστοῦ
653 3111 815 3162 φησιν
835 3110 848 3123 ·
888 3114 905 3146 ι
952 3096 1048 3147 Ὃν
1079 3094 1343 3167 προέθετο
1370 3097 1398 3148 6
1422 3093 1554 3158 Θεὸς
1611 3095 1725 3148 ἱλα-

148 3189 373 3255 στήριον
400 3185 490 3237 διὰ
521 3186 754 3248 πίστεως
781 3188 836 3238 ὲν
861 3186 938 3256 τῷ
962 3186 1125 3239 αὐτοῦ
1149 3187 1362 3257 αἵματι,
1387 3190 1466 3251 εἰς
1500 3187 1722 3254 ἔνδειξιν

143 3279 247 3344 τῆς
278 3274 620 3344 δικαιοσύνης
654 3275 839 3338 αὑτοῦ,
889 3275 977 3327 διὰ
1007 3276 1105 3344 τὴν
1134 3277 1363 3347 πάρεσιν
1391 3277 1499 3330 τῶν
1525 3295 1724 3348 προγε-

145 3367 385 3435 γονότων
413 3368 848 3437 ἁμαρτημάτων,
883 3369 940 3419 ὲν
969 3371 1033 3437 τῇ
1072 3371 1238 3439 ἀνοχῇ
1267 3368 1360 3422 τοῦ
1400 3369 1558 3437 Θεοῦ,
1589 3371 1725 3442 πρὸς

144 3461 246 3530 τὴν
277 3460 498 3526 ἔνδειξιν
523 3460 620 3530 τῆς
642 3459 986 3531 δικαιοσύνης
1013 3459 1199 3527 αὐτοῦ,
1223 3463 1279 3514 ἐν
1303 3461 1382 3533 τῷ
1402 3463 1496 3516 νῦν
1529 3463 1724 3535 καιρῷ,

144 3553 229 3615 εἰς
262 3553 322 3604 τὸ
350 3546 490 3604 εἶναι
525 3549 688 3603 αὑτὸν
735 3549 941 3602 δίκαιον
967 3589 981 3611 ,
1033 3550 1130 3603 καὶ
1159 3549 1474 3605 δικαιοῦντα
1518 3551 1610 3605 τὸν
1663 3554 1726 3606 ὲκ

144 3643 390 3707 πίστεως
425 3643 650 3714 Ἰησοῦν,
689 3662 707 3694 ι
744 3643 804 3694 Εἰ
829 3643 928 3694 οὑκ
958 3637 1025 3712 ἦν
1066 3642 1264 3713 ἑτέρως
1293 3643 1605 3713 ἱλαστήριον
1636 3661 1727 3712 γε·

143 3733 338 3786 νὲσθαι
385 3734 618 3804 Χριστὸν
649 3737 758 3796 τοῖς
801 3736 857 3786 ἐν
891 3734 1134 3805 ἁμαρτία
1168 3733 1261 3786 καὶ
1295 3733 1403 3805 ἀρᾷ
1438 3735 1533 3786 καὶ⁹
1566 3734 1728 3788 θανά-

142 3843 243 3877 του
280 3827 427 3898 δίκη,
464 3826 603 3897 πλὴν
629 3829 708 3880 ὃτι
738 3826 804 3878 δι’
840 3827 1069 3896 αἵματος
1111 3825 1197 3878 διὰ
1225 3825 1320 3895 τὴν
1351 3826 1579 3895 πάρεσιν
1618 3825 1727 3878 τῶν

144 3920 570 3987 προγεγονότων
622 3919 1033 3988 ἁμαρτημάτων
1083 3916 1358 3985 ἐκχείσθαι
1411 3916 1724 3986 μέλλοντοςο

141 4011 268 4074 πῶς
314 4013 414 4064 οὐκ
461 4012 757 4078 ἀναγκαῖον
789 4010 966 4078 σάρκα
1002 4007 1254 4074 γενέσθαι
1285 4006 1375 4059 τὸν
1405 4009 1596 4076 Λόγον,
1639 4009 1726 4060 ἵνα

141 4105 246 4153 καὶ
290 4104 485 4173 αἵματι
519 4102 594 4172 τῷ
633 4101 765 4168 ἰδίῳ,
799 4099 958 4168 δῆλον
1005 4098 1060 4150 δὲ
1117 4099 1221 4161 ὅτι,
1268 4098 1346 4167 τῷ
1392 4099 1490 4168 τῆς
1534 4100 1725 4152 ἑαυτοῦ

147 4195 396 4262 σαρκὸς,
468 4194 735 4263 δικαιώσῃ
801 4193 1006 4254 πάντας
1072 4191 1200 4253 τοὺς
1263 4191 1337 4254 εἰς
1417 4191 1578 4243 αὐτὸν
1645 4211 1729 4244 m-

143 4283 472 4353 οτεύοντας;

141 4399 282 4450 ’Ὅτι
331 4398 772 4464 λελυτρώμεθιι,
830 4399 926 4452 καὶ
976 4397 1090 4462 τὴν
1130 4396 1524 4462 καταλλαγὴν
1575 4396 1725 4464 πρὸς

280 4468 429 4520 Θεὸν
464 4469 812 4538 ἐσχήκαμεν
839 4469 936 4522 διὰ
966 4468 1071 4521 τοῦ
1101 4467 1351 4533 αἵματος
1382 4465 1591 4518 αὑτοῦ.

412 4580 512 4631 Ἐκ
540 4579 648 4646 τῆς
683 4582 832 4648 πρὸς
863 4582 1208 4649 Κορινθίους
1241 4578 1496 4645 πρώτης.

224 4716 244 4749 ε
298 4695 390 4760 Ἐξ
424 4691 587 4746 αὑτοῦ
636 4692 691 4744 δὲ
725 4693 882 4760 ὑμεῖς
918 4695 1036 4745 ἐστε
1072 4696 1129 4745 ὲν
1172 4691 1391 4764 Χριστῷ
1427 4690 1596 4761 Ἰησοῦ
1619 4731 1632 4754 ,
1667 4690 1726 4753 ὃς
1780 4741 1789 4749 ,

138 4789 418 4859 ἐγεννήθη
439 4790 455 4823 ι
494 4785 654 4852 cogi:
684 4786 814 4853 ἡμῖν
845 4786 953 4836 ἀπὸ
979 4785 1134 4850 Θεοῦ,
1171 4785 1481 4853 δικαιοσύνη
1518 4800 1598 4847 τε,
1629 4784 1722 4836 καὶ

139 4881 445 4954 ἁγιασμὸς,
472 4880 565 4933 καὶ
591 4876 967 4947 ἀποὶύτρωσις
990 4892 1002 4904 ·
1039 4877 1146 4942 ἵνα,
1176 4878 1357 4942 καθὼς
1391 4879 1720 4947 γέγραπται,

150 4980 213 5029 ’t)
245 4975 625 5044 καυχώμενος,
657 4971 713 5022 ὲν
730 4968 916 5039 Κυρίῳ
948 4969 1257 5037 καυχάσθω.
1285 4989 1303 5021 ›
1329 4966 1726 5039 Λελυτρώμεθα

134 5071 330 5120 τοίνυν
367 5070 424 5119 ὲν
453 5064 695 5136 Χριστῷ,
729 5063 822 5117 καὶ
866 5060 1197 5131 ἡγιάσμεθα,
1235 5064 1329 5116 καὶ
1377 5063 1532 5130 σοφοὶ
1565 5059 1725 5129 γεγό-

135 5176 341 5227 ναμεν.
376 5175 394 5208 ι
426 5160 586 5210 Πᾶσα
617 5158 672 5210 δὲ
695 5156 840 5219 δόσις
865 5153 1074 5222 ἀγαθὴ,
1105 5157 1197 5204 καὶ
1237 5157 1345 5207 πᾶν
1377 5155 1606 5225 δώρημα
1641 5150 1727 5204 τὲ-

133 5253 290 5302 ).ειον
323 5249 528 5301 ἄνωθέν
559 5251 697 5313 ἐστι,
721 5248 1046 5302 καταϐαῖνον
1079 5245 1232 5316 παρὰ
1259 5247 1351 5300 τοῦ
1377 5248 1589 5318 ιῐατρὸς
1615 5243 1724 5298 τῶν

135 5343 377 5411 φώτων,
413 5341 660 5393 τουτέστι
686 5340 840 5395 Θεοῦ.
879 5359 896 5390 ι
933 5335 1069 5392 Εἶτα
1121 5338 1237 5400 πῶς
1269 5341 1330 5390 οὐ
1367 5341 1499 5403 Θεὸς
1529 5341 1556 5392 6
1589 5339 1724 5410 Χρι-

219 5497 266 5526 ⁶¹⁵
295 5493 452 5548 Joan.
486 5510 557 5553 νι,
586 5495 674 5550 27.

138 5585 183 5630 ι.
230 5567 326 5632 '50,
353 5565 442 5620 5|.

755 5497 798 5527 “
832 5497 986 5552 Joan.
1022 5510 1095 5558 XI,
1123 5493 1210 5547 45.

519 5564 564 5593 ⁷³
589 5564 703 5623 Jac.
741 5583 778 5632 l,
824 5569 906 5622 l7.

1323 5495 1364 5524 "
1400 5494 1528 5550 an.
1573 5512 1690 5562 vm,
1726 5497 1814 5550 5.5.

1813 613 1925 669 bis:
1951 613 2096 668 hunc
2122 612 2267 667 enim
2293 608 2454 664 Pater
2479 608 2711 677 signavit
2737 605 2878 662 Dens
2907 606 2973 658 ".
3001 623 3019 657 ι
3055 603 3249 660 Cibum
3287 616 3383 658 no-

1815 704 1898 760 bis
1926 705 2233 775 impertitus
2261 713 2348 758 est
2369 700 2535 756 Filius
2551 700 2786 755 hominis
2804 707 3114 754 manentem
3137 697 3192 753 in
3218 697 3382 751 vitam

1815 809 2096 863 aeternam,
2126 797 2382 852 nimirum
2415 810 2566 851 suam
2597 807 2852 858 carnem;
2905 800 2989 848 est
3030 791 3175 846 enim
3207 805 3269 845 ea
3298 791 3382 843 vi-

1819 889 1997 945 viﬁca.
2036 889 2156 945 Jam
2185 891 2458 959 quomodo
2486 889 2530 944 is
2559 887 2700 942 Deus
2725 902 2831 942 non
2862 894 2968 951 est,
2995 885 3086 956 qui
3127 899 3223 956 per
3261 899 3385 954 pro-

1817 979 1988 1048 priam
2020 996 2238 1052 quoque
2260 997 2482 1037 carnem
2509 980 2787 1036 viviﬁcare
2822 988 3018 1050 potest,
3042 979 3243 1050 quique
3277 978 3388 1030 Deo

1822 1083 1878 1124 et
1899 1070 2050 1126 Patri
2082 1087 2180 1140 per
2211 1074 2391 1127 omnia
2421 1072 2644 1142 aequalis
2673 1070 2795 1127 est?
2824 1070 2935 1125 Hoc
2956 1069 3100 1124 enim
3129 1068 3386 1128 insinuat,

1818 1164 1944 1217 dum
1984 1179 2013 1218 a
2049 1164 2158 1218 Deo
2184 1165 2526 1235 obsignatum
2555 1165 2663 1236 97
2686 1179 2747 1219 se
2780 1163 3116 1234 pronuntiat.
3169 1159 3384 1215 Etenim

1818 1253 2553 1324 obsignationir'vocabulnm
2583 1273 2898 1328 expressam
2969 1251 3386 1310 similitudinem

1819 1346 2043 1402 indicat.
2087 1347 2554 1414 Quemadmodum
2587 1349 2732 1404 enim
2766 1349 2809 1403 si
2843 1347 2968 1418 quis
2995 1359 3246 1410 aureum,
3288 1351 3384 1397 aut

1821 1434 2045 1492 alterius
2077 1439 2319 1508 cujusvis
2371 1441 2614 1494 materia:
2655 1440 2895 1510 sigillum
2929 1454 3071 1494 cerae
3100 1438 3394 1505 impresse-

1823 1529 1913 1595 rit,
1947 1538 2112 1584 totam
2144 1532 2370 1587 omnino
2395 1532 2559 1602 sigilli
2591 1532 2732 1587 illius
2767 1529 2996 1602 effigiem
3027 1529 3273 1584 inducit:
3313 1527 3389 1580 ita

1823 1619 1968 1676 Deus
2011 1620 2172 1676 Pater
2192 1637 2409 1693 quoque
2443 1638 2782 1693 expressam,
2819 1622 3164 1689 con5picuam
3219 1632 3395 1674 essen-

1825 1711 2112 1782 tialemque
2168 1721 2374 1769 naturae
2420 1730 2531 1769 sua:
2563 1715 2789 1784 ﬁguram
2823 1713 2873 1766 in
2907 1711 3044 1767 Filio
3081 1711 3264 1766 habet.
3292 1709 3390 1761 At-

1825 1815 1928 1869 que
1961 1801 2102 1857 istud
2129 1813 2213 1857 est
2242 1804 2381 1874 quod
2406 1819 2465 1858 se
2498 1819 2524 1856 a
2552 1801 2709 1858 Patre
2743 1803 3083 1873 obsignatum
3105 1798 3352 1854 aﬂirmet.

2109 1998 2195 2052 Ea:
2233 1999 2524 2068 Evangelia
2578 2000 2864 2054 secundum
2895 1997 3114 2052 Lucam.

1901 2108 2262 2165 Exsuscitavit
2306 2110 2553 2166 Christus
2610 2110 2875 2165 Lazarum
2921 2110 2988 2174 “,
3055 2122 3166 2164 tum
3221 2111 3399 2166 archi-

1831 2204 2090 2275 synagogi
2135 2219 2351 2274 quoque
2385 2205 2552 2259 tiliam
2584 2207 2650 2269 ⁸⁷,
2674 2215 2728 2259 et
2753 2206 2926 2259 viduae
2962 2204 3132 2260 lilium
3161 2203 3229 2259 ⁸⁸.
3267 2203 3399 2272 Quis

1827 2309 1956 2364 ergo
1988 2305 2164 2364 neget,
2194 2296 2284 2365 qni
2316 2297 2421 2348 vita
2454 2297 2752 2350 secundum
2781 2303 3027 2349 naturam
3058 2296 3310 2359 exsistat,
3343 2305 3401 2348 nt

1826 2387 1918 2455 qui
1943 2401 2045 2440 non
2077 2396 2286 2440 tantum
2332 2388 2516 2453 verbo,
2541 2387 2636 2442 sed
2670 2401 2780 2442 suae
2809 2401 3022 2456 quoque
3052 2401 3248 2441 manus
3271 2400 3403 2440 con-

1830 2488 1976 2532 tactu
2004 2489 2235 2534 mortem
2276 2479 2732 2548 perterrefaciat?
2761 2479 2890 2534 Erat
2929 2480 3072 2532 enim
3111 2487 3401 2533 consentit-

1830 2587 2011 2636 neum,
2067 2573 2176 2625 imo
2228 2587 2357 2626 vero
2419 2572 2640 2626 omnino
2702 2571 3094 2636 necessarium,
3128 2582 3182 2626 ut
3207 2586 3404 2642 corpus

1835 2663 1976 2715 illius
1998 2673 2141 2717 esset
2170 2663 2464 2727 viviticum,
2494 2666 2586 2732 qui
2624 2663 2730 2717 vita
2763 2672 2884 2717 erat
2911 2663 3207 2718 secundum
3237 2675 3400 2717 natu-

1830 2767 1966 2809 ram.

2015 2868 2166 2932 Quod
2191 2865 2437 2923 Christus
2471 2883 2563 2934 per
2593 2866 2751 2934 [idem
2785 2867 2850 2920 sit
2891 2869 3218 2936 ρνομὶιὶαιὶο.

2252 2975 2333 3030 Ex
2357 2975 2596 3045 Epistola
2629 2977 2697 3029 ad
2726 2975 3012 3032 Romanos.

1904 3110 1921 3142 ι
1968 3090 2140 3157 Quem
2173 3091 2261 3161 (de
2299 3089 2519 3144 Christo
2567 3105 2747 3144 sermo
2776 3093 2880 3160 est)
2941 3095 3222 3161 proposuit
3257 3092 3402 3151 Deus

1831 3183 2271 3253 propitiationem
2333 3198 2428 3251 per
2463 3183 2622 3237 [idem
2687 3184 2740 3236 in
2791 3186 3054 3254 sanguine
3100 3186 3288 3256 ipsius,
3340 3194 3407 3244 ad

1835 3279 2198 3333 ostensionem
2224 3276 2452 3345 justitia:
2471 3292 2599 3340 suae,
2635 3289 2853 3344 propter
2875 3279 3243 3334 remissionem
3273 3298 3407 3351 prae

1835 3371 2141 3424 cedentium
2196 3368 2540 3431 delictorum,
2607 3368 2658 3421 ιιι
2714 3371 3112 3424 sustentatione
3165 3372 3279 3437 Dei,
3344 3377 3408 3427 ad

1835 3463 2197 3517 ostensionem
2234 3460 2458 3529 iustitia:
2483 3460 2599 3529 ejus
2629 3461 2680 3514 in
2713 3461 3170 3530 hoctentpore,nt
3191 3465 3262 3517 sit
3295 3467 3409 3536 ipse

1831 3556 2032 3625 justus,
2063 3554 2445 3625 etjustilicans
2469 3567 2592 3607 eum
2624 3552 2714 3621 qui
2757 3563 2839 3607 est
2866 3568 2932 3606 ex
2971 3553 3072 3618 (ide
3099 3555 3224 3610 Jcsu
3250 3560 3408 3612 (:hri-

1837 3650 1903 3703 sti
1936 3650 2002 3700 ⁶⁹.
2043 3667 2061 3700 ι
2093 3647 2150 3702 Si
2182 3646 2285 3698 alia
2322 3646 2528 3699 ratiOne
2587 3644 2710 3698 illos
2758 3647 2979 3711 expiare
3037 3663 3139 3701 non
3198 3647 3410 3716 poterat

1835 3740 2209 3811 Christus,qni
2232 3748 2471 3808 peccato,
2492 3746 2546 3789 et
2567 3737 2926 3792 maledictioni
2942 3779 2955 3801 ,
2988 3749 3040 3792 et
3062 3742 3251 3795 mortis
3273 3758 3373 3810 sup
3389 3775 3403 3784 -

1839 3836 1997 3904 plieio
2025 3833 2244 3887 obnoxii
2271 3831 2628 3892 tenebantur,
2681 3828 2781 3882 nisi
2817 3831 3132 3897 sanguinem
3171 3850 3324 3886 suum
3354 3836 3404 3886 in

1838 3924 2634 3996 prmcedentiumpeccatorum
2688 3921 3068 3976 remissionem
3117 3926 3405 3992 profunde—

1841 4027 1954 4084 ret;
1992 4015 2264 4086 quomodo
2297 4023 2353 4066 nt
2391 4011 2621 4066 Verbum
2652 4027 2779 4066 caro
2813 4014 2984 4078 tieret,
3031 4021 3400 4074 necessarium

1841 4125 1944 4164 non
1990 4118 2134 4172 erat,
2180 4119 2371 4174 nempe
2400 4118 2508 4172 quo
2539 4104 2780 4172 proprio,
2832 4105 2932 4158 hoc
2962 4118 3044 4158 est
3088 4123 3198 4161 sua:
3242 4111 3412 4180 ipsius

1838 4203 2020 4259 carnis
2053 4241 2068 4264 ,
2097 4199 2356 4270 sanguine
2401 4213 2612 4260 omnes,
2675 4197 2765 4266 qui
2821 4197 2871 4252 in
2910 4199 3082 4267 ipsum
3153 4206 3407 4257 credituri

1836 4304 2013 4359 erant,
2044 4289 2402 4360 justiliearet?

1932 4408 2081 4473 Quod
2105 4422 2194 4474 per
2224 4403 2422 4457 Christi
2453 4404 2759 4476 sanguinem
2796 4401 3045 4471 redempti
3079 4404 3288 4476 Dcoque

2346 4472 2673 4524 reconciliati
2697 4487 2900 4526 sumus.

2245 4582 2329 4634 Ex
2356 4580 2525 4648 priori
2568 4579 2638 4632 ad
2659 4578 2987 4636 Corinthios.

1911 4712 1927 4743 ι
1970 4692 2044 4746 Ex
2084 4693 2200 4758 ipso
2253 4699 2434 4742 autem
2476 4703 2570 4743 vos
2613 4691 2747 4746 estis
2789 4692 2841 4745 in
2878 4694 3098 4750 Christo
3125 4696 3404 4772 Jesu,_qni

1835 4787 2006 4838 factus
2027 4793 2107 4836 est
2133 4781 2291 4836 nobis
2332 4782 2597 4849 sapientia
2635 4783 2748 4853 98
2782 4799 2809 4836 a
2842 4784 2968 4850 Deo,
3004 4787 3313 4857 etjnstitia,
3352 4807 3406 4848 et

1833 4874 2210 4939 sanctiﬁcatio,
2229 4883 2283 4928 et
2318 4874 2650 4943 redemptio;
2683 4884 2762 4940 ut,
2788 4879 3243 4951 quemadmodum
3276 4885 3407 4940 scri-

1834 4979 1980 5037 ptum
2029 4977 2134 5033 est,
2186 4968 2275 5039 qni
2316 4967 2595 5040 gloriatur,
2651 4969 2704 5021 in
2737 4968 2962 5023 Domino
2992 4970 3251 5041 glorietur
3275 4976 3344 5030 ".
3378 4997 3396 5028 ι

1836 5060 1889 5115 In
1929 5060 2148 5116 Christo
2182 5060 2362 5129 itaque
2395 5059 2684 5128 redempti,
2712 5068 2765 5114 et
2794 5061 3143 5129 sanetitieati,
3204 5076 3257 5120 et
3310 5083 3403 5120 sa-

1835 5157 2044 5226 pientes
2074 5153 2198 5210 tacti
2237 5167 2445 5207 sumus.
2506 5169 2523 5203 ι
2560 5149 2734 5207 Omne
2785 5162 2964 5208 autem
3020 5155 3205 5210 datum
3260 5160 3401 5228 opti-

1838 5263 2008 5313 tnum,
2074 5257 2127 5301 et
2156 5258 2314 5300 omne
2355 5243 2551 5298 donum
2610 5243 2908 5313 perfectum
2973 5245 3259 5302 desursum
3298 5264 3400 5315 est,

1838 5338 2173 5394 descendens
2198 5350 2227 5388 a
2247 5333 2406 5389 Patre
2431 5335 2694 5390 luminum
2716 5337 2784 5399 '“,
2801 5355 2817 5386 ›
2846 5335 2947 5390 hoc
2971 5346 3078 5403 est,
3111 5337 3240 5393 Deo.
3265 5339 3400 5396 Cum

1930 5495 1971 5524 ⁸³
2007 5493 2135 5546 an.
2167 5507 2259 5555 ι-ιι,
2305 5492 2385 5546 14.

2481 5493 2523 5524 ⁶⁹
2558 5491 2712 5547 Rom.
2745 5509 2825 5559 ιιι,
2853 5491 2946 5564 ἓ5,
2971 5495 3059 5550 ‘26.
3145 5497 3237 5551 ⁷⁰Ῑ
3274 5498 3397 5554 Cor.

1211 5701 1379 5756 Varia:
1406 5701 1663 5756 lectiones
1694 5702 1893 5754 t‘Odlt‘lS
1931 5700 2286 5768 Segnieriani.

235 5845 253 5881 ‘
285 5844 536 5914 ἐγενήθη.

357 5940 627 5997 Parnm.
684 5938 801 5996 (in.
847 5936 1106 5995 LXXVI.

2889 5929 2955 5989 41
