4056 6334
660 415 788 471 1291

1702 405 1758 459 S.
1800 398 2071 458 CYRILLI
2111 401 2572 458 ALEXANDRINI
2613 400 2927 458 ARCHIEP.

3764 397 3896 454 129?.

656 547 785 602 ergo
837 529 1087 585 Christus
1138 526 1476 596 sapientiam,
1521 533 1575 578 et
1618 520 2125 586 sanctiﬁcationem,
2170 528 2225 576 et

2349 523 2470 587 ῖτὸς,
2511 522 2538 572 6
2585 520 2777 589 σοφίαν
2823 536 2882 573 τε
2933 519 3026 572 καὶ
3072 518 3345 588 ἁγιασμὸν
3381 517 3476 571 καὶ¹
3520 513 3898 583 ἀπολύτρωσιν

657 622 1085 691 redemptionem
1136 619 1292 675 nobis
1327 617 1604 688 largiatur,
1665 613 1934 683 quomodo
1985 626 2092 668 non
2140 622 2227 667 est

654 713 800 770 Deus
817 715 840 767 ?

782 828 938 894 Quod
965 825 1273 897 p'ch/rristi
1303 821 1605 893 sanguinem
1635 819 1881 888 redempti
1913 833 2114 875 sumus.
2144 872 2147 874 _

814 1005 816 1007 μ
1071 936 1154 991 Ea:
1184 934 1419 1002 Epistola
1447 934 1616 1004 prima
1640 932 1804 988 Petri.

752 1072 769 1104 ι
799 1052 1041 1108 Scientes
1074 1047 1214 1118 quod
1252 1061 1357 1100 non
1381 1046 1822 1115 corruptibilibus
1854 1060 1984 1099 auro
2009 1043 2093 1098 vel
2136 1057 2227 1096 ar-

661 1155 820 1214 gento
859 1139 1120 1207 redempti
1152 1137 1283 1192 estis
1307 1138 1373 1191 de
1404 1151 1539 1189 vana
1583 1147 1760 1190 vestra
1813 1133 2228 1188 conversatiOne

662 1248 898 1306 paternae
929 1232 1258 1297 traditionis,
1315 1230 1409 1284 sed
1461 1228 1697 1297 pretioso
1753 1226 2017 1296 sanguine,
2071 1223 2228 1293 quasi

660 1329 781 1402 agni
814 1323 1142 1380 immaculati
1177 1321 1381 1376 Christi
1423 1331 1476 1374 ct
1517 1319 1926 1373 incontaminati
1952 1319 2023 1372 "’.
2063 1336 2082 1370 ι
2120 1316 2228 1370 Re-

662 1419 858 1488 dempti
889 1418 1033 1472 enim
1073 1427 1282 1478 sumus,
1318 1411 1537 1466 Christo
1588 1411 1865 1480 proprium
1918 1425 2016 1480 pro
2075 1408 2231 1462 nobis

662 1528 860 1584 corpus
894 1507 1258 1581 impendente.
1299 1507 1367 1560 At
1396 1507 1439 1562 si
1478 1514 1534 1559 ut
1566 1507 1725 1559 homo
1753 1503 1990 1574 vulgaris
2027 1502 2230 1556 hahea-

662 1621 773 1670 tur,
818 1604 1088 1676 quomodo
1111 1603 1253 1656 illius
1288 1598 1511 1666 sanguis
1545 1599 1664 1651 vitm
1713 1595 1954 1649 omnium
1986 1593 2229 1648 (nstitua-

662 1702 866 1758 tionem
915 1698 982 1751 ad
1043 1695 1361 1764 dignitatem
1415 1688 1702 1757 exaequat?
1757 1686 1812 1740 Si
1861 1697 2036 1739 autem
2094 1685 2232 1738 Deus

663 1803 778 1846 erat
809 1791 860 1844 in
886 1802 1071 1854 carne,
1104 1784 1194 1854 qui
1227 1783 1566 1851 undiquaque
1585 1779 1932 1849 dignissimus
1958 1787 2060 1841 est,
2102 1790 2233 1829 sane

2326 617 2460 685 ἡμῖν
2491 614 2873 684 δωρησάμενος
2895 645 2907 663 .

2331 817 2458 870 Ὀτι
2495 815 2911 885 λελυτρὼμεθα
2934 813 3031 867 διὰ
3056 812 3163 866 τοῦ
3193 813 3440 880 αἵματος
3467 805 3576 866 τοῦ
3621 808 3901 878 Χριστοῦ.

2536 930 2637 983 Ἐκ
2662 927 2773 996 τῆς
2795 927 3022 997 Πέτρου
3059 926 3416 993 Ἐπιστολῆς
3443 926 3703 994 πρώτης.

2409 1065 2425 1096 ι
2451 1043 2670 1106 Εὶδότες
2687 1041 2769 1095 ὅτι
2798 1043 2858 1095 οὺ
2883 1041 3139 1112 φθαρτοῖς
3167 1039 3410 1111 ἀργυρίῳ
3427 1038 3510 1110 [ἢ]
3531 1039 3774 1108 χρυσίῳ,
3801 1036 3908 1089 ἐλυ-

2331 1136 2578 1208 τρώθητε
2613 1139 2677 1190 ὲκ
2705 1135 2804 1204 τῆς
2842 1135 3074 1204 ματαίας
3121 1131 3276 1203 ὑμῶν
3319 1130 3670 1199 ἀναστροφῆς
3711 1145 3910 1198 πατρικ-

2333 1229 2634 1299 παραδότου
2661 1271 2674 1293 ,
2705 1226 2840 1280 ἀλλά
2881 1225 3048 1295 τιμίῳ
3089 1225 3279 1293 αἵματι
3330 1223 3405 1284 ὡς
3446 1220 3623 1290 ἀμνοῦ
3670 1218 3908 1287 ἀμώμου

2331 1324 2425 1376 καὶ
2463 1321 2694 1376 ἀσπίλου
2722 1317 2982 1389 Χριστοῦ.
3023 1337 3040 1368 ι
3078 1313 3474 1384 Λελυτρώμεθα
3503 1312 3636 1380 γὰρ,
3681 1310 3748 1362 τὸ
3785 1311 3909 1361 ἴδιον

2334 1415 2495 1484 σῶμα
2526 1411 2819 1475 δεδωκότος
2844 1411 2983 1480 ὑπὲρ
3015 1408 3174 1480 ἡμῶν
3219 1405 3312 1460 τοῦ
3360 1403 3622 1476 Χριστοῦ.
3676 1400 3823 1452 Ἀλλ’
3866 1402 3910 1451 εἰ

2335 1508 2436 1577 μὲν
2461 1507 2536 1569 ὡς
2565 1505 2849 1576 ἄνθρωπος
2890 1505 3089 1557 νοεῖται
3118 1499 3296 1562 κοινὸς
3317 1539 3331 1561 ,
3364 1498 3492 1559 πῶςρ
3519 1495 3780 1560 ἀντάξιον
3819 1492 3911 1560 τῆς

2334 1597 2585 1651 ἁπάντων
2637 1593 2781 1663 ζωῆς
2830 1593 2904 1657 τὸ,
2929 1590 3069 1662 αἷμα
3114 1588 3305 1653 autcf);
3348 1588 3407 1640 Εἰ
3453 1584 3511 1638 δὲ
3553 1586 3686 1648 Θεὸς
3738 1579 3809 1653 ἦν
3857 1584 3910 1633 ὲν

2336 1687 2497 1759 σαρκὶ
2538 1688 2566 1738 6
2609 1684 2827 1738 πάντων
2871 1681 3198 1751 ἀξιώτερος,
3247 1677 3541 1746 ἀξιόχρεως
3575 1675 3608 1744 ἡ
3640 1673 3910 1742 λύτρωσις

2334 1778 2428 1833 τοῦ
2460 1777 2668 1848 κόσμου
2696 1775 2897 1838 παντὸς
2928 1773 3014 1827 διὰ
3041 1771 3137 1825 τοῦ
3171 1771 3299 1825 ἰδίου
3323 1769 3554 1838 αἵματος
3578 1766 3667 1835 εἴη
3698 1763 3793 1830 ἂν,
3821 1765 3912 1815 καὶ

664 1879 1159 1936 cumulatissimum
1181 1874 1444 1946 perillius
1483 1871 1799 1942 sanguinem
1848 1868 2078 1938 pretium
2134 1880 2230 1936 pro

2349 1872 2480 1926 ιάλα
2515 1869 2760 1932 εἰκότως.

664 1974 832 2029 totius
887 1969 1071 2026 mundi
1141 1967 1317 2024 salute
1348 1966 1648 2031 impensum
1689 1967 1795 2024 est,
1857 1969 1913 2012 et
1952 1955 2085 2011 satis
2135 1955 2229 2010 de-

662 2072 871 2122 center.

761 2178 911 2243 Quod
944 2175 1137 2231 Christi
1171 2189 1307 2226 mors
1339 2171 1532 2224 mundo
1561 2167 1814 2221 salutaris
1853 2162 2132 2218 exstiterit.

1059 2286 1143 2341 Ea:
1185 2285 1423 2354 Epistola
1457 2285 1523 2335 ad
1566 2275 1849 2334 Romanos.

744 2430 760 2461 ι
801 2404 1154 2464 Commendat
1186 2409 1365 2456 autent
1399 2398 1719 2452 charitatcm
1755 2408 1908 2449 suam
1975 2389 2116 2445 Deus
2183 2388 2234 2442 in

671 2501 858 2556 nobis:
890 2497 1172 2566 quoniam,
1210 2506 1332 2547 cum
1386 2488 1562 2542 adhuc
1607 2497 1920 2556 peccatores
1967 2495 2237 2542 essemus,

669 2589 919 2646 Christus
939 2602 1036 2656 pro
1066 2583 1219 2640 nobis
1245 2593 1490 2635 mortuus
1513 2586 1623 2632 est.
1664 2576 1828 2631 Multo
1873 2575 2038 2643 igitur
2069 2572 2240 2641 magis

673 2697 814 2736 nunc
838 2676 1118 2749 iustiﬁcati
1151 2675 1205 2729 in
1236 2672 1498 2740 sanguine
1528 2669 1720 2738 ipsius,
1743 2667 1876 2719 salvi
1939 2665 2148 2717 erimus
2170 2662 2239 2716 ab

676 2774 752 2826 ira
784 2788 877 2842 per
906 2773 1078 2839 ipsum
1110 2765 1177 2818 ⁷³.
1215 2781 1232 2815 ι
1257 2761 1525 2815 Rursum:
1559 2777 1576 2810 ι
1613 2759 1666 2811 Si
1699 2757 1867 2820 enim,
1899 2769 2020 2808 cum
2061 2751 2241 2806 inimi-

672 2867 718 2919 ei
747 2876 1026 2924 essemus,
1083 2853 1414 2912 reconciliati
1460 2866 1646 2904 sumus
1700 2848 1806 2904 Deo
1867 2862 1959 2916 per
2013 2854 2239 2899 mortem

673 2958 793 3012 Filii
818 2955 957 3024 ejus,
1003 2947 1367 3016 multomagis
1401 2941 1731 2999 reconciliati
1789 2939 1920 2993 salvi
1954 2937 2156 2990 erimus
2186 2934 2239 2986 in

676 3051 785 3102 vita
816 3023 982 3116 ipsius
1007 3043 1073 3096 7".
1115 3061 1132 3093 ι
1175 3040 1228 3094 Si
1261 3037 1493 3092 mundus
1525 3034 1680 3087 aliter
1706 3046 1867 3100 quam
1919 3042 2012 3096 per
2037 3023 2239 3079 Christi

675 3139 990 3207 sangttittettl
1023 3145 1076 3188 ct
1101 3144 1330 3185 mortem
1373 3127 1548 3180 divina
1599 3120 2003 3191 dispensatione
2042 3115 2243 3169 saluta-

2404 2165 2530 2216 Ὅτι
2560 2165 2593 2218 ό
2627 2159 2886 2231 Χριστοῦ
2915 2159 3171 2222 θάνατος
3197 2153 3276 2220 τῷ
3303 2153 3509 2222 κόσμῳ
3543 2148 3866 2216 σωτήριος.

2740 2276 2833 2327 Ἐκ
2862 2273 2973 2342 τῆς
2997 2270 3147 2340 πρὸς
3183 2248 3524 2337 Ῥωμαίους.

2413 2410 2430 2440 ι
2465 2386 2755 2458 Συνίστησι
2798 2387 2854 2438 δὲ
2903 2385 3003 2455 τὴν
3052 2381 3244 2436 ἑαυτοῦ
3290 2379 3509 2449 ἀγάπην
3553 2377 3634 2439 εἰς
3683 2375 3840 2444 ἡμᾶς
3888 2375 3916 2425 6

2337 2479 2490 2547 Θεὸς,
2521 2483 2604 2535 ὅτι
2638 2481 2717 2532 ἔτι
2745 2475 3087 2548 ἁμαρτωλῶν
3116 2474 3284 2526 ὄντων
3306 2470 3482 2542 ἡμῶν,
3508 2467 3744 2539 Χριστὸς
3773 2465 3915 2534 ὑπὲρ

2339 2571 2498 2644 ἡμῶν
2531 2571 2787 2626 ἀπέθανε.
2817 2565 3002 2638 Πολλῷ
3031 2561 3122 2620 οὗν
3167 2563 3364 2636 μᾶλλον
3387 2559 3766 2620 δικαιωθέντες
3821 2554 3916 2609 νῦν

2341 2670 2398 2720 ὲν
2450 2665 2526 2735 τῷ
2581 2659 2773 2733 αἵματι
2804 2658 2990 2722 αὐτοῦ,
3021 2653 3379 2727 σωθησόμεθα
3401 2653 3468 2706 δι’
3492 2650 3653 2704 αὐτοῦ
3687 2649 3801 2701 ἀπὸ
3823 2649 3918 2716 τῆς

2341 2759 2528 2830 ὀργῆς.
2561 2776 2579 2808 ι
2612 2756 2718 2808 Καὶ
2752 2752 2931 2805 πάλιν·
2954 2770 2972 2803 ι
2995 2751 3055 2803 Ei
3090 2750 3198 2818 γὰρ
3227 2745 3409 2816 ἐχθροὶ
3445 2744 3614 2808 ὄντες,
3647 2740 3918 2808 κατηλλά-

2343 2869 2518 2921 γημεν
2563 2849 2638 2919 τῷ
2685 2846 2803 2916 Θεῷ
2843 2845 2931 2898 διὰ
2976 2843 3072 2897 τοῦ
3122 2840 3352 2894 θανάτου
3402 2836 3496 2891 τοῦ
3549 2835 3680 2889 Υἰοῦ
3723 2833 3918 2894 αὑτοῦ,

2344 2941 2522 3011 πολλῷ
2555 2940 2752 3010 μᾶλλον
2784 2934 3216 3003 καταλλαγέντες
3241 2927 3600 3001 σωθησόμεθα
3615 2929 3674 2979 ὲν
3703 2929 3774 2996 τῇ
3807 2926 3918 2992 ζωῇ
3947 2941 3955 2947 η

2346 3033 2530 3087 αὐτοῦ.
2565 3051 2583 3084 ›
2621 3027 2825 3084 Οὐκοῦν
2854 3030 2902 3080 εἰ
2938 3025 3012 3097 μὴ
3040 3024 3242 3094 ἑτέρως
3281 3018 3346 3094 ἦν
3396 3018 3666 3084 σώζεσθαι
3697 3019 3794 3070 τὸν
3829 3018 3921 3068 κό-

2350 3144 2502 3197 σμον,
2535 3127 2580 3177 εἰ
2615 3123 2690 3195 μὴ
2727 3123 2784 3173 ὲν
2831 3121 3020 3190 αἵματι
3056 3118 3152 3171 καὶ
3178 3114 3393 3183 θανάτῳ
3423 3111 3707 3182 χρησίμως
3735 3125 3922 3178 παρα-

682 3236 812 3286 riler
849 3237 1151 3296 susceptam
1187 3233 1406 3293 propter
1444 3216 1869 3288 praecedentium
1923 3210 2240 3263 delictorum

2349 3218 2641 3288 ληφθέντι,
2689 3215 2783 3268 καὶ
2828 3209 3224 3280 οἰκονομικῶς,
3275 3205 3362 3259 διὰ
3401 3204 3497 3274 τὴν
3532 3203 3771 3272 πάρεσιν
3816 3200 3923 3251 τῶν

680 3322 1159 3382 cnmlonatioucm,
1214 3331 1334 3384 qum
1362 3313 1501 3366 Deus
1536 3308 1878 3366 toleraverat,
1917 3299 2113 3356 salvari
2150 3311 2247 3348 tte--

681 3417 886 3486 quibat,
917 3429 1009 3480 per
1031 3410 1308 3463 Christum
1356 3414 1534 3457 autem
1571 3398 1799 3452 salutem
1829 3408 2017 3450 sumus
2056 3404 2245 3445 consc-

688 3482 842 3564 euti:
885 3502 1154 3574 quomodo
1211 3492 1605 3552 incarnationis
1666 3489 1859 3545 modus
1928 3485 2019 3538 Dei
2073 3482 2248 3536 Patris

685 3598 858 3652 Verbo
895 3590 1238 3648 necessarius
1291 3601 1394 3640 non
1451 3589 1588 3645 crat,
1638 3593 1743 3646 quo
1795 3577 1936 3637 illos,
1992 3570 2246 3625 nimirum

680 3691 771 3760 qiii
814 3689 864 3740 in
904 3687 1075 3753 ipsum
1101 3680 1415 3742 crederent,
1455 3689 1550 3743 per
1606 3668 1925 3738 sanguinem
1963 3680 2119 3718 suum
2156 3662 2247 3746 jul-

681 3759 969 3838 stiliearet,
1003 3772 1114 3844 99
1139 3769 1500 3837 Patriqueper
1531 3760 1775 3827 corporis
1799 3759 1878 3810 sui
1908 3764 2133 3807 mortem
2166 3766 2246 3804 re-

681 3843 1238 3931 coiiciliaret,atque
1289 3860 1358 3912 ita
1406 3853 1566 3910 simul
1617 3864 1737 3904 cum
1789 3848 1908 3916 ipso
1932 3847 2097 3901 vitam
2127 3843 2247 3898 adi-

682 3958 1053 4035 pisceremur?

758 4075 774 4107 ι
821 4058 900 4108 An
938 4046 1362 4118 ignoratis,quia
1392 4042 1702 4112 quicunque
1760 4032 2015 4104 baptizati
2053 4045 2246 4086 sumus

683 4152 735 4205 iu
762 4148 981 4203 Christo
1008 4143 1151 4203 Jesu,
1183 4140 1234 4192 in
1264 4141 1489 4190 mortem
1527 4135 1692 4202 ipsius
1732 4127 1986 4198 baptizati
2013 4140 2199 4179 sumus
2227 4123 2249 4176 ?

682 4239 992 4310 Conscpulti
1025 4236 1167 4288 cnim
1195 4245 1378 4286 sumus
1410 4243 1528 4282 cum
1569 4227 1660 4278 illo
1690 4238 1783 4292 per
1812 4220 2143 4289 baptismum
2194 4216 2245 4267 in

691 4305 940 4395 mortem,
985 4337 1043 4380 ut
1075 4323 1344 4393 quomodo
1372 4316 1620 4372 Christus
1652 4311 1899 4366 surrexit
1932 4325 1961 4362 ιι
2021 4305 2250 4360 mortuis

687 4423 1020 4495 pergloriam
1054 4416 1252 4478 Patris,
1292 4414 1363 4464 ita
1400 4419 1452 4462 et
1507 4423 1602 4461 nos
1644 4408 1693 4459 iu
1727 4402 1966 4458 novitate
1990 4399 2112 4452 vitae
2136 4412 2249 4448 am—

686 4487 928 4566 buleinus
958 4509 1061 4559 ⁷⁵.»
1102 4506 1155 4558 Si
1190 4518 1282 4557 cos
1317 4501 1403 4568 qui
1438 4501 1487 4552 iu
1532 4495 1694 4550 terris
1744 4495 1966 4560 degunt,
2029 4487 2250 4541 Christo

2349 3306 2757 3379 προγεγονότων
2781 3301 3218 3373 ἁμαρτημάτων,
3247 3300 3304 3350 ὲν
3337 3299 3401 3366 τῇ
3443 3296 3608 3363 ἀνοχῇ
3634 3292 3731 3344 τοῦ
3761 3291 3919 3344 Θεοῦ·

2350 3398 2671 3470 σεσώσμεθα
2717 3397 2774 3450 δὲ
2801 3394 2889 3448 διὰ
2928 3390 3195 3463 Χριστοῦο
3229 3390 3346 3451 πῶς
3387 3388 3485 3440 οὐκ
3517 3386 3819 3452 ἀναγκαῖος
3849 3382 3925 3451 τῷ

2348 3496 2412 3547 ἐκ
2440 3491 2575 3544 Θεοῦ
2604 3490 2762 3559 φύντι
2807 3488 2965 3556 Λόγῳ
3009 3487 3038 3538 ὁ
3077 3483 3178 3552 τῆς
3208 3481 3534 3552 σαρκώσεως
3561 3478 3764 3548 τρόπος
3786 3518 3802 3542 ,
3841 3479 3926 3527 ἵνα

2347 3585 2612 3655 δικαιώσῃ
2665 3581 2762 3652 μὲν
2797 3582 2855 3632 ἐν
2897 3577 2976 3647 τῷ
3023 3576 3214 3646 αἵματι
3263 3571 3425 3628 αὑτοῦ
3467 3571 3593 3647 τοὺς
3642 3571 3724 3632 εἰς
3761 3570 3926 3621 αὑτὸν

2350 3677 2723 3739 πιστεύοντας,
2761 3670 3074 3740 καταλλάξη
3106 3669 3163 3722 δὲ
3200 3667 3278 3737 τῷ
3309 3665 3482 3735 Ila-:91
3506 3663 3594 3716 atii
3626 3662 3723 3715 τοῦ
3755 3662 3923 3712 θανά-

2352 3789 2442 3825 του
2470 3769 2564 3823 τοῦ
2597 3769 2724 3821 ἰδίου
2757 3767 3026 3836 σώματος,
3063 3763 3151 3815 ἵνα
3189 3761 3282 3815 καὶ
3311 3757 3634 3829 σνζήσωμεν
3663 3754 3850 3824 asa};
3900 3816 3903 3817 ν

2428 4053 2445 4084 ι
2486 4034 2553 4084 Ἥ
2584 4033 2850 4101 ἀγνοεῖτε,
2882 4029 2962 4080 ὅτι
2992 4027 3104 4078 ὅσοι
3135 4020 3544 4090 ἐϐαπτίσθημεν
3576 4020 3655 4079 εἰς
3689 4016 3922 4088 Χριστὸν

2364 4127 2590 4196 Ἰησοῦν,
2619 4125 2698 4187 εἰς
2727 4123 2817 4174 τὸν
2849 4121 3076 4174 θάνατον
3106 4116 3271 4170 αὑτοῦ
3301 4111 3750 4182 ἐϐαπτίσθημενς
3798 4111 3926 4162 Συν-

2354 4220 2632 4288 ετάφημεν
2686 4212 2779 4270 οὖν
2825 4212 2974 4282 αύτῷ
3018 4212 3105 4265 διά
3137 4210 3231 4263 τοῦ
3287 4206 3665 4278 βαπτίσματος
3713 4205 3793 4267 εἰς
3840 4204 3925 4254 τὶν

2354 4313 2580 4367 θάνατον
2602 4328 2614 4340 ⁸
2642 4310 2751 4371 ἵνα,
2781 4308 2968 4377 ὥσπερ
2992 4302 3201 4374 ἠγέρθη
3245 4300 3481 4370 Χριστὸς
3514 4300 3579 4350 ἐκ
3606 4297 3820 4365 νεκρῶν
3845 4294 3926 4345 διὰ

2354 4404 2450 4472 τῆς
2495 4402 2653 4471 δόξης
2680 4399 2772 4452 τοῦ
2800 4399 3012 4468 Πατρδς
3032 4435 3046 4461 ,
3078 4395 3220 4448 οὕτω
3251 4393 3344 4444 καὶ
3374 4392 3533 4460 ἡμεῖς
3563 4389 3623 4440 ὲν
3649 4388 3926 4454 καινότητι

2356 4495 2500 4564 ζωῆς
2535 4493 3016 4564 περιπατήσωμεν.
3056 4505 3076 4538 ι
3115 4484 3178 4537 Ei
3218 4481 3368 4536 πᾶσά
3402 4497 3516 4542 πως
3557 4479 3779 4548 ἀνάγκη
3811 4478 3928 4536 τοὶρς

687 4617 782 4672 per
809 4598 1132 4667 baptismum
1165 4595 1216 4646 iu
1246 4600 1473 4645 mortem
1507 4588 1676 4654 ipsius
1700 4578 2027 4648 coriscpeliri
2064 4576 2238 4630 omni-

2361 4588 2454 4641 ἐπὶ
2478 4587 2574 4653 τῆς
2598 4585 2696 4653 γῆς
2725 4579 3122 4635 συνθάπτεσθαι
3150 4573 3369 4645 Χριστῷ
3390 4572 3477 4624 διὰ
3505 4569 3601 4623 τοῦ
3623 4570 3932 4639 βαπτίσμα-

687 4708 757 4748 ιιο
792 4703 1070 4745 nccessum
1100 4696 1217 4750 est;
1256 4694 1310 4736 ιιι
1335 4679 1792 4751 quemadmodum
1854 4675 1941 4727 ille
1993 4688 2057 4726 ex
2104 4686 2248 4724 mor-

690 4787 793 4839 tuis
814 4780 1133 4844 resurrexit,
1169 4777 1243 4829 ita
1276 4787 1330 4829 et
1367 4788 1462 4826 uos
1483 4785 1703 4839 quoque
1757 4767 1808 4819 iu
1858 4766 2093 4819 novitate
2125 4764 2247 4815 vitae

691 4873 1042 4932 ambulemus,
1090 4878 1344 4934 tanquam
1396 4860 1557 4915 simul
1616 4870 1735 4911 eum
1787 4871 1872 4920 eo,
1933 4854 2023 4924 qui
2079 4853 2254 4908 nostri

691 4979 854 5019 causa
885 4971 1126 5015 mortuus
1167 4965 1250 5010 est
1295 4963 1349 5008 et
1376 4968 1404 5006 a
1438 4951 1670 5005 mortuis
1726 4963 1937 5001 rursum
1984 4948 2256 5000 excitatus

690 5069 792 5121 est,
824 5053 1017 5109 mortui
1049 5061 1103 5105 et
1133 5048 1386 5103 excitati:
1424 5043 1668 5113 profecto
1710 5056 1816 5095 non
1862 5041 2068 5108 absque
2101 5055 2250 5092 sum-

693 5164 778 5202 ma
812 5145 1042 5200 utilitate
1066 5156 1128 5196 ac
1149 5138 1472 5193 necessitate
1497 5134 1894 5189 incarnationis
1929 5129 2256 5202 mysterium

694 5248 958 5310 patratum
990 5245 1090 5299 est,
1147 5231 1405 5298 earnique
1432 5236 1486 5282 et
1517 5227 1766 5297 sanguini
1831 5222 2258 5279 communicavit

694 5334 962 5396 Verbum;
996 5343 1124 5396 quo,
1163 5323 1416 5378 videlicet
1444 5319 1602 5375 simul
1629 5335 1748 5373 cum
1806 5318 1901 5372 illo
1933 5317 2024 5388 qui
2055 5330 2256 5371 secun-

694 5432 814 5486 dum
849 5437 1068 5478 carnem
1114 5429 1357 5472 mortuus
1410 5425 1465 5467 et
1524 5413 1870 5466 resuscitatus
1898 5420 2000 5476 est,
2061 5417 2116 5464 et
2162 5421 2257 5462 nos

693 5529 904 5583 quoque
932 5513 1227 5565 moriamur
1255 5518 1308 5561 ct
1331 5519 1704 5575 resorgamus.

769 5626 786 5657 ι
827 5606 881 5660 Si
911 5605 1054 5657 enim
1115 5600 1459 5670 complantati
1514 5598 1637 5652 laeti
1699 5611 1882 5650 sumus
1916 5590 2259 5649 similitudini

697 5699 884 5752 mortis
913 5697 1050 5766 ejus,
1107 5694 1263 5749 simul
1321 5703 1374 5745 et
1427 5689 1838 5746 resurrectionis
1892 5686 2097 5740 erimus
2120 5685 2187 5735 ⁷⁸.
2234 5704 2250 5736 ι

792 5853 877 5904 "l
917 5851 1056 5905 l’etr.
1090 5867 1124 5902 ι.
1162 5847 1245 5911 t8,
1285 5845 1361 5899 l9.
1442 5845 1665 5899 “Rem.
1704 5860 1750 5905 ν,
1783 5844 1834 5902 8.
1866 5841 1918 5893 9-

1998 5840 2040 5868 ""
2073 5838 2201 5893 ibid.
2246 5837 2326 5888 10.

2360 4696 2450 4740 τος
2480 4679 2558 4740 εἰς
2588 4677 2678 4729 τὸν
2714 4674 2940 4727 θάνατον
2970 4667 3156 4730 αὑτοῦ,
3191 4667 3277 4718 ἵνα
3319 4664 3508 4731 ὥσπερ
3551 4660 3721 4722 αὐτὸς
3752 4660 3816 4710 ὲκ
3845 4675 3931 4708 νε-

2361 4769 2510 4841 κρῶν
2539 4770 2858 4837 ἐγήγερται,
2882 4761 2975 4814 καὶ
3013 4761 3172 4830 ἡμεῖς
3200 4759 3255 4808 ὲν
3291 4752 3567 4821 καινότητι
3601 4751 3752 4819 ζωῆς
3787 4766 3937 4816 περ-ο

2365 4863 2725 4933 πατήσωμεν,
2761 4857 2836 4918 ὡς
2869 4849 3300 4922 συντεθαμμένοι
3343 4846 3437 4899 καὶ
3467 4843 3934 4912 συνεγηγερμένοι

2363 4955 2440 5024 τῷ
2487 4954 2552 5006 δι’
2588 4953 2731 5022 ἡμᾶς
2759 4944 3085 5001 ἀποθανόντι
3127 4935 3639 5007 καὶὲγηγερμένῳ·
3684 4932 3934 5002 χρειωῐέ-

2372 5045 2543 5098 στατά
2568 5062 2629 5096 τε
2661 5044 2752 5096 καὶ
2782 5037 3093 5106 ἀναγκαίως
3121 5033 3183 5086 τὸ
3211 5033 3310 5100 τῆς
3340 5027 3810 5096 ὲνανθρωπήσεως
3841 5023 3935 5074 πὲ-

2372 5157 2609 5212 πρακται
2636 5136 2950 5207 μυστήριον,
2985 5128 3184 5200 σαρκός
3213 5142 3271 5176 τε
3301 5124 3392 5175 καὶ
3420 5121 3654 5189 αἵματος
3680 5118 3938 5188 μετέσχεν

2370 5233 2397 5285 6
2421 5231 2612 5297 Λόγος·
2645 5228 2731 5279 ἵνα
2761 5225 2854 5279 καὶ
2876 5219 3166 5275 ἀποθανεῖν
3205 5212 3483 5282 λεγομένῳ
3512 5207 3819 5278 σαρκικῶς,
3847 5205 3942 5256 καὶ

2374 5321 2477 5393 μὴν
2505 5320 2597 5373 καὶ
2630 5315 3008 5388 ἐγηγερμένῳ,
3044 5305 3499 5372 συναποθάνωμεν
3543 5302 3639 5353 καὶ
3682 5314 3940 5366 συνεγερ-

2372 5415 2573 5482 θῶμεν.

2447 5611 2464 5643 ι
2500 5592 2560 5642 Εἰ
2588 5589 2694 5658 γὰρ
2729 5586 3000 5655 σύμφυτοι
3046 5579 3350 5649 γεγόναμεν
3376 5573 3455 5644 τῷ
3497 5568 3812 5642 ὁμοιώματι
3852 5565 3940 5615 το]

2374 5683 2603 5734 θανάτου
2628 5676 2812 5740 αὐτοῦ,
2839 5672 2975 5728 ἀλλὰ
3005 5671 3099 5724 καὶ
3125 5669 3222 5739 τῆς
3253 5665 3601 5726 ἀναστάσεως
3626 5657 3890 5729 ἐσόμεθα.
3922 5674 3937 5703 ι

2408 5835 2448 5862 ’⁵
2479 5833 2631 5885 Hum.
2667 5845 2737 5890 γι,
2772 5830 2824 5888 3,
2856 5829 2906 5880 ιι.
2987 5826 3030 5854 ⁷³³
3061 5823 3191 5877 ibid.
3223 5822 3275 5876 5.
