4056 6334
191 400 335 457 1293

1262 417 1349 472 DE
1387 414 1616 477 RECTA
1655 421 1809 478 FIDE
1844 426 1934 481 AD
1971 425 2287 488 REGINAS.

3274 453 3409 511 1296

189 514 350 568 κατά
381 516 472 571 τδν
496 517 608 573 ἴσον
634 520 711 589 τῷ
741 520 938 596 πρώτῳ
959 527 1157 599 τρόπον
1186 532 1398 603 νοήσεις
1436 537 1531 590 καὶ
1561 537 1718 592 τοῦτο

192 623 211 637 ι
262 608 478 637 ’Π-..ἓὲ
515 610 619 637 μὶ.-
652 609 716 637 ἓΛ
748 611 989 637 L..A-_'_.,
1066 623 1079 637 ι
1115 622 1173 637 ιιι
1478 628 1491 637 .
1547 628 1571 637 -
1596 630 1610 637 -
1668 629 1681 637 .

1850 539 1907 597 In
1937 545 2182 602 eumdem
2206 561 2422 605 sensum
2452 558 2507 607 et
2533 551 2675 610 istud
2691 571 2902 627 quoque
2923 577 3195 635 exponas:
3233 568 3409 637 sQuo-

190 623 211 656 ι
262 608 478 681 Ἐπειδὴ
515 610 621 681 γάρ
650 609 716 663 δι’
744 611 1030 687 ἀνθρώπου
1056 623 1085 675 6
1114 622 1343 689 θάνατος
1361 664 1378 690 ,
1406 628 1501 680 καὶ
1543 628 1610 681 δι’
1657 629 1750 682 ἁν-

182 695 406 767 ορὼπου
432 700 724 765 ἀνάστασις
755 708 991 779 νεκρῶν·
1024 712 1213 784 ὥσπερ
1238 716 1346 787 γὰρ
1376 715 1434 769 ἑν
1463 716 1539 787 τῷ
1578 718 1749 788 Ἀδὰμ

180 789 386 852 πάντες
433 791 885 866 ἀποθνήσκουσιν,
952 803 1093 857 οὕτω
1140 804 1235 858 καὶ
1280 806 1339 858 ὲν
1395 806 1474 876 τῷ
1525 808 1747 881 Χριστῷ

181 880 387 944 πάντες
430 881 947 959 ζωοποιηθήσονται.
984 914 1001 946 ι
1034 894 1293 965 Δεύτερος
1326 897 1496 968 Ἀδὰμ
1544 880 1745 972 κεχρηέ

184 974 416 1064 μάτικεν
442 975 469 1027 6
495 976 724 1047 Χριστός
744 998 755 1010 ’
783 984 877 1036 καὶ
904 982 1091 1057 ὥσπερ
1117 988 1145 1039 6
1171 987 1385 1057 πρῶτος
1400 989 1571 1059 Ἀδάμ
1597 994 1744 1064 ἡμᾶς

179 1052 542 1116 κατεϐίϐασεν
570 1068 649 1130 είς
677 1069 901 1141 φθορὰν,
950 1052 1122 1136 οὕτως
1153 1076 1180 1128 6
1206 1052 1455 1147 δεύτερος
1489 1052 1742 1153 ἀνεκόμιζ

179 1162 275 1200 σεν
326 1150 405 1213 εἰς
452 1152 615 1226 ζωήν.
671 1161 781 1230 υύχ
829 1163 906 1226 ὡς
951 1163 1233 1233 ἄνθρωπος
1266 1166 1419 1237 ψιλὸς
1455 1150 1741 1229 ἀποθανὼν

174 1240 321 1311 ὑπὲρ
351 1245 530 1313 ήμῶν,
564 1249 648 1303 ἴνα
681 1252 754 1322 μὴ
792 1255 887 1305 καὶ
930 1255 988 1305 ὲν
1020 1255 1168 1327 αὐτῷ
1220 1259 1489 1331 μείνωμεν
1518 1268 1700 1337 νεκροί
1722 1286 1733 1298 ⁸

173 1328 294 1382 ἀλλ’
325 1332 400 1397 ὡς
431 1335 562 1401 Θεὸς
600 1341 656 1391 ὲν
686 1342 849 1411 σαρκὶ
892 1343 984 1395 καὶ
1016 1347 1152 1416 αὐτῇ
1204 1328 1485 1417 πεπονθὼς
1524 1328 1735 1427 ἀνθρω-

172 1420 371 1488 πίνως,
423 1427 506 1480 ἵνα
541 1428 737 1494 θεῖκῶς
777 1432 1139 1505 ἀναστήσαντι
1168 1440 1257 1494 τὸν
1300 1442 1429 1497 τδιον
1461 1446 1586 1501 ναὸν
1618 1466 1739 1504 συνο

168 1514 489 1586 εγερθῶμεν
519 1520 697 1589 ήμεῖς.

596 1696 689 1750 Ἐκ
724 1697 833 1767 τῆς
860 1703 1010 1771 πρὸς
1030 1708 1325 1778 Γαλάτας.

249 1795 268 1828 ι
301 1780 533 1851 Χριστὸς
562 1786 708 1856 ἡμᾶς
739 1789 1068 1864 ἐξηγόρασεν
1111 1800 1176 1851 ὲκ
1220 1802 1319 1871 τῆς
1362 1806 1605 1878 κατάρας
1639 1811 1731 1865 τοῦ

1854 631 1997 686 niam
2026 635 2242 705 quidem
2272 654 2368 712 per
2402 637 2677 699 hominem
2708 657 2877 715 mors,
2908 655 2963 707 et
2991 631 3091 724 per
3131 631 3404 717 hominem

1851 727 2178 783 resurrectio
2202 740 2574 802 mortuorum;
2627 745 2681 790 et
2734 738 2875 794 sicut
2907 741 2958 796 in
3014 744 3182 802 Adam
3214 766 3408 810 omnes

1850 812 2171 882 moriuntur,
2226 818 2300 873 ita
2353 831 2407 876 et
2449 823 2503 881 in
2569 824 2787 882 Christo
2834 844 3023 889 omnes
3053 836 3411 899 viriﬂcabun~

1850 909 1936 954 tur
1962 902 2029 956 ".
2073 921 2093 957 ι
2119 904 2370 966 Christus
2416 915 2690 972 secundus
2736 917 2909 975 Adam
2948 927 3250 996 appellatus
3299 946 3407 991 est.

1853 988 1919 1044 Ut
1940 998 2122 1048 autem
2175 996 2387 1066 primus
2434 1001 2606 1059 Adam
2634 1021 2732 1063 nos
2763 1006 2958 1079 dejecit
2982 988 3068 1071 ’ίιι
3103 988 3410 1093 corruptio;

1847 1096 1992 1147 nem,
2029 1083 2099 1137 ita
2127 1090 2396 1145 secundus
2450 1092 2620 1149 Adam
2649 1114 2747 1155 nos
2804 1105 3057 1173 provexit
3099 1110 3162 1164 ad
3202 1083 3403 1181 vitam;

1846 1188 1949 1227 non
1976 1183 2033 1229 ut
2058 1176 2218 1232 homo
2242 1186 2546 1241 communis
2599 1192 2768 1247 nostri
2825 1210 2985 1252 causa
3022 1212 3252 1259 mortem
3279 1221 3405 1277 per-

1844 1277 2052 1332 pessus,
2078 1280 2145 1321 ne
2180 1268 2231 1322 in
2261 1268 2353 1327 illo
2383 1279 2579 1331 mortui
2620 1295 2952 1353 maneamus,
3016 1292 3106 1347 sed
3161 1305 3220 1348 ut
3262 1268 3404 1355 licus

1846 1356 2183 1416 incarnatus.
2220 1362 2326 1419 Per
2355 1379 2574 1423 carnem
2618 1386 2855 1444 namque
2886 1392 3077 1446 passus
3100 1394 3182 1439 est
3216 1394 3272 1440 ut
3306 1389 3404 1444 ho-

1844 1463 1962 1515 mo,
1998 1458 2076 1517 ut,
2108 1452 2232 1508 dum
2263 1458 2537 1527 proprium
2570 1464 2826 1533 templum
2866 1469 3044 1526 divina
3071 1475 3270 1533 virtute
3308 1495 3404 1534 ex-

1842 1541 2089 1609 suscitat,
2129 1554 2185 1600 et
2226 1561 2327 1604 nos
2372 1549 2531 1606 simul
2557 1568 2772 1626 quoque
2815 1574 2936 1615 cum
2965 1563 3059 1620 illo
3098 1571 3401 1629 exsuscite-
3455 1613 3458 1616 ~

1842 1644 1979 1685 mur.

2250 1730 2336 1786 Ex
2360 1733 2593 1803 Epistula
2630 1742 2699 1793 ad
2752 1741 2991 1801 Galatas.

1912 1834 1932 1869 s
1962 1818 2212 1877 Christus
2248 1839 2345 1879 nos
2372 1830 2599 1885 redemit
2632 1836 2697 1887 de
2724 1835 3012 1895 maledicto
3042 1840 3195 1912 legis,
3224 1845 3399 1904 lactus

166 1867 358 1939 νόμους
407 1875 694 1944 γενόμενος
742 1881 880 1955 ὑπὲρ
922 1886 1078 1955 ἡμῶν
1127 1867 1371 1964 κατάραι
1422 1867 1720 1969 γέγραπται

166 1963 311 1998 ws...
362 1964 794 1998 ’5‘.....--:.-..--_
824 1978 926 1998 Α-
964 1980 979 1998 ι
1037 1996 1043 1998 Α
1194 1983 1205 1998 .
1428 1990 1439 1998 .
1495 1989 1504 1998 .
1552 1990 1625 1998 _._

1919 1867 1930 1869 _
1970 1867 2212 1877 -.νη-η...
2248 1867 2345 1879 ..ν-ι
2373 1867 2599 1885 mum-us
2632 1867 2697 1887 uc
2725 1867 3012 1895 nauarcurcw
3042 1867 3195 1912 scuta,
3224 1867 3398 1904 laetus

1836 1922 1934 1977 pro
1993 1910 2149 1967 nobis
2207 1914 2579 1987 maleditnum;
2612 1925 2734 1994 quia
2770 1927 3026 1998 scriptum
3072 1944 3155 1989 est
3189 1934 3398 1994 :Male-

164 1963 311 2033 γάρ·
362 1964 794 2042 Ἐπικατάρατος
821 1978 927 2040 πᾶς
958 1980 985 2031 6
1034 1963 1378 2053 κρεμάμενος
1423 1963 1730 2054 έπίξύλουο

166 2053 259 2106 ἵνα
286 2056 367 2118 είς
410 2057 476 2110 τὰ
499 2058 624 2131 ἔθνη
668 2064 700 2130 ή
750 2064 966 2134 εὐλογία
1004 2070 1095 2123 τοῦ
1138 2073 1387 2146 Ἀϐραὰμ
1416 2079 1637 2149 γένηται
1676 2084 1734 2135 ἐν

162 2145 392 2216 Χριστῷ
433 2148 626 2218 Ἰησοῦ,
661 2155 747 2208 ἵνα
775 2157 873 2227 τὴν
900 2160 1232 2230 ἐπαγγελίαν
1278 2145 1373 2221 τοῧ
1421 2145 1734 2242 Πνεύματος

161 2235 424 2308 λάὸωμεν
453 2240 539 2294 διὰ
570 2244 665 2315 τῆς
712 2247 968 2313 πίστεως.
1014 2270 1031 2304 ι
1072 2254 1260 2327 Ἀθρει
1294 2259 1356 2330 δή
1390 2278 1478 2330 μοι
1506 2235 1733 2318 κάντεῦζ

162 2326 283 2392 θεν,
313 2329 611 2400 ὅτι-γέγονε
638 2335 716 2407 τῷ
746 2338 934 2411 κόσμῳ
971 2346 1237 2416 σωτήριος
1281 2348 1311 2399 6
1344 2326 1591 2422 -Χριστοῦ
1636 2354 1731 2409 Θά-

160 2433 330 2484 νατος
352 2438 364 2452 ⁸
391 2423 580 2492 γέγονε
609 2429 718 2499 γὰρ
748 2431 889 2501 ύπὲρ
915 2434 1071 2503 ήμῶν
1095 2440 1327 2511 κατάρα,
1347 2445 1575 2515 σταυρὸν
1600 2446 1731 2500 ὑπο-

162 2508 381 2578 μείνας,
425 2512 521 2566 καὶ
560 2517 889 2585 κρεμασθεὶς
935 2522 1030 2575 ἐπὶ
1083 2508 1262 2591 ξύλου,
1312 2530 1399 2584 ἵνα
1452 2508 1591 2604 λύσῃ
1633 2536 1729 2589 τοῦ

159 2599 372 2669 κόσμου
395 2602 495 2674 τήν
514 2605 810 2677 ἁμαρτίαν,
848 2610 933 2664 ἵνα
966 2615 1045 2678 είς
1075 2616 1143 2670 τὰ
1168 2618 1293 2689 ἔθνη
1328 2621 1361 2690 ή
1386 2599 1602 2691 εὐλογία
1633 2626 1727 2679 τοῦ

174 2688 427 2763 ’Λϐραὰμ
480 2694 701 2766 γένηται
750 2701 808 2755 ὲν
874 2703 1094 2775 Χριστῷ
1153 2688 1362 2776 Ἰησοῧλ
1432 2688 1725 2780 τουτέστιν,

161 2778 251 2830 ἵνα
282 2779 546 2854 δικαιωθῇ
584 2786 651 2839 τά
676 2786 803 2861 ἔθνη
850 2790 937 2845 διὰ
979 2796 1235 2860 πίστεως,
1267 2800 1408 2853 κατὰ
1435 2804 1533 2873 τὴν
1559 2778 1725 2858 δοοεῖὲ

161 2886 264 2923 σαν
312 2868 644 2941 ἐπαγγελίαν
685 2878 762 2948 τῷ
801 2882 1072 2954 Ἀϐραὰμ,
1121 2887 1206 2940 ἵνα
1256 2890 1352 2965 τὴν
1396 2868 1727 2962 ἐπαγγελίαν

156 2960 256 3013 τοῦ
284 2958 600 3034 Πνεύματος
629 2968 882 3041 λάϐωμεν
916 2974 1003 3031 διὰ
1036 2977 1133 3046 τῆς
1166 2981 1417 3047 πίστεως.
1453 2985 1580 3039 Ὅτε
1618 2988 1728 3041 τοία

156 3068 259 3103 νυν
288 3053 384 3104 καὶ
413 3054 512 3123 τὴν
542 3058 598 3109 ὲν
628 3057 776 3129 νόμῳ
801 3059 1020 3114 λέλυκεν
1056 3065 1195 3137 ἀρὰν
1236 3070 1264 3121 6
1297 3070 1531 3140 Χριστοῦ
1564 3073 1727 3129 Οάνα⁴

153 3158 269 3205 τος,
320 3144 413 3195 καὶ
459 3147 792 3219 προύξένησε
827 3156 938 3216 τοῖς
988 3154 1164 3210 ἔθνεσι
1197 3159 1293 3229 τήν
1341 3160 1591 3230 εὐλογίαν
1626 3164 1720 3217 τοῦ

168 3234 443 3307 Ἀϐραὰμ,
483 3240 729 3294 τουτέστι
756 3244 853 3314 τὴν
884 3244 969 3299 διὰ
1002 3249 1234 3314 πίστεως
1258 3252 1440 3324 χάριν,
1458 3257 1719 3327 μετόχους

150 3322 210 3375 δὲ
242 3324 387 3393 ήμᾶς
425 3322 671 3400 ἀπέρηνε
706 3332 797 3383 καὶ
823 3333 916 3386 τοῦ
945 3336 1100 3403 ἁγίου
1131 3322 1470 3411 Πνεύματοςλ
1495 3322 1717 3398 οὐκ-*άν-

152 3411 376 3480 Θρώπου
402 3416 581 3470 κοινοῦ
609 3419 766 3472 νοοῖτ’
800 3420 866 3474 ἂν
900 3425 927 3476 6
952 3424 1181 3491 θάνατος
1219 3430 1414 3483 αὑτοῦ·
1448 3438 1716 3504 περινοεῖν

148 3501 209 3553 δὲ
261 3508 523 3576 προσήκει
572 3509 794 3579 μᾶλλον,
839 3515 919 3568 ὃτι
970 3516 1105 3586 σὰρξ
1167 3520 1399 3590 γεγονὼς
1445 3525 1474 3578 6
1520 3501 1713 3595 Λόγος,

151 3597 318 3664 σαρκὶ
349 3598 613 3653 πέπονθεν
658 3605 796 3676 ὑπὲρ
822 3608 915 3660 τοῦ
947 3610 1174 3680 κόσμου,
1221 3613 1315 3667 καὶ
1344 3612 1565 3684 γέγονεν
1597 3619 1714 3672 ικα-

148 3684 243 3736 νὺν
276 3685 335 3737 τὸ
360 3688 525 3740 αὐτοῦ
558 3691 729 3755 πάθος
758 3697 835 3756 εἰς
866 3698 964 3765 τὴν
996 3699 1088 3752 τοῦ
1120 3702 1324 3771 κόσμου
1353 3704 1637 3777 λύτρωσιν.

537 3781 637 3835 Ἐκ
676 3783 785 3851 τῆς
813 3787 962 3853 πρὸς
999 3788 1335 3860 Ἐφεσίους.

228 3885 247 3917 t
283 3868 419 3923 Νυνὶ
449 3871 504 3924 δὲ
535 3875 591 3925 ὲν
622 3876 843 3947 Χριστῴ
883 3879 1081 3949 Ἰησοῦ,
1117 3886 1275 3956 ὑμεῖς
1302 3888 1350 3940 oi
1383 3890 1513 3943 ποτὲ
1560 3892 1713 3956 ὄντες

147 3961 393 4029 μακρὰν,
438 3964 733 4037 ἐγενήθητε
782 3971 947 4038 ἐγγὺς
1002 3975 1058 4027 ὲν
1088 3976 1165 4045 τῷ
1209 3980 1399 4049 αἵματι
1437 3983 1531 4036 τοῦ
1580 3986 1714 4057 Χρι-

146 4047 298 4101 στοῦ.
328 4052 497 4115 Αὐτὸς
531 4055 641 4125 γάρ
676 4059 821 4113 ἐστιν
847 4063 878 4131 ή
908 4064 1095 4135 εἰρήνη
1123 4047 1299 4137 ήμῶν,
1330 4073 1357 4124 6
1383 4074 1613 4144 ποιήσας
1632 4047 1708 4129 ’τὰ

141 4140 434 4210 ἀμφότερα
469 4144 545 4211 ἓν,
595 4149 689 4201 καὶ
720 4152 780 4204 τὸ
818 4155 1131 4227 μεσότοιχον
1177 4161 1271 4214 τοῦ
1328 4140 1580 4237 φραγμοῦ
1614 4169 1707 4221 λύ-

137 4229 266 4292 σας,
296 4232 393 4303 τὴν
423 4235 620 4307 ἔχθραν
649 4242 706 4294 ὲν
730 4246 795 4313 τῇ
826 4250 987 4316 σαρκὶ
1018 4251 1203 4316 αὑτοῦ,
1223 4229 1591 4312 τῶννέντολῶν
1614 4267 1705 4315 τὸν

139 4322 308 4391 νόμον
341 4327 399 4377 ὲν
427 4327 658 4398 δόγμασι
692 4340 1060 4409 καταργήσας.
1098 4361 1116 4394 s
1155 4345 1215 4398 Ei
1255 4348 1348 4400 καὶ
1390 4350 1519 4413 τοὺς
1546 4353 1705 4419 ὄντας

142 4414 364 4483 μακρὰν
388 4418 475 4471 διὰ
508 4422 566 4473 τὸ
600 4424 903 4481 πλανᾶσθαι
947 4436 1086 4486 κατὰ
1131 4437 1221 4489 τὸν
1263 4440 1485 4510 κόσμον,
1524 4444 1614 4496 καὶ
1645 4414 1704 4497 ἐν

140 4506 396 4578 ἀθεότητι
444 4511 724 4581 διατελεῖν,
777 4521 939 4588 ἐγγὺς
973 4526 1236 4596 πεποίηκε
1279 4528 1340 4581 τὸ
1368 4506 1522 4601 *αἷμα
1572 4536 1705 4604 Χρι-

140 4596 293 4648 στοῦ·
327 4600 443 4663 πῶς
472 4605 570 4657 οὐκ
603 4608 873 4677 ἀναγκαία
895 4617 1003 4676 τοῖς
1033 4618 1121 4669 ἐπὶ
1150 4620 1249 4688 τῆς
1278 4623 1379 4691 γῆς
1404 4626 1435 4691 ή
1477 4625 1571 4677 τοῦ
1603 4628 1706 4679 Λό-

137 4706 240 4755 γου
274 4692 568 4762 σάρκωσις,
609 4702 940 4770 συλλέγουσα
968 4710 1034 4761 τὰ
1060 4710 1386 4784 διῃρημένα,
1414 4718 1507 4770 καὶ
1535 4736 1703 4789 προσ-

136 4782 419 4836 οικειοῦσα
472 4788 570 4855 μὲν
616 4792 690 4861 τῷ
729 4794 845 4865 Θεῷ
888 4801 1011 4862 τοὺς
1062 4807 1298 4873 μακράν,
1351 4809 1607 4872 κτίζουσι
1648 4812 1704 4865 δὲ

134 4872 265 4934 τοὺς
308 4873 401 4927 δύο
441 4876 600 4942 λαοὺς
648 4884 724 4945 εἰς
772 4886 863 4938 ἕνα
914 4892 1099 4944 καινὸν
1146 4872 1430 4967 ἄνθρωπον
1476 4901 1561 4953 διὰ
1604 4906 1703 4972 τῆς

131 4962 303 5015 αὑτοῦ
354 4969 583 5037 σαρκός-ς
634 4973 848 5027 Δέδοται
895 4979 1003 5049 γάρ
1059 4985 1137 5046 εἰς
1180 4962 1447 5057 λύτρωσιν
1494 4991 1601 5044 τῶν
1643 4994 1700 5044 ὲν

129 5055 454 5125 ἁμαρτίαις,
482 5063 573 5113 καὶ
598 5062 662 5115 δι’
694 5066 859 5138 αὐτῆς
912 5072 975 5124 τὰ
1005 5075 1179 5128 πάντα
1222 5083 1596 5151 κατεκτήσατο
1624 5085 1699 5155 τῷ

128 5143 251 5213 Θεῷ
282 5148 375 5199 καὶ
408 5150 602 5222 Πατρί.
650 5155 761 5207 Καὶ¹
796 5160 930 5227 πρὸς
956 5163 1162 5229 τούτοις
1207 5168 1285 5219 ἔτι
1333 5171 1424 5221 καὶ
1455 5174 1483 5225 ὁ
1532 5175 1696 5227 πάλαι

130 5237 478 5307 κατήργηται
522 5243 724 5312 νόμος,
772 5248 846 5312 ὡς
890 5252 1028 5323 ὑπὲρ
1060 5258 1219 5311 αὐτὸν
1261 5261 1427 5329 οὔσης
1466 5266 1561 5333 τῆς
1608 5269 1693 5320 πί-

131 5342 323 5393 στεως,
355 5331 513 5402 δῆλον
539 5336 595 5387 δὲ
635 5339 715 5390 ὅτι
758 5342 855 5411 τῆς
898 5347 956 5397 ὲν
998 5349 1237 5421 Χριστῷ.
1286 5356 1395 5409 Καὶ
1438 5362 1484 5410 εί
1520 5331 1693 5413 -τοῦτό

128 5418 279 5471 ἐστιν
320 5423 537 5494 ἀληθὲς,
589 5429 707 5492 πῶς
736 5434 875 5505 ὑπὲρ
902 5438 1065 5507 νόμον
1112 5418 1372 5515 ήττέστις,
1419 5450 1467 5500 εί
1508 5450 1581 5521 μὴ
1618 5453 1695 5515 ὠς

129 5508 252 5578 Θεῷ
277 5518 720 5589 πεπιστεύκαμεν
744 5524 820 5594 τῷ
852 5527 1070 5601 Χριστῷ
1093 5547 1108 5597 ;

197 5775 241 5807 ⁷⁷
270 5775 313 5831 ll
344 5777 469 5835 Cor.
510 5797 595 5849 xv,
627 5786 714 5839 2i.
795 5789 839 5821 ⁷⁸
872 5790 1041 5845 Galat.
1086 5797 1284 5862 “1,15,
1328 5802 1408 5855 ll.

1837 2000 2010 2057 dictus
2046 2004 2221 2061 omnis
2267 2011 2357 2077 qui
2382 2013 2578 2079 pendet
2606 2014 2851 2088 inligno:
2884 2028 2940 2074 ut
2966 2023 3017 2076 in
3036 2026 3281 2094 gentibus
3310 2029 3399 2086 bc-

1834 2092 2069 2148 nedictio
2101 2095 2254 2151 ﬂeret
2280 2099 2512 2159 Abrahae
2542 2104 2597 2158 in
2632 2106 2851 2165 Christo
2879 2092 3058 2175 Iesu;
3088 2125 3145 2169 ut
3175 2116 3389 2187 pollici-

1835 2187 2089 2241 tationem
2142 2186 2377 2259 Spiritus
2403 2195 2733 2267 accipiamus
2766 2216 2864 2271 per
2892 2205 3048 2260 (idem
3076 2207 3145 2260 ⁷⁸.
3189 2228 3207 2263 ι
3261 2211 3397 2270 llinc

1831 2276 1992 2330 etiam
2028 2280 2322 2349 perspicias
2363 2284 2509 2353 licet,
2551 2289 2753 2347 Christi
2796 2304 3021 2352 mortem
3066 2304 3267 2358 mundo
3304 2321 3382 2362 sa-

1832 2364 2061 2424 lutarem
2090 2374 2383 2430 exstitisse.
2435 2376 2568 2433 Nam
2619 2384 2959 2440 maledictum
3010 2394 3181 2445 nostri
3217 2409 3384 2451 causa

1833 2460 2005 2515 factus
2038 2472 2141 2525 est,
2181 2465 2305 2519 dum
2332 2482 2551 2525 crucem
2577 2475 2857 2545 sustinuit,
2900 2480 3058 2551 ιοο
3087 2498 3291 2543 necnon
3326 2509 3392 2547 ex

1831 2551 1977 2620 ligno
2026 2559 2297 2625 pependit,
2352 2576 2479 2631 quo,
2520 2566 2715 2621 mundo
2766 2586 2793 2623 a
2848 2578 3089 2642 peccatis
3151 2587 3391 2650 expiato,

1830 2643 2064 2701 Abrahae
2093 2648 2399 2706 benedictio
2434 2654 2486 2708 in
2518 2656 2735 2714 Christo
2772 2660 2897 2719 Jesu
2934 2666 3089 2723 fleret
3116 2671 3170 2726 in
3205 2643 3383 2744 genti;

1828 2732 1949 2799 bus,
1981 2737 2081 2791 hoc
2102 2750 2207 2804 est,
2231 2750 2291 2795 ut
2306 2754 2517 2813 gentes,
2545 2748 2698 2817 juxta
2727 2756 3138 2821 promissionem
3154 2732 3386 2821 Abrahre

1829 2824 2049 2891 laetam,
2076 2844 2171 2899 per
2196 2830 2352 2887 (idem
2371 2835 2823 2909 justillcarentur,
2856 2862 3065 2920 nosque
3104 2868 3200 2922 per
3226 2856 3385 2913 iidem

1828 2912 2084 2983 Spiritum
2106 2922 2430 2987 promissum
2461 2929 2851 2992 obtineremus.
2881 2912 3015 2995 Cum
3036 2912 3199 3013 igitur
3222 2912 3382 3004 Chri-

1827 3004 1893 3058 sti
1925 3022 2070 3063 mors
2085 3008 2221 3080 legis
2245 3014 2680 3077 maledictionem
2710 3037 2741 3079 e
2771 3030 2948 3084 medio
2989 3036 3295 3105 sustulerit,
3331 3052 3387 3096 et

1826 3097 2073 3163 gentibus
2102 3116 2317 3157 rursum
2370 3105 2594 3164 Abrahae
2648 3113 3105 3190 benedictionem,
3145 3127 3246 3184 hoc
3302 3144 3386 3186 est

1748 3219 1788 3273 ϐ
1824 3186 2050 3251 gratiam
2070 3203 2164 3282 per
2189 3190 2345 3247 [idem
2371 3200 2657 3266 pepererit,
2676 3212 2730 3256 et
2759 3208 2969 3263 tandem
2999 3186 3230 3282 Spiritus
3254 3234 3387 3274 san-

1821 3278 1891 3331 cti
1921 3280 2207 3350 participes
2229 3299 2328 3341 nos
2360 3288 2685 3357 reddiderit;
2724 3278 3385 3368 neutiquam—existimare

1821 3367 2075 3426 debemus
2141 3385 2367 3432 mortem
2427 3380 2567 3437 illius
2623 3387 3221 3467 vulgariseujuspiam
3279 3404 3375 3460 ho-

1819 3460 1979 3515 minis
1999 3475 2226 3520 mortem
2248 3470 2567 3528 exstitisse:
2604 3478 2735 3541 quin
2789 3480 2842 3534 id
2905 3460 3083 3553 potius
3138 3501 3381 3550 statuere

1819 3565 1918 3605 nus
1954 3550 2129 3620 decet,
2166 3570 2359 3628 nempe
2386 3558 2618 3619 Verbum
2655 3567 2997 3630 incarnatum
3054 3592 3283 3639 mortem
3322 3588 3376 3640 in

1817 3654 1978 3696 carne
2005 3658 2103 3712 pro
2131 3648 2329 3703 mundo
2355 3652 2660 3721 pertulisse,
2700 3659 2925 3731 ejusque
2974 3670 3280 3736 passionem
3308 3680 3377 3732 ad

1815 3744 2026 3787 omnem
2055 3734 2330 3793 hominum
2368 3744 2787 3816 redemptionem
2817 3734 3030 3814 abunde
3069 3775 3152 3818 sat
3182 3765 3369 3823 fuisse.

2226 3830 2309 3884 Ex
2330 3834 2567 3904 Epistola
2597 3843 2666 3895 ad
2695 3844 2963 3912 Ephesios.

1892 3934 1909 3965 σ
1950 3915 2099 3972 Nunc
2132 3930 2310 3976 autem
2345 3926 2396 3979 in
2427 3927 2640 3985 Christo
2665 3932 2816 4001 Jesn,
2851 3954 2945 3995 vos
2969 3945 3058 4012 qui
3083 3948 3372 4021 aliquando

1812 4007 1977 4061 eratis
2014 4008 2191 4080 longe,
2219 4012 2346 4069 facti
2370 4018 2502 4074 estis
2538 4035 2702 4093 prope
2734 4027 2790 4103 in
2852 4007 3110 4100 sanguine
3143 4007 3367 4103 Christi.

1812 4095 1926 4163 ipse
1950 4100 2094 4153 enim
2120 4113 2202 4158 est
2227 4119 2331 4173 pax
2362 4119 2576 4177 nostra,
2612 4116 2701 4183 qui
2736 4098 2863 4173 l'ecit
2895 4095 3123 4196 utraque
3174 4148 3363 4201 unum,

1809 4201 1862 4243 et
1897 4192 2128 4248 medium
2163 4198 2424 4265 parietem
2479 4208 2729 4263 maceria:
2773 4212 3007 4282 solvens,
3064 4223 3377 4283 inimicitias

1812 4280 1862 4334 in
1891 4297 2053 4338 carne
2088 4300 2207 4350 sua,
2239 4288 2407 4360 legem
2454 4298 2831 4358 mandatorum
2867 4306 2919 4361 in
2965 4310 3199 4369 decretis
3234 4331 3365 4372 era-

1808 4389 1978 4428 cuans
2009 4375 2077 4430 ".
2110 4396 2127 4428 r
2166 4378 2319 4445 Quod
2352 4384 2396 4437 si
2428 4400 2525 4441 eos
2552 4390 2639 4456 qui
2670 4395 2856 4460 procul
2910 4399 3157 4469 aberant,
3210 4408 3288 4484 ob
3313 4413 3365 4465 id

1811 4464 2062 4518 nimirum
2098 4472 2240 4535 quod
2268 4487 2363 4540 per
2420 4480 2678 4533 mundum
2730 4486 3017 4545 errabundi
3053 4464 3372 4567 divagaren-

1743 4555 1782 4609 D
1816 4562 1904 4606 tur
1927 4567 2256 4628 mtatemque
2310 4563 2363 4616 in
2393 4566 2669 4637 impietate
2693 4588 2936 4645 agerent,
2972 4555 3370 4656 sattguistltt-i-

1811 4646 1878 4697 sti
1954 4661 2119 4714 prope
2174 4652 2429 4723 adduxit;
2485 4667 2749 4727 quomodo
2825 4668 2984 4727 Verbi
3046 4646 3368 4752 incarnatio,

1810 4750 1928 4802 quas
1962 4749 2013 4791 et
2039 4742 2280 4809 dispersa
2341 4748 2391 4821 in
2441 4766 2603 4806 unum
2659 4759 2898 4830 collegit,
2932 4774 2984 4819 et
3023 4767 3181 4840 longe
3213 4778 3371 4830 aber—

1812 4838 1996 4882 rantes
2027 4829 2134 4884 Deo
2158 4837 2550 4904 reconciliavit,
2583 4854 2634 4897 et
2667 4829 2820 4903 duos,
2842 4856 3067 4922 populos
3114 4863 3167 4916 in
3200 4881 3363 4922 unum

1806 4929 1998 4968 novum
2023 4919 2294 4976 hominem
2347 4942 2441 4995 per
2469 4945 2686 4988 carnem
2725 4919 2863 4994 illius
2910 4919 3135 5018 redegit,
3171 4959 3362 5021 generi

1810 5006 2047 5061 humano
2074 5027 2177 5066 non
2216 5026 2336 5068 erat
2397 5027 2745 5080 necessaria?
2799 5031 3047 5091 Exhibita
3094 5053 3177 5097 est
3218 5049 3361 5104 enim

1808 5096 1921 5150 haec
1948 5114 2076 5153 caro
2141 5103 2190 5155 in
2218 5119 2403 5160 eorum
2451 5112 2821 5172 liberationem
2878 5125 2969 5190 qui
2998 5134 3231 5196 peccatis
3261 5143 3361 5193 ob-

1803 5187 1977 5241 Sll‘lt'li
2043 5197 2385 5261 tenebantur,
2455 5206 2744 5276 omniaque
2800 5228 2896 5281 per
2938 5217 3102 5285 ipsam
3156 5223 3264 5282 Deo
3305 5243 3359 5285 et

1800 5277 1943 5334 Patri
1999 5283 2274 5341 luerifacta
2325 5302 2470 5346 sunt.
2501 5294 2607 5351 Lex
2632 5312 2888 5365 praeterea
2916 5320 3087 5375 vetus,
3111 5320 3251 5382 quod
3291 5322 3356 5373 li-

1800 5369 1894 5423 des
1936 5371 1987 5423 in
2031 5374 2305 5432 ChriStum
2362 5384 2527 5439 multo
2586 5389 2672 5443 illa
2720 5395 2790 5447 sit
2836 5401 3204 5473 excellentior,
3260 5427 3356 5479 per

1802 5460 2045 5513 eamdem
2076 5479 2289 5534 quoque
2322 5471 2519 5529 abolita
2547 5488 2648 5533 est.
2708 5483 2777 5537 At
2808 5493 3075 5555 quomodo
3112 5460 3204 5551 lex,
3229 5460 3352 5559 ll'dei

1797 5548 1956 5612 cedit,
1988 5553 2031 5603 si
2066 5554 2118 5607 in
2148 5556 2417 5616 Christum
2450 5575 2703 5637 tanquam
2738 5574 2788 5627 in
2815 5592 2997 5634 verum
3042 5584 3206 5642 Deum
3244 5606 3352 5649 non

1799 5642 2099 5696 credimus?

1519 5806 1562 5836 ⁷⁹
1591 5807 1783 5876 Epiros.
1820 5828 1875 5879 tt,
1917 5815 2094 5869 15-15.
