4056 6334
642 384 779 442 ιίὶθῦ

1056 495 1137 549 E1
1170 490 1411 562 Epistula
1443 492 1514 545 att
1552 490 1825 546 Πρίηπος.

716 630 733 662 ι
774 609 897 663 ideo
941 607 1249 677 ingrediens
1295 603 1555 658 mundum
1611 603 1742 657 dicit
1790 620 1804 655 :
1866 600 2113 656 Hostiam
2158 610 2214 654 ct

641 701 967 755 oblationem
1024 697 1265 760 noluisti,
1322 711 1520 765 corpus
1573 705 1751 749 autent
1801 694 1995 763 optasti
2037 693 2209 749 mihi:

642 794 1079 846 holocautomata
1120 798 1175 845 ct
1222 804 1319 858 pro
1357 796 1576 857 peccato
1623 801 1727 840 non
1754 785 1847 839 tibi
1874 784 2213 855 placuerunt.

642 886 794 938 Tunc
823 884 976 954 101
1011 884 1121 937 dixi
1155 901 1166 935 :
1202 880 1342 937 Ecce
1378 882 1535 935 venio
1564 898 1577 946 ;
1618 881 1669 933 in
1701 880 1883 948 capite
1921 878 2045 933 libri
2074 876 2213 932 scri-

640 987 789 1043 ptum
846 984 931 1030 est
982 977 1046 1030 de
1098 990 1232 1028 me:
1290 970 1360 1027 Ut
1420 972 1633 1036 faciam,
1686 970 1844 1035 Deus,
1882 970 2214 1024 voluntatem

643 1076 789 1122 tuam
814 1068 881 1120 ⁸⁸.
924 1086 942 1119 ›
978 1066 1179 1121 Christi
1217 1065 1404 1135 passio
1457 1064 1663 1118 mundo
1702 1064 1934 1118 salutem
1982 1063 2214 1132 peperit.

648 1162 840 1216 Verum
876 1177 1055 1231 opera:
1088 1160 1319 1230 pretium
1373 1166 1458 1211 est
1508 1169 1838 1225 cognoscere
1901 1153 2215 1223 ecquisnam

642 1254 731 1306 ille
781 1254 855 1308 sit
906 1250 998 1322 qui
1028 1250 1079 1305 in
1106 1250 1364 1303 mundum
1399 1247 1726 1317 ingreditur,
1774 1246 2215 1316 quandoquidem

645 1346 819 1399 modis
870 1343 1122 1399 omnibus
1174 1342 1221 1395 is
1267 1350 1420 1394 extra
1460 1340 1720 1393 mundum
1751 1350 1891 1392 erat.
1938 1336 2219 1403 Quomodo

644 1452 794 1506 ergo,
856 1434 951 1504 qui
978 1444 1131 1488 extra
1188 1432 1446 1485 mundum
1502 1440 1639 1494 erat,
1703 1432 1985 1497 ingressus
2038 1427 2217 1482 estin

644 1528 859 1598 ipsum?
888 1526 1031 1581 Sane
1062 1524 1416 1592 Unigenitus,
1458 1531 1649 1591 suapte
1684 1532 1877 1574 natura
1908 1522 2217 1574 universum

642 1623 901 1675 mundum
947 1618 1219 1672 excedens
1250 1629 1308 1671 ut
1342 1616 1502 1674 Dens.
1537 1615 1587 1668 in
1636 1614 1892 1666 mundum
1939 1614 2217 1681 ingressus

641 1724 743 1779 est,
778 1728 900 1783 pars
941 1711 1083 1765 illius
1115 1708 1310 1772 factus,
1347 1708 1498 1761 idest
1532 1708 1711 1760 homo.
1732 1704 1803 1756 Ita
1838 1705 2009 1768 enim,
2046 1702 2218 1758 sacri—

644 1808 764 1860 ticio
797 1819 894 1874 pro
934 1803 1090 1857 nobis
1137 1800 1317 1854 oblato
1369 1807 1665 1869 sponteque
1698 1797 1988 1865 semetipso
2009 1804 2218 1849 contra-

641 1902 775 1962 dito,
804 1897 871 1949 ab
913 1894 1132 1949 interitu
1179 1903 1448 1945 terrarum
1485 1888 1673 1942 orbem
1708 1887 2031 1940 vindicavit.

716 2004 733 2038 ι
781 1986 1009 2053 Propter
1057 1982 1204 2051 quod
1256 1989 1311 2033 et
1352 1978 1530 2044 Jesus,
1574 1987 1630 2030 ut
1684 1977 2055 2030 sanctilicarct
2120 1990 2216 2044 per

641 2092 796 2133 suum
836 2073 1157 2145 sanguinem
1202 2070 1501 2141 pepulum,
1548 2078 1703 2123 extra
1756 2077 1968 2136 portatu
2022 2081 2217 2136 passus

639 2177 722 2223 est
753 2168 819 2221 δι.
852 2185 869 2216 ι
901 2166 1018 2232 Quo
1050 2173 1230 2234 pacto,
1265 2176 1470 2229 quaeso,
1505 2160 1800 2229 promiscui
1827 2158 2060 2213 hominis
2088 2174 2215 2211 san-

640 2259 761 2329 guis
792 2266 1011 2312 sanctos
1040 2268 1138 2308 nos
1173 2251 1448 2307 etliceret?
1480 2254 1548 2306 At
1578 2251 1781 2305 Christi
1826 2247 2052 2319 sanguis
2086 2262 2213 2302 san-

651 2350 909 2407 ctificavit
937 2362 1058 2402 nos.
1098 2346 1321 2400 Divinus
1372 2356 1456 2399 est
1510 2345 1713 2414 itaque,
1742 2358 1849 2399 non
1896 2340 2219 2411 simpliciter

640 2448 950 2499 humanus:
988 2440 1130 2494 Deus
1162 2439 1305 2493 enim
1344 2445 1463 2491 erat
1510 2436 1566 2489 in
1606 2450 1771 2491 carne
1797 2476 1811 2501 ,
1857 2434 2074 2505 proprio
2118 2447 2216 2487 nos

639 2535 901 2606 sanguine
935 2532 1256 2588 emundans.

995 2646 1079 2699 Ea:
1109 2642 1348 2713 Epistula
1377 2645 1444 2695 ad
1466 2641 1815 2695 Timotheum.

712 2784 729 2813 ι
766 2762 915 2817 Unus
943 2760 1086 2814 enim
1121 2759 1289 2823 Deus,
1315 2769 1369 2813 et
1409 2775 1549 2813 unus
1594 2756 1866 2812 mediator
1904 2754 1993 2810 Dei
2028 2764 2080 2809 et
2117 2755 2216 2809 ho-

640 2860 843 2910 minum
883 2855 1043 2907 homo
1091 2851 1342 2904 Christus
1382 2849 1577 2915 Jesus,
1632 2847 1725 2917 qui
1783 2845 2209 2914 redemptionem

639 2948 783 3004 dedit
830 2945 1070 3016 seipsum
1130 2956 1228 3010 pro
1274 2941 1529 2996 omnibus
1567 2940 1636 2993 ⁸⁸.
1690 2957 1709 2990 ι
1760 2937 2023 2992 Salutaris
2078 2937 2214 2989 citra

639 3038 1063 3095 controversiam
1100 3034 1303 3090 Christi
1341 3050 1487 3090 mors
1519 3034 1776 3087 universo
1809 3028 2008 3083 mundo
2042 3028 2214 3082 exsti-

641 3136 724 3191 tit.
768 3135 1022 3186 Attamen
1066 3130 1111 3184 si
1147 3126 1400 3182 Christus
1453 3126 1593 3179 Deus
1627 3139 1732 3177 non
1787 3132 1893 3185 est,
1939 3119 2210 3190 quomodo

640 3228 753 3292 ipse
782 3223 932 3277 solus
973 3222 1067 3276 toti
1120 3221 1319 3275 mundo
1360 3215 1641 3272 liberando
1694 3224 1777 3267 sat
1829 3225 1949 3265 esse
1996 3209 2210 3279 potuit?
2242 3246 2283 3304 ϐ

640 3318 709 3369 At
735 3315 859 3385 quia
894 3330 1057 3384 super
1086 3327 1274 3367 omnes
1305 3319 1387 3365 est
1413 3350 1428 3375 ,
1478 3307 1721 3361 omnium
1777 3316 1940 3357 causa
1978 3312 2208 3355 mortem

639 3421 950 3477 DCI'peSSUS,
982 3405 1134 3460 solus
1165 3420 1259 3474 pro
1306 3400 1563 3456 omnibus
1603 3395 1897 3451 satisfecit.
1930 3392 2072 3447 Deus
2108 3394 2212 3446 ita-

638 3515 741 3569 que
780 3508 882 3561 est,
916 3501 1006 3567 qui
1044 3499 1258 3567 propria
1286 3493 1467 3549 carnis
1488 3501 1661 3545 morte
1697 3498 1926 3542 mortem
1958 3502 1985 3539 ιι
2017 3485 2214 3540 mundo

641 3593 960 3664 profligavit.

1119 3701 1211 3755 EX
1251 3696 1715 3754 CATIIOLICIS.

1128 3813 1212 3867 Ex
1244 3814 1481 3882 Epistola
1516 3810 1680 3865 I’ctri.

704 3930 860 3997 Quod
912 3930 1108 3985 Christi
1150 3946 1287 3982 mors
1320 3927 1513 3981 mundo
1542 3924 1800 3980 salutaris
1848 3922 2139 3977 exstiterit.

708 4066 726 4099 ι
772 4045 906 4112 Quia
943 4044 1194 4100 Christus
1216 4042 1383 4099 semel
1415 4058 1511 4111 pro
1543 4040 1787 4109 peccatis
1818 4048 2066 4093 mortuus
2100 4045 2206 4100 est,

630 4138 809 4208 justus
862 4150 957 4205 pro
994 4134 1232 4204 iniustis,
1288 4143 1345 4189 ut
1396 4148 1494 4187 nos
1529 4130 1751 4187 offerret
1800 4129 1933 4193 Deo,
1979 4128 2208 4181 mortili-

633 4237 786 4282 catus
826 4225 1040 4294 quidem
1083 4237 1269 4287 carne,
1310 4222 1616 4275 vivilicatus
1661 4229 1841 4273 autem
1890 4218 2105 4288 spiritu.
2151 4218 2205 4270 In

633 4336 742 4390 quo
776 4329 831 4372 et
880 4318 965 4371 his
996 4316 1085 4386 qui
1131 4316 1187 4369 in
1221 4330 1442 4370 carcere
1466 4324 1631 4368 erant
1682 4312 1960 4382 spiritibus
1988 4312 2208 4364 veniens

635 4408 972 4479 pradieavit,
1011 4406 1099 4475 qui
1164 4407 1426 4461 increduli
1466 4404 1687 4458 fuerant
1734 4403 2027 4472 aliquando
2058 4401 2128 4453 ".
2170 4417 2199 4451 τ

636 4501 779 4554 Multi
806 4512 871 4552 ex
894 4499 1096 4553 sanctis
1124 4498 1281 4567 102
1307 4497 1587 4566 prOphetis
1614 4494 1923 4563 interempti
1952 4503 2078 4548 sunt
2105 4510 2119 4558 ;
2151 4500 2204 4543 at

1639 377 1697 432 S.
1740 372 2013 430 CYRILLI
2053 372 2527 431 ALEXANDRINI
2567 374 2886 431 ARCIIIEP.

3760 378 3884 434 1296

2716 492 2807 547 Ἐκ
2846 492 2954 561 τῆς
2995 495 3141 563 πρὸς
3178 496 3507 567 Ἑϐραίους.

2393 626 2409 657 ι
2441 606 2530 659 Διὸ
2566 606 2945 677 εἰσερχόμενος
2977 607 3057 669 είς
3083 607 3175 660 τὸν
3204 610 3429 679 κόσμον,
3458 610 3608 679 λέγει
3685 611 3887 663 Θυσίαν

2317 694 2410 748 καὶ
2454 696 2770 767 προσφορὰν
2808 696 2907 750 οὐκ
2937 696 3227 769 ἠθέλησας,
3262 700 3423 770 σῶμα
3472 703 3529 756 δὲ
3576 704 3892 775 κατηρτίσω

2321 800 2444 857 μοι·
2479 786 2905 859 ὁλοκαυτώματα
2953 788 3046 842 καὶ
3092 791 3221 859 περὶ
3255 792 3532 863 ἁμαρτίας
3565 796 3665 847 οὐκ
3700 796 3895 867 ἐζήτη-

2320 896 2416 941 σας
2433 885 2481 932 υ.
2519 878 2651 931 Τότε
2703 875 2891 933 εἷπον
2939 881 3069 934 Ἰδοὺ
3112 882 3232 951 ἥκω
3255 900 3267 913 ·
3300 885 3357 935 ὲν
3391 887 3640 952 κεφαλίδι
3687 888 3897 957 βιόλίον

2319 969 2629 1040 γέγραπται
2661 971 2790 1041 περὶ
2820 971 2953 1041 ἐμοῦ
2978 988 2991 1003 ⁸
3039 972 3145 1026 Τοῦ
3183 974 3425 1045 ποιῆσαι,
3455 980 3483 1029 ό
3523 978 3677 1043 Θεὸς,
3706 982 3772 1032 τὸ
3817 982 3899 1033 θέ-

2318 1062 2468 1133 λημά
2503 1081 2615 1116 σου.
2648 1082 2666 1116 ›
2705 1064 2900 1132 Γέγονε
2928 1066 3197 1137 σωτήριον
3227 1067 3302 1137 τῷ
3336 1070 3527 1139 κόσμῳ
3551 1071 3611 1123 τὸ
3638 1072 3737 1125 τοῦ
3765 1074 3898 1144 Χρι·

2322 1156 2447 1209 στοῦ
2478 1156 2667 1220 πάθος.
2705 1157 2851 1228 Πλὴν
2893 1159 3190 1227 ἀναγκαῖον
3226 1161 3351 1213 ἰδεῖν
3397 1162 3479 1224 τίς
3516 1165 3543 1214 ό
3574 1165 3779 1226 εἰςιτὸν
3810 1168 3897 1218 κὸ-

2323 1266 2457 1320 σμον
2488 1249 2896 1321 είσερχόμενος’
2936 1246 3003 1322 ἦν
3048 1253 3154 1323 γὰρ
3197 1254 3299 1320 ἔξω
3346 1255 3439 1307 τοῦ
3475 1256 3682 1324 κόσμου
3726 1258 3899 1327 πάντη

2321 1360 2377 1394 τε
2411 1342 2503 1395 καὶ
2531 1343 2746 1405 πάντως
2766 1358 2780 1373 ⁸
2809 1343 2929 1397 ἐπεὶ
2954 1343 3070 1407 πῶς
3097 1345 3415 1417 εἰσϐἐϐηκεν
3447 1348 3524 1409 εἰς
3555 1347 3722 1400 αὐτὸν
3756 1348 3899 1411 ἕξων

2322 1434 2559 1503 κόσμου“;
2579 1433 2902 1503 Τοιγαροῦν,
2922 1436 3061 1489 κατά
3085 1436 3245 1506 φύσιν
3268 1437 3526 1509 ὑπάρχων
3558 1440 3703 1510 ὑπὲρ
3726 1440 3902 1492 πάντα

2322 1526 2410 1577 τὸν
2456 1526 2679 1595 κόσμον,
2711 1528 2786 1588 ὼς
2812 1527 2942 1590 Θεὸς
2972 1528 3302 1599 Μονογενὴς,
3335 1530 3657 1600 εἰσὸἐόηκεν
3691 1532 3773 1593 είς
3808 1534 3901 1584 αὺ-

2321 1619 2431 1679 τὸν,
2456 1617 2622 1687 μέρος
2655 1617 2819 1669 αὑτοῦ
2849 1617 3106 1686 γεγονὼς,
3126 1620 3399 1673 τουτέστιν
3422 1622 3731 1691 ἄνθρωπος’
3764 1621 3904 1675 οὕτω

2322 1726 2379 1762 τε
2426 1710 2522 1777 τὴν
2572 1709 2711 1777 ὑπὲρ
2740 1709 2897 1778 ἡμῶν
2926 1711 3301 1780 προσκομίσας
3333 1712 3543 1777 θυσίαν,
3578 1715 3675 1767 καὶ
3706 1715 3901 1768 ἑαυτὸν

2323 1800 2561 1867 ἀναθεὶς,
2595 1803 2799 1853 σέσωκε
2830 1802 2925 1873 τὴν
2962 1802 3050 1855 ὑπ’
3081 1802 3329 1873 οὐρανόν.

2400 1998 2416 2029 ι
2445 1978 2534 2032 Διὸ
2552 1979 2643 2031 καὶ
2661 1979 2687 2029 ὁ
2703 1978 2930 2050 Ἰησοῦς,
2951 1980 3037 2034 ἵνα
3062 1980 3263 2053 ἁγιάσῃ
3283 1981 3369 2036 διά
3382 1981 3479 2036 τοῦ
3512 1981 3645 2037 ἰδίου
3667 1984 3902 2054 αἵματος

2320 2071 2408 2124 τὸν
2442 2071 2589 2132 λαὸν,
2624 2071 2727 2138 ἔξω
2773 2072 2871 2141 τῆς
2915 2072 3089 2140 πύλης
3132 2073 3349 2127 ἔπαθεν.
3380 2093 3397 2127 ι
3433 2069 3584 2147 Αἷμα
3607 2069 3901 2146 ἀνθρώπου

2324 2162 2501 2215 κοινοῦ
2534 2164 2655 2216 τίνα
2675 2163 2875 2233 τρόπον
2906 2165 3093 2232 ἁγίους
3116 2167 3263 2236 ἡμᾶς
3287 2167 3572 2240 ἀποφήνῃς
3608 2169 3769 2222 Ἀλλά
3796 2173 3902 2241 μὴν

2320 2254 2514 2325 ἡγίασε
2565 2256 2624 2309 τὸ
2676 2250 2818 2326 αἷμα
2867 2257 3125 2327 Χριστοῦ.
3164 2259 3314 2311 Θεῖον
3358 2255 3450 2313 οὖν
3484 2260 3613 2332 ἄρα,
3664 2265 3759 2314 καὶ
3805 2265 3903 2332 οὐχ

2320 2347 2510 2410 ἁπλῶς
2539 2347 2877 2418 ἀνθρώπινον
2900 2365 2912 2378 ο
2945 2348 3077 2412 Θεὸς
3106 2350 3216 2420 γάρ
3251 2346 3320 2421 ἦν
3361 2353 3419 2404 ὲν
3460 2354 3645 2423 σαρκὶ,
3676 2355 3757 2423 τῷ
3791 2356 3902 2425 ἰδίῳ

2318 2441 2511 2510 αἵματι
2549 2441 2863 2512 καθαρίζων
2890 2445 3059 2513 ἡμᾶς.

2723 2645 2823 2698 Ἐκ
2862 2643 2971 2712 τῆς
3008 2645 3157 2714 πρὸς
3198 2647 3491 2716 Τιμόθεον.

2394 2777 2411 2811 ι
2448 2754 2539 2821 Εἷς
2570 2760 2678 2830 γάρ
2712 2759 2862 2823 Θεὸς,
2898 2754 2981 2824 εἷς
3008 2761 3102 2815 καὶ
3137 2760 3362 2832 μεσίτης
3395 2761 3530 2817 Θεοῦ
3567 2764 3660 2818 καὶ
3685 2765 3901 2840 ἀνθρώ.

2319 2867 2436 2901 πων
2478 2850 2763 2921 ἄνθρωπος
2792 2852 3026 2922 Χριστὸς
3059 2852 3285 2923 Ἰησοῦς,
3338 2855 3365 2906 ό
3412 2855 3534 2919 δοὺς
3585 2858 3901 2931 ἀντίλυτρον

2321 2944 2510 2995 ἑαυτὸν
2545 2944 2682 3014 ὑπὲρ
2732 2943 2969 2998 πάντων.
3008 2962 3026 2997 ι
3078 2945 3353 3017 Σωτήριος
3395 2947 3900 3021 ὁμολογουμένωςό

2319 3033 2412 3088 τοῦ
2466 3036 2700 3105 Χριστοῦ
2746 3036 2972 3099 θάνατος
3002 3036 3081 3107 τῷ
3120 3039 3308 3111 κόσμῳ
3352 3041 3531 3096 παντί.
3570 3043 3716 3114 Πλὴν
3744 3047 3796 3097 εἰ
3827 3047 3896 3114 μή

2321 3129 2434 3181 ἐστι
2464 3127 2619 3191 Θεὸς,
2651 3129 2767 3191 πῶς
2792 3128 2857 3181 ἂν
2887 3129 3172 3199 ἀρκέσειεν
3206 3132 3285 3195 εἰς
3314 3133 3374 3185 τὸ
3399 3134 3657 3201 γενέσθαι
3679 3137 3900 3189 πάντων

2317 3219 2635 3290 ἀντίλυτρον
2667 3220 2827 3283 αὑτός
2852 3237 2910 3272 τε
2949 3221 3041 3273 καὶ
3071 3222 3267 3291 μόνος;
3313 3224 3471 3278 Ἀλλά
3501 3228 3707 3296 ἤρκεσε
3742 3229 3901 3296 μόνος

2320 3312 2458 3381 ὑπὲρ
2507 3312 2725 3365 πάντων
2756 3312 3075 3377 ἀποθανὼν,
3111 3316 3189 3368 ὅτι
3226 3317 3318 3369 καὶ
3352 3318 3489 3388 ὑπὲρ
3522 3320 3730 3383 πάντας
3759 3322 3897 3373 ἐστί.

2316 3401 2446 3463 Θεὸς
2476 3398 2567 3454 οὖν
2602 3402 2709 3471 ἄρα
2740 3402 2853 3455 ἐστὶ
2883 3403 2959 3473 τῷ
2986 3404 3197 3475 Θανάτῳ
3221 3407 3319 3476 τῆς
3363 3407 3494 3471 ἰδίας
3530 3409 3737 3480 σαρκὸς
3762 3412 3900 3465 ἀπο·

2318 3496 2519 3564 στήσας
2553 3496 2646 3548 τοῦ
2684 3495 2889 3566 κόσμου
2919 3497 3007 3551 τὸν
3044 3497 3269 3553 θάνατον

2715 3696 2816 3749 ΕΚ
2849 3693 2993 3749 ΤΩΝ
3026 3698 3470 3753 ΚΑΘΟΑΙΚΩΝ.

2640 3806 2733 3860 Ἐκ
2773 3807 2881 3875 τῆς
2918 3807 3145 3877 Πέτρου
3181 3811 3563 3880 Ἐπιστολῆς.

2315 3919 2434 3973 Ὅτι
2469 3921 2501 3973 ὀ
2542 3918 2648 3973 τοῦ
2670 3920 2926 3987 Χριστοῦ
2953 3919 3208 3987 θάνατος
3236 3921 3316 3987 τῷ
3340 3923 3546 3992 κόσμῳ
3578 3926 3890 3994 σωτήριος.

2388 4032 2539 4085 ι”Οτι
2574 4033 2603 4085 ό
2627 4033 2857 4103 Χριστὸς
2875 4033 3021 4097 ἅπαξ
3049 4037 3177 4106 περὶ
3212 4036 3493 4108 ἁμαρτιῶν
3518 4039 3786 4097 ἀπέθανε.
3813 4043 3890 4094 δί-

2312 4143 2461 4189 καιος
2508 4126 2649 4197 ὑπὲρ
2692 4126 2913 4192 ἀδίκων,
2941 4128 3027 4181 ἵνα
3061 4129 3211 4199 ἡμᾶς
3256 4132 3590 4206 προσαγάγῃ
3632 4133 3714 4204 τῷ
3750 4135 3889 4204 Θεῷ,

2312 4216 2642 4281 θανατωθεὶς
2674 4217 2773 4287 μὲν
2806 4219 2989 4289 σαρκὶ,
3024 4219 3379 4291 ζωοποιηθεὶς
3401 4222 3457 4275 δὲ
3486 4225 3783 4294 πνεύματι.
3805 4230 3890 4280 Ἑν

2307 4301 2351 4375 ᾧ
2390 4308 2483 4359 καὶ
2511 4309 2622 4371 τοῖς
2651 4309 2708 4361 ὲν
2735 4307 2947 4380 φυλακῇ
2980 4308 3252 4379 πνεύμασι
3283 4312 3570 4382 πορευθεὶς
3622 4317 3890 4387 ἐκήρυξεν

2310 4401 2639 4472 ἁπειθήσασί
2692 4417 2843 4453 ποτε.
2878 4420 2895 4453 ι
2954 4400 3145 4455 Πολλοὶ.
3197 4402 3306 4458 τῶν
3362 4404 3530 4473 ἁγίων
3588 4407 3887 4479 ἀνῄρηνται

2310 4492 2635 4563 προφητῶνο
2700 4492 2813 4545 ἀλλ’
2860 4492 3033 4557 οὐδεὶς
3097 4494 3321 4549 ἐκείνων
3385 4497 3679 4551 ἀποθανεῖν
3750 4503 3887 4570 ὑπὲρ

636 4606 793 4648 nemo
816 4592 1159 4656 illorum,'aut
1186 4598 1531 4658 peccatorum
1565 4602 1726 4641 causa
1758 4584 2076 4655 oppetiisse,
2112 4593 2203 4637 aut

2316 4583 2593 4654 ἁμαρτιῶν
2636 4584 2870 4656 εἴρηται,
2897 4583 3020 4637 οὔτε
3063 4584 3169 4656 μὴν
3215 4594 3585 4658 προσαγαγεῖν
3631 4596 3780 4663 ήμὶς
3813 4595 3889 4661 τῷ

634 4700 729 4739 sua
763 4698 858 4737 nos
894 4692 1067 4735 morte
1100 4680 1210 4735 Deo
1236 4680 1521 4743 obtulisse,
1554 4689 1650 4732 aut
1674 4678 1985 4746 spiritibus,
2015 4676 2106 4746 qui
2147 4676 2202 4729 in

633 4788 849 4830 carcere
884 4774 1291 4836 detinebantur,
1334 4771 1661 4840 praedicasse
1697 4770 1871 4824 dictus
1906 4775 2029 4824 est:
2066 4782 2203 4837 pra:-

637 4868 774 4924 stitit
808 4865 911 4920 hoc
960 4875 1135 4919 autem
1187 4862 1453 4917 Christus.
1508 4861 1611 4916 Per
1654 4860 1836 4929 ipsum
1876 4858 2022 4913 enim
2062 4868 2117 4913 et
2147 4858 2200 4913 in

634 4960 749 5025 ipso
809 4956 1067 5026 redempti
1134 4969 1362 5018 sumus,
1421 4952 1697 5021 ipsiusque
1751 4960 1898 5006 mors
1938 4959 2201 5005 terrarum

632 5050 748 5103 orni
774 5048 999 5102 salutem
1028 5047 1227 5102 attulit.
1250 5043 1477 5099 Mortem
1499 5043 1681 5112 itaque
1707 5057 1805 5109 pro
1837 5041 1991 5097 nobis
2016 5041 2202 5106 subiit,

634 5157 737 5193 non
770 5150 828 5191 nt
852 5140 1011 5193 homo
1041 5138 1306 5208 quispiam
1338 5135 1511 5190 nostri
1549 5133 1767 5199 similis,
1808 5132 1902 5188 sed
1953 5141 2010 5186 ut
2056 5132 2201 5186 Deus

632 5237 683 5285 in
726 5249 911 5296 carne,
936 5234 1025 5300 qui
1058 5247 1256 5302 corpus
1283 5246 1437 5285 suum
1471 5244 1567 5299 pro
1604 5225 1915 5284 mortalium
1947 5226 2194 5281 omnium

630 5329 738 5379 vita
769 5324 985 5379 obtulit.

722 5508 769 5538 ’θ
791 5504 950 5559 Hebr.
981 5519 1034 5567 ι,
1069 5504 1199 5564 5-7;
1234 5501 1375 5556 Psal.
1418 5517 1601 5566 χχχιχ,
1640 5500 1752 5555 7-9.

1831 5498 1872 5529 ⁸¹
1909 5497 2072 5551 llebr.
2106 5512 2227 5559 xm,
2262 5496 2350 5549 19..

2307 4675 2424 4745 Θεῷ
2462 4675 2550 4728 διὰ
2603 4674 2696 4729 τοῦ
2750 4675 2879 4728 ἰδίου
2909 4676 3174 4731 θανάτου’
3206 4678 3323 4730 ἀλλ’
3349 4680 3468 4732 οὐδὲ
3517 4683 3757 4753 ἐκήρυξέ
3805 4702 3887 4747 τις

2305 4769 2415 4830 τοῖς
2445 4768 2502 4819 ὲν
2525 4768 2738 4839 φυλακῇ
2761 4770 3054 4839 πνεύμασι.
3083 4770 3338 4842 Πέπραχε
3365 4773 3419 4825 δὲ
3447 4773 3604 4827 τοῦτο
3627 4778 3884 4846 Χριστὸς,

2306 4862 2398 4913 καὶ
2432 4859 2497 4913 δι’
2524 4861 2689 4914 αὑτοῦ
2722 4878 2781 4914 τε
2816 4863 2908 4915 καὶ
2955 4863 3012 4915 ἐν
3059 4861 3208 4932 αὐτῷ
3250 4862 3655 4933 λελυτρὼμεθα,
3690 4870 3784 4921 καὶ
3828 4870 3891 4923 τὸ

2310 4952 2470 5006 αὑτοῦ
2498 4953 2667 5017 πάθος
2693 4950 2761 5025 ἦν
2787 4955 2864 5024 τῷ
2893 4955 3083 5025 κόσμῳ
3109 4956 3392 5026 σωτήριον.
3418 4957 3676 5011 Ἀπέθανε
3711 4962 3890 5013 τοίνυν

2308 5044 2448 5116 ὑπὲρ
2486 5045 2661 5116 ἡμῶν,
2691 5046 2789 5116 οὐχ
2810 5045 2885 5108 ὡς
2911 5044 3192 5116 ἄνθρωπος
3220 5040 3299 5109 εἷς
3327 5047 3586 5116 ὑπάρχων
3613 5048 3726 5101 τῶν
3758 5051 3857 5103 καθ
3879 5052 3892 5071 ’

2310 5138 2476 5207 ἡμᾶς,
2512 5136 2627 5191 ἀλλ’
2655 5136 2731 5198 ὡς
2776 5136 2907 5200 Θεὸς
2959 5138 3018 5189 ὲν
3054 5137 3238 5208 σαρκὶ,
3284 5138 3380 5208 τῆς
3432 5139 3693 5193 ἁπάντων
3741 5140 3889 5212 ζωῆς

2306 5228 2658 5298 ἀντάλλαγμα
2690 5227 2751 5281 τὸ
2785 5226 2913 5282 ἴδιον
2941 5228 3099 5299 σῶμα
3128 5228 3319 5292 διδούς.

2430 5495 2520 5549 ⁸²Ι
2559 5494 2703 5550 Tim.
2743 5511 2805 5561 ll,
2847 5495 2901 5550 5.
2988 5491 3246 5549 ⁸³1Ροιι.
3280 5511 3361 5561 ιιι,
3396 5494 3596 5551 l8-20'

1684 5651 1854 5706 Variae
1878 5652 2133 5707 lectiones
2160 5651 2360 5708 codicis
2391 5650 2751 5722 chuieriani.

701 5800 727 5829 ³
757 5788 1079 5860 ὴυδοκησας.
1160 5802 1180 5828 ν
1210 5795 1239 5844 ό
1271 5792 1391 5856 ἔξω.
