4056 6334
625 361 645 415 1
659 360 763 416 299

1574 363 1636 418 S.
1677 362 1947 418 CYRILLI
1990 365 2455 421 ALEXANDRINI
2496 364 2813 422 ARCHIEP.

3707 365 3855 420 1500

622 493 762 531 nunc
788 477 1000 531 demum
1018 479 1284 548 dirempta
1304 488 1389 536 est
1417 496 1433 536 :
1465 482 1924 551 quandoquidem,
1969 483 2177 552 peccati

2299 483 2512 538 λέλυται
2539 485 2597 538 δὲ
2625 484 2718 538 νῦν
2745 485 2801 538 ἐν
2831 481 3047 554 Χριστῷ
3088 482 3148 534 τὸ
3192 480 3561 546 ἀντιστατοῦν,
3597 480 3692 533 καὶ
3733 480 3862 547 ἠτό-

622 570 736 639 Iege
760 585 853 637 per
880 570 1027 624 illum
1058 570 1405 637 labefactata,
1433 572 1519 627 lex
1568 571 1807 643 Spiritus
1836 588 2056 642 regnum
2083 574 2181 628 oh-

625 661 777 716 tinet.
805 661 915 728 Qua
946 662 1089 717 istud
1113 675 1292 718 autem
1317 665 1382 718 de
1411 666 1616 721 causa?
1647 684 1665 716 ι
1695 665 1838 721 Misit
1866 667 2008 720 enim
2044 666 2183 720 Deus

622 751 814 805 Filium
869 768 1025 806 suum
1079 755 1131 808 in
1176 755 1585 811 similitudinem
1621 756 1803 810 carnis
1841 757 2076 824 peccati,
2125 765 2186 810 ut

623 853 904 909 peccatum
943 845 1264 900 condemnet
1307 846 1359 899 in
1395 862 1559 900 carne
1587 847 1658 900 ³ο.
1699 866 1716 897 ›
1751 847 1850 912 Qui
1898 861 2027 917 ergo
2070 847 2184 901 ﬂeri

625 942 806 1001 potest
871 944 929 987 ut
962 933 1120 990 Verbi
1161 937 1459 992 incarnatio
1507 953 1610 992 non
1653 936 1819 992 fuerit
1853 952 2063 994 summe
2094 953 2187 992 ne-

624 1027 908 1079 cessaria?
953 1028 1058 1081 Per
1109 1029 1248 1083 hanc
1298 1043 1532 1097 namque
1584 1038 1866 1099 peccatum
1914 1029 1968 1083 in
2023 1041 2186 1082 carne

623 1119 784 1172 etiam
827 1129 1010 1175 nostra
1056 1122 1476 1177 condemnatum
1525 1121 1813 1187 est..Quod
1853 1121 1898 1175 si
1955 1119 2184 1175 Verbum

625 1225 752 1264 caro
780 1210 980 1265 factum
1014 1227 1118 1266 non
1149 1223 1251 1276 est,
1285 1227 1374 1268 res
1401 1223 1601 1268 nostra:
1629 1213 1850 1266 omnino
1902 1221 2189 1283 prostrata:

633 1306 1094 1374 incmendalmque
1138 1314 1491 1372 manserunt;
1543 1315 1703 1374 atque
1766 1305 1899 1360 adeo
1945 1321 2039 1372 per
2070 1320 2188 1358 car-

626 1410 749 1449 nem
781 1395 880 1466 legi
918 1398 1122 1465 peccati
1151 1397 1440 1461 servimus,
1472 1397 1616 1451 nullo
1661 1398 1714 1451 in
1744 1397 1901 1450 nobis
1929 1397 2187 1464 impetum

626 1487 770 1541 illius
863 1489 1183 1542 retundente
1259 1497 1353 1544 aut
1428 1487 1758 1543 refrenantc.
1813 1485 2188 1541 Necessarium

626 1579 852 1646 proinde
884 1579 1158 1640 exstitisse
1177 1579 1407 1635 dicimus
1433 1579 1830 1650 hypostaticam
1863 1578 2044 1638 carnis
2069 1593 2189 1632 cum

632 1667 804 1724 Verbo
833 1671 1084 1725 unionem
1107 1687 1122 1734 ;
1166 1686 1268 1725 non
1295 1685 1645 1740 personarum
1673 1672 1814 1722 inter
1835 1683 1892 1723 se
1920 1668 2189 1737 copulam,

628 1769 720 1813 aut
765 1761 933 1815 solam
988 1761 1319 1817 voluntatum
1384 1760 1729 1814 concordiam
1783 1768 1836 1813 ct
1890 1757 2188 1827 simplicem

626 1851 1084 1919 coniunctionem,
1116 1866 1277 1921 quam
1310 1851 1529 1921 quidam
1570 1858 1830 1906 Statuunt.

703 1963 720 1994 ι
757 1942 896 2008 Quid
929 1957 1057 2011 ergo
1089 1943 1326 1998 dicemus
1373 1943 1440 1997 ad
1485 1943 1643 1998 haec?
1679 1940 1736 1995 Si
1777 1940 1920 1996 Deus
1959 1955 2055 2010 pro
2090 1955 2190 1994 no-

625 2034 734 2097 bis,
761 2034 884 2102 qnis
913 2043 1104 2088 contra
1137 2034 1270 2088 nos?
1299 2032 1400 2106 Qui
1433 2033 1596 2087 etiam
1642 2032 1859 2103 proprio
1895 2030 2031 2086 Filio
2084 2045 2188 2084 non

623 2126 885 2195 pepercit,
933 2126 1025 2180 sed
1083 2141 1178 2194 pro
1228 2125 1383 2179 nobis
1433 2124 1680 2178 omnibus
1731 2123 1947 2178 tradidit
1998 2121 2190 2188 illum;

625 2215 894 2280 quomodo
953 2230 1057 2269 non
1090 2215 1253 2267 etiam
1295 2228 1417 2268 cum
1473 2213 1562 2266 illo
1597 2213 1775 2265 omnia
1826 2212 1979 2266 nobis
2025 2211 2190 2264 dona-

623 2303 702 2356 vit
737 2303 825 2354 9‘?
877 2321 896 2354 ι
935 2301 991 2360 Si
1040 2303 1181 2361 Deus
1237 2302 1399 2356 Pater
1447 2302 1722 2371 propriutn
1771 2299 2008 2364 Filium,
2037 2297 2187 2352 illum

625 2395 799 2457 ipsum
830 2393 1085 2446 nimirum
1112 2394 1203 2462 qui
1235 2408 1302 2447 ex
1349 2392 1493 2447 illius
1520 2390 1824 2447 substantia
1873 2401 2025 2444 ortus
2053 2399 2150 2446 est
2173 2431 2188 2456 ,

628 2484 787 2556 104
830 2499 927 2554 pro
961 2487 1114 2538 nobis
1146 2486 1381 2550 donavit,
1451 2501 1578 2556 ergo
1627 2502 1822 2556 corpus
1861 2489 2005 2556 quod
2054 2500 2194 2539 mor-

627 2589 733 2626 tem
774 2575 1052 2640 sustinuit,
1085 2575 1361 2644 proprium
1415 2575 1555 2628 illius
1589 2587 1726 2640 erat,
1761 2578 1850 2646 qui
1891 2575 2188 2630 secundum

626 2677 841 2717 carnem
903 2679 1094 2733 passus
1141 2673 1226 2717 est
1258 2671 1403 2733 (nam
1442 2665 1735 2718 secundum
1783 2653 2078 2718 divinitatis
2104 2680 2192 2718 nn-

627 2765 800 2807 turum
833 2756 941 2824 pati
971 2771 1074 2808 non
1108 2756 1376 2824 poterat);
1407 2756 1478 2808 ita
1511 2757 1653 2808 enim
1679 2757 1765 2823 qui
1801 2757 2093 2810 secundum
2133 2770 2192 2810 se

626 2847 739 2912 pati
769 2848 986 2916 nequit,
1035 2847 1430 2916 dispensatorie
1489 2856 1715 2900 mortem
1753 2859 2042 2915 perpessus
2085 2853 2188 2900 est.

627 2935 861 2990 Proinde
903 2940 990 3006 qui
1036 2955 1197 2992 unum
1234 2940 1285 2992 in
1321 2939 1457 2993 duos
1492 2938 1838 3008 dispertiunt,
1868 2947 2054 3006 aperte
2089 2938 2192 2990 im-

629 3027 842 3098 pietatis
866 3029 1098 3082 crimine
1144 3044 1261 3083 sese
1292 3031 1710 3098 constringunt:
1749 3028 2189 3098 quandoquidem

2285 592 2415 647 νησε
2451 577 2550 648 μὲν
2582 576 2682 646 τῆς
2713 576 2984 646 ἁμαρτίας
3013 577 3041 627 6
3062 575 3244 643 νόμος,
3277 573 3585 644 κεκράτηκε
3611 572 3666 626 δὲ
3701 574 3733 624 6
3763 570 3863 623 τοῦ

2286 669 2624 739 Ηνεύματος.
2659 668 2757 720 Διὰ
2785 668 2943 721 ποίαν
2973 667 3180 731 αἱτίαν;
3207 687 3224 717 ι
3256 665 3516 734 Πέπομφε
3542 665 3647 732 γὰρ
3670 665 3701 716 ὁ
3725 662 3864 725 Θεὸς

2285 762 2376 816 τὸν
2406 760 2599 814 ἑαυτοῦ
2627 761 2754 814 Υίὸν
2776 762 2832 814 ἐν
2864 760 3169 829 ὁμοιώματι
3206 759 3407 829 σαρκὸς
3441 758 3739 827 ἁμαρτίας,
3777 757 3866 807 ἵνα

2288 852 2588 924 κατακρίνῃ
2610 852 2707 924 τὴν
2736 852 3003 922 ἁμαρτίαν
3033 853 3088 902 ἐν
3116 853 3180 921 τῇ
3218 849 3399 920 σαρκί.
3426 869 3443 900 ι
3466 843 3613 908 Εἶτα,
3644 847 3769 908 πῶς
3804 847 3865 898 οὗ

2287 943 2685 1015 χρειωδεστάτη
2719 943 2837 995 λίαν
2868 944 2900 1013 ἡ
2934 941 3026 995 τοῦ
3057 941 3227 1009 Λόγου
3257 941 3564 1011 σάρκωσις;
3600 937 3862 991 Κατακὲ-

2289 1054 2474 1106 κριται
2498 1035 2608 1106 γὰρ
2636 1033 2778 1088 οὕτω
2806 1035 2898 1088 καὶ
2936 1037 2994 1086 ἐν
3026 1036 3091 1105 τῇ
3124 1033 3285 1104 σαρκὶ
3327 1032 3481 1102 ἡμῶν
3509 1034 3542 1100 ὴ
3577 1029 3858 1101 ἁμαρτία.

2289 1129 2353 1182 El
2383 1128 2439 1181 δὲ
2467 1127 2526 1179 οὗ
2565 1126 2754 1195 γέγονε
2787 1126 2921 1196 σὰρξ
2953 1127 2979 1178 6
3006 1125 3197 1193 Λόγος,
3228 1123 3644 1193 ἀπομεμένηκεν
3675 1121 3868 1189 ἀδιόρ-

2291 1220 2436 1273 θωτα
2463 1217 2535 1271 τὰ
2560 1217 2676 1270 καθ’
2707 1218 2873 1286 ἡμᾶς,
2904 1217 2997 1269 καὶ
3021 1215 3343 1285 δουλεύομεν
3384 1217 3449 1284 τῇ
3499 1211 3662 1282 σαρκὶ
3704 1210 3868 1279 νόμῳ

2292 1308 2601 1380 ἁμαρτίας,
2639 1308 2848 1371 οὐδενὸς
2893 1309 2950 1362 ἐν
2998 1309 3128 1377 ἡμῖν
3176 1306 3343 1375 αὐτὴν
3387 1305 3864 1374 καταργήσαντος.

2292 1398 2500 1454 Οὐκοῦν
2531 1399 2833 1466 ἀναγκαίαν
2884 1393 3023 1450 εἷναί
3069 1415 3249 1466 φαμεν
3281 1397 3380 1467 τὴν
3409 1396 3527 1449 καθ’
3557 1395 3867 1447 ὑπόστασιν

2293 1493 2484 1545 ἕνωσιν
2513 1489 2605 1544 τοῦ
2632 1491 2791 1558 λόγου
2820 1489 2954 1561 πρὸς
2976 1490 3072 1559 τὴν
3104 1489 3300 1558 σάρκα.
3335 1488 3427 1540 καὶ
3459 1489 3578 1557 ούχὶ
3600 1487 3665 1556 δὴ
3692 1487 3864 1555 μόνην

2293 1578 2389 1649 τὴν
2420 1580 2478 1632 ἐν
2505 1577 2835 1648 προσώποις,
2863 1578 2955 1630 καὶ
2983 1577 3124 1630 κατὰ
3151 1576 3386 1647 θέλησιν,
3419 1576 3535 1646 ἤτοι
3561 1576 3865 1644 συνάφειαν

2296 1673 2494 1743 ἁπλῆν,
2514 1671 2656 1735 καθά
2687 1673 2817 1741 φασί
2849 1689 3011 1734 τινες.

2375 1953 2392 1985 ι
2420 1932 2486 1984 Τί
2533 1928 2626 1985 οὖν
2674 1932 2905 2004 ἐροῦμεν
2954 1933 3086 2004 πρὸς
3117 1931 3323 1999 ταύτας
3367 1933 3426 1984 Εἰ
3471 1931 3498 1984 6
3545 1930 3677 1993 Θεὸς
3723 1928 3893 1997 ὑπὲρ-

2297 2025 2475 2094 ήμῶν,
2511 2025 2592 2086 τίς
2651 2024 2766 2078 καθ’
2801 2025 2990 2094 ήμῶν;
3026 2025 3120 2089 Ὃς
3167 2042 3228 2093 γε
3277 2023 3369 2078 τοῦ
3423 2023 3551 2076 ἰδίου
3579 2021 3714 2074 Υίοῦ
3763 2022 3866 2073 οὐκ

2299 2115 2572 2182 ἐφείσατο,
2605 2113 2716 2167 ἀλλ’
2745 2115 2886 2185 ὑπὲρ
2908 2115 3063 2186 ἡμῶν
3093 2115 3308 2168 πάντων
3334 2114 3648 2183 παρέδωκεν
3677 2111 3865 2176 αὐτὸν,

2299 2205 2415 2268 πῶς
2442 2205 2561 2275 οὐχὶ
2592 2206 2686 2257 καὶ
2715 2205 2812 2258 σὺν
2847 2205 2994 2276 αὐτῷ
3027 2207 3094 2264 τὰ
3123 2206 3301 2260 πάντα
3328 2208 3458 2276 ἡμῖν
3494 2206 3864 2275 χαρίσεταιςί

2299 2298 2361 2350 Ei
2387 2297 2476 2350 τὸν
2503 2297 2633 2350 ἴδιον
2664 2297 2810 2361 Υίὸν,
2838 2298 2993 2368 δῆλον
3021 2299 3078 2350 δέ
3109 2299 3194 2350 ὅτι
3214 2298 3304 2350 τὸν
3330 2299 3393 2349 ἐκ
3422 2298 3519 2366 τῆς
3551 2297 3741 2358 οὐσίας
3768 2298 3869 2348 αὑ-

2297 2390 2412 2454 τοῦ,
2447 2389 2676 2443 δέδωκεν
2702 2390 2840 2460 ὑπὲρ
2869 2390 3025 2460 ἡμῶν
3053 2390 3081 2441 ὁ
3105 2389 3234 2448 Θεὸς
3265 2389 3357 2442 καὶ
3381 2390 3599 2459 Πατήρ·
3628 2387 3870 2440 πέπονθε

2296 2485 2353 2536 δὲ
2378 2483 2518 2536 κατὰ
2547 2483 2744 2552 σάρκα,
2771 2483 2863 2533 καὶ
2898 2482 2958 2534 οὑ
2993 2481 3152 2548 φύσει
3173 2479 3448 2550 θεότητος*
3478 2480 3608 2532 ἴδιον
3654 2479 3765 2547 ἄρα
3803 2473 3870 2546 ἦν

2298 2572 2462 2628 αὑτοῦ
2483 2574 2544 2626 τὸ
2567 2572 2832 2635 πεπονθὸς
2857 2573 3034 2643 σῶμα,
3061 2573 3145 2624 ἵνα
3167 2573 3260 2625 καὶ
3285 2571 3444 2634 αὐτὸς
3464 2571 3655 2640 νοῆται
3682 2569 3871 2623 παθὼν

2296 2666 2674 2737 οἰκονομικῶς,
2701 2666 2730 2718 6
2759 2666 2950 2717 παθεῖν
2992 2665 3092 2718 οὐκ
3126 2663 3298 2728 εἰδώς.
3334 2665 3408 2717 Τὸ
3442 2663 3621 2718 τοίνυν
3661 2665 3870 2734 ἀπομε-

2303 2757 2470 2826 ρίζειν
2508 2759 2587 2819 είς
2615 2756 2708 2810 δύο
2731 2757 2819 2809 τὸν
2856 2757 2975 2820 ἕνα,
3003 2756 3294 2820 δυσσεϐὲς·
3327 2757 3428 2810 οὐκ
3473 2757 3551 2808 ἔτι
3593 2755 3706 2825 γὰρ
3741 2755 3870 2807 ῐδιον

2300 2848 2428 2900 Υίὸν
2478 2848 2787 2920 εὑρίσκεται
2831 2850 2954 2913 δοὺς
3001 2850 3141 2917 ὑπὲρ
3187 2849 3347 2920 ἡμῶν
3392 2851 3419 2902 6
3467 2850 3681 2917 Πατὴρ,
3714 2849 3870 2914 εἷτερ

2300 2938 2446 2992 ἐστὶν
2479 2939 2761 3010 ἄνθρωπος
2788 2940 3150 3012 διῃρημένως,
3185 2941 3279 2993 καὶ
3309 2940 3426 3008 οὐχὶ
3455 2939 3520 3011 δὴ
3561 2938 3766 3009 μᾶλλον
3797 2936 3871 2998 ὡς

2301 3032 2359 3084 ἐν
2395 3032 2696 3102 προσλήψει
2727 3033 2925 3103 σαρκὸς
2954 3035 2982 3087 6
3009 3035 3074 3086 ἐκ
3110 3033 3245 3086 ε)εοῦ
3284 3034 3476 3100 Λόγος.

629 3119 672 3172 si
708 3129 791 3171 est
825 3118 982 3172 homo
1015 3133 1109 3186 per
1134 3133 1192 3172 se
1215 3128 1266 3172 ct
1303 3121 1598 3179 secundum
1631 3135 1688 3174 se
1726 3120 1961 3183 divisim,
1995 3129 2049 3174 et
2079 3136 2182 3176 non
2253 3122 2541 3191 ipsnmmet
2598 3122 2691 3178 Dei
2732 3123 2964 3180 Verbum
3031 3139 3196 3182 carne
3234 3126 3498 3191 indutum,
3533 3123 3700 3179 Pater
3741 3136 3870 3192 pro—

627 3211 804 3278 prium
836 3225 932 3280 pro
966 3197 1118 3264 nobis
1157 3209 1348 3264 Filiqu
1379 3211 1588 3266 dedisse
1617 3227 1719 3265 non
1756 3213 2041 3267 invenitur.

706 3325 724 3355 ε
764 3305 897 3370 Quis
926 3306 1201 3360 accusabit
1236 3306 1496 3358 adversus
1520 3305 1724 3360 electos
1755 3307 1887 3360 Dei?
1931 3307 2072 3362 Deus
2103 3310 2192 3378 qui
2227 3317 2269 3376 α

624 3400 910 3466 justilieat,
936 3400 1058 3468 quis
1085 3405 1166 3453 est
1210 3398 1300 3467 qui
1348 3397 1714 3453 condemnet?
1751 3399 2004 3456 Christus
2037 3400 2196 3467 Jcsus

631 3489 722 3557 qui
755 3500 997 3543 mortuus
1019 3497 1121 3553 est,
1158 3488 1267 3542 imo
1303 3488 1394 3556 qui
1428 3497 1482 3541 et
1509 3487 1840 3556 resurrexit,
1880 3492 1972 3559 qni
2004 3500 2086 3545 est
2128 3493 2195 3548 nd

633 3584 911 3635 dexterum
946 3580 1061 3640 Dei,
1093 3580 1180 3647 qui
1213 3580 1378 3632 etiam
1419 3579 1727 3649 interpellat
1757 3595 1853 3648 pro
1887 3582 2042 3637 nobis
2064 3585 2130 3636 ".
2174 3601 2191 3635 ι

636 3671 690 3725 Si
725 3672 974 3725 Christus
1017 3687 1112 3738 per
1145 3670 1304 3724 ﬁdem
1331 3671 1618 3740 justilicat,
1661 3672 1809 3725 solus
1851 3682 2028 3727 autem
2057 3673 2197 3729 Deus

631 3775 715 3818 est
754 3765 843 3834 qui
890 3765 1116 3831 justitia:
1163 3759 1363 3817 donum
1409 3771 1631 3832 prmstat
1682 3783 1694 3818 :
1737 3777 2079 3833 consequens
2137 3766 2196 3818 ﬁt

629 3858 916 3910 Christum.
948 3871 1068 3912 esse
1094 3871 1282 3911 verum
1319 3857 1508 3912 Deum.
1556 3855 1792 3910 Rursum
1826 3857 1871 3911 si
1906 3856 1972 3909 ad
2003 3859 2195 3912 dexte-

632 3964 746 4002 ram
788 3949 961 4002 Putris
991 3950 1162 4012 sedet,
1196 3948 1494 4016 eademque
1521 3963 1641 4000 cum
1673 3947 1764 4004 illo
1799 3947 1968 4017 gloria
1994 3959 2047 4002 et
2077 3963 2195 4002 ma-

625 4041 823 4107 jestate
851 4041 1036 4108 pollet.
1064 4049 1118 4095 et
1141 4041 1359 4109 quidem
1397 4048 1642 4094 mortuus
1675 4049 1731 4095 et
1801 4041 2194 4104 resuscitatus;

630 4145 824 4202 corpus
858 4134 1037 4202 itaque
1060 4142 1396 4202 assumptum
1430 4130 1591 4186 Verbi
1621 4133 1895 4202 proprium
1927 4141 2030 4188 est.
2062 4132 2192 4186 Nam

2377 3328 2396 3361 ι
2428 3310 2525 3373 Τίς
2559 3309 2845 3378 ἐγκαλέσει
2874 3309 3014 3364 κατὰ
3046 3310 3317 3364 ἐκλεκτῶν
3354 3308 3486 3362 Θεοῦ
3511 3326 3525 3373 ;
3554 3307 3691 3371 Θεὸς
3723 3307 3753 3359 6
3791 3306 3870 3361 δι-

2301 3400 2490 3466 καιῶν,
2515 3399 2596 3464 τίς
2623 3403 2650 3454 6
2682 3402 3054 3472 κατακρίνων;
3088 3402 3322 3474 Χριστὸς
3366 3399 3571 3471 Ἰησοῦς
3607 3399 3870 3453 ὁάποθα-

2300 3494 2428 3558 νὼν,
2449 3495 2645 3564 μᾶλλον
2671 3495 2727 3548 δὲ
2752 3494 3020 3563 ἐγερθεὶς,
3049 3496 3107 3559 ὃς
3141 3495 3288 3546 ἐστιν
3317 3496 3373 3546 ὲν
3411 3493 3558 3562 δεξιᾷ
3588 3491 3685 3543 τοῦ
3709 3489 3869 3553 Θεοῦ,

2298 3585 2354 3648 ὃς
2403 3587 2496 3638 καὶ
2519 3586 2832 3655 ἐντυγχάνει
2870 3587 3010 3654 ὑπὲρ
3035 3585 3210 3656 ἡμῶν.
3246 3604 3263 3636 ι
3291 3585 3352 3637 El
3373 3585 3568 3636 δικαιοί
3594 3586 3664 3652 τῇ
3688 3583 3872 3636 πίστει

2299 3677 2553 3748 Χριστὸς,
2583 3677 2715 3740 Θεὸς
2742 3677 2797 3729 δέ
2829 3678 2974 3731 ἐστιν
3005 3678 3033 3728 ὁ
3065 3676 3287 3731 δικαιῶν
3313 3694 3326 3707 ο
3368 3676 3497 3736 Θεὸς
3527 3674 3637 3743 ἄρα
3664 3674 3872 3742 ἀληθὴς

2300 3770 2329 3821 6
2360 3768 2614 3839 Χριστός.
2639 3769 2748 3820 Καὶ
2767 3768 2926 3839 εἴπερ
2957 3768 3104 3820 ἐστὶν
3131 3767 3190 3819 ἐν
3214 3765 3365 3838 δεξιᾷ
3391 3764 3482 3819 τοῦ
3507 3764 3668 3826 Θεοῦ,
3692 3765 3872 3817 καίτοι

2301 3859 2531 3922 τεθνεὼς
2555 3861 2648 3915 καὶ
2674 3859 3061 3931 ἐγηγερμένος,
3100 3859 3437 3930 συγκαθηται
3465 3858 3523 3911 δέ
3549 3856 3629 3928 τῷ
3660 3857 3867 3927 Πατρί-

2301 3951 2432 4003 ῐδιον
2455 3950 2563 4020 ἄρα
2594 3949 2687 4004 τοῦ
2715 3950 2890 4020 Λόγου
2927 3950 2988 4004 τὸ
3027 3951 3187 4022 σῶμα
3228 3950 3365 4003 ἐστι.
3410 3948 3735 4018 Συνεδρεύει
3763 3947 3871 4017 γὰρ

2300 4041 2442 4095 οὓτω
2475 4041 2553 4110 τῷ
2585 4042 2758 4112 Πατρὶ
2795 4041 2935 4112 μετὰ
2965 4041 3066 4111 τῆς
3097 4039 3500 4110 ἀναληφθείσης
3535 4037 3762 4107 σαρκὸς,
3799 4035 3875 4098 ὡς

2301 4134 2428 4197 Υἱὸς
2456 4135 2597 4187 κατὰ
2623 4133 2804 4201 φύσιν,
2827 4133 2923 4186 καὶ
2951 4134 2999 4184 εί
3023 4133 3215 4200 γέγονε
3244 4131 3380 4201 σὰρξ
3408 4133 3436 4183 6
3463 4130 3658 4198 Λόγος.

629 4226 733 4280 etsi
765 4225 968 4278 factum
995 4236 1080 4278 est
1108 4240 1257 4291 caro,
1290 4226 1430 4282 haud
1462 4240 1617 4280 secus
1641 4235 1820 4281 tamen
1851 4227 1903 4279 in
1939 4237 2184 4295 suscepta
2225 4241 2386 4278 carne
2431 4241 2554 4279 cum
2616 4224 2774 4279 Patre
2799 4224 2952 4290 regni
3013 4224 3204 4279 solium
3225 4223 3452 4286 obtinet,
3487 4230 3546 4275 ut
3577 4236 3740 4274 verus
3772 4236 3867 4274 na-

634 4317 935 4385 turalisque
961 4315 1150 4370 Filius.

709 4427 728 4458 ι
755 4405 886 4471 Quae
930 4417 1112 4459 autem
1144 4421 1210 4458 ex
1259 4405 1362 4460 [ide
1392 4417 1474 4460 cst
1515 4407 1746 4472 iustitia,
1781 4405 1859 4459 sic
1903 4405 2071 4459 dicit:
2116 4405 2194 4458 Ne

631 4500 835 4554 dixeris
871 4499 921 4551 in
955 4498 1120 4552 corde
1150 4506 1278 4550 tuo:
1322 4494 1451 4560 Quis
1493 4499 1750 4550 ascendet
1781 4496 1834 4549 in
1878 4497 2112 4548 cmlnm?
2140 4497 2192 4550 id

2378 4409 2484 4460 «Ἡ
2522 4407 2578 4460 δὲ
2620 4407 2685 4460 ἐκ
2729 4406 2964 4468 πίστεως
3013 4401 3322 4472 δικαιοσύνη
3368 4403 3508 4456 οὕτω
3552 4402 3741 4468 λέγει·
3787 4402 3876 4473 Μὴ

2306 4498 2466 4570 εἴπῃς
2492 4500 2550 4551 ἐν
2582 4501 2649 4569 τῇ
2680 4497 2875 4569 καρδίᾳ
2905 4515 2996 4550 σου
3018 4513 3032 4528 ο
3069 4496 3165 4558 Τίς
3195 4496 3525 4565 ἀναὸήσεται
3559 4497 3640 4558 εἰς
3666 4496 3760 4548 τὸν
3789 4496 3877 4548 0'3-

633 4603 735 4657 cst,
761 4593 1032 4647 Christum
1057 4590 1344 4645 deducere.
1369 4588 1474 4642 Aut
1496 4589 1615 4657 quis
1634 4586 1923 4642 descemlet
1945 4585 1995 4637 iu
2027 4586 2194 4654 abys—

2308 4587 2495 4656 ρανόν;
2523 4587 2766 4640 τουτέστι
2800 4586 3028 4657 Χριστὸν
3047 4589 3400 4654 καταγαγεῖν
3437 4587 3468 4655 ῆ
3505 4587 3601 4650 Τίς
3630 4588 3876 4656 καταϐή-

634 4685 790 4737 sum?
831 4686 931 4739 hoc
964 4693 1069 4747 est.
1113 4681 1393 4737 Christum
1435 4695 1462 4731 ιι
1490 4679 1720 4732 mortuis
1763 4690 2053 4730 revocare.
2098 4675 2202 4729 Sed

635 4776 762 4842 quid
786 4775 958 4830 dicit?
979 4777 1152 4846 Prope
1179 4784 1262 4829 est
1284 4772 1509 4828 verbum
1535 4771 1586 4824 in
1612 4784 1706 4824 ore
1735 4777 1846 4831 tuo,
1873 4779 1926 4823 et
1959 4769 2010 4820 in
2043 4769 2204 4821 corde

639 4877 731 4918 tuo
763 4881 775 4916 :
809 4865 910 4918 hoc
937 4876 1020 4920 est
1050 4866 1275 4920 verbum
1312 4864 1455 4922 lidei.
1490 4865 1635 4932 quod
1668 4857 2202 4930 pra:dicamus.Quia

637 4952 684 5005 si
719 4951 996 5005 conﬁteris
1028 4953 1081 5006 in
1103 4968 1197 5008 ore
1230 4962 1320 5007 tuo
1341 4953 1625 5006 Dominum
1655 4950 1932 5014 Jesum,et
1966 4951 2015 5003 in
2038 4947 2204 5004 corde

637 5054 731 5097 tuo
766 5041 1063 5096 credideris
1105 5044 1245 5111 quod
1287 5043 1426 5098 Deus
1476 5043 1758 5098 suscitavit
1805 5043 1952 5096 illum
1998 5059 2025 5092 a
2066 5057 2206 5095 mor-

641 5136 767 5198 tuis,
800 5133 984 5189 salvus
1009 5131 1141 5187 eris.
1170 5133 1342 5187 Corde
1363 5135 1503 5188 enim
1536 5135 1775 5189 creditur
1797 5136 1863 5188 ad
1891 5135 2155 5200 jusutinm
2185 5151 2199 5197 ;

640 5243 736 5283 ore
771 5237 953 5282 autem
1000 5225 1060 5279 iit
1091 5222 1360 5278 confessio
1395 5225 1459 5276 ad
1493 5226 1719 5278 salutem
1744 5226 1811 5277 ⁸³.
1847 5245 1865 5276 ›
1907 5223 1964 5278 Si
2010 5239 2205 5278 secun-

639 5321 769 5370 dum
812 5314 1170 5385 quorumdam
1220 5311 1587 5379 opinationem
1628 5314 1875 5367 Christus
1916 5323 2000 5367 est
2041 5313 2203 5365 homo

639 5407 834 5471 deiter,
867 5409 980 5463 sola
1027 5420 1383 5477 personarum
1422 5403 1611 5472 copula
1645 5403 1736 5457 Dei
1777 5404 1952 5458 Verbo
1976 5405 2204 5474 conjun-

639 5510 758 5553 ειυς
789 5519 800 5551 :
836 5500 923 5567 qui
955 5501 1068 5553 ﬁeri
1109 5507 1310 5568 potest,
1335 5506 1393 5551 ut
1426 5496 1479 5549 in
1515 5495 1663 5547 illum
1703 5505 1952 5563 tanquam
2001 5499 2053 5550 in
2104 5499 2202 5550 Do~

644 5590 842 5641 minum
903 5590 1206 5655 credentes,
1249 5589 1490 5659 ejusdem
1533 5602 1600 5640 ex
1652 5588 1878 5641 mortuis
1953 5602 2202 5642 resurre-

715 5747 758 5773 °°
784 5745 935 5798 lium.
959 5763 1049 5808 vlt,
1077 5749 1126 5799 3.
1204 5751 1242 5777 ²¹
1275 5750 1399 5801 ibid.
1441 5747 1529 5811 Si,
1563 5747 1648 5799 5‘2.
1726 5747 1768 5777 ⁹²
1798 5744 1920 5799 ibid.
1955 5744 2042 5807 55:
2068 5743 2156 5795 ῧί»

2312 4693 2461 4729 σεται
2496 4679 2576 4740 είς
2604 4678 2701 4747 τὴν
2735 4678 3002 4740 ἄϐυσσον;
3036 4678 3282 4728 τουτέστι
3312 4678 3543 4747 Χριστὸν
3574 4679 3641 4730 ἐκ
3669 4678 3877 4746 νεκρῶν

2311 4768 2625 4835 ἀναγαγεῖν.
2645 4757 2802 4818 ’Ἀλλὰ
2822 4767 2874 4818 τί
2897 4766 3074 4832 λέγεις
3123 4767 3318 4832 Ἐγγύς
3344 4784 3437 4818 σου
3461 4769 3521 4819 τὸ
3551 4769 3710 4836 ῥῆμά
3733 4770 3878 4820 ἐστιν

2311 4858 2370 4909 ἐν
2401 4857 2478 4925 τῷ
2515 4857 2738 4926 στόματί
2775 4873 2866 4910 σου
2899 4857 2994 4909 καὶ
3027 4857 3085 4908 ἐν
3114 4858 3177 4924 τῇ
3211 4855 3406 4925 καρδία
3433 4873 3524 4907 σου
3547 4874 3562 4887 ο
3607 4859 3875 4925 τουτέστι,

2310 4947 2371 5000 τὸ
2400 4947 2551 5018 ῥῆμα
2583 4949 2681 5018 τῆς
2712 4948 2967 5014 πίστεως,
2991 4947 3018 4999 ὃ
3043 4947 3539 5018 κηρύσσομεν.”οτι
3565 4947 3660 5001 ἐὰν
3687 4948 3877 5019 ὁμολο-

2311 5040 2484 5110 γήσῃς
2532 5041 2589 5093 ἐν
2635 5038 2713 5109 τῷ
2771 5039 2996 5109 στόματί
3042 5056 3135 5092 σου
3165 5037 3366 5107 Κύριον
3401 5039 3626 5109 Ἰησοῦν,
3661 5045 3756 5096 καὶ
3792 5062 3877 5097 πι-

2312 5132 2540 5204 στεύσῃς
2570 5132 2626 5184 ἐν
2665 5133 2735 5201 τῇ
2763 5131 2957 5201 καρδία
2985 5147 3077 5182 σου
3117 5130 3197 5181 ὅτι
3227 5131 3256 5181 6
3284 5129 3414 5193 Θεὸς
3452 5132 3613 5187 αὐτὸν
3655 5136 3877 5207 ἤγειρεν

2311 5223 2375 5274 ἐκ
2405 5220 2635 5291 νεκρῶν,
2673 5220 2894 5290 σωθήσῃ
2917 5235 2934 5249 ·
2968 5217 3165 5288 καρδίᾳ
3203 5217 3312 5288 γὰρ
3338 5221 3655 5276 πιστεύεται
3692 5226 3774 5286 εἰς
3797 5225 3875 5276 δι-

2311 5313 2623 5380 καιοσύνην,
2661 5311 2889 5380 στόματι
2935 5309 2991 5362 δὲ
3039 5309 3380 5378 ὁμολογεῖται
3410 5314 3490 5375 εἰς
3521 5313 3818 5384 σωτηρίαν.
3850 5332 3870 5364 ι

2309 5405 2370 5456 Εἰ
2405 5403 2543 5455 κατά
2565 5419 2629 5470 γε
2655 5403 2715 5454 τό
2745 5418 2853 5453 τισι
2877 5399 3088 5467 δοκοῦν,
3120 5401 3400 5473 ἄνθρωπος
3447 5403 3712 5473 θεοφόροςι
3736 5407 3875 5456 vos?-

2307 5511 2396 5545 ται
2447 5493 2680 5562 Χριστὸς
2708 5531 2723 5556 ,
2771 5492 2866 5544 καὶ
2918 5491 3086 5563 μόνην
3136 5493 3272 5564 ἔχων
3314 5495 3412 5566 τὴν
3456 5497 3515 5547 ὲν
3559 5494 3876 5565 προσώποις

2309 5585 2500 5636 ἕνωσιν
2527 5583 2662 5652 πρὸς
2687 5584 2776 5637 τὸν
2797 5582 2931 5636 Θεοῦ
2957 5583 3146 5654 Λόγον⁹
3177 5587 3320 5652 τίνος
3349 5587 3510 5641 ἕνεκα
3531 5585 3876 5648 πιστεύοντες

2233 5742 2276 5774 ’³
2298 5742 2453 5795 Rom.
2491 5757 2541 5806 κ,
2571 5740 2718 5794 6-10.
