4056 6334
194 335 327 389 ΙὸὒΙ

1284 347 1368 403 DE
1410 352 1629 409 RECTA
1671 358 1822 412 FIDE
1862 361 1951 413 AD
1992 363 2303 418 RECINAS.

3260 373 3394 427 i302

190 452 275 512 είς
312 451 474 504 αὐτὸν
511 453 586 515 ῶς
632 455 711 515 εἰς
760 455 980 524 Κύριον,
1015 461 1394 528 ὁμολογοῦντες
1444 467 1498 518 δὲ
1544 472 1633 521 καὶ
1665 472 1761 540 τὴν

1870 477 2094 529 ctinttetn
2123 483 2433 546 prolttentes
2480 483 2737 547 ejusmodi
2764 482 2865 537 tide
2888 483 3275 549 jnstilicemur?
3308 485 3395 537 Fi-

190 541 258 591 ἑιι
299 542 509 610 νεκρῶν
555 542 846 593 ἀνάστασιν
893 546 1076 610 αὑτοῦ,
1108 548 1457 618 δικαιούμεθα
1485 558 1550 624 τῇ
1580 557 1757 610 πίστει

190 634 260 699 τῇ
312 634 390 695 είς
437 630 629 697 αὑτόν;
668 631 968 703 Πράττεται
1015 638 1070 691 δὲ
1121 642 1152 710 ἡ
1205 642 1385 703 πίστις
1413 643 1486 706 ὡς
1515 648 1592 708 είς
1631 648 1759 699 Θεὸν

194 722 465 791 δηλονότι.
501 724 795 791 Ἀναγκαία
859 731 1146 801 τοιγαροῦν
1208 734 1239 801 ἡ
1305 733 1425 786 καθ’
1463 736 1758 790 ὑπόστασιν

192 812 389 871 ’ἐνωσις
417 810 509 863 τοῦ
541 812 671 866 Θεοῦ
698 815 871 885 Λόγου
892 820 1026 890 πρὸς
1054 821 1115 874 τὸ
1137 823 1633 893 ἀνθρώπινον.Ἔνα
1656 828 1761 899 γάρ

192 902 342 954 οὕτω
373 904 606 973 Χριστὸν
632 906 705 973 ὠς
739 910 941 982 Κύριον
967 912 1105 966 κατά
1143 914 1303 982 φύσιν
1334 917 1759 991 ὁμολογήσομεν,

194 994 297 1045 καὶ
321 995 416 1063 τῆς
436 996 603 1052 αὐτοῦ
629 1002 830 1074 σαρκὸς
849 1004 949 1075 τὴν
974 1006 1266 1060 ἀνάστασιν
1286 1008 1758 1080 ἐπιγινώσκοντες,

193 1083 273 1146 ὡς
299 1087 377 1149 είς
406 1088 534 1143 Θεὸν
573 1094 937 1157 πιστεύοντες,
970 1095 1343 1167 δικαιούμεθα.

280 1197 299 1229 ι
328 1181 515 1246 Οὐδεὶς
560 1183 669 1255 γὰρ
715 1186 871 1255 ημῶν
921 1188 1098 1259 ἐαυτῷ
1143 1188 1231 1262 ζῇ,
1260 1193 1353 1245 καὶ
1387 1193 1559 1259 οὐδεὶς
1586 1194 1762 1265 ἑαυτῷ

194 1268 532 1343 ἀποθνήσκει
554 1292 567 1304 ·
597 1277 691 1329 ὲάν
734 1294 800 1329 τε·
836 1275 926 1332 οὖν
973 1277 1176 1352 ζῶμεν,
1211 1284 1288 1355 τῷ
1320 1286 1509 1356 Κυρίῳ
1541 1284 1721 1356 ζῶμεν
1743 1303 1757 1318 ·

194 1364 299 1417 ὲάν
343 1381 402 1417 τε
457 1366 915 1438 ἀποθνήσκωμεν,
965 1371 1043 1442 τῷ
1090 1374 1278 1444 Κυρίῳ
1326 1375 1758 1448 ἀποθνήσκομεν.

211 1454 341 1509 Ἐάν
380 1475 440 1509 τε
493 1457 696 1528 ζῶμεν,
747 1460 840 1514 ὲάν
888 1479 946 1515 τε
993 1457 1458 1537 ἀποθνήσκωμεν,
1490 1468 1583 1521 τοῦ
1629 1468 1760 1522 Θεοῦ

198 1546 403 1616 ἐσμενο
437 1550 517 1612 είς
550 1550 705 1605 τοῦτο
732 1552 840 1625 γάρ
870 1555 1103 1626 Χριστὸς
1141 1558 1379 1610 ἀπέθανε
1422 1561 1524 1612 καὶ·
1548 1559 1758 1631 ἔζησεν,

198 1637 289 1689 ἴνα
336 1638 455 1724 xui,
472 1643 680 1717 νεκρῶν
708 1645 800 1698 καὶ
829 1646 1049 1710 ζώντων
1073 1648 1351 1724 κυριεύσῃ..
1386 1669 1401 1701 ι
1438 1652 1763 1722 Προσπεφώ-

195 1728 337 1797 νηκέ
371 1712 471 1783 ποῖ)
511 1714 711 1802 τοῖςδὲξ
742 1735 911 1789 ἐθνῶν
937 1740 965 1790 ὁ
998 1712 1265 1811 μακάριος
1296 1712 1505 1805 ﬁctile;
1526 1759 1539 1772 ο
1581 1762 1599 1794 ι
1627 1712 1761 1796 Νὐνὶ

197 1795 265 1871 δὲή
310 1822 523 1889 γνόντες
570 1795 722 1891 Θεὸν,
760 1828 959 1897 μᾶλλον
991 1795 1045 1883 θὲ
1076 1795 1406 1899 γνωσθέντες
1454 1795 1557 1887 om
1601 1834 1759 1900 Θεοῦ,
1792 1795 1832 1848 Β

200 1912 321 1975 πῶς
367 1915 722 1986 ἐπιστρέφετε
747 1918 839 1971 ἐπὶ
867 1919 934 1972 τὰ
961 1922 1162 1993 ἀσθενῆ·
1190 1922 1281 1976 καὶ
1312 1924 1499 1995 πτωχά
1524 1929 1760 1996 στοιχεῖα

198 2002 296 2055 τοῦ
345 2006 570 2076 κόσμου,
601 2002 683 2071 οἷς
728 2008 889 2063 πάλιν
926 2010 1434 2067 ἀνωθενδὸυλεύειν
1485 2015 1696 2085 θέλετε;
1735 2036 1754 2069 ι

198 2094 601 2168 Δελυτρώμεθα
623 2098 801 2152 τοίνυν
821 2100 909 2154 διὰ
928 2104 1023 2173 τῆς
1046 2104 1278 2168 πίστεως
1304 2105 1404 2175 τῆς
1432 2108 1510 2170 είς
1529 2108 1761 2178 Χριστὸν

200 2188 270 2239 ὲκ
297 2189 395 2257 τῆς
424 2188 531 2242 τῶν
554 2190 831 2261 στοιχείων
861 2192 1122 2260 δουλείας,
1142 2195 1236 2248 καὶ
1263 2197 1572 2268 ἠνέχθημεν
1594 2200 1672 2264 είς
1701 2201 1762 2255 τὸ

196 2277 471 2334 δουλεύειν
499 2281 619 2351 Θεῷ
654 2282 815 2347 ζῶντι
846 2286 939 2337 καὶ
967 2286 1226 2357 ἀληθινῷ.
1259 2288 1324 2342 Εἰ
1358 2288 1413 2342 δὲ
1445 2289 1713 2345 ἀπέθανεν
1734 2293 1763 2345 ὁ

198 2370 454 2438 Χριστὸς,
487 2374 573 2427 ἵνα
602 2374 694 2428 καλ
722 2376 931 2445 νεκρῶν
952 2378 1051 2430 ικαὶ
1088 2376 1303 2443 ζώντων
1352 2381 1634 2455 κυριεύσῃ,
1669 2384 1763 2438 καὶ

198 2461 352 2530 αὐτῷ
395 2463 575 2532 ζῶμεν
618 2466 693 2529 ὡς
723 2467 841 2537 Θεῷ
865 2468 1025 2530 ζῶντι
1064 2472 1156 2523 καὶ
1185 2470 1459 2543 ἀληθινῷ*
1500 2475 1619 2537 πῶς
1663 2477 1763 2529 οὐκ

197 2552 475 2619 ἀναγκαία
526 2554 600 2624 τῷ
646 2557 804 2629 Λόγῳ
849 2559 883 2628 ἡ
934 2560 1070 2632 πρὸς
1104 2561 1283 2632 σάρκα
1309 2563 1529 2632 γέγονεν
1570 2567 1762 2632 ἓνωσις

198 2640 441 2711 ἀληθήςις
484 2643 571 2696 Ἰῐν
614 2646 751 2716 αὐτῇ
806 2647 914 2718 γὰρ
958 2648 1262 2715 ἀποθανὼν,
1305 2652 1624 2722 κεκυρίευκε
1670 2657 1762 2710 καὶ

197 2729 420 2793 ζέειτων
457 2733 550 2786 καὶ
586 2735 825 2807 νεκρῶνσ

425 2939 525 2995 Ἐκ
561 2940 672 3012 τῆς
709 2942 859 3013 πρὸς
896 2949 1238 3016 Κορινθίους
1276 2952 1528 3020 πρώτης.

280 3054 534 3109 ιἜπινον
567 3057 696 3128 γὰρ,
727 3058 907 3128 φησὶν,
942 3061 1005 3114 ἐκ
1038 3063 1414 3134 πνευματικῆς
1443 3064 1763 3119 ἀκολουθού-

199 3165 303 3217 σης
344 3148 569 3218 πέτραςο
596 3151 628 3220 ἡ
667 3148 723 3201 δὲ
756 3149 932 3221 πέτρα
960 3146 1028 3221 ἦν
1050 3152 1078 3203 ὁ
1099 3132 1389 3225 Χριστός.ι
1417 3156 1489 3208 Τὸ
1510 3158 1765 3223 Χριστὸς
1791 3132 1833 3190 C

198 3239 374 3309 ὄνομα
404 3240 637 3294 τέθειται
673 3240 752 3311 τῷ
782 3242 1149 3312 Ἐμμανουὴλ,
1190 3244 1279 3298 ὅτε
1314 3246 1632 3317 γεγέννηται
1677 3247 1766 3300 διὰ

199 3330 303 3396 τῆς
354 3328 514 3397 ἀγίας
546 3330 846 3403 Παρθένου.
878 3332 1002 3397 Πῶς
1029 3330 1123 3387 οὖν
1162 3334 1323 3396 αὐτὸς
1366 3331 1433 3406 ἦν
1466 3338 1498 3408 ἡ
1528 3337 1702 3408 πέτρα
1730 3338 1764 3408 ἡ

202 3419 500 3483 τπτίζουσα
529 3422 619 3476 τὸν
647 3422 893 3495 Ίσραήλς
926 3425 1065 3479 Ἀλλ’
1091 3425 1204 3481 ἔστι
1229 3428 1405 3499 δῆλον,
1428 3429 1509 3482 ὅτι
1533 3415 1765 3500 Χριστὸν

204 3510 303 3562 καὶ
328 3509 453 3564 Υίὺν
476 3505 617 3565 οἶδεν
642 3512 733 3565 ἕνα
768 3515 827 3568 τὸ
851 3516 1089 3587 Γράμμα
1109 3519 1171 3573 τὸ
1201 3520 1361 3590 ἱερόν.
1393 3520 1631 3589 Γεγονὼς
1657 3520 1765 3593 γάρ

202 3600 237 3652 ὁ
265 3598 437 3667 Λόγος
462 3601 614 3673 σάρξ,
644 3603 808 3657 πάλιν
835 3606 997 3669 αύτός
1038 3610 1183 3662 ἐστιν
1223 3613 1255 3677 ἡ
1306 3613 1645 3681 πνευματικὴ
1667 3612 1766 3665 πέ-

202 3709 333 3762 τρα,
365 3693 463 3763 τῆς
492 3696 699 3759 οίκείας
734 3696 948 3765 φύσεως
982 3699 1043 3751 τὸ
1077 3701 1447 3771 πρεσϐύτατον
1492 3704 1591 3756 οὐκ
1636 3704 1768 3757 ἀπο-

205 3783 385 3840 ϐαλὼν
420 3786 507 3840 διά
544 3785 607 3841 τὸ
648 3787 765 3841 νέον
786 3788 888 3858 τῆς
912 3790 1241 3862 οἰκονομίας.

420 4058 520 4115 Ἐκ
556 4060 666 4131 τῆς
702 4064 854 4132 πρὸς
890 4068 1233 4135 Κορινθίους
1269 4070 1568 4140 δευτέρας.

300 4184 311 4193 ⁸
341 4169 501 4224 Ὥστε
539 4174 699 4242 ἡμεῖς
739 4175 846 4228 ἀπὸ
888 4176 979 4228 τοῦ
1004 4177 1100 4231 νῦν
1142 4179 1329 4234 οὐδένα
1358 4182 1579 4252 οἴδαμεν
1628 4184 1768 4239 κατά

207 4256 424 4329 σάρκα·
463 4262 512 4313 εἰ
557 4262 612 4316 δὲ
657 4264 750 4317 καὶ
777 4263 1095 4337 ἐγνώκαμεν
1134 4268 1273 4322 κατὰ
1302 4269 1482 4342 σάρκα
1518 4273 1767 4343 Χριστὸν,

1859 564 1955 615 des
1982 564 2121 616 enim
2152 566 2202 617 in
2236 582 2358 620 eum
2387 576 2636 634 tanquam
2666 568 2719 620 in
2750 568 2914 620 Deum
2966 568 3156 623 fartur.
3200 569 3396 623 Neces-

1860 655 2062 707 s:trium
2120 664 2202 707 est
2242 672 2370 725 ergo
2415 666 2474 711 ut
2503 658 2595 713 Dei
2627 657 2858 711 Verbum
2904 659 3196 711 secundum
3234 660 3400 727 hypo-

1860 741 2030 793 stasin
2080 742 2325 797 humana:
2378 753 2581 798 natura:
2637 746 2842 798 unitum
2901 747 3267 812 protiteamur.
3324 747 3402 800 Ad

1862 832 2003 885 hunc
2026 832 2167 886 enim
2193 834 2405 885 modum
2447 851 2605 888 unum
2642 836 2913 889 Christum
2948 845 3200 901 tanquam
3253 844 3404 887 natu-

1864 922 2029 977 ralem
2058 923 2336 977 Dominum
2365 925 2699 989 conﬁtentes,
2743 935 2797 979 et
2841 927 3022 979 carnis
3056 926 3172 992 ejus
3226 940 3408 978 resur-

1863 1012 2152 1067 rectionem
2183 1022 2557 1081 agnoscentes,
2595 1028 2657 1067 ac
2687 1014 2846 1069 veluti
2878 1016 2931 1068 in
2975 1015 3140 1068 Deum
3182 1017 3408 1068 creden-

1862 1109 1962 1164 tes,
1994 1101 2391 1169 justitieationis
2425 1101 2743 1156 beneﬁcium
2791 1102 3194 1170 consequimur.

1938 1212 1956 1245 ι
1995 1191 2160 1248 Nemo
2201 1193 2353 1249 enim,
2391 1200 2631 1246 nostrum
2677 1190 2779 1245 sibi
2823 1192 2977 1253 vivit,
3020 1201 3073 1245 et
3122 1205 3277 1244 nemo
3308 1193 3407 1245 sibi

1864 1280 2137 1339 moritur:
2180 1284 2295 1338 sive
2341 1285 2483 1337 enim
2530 1283 2779 1345 vivimus,
2812 1282 2968 1350 105
3020 1282 3244 1335 Domino
3270 1284 3405 1337 vivi-

1863 1393 2020 1442 mus;
2064 1376 2177 1432 sive
2208 1375 2487 1437 morimur,
2540 1374 2768 1428 Domino
2806 1372 3085 1437 morimur,
3124 1373 3247 1429 Sive
3281 1391 3409 1445 ergo

1862 1468 2113 1531 vivimus,
2138 1468 2248 1520 sive
2281 1466 2558 1527 morimur,
2581 1462 2788 1519 Domini
2820 1477 3025 1516 sumus.
3057 1462 3112 1516 In
3146 1465 3246 1518 hoc
3269 1469 3407 1521 enim

1861 1558 2109 1614 Christus
2137 1564 2487 1615 mortuusest
2517 1563 2569 1609 et
2594 1555 2910 1619 resurrexit,
2960 1560 3017 1604 ut
3050 1553 3286 1609 vivorqu
3336 1560 3413 1613 si-

1863 1649 1971 1703 mul
2001 1659 2055 1702 et
2087 1656 2416 1703 mortuorum
2455 1647 2761 1701 dominetur
2780 1644 2848 1701 ’⁵.
2890 1662 2909 1696 ι
2948 1644 3090 1697 Idem
3129 1630 3412 1713 Apostolus

1862 1737 1986 1795 alibi
2019 1738 2137 1793 illos
2161 1741 2250 1808 qui
2286 1753 2349 1793 ex
2387 1738 2634 1806 gentibus
2665 1735 2911 1791 conversi
2949 1733 3181 1801 fuerant,
3221 1738 3291 1790 ita
3330 1742 3408 1794 al-

1870 1830 2137 1899 loquitur:
2175 1849 2192 1881 ι
2230 1828 2382 1884 Nunc
2438 1838 2615 1883 autem
2668 1844 2790 1883 cum
2836 1827 3193 1896 eognoveritis
3227 1827 3410 1896 Deum,

1868 1920 1977 1974 imo
2005 1920 2204 1989 cogniti
2232 1920 2350 1975 sitis
2386 1934 2414 1971 a
2449 1918 2600 1986 Deo;
2630 1918 2895 1987 quomodo
2946 1914 3137 1968 iterum
3188 1931 3413 1972 conver-

1870 2011 2042 2065 timini
2072 2012 2138 2065 ad
2169 2010 2378 2064 inﬁrma
2406 2021 2461 2065 et
2495 2025 2661 2079 egena
2698 2010 2962 2065 elementa
2990 2005 3198 2069 mundi,
3221 2009 3412 2076 quibus

1866 2101 2042 2155 denuo
2082 2101 2288 2156 servire
2318 2099 2477 2154 vultis
2497 2099 2578 2153 ’⁸2
2618 2117 2637 2150 ι
2671 2098 2771 2153 Per
2807 2098 2965 2152 iidem
2996 2110 3123 2165 ergo
3173 2095 3225 2149 in
3270 2096 3417 2151 Chri-

1868 2202 2008 2248 stum
2040 2193 2105 2247 ab
2138 2192 2523 2247 elementorum
2558 2191 2817 2245 servitute
2850 2188 3082 2252 liberati,
3112 2187 3163 2241 in
3196 2186 3285 2241 Dei
3310 2189 3411 2243 vivi

1868 2294 1923 2340 et
1943 2285 2056 2339 veri
2088 2283 2369 2338 servitium
2406 2281 2651 2337 translati
2675 2296 2883 2337 sumus.
2912 2279 3064 2347 Quod
3096 2279 3140 2333 si
3169 2278 3414 2335 Christus

1870 2387 2113 2431 mortuus
2153 2385 2258 2442 est,
2307 2384 2369 2430 ut
2409 2374 2653 2430 vivorum
2696 2383 2750 2427 et
2795 2382 3127 2427 mortuorum
3156 2386 3219 2425 ex
3268 2387 3418 2441 atquo

1871 2467 2196 2532 dominetur,
2227 2466 2435 2535 ipsique
2467 2474 2724 2536 tanquam
2753 2464 2875 2517 vivo
2900 2471 2954 2517 et
2975 2476 3103 2516 vero
3133 2460 3243 2516 Deo
3278 2463 3418 2519 vivi-

1869 2572 2009 2623 mus,
2040 2556 2305 2626 quomodo
2338 2555 2700 2620 necessarium
2740 2569 2846 2609 non
2898 2559 3015 2608 erat
3078 2561 3136 2606 ut
3183 2551 3414 2609 Verbum

1866 2662 1989 2703 eum
2010 2662 2177 2727 ρει-ηε
2208 2661 2335 2702 vere
2365 2646 2650 2701 uniretur?
2680 2644 2738 2699 ln
2777 2646 2892 2715 ipsa
2927 2657 3161 2712 namque
3190 2654 3415 2700 mortem

1867 2751 2206 2809 perpessum,
2242 2752 2364 2801 cum
2395 2738 2447 2791 in
2478 2738 2651 2802 vivos,
2689 2745 2798 2791 tum
2845 2736 2897 2791 in
2934 2744 3176 2790 mortuos
3206 2748 3417 2806 quoque

1869 2831 2157 2901 imperium
2188 2829 2447 2885 obtinuit.

2281 2940 2371 2998 Ea:
2392 2942 2556 3011 priori
2581 2941 2649 2995 ad
2681 2939 3005 3001 Corinthios.

1944 3075 1963 3107 ‹
1994 3054 2256 3110 Bibebant
2303 3054 2446 3135 enim
2497 3055 2562 3109 de
2603 3053 2857 3123 spiritali,
2908 3061 3269 3121 consequente
3325 3065 3421 3110 eos

1868 3154 2018 3218 petra
2045 3164 2059 3201 :
2097 3154 2246 3216 petra
2274 3153 2452 3200 autem
2484 3153 2602 3198 erat
2628 3143 2879 3199 Christus
2899 3142 2968 3198 ".
2995 3162 3014 3196 ι
3036 3141 3240 3198 Nomen
3266 3143 3421 3200 Chri-

1869 3241 1935 3296 sti
1967 3250 2095 3294 tuuc
2140 3239 2353 3294 demum
2402 3237 2628 3293 inditum
2679 3243 2761 3292 est
2812 3233 3168 3300 Emmanueli,
3213 3235 3424 3303 quando

1870 3346 1936 3386 ex
1974 3345 2127 3385 sacra
2184 3328 2398 3399 Virgine
2446 3329 2711 3399 originem
2756 3328 2929 3382 duxit.
2976 3325 3254 3393 Quomodo
3297 3341 3424 3395 ergo

1869 3431 2021 3492 petra
2056 3434 2177 3476 esse
2225 3428 2458 3489 poterat,
2488 3433 2607 3487 quae
2641 3417 2895 3488 populum
2937 3416 3291 3471 lsraeliticum
3328 3419 3425 3473 de-

1871 3521 2017 3567 serto
2049 3509 2305 3580 potarat?
2338 3508 2678 3578 Seripturam
2722 3520 2933 3561 sacram
2966 3519 3130 3559 unum
3165 3503 3429 3562 duntaxat

1872 3582 2089 3668 Filium,
2113 3614 2386 3669 unumque
2436 3596 2711 3653 Christum
2740 3610 3058 3665 agnoscere,
3088 3606 3245 3651 extra
3278 3611 3428 3665 qua:-

1871 3693 2099 3747 stionem
2126 3701 2225 3746 est.
2267 3691 2508 3745 Verbum
2562 3688 2762 3754 itaque,
2820 3696 3175 3756 posteaquam
3212 3701 3424 3742 carnem

1875 3782 2135 3855 suscepit,
2164 3780 2427 3851 spiritalis
2446 3780 2609 3836 etiam
2646 3788 2796 3848 petra
2827 3785 2935 3842 est,
2968 3783 3193 3847 propter
3212 3777 3429 3847 dispen-

1873 3873 2100 3927 sationis
2149 3871 2465 3935 novitatem,
2522 3871 2754 3940 pt'opriae
2810 3880 3018 3923 natura:
3050 3867 3426 3937 antiquitatem

1877 3978 1979 4019 non
2008 3962 2287 4033 abjiciens.

2233 4075 2317 4129 Ea;
2356 4077 2640 4143 posteriore
2666 4076 2737 4128 ad
2764 4071 3086 4130 Corinthios.

1960 4188 2189 4254 «Itaque
2229 4201 2329 4241 nos
2378 4200 2441 4239 ex
2485 4185 2587 4239 hoc
2633 4185 2902 4239 neminem
2952 4182 3200 4237 novimus
3239 4193 3433 4235 secun-

1877 4275 2002 4330 dum
2027 4289 2243 4328 carnem
2274 4295 2287 4330 :
2320 4283 2376 4327 et
2406 4274 2450 4328 si
2489 4274 2784 4328 secundum
2824 4285 3043 4326 carnem
3084 4269 3431 4339 cognovimus

206 4348 348 4401 ἀλλά
398 4351 491 4404 νῦν
532 4352 715 4405 οὐκέτι
758 4353 1115 4426 γινώσκομεν.
1148 4375 1167 4409 ι
1219 4359 1284 4412 Τί
1316 4359 1377 4431 δὴ
1412 4360 1519 4432 ἄρα
1548 4365 1711 4433 φησὶν
1742 4366 1768 4417 ὁ

1875 4365 2176 4428 Christum,
2231 4366 2324 4419 sed
2372 4379 2512 4418 nunc
2547 4365 2659 4433 jam
2705 4378 2808 4417 non
2862 4362 3106 4416 novimus
3130 4362 3197 4416 ".
3237 4379 3256 4413 ι
3296 4359 3431 4427 Quid

207 4438 454 4505 Παῦλος;
484 4436 631 4513 *Αρα
662 4445 893 4512 Χριστὸν
924 4447 1162 4519 ἀρνεῖται
1208 4450 1348 4519 μετὰ
1388 4453 1488 4523 τὴν
1533 4454 1768 4507 ἀνάστα-

1876 4462 1980 4522 est,
2018 4454 2262 4517 obsecro,
2291 4453 2433 4523 quod
2465 4452 2661 4506 Paulus
2698 4452 2785 4507 hie
2831 4451 2951 4505 ait?
2987 4450 3234 4520 Nunquid
3276 4450 3432 4507 Chri-

213 4545 331 4591 σιν;
364 4530 475 4583 Οὐκ
525 4528 665 4585 οἶδεν
710 4535 870 4588 αὐτὸν
915 4537 1278 4608 ἐγηγερμένον
1340 4542 1399 4594 ὲν
1458 4545 1640 4615 σαρκὶ,
1678 4546 1768 4599 καὶ

1874 4556 2016 4600 stum
2061 4555 2180 4615 post
2223 4545 2670 4600 resurrectionem
2723 4543 3029 4599 intleiatur?
3070 4542 3259 4597 Nonne
3286 4543 3430 4598 illum

208 4621 589 4692 ἀναληφθέντα
624 4626 739 4692 μετ’
763 4627 932 4697 αὐτῆς
971 4630 1053 4692 είς
1090 4630 1179 4683 τὸν
1221 4632 1474 4702 ούρανόν;
1505 4636 1614 4688 Καὶ
1639 4636 1768 4699 τίςὸ

1874 4642 2166 4693 secundum
2216 4652 2433 4693 carnem
2480 4635 2858 4691 resnscitatum
2886 4676 2901 4701 ,
2946 4650 3179 4704 cumque
3247 4636 3432 4690 eadem

210 4714 379 4779 φάναι
405 4715 561 4768 τοῦτο
579 4716 821 4785 τολμῶν;
849 4720 1002 4773 Οὕτω
1025 4721 1131 4793 γὰρ
1153 4720 1265 4777 οἶδε-
1282 4726 1374 4778 καὶ
1395 4727 1768 4796 ἀναληφθέντα

1873 4730 1961 4782 illa
1988 4743 2152 4783 carne
2178 4728 2229 4782 in
2258 4728 2451 4782 coelum
2483 4727 2781 4796 profectum
2831 4726 3031 4781 norat?
3059 4726 3258 4796 Ecquis
3287 4728 3423 4782 istud

210 4804 311 4857 καὶ
352 4803 547 4874 ἥξοντα
587 4809 727 4862 κατὰ
760 4811 1001 4880 καιροὺς,
1028 4812 1086 4866 ὃν
1113 4814 1311 4885 τρόπον
1333 4816 1669 4887 ἀναϐέϐηκεν
1696 4820 1775 4882 είς

215 4894 307 4947 τὸν
332 4898 576 4966 οὐρανόν.
614 4899 737 4963 Πῶς
781 4897 876 4953 οὖν
910 4903 1009 4956 οὐκ
1034 4904 1233 4962 εἰδέναι
1263 4907 1396 4977 φησὶ
1428 4908 1567 4962 κατά
1596 4908 1773 4979 σάρκα

192 4986 377 5050 -Υἰόν;
407 4988 529 5042 Ὀτι
560 4990 696 5059 μετά
723 4990 820 5062 τὴν
858 4993 931 5049 ex.
958 4995 1165 5066 νεκρῶν
1208 4997 1523 5065 ἀναϐίωσιν,
1571 5001 1670 5054 οὐκ
1712 5003 1776 5055 ἐκ

213 5076 324 5130 τῶν
355 5079 455 5149 τῆς
484 5081 683 5150 σαρκὸς
707 5081 787 5135 ἔτι
811 5084 1045 5155 μέτρων,
1077 5085 1189 5139 ἀλλ’
1219 5087 1294 5151 ὡς
1321 5089 1386 5142 ὲκ
1418 5087 1565 5151 θείας
1603 5090 1774 5160 ὑπερ-

212 5169 350 5239 οχῆς
374 5171 593 5240 ἄμεινον
617 5172 776 5227 αὑτὸν
804 5174 999 5228 εἰδέναι
1023 5175 1115 5228 καὶ
1146 5176 1424 5247 ὁμολογεῖν
1444 5193 1458 5207 ·
1499 5176 1651 5231 οὔπω
1669 5179 1776 5249 γὰρ

216 5261 600 5334 πληρωθείσης
628 5264 726 5334 τῆς
752 5266 1083 5335 οἰκονομίας,
1111 5268 1437 5338 ὲκηρύττετο
1467 5269 1607 5321 κατὰ
1648 5268 1779 5339 σάρ⁴

214 5368 316 5415 κα,
337 5352 425 5406 ἴνα
457 5353 777 5424 πιστεύηται
807 5356 1046 5426 γεγονὼς
1070 5356 1351 5427 ἄνθρωπος
1376 5359 1403 5411 ὁ
1431 5360 1741 5428 Μονογενής
1759 5376 1774 5389 ·

219 5443 345 5494 ἐπεὶ
372 5443 428 5496 δὲ
460 5444 767 5499 τετέλεσται
810 5448 872 5499 τὸ
906 5450 1219 5518 μυστήριον,
1255 5450 1347 5516 ἀφ’
1379 5442 1454 5502 ὧν
1496 5450 1611 5502 ἐστι
1645 5448 1777 5513 Θεὸς

220 5532 443 5604 ἄμεινον
491 5535 652 5590 αὐτὸν
686 5537 985 5607 ὁμολογεῖν,
1026 5536 1059 5607 ἢ
1091 5537 1196 5591 ἀπό
1222 5555 1283 5607 γε
1316 5538 1408 5592 τοῦ
1445 5539 1774 5593 κεκενῶσθαι

1876 4818 2058 4873 dicere
2112 4817 2336 4872 audeat?
2391 4816 2573 4872 Talem
2619 4833 2851 4886 namque
2919 4819 2968 4871 in
3017 4818 3212 4873 emtum
3251 4833 3435 4873 ascen-

1880 4907 2045 4971 disse,
2079 4921 2142 4960 ac
2177 4906 2305 4959 olim
2343 4906 2464 4960 inde
2491 4921 2701 4960 rursum
2725 4915 3012 4960 venturum
3041 4904 3266 4969 sciebat,
3299 4921 3432 4975 qua-

1882 4998 1983 5051 lem
2042 4997 2287 5051 emlestia
2323 4997 2541 5066 petiisse
2590 4997 2900 5066 neutiquam
2953 4996 3255 5067 ignorabat.
3292 4997 3434 5065 Quo-

1882 5092 2042 5143 modo
2073 5089 2233 5157 igitur
2266 5087 2457 5141 Filinm
2493 5089 2785 5143 secundum
2820 5103 3037 5143 carnem
3068 5102 3127 5142 se
3154 5102 3314 5144 nosse
3342 5103 3433 5144 ne-

1883 5179 2297 5249 gat?Quoniam
2338 5178 2497 5233 simul
2526 5188 2687 5246 atque
2731 5194 2794 5233 ex
2829 5179 3056 5233 mortuis
3097 5179 3313 5247 revixit,
3344 5194 3433 5236 sa—

1884 5270 1989 5324 tius
2023 5284 2088 5324 ex
2137 5269 2315 5323 divina
2362 5269 2520 5339 106
2564 5269 2856 5324 eminentia
2890 5268 3040 5323 illum
3080 5278 3133 5326 et
3178 5284 3339 5325 nosse
3380 5281 3435 5324 et

1881 5358 2311 5429 proﬁteri,quam
2334 5372 2399 5412 ex
2427 5359 2607 5414 carnis
2636 5374 2910 5414 mensura.
2948 5359 3193 5426 Etenim,
3224 5360 3434 5428 dispen-

1883 5449 2104 5517 sationis
2156 5450 2410 5519 mysterio
2440 5449 2937 5520 necdum-expleto,
2970 5450 3267 5506 secundum
3310 5464 3434 5506 car-

1880 5554 2002 5595 nem
2046 5542 2452 5610 praedicabatur,
2494 5557 2600 5613 quo
2640 5541 2889 5598 nimirum
2938 5539 3259 5613 Unigenitus
3307 5555 3430 5599 care

298 5711 337 5741 ’δ
366 5710 523 5769 Rom.
546 5728 654 5781 xiv,
695 5714 807 5771 7-9.
886 5715 930 5747 9’
954 5714 1123 5770 Galat.
1158 5732 1227 5784 tv,
1264 5720 1315 5773 9.
1392 5716 1473 5770 “l
1502 5716 1627 5772 Cor.
1656 5733 1708 5782 χ,
1742 5715 1768 5770 Δ

1875 5717 1919 5749 οτ
1942 5716 1969 5776 ι,
1998 5715 2121 5771 Cur.
2157 5730 2207 5783 v,
2241 5716 2318 5770 16.
