4056 6334
652 342 782 400 1303

1628 351 1683 404 S.
1726 349 1995 407 CYRILLI
2036 352 2501 409 ALEXANDRINI
2540 356 2858 415 ARCHIEP.

3750 361 3879 415 1501

647 460 821 514 factus
871 461 1204 518 crederetur.
1258 464 1326 523 At
1354 482 1501 533 vero,
1551 479 1887 524 sacramento
1941 471 2041 526 hoc
2086 473 2197 543 jam

2304 474 2389 527 διὰ
2427 476 2523 548 τὴν
2565 479 2765 551 σάρκα.
2807 475 2900 542 Εἷς
2936 473 3028 532 οὖν
3065 481 3299 551 Χριστὸς
3339 482 3432 537 καὶ
3462 482 3589 544 Υἱὸς
3628 481 3727 534 καὶ
3766 481 3882 531 Κύ-

643 561 1039 633 c_onsnmmato,
1074 566 1291 624 praestat
1321 575 1383 613 ex
1414 560 1691 614 divinitate
1721 560 1869 613 illmn
1903 577 2196 633 agnoscere

2307 583 2440 635 ριος.

641 628 694 697 et
720 642 984 711 proliteri,
1013 659 1174 715 quam
1232 663 1296 704 ex
1360 652 1541 706 carnis
1582 651 1886 706 humilitate
1940 628 2009 709 et
2050 655 2434 715 exinanitione.
2491 662 2644 721 Unus
2686 665 2867 734 itaque
2905 673 2988 719 est
3031 665 3282 723 Christus
3351 679 3407 723 ct
3462 667 3631 721 Filius
3687 675 3743 718 et
3794 664 3887 717 Duo

643 732 841 788 minus.

717 844 737 878 ‹
774 827 940 883 Scitis
971 830 1116 883 enim
1145 832 1375 901 gratiam
1402 832 1609 889 Domini
1638 838 1808 893 nostri
1831 838 1957 894 Jesu
1983 838 2205 904 Christi.

640 916 895 982 quoniam
940 929 1160 990 propter
1184 938 1281 978 vos
1315 938 1515 992 egenus
1547 925 1726 983 factus
1765 940 1879 994 est,
1916 944 2034 983 cum
2062 940 2209 987 esset

641 1008 808 1075 dives,
840 1019 900 1064 ut
946 1011 1090 1069 illius
1136 1015 1315 1083 inopia
1358 1030 1453 1072 vos
1496 1020 1693 1075 divites
1730 1022 1926 1075 essetis
1970 1023 2036 1077 ".
2085 1040 2104 1074 ι
2146 1022 2205 1079 Si

641 1100 891 1159 Christus
926 1116 1011 1161 est
1058 1114 1264 1161 tantum
1311 1108 1494 1175 homo,
1528 1127 1633 1165 non
1679 1115 1973 1167 secundum
2017 1130 2201 1173 veram

642 1200 824 1246 autem
848 1209 968 1248 cum
1000 1194 1097 1250 Dei
1121 1195 1297 1253 Verbo
1323 1201 1578 1255 unionem
1604 1204 1913 1269 opulentus,
1939 1215 1997 1259 ut
2024 1207 2200 1276 Deus;

641 1282 913 1348 quomodo
954 1283 1130 1339 factus
1179 1296 1264 1342 est
1308 1290 1555 1359 egenus?
1589 1289 1788 1357 Quales
1832 1295 2044 1351 tandem
2078 1309 2206 1355 sunt

640 1385 770 1439 opes
804 1382 1013 1429 naturae
1049 1376 1333 1433 humanae?
1372 1382 1567 1438 Annon
1626 1385 1770 1438 omni
1838 1386 2041 1443 homini
2074 1390 2209 1444 dici-

643 1471 729 1515 tur
762 1480 774 1516 :
816 1480 835 1514 r
868 1464 1004 1530 Quid
1038 1465 1205 1522 habes
1237 1470 1378 1536 quod
1414 1485 1524 1525 non
1559 1474 1816 1541 accepisti
1837 1475 1930 1529 9'?
1966 1496 1983 1529 ι
2008 1475 2204 1532 Verum

642 1550 731 1604 hic
761 1567 881 1607 cum
912 1557 1059 1609 dives
1082 1568 1242 1623 esset,
1264 1569 1446 1629 utpote
1472 1560 1631 1626 Deus,
1660 1563 1835 1622 iactus
1867 1576 2201 1637 estegenus;

646 1645 914 1714 siquidem
950 1648 1181 1706 Verbum
1214 1666 1523 1722 paternum,
1546 1659 1687 1725 quod
1725 1673 1854 1714 vere
1882 1661 2031 1715 dives
2063 1669 2204 1725 erat,

2391 867 2410 900 ι
2442 849 2742 905 Γινώσκετε
2768 850 2874 921 γάρ
2898 848 2994 919 τὴν
3020 850 3176 919 χάριν
3204 848 3297 899 τοῦ
3330 850 3535 920 Κυρίου
3580 851 3745 919 ἡμων
3779 848 3885 916 Ἰη-

2318 940 2412 995 σοῦ
2444 943 2703 1013 Χριστοῦ,
2736 945 2817 997 ὅτι
2858 943 2926 996 δι’
2955 943 3097 1012 ὑμᾶς
3141 938 3447 1009 ἐπτώχευσε
3481 941 3742 1004 πλούσιος
3788 940 3881 1001 ὣν,

2315 1031 2400 1085 ἵνα
2427 1032 2586 1103 ὑμεῖς
2607 1036 2672 1104 τῇ
2701 1032 2907 1086 ἐκείνου
2932 1029 3172 1101 πτωχείᾳ
3199 1029 3554 1099 πλουτήσητε.
3580 1050 3599 1082 ι
3628 1032 3694 1084 Ei
3726 1031 3885 1099 μόνον

2310 1122 2597 1192 ἅνθρωπος
2622 1125 2651 1176 6
2679 1124 2931 1194 Χριστὸς,
2968 1124 3061 1178 καὶ
3091 1122 3152 1177 οὐ
3180 1120 3302 1176 καθ’
3335 1120 3528 1174 ἕνωσιν
3575 1121 3760 1194 ἀληθῆ
3788 1122 3886 1193 τὴν

2310 1214 2447 1283 πρὸς
2472 1213 2565 1266 τὸν
2590 1215 2723 1267 Θεὸν
2747 1214 2919 1283 Λόγον
2947 1214 3218 1278 πλούσιος,
3254 1213 3329 1275 ώς
3366 1210 3516 1274 Θεὸς,
3544 1211 3668 1275 πῶς
3706 1212 3884 1265 ὲπτώ-

2310 1323 2507 1377 χευσες
2541 1306 2639 1370 Τίς
2668 1305 2775 1377 γὰρ
2807 1307 2945 1371 ὅλως
2976 1309 3004 1360 ὁ
3031 1307 3131 1376 τῆς
3159 1302 3577 1377 ἁνθρωπότητος
3611 1302 3881 1365 πλοῦτοςς

2312 1400 2541 1470 Εἴρηται
2577 1399 2685 1470 γάρ
2713 1398 2984 1470 ἀνθρώπῳ
3015 1400 3177 1453 παντί
3197 1416 3211 1431 ο
3262 1417 3280 1451 ι
3313 1397 3377 1450 Τί
3403 1394 3513 1465 γάρ
3542 1394 3692 1464 ἔχεις
3726 1394 3755 1446 ὃ
3788 1396 3877 1445 ei)

2312 1489 2532 1556 ἔλαϐες
2577 1509 2596 1541 ›
2635 1491 2774 1545 Ἀλλ’
2805 1492 3135 1562 ὲπτώχευσε,
3186 1491 3438 1553 πλούσιος
3483 1487 3558 1541 ὦν
3604 1486 3681 1550 ὡς
3714 1486 3879 1547 826.;-

2310 1580 2624 1653 ὲπτώχευσε
2656 1582 2782 1654 γὰρ,
2815 1581 2874 1635 τὸ
2905 1583 3005 1653 τῆς
3042 1580 3451 1651 ἀνθρωπότητος
3501 1576 3883 1648 μικροπρεπὲς

2310 1672 2732 1744 οἰκειωσάμενος
2779 1673 3216 1744 οίκονομικῶς,ὁ
3264 1670 3518 1732 πλούσιος
3564 1667 3792 1738 άληθῶς
3822 1667 3883 1717 ἐκ

643 1738 893 1795 humanas
937 1752 1145 1798 natura:
1184 1745 1545 1804 humilitatem
1598 1751 1992 1820 dispensatorie
2043 1766 2199 1805 suam

2309 1764 2443 1818 Θεοῦ
2474 1738 2686 1837 Πατρὸς
2712 1766 2901 1834 Λόγος.
2934 1738 3029 1827 lii;
3063 1764 3172 1835 ἄρα
3206 1762 3438 1833 Χριστὸς
3474 1762 3567 1814 καὶ
3594 1760 3729 1822 Υἱός
3752 1777 3765 1788 ·
3792 1760 3883 1811 καὶ

642 1827 867 1895 faciens,
894 1828 1093 1885 factum
1138 1844 1222 1889 est
1268 1837 1445 1905 inops.
1484 1836 1635 1893 Unus
1666 1855 1797 1909 ergo
1826 1848 1909 1893 est
1954 1840 2199 1895 Christus

2307 1852 2561 1917 πλούσιος
2593 1827 2714 1922 μὲν,
2744 1827 2819 1915 ὡς
2847 1827 2977 1914 Θεός
2998 1868 3012 1881 ·
3048 1827 3270 1920 πτωχὸς.
3305 1850 3383 1911 δὲ,
3411 1850 3493 1903 ὃτι
3524 1848 3756 1915 γέγονεν
3788 1848 3881 1899 άν-

642 1927 696 1970 ct
720 1916 909 1985 Filius,
943 1922 1033 1991 qui
1075 1926 1291 1993 quidem
1337 1928 1486 1983 dives
1537 1940 1619 1984 est
1668 1940 1725 1984 ut
1778 1930 1953 1997 Deus;
2005 1946 2206 2002 pauper

642 2024 772 2064 vero
798 2020 902 2076 est,
938 2014 1063 2083 quia
1095 2023 1151 2069 ut
1188 2032 1286 2072 nos
1320 2034 1414 2089 per
1441 2034 1502 2076 se
1537 2021 1918 2092 locupletaret,
1942 2024 2107 2079 homo
2133 2024 2205 2079 fas

641 2112 763 2156 ctus
790 2111 894 2159 est.

1005 2197 1008 2201 ί
1073 2217 1157 2273 Ex
1180 2219 1414 2290 Epistula
1442 2227 1509 2277 ad
1538 2224 1772 2282 Galatas.

714 2344 733 2378 ι
770 2326 968 2385 Paulus
1006 2334 1304 2404 apostolus,
1337 2351 1443 2390 non
1475 2338 1542 2392 ab
1566 2338 1891 2407 hominibus,
1912 2356 2084 2411 neque
2106 2358 2204 2412 per

640 2416 934 2487 hominem,
954 2423 1046 2476 sed
1069 2439 1164 2493 per
1179 2423 1359 2481 Jesum
1378 2427 1671 2496 Christum,
1689 2440 1742 2483 ct
1772 2431 1937 2486 Deum
1987 2430 2201 2487 Patrem

640 2512 731 2578 qui
788 2513 1070 2570 suscitavit
1118 2532 1298 2572 euma
1353 2521 1648 2577 mortuis‘.
1703 2540 1722 2574 ι
1778 2524 1969 2579 Annon
2033 2525 2199 2579 Deum

636 2599 1001 2671 incarnatum,
1057 2621 1328 2677 unumque
1373 2624 1437 2663 ex
1496 2611 1740 2680 utrisque
1772 2612 1965 2667 Filium
2023 2626 2076 2669 et
2106 2615 2201 2669 Do-

640 2691 1187 2756 minum,divinorum
1231 2701 1614 2770 mysteriorum
1659 2703 1924 2771 interpres
1960 2720 2055 2773 per
2087 2706 2201 2762 haec

637 2780 792 2836 nobis
816 2781 1090 2838 insinuat?
1114 2787 1249 2842 Dicit
1281 2789 1423 2843 enim
1444 2805 1502 2844 se
1525 2806 1629 2846 non
1666 2790 1734 2845 ab
1766 2792 2001 2859 homine,
2028 2809 2201 2864 neque

637 2883 734 2935 per
758 2872 1047 2941 hominem,
1066 2880 1161 2932 sed
1183 2895 1274 2948 per
1301 2878 1480 2934 Iesum
1509 2881 1782 2938 Christum
1815 2885 2035 2939 missum
2058 2900 2198 2940 esse.

637 2961 777 3030 Quid
803 2966 969 3032 ergo?
1001 2966 1254 3037 Nunquid
1316 2970 1483 3034 illum,
1518 2985 1675 3041 quem
1702 2972 1951 3029 universo
1978 2976 2093 3029 orbi
2121 2984 2201 3029 ta-

632 3055 739 3110 lem
789 3058 1139 3113 annuntiarat
1173 3061 1441 3115 hominem
1477 3077 1598 3118 esse
1632 3064 1954 3133 ignorabat?
1980 3067 2195 3136 Nequa-

631 3159 790 3215 quam
814 3166 826 3201 :
847 3158 1003 3203 norat
1026 3151 1210 3219 utique
1240 3153 1508 3207 hominem
1536 3169 1657 3209 esse
1678 3179 1689 3208 -.
1710 3164 1765 3208 at
1793 3170 1895 3209 non
1920 3157 2195 3212 hominem

631 3239 833 3304 solum,
864 3241 959 3295 sed
1001 3241 1093 3296 Dei
1158 3243 1391 3297 Verbum
1451 3244 1724 3297 hominem
1760 3245 1984 3299 factum.
2011 3233 2197 3317 Neque

631 3328 804 3384 Deum
841 3344 1055 3385 rursum
1092 3332 1148 3386 in
1182 3332 1399 3387 homine
1464 3332 1888 3403 intelligendum,
1918 3336 2012 3391 sed
2048 3338 2197 3392 salva

632 3434 729 3488 per
751 3421 932 3475 omnia
962 3420 1164 3475 deitate
1211 3421 1484 3478 hominem
1532 3424 1712 3493 reipsa
1763 3422 2031 3479 eﬂ'ectum.
2062 3425 2197 3482 Cum

629 3526 764 3581 ergo
787 3526 846 3567 se
892 3527 997 3567 non
1032 3511 1097 3567 ah
1147 3513 1387 3579 homine,
1419 3514 1514 3570 sed
1553 3530 1649 3585 per
1697 3514 1878 3571 Iesum
1922 3515 2194 3573 Christum

632 3604 855 3658 missum
885 3604 1032 3659 dicat
1066 3620 1083 3659 :
1116 3605 1238 3673 quis
1288 3606 1493 3661 dubitet
1532 3607 1662 3675 quin
1697 3609 1971 3663 Christum
2013 3609 2195 3664 Iesum

629 3709 814 3749 verum
840 3694 1004 3749 Deum
1040 3705 1322 3765 agnoscat,
1352 3695 1512 3750 etiam
1531 3698 1620 3752 ubi
1654 3697 1742 3752 ille
1767 3698 1989 3767 perinde
2010 3714 2074 3755 ac
2100 3714 2199 3755 nos

627 3787 775 3840 carni
825 3787 1378 3847 communicavitiAt
1424 3789 1611 3844 maluit
1638 3790 1857 3844 interim
1910 3790 2059 3845 illum
2103 3807 2197 3862 per

628 3876 865 3932 divinam
894 3875 1038 3932 illius
1072 3891 1234 3947 super
1262 3892 1453 3934 omnes
1483 3879 1877 3947 excellentiam,
1899 3895 2058 3950 quam
2100 3897 2198 3954 per

628 3968 1015 4024 exinanitionis
1044 3984 1353 4025 mensuram
1378 3971 1705 4039 exprimere.

708 4156 893 4211 cCum
949 4171 1192 4212 essemus
1246 4159 1477 4226 parvuli,
1507 4159 1607 4214 sub
1663 4160 1947 4218 elementis
2007 4165 2189 4218 mundi

626 4260 845 4301 eramus
903 4246 1220 4302 servientes.
1272 4250 1426 4319 107
1490 4250 1561 4303 At
1607 4251 1693 4304 ubi
1739 4254 1883 4306 venit
1919 4252 2193 4322 plenitudo

625 4336 909 4405 temporis,
942 4337 1092 4392 misit
1144 4336 1287 4394 Deus
1325 4339 1517 4393 Filium
1555 4355 1711 4394 suum
1742 4340 1942 4396 factum
1975 4358 2040 4399 ex
2072 4360 2191 4398 mu-

2306 1942 2544 2014 θρωπος,
2580 1943 2666 1997 ἵνα
2696 1943 2857 2012 ἡμεῖς
2887 1940 3173 2012 γενώμεθα
3206 1938 3450 1993 πλούσιοι
3478 1938 3547 1991 δι’
3574 1937 3767 1989 αὐτόν.

2707 2227 2803 2280 Ἐκ
2836 2225 2947 2295 τῆς
2978 2226 3129 2294 πρὸς
3161 2227 3457 2295 Γαλάτας.

2381 2364 2399 2398 ι
2426 2341 2640 2407 Παῦλος
2675 2340 2970 2405 ἀπόστολος
2996 2382 3011 2407 ,
3047 2340 3147 2396 οὐκ
3167 2342 3261 2397 ἀπ’
3288 2342 3611 2415 ἀνθρώπων,
3638 2341 3763 2394 οὐδὲ
3808 2340 3876 2392 δι’

2302 2433 2616 2505 ἀνθρώπου,
2659 2431 2794 2486 ἀλλὰ
2823 2432 2913 2485 διὰ
2943 2430 3117 2501 Ἰησοῦ
3163 2433 3421 2504 Χριστοῦ,
3450 2433 3544 2487 καὶ
3574 2432 3710 2486 Θεοῦ
3763 2432 3878 2483 Πα-

2301 2523 2429 2594 τρὸς
2471 2522 2563 2575 τοῦ
2610 2522 2919 2593 ἐγείραντος
2962 2522 3123 2575 αὑτὸν
3180 2523 3244 2575 ὲκ
3288 2522 3517 2594 νεκρῶν.
3555 2541 3573 2574 ι
3600 2519 3729 2592 'Ap'
3779 2518 3875 2574 οῦν

2300 2612 2419 2682 οὐχὶ
2460 2612 2593 2665 Θεὸν
2622 2611 3109 2682 ὲνηνθρωπηκότα,
3151 2612 3246 2664 καὶ
3291 2613 3389 2666 ἓνα
3433 2612 3523 2664 τὸν
3566 2611 3624 2674 ἐξ
3665 2611 3878 2679 ἀμφοιν

2300 2702 2590 2772 ἀποφαίνει.
2626 2700 2715 2754 διὰ
2737 2701 3082 2771 τούτωνὴμίν
3120 2703 3246 2753 Υἱὸν
3270 2703 3364 2754 καὶ
3392 2703 3593 2771 Κύριον
3626 2704 3655 2754 ὁ
3695 2719 3875 2771 μυστ-

2304 2796 2553 2867 αγωγός;
2596 2796 2739 2867 Ἔφη
2781 2796 2877 2866 μὲν
2922 2795 3031 2866 γὰρ
3095 2795 3451 2860 ἀπεστάλθαι,
3490 2795 3615 2849 οὔτε
3644 2796 3738 2847 ἀπ’
3774 2798 3873 2848 ἀν’

2302 2888 2556 2959 θρώπων,
2604 2886 2728 2940 οὔτε
2780 2886 2846 2939 δι’
2887 2886 3211 2955 ἀνθρώπου·
3262 2885 3613 2956 προσ-τέθεικε
3655 2884 3740 2945 δὲ,
3791 2885 3874 2937 ὅτι

2309 2997 2328 3031 ι
2368 2978 2529 3032 Ἀλλὰ
2555 2978 2645 3033 διὰ
2682 2975 2858 3047 Ἰησοῦ
2888 2975 3144 3047 Χριστοῦ.
3174 2995 3192 3028 ι
3221 2977 3411 3029 Καίτοι
3436 2975 3553 3038 πῶς
3591 2976 3692 3027 οὐκ
3725 2971 3874 3027 οἶδεν

2304 3069 2588 3143 ἄνθρωπον
2632 3069 2760 3122 ὅντα
2803 3065 3007 3137 Ἰησοῦν
3055 3067 3314 3136 Χριστὸν.
3343 3067 3372 3119 6
3416 3066 3560 3118 οὕτω
3595 3067 3709 3126 τοῖς
3764 3066 3873 3117 ἀνά

2302 3164 2481 3216 πᾶσαν
2506 3165 2604 3233 τὴν
2632 3160 2953 3228 οἰκουμένην
2971 3167 3002 3208 γ
3036 3177 3102 3227 κη
3114 3177 3276 3226 ρυςας
3315 3158 3476 3212 αὐτόν
3501 3174 3516 3221 ;
3558 3157 3700 3208 ’Δλλ“
3722 3151 3873 3207 οἶδεν

2300 3251 2426 3303 ὄντα
2446 3251 2545 3304 οὐκ
2564 3250 2845 3321 ἄνθρωπον
2869 3249 3072 3311 άπλῶς,
3096 3246 3553 3318 ὲνηνθρωπηκότα
3578 3245 3633 3297 δὲ
3665 3244 3873 3314 μᾶλλον

2300 3340 2391 3391 τὸν
2414 3341 2479 3392 ὲκ
2520 3339 2655 3392 Θεοῦ
2699 3337 2897 3405 Δόγον·
2932 3338 3025 3390 καὶ
3051 3338 3110 3390 οὐ
3147 3336 3281 3389 Θεὸν
3316 3338 3371 3389 ὲν
3401 3333 3674 3405 ἀνθρώπῳ
3718 3335 3875 3387 νοού-

2304 3447 2481 3499 μενον,
2508 3430 2620 3483 άλλ’
2646 3430 2721 3494 ὡς
2748 3432 3067 3501 αὐτόχρημα
3097 3428 3384 3498 γενόμενον
3411 3426 3697 3497 ἄνθρωπον
3732 3426 3875 3496 μετὰ

2298 3520 2392 3573 τοῦ
2422 3516 2725 3574 εἷναιΘεόν.
2753 3521 2924 3573 Ὅταν
2959 3515 3053 3572 οὖν
3079 3517 3234 3589 λέγῃ,
3276 3516 3426 3589 παρὰ
3459 3517 3748 3588 ἀνθρώπου
3796 3516 3873 3587 μὴ

2299 3609 2655 3673 ἀπεστάλθαι,
2682 3611 2818 3664 ἀλλὰ
2845 3609 2933 3663 διὰ
2969 3608 3142 3679 Ἰησοῦ
3173 3607 3428 3680 Χριστοῦ·
3461 3608 3577 3671 πῶς
3598 3608 3698 3676 οὐχ
3731 3608 3875 3659 ἃπα-

2300 3720 2383 3757 σιν
2418 3702 2668 3774 ἐναργὲς,
2694 3702 2775 3757 ὅτι
2801 3702 2897 3755 καὶ
2925 3700 3056 3754 Θεὸν
3091 3700 3252 3755 αὐτὸν
3281 3697 3419 3753 οἶδεν
3445 3699 3698 3768 ἀληθινὸν
3731 3697 3873 3767 μετὰ

2297 3795 2358 3848 τὸ
2389 3794 2485 3847 καὶ
2515 3796 2572 3847 ὲν
2608 3794 2771 3864 σαρκὶ
2808 3790 3062 3860 γενέσθαι
3104 3790 3226 3845 καθ’
3252 3791 3430 3860 ήμᾶςς
3466 3788 3731 3857 Σημαίνει
3759 3786 3873 3838 τοῖο

2297 3902 2393 3943 νμν
2431 3885 2593 3944 αὐτὸν
2621 3883 2720 3936 οὐκ
2764 3883 2872 3937 ἀπό
2910 3900 2972 3951 γε
3013 3882 3121 3934 τῶν
3164 3882 3261 3950 τῆς
3300 3878 3581 3939 κενώσεως
3629 3877 3867 3947 μέτρων,

2297 3974 2432 4035 ἀλλὰ
2464 3976 2528 4027 ὲκ
2561 3974 2658 4041 τῆς
2692 3973 2840 4034 θείας
2872 3970 3035 4023 αὐτοῦ
3088 3971 3181 4024 καὶ
3225 3968 3368 4022 κατὰ
3416 3968 3631 4021 πάντων
3684 3967 3866 4036 ὑπερ-

2295 4066 2451 4134 οχῆς.

2327 4084 2546 4208 χῗῖδτε
2587 4148 2728 4224 ἦμεν
2758 4154 2971 4224 νήπιοι,
3000 4152 3105 4206 ὑπὸ
3134 4151 3203 4205 τὰ
3249 4151 3486 4220 στοιχεῖα
3526 4146 3620 4201 τοῦ
3658 4148 3866 4218 κόσμου

2292 4244 2677 4315 δεδουλωμένοι
2716 4241 2876 4315 ἦμεν.
2906 4244 3035 4297 Ὅτε
3075 4243 3132 4296 δὲ
3166 4238 3296 4314 ἦλθε
3343 4242 3404 4294 τὸ
3448 4241 3726 4311 πλήρωμα
3772 4239 3865 4291 τοῦ

2293 4336 2506 4406 χρόνου,
2551 4335 2927 4402 ἐξαπέστειλεν
2973 4335 3001 4387 ὁ
3039 4334 3171 4398 Θεὸς
3199 4334 3288 4386 τὸν
3334 4332 3459 4387 Υἱὸν
3493 4332 3659 4386 αὑτοῦ
3712 4332 3867 4399 γενό-

624 4428 781 4491 liere,
809 4426 1009 4480 factum
1041 4428 1141 4481 sub
1174 4428 1310 4495 lege,
1340 4439 1398 4484 ut
1440 4444 1536 4485 eos
1579 4431 1670 4498 qui
1714 4435 1812 4486 sul)
1840 4432 1954 4504 lege
2011 4447 2185 4500 erant,

2304 4443 2457 4495 μενον
2497 4429 2563 4481 ὲκ
2594 4426 2879 4493 γυναικὸς,
2914 4425 3203 4495 γενόμενον
3249 4426 3354 4479 ὑπὸ
3390 4426 3572 4495 νόμον,
3619 4424 3709 4477 ἵνα
3742 4425 3867 4484 τοὺς

623 4516 933 4579 redimeret,
963 4524 1024 4569 ut
1061 4516 1400 4585 adoptionem
1432 4518 1660 4573 liiiorum
1694 4520 2056 4590 reciperemus
2078 4524 2118 4574 '.
2160 4541 2186 4573 ι

2304 4518 2388 4571 »πὸ
2426 4516 2589 4588 νόμον
2626 4517 2952 4589 ἐξαγοράσῃ,
2988 4519 3074 4571 ἴνα
3106 4517 3205 4587 τὴν
3253 4516 3523 4570 υἱοθεσίαν
3574 4515 3864 4568 ἀπολάϐω-

623 4607 818 4673 Quem,
839 4621 1041 4675 quazso,
1070 4606 1212 4662 Deus
1244 4606 1408 4663 Pater
1429 4625 1493 4664 ex
1525 4611 1747 4666 muliere
1789 4622 1969 4667 ortum
1999 4626 2051 4668 et
2086 4616 2185 4670 suh

2304 4627 2406 4663 tzv.
2433 4627 2450 4659 ι
2497 4608 2633 4661 Τίνα
2665 4607 2955 4677 πέπομφεν
2983 4609 3011 4661 ὀ
3045 4607 3179 4670 Θεὸς
3205 4608 3299 4659 καὶ
3330 4606 3538 4677 Πατὴρ,
3562 4605 3623 4667 ὃς
3643 4605 3867 4672 γέγονεν

626 4698 741 4767 lege
797 4698 996 4751 factum
1040 4698 1220 4752 misit?
1257 4697 1449 4754 Annon
1509 4715 1743 4771 congrue
1810 4704 2186 4772 respondetur,

2304 4720 2353 4754 μκ
2392 4700 2681 4769 γυναικὸς,
2727 4698 2919 4768 γέγονε
2958 4699 3015 4751 δὲ
3055 4699 3149 4752 καὶ
3194 4698 3298 4750 ὑπὸ
3338 4697 3533 4767 νόμους
3560 4692 3715 4766 *Λρα
3748 4698 3867 4765 οὐχὶ

624 4785 893 4855 digneque
919 4784 1207 4852 cogitatur,
1236 4799 1358 4839 eum
1386 4786 1621 4851 misisse,
1647 4789 1735 4856 qui
1769 4802 1941 4857 neque
1964 4804 2029 4844 ex
2070 4806 2187 4843 ιιιυ-

2304 4791 2455 4861 ράναι
2477 4790 2709 4861 πρέπει,
2756 4789 2857 4841 καὶ
2906 4790 3174 4860 περινοεῖν
3221 4787 3406 4851 ἄξιον,
3450 4787 3534 4839 ὅτι
3576 4786 3867 4857 πέπομφεν

624 4875 755 4928 liere
792 4882 967 4929 ortus.
995 4888 1094 4928 nec
1141 4872 1241 4943 legi
1273 4874 1447 4928 factus
1499 4884 1643 4929 esset
1683 4878 1969 4944 obnoxius,
1991 4878 2091 4933 nisi
2137 4878 2186 4933 id

2304 4884 2515 4945 εκεῖνον,
2538 4880 2596 4943 ὃς
2621 4880 2721 4933 οὐκ
2742 4878 2807 4932 ἂν
2834 4877 3058 4947 γέγονεν
3081 4880 3145 4931 ὲκ
3171 4876 3445 4946 γυναικὸς,
3469 4876 3578 4929 οὐδ’
3602 4874 3671 4929 ἂν
3698 4876 3865 4946 ἔπρα-

629 4982 747 5022 esse
770 4982 874 5021 non
896 4966 1186 5027 desineret.
1214 4966 1355 5035 quod
1388 4976 1512 5021 ante
1544 4982 1759 5021 carnem
1792 4978 1845 5023 et
1865 4971 2183 5040 sanguinem

2304 4972 2377 5037 Ξεν
2406 4972 2512 5026 ὑπὸ
2540 4971 2725 5042 νόμον,
2751 4972 2799 5025 εἰ
2841 4970 2915 5043 μὴ
2951 4969 3260 5041 μεμένηκεν
3288 4970 3421 5038 ὅπερ
3452 4963 3541 5039 ἦν,
3573 4967 3681 5031 ἔξω
3710 4967 3864 5036 δηλο-

626 5063 935 5125 susceptum
962 5057 1115 5112 erat?
1149 5055 1254 5111 Res
1284 5058 1440 5125 plana
1469 5068 1590 5113 est:
1626 5059 1823 5113 etenim
1871 5060 1964 5114 Dei
2012 5058 2190 5115 Patris

2304 5064 2402 5116 νόει
2440 5062 2641 5135 σαρκὸς
2667 5062 2762 5115 καὶ
2791 5062 3051 5132 αἵματος;
3095 5059 3235 5114 Ἀλλ’
3256 5058 3369 5112 ἐστι
3401 5059 3575 5128 σαφὴς
3609 5060 3639 5110 6
3667 5058 3858 5124 λόγος·

625 5146 861 5201 Verbum
894 5148 1185 5203 secundum
1214 5162 1429 5203 carnem
1460 5160 1641 5201 natum
1692 5158 1777 5203 est
1817 5165 1882 5203 ex
1927 5152 2185 5218 muliere;

2304 5154 2450 5226 ὁγὰρ
2484 5156 2549 5208 ὲκ
2593 5153 2728 5207 Θεοῦ
2779 5151 2992 5224 Πατρὸς
3023 5151 3195 5219 Λόγος
3225 5152 3445 5220 γέγονεν
3488 5151 3554 5203 ὲκ
3601 5149 3861 5217 γυναικὸς

623 5239 714 5293 ille
733 5255 946 5294 rursum
984 5240 1073 5310 qui
1102 5241 1339 5306 utDeus,
1361 5241 1494 5311 legis
1543 5250 1661 5295 erat
1698 5239 1981 5309 Dominus,
2013 5241 2190 5297 factus

2304 5243 2428 5297 ιατὰ
2460 5245 2638 5316 σάρκα
2657 5258 2671 5273 ⁶
2708 5247 2737 5299 6
2763 5243 2859 5297 τοῦ
2888 5242 3051 5314 νόμου
3089 5242 3291 5313 Κύριος
3334 5241 3408 5305 ώς
3451 5241 3609 5305 Θεὸς,
3640 5243 3862 5311 γέγονεν

689 5396 773 5452 "I
804 5398 929 5453 Cor.
963 5413 1075 5463 vnt,
1111 5398 1165 5453 9.
1241 5400 1286 5430 ”
1317 5401 1332 5455 1
1358 5399 1482 5455 Cor.
1520 5414 1590 5469 tv,
1618 5400 1671 5453 7.
1752 5402 1764 5430 ¹
1793 5400 1971 5455 Galat.
2000 5416 2037 5465 ι,
2068 5402 2120 5455 1.
2198 5402 2217 5433 '
2242 5399 2417 5455 Galat.
2449 5416 2519 5467 tv,
2547 5401 2599 5455 ’5.

1675 5563 1845 5618 Varia:
1874 5560 2134 5620 lectiones
2162 5562 2363 5618 codicis
2394 5562 2749 5633 Segnieriani.

693 5707 721 5747 1
744 5700 832 5752 ὑπ’
861 5700 1103 5770 οὐρανόν.
