4056 6334
178 381 326 435 1505

1278 378 1367 433 ηε
1409 378 1630 436 nec“
1675 379 1832 436 FIDE
1870 382 1961 435 au
2004 381 2321 437 REGINAS.
2413 340 2418 347 ’

3294 380 3434 441 I300

174 496 288 549 ὑπὸ
316 494 498 565 νόμον,
522 493 607 548 ἴνα
634 492 860 564 γένηται
892 493 987 548 καὶ
1014 492 1239 563 ἀδελφὸς
1266 496 1377 558 τοῖς
1415 494 1521 548 ὑπὸ
1550 494 1711 565 νόμον
1729 511 1740 524 ·

1854 506 1937 550 est
1961 494 2059 561 legi
2089 494 2503 566 subjectus,quo
2523 494 2736 555 illorum
2764 494 2987 550 fratrem
3022 508 3082 550 se
3135 493 3436 551 declararet

173 589 323 643 οὕτω
354 588 462 659 γάρ
490 585 830 658 άπελάϐομεν
859 588 1021 659 ἡμεῖς
1052 587 1149 659 τὴν
1187 588 1480 642 υἱοθεσίαν.
1508 586 1673 642 Ὥστε
1700 589 1751 642 εί

175 680 258 751 μὴ
288 680 509 749 γέγονεν
536 681 641 735 ὑπὸ
678 680 841 749 νόμον
864 680 957 732 καὶ
987 679 1052 733 ὲκ
1076 677 1351 743 γυναικὸς,
1381 680 1490 732 οὐδ’
1513 676 1580 732 ἂν
1607 674 1751 749 ἦμεν

171 773 396 840 ἀδελφοὶ
433 773 509 844 τῷ
538 774 677 827 κατά
704 771 865 842 φύσιν
896 769 1087 841 Κυρίῳ
1118 769 1195 840 τῷ
1223 769 1341 840 Θεῷ
1364 778 1409 825 ι.
1448 768 1669 839 Ἐπειδὴ
1692 768 1750 822 δὲ

169 866 368 933 γέγονε
400 864 468 919 δι’
505 863 667 919 αὑτοῦ
696 864 757 921 τὸ
800 862 1023 935 χρῆμα,
1074 862 1549 933 πεπλουτήκαμεν.
1588 859 1750 914 Ἀπό-

167 953 340 1019 δειξιν
370 955 430 1009 δὲ
465 957 701 1008 ποιεῖται
735 953 880 1024 σαφῆ
914 951 1008 1006 τοῦ
1045 952 1369 1024 πράγματος
1396 954 1425 1006 6
1467 951 1751 1015 θεσπέσιος

166 1043 407 1108 Παῦλος,
429 1039 934 1115 προσ[επ]ενεγκὼν
958 1039 1139 1107 εὐθύς·
1176 1062 1194 1093 t
1227 1041 1350 1094 Ὀτι
1386 1040 1442 1093 δέ
1468 1041 1589 1094 ὲστε
1612 1040 1741 1107 υἱοὶ,

165 1133 554 1198 ἐξαπέστειλεν
579 1134 607 1187 6
634 1133 766 1196 Θεὸς
801 1131 862 1184 τὸ
892 1128 1119 1201 Πνεῦμα
1159 1128 1253 1184 τοῦ
1286 1129 1416 1184 Υίοῦ
1454 1128 1622 1184 αὑτοῦ
1667 1132 1748 1194 είς

162 1225 266 1288 τὰς
302 1224 530 1295 καρδίας
562 1222 736 1296 ὑμῶν,
783 1222 1007 1293 κράζον·
1052 1222 1239 1287 Ἀϐϐᾶ,
1270 1224 1299 1276 6
1326 1223 1536 1292 Πατήρ.
1564 1240 1583 1274 ι
1623 1221 1748 1285 Πῶς

162 1311 265 1368 οὖν
294 1315 512 1385 πνεῦμα
539 1314 634 1368 τοῦ
667 1316 731 1368 ὲκ
761 1313 1014 1382 γυναικὸς
1040 1312 1134 1366 καὶ
1182 1312 1287 1366 ὑπὸ
1314 1311 1495 1383 νόμον,
1514 1311 1574 1365 τὸ
1589 1310 1743 1381 ἅγιόν

159 1410 288 1463 ἐστι
327 1409 571 1480 Πνεῦμα,
603 1409 670 1463 δι’
695 1402 757 1462 οῦ
785 1408 881 1461 καὶ
908 1405 1211 1477 κράζομεν,
1258 1404 1447 1471 Ἀϐϐᾶ,
1474 1404 1504 1458 6
1532 1405 1744 1477 Πατὴρ,

160 1501 215 1553 εί
246 1501 324 1571 μὴ
352 1499 483 1563 Θεὸς
507 1484 820 1571 ἀΧριστδς,
854 1493 935 1561 είς
964 1496 1061 1561 ὢν,
1090 1497 1184 1549 καὶ
1216 1495 1378 1561 Υίόςς

1857 584 1947 654 qui
1998 584 2132 656 legis
2197 584 2419 639 vinculo
2475 584 2794 640 tenebantur
2844 583 3097 640 astricti:
3138 584 3242 639 hac
3325 600 3431 639 una

1859 692 2098 749 namque
2131 676 2340 733 ratione
2387 677 2442 733 iu
2500 677 2639 734 lilios
2694 677 2931 747 cooptati
2980 691 3186 732 sumus.
3209 676 3430 732 Certum

1855 776 1937 821 est
1964 766 2195 830 enim,si
2236 766 2284 821 is
2325 766 2427 838 legi
2468 765 2734 822 obnoxius
2768 766 2949 822 factus
2998 782 3103 820 non
3136 774 3304 828 esset,
3338 773 3433 819 aut

1855 868 2033 915 ortum
2064 874 2131 913 ex
2158 859 2384 915 muliere
2432 875 2543 916 non
2597 860 2874 924 traxisset,
2901 874 2999 914 nos
3026 858 3173 913 illius
3229 857 3430 911 fratres

1851 956 2083 1012 evadere
2104 970 2209 1011 non
2238 956 2498 1024 potuisse,
2532 956 2624 1025 qui
2669 955 2970 1010 secundum
3003 962 3253 1007 naturam
3289 952 3431 1006 Deus

1848 1046 2186 1103 etDomittus
2228 1054 2348 1101 est:
2379 1046 2504 1117 quia
2560 1061 2691 1102 vero
2737 1058 3029 1115 utrumque
3076 1043 3297 1098 elIectus
3319 1051 3426 1108 est,

1850 1154 1947 1193 nos
1972 1153 2184 1208 quoque
2216 1153 2311 1209 per
2362 1138 2536 1208 ipsum
2581 1139 2681 1193 hac
2716 1147 2861 1192 tanta
2918 1153 2976 1193 re
3008 1137 3163 1206 petiti
3214 1150 3425 1190 sumus.

1850 1230 2027 1299 Atque
2078 1230 2236 1299 hujus
2274 1230 2578 1285 evidentem
2634 1229 3153 1284 demonstrationem
3201 1227 3428 1285 habent.

1850 1336 1971 1391 quae
2008 1321 2196 1375 beatus
2224 1321 2518 1390 Apostolus
2540 1323 2723 1375 statim
2744 1320 2816 1375 ibi
2836 1318 3111 1387 adjungit;
3146 1318 3221 1371 ait
3246 1317 3426 1370 enim:

1858 1430 1878 1464 ι
1913 1411 2178 1479 Quoniam
2234 1420 2416 1481 autem
2460 1413 2594 1467 estis
2624 1410 2738 1476 lilii,
2780 1411 2927 1466 misit
2983 1410 3122 1467 Deus
3166 1407 3427 1477 Spiritum

1852 1497 1974 1553 Filii
2023 1499 2106 1555 sui
2154 1498 2208 1554 in
2255 1499 2420 1554 corda
2456 1509 2662 1565 vestra,
2697 1501 3047 1564 clamantem,
3096 1498 3267 1561 Abba,
3323 1495 3427 1549 Pa-

162 1598 250 1642 ter
270 1586 315 1642 ⁸.
362 1606 381 1638 ι
414 1586 532 1641 Jam
555 1588 827 1657 quomodo
850 1586 995 1641 illius
1030 1585 1276 1655 spiritus,
1309 1584 1401 1655 qui
1425 1600 1491 1641 ex
1516 1584 1743 1641 muliere
1784 1596 1944 1644 natus
1965 1598 2069 1654 est,
2104 1600 2161 1645 et
2187 1589 2292 1647 sub
2344 1588 2461 1662 lege
2517 1589 2693 1645 lactus
2742 1599 2845 1656 est,
2910 1602 3128 1646 sanctus
3192 1586 3426 1659 Spiritus

159 1686 273 1745 est,
318 1694 415 1750 per
460 1694 621 1751 quem
664 1679 831 1735 etiam
875 1678 1200 1743 clamamus,
1242 1677 1418 1743 Abba,
1461 1677 1660 1733 Pater:
1693 1679 1737 1734 si
1776 1678 2025 1737 Christus
2052 1680 2214 1747 Deus,
2236 1690 2293 1737 et
2344 1698 2508 1748 unus,
2570 1693 2621 1738 et
2662 1681 2834 1738 Filius
2868 1681 3132 1736 nonest?

567 1798 662 1850 Ἐκ
699 1794 807 1865 τῆς
834 1796 983 1866 πρὸς
1025 1795 1356 1866 Ἐφεσίους.

212 1929 266 1962 ιι
298 1904 395 1976 Εἷς
427 1910 649 1982 Κύριος.
690 1911 788 1982 μία
825 1911 1026 1975 πίστις,
1058 1910 1115 1963 ἓν
1150 1909 1465 1981 βάπτισμα·
1497 1904 1577 1974 εἷς
1610 1908 1743 1973 Θεὸς

160 2002 263 2057 καὶ
293 2004 484 2073 Πατὴρ
522 2003 759 2065 πάντων,
806 2003 900 2056 καὶ⁵
942 2003 1031 2057 διά
1069 2004 1285 2057 πάντων
1326 2002 1421 2058 καὶ
1462 2005 1521 2056 ὲν
1551 2004 1740 2058 πᾶσιν.

170 2093 292 2149 Ἑνὶ
316 2095 379 2148 ,δὲ
413 2094 626 2165 ἑκάστῳ
670 2094 829 2165 ἡμῶν
862 2094 1017 2165 ἐδόθη
1056 2096 1088 2166 ἡ
1132 2095 1291 2167 χάρις
1336 2093 1477 2165 αῦτη
1510 2093 1649 2148 κατά
1682 2094 1744 2147 τὸ

160 2186 368 2258 μέτρον
392 2185 491 2256 τῆς
514 2186 724 2257 δωρεᾶς
751 2186 845 2240 τοῦ
876 2188 1131 2259 Χριστοῦ.
1160 2190 1249 2241 Διὸ
1284 2187 1432 2257 λέγει
1451 2203 1466 2218 ·
1511 2187 1744 2250 Ἀναϐὰς

159 2279 246 2342 είς
291 2276 461 2347 ῦψος,
506 2276 932 2349 ᾐχμαλώτευσεν
982 2278 1379 2348 αίχμαλωσίαν,
1427 2277 1522 2331 καὶ
1574 2277 1741 2330 ἔδωκε

157 2369 380 2439 δόματα
401 2371 516 2433 τοίς
540 2369 866 2441 ἀνθρώποις.
891 2368 966 2422 Τδ
991 2369 1070 2435 δὲ,
1087 2369 1292 2435 ἀνέϐη.
1322 2369 1374 2423 τί
1400 2369 1568 2431 ἐστιν,
1586 2368 1634 2421 εί
1667 2366 1743 2437 μὴ

157 2459 247 2512 ὅτι
284 2460 381 2512 καὶ
409 2458 614 2528 κατέϐη
642 2460 721 2523 είς
754 2459 824 2513 τά
868 2459 1156 2514 κατώτατα
1205 2459 1346 2530 μέρη
1375 2458 1478 2527 τῆς
1508 2457 1642 2528 γῆςς
1683 2457 1741 2510 '0

158 2549 428 2614 καταϐὰς,
453 2549 613 2610 αὑτός
642 2550 758 2602 ἐστι
798 2550 891 2602 καὶ
916 2552 943 2603 6
987 2548 1194 2610 ἀναϐάς
1236 2549 1495 2615 ὑπεράνω
1526 2549 1742 2602 πάντων

155 2638 271 2691 τῶν
293 2636 556 2709 οὐρανῶν,
584 2636 673 2690 ἵνα
694 2636 959 2709 πληρώσῃ
985 2638 1053 2690 τά
1080 2636 1277 2690 πάντα.
1303 2655 1321 2688 ι
1345 2637 1534 2708 Ἀθρει
1554 2638 1617 2707 δή
1650 2652 1741 2707 μοι

158 2730 350 2789 πάλιν.
376 2731 499 2793 ὅσος
534 2732 591 2783 ἐν
631 2728 800 2799 τούτῳ
833 2730 987 2796 λόγος
1031 2728 1343 2798 σαφέστατά
1368 2744 1428 2780 τε
1462 2728 1555 2781 καὶ
1584 2729 1742 2798 ἐναρ-

156 2822 277 2892 γῶς
321 2822 640 2890 ἀποφαίνει,
689 2820 843 2884 εἰδὼς
886 2821 980 2874 καὶ
1028 2819 1356 2891 δυνάμενος,
1390 2820 1472 2874 ὅτι
1506 2818 1740 2889 Χριστὸς

155 2914 369 2985 Κύριος
406 2909 517 2979 εἷς,
546 2913 668 2967 καθ’
693 2913 887 2967 ἕνωσιν
926 2912 1276 2983 οἰκονομικὴν
1325 2911 1738 2983 συνενεχθέντπ

157 3003 259 3058 τοῦ
300 3002 477 3073 Λόγου
517 3003 654 3073 πρὸς
683 3002 744 3055 τὸ
778 3002 1148 3073 ἀνθρώπινον·
1178 2995 1259 3064 εἷς
1291 3000 1401 3071 γάρ
1444 3000 1502 3067 ἐξ
1537 3001 1742 3071 ἀμφοῖν

155 3096 293 3159 Υἱὸς
338 3094 563 3165 ἀληθής.
605 3094 757 3146 Ἐπεὶ
797 3092 914 3155 πῶς
960 3087 1042 3155 εἷς
1082 3091 1286 3163 Κύριος
1312 3109 1335 3157 ;_
1379 3092 1498 3155 πῶς
1545 3092 1603 3145 δὲ
1641 3093 1739 3163 μία

2261 1797 2344 1853 Ea:
2379 1798 2621 1872 Epistula
2645 1800 2716 1854 ad
2749 1798 3025 1869 Ephesios.

1928 1929 1947 1964 ι
1980 1910 2133 1968 Unus
2173 1911 2454 1978 Dominus,
2512 1926 2618 1966 una
2680 1911 2837 1975 ﬁdes,
2889 1925 3055 1965 unum
3110 1907 3421 1978 baptisma:

1848 2018 1987 2059 unus
2016 2003 2159 2060 Deus
2186 2012 2242 2058 et
2265 2003 2425 2059 Pater
2449 2003 2713 2069 omnium,
2746 2003 2838 2073 qui
2873 2010 2957 2058 est
3006 2014 3171 2070 super
3208 2012 3419 2070 omnes,

1849 2103 1904 2149 et
1926 2109 2023 2163 per
2046 2096 2321 2161 omnia,et
2352 2097 2406 2151 in
2442 2096 2713 2151 omnibus.
2752 2093 3059 2163 Unicuique
3100 2099 3284 2147 autem
3324 2103 3425 2144 no-

1848 2193 2023 2241 strum
2053 2185 2178 2242 data
2209 2196 2295 2241 est
2327 2188 2501 2255 gratia
2540 2187 2836 2242 secundum
2886 2197 3196 2239 mensuram
3250 2180 3423 2235 dona-

1851 2276 2013 2330 tionis
2058 2275 2284 2332 Christi.
2327 2276 2558 2347 Propter
2600 2278 2744 2347 quod
2789 2275 2920 2332 dicit
2956 2292 2970 2330 :
3004 2272 3316 2330 Ascendens
3369 2272 3423 2325 in

1848 2369 2012 2422 altum
2043 2369 2309 2437 captivam
2356 2369 2507 2424 duxit
2552 2369 2948 2438 captivitatem,
2971 2366 3121 2423 dedit
3162 2367 3300 2421 dona
3329 2363 3425 2419 lto-

1848 2460 2104 2516 ntinibus.
2135 2460 2291 2526 Quod
2346 2470 2534 2515 autem
2559 2460 2824 2527 ascendit,
2859 2460 2990 2531 quid
3021 2468 3131 2524 est,
3160 2457 3267 2512 nisi
3297 2456 3421 2527 quia

1847 2563 1902 2606 et
1932 2552 2209 2608 descendit
2265 2553 2497 2620 primum
2539 2552 2606 2605 ad
2652 2550 2939 2606 inferiores
2990 2558 3175 2620 partes
3228 2547 3426 2601 terrm?

1847 2643 1946 2711 Qui
1965 2643 2261 2709 descendit,
2300 2644 2415 2712 ipse
2443 2653 2527 2698 est
2553 2654 2606 2699 et
2635 2644 2725 2714 qui
2760 2642 3005 2698 ascendit
3039 2655 3204 2711 super
3234 2654 3425 2695 omnes

1848 2731 2031 2797 eteius,
2080 2740 2136 2786 ut
2190 2730 2438 2800 impleret
2476 2733 2657 2788 omnia
2682 2734 2723 2788 ⁸,
2756 2751 2774 2784 ι
2827 2730 2904 2787 En
2946 2744 3148 2803 quanta
3202 2744 3419 2786 rursum

1844 2820 2092 2874 claritate
2113 2831 2168 2875 et
2220 2822 2493 2877 evidentia
2556 2823 2895 2894 apostolicus
2936 2837 3129 2879 sermo
3158 2823 3264 2877 hoc
3303 2821 3425 2878 locu

1846 2910 2113 2973 ostendat,
2154 2907 2329 2964 Verbo
2372 2924 2468 2980 per
2499 2912 2951 2981 dispensatoriam
3003 2913 3255 2966 unionem
3300 2927 3421 2966 cum

1846 2998 2079 3053 humana
2127 3011 2319 3054 natura
2364 3012 2613 3065 coeunte,
2648 3017 2813 3055 unum
2868 3011 3073 3057 tantum
3108 3016 3229 3056 esse
3261 3000 3425 3057 (Ἀνήρ

1846 3094 2006 3153 stum,
2032 3103 2197 3142 unum
2252 3103 2373 3143 esse
2430 3088 2713 3144 Dominum
2738 3107 2753 3151 ;
2779 3102 2942 3160 atque
2978 3093 3115 3146 adeo
3143 3105 3323 3145 unum
3354 3108 3417 3145 ev

155 3185 381 3250 πίστις;
422 3185 457 3256 ἣ
491 3184 610 3247 πῶς
653 3185 712 3238 ἓν
756 3186 871 3237 ἐστι
914 3183 975 3236 τὸ
1017 3182 1337 3254 βάπτισμας
1388 3184 1450 3237 Εἰ
1488 3184 1596 3255 γάρ
1631 3186 1740 3239 uio!

1845 3190 2070 3247 utroque
2098 3192 2219 3233 esse
2280 3179 2477 3244 solum,
2512 3195 2697 3235 verum
2748 3181 3161 3249 naturalemque
3200 3180 3417 3235 Filium.

154 3277 276 3343 δύο,
304 3276 396 3330 δύο
424 3277 643 3340 πάντως
667 3277 762 3330 καὶ
791 3276 1000 3346 κύριοι·
1048 3275 1200 3346 διττὴ
1227 3276 1321 3329 καὶ
1347 3278 1379 3346 ἡ
1409 3275 1612 3340 πίστις.
1643 3278 1735 3330 καὶ

152 3368 262 3439 οὑχ
294 3368 351 3421 ἓν
380 3368 496 3422 ἐστι
526 3368 585 3421 τὸ
617 3368 916 3437 βάπτισμα.
944 3367 1038 3429 Ei;
1068 3365 1190 3419 τίνα
1222 3368 1333 3437 γὰρ
1361 3368 1731 3423 πεπιστεύκα-

158 3476 302 3533 μεν;
342 3459 376 3530 ἢ
419 3461 500 3524 είς
542 3460 687 3523 τίνος
733 3459 905 3529 ὄνομα
956 3458 1399 3529 βεϐαπτίσμεθας
1437 3460 1596 3515 Ἀλλά
1632 3460 1740 3531 μὴν

155 3548 245 3615 εἷς
292 3550 517 3623 Κύριος,
554 3550 653 3621 μία
682 3549 886 3615 πίστις,
916 3550 975 3603 ἓν
1005 3550 1285 3631 βάπτισμα
1304 3567 1319 3581 ⁸
1350 3550 1615 3622 πρόδηλον
1643 3547 1738 3605 οὖν

155 3642 274 3714 ἄρα
300 3643 382 3695 ὅτι
419 3641 514 3696 καὶ
541 3635 620 3704 εἷς
658 3641 803 3706 Υίδς,
832 3641 933 3694 κᾶν
962 3642 1012 3694 εί
1045 3644 1216 3695 νοοῖτο
1248 3641 1547 3710 καθλὴμᾶς
1576 3657 1736 3710 γεγο-

155 3732 270 3798 νὼς
293 3735 322 3787 6
352 3732 683 3803 Μονογενής.
712 3732 810 3795 Τίς
837 3731 894 3785 δὲ
929 3732 1066 3795 ὅλως
1090 3734 1119 3786 6
1154 3731 1360 3795 ἀναϐάς
1387 3732 1469 3795 είς
1507 3730 1670 3800 iul/oc;
1701 3729 1735 3801 ἢ

154 3825 249 3889 τίς
271 3826 301 3878 6
325 3821 601 3879 κατελθὼν
626 3824 705 3885 είς
727 3822 797 3876 τά
821 3822 1105 3895 κατώτερα
1135 3822 1276 3894 μέρη
1304 3822 1403 3891 τῆς
1429 3821 1566 3892 γῆςς
1597 3822 1739 3874 Οὑκ-

155 3916 260 3972 οῦν
285 3916 446 3979 αὑτὸς
471 3914 674 3987 κατέϐη
708 3915 805 3986 μὲν
830 3912 1220 3986 ἀνθρωπίνωςο
1248 3912 1454 3983 καθῆκε
1482 3912 1591 3983 γὰρ
1616 3913 1740 3967 ἐαυ·

154 4008 256 4063 τὸν
276 4010 358 4071 είς
379 4007 635 4071 κένωσιν,
660 4006 753 4060 καὶ
780 4003 1167 4068 τεταπείνωκε,
1194 4004 1480 4075 γενόμενος
1502 4005 1739 4075 ὑπήκοος

160 4097 332 4170 μέχρι
358 4095 613 4149 θανάτου*
643 4093 810 4164 ἀνέϐη
837 4092 894 4146 δὲ
926 4091 1064 4163 μετά
1087 4091 1291 4162 σαρκὸς
1316 4091 1571 4162 ὑπεράνω
1601 4091 1738 4147 πάν-

155 4207 272 4244 των
301 4188 407 4243 τῶν
434 4186 697 4258 οὐρανῶν,
729 4184 814 4238 ἴνα
846 4184 1110 4255 πληρώσῃ
1140 4182 1208 4236 τά
1240 4183 1439 4237 πάντα.

1840 3268 1975 3323 Nam
2012 3271 2278 3336 quomodo
2305 3286 2441 3325 unus
2499 3270 2775 3337 Dominus,
2813 3280 2907 3325 aut
2932 3286 3037 3325 una
3072 3271 3225 3335 iides,
3259 3272 3424 3342 108

1837 3372 1932 3417 aut
1954 3377 2117 3416 unum
2150 3364 2410 3430 baptisma
2431 3361 2540 3417 ?*Si
2570 3364 2716 3417 enim
2762 3364 2868 3418 duo
2898 3375 3023 3418 sunt
3048 3364 3164 3428 filii,
3195 3364 3304 3418 duo
3327 3381 3424 3419 ne-

1846 3451 2087 3507 cessario
2113 3460 2273 3507 erunt
2316 3452 2547 3517 Domini,
2576 3460 2630 3507 et
2677 3452 2874 3521 duplex
2929 3470 3143 3508 rursum
3181 3453 3341 3519 lldes,
3365 3463 3420 3508 et

1844 3544 2041 3613 duplex
2076 3543 2289 3597 tandem
2319 3545 2605 3614 baptisma,
2633 3544 2687 3598 In
2710 3545 3032 3614 quemcnim
3066 3544 3417 3609 credidimus,

1842 3645 1934 3688 aut
1965 3634 2015 3687 in
2056 3635 2210 3705 cujus
2237 3636 2459 3692 nomine
2513 3636 2775 3705 baptizati
2829 3637 3058 3690 sumus?
3085 3635 3246 3705 Atqui
3280 3651 3419 3689 unus

1846 3734 2052 3778 tantum
2100 3736 2184 3780 est
2240 3725 2533 3791 Dominus,
2574 3744 2678 3782 una
2731 3728 2886 3792 fides,
2914 3744 3079 3781 unum
3128 3729 3414 3798 baptisma.

1842 3816 2191 3887 Perspicuum
2220 3818 2277 3871 (it
2304 3834 2444 3887 ergo
2465 3835 2627 3872 unum
2645 3819 2816 3873 solum
2835 3834 2953 3874 esse
2973 3817 3189 3883 Filium,
3211 3820 3414 3873 etiam-

1842 3909 1887 3965 si
1930 3907 2248 3979 Unigenitus
2279 3910 2567 3964 humanam
2628 3912 2896 3982 originem
2944 3911 3169 3981 perinde
3207 3925 3273 3966 ac
3320 3925 3421 3965 nos

1843 4009 2099 4069 expertus
2127 3999 2219 4053 sit.
2250 3998 2482 4055 mtrsutn
2530 4001 2847 4070 ecquisnam
2876 4000 2964 4055 ille
2986 4010 3092 4066 est,
3121 4001 3211 4072 qui
3243 4001 3328 4056 vel
3363 4002 3416 4055 in

1844 4093 2012 4145 altum
2046 4092 2316 4159 ascendit,
2351 4092 2436 4147 vel
2466 4093 2532 4147 ad
2568 4094 2856 4150 inferiores
2883 4103 3041 4150 terra:
3085 4104 3268 4164 partes
3315 4094 3412 4149 deo

1845 4182 2091 4237 scendit?
2126 4182 2222 4239 ilic
2246 4184 2362 4252 ipse
2410 4185 2571 4255 igitur
2599 4187 2895 4241 secundum
2931 4186 3219 4241 humanam
3254 4196 3417 4241 natu-

158 4297 284 4337 ram
334 4276 631 4341 descendit,
664 4289 893 4345 seseque
928 4274 994 4327 ad
1026 4273 1452 4328 exinanitionem
1496 4273 1721 4337 dimisit,
1762 4287 1826 4328 ac
1858 4272 2185 4335 hutniliavit,
2255 4273 2430 4329 factus
2495 4275 2749 4332 ubediens
2821 4290 2991 4345 usque
3041 4276 3110 4330 ad
3162 4285 3412 4331 mortem.

157 4371 426 4428 Ascendit
451 4377 630 4424 autem
657 4380 824 4423 carne
878 4365 1099 4419 indutus
1128 4377 1287 4433 super
1316 4378 1514 4421 omnes
1538 4363 1732 4427 eteius,
1777 4372 1835 4415 ut
1879 4360 2099 4430 impleat
2127 4364 2330 4418 omnia.

492 4483 586 4535 Ἐκ
624 4481 735 4551 τῆς
772 4479 923 4549 πρὸς
954 4478 1429 4546 dudm-unctam.

237 4601 533 4660 Ἕκαστοςι
546 4592 1021 4668 τοῦτοφρονείσθω
1041 4591 1312 4663 ἐνζὺμῖν,ὶῦ
1329 4592 1422 4644 καὶ
1442 4591 1498 4644 ἐν
1518 4589 1736 4661 Χριστῷ

170 4688 382 4759 Ἰησοῦ·
412 4687 469 4754 ὃς
503 4687 563 4740 ὲν
603 4687 783 4756 μορφῇ
832 4681 965 4737 Θεοῦ
1001 4682 1279 4752 ὑπάρχων,
1310 4680 1409 4750 οὑχ
1444 4679 1735 4751 ἁρπαγμὸν

159 4782 413 4853 ἡγήσατο
450 4777 512 4831 τδ
558 4773 697 4830 εἶναι
744 4777 833 4828 ίσα
880 4773 997 4845 Θεῷ
1021 4790 1043 4807 ·-
1080 4773 1197 4827 ἀλλ’
1236 4773 1426 4826 ἑαυτὸν
1476 4771 1733 4835 ἐκένωσεν

162 4869 384 4943 μορφὴν
410 4868 596 4924 δούλου
624 4866 826 4930 λαϐὼν,
868 4866 927 4917 ὲν
972 4865 1276 4934 ὁμοιώματι
1308 4860 1607 4933 ἀνθρώπων
1640 4877 1733 4929 γε·

144 4961 411 5030 ·νόμενος,
436 4957 535 5013 καὶ
578 4958 817 5027 σχήματι.
860 4952 1103 5025 εὑρεθεὶς
1142 4951 1218 5014 ώς
1261 4951 1578 5022 άνθριιιητος⁹
1611 4952 1735 5003 ὲταο

159 5050 430 5104 πείνωσεν
457 5049 669 5113 ἑαυτὸν,
699 5045 987 5116 γενόμενος
1016 5044 1256 5114 ὑπήκοος
1288 5041 1450 5112 μέχρι
1479 5040 1735 5107 θανάτου,

162 5141 401 5196 Θανάτου
441 5139 495 5193 δὲ
540 5136 795 5208 σταυροῦ.
830 5135 919 5188 Διὸ
963 5135 1057 5188 καὶ
1094 5135 1121 5185 6
1154 5133 1285 5196 Θεὸς
1341 5131 1501 5185 αὑτὸν
1562 5133 1733 5203 ὑπερ.

163 5230 377 5299 Calenus,
402 5228 495 5281 καὶ
512 5228 803 5298 ἐχαρίσατο
824 5223 971 5295 αὑτῷ
992 5225 1159 5293 ὄνομα
1174 5222 1233 5275 τὸ
1256 5222 1392 5292 ὑπὲρ
1417 5222 1730 5292 πᾶνὸνομα·

162 5323 255 5374 ἵνα
285 5321 343 5373 ὲν
386 5319 459 5390 τῷ
488 5318 711 5387 ὀνόματι
750 5314 921 5386 Ἰησοῦ
955 5315 1062 5368 πᾶν
1096 5313 1222 5383 γόνυ
1266 5312 1461 5399 κάμψῃ
1501 5314 1734 5383 ἐπουρα-

240 5478 262 5509 ³
285 5476 401 5531 Gal.
435 5490 507 5542 tv,
538 5473 596 5529 il.
674 5476 692 5506 ⁸
717 5472 915 5543 Ephes.
942 5488 1016 5539 ιν,
1045 5471 1192 5527 ὄ-ΙΟ.

1234 5630 1407 5689 Varia:
1446 5633 1702 5692 lectiones
1738 5652 1799 5691 cr

245 5775 269 5805 ι
298 5766 389 5819 καὶ
418 5764 555 5834 Θεῷ.

2214 4474 2297 4531 Ea:
2319 4474 2556 4547 Epistola
2580 4480 2648 4531 ad
2681 4479 3061 4548 Pltilippmses.

1922 4606 1942 4640 ι
1978 4588 2092 4644 lloe
2137 4590 2279 4643 enim
2320 4590 2518 4646 sentite
2550 4592 2602 4646 in
2657 4592 2828 4658 vobis,
2854 4594 2998 4662 quod
3025 4601 3079 4647 et
3117 4593 3169 4647 in
3199 4593 3417 4648 Christo

1840 4678 1965 4734 Jcsu
1996 4681 2120 4751 :qui
2169 4697 2291 4735 cum
2348 4683 2401 4737 in
2458 4684 2635 4737 forma
2686 4683 2778 4739 Dei
2834 4694 2997 4750 esset,
3022 4700 3127 4738 non
3168 4686 3412 4753 rapinam

1840 4772 2133 4827 arbitratus
2176 4787 2259 4829 est
2306 4789 2430 4829 esse
2465 4790 2524 4830 se
2576 4776 2837 4844 aequalem
2896 4776 3029 4841 Deo;
3079 4776 3173 4832 sed
3217 4787 3416 4831 semet-

1840 4863 2013 4931 ipsum
2046 4865 2366 4930 exinanivit,
2392 4865 2620 4918 fortnam
2666 4868 2808 4920 servi
2835 4867 3145 4937 accipiens,
3178 4868 3228 4922 in
3261 4869 3413 4922 sitni-

1837 4952 2116 5010 litudinem
2174 4956 2451 5011 hominum
2488 4956 2684 5020 lactus,
2717 4966 2773 5010 et
2832 4957 3014 5011 habitu
3070 4958 3319 5014 inventus
3353 4969 3413 5012 ut

1840 5047 2018 5102 homo.
2043 5046 2743 5117 Humiliavitsemetipsum,
2764 5049 2941 5104 factus
2970 5044 3224 5107 ubedicns
3245 5068 3415 5121 usque

1838 5136 1904 5189 ad
1966 5148 2219 5202 mortem,
2252 5147 2479 5192 mortem
2541 5148 2720 5194 autem
2776 5140 2976 5195 crucis.
3009 5140 3407 5211 Prnpterquud

1836 5234 1893 5281 ct
1922 5227 2060 5282 Deus
2084 5228 2349 5284 cxaltavit
2370 5229 2542 5292 illum,
2579 5240 2633 5284 et
2663 5230 2883 5287 donavit
2921 5234 2993 5287 illi
3041 5251 3233 5290 nomen
3264 5240 3410 5306 quud

1834 5326 1918 5371 est
1941 5332 2104 5387 super
2134 5334 2295 5374 omne
2350 5335 2543 5378 nomen
2583 5340 2597 5376 :
2629 5332 2685 5377 ut
2715 5325 2769 5380 in
2827 5326 3042 5380 nomine
3070 5325 3202 5380 Jesu
3245 5341 3408 5382 omne
