  <div class='ocr_page' id='page_1' title='image "/cluster/home/n/w/nwhite01/storage/ocr_20150623/76/pst.000005712755/681.png"; bbox 0 0 4056 6334; ppageno 0'>
   <div class='ocr_carea' id='block_1_1' title="bbox 589 345 723 406">
    <p class='ocr_par' dir='ltr' id='par_1_1' title="bbox 589 345 723 406">
     <span class='ocr_line' id='line_1_1' title="bbox 589 345 723 406; baseline -0.045 0"><span class='ocrx_word' id='word_1_1' title='bbox 589 345 723 406; x_wconf 75' lang='grc'><strong>1307</strong></span> 
     </span>
    </p>
   </div>
   <div class='ocr_carea' id='block_1_2' title="bbox 1556 334 2798 392">
    <p class='ocr_par' dir='ltr' id='par_1_2' title="bbox 1556 334 2798 392">
     <span class='ocr_line' id='line_1_2' title="bbox 1556 334 2798 392; baseline 0.001 -2"><span class='ocrx_word' id='word_1_2' title='bbox 1556 337 1614 390; x_wconf 83' lang='lat' dir='ltr'><strong>S.</strong></span> <span class='ocrx_word' id='word_1_3' title='bbox 1656 334 1930 391; x_wconf 77' lang='lat' dir='ltr'><strong>CYlllLLl</strong></span> <span class='ocrx_word' id='word_1_4' title='bbox 1972 334 2441 391; x_wconf 70' lang='lat' dir='ltr'><strong>ALEXANDRINI</strong></span> <span class='ocrx_word' id='word_1_5' title='bbox 2479 336 2798 392; x_wconf 76' lang='lat' dir='ltr'><strong>AliClllEP.</strong></span> 
     </span>
    </p>
   </div>
   <div class='ocr_carea' id='block_1_3' title="bbox 3676 336 3816 389">
    <p class='ocr_par' dir='ltr' id='par_1_3' title="bbox 3676 336 3816 389">
     <span class='ocr_line' id='line_1_3' title="bbox 3676 336 3816 389; baseline 0 -1"><span class='ocrx_word' id='word_1_6' title='bbox 3676 336 3816 389; x_wconf 69' lang='grc'><strong>1508</strong></span> 
     </span>
    </p>
   </div>
   <div class='ocr_carea' id='block_1_4' title="bbox 591 453 2171 537">
    <p class='ocr_par' dir='ltr' id='par_1_4' title="bbox 591 454 2135 537">
     <span class='ocr_line' id='line_1_4' title="bbox 591 454 2135 537; baseline -0.005 -18"><span class='ocrx_word' id='word_1_7' title='bbox 591 479 726 537; x_wconf 75' lang='lat' dir='ltr'><strong>genu</strong></span> <span class='ocrx_word' id='word_1_8' title='bbox 756 461 996 517; x_wconf 82' lang='lat' dir='ltr'><strong>ﬂectatur</strong></span> <span class='ocrx_word' id='word_1_9' title='bbox 1022 454 1341 522; x_wconf 74' lang='lat' dir='ltr'><strong>cmlestium,</strong></span> <span class='ocrx_word' id='word_1_10' title='bbox 1367 463 1423 510; x_wconf 90' lang='lat' dir='ltr'><strong>ct</strong></span> <span class='ocrx_word' id='word_1_11' title='bbox 1462 456 1823 520; x_wconf 88' lang='lat' dir='ltr'><strong>terrestrium,</strong></span> <span class='ocrx_word' id='word_1_12' title='bbox 1852 466 1906 511; x_wconf 92' lang='lat' dir='ltr'><strong>et</strong></span> <span class='ocrx_word' id='word_1_13' title='bbox 1960 457 2135 513; x_wconf 81' lang='lat' dir='ltr'><strong>infer-</strong></span> 
     </span>
    </p>
   </div>
   <div class='ocr_carea' id='block_1_5' title="bbox 2275 453 3820 537">
    <p class='ocr_par' dir='ltr' id='par_1_5' title="bbox 2278 453 3820 527">
     <span class='ocr_line' id='line_1_5' title="bbox 2278 453 3820 527; baseline -0.002 -18"><span class='ocrx_word' id='word_1_14' title='bbox 2278 456 2396 524; x_wconf 83' lang='grc' dir='ltr'>ίων,</span> <span class='ocrx_word' id='word_1_15' title='bbox 2450 458 2545 511; x_wconf 65' lang='grc' dir='ltr'><strong>κα)⁵</strong></span> <span class='ocrx_word' id='word_1_16' title='bbox 2591 456 2866 525; x_wconf 81' lang='grc' dir='ltr'>ἐπιγείων,</span> <span class='ocrx_word' id='word_1_17' title='bbox 2921 454 3014 508; x_wconf 77' lang='grc' dir='ltr'><strong>καὶ</strong></span> <span class='ocrx_word' id='word_1_18' title='bbox 3060 454 3467 527; x_wconf 82' lang='grc' dir='ltr'>καταχθονίων’</span> <span class='ocrx_word' id='word_1_19' title='bbox 3518 453 3613 507; x_wconf 74' lang='grc' dir='ltr'><strong>καί⁵</strong></span> <span class='ocrx_word' id='word_1_20' title='bbox 3665 454 3820 506; x_wconf 66' lang='grc' dir='ltr'><strong>πᾶσι</strong></span> 
     </span>
    </p>
   </div>
   <div class='ocr_carea' id='block_1_6' title="bbox 593 543 2148 615">
    <p class='ocr_par' dir='ltr' id='par_1_6' title="bbox 593 543 2148 615">
     <span class='ocr_line' id='line_1_6' title="bbox 593 543 2148 615; baseline -0.009 -7"><span class='ocrx_word' id='word_1_21' title='bbox 593 564 815 615; x_wconf 84' lang='lat' dir='ltr'><strong>norum;</strong></span> <span class='ocrx_word' id='word_1_22' title='bbox 848 555 903 601; x_wconf 87' lang='lat' dir='ltr'><strong>et</strong></span> <span class='ocrx_word' id='word_1_23' title='bbox 931 544 1109 599; x_wconf 88' lang='lat' dir='ltr'><strong>omnis</strong></span> <span class='ocrx_word' id='word_1_24' title='bbox 1163 544 1339 613; x_wconf 82' lang='lat' dir='ltr'><strong>lingua</strong></span> <span class='ocrx_word' id='word_1_25' title='bbox 1369 543 1696 599; x_wconf 86' lang='lat' dir='ltr'><strong>conﬁteatur</strong></span> <span class='ocrx_word' id='word_1_26' title='bbox 1726 543 1850 612; x_wconf 82' lang='lat' dir='ltr'><strong>quia</strong></span> <span class='ocrx_word' id='word_1_27' title='bbox 1890 545 2148 601; x_wconf 83' lang='lat' dir='ltr'><strong>Dominus</strong></span> 
     </span>
    </p>
   </div>
   <div class='ocr_carea' id='block_1_7' title="bbox 593 633 2147 704">
    <p class='ocr_par' dir='ltr' id='par_1_7' title="bbox 593 633 2147 704">
     <span class='ocr_line' id='line_1_7' title="bbox 593 633 2147 704; baseline -0.002 -7"><span class='ocrx_word' id='word_1_28' title='bbox 593 644 746 697; x_wconf 85' lang='lat' dir='ltr'><strong>Jesus</strong></span> <span class='ocrx_word' id='word_1_29' title='bbox 796 637 1044 694; x_wconf 74' lang='lat' dir='ltr'><strong>Christus</strong></span> <span class='ocrx_word' id='word_1_30' title='bbox 1088 636 1139 689; x_wconf 94' lang='lat' dir='ltr'><strong>in</strong></span> <span class='ocrx_word' id='word_1_31' title='bbox 1191 635 1359 704; x_wconf 73' lang='lat' dir='ltr'><strong>gloria</strong></span> <span class='ocrx_word' id='word_1_32' title='bbox 1389 642 1472 689; x_wconf 89' lang='lat' dir='ltr'><strong>est</strong></span> <span class='ocrx_word' id='word_1_33' title='bbox 1503 634 1596 688; x_wconf 88' lang='lat' dir='ltr'><strong>Dei</strong></span> <span class='ocrx_word' id='word_1_34' title='bbox 1629 633 1809 691; x_wconf 78' lang='lat' dir='ltr'><strong>Patris</strong></span> <span class='ocrx_word' id='word_1_35' title='bbox 1844 636 1887 690; x_wconf 84' lang='lat'><strong>&#39;.</strong></span> <span class='ocrx_word' id='word_1_36' title='bbox 1920 656 1940 689; x_wconf 72' lang='grc' dir='ltr'><strong>ι</strong></span> <span class='ocrx_word' id='word_1_37' title='bbox 1980 638 2147 695; x_wconf 88' lang='lat' dir='ltr'><strong>Audis</strong></span> 
     </span>
    </p>
   </div>
   <div class='ocr_carea' id='block_1_8' title="bbox 597 722 2151 799">
    <p class='ocr_par' dir='ltr' id='par_1_8' title="bbox 597 722 2151 799">
     <span class='ocr_line' id='line_1_8' title="bbox 597 722 2151 799; baseline -0.009 -12"><span class='ocrx_word' id='word_1_38' title='bbox 597 738 695 787; x_wconf 87' lang='lat' dir='ltr'><strong>hoc</strong></span> <span class='ocrx_word' id='word_1_39' title='bbox 726 730 992 799; x_wconf 87' lang='lat' dir='ltr'><strong>quomodo</strong></span> <span class='ocrx_word' id='word_1_40' title='bbox 1041 726 1296 791; x_wconf 84' lang='lat' dir='ltr'><strong>Verbum,</strong></span> <span class='ocrx_word' id='word_1_41' title='bbox 1328 722 1467 794; x_wconf 85' lang='lat' dir='ltr'><strong>quod</strong></span> <span class='ocrx_word' id='word_1_42' title='bbox 1500 725 1552 779; x_wconf 91' lang='lat' dir='ltr'><strong>in</strong></span> <span class='ocrx_word' id='word_1_43' title='bbox 1580 724 1671 780; x_wconf 89' lang='lat' dir='ltr'><strong>Dei</strong></span> <span class='ocrx_word' id='word_1_44' title='bbox 1717 727 1885 782; x_wconf 82' lang='lat' dir='ltr'><strong>forma</strong></span> <span class='ocrx_word' id='word_1_45' title='bbox 1921 731 2151 785; x_wconf 77' lang='lat' dir='ltr'><strong>exsiste.</strong></span> 
     </span>
    </p>
   </div>
   <div class='ocr_carea' id='block_1_9' title="bbox 596 818 2148 889">
    <p class='ocr_par' dir='ltr' id='par_1_9' title="bbox 596 818 2148 889">
     <span class='ocr_line' id='line_1_9' title="bbox 596 818 2148 889; baseline -0.003 -11"><span class='ocrx_word' id='word_1_46' title='bbox 596 829 701 889; x_wconf 83' lang='lat' dir='ltr'><strong>bat,</strong></span> <span class='ocrx_word' id='word_1_47' title='bbox 730 830 784 877; x_wconf 85' lang='lat' dir='ltr'><strong>et</strong></span> <span class='ocrx_word' id='word_1_48' title='bbox 834 818 973 874; x_wconf 92' lang='lat' dir='ltr'><strong>Deus</strong></span> <span class='ocrx_word' id='word_1_49' title='bbox 1009 828 1147 883; x_wconf 89' lang='lat' dir='ltr'><strong>erat,</strong></span> <span class='ocrx_word' id='word_1_50' title='bbox 1199 819 1505 885; x_wconf 84' lang='lat' dir='ltr'><strong>neutiquam</strong></span> <span class='ocrx_word' id='word_1_51' title='bbox 1552 818 1792 887; x_wconf 82' lang='lat' dir='ltr'><strong>rapinam</strong></span> <span class='ocrx_word' id='word_1_52' title='bbox 1828 820 2148 877; x_wconf 80' lang='lat' dir='ltr'><strong>arbitratum</strong></span> 
     </span>
    </p>
   </div>
   <div class='ocr_carea' id='block_1_10' title="bbox 594 906 2149 978">
    <p class='ocr_par' dir='ltr' id='par_1_10' title="bbox 594 906 2149 978">
     <span class='ocr_line' id='line_1_10' title="bbox 594 906 2149 978; baseline -0.001 -11"><span class='ocrx_word' id='word_1_53' title='bbox 594 914 735 967; x_wconf 81' lang='lat' dir='ltr'><strong>dicat</strong></span> <span class='ocrx_word' id='word_1_54' title='bbox 767 924 885 965; x_wconf 91' lang='lat' dir='ltr'><strong>esse</strong></span> <span class='ocrx_word' id='word_1_55' title='bbox 924 924 985 963; x_wconf 89' lang='lat' dir='ltr'><strong>se</strong></span> <span class='ocrx_word' id='word_1_56' title='bbox 1026 908 1282 978; x_wconf 72' lang='lat' dir='ltr'><strong>aequalem</strong></span> <span class='ocrx_word' id='word_1_57' title='bbox 1345 908 1491 962; x_wconf 78' lang='lat' dir='ltr'><strong>Deo?</strong></span> <span class='ocrx_word' id='word_1_58' title='bbox 1518 906 1796 977; x_wconf 83' lang='lat' dir='ltr'><strong>Siquidem</strong></span> <span class='ocrx_word' id='word_1_59' title='bbox 1844 912 2149 965; x_wconf 85' lang='lat' dir='ltr'><strong>naturalem</strong></span> 
     </span>
    </p>
   </div>
   <div class='ocr_carea' id='block_1_11' title="bbox 595 1004 2146 1074">
    <p class='ocr_par' dir='ltr' id='par_1_11' title="bbox 595 1004 2146 1074">
     <span class='ocr_line' id='line_1_11' title="bbox 595 1004 2146 1074; baseline -0.005 -8"><span class='ocrx_word' id='word_1_60' title='bbox 595 1028 713 1066; x_wconf 89' lang='lat' dir='ltr'><strong>cum</strong></span> <span class='ocrx_word' id='word_1_61' title='bbox 738 1010 846 1064; x_wconf 89' lang='lat' dir='ltr'><strong>Deo</strong></span> <span class='ocrx_word' id='word_1_62' title='bbox 892 1009 1045 1062; x_wconf 79' lang='lat' dir='ltr'><strong>Patre</strong></span> <span class='ocrx_word' id='word_1_63' title='bbox 1075 1004 1437 1074; x_wconf 67' lang='lat' dir='ltr'><strong>aequalitatem</strong></span> <span class='ocrx_word' id='word_1_64' title='bbox 1471 1006 1741 1071; x_wconf 85' lang='lat' dir='ltr'><strong>obtinens,</strong></span> <span class='ocrx_word' id='word_1_65' title='bbox 1770 1008 1914 1062; x_wconf 84' lang='lat' dir='ltr'><strong>servi</strong></span> <span class='ocrx_word' id='word_1_66' title='bbox 1947 1009 2146 1071; x_wconf 82' lang='lat' dir='ltr'><strong>forma,</strong></span> 
     </span>
    </p>
   </div>
   <div class='ocr_carea' id='block_1_12' title="bbox 596 1100 2153 1168">
    <p class='ocr_par' dir='ltr' id='par_1_12' title="bbox 596 1100 2153 1168">
     <span class='ocr_line' id='line_1_12' title="bbox 596 1100 2153 1168; baseline -0.003 -11"><span class='ocrx_word' id='word_1_67' title='bbox 596 1106 695 1157; x_wconf 90' lang='lat' dir='ltr'><strong>hoc</strong></span> <span class='ocrx_word' id='word_1_68' title='bbox 722 1110 823 1163; x_wconf 89' lang='lat' dir='ltr'><strong>est,</strong></span> <span class='ocrx_word' id='word_1_69' title='bbox 843 1100 1075 1153; x_wconf 88' lang='lat' dir='ltr'><strong>hominis</strong></span> <span class='ocrx_word' id='word_1_70' title='bbox 1098 1107 1287 1152; x_wconf 86' lang='lat' dir='ltr'><strong>natura</strong></span> <span class='ocrx_word' id='word_1_71' title='bbox 1312 1106 1577 1167; x_wconf 84' lang='lat' dir='ltr'><strong>suscepta,</strong></span> <span class='ocrx_word' id='word_1_72' title='bbox 1599 1100 1945 1168; x_wconf 81' lang='lat' dir='ltr'><strong>semetipsum</strong></span> <span class='ocrx_word' id='word_1_73' title='bbox 1966 1102 2153 1155; x_wconf 80' lang='lat' dir='ltr'><strong>exina-</strong></span> 
     </span>
    </p>
   </div>
   <div class='ocr_carea' id='block_1_13' title="bbox 597 1184 2149 1257">
    <p class='ocr_par' dir='ltr' id='par_1_13' title="bbox 597 1184 2149 1257">
     <span class='ocr_line' id='line_1_13' title="bbox 597 1184 2149 1257; baseline -0.005 -11"><span class='ocrx_word' id='word_1_74' title='bbox 597 1192 747 1256; x_wconf 89' lang='lat' dir='ltr'><strong>nivit,</strong></span> <span class='ocrx_word' id='word_1_75' title='bbox 800 1189 1085 1257; x_wconf 91' lang='lat' dir='ltr'><strong>specieque</strong></span> <span class='ocrx_word' id='word_1_76' title='bbox 1138 1196 1325 1241; x_wconf 87' lang='lat' dir='ltr'><strong>nostra</strong></span> <span class='ocrx_word' id='word_1_77' title='bbox 1371 1201 1436 1241; x_wconf 86' lang='lat' dir='ltr'><strong>ac</strong></span> <span class='ocrx_word' id='word_1_78' title='bbox 1490 1184 1846 1241; x_wconf 89' lang='lat' dir='ltr'><strong>similitudine</strong></span> <span class='ocrx_word' id='word_1_79' title='bbox 1906 1198 2149 1254; x_wconf 82' lang='lat' dir='ltr'><strong>accepta,</strong></span> 
     </span>
    </p>
   </div>
   <div class='ocr_carea' id='block_1_14' title="bbox 596 1276 2155 1347">
    <p class='ocr_par' dir='ltr' id='par_1_14' title="bbox 596 1276 2155 1347">
     <span class='ocr_line' id='line_1_14' title="bbox 596 1276 2155 1347; baseline -0.003 -13"><span class='ocrx_word' id='word_1_80' title='bbox 596 1280 826 1347; x_wconf 89' lang='lat' dir='ltr'><strong>scipsum</strong></span> <span class='ocrx_word' id='word_1_81' title='bbox 849 1277 1169 1331; x_wconf 87' lang='lat' dir='ltr'><strong>humiliavit.</strong></span> <span class='ocrx_word' id='word_1_82' title='bbox 1201 1276 1558 1345; x_wconf 81' lang='lat' dir='ltr'><strong>Posteaquam</strong></span> <span class='ocrx_word' id='word_1_83' title='bbox 1605 1291 1736 1332; x_wconf 87' lang='lat' dir='ltr'><strong>vero</strong></span> <span class='ocrx_word' id='word_1_84' title='bbox 1762 1291 1975 1333; x_wconf 89' lang='lat' dir='ltr'><strong>crucem</strong></span> <span class='ocrx_word' id='word_1_85' title='bbox 1993 1278 2155 1330; x_wconf 85' lang='lat' dir='ltr'><strong>susti-</strong></span> 
     </span>
    </p>
   </div>
   <div class='ocr_carea' id='block_1_15' title="bbox 600 1367 2153 1436">
    <p class='ocr_par' dir='ltr' id='par_1_15' title="bbox 600 1367 2153 1436">
     <span class='ocr_line' id='line_1_15' title="bbox 600 1367 2153 1436; baseline -0.003 -10"><span class='ocrx_word' id='word_1_86' title='bbox 600 1371 731 1435; x_wconf 88' lang='lat' dir='ltr'><strong>nuit,</strong></span> <span class='ocrx_word' id='word_1_87' title='bbox 763 1368 1055 1423; x_wconf 79' lang='lat' dir='ltr'><strong>exaltatum</strong></span> <span class='ocrx_word' id='word_1_88' title='bbox 1091 1367 1240 1432; x_wconf 86' lang='lat' dir='ltr'><strong>dicit,</strong></span> <span class='ocrx_word' id='word_1_89' title='bbox 1278 1368 1572 1436; x_wconf 87' lang='lat' dir='ltr'><strong>datumque</strong></span> <span class='ocrx_word' id='word_1_90' title='bbox 1628 1367 1703 1422; x_wconf 89' lang='lat' dir='ltr'><strong>illi</strong></span> <span class='ocrx_word' id='word_1_91' title='bbox 1761 1383 1954 1423; x_wconf 90' lang='lat' dir='ltr'><strong>nomen</strong></span> <span class='ocrx_word' id='word_1_92' title='bbox 2011 1367 2153 1435; x_wconf 90' lang='lat' dir='ltr'><strong>quod</strong></span> 
     </span>
    </p>
   </div>
   <div class='ocr_carea' id='block_1_16' title="bbox 598 1459 2153 1530">
    <p class='ocr_par' dir='ltr' id='par_1_16' title="bbox 598 1459 2153 1530">
     <span class='ocr_line' id='line_1_16' title="bbox 598 1459 2153 1530; baseline -0.003 -13"><span class='ocrx_word' id='word_1_93' title='bbox 598 1471 680 1517; x_wconf 86' lang='lat' dir='ltr'><strong>est</strong></span> <span class='ocrx_word' id='word_1_94' title='bbox 710 1474 870 1528; x_wconf 86' lang='lat' dir='ltr'><strong>super</strong></span> <span class='ocrx_word' id='word_1_95' title='bbox 898 1473 1056 1512; x_wconf 90' lang='lat' dir='ltr'><strong>omne</strong></span> <span class='ocrx_word' id='word_1_96' title='bbox 1084 1473 1280 1513; x_wconf 84' lang='lat' dir='ltr'><strong>nomen</strong></span> <span class='ocrx_word' id='word_1_97' title='bbox 1306 1477 1321 1525; x_wconf 88' lang='lat'><strong>;</strong></span> <span class='ocrx_word' id='word_1_98' title='bbox 1365 1459 1437 1513; x_wconf 91' lang='lat' dir='ltr'><strong>ita</strong></span> <span class='ocrx_word' id='word_1_99' title='bbox 1479 1473 1538 1514; x_wconf 88' lang='lat' dir='ltr'><strong>ut</strong></span> <span class='ocrx_word' id='word_1_100' title='bbox 1566 1475 1726 1515; x_wconf 85' lang='lat' dir='ltr'><strong>omne</strong></span> <span class='ocrx_word' id='word_1_101' title='bbox 1755 1476 1891 1530; x_wconf 80' lang='lat' dir='ltr'><strong>genu</strong></span> <span class='ocrx_word' id='word_1_102' title='bbox 1915 1459 2013 1527; x_wconf 90' lang='lat' dir='ltr'><strong>ipsi</strong></span> <span class='ocrx_word' id='word_1_103' title='bbox 2042 1459 2153 1527; x_wconf 79' lang='lat' dir='ltr'><strong>iam</strong></span> 
     </span>
    </p>
   </div>
   <div class='ocr_carea' id='block_1_17' title="bbox 602 1550 2152 1618">
    <p class='ocr_par' dir='ltr' id='par_1_17' title="bbox 602 1550 2152 1618">
     <span class='ocr_line' id='line_1_17' title="bbox 602 1550 2152 1618; baseline -0.001 -11"><span class='ocrx_word' id='word_1_104' title='bbox 602 1557 929 1617; x_wconf 88' lang='lat' dir='ltr'><strong>incurvetur,</strong></span> <span class='ocrx_word' id='word_1_105' title='bbox 965 1550 1245 1618; x_wconf 85' lang='lat' dir='ltr'><strong>omnisque</strong></span> <span class='ocrx_word' id='word_1_106' title='bbox 1292 1550 1471 1618; x_wconf 77' lang='lat' dir='ltr'><strong>lingua</strong></span> <span class='ocrx_word' id='word_1_107' title='bbox 1521 1553 1769 1606; x_wconf 90' lang='lat' dir='ltr'><strong>eumdem</strong></span> <span class='ocrx_word' id='word_1_108' title='bbox 1817 1551 2152 1606; x_wconf 87' lang='lat' dir='ltr'><strong>conﬁteatur.</strong></span> 
     </span>
    </p>
   </div>
   <div class='ocr_carea' id='block_1_18' title="bbox 602 1642 2158 1712">
    <p class='ocr_par' dir='ltr' id='par_1_18' title="bbox 602 1642 2158 1712">
     <span class='ocr_line' id='line_1_18' title="bbox 602 1642 2158 1712; baseline 0.001 -14"><span class='ocrx_word' id='word_1_109' title='bbox 602 1645 704 1698; x_wconf 89' lang='lat' dir='ltr'><strong>Sed</strong></span> <span class='ocrx_word' id='word_1_110' title='bbox 738 1658 861 1711; x_wconf 90' lang='lat' dir='ltr'><strong>qua,</strong></span> <span class='ocrx_word' id='word_1_111' title='bbox 894 1656 1099 1709; x_wconf 74' lang='lat' dir='ltr'><strong>qumso,</strong></span> <span class='ocrx_word' id='word_1_112' title='bbox 1124 1642 1353 1706; x_wconf 82' lang='lat' dir='ltr'><strong>ratione,</strong></span> <span class='ocrx_word' id='word_1_113' title='bbox 1382 1644 1470 1711; x_wconf 85' lang='lat' dir='ltr'><strong>qui</strong></span> <span class='ocrx_word' id='word_1_114' title='bbox 1499 1643 1549 1697; x_wconf 92' lang='lat' dir='ltr'><strong>in</strong></span> <span class='ocrx_word' id='word_1_115' title='bbox 1571 1642 1740 1698; x_wconf 80' lang='lat' dir='ltr'><strong>forma</strong></span> <span class='ocrx_word' id='word_1_116' title='bbox 1772 1655 1828 1700; x_wconf 90' lang='lat' dir='ltr'><strong>et</strong></span> <span class='ocrx_word' id='word_1_117' title='bbox 1853 1643 2158 1712; x_wconf 81' lang='lat' dir='ltr'><strong>:equalltate</strong></span> 
     </span>
    </p>
   </div>
   <div class='ocr_carea' id='block_1_19' title="bbox 2247 544 3822 619">
    <p class='ocr_par' dir='ltr' id='par_1_19' title="bbox 2247 544 3822 619">
     <span class='ocr_line' id='line_1_19' title="bbox 2247 544 3822 619; baseline -0.004 -19"><span class='ocrx_word' id='word_1_118' title='bbox 2247 548 2962 619; x_wconf 80' lang='grc' dir='ltr'>γλῶσσαὲξομολογήσηται,</span> <span class='ocrx_word' id='word_1_119' title='bbox 2987 548 3069 599; x_wconf 84' lang='grc' dir='ltr'><strong>ὅτι</strong></span> <span class='ocrx_word' id='word_1_120' title='bbox 3102 547 3306 617; x_wconf 83' lang='grc' dir='ltr'>Κύριος</span> <span class='ocrx_word' id='word_1_121' title='bbox 3337 544 3544 616; x_wconf 80' lang='grc' dir='ltr'>Ἰησοῦς</span> <span class='ocrx_word' id='word_1_122' title='bbox 3575 544 3822 612; x_wconf 71' lang='grc' dir='ltr'>Χριστὸς</span> 
     </span>
    </p>
   </div>
   <div class='ocr_carea' id='block_1_20' title="bbox 2249 638 3823 716">
    <p class='ocr_par' dir='ltr' id='par_1_20' title="bbox 2249 638 3823 716">
     <span class='ocr_line' id='line_1_20' title="bbox 2249 638 3823 716; baseline 0 -23"><span class='ocrx_word' id='word_1_123' title='bbox 2249 643 2329 703; x_wconf 82' lang='grc' dir='ltr'>εἰς</span> <span class='ocrx_word' id='word_1_124' title='bbox 2354 640 2509 707; x_wconf 81' lang='grc' dir='ltr'>δόξαν</span> <span class='ocrx_word' id='word_1_125' title='bbox 2552 641 2686 695; x_wconf 86' lang='grc' dir='ltr'>Θεοῦ</span> <span class='ocrx_word' id='word_1_126' title='bbox 2731 640 2961 710; x_wconf 78' lang='grc' dir='ltr'><strong>Πατρός.</strong></span> <span class='ocrx_word' id='word_1_127' title='bbox 2986 658 3005 691; x_wconf 74' lang='grc' dir='ltr'><strong>ι</strong></span> <span class='ocrx_word' id='word_1_128' title='bbox 3045 639 3209 702; x_wconf 83' lang='grc' dir='ltr'>Σύνες</span> <span class='ocrx_word' id='word_1_129' title='bbox 3240 642 3385 703; x_wconf 82' lang='grc' dir='ltr'>ὅπως</span> <span class='ocrx_word' id='word_1_130' title='bbox 3415 640 3506 694; x_wconf 82' lang='grc' dir='ltr'><strong>τὸν</strong></span> <span class='ocrx_word' id='word_1_131' title='bbox 3526 639 3599 716; x_wconf 40' lang='grc' dir='ltr'><strong>,ὲν</strong></span> <span class='ocrx_word' id='word_1_132' title='bbox 3634 638 3823 707; x_wconf 64' lang='grc' dir='ltr'>μορφῇ</span> 
     </span>
    </p>
   </div>
   <div class='ocr_carea' id='block_1_21' title="bbox 2249 729 3826 803">
    <p class='ocr_par' dir='ltr' id='par_1_21' title="bbox 2249 729 3826 803">
     <span class='ocr_line' id='line_1_21' title="bbox 2249 729 3826 803; baseline -0.003 -18"><span class='ocrx_word' id='word_1_133' title='bbox 2249 732 2343 785; x_wconf 86' lang='grc' dir='ltr'><strong>τοῦ</strong></span> <span class='ocrx_word' id='word_1_134' title='bbox 2387 732 2521 788; x_wconf 85' lang='grc' dir='ltr'>Θεοῦ</span> <span class='ocrx_word' id='word_1_135' title='bbox 2572 735 2668 789; x_wconf 75' lang='grc' dir='ltr'><strong>καὶ</strong></span> <span class='ocrx_word' id='word_1_136' title='bbox 2698 733 2908 803; x_wconf 63' lang='lat' dir='ltr'><strong>Harpe;</strong></span> <span class='ocrx_word' id='word_1_137' title='bbox 2957 732 3266 802; x_wconf 70' lang='grc' dir='ltr'>ὑπάρχοντα</span> <span class='ocrx_word' id='word_1_138' title='bbox 3315 734 3446 787; x_wconf 80' lang='grc' dir='ltr'>Θεὸν</span> <span class='ocrx_word' id='word_1_139' title='bbox 3490 732 3691 800; x_wconf 82' lang='grc' dir='ltr'><strong>Λόγον,</strong></span> <span class='ocrx_word' id='word_1_140' title='bbox 3724 729 3826 797; x_wconf 79' lang='grc' dir='ltr'><strong>οὐχ</strong></span> 
     </span>
    </p>
   </div>
   <div class='ocr_carea' id='block_1_22' title="bbox 2250 817 3829 895">
    <p class='ocr_par' dir='ltr' id='par_1_22' title="bbox 2250 817 3829 895">
     <span class='ocr_line' id='line_1_22' title="bbox 2250 817 3829 895; baseline -0.004 -18"><span class='ocrx_word' id='word_1_141' title='bbox 2250 824 2541 895; x_wconf 81' lang='grc' dir='ltr'>ἁρπαγμὸν</span> <span class='ocrx_word' id='word_1_142' title='bbox 2568 822 2871 895; x_wconf 80' lang='grc' dir='ltr'>ἡγήσασθαί</span> <span class='ocrx_word' id='word_1_143' title='bbox 2899 839 3029 891; x_wconf 86' lang='grc' dir='ltr'><strong>φησι</strong></span> <span class='ocrx_word' id='word_1_144' title='bbox 3061 822 3120 875; x_wconf 78' lang='grc' dir='ltr'>τὸ</span> <span class='ocrx_word' id='word_1_145' title='bbox 3149 817 3289 875; x_wconf 76' lang='grc' dir='ltr'>εἶναι</span> <span class='ocrx_word' id='word_1_146' title='bbox 3318 826 3411 877; x_wconf 74' lang='grc' dir='ltr'>ἶσα</span> <span class='ocrx_word' id='word_1_147' title='bbox 3447 822 3586 893; x_wconf 85' lang='grc' dir='ltr'><strong>Θεῷ.</strong></span> <span class='ocrx_word' id='word_1_148' title='bbox 3638 820 3829 889; x_wconf 79' lang='grc' dir='ltr'><strong>Ἔχων</strong></span> 
     </span>
    </p>
   </div>
   <div class='ocr_carea' id='block_1_23' title="bbox 2250 911 3829 983">
    <p class='ocr_par' dir='ltr' id='par_1_23' title="bbox 2250 911 3829 983">
     <span class='ocr_line' id='line_1_23' title="bbox 2250 911 3829 983; baseline -0.003 -18"><span class='ocrx_word' id='word_1_149' title='bbox 2250 913 2357 983; x_wconf 80' lang='grc' dir='ltr'><strong>γὰρ</strong></span> <span class='ocrx_word' id='word_1_150' title='bbox 2386 914 2445 967; x_wconf 82' lang='grc' dir='ltr'>τὸ</span> <span class='ocrx_word' id='word_1_151' title='bbox 2472 912 2613 969; x_wconf 85' lang='grc' dir='ltr'>εἶναι</span> <span class='ocrx_word' id='word_1_152' title='bbox 2640 915 2780 967; x_wconf 85' lang='grc' dir='ltr'>κατὰ</span> <span class='ocrx_word' id='word_1_153' title='bbox 2812 912 2971 982; x_wconf 81' lang='grc' dir='ltr'>φύσιν</span> <span class='ocrx_word' id='word_1_154' title='bbox 3006 912 3063 964; x_wconf 80' lang='grc' dir='ltr'><strong>ὲν</strong></span> <span class='ocrx_word' id='word_1_155' title='bbox 3094 911 3298 981; x_wconf 68' lang='grc' dir='ltr'>ἰσότητι</span> <span class='ocrx_word' id='word_1_156' title='bbox 3327 914 3419 965; x_wconf 90' lang='grc' dir='ltr'><strong>τοῦ</strong></span> <span class='ocrx_word' id='word_1_157' title='bbox 3466 911 3703 983; x_wconf 73' lang='grc' dir='ltr'>Πατρὺς,</span> <span class='ocrx_word' id='word_1_158' title='bbox 3733 926 3829 961; x_wconf 84' lang='grc' dir='ltr'><strong>κε-</strong></span> 
     </span>
    </p>
   </div>
   <div class='ocr_carea' id='block_1_24' title="bbox 2251 1000 3831 1073">
    <p class='ocr_par' dir='ltr' id='par_1_24' title="bbox 2251 1000 3831 1073">
     <span class='ocr_line' id='line_1_24' title="bbox 2251 1000 3831 1073; baseline -0.002 -20"><span class='ocrx_word' id='word_1_159' title='bbox 2251 1001 2485 1058; x_wconf 78' lang='grc' dir='ltr'><strong>κένωκεν</strong></span> <span class='ocrx_word' id='word_1_160' title='bbox 2511 1005 2719 1069; x_wconf 75' lang='grc' dir='ltr'>ἑαυτὸν,</span> <span class='ocrx_word' id='word_1_161' title='bbox 2743 1004 2838 1057; x_wconf 75' lang='grc' dir='ltr'><strong>καὶ</strong></span> <span class='ocrx_word' id='word_1_162' title='bbox 2869 1001 3079 1073; x_wconf 85' lang='grc' dir='ltr'>μορφὴν</span> <span class='ocrx_word' id='word_1_163' title='bbox 3100 1000 3287 1054; x_wconf 79' lang='grc' dir='ltr'>δούλου</span> <span class='ocrx_word' id='word_1_164' title='bbox 3317 1001 3513 1067; x_wconf 77' lang='grc' dir='ltr'><strong>λαϐὼν,</strong></span> <span class='ocrx_word' id='word_1_165' title='bbox 3538 1001 3831 1055; x_wconf 65' lang='grc' dir='ltr'>τουτέστιν</span> 
     </span>
    </p>
   </div>
   <div class='ocr_carea' id='block_1_25' title="bbox 2252 1087 3831 1164">
    <p class='ocr_par' dir='ltr' id='par_1_25' title="bbox 2252 1087 3831 1164">
     <span class='ocr_line' id='line_1_25' title="bbox 2252 1087 3831 1164; baseline 0.002 -20"><span class='ocrx_word' id='word_1_166' title='bbox 2252 1092 2536 1164; x_wconf 79' lang='grc' dir='ltr'>ἄνθρωπος</span> <span class='ocrx_word' id='word_1_167' title='bbox 2581 1094 2840 1164; x_wconf 81' lang='grc' dir='ltr'>γεγονὼς,</span> <span class='ocrx_word' id='word_1_168' title='bbox 2885 1092 2981 1146; x_wconf 76' lang='grc' dir='ltr'>καὶ</span> <span class='ocrx_word' id='word_1_169' title='bbox 3009 1087 3119 1145; x_wconf 77' lang='grc' dir='ltr'>οἷον</span> <span class='ocrx_word' id='word_1_170' title='bbox 3148 1093 3205 1145; x_wconf 80' lang='grc' dir='ltr'><strong>ὲν</strong></span> <span class='ocrx_word' id='word_1_171' title='bbox 3233 1090 3363 1144; x_wconf 80' lang='grc' dir='ltr'>εἴδει</span> <span class='ocrx_word' id='word_1_172' title='bbox 3406 1093 3491 1161; x_wconf 76' lang='grc' dir='ltr'>τῷ</span> <span class='ocrx_word' id='word_1_173' title='bbox 3515 1091 3831 1160; x_wconf 60' lang='grc' dir='ltr'><strong>καο’⁷⁷ήμᾶς</strong></span> 
     </span>
    </p>
   </div>
   <div class='ocr_carea' id='block_1_26' title="bbox 2254 1182 3830 1255">
    <p class='ocr_par' dir='ltr' id='par_1_26' title="bbox 2254 1182 3830 1255">
     <span class='ocr_line' id='line_1_26' title="bbox 2254 1182 3830 1255; baseline 0 -21"><span class='ocrx_word' id='word_1_174' title='bbox 2254 1185 2515 1255; x_wconf 82' lang='grc' dir='ltr'>εὑρεθεὶς,</span> <span class='ocrx_word' id='word_1_175' title='bbox 2544 1185 2936 1239; x_wconf 78' lang='grc' dir='ltr'>τεταπείνωκεν</span> <span class='ocrx_word' id='word_1_176' title='bbox 2976 1182 3165 1235; x_wconf 76' lang='grc' dir='ltr'>ἑαυτὸν</span> <span class='ocrx_word' id='word_1_177' title='bbox 3197 1183 3276 1245; x_wconf 89' lang='grc' dir='ltr'>εἰς</span> <span class='ocrx_word' id='word_1_178' title='bbox 3306 1182 3558 1234; x_wconf 81' lang='grc' dir='ltr'><strong>κένωσιν.</strong></span> <span class='ocrx_word' id='word_1_179' title='bbox 3599 1182 3830 1250; x_wconf 80' lang='grc' dir='ltr'>Ἐπειδὴ</span> 
     </span>
    </p>
   </div>
   <div class='ocr_carea' id='block_1_27' title="bbox 2256 1274 3832 1348">
    <p class='ocr_par' dir='ltr' id='par_1_27' title="bbox 2256 1274 3832 1348">
     <span class='ocr_line' id='line_1_27' title="bbox 2256 1274 3832 1348; baseline -0.001 -19"><span class='ocrx_word' id='word_1_180' title='bbox 2256 1277 2314 1330; x_wconf 82' lang='grc' dir='ltr'><strong>δὲ</strong></span> <span class='ocrx_word' id='word_1_181' title='bbox 2360 1278 2452 1330; x_wconf 77' lang='grc' dir='ltr'><strong>καὶ</strong></span> <span class='ocrx_word' id='word_1_182' title='bbox 2502 1278 2659 1332; x_wconf 74' lang='grc' dir='ltr'>αὐτὸν</span> <span class='ocrx_word' id='word_1_183' title='bbox 2707 1277 3091 1348; x_wconf 83' lang='grc' dir='ltr'>ὑπομεμένηκε</span> <span class='ocrx_word' id='word_1_184' title='bbox 3129 1276 3218 1329; x_wconf 81' lang='grc' dir='ltr'>τὸν</span> <span class='ocrx_word' id='word_1_185' title='bbox 3268 1275 3517 1339; x_wconf 73' lang='grc' dir='ltr'>σταυρὸν,</span> <span class='ocrx_word' id='word_1_186' title='bbox 3575 1274 3832 1343; x_wconf 51' lang='lat' dir='ltr'><strong>{adactis-0a!</strong></span> 
     </span>
    </p>
   </div>
   <div class='ocr_carea' id='block_1_28' title="bbox 2256 1366 3833 1440">
    <p class='ocr_par' dir='ltr' id='par_1_28' title="bbox 2256 1366 3833 1440">
     <span class='ocr_line' id='line_1_28' title="bbox 2256 1366 3833 1440; baseline -0.001 -21"><span class='ocrx_word' id='word_1_187' title='bbox 2256 1384 2419 1435; x_wconf 79' lang='grc' dir='ltr'><strong>φησιν</strong></span> <span class='ocrx_word' id='word_1_188' title='bbox 2447 1369 2629 1435; x_wconf 76' lang='grc' dir='ltr'>αὑτὸν,</span> <span class='ocrx_word' id='word_1_189' title='bbox 2652 1368 2894 1421; x_wconf 74' lang='grc' dir='ltr'><strong>δεδόσθαι</strong></span> <span class='ocrx_word' id='word_1_190' title='bbox 2924 1368 2978 1421; x_wconf 82' lang='grc' dir='ltr'>δὲ</span> <span class='ocrx_word' id='word_1_191' title='bbox 3010 1368 3156 1440; x_wconf 80' lang='grc' dir='ltr'>αὐτῷ</span> <span class='ocrx_word' id='word_1_192' title='bbox 3185 1369 3281 1422; x_wconf 70' lang='grc' dir='ltr'>καὶ</span> <span class='ocrx_word' id='word_1_193' title='bbox 3304 1368 3364 1420; x_wconf 86' lang='grc' dir='ltr'>τὸ</span> <span class='ocrx_word' id='word_1_194' title='bbox 3392 1368 3562 1435; x_wconf 73' lang='grc' dir='ltr'>ὄνομα</span> <span class='ocrx_word' id='word_1_195' title='bbox 3593 1366 3657 1418; x_wconf 76' lang='grc' dir='ltr'>τὸ</span> <span class='ocrx_word' id='word_1_196' title='bbox 3690 1368 3833 1435; x_wconf 78' lang='grc' dir='ltr'>ὑπὲρ</span> 
     </span>
    </p>
   </div>
   <div class='ocr_carea' id='block_1_29' title="bbox 2258 1458 3834 1530">
    <p class='ocr_par' dir='ltr' id='par_1_29' title="bbox 2258 1458 3834 1530">
     <span class='ocr_line' id='line_1_29' title="bbox 2258 1458 3834 1530; baseline 0.001 -22"><span class='ocrx_word' id='word_1_197' title='bbox 2258 1459 2366 1510; x_wconf 82' lang='grc' dir='ltr'>πᾶν</span> <span class='ocrx_word' id='word_1_198' title='bbox 2393 1458 2589 1529; x_wconf 80' lang='grc' dir='ltr'>ὅνομα’</span> <span class='ocrx_word' id='word_1_199' title='bbox 2626 1460 2765 1514; x_wconf 80' lang='grc' dir='ltr'>ὣστε</span> <span class='ocrx_word' id='word_1_200' title='bbox 2805 1460 2898 1515; x_wconf 72' lang='grc' dir='ltr'><strong>καὶ</strong></span> <span class='ocrx_word' id='word_1_201' title='bbox 2928 1463 3034 1514; x_wconf 83' lang='grc' dir='ltr'>πᾶν</span> <span class='ocrx_word' id='word_1_202' title='bbox 3063 1460 3190 1530; x_wconf 71' lang='grc' dir='ltr'>γόνυ</span> <span class='ocrx_word' id='word_1_203' title='bbox 3226 1459 3470 1529; x_wconf 71' lang='grc' dir='ltr'>κάμψαι,</span> <span class='ocrx_word' id='word_1_204' title='bbox 3509 1458 3606 1510; x_wconf 73' lang='grc' dir='ltr'><strong>καὶ</strong></span> <span class='ocrx_word' id='word_1_205' title='bbox 3644 1458 3834 1510; x_wconf 79' lang='grc' dir='ltr'>πᾶσαν</span> 
     </span>
    </p>
   </div>
   <div class='ocr_carea' id='block_1_30' title="bbox 2257 1544 3833 1621">
    <p class='ocr_par' dir='ltr' id='par_1_30' title="bbox 2257 1544 3833 1621">
     <span class='ocr_line' id='line_1_30' title="bbox 2257 1544 3833 1621; baseline 0.001 -22"><span class='ocrx_word' id='word_1_206' title='bbox 2257 1547 2406 1617; x_wconf 84' lang='grc' dir='ltr'>αὐτῷ</span> <span class='ocrx_word' id='word_1_207' title='bbox 2430 1549 2674 1617; x_wconf 83' lang='grc' dir='ltr'>γλῶτταν</span> <span class='ocrx_word' id='word_1_208' title='bbox 2703 1549 3221 1621; x_wconf 74' lang='grc' dir='ltr'>ἐξομολογήσασθαι.</span> <span class='ocrx_word' id='word_1_209' title='bbox 3248 1550 3370 1613; x_wconf 80' lang='grc' dir='ltr'><strong>Πῶς</strong></span> <span class='ocrx_word' id='word_1_210' title='bbox 3392 1544 3484 1602; x_wconf 81' lang='grc' dir='ltr'>οῦν</span> <span class='ocrx_word' id='word_1_211' title='bbox 3505 1550 3532 1602; x_wconf 85' lang='grc' dir='ltr'>ὁ</span> <span class='ocrx_word' id='word_1_212' title='bbox 3559 1548 3619 1601; x_wconf 81' lang='grc' dir='ltr'><strong>ὲν</strong></span> <span class='ocrx_word' id='word_1_213' title='bbox 3649 1549 3833 1617; x_wconf 68' lang='grc' dir='ltr'>μορφῇ</span> 
     </span>
    </p>
   </div>
   <div class='ocr_carea' id='block_1_31' title="bbox 2261 1640 3834 1714">
    <p class='ocr_par' dir='ltr' id='par_1_31' title="bbox 2261 1640 3834 1714">
     <span class='ocr_line' id='line_1_31' title="bbox 2261 1640 3834 1714; baseline -0.001 -22"><span class='ocrx_word' id='word_1_214' title='bbox 2261 1641 2353 1693; x_wconf 74' lang='grc' dir='ltr'>καὶ</span> <span class='ocrx_word' id='word_1_215' title='bbox 2386 1640 2587 1714; x_wconf 85' lang='grc' dir='ltr'>ἰσότητι</span> <span class='ocrx_word' id='word_1_216' title='bbox 2610 1642 2703 1696; x_wconf 91' lang='grc' dir='ltr'><strong>τοῦ</strong></span> <span class='ocrx_word' id='word_1_217' title='bbox 2729 1641 2864 1695; x_wconf 87' lang='grc' dir='ltr'>Θεοῦ</span> <span class='ocrx_word' id='word_1_218' title='bbox 2891 1642 3099 1710; x_wconf 81' lang='grc' dir='ltr'><strong>καθῆκε</strong></span> <span class='ocrx_word' id='word_1_219' title='bbox 3132 1642 3228 1712; x_wconf 84' lang='grc' dir='ltr'><strong>μὲν</strong></span> <span class='ocrx_word' id='word_1_220' title='bbox 3252 1640 3440 1693; x_wconf 80' lang='grc' dir='ltr'>ἑαυτὸν</span> <span class='ocrx_word' id='word_1_221' title='bbox 3463 1640 3544 1703; x_wconf 76' lang='grc' dir='ltr'>εἰς</span> <span class='ocrx_word' id='word_1_222' title='bbox 3573 1640 3834 1700; x_wconf 80' lang='grc' dir='ltr'>κένωσιν,</span> 
     </span>
    </p>
   </div>
   <div class='ocr_carea' id='block_1_32' title="bbox 602 1728 2171 1804">
    <p class='ocr_par' dir='ltr' id='par_1_32' title="bbox 602 1736 2161 1801">
     <span class='ocr_line' id='line_1_32' title="bbox 602 1736 2161 1801; baseline 0 -11"><span class='ocrx_word' id='word_1_223' title='bbox 602 1738 693 1792; x_wconf 86' lang='lat' dir='ltr'><strong>Dei</strong></span> <span class='ocrx_word' id='word_1_224' title='bbox 723 1736 1038 1801; x_wconf 82' lang='lat' dir='ltr'><strong>exsistebat,</strong></span> <span class='ocrx_word' id='word_1_225' title='bbox 1068 1736 1135 1790; x_wconf 85' lang='lat' dir='ltr'><strong>ad</strong></span> <span class='ocrx_word' id='word_1_226' title='bbox 1188 1736 1609 1791; x_wconf 79' lang='lat' dir='ltr'><strong>exinanitionem</strong></span> <span class='ocrx_word' id='word_1_227' title='bbox 1659 1752 1717 1793; x_wconf 90' lang='lat' dir='ltr'><strong>se</strong></span> <span class='ocrx_word' id='word_1_228' title='bbox 1771 1736 2073 1798; x_wconf 87' lang='lat' dir='ltr'><strong>demisisse,</strong></span> <span class='ocrx_word' id='word_1_229' title='bbox 2105 1747 2161 1791; x_wconf 89' lang='lat' dir='ltr'><strong>et</strong></span> 
     </span>
    </p>
   </div>
   <div class='ocr_carea' id='block_1_33' title="bbox 2275 1728 3835 1804">
    <p class='ocr_par' dir='ltr' id='par_1_33' title="bbox 2275 1728 3835 1804">
     <span class='ocr_line' id='line_1_33' title="bbox 2275 1728 3835 1804; baseline -0.002 -19"><span class='ocrx_word' id='word_1_230' title='bbox 2275 1731 2511 1802; x_wconf 69' lang='grc' dir='ltr'>ὓψῶσθαι</span> <span class='ocrx_word' id='word_1_231' title='bbox 2542 1734 2599 1786; x_wconf 81' lang='grc' dir='ltr'><strong>δὲ</strong></span> <span class='ocrx_word' id='word_1_232' title='bbox 2638 1734 2776 1804; x_wconf 75' lang='grc' dir='ltr'>μετὰ</span> <span class='ocrx_word' id='word_1_233' title='bbox 2820 1732 2978 1786; x_wconf 88' lang='grc' dir='ltr'>τοῦτο</span> <span class='ocrx_word' id='word_1_234' title='bbox 3022 1732 3237 1800; x_wconf 80' lang='grc' dir='ltr'>λέγεται</span> <span class='ocrx_word' id='word_1_235' title='bbox 3262 1748 3276 1797; x_wconf 92' lang='grc'><strong>;</strong></span> <span class='ocrx_word' id='word_1_236' title='bbox 3303 1728 3429 1802; x_wconf 67' lang='grc' dir='ltr'><strong>Ἆρ’</strong></span> <span class='ocrx_word' id='word_1_237' title='bbox 3456 1730 3583 1800; x_wconf 75' lang='grc' dir='ltr'><strong>οὐχὶ</strong></span> <span class='ocrx_word' id='word_1_238' title='bbox 3627 1729 3835 1801; x_wconf 80' lang='grc' dir='ltr'>προδη-</span> 
     </span>
    </p>
   </div>
   <div class='ocr_carea' id='block_1_34' title="bbox 606 1808 2171 1897">
    <p class='ocr_par' dir='ltr' id='par_1_34' title="bbox 606 1826 2157 1897">
     <span class='ocr_line' id='line_1_34' title="bbox 606 1826 2157 1897; baseline 0.001 -18"><span class='ocrx_word' id='word_1_239' title='bbox 606 1837 784 1897; x_wconf 84' lang='lat' dir='ltr'><strong>postea</strong></span> <span class='ocrx_word' id='word_1_240' title='bbox 804 1826 1069 1881; x_wconf 79' lang='lat' dir='ltr'><strong>exaltatus</strong></span> <span class='ocrx_word' id='word_1_241' title='bbox 1094 1826 1438 1896; x_wconf 73' lang='lat' dir='ltr'><strong>perhibetur?</strong></span> <span class='ocrx_word' id='word_1_242' title='bbox 1485 1829 1675 1883; x_wconf 80' lang='lat' dir='ltr'><strong>Annon</strong></span> <span class='ocrx_word' id='word_1_243' title='bbox 1701 1827 2157 1884; x_wconf 87' lang='lat' dir='ltr'><strong>evidentissimum</strong></span> 
     </span>
    </p>
   </div>
   <div class='ocr_carea' id='block_1_35' title="bbox 2275 1808 3838 1897">
    <p class='ocr_par' dir='ltr' id='par_1_35' title="bbox 2275 1821 3838 1897">
     <span class='ocr_line' id='line_1_35' title="bbox 2275 1821 3838 1897; baseline -0.003 -19"><span class='ocrx_word' id='word_1_244' title='bbox 2275 1828 2483 1882; x_wconf 65' lang='lat' dir='ltr'><strong>tota‘rov</strong></span> <span class='ocrx_word' id='word_1_245' title='bbox 2519 1828 2582 1880; x_wconf 80' lang='grc' dir='ltr'>τὸ</span> <span class='ocrx_word' id='word_1_246' title='bbox 2629 1825 2722 1879; x_wconf 87' lang='grc' dir='ltr'><strong>τοῦ</strong></span> <span class='ocrx_word' id='word_1_247' title='bbox 2768 1826 3005 1897; x_wconf 82' lang='grc' dir='ltr'><strong>Χριστοῦ</strong></span> <span class='ocrx_word' id='word_1_248' title='bbox 3046 1826 3381 1896; x_wconf 87' lang='grc' dir='ltr'>μυστήριον;</span> <span class='ocrx_word' id='word_1_249' title='bbox 3427 1822 3559 1884; x_wconf 78' lang='grc' dir='ltr'><strong>Θεὸς</strong></span> <span class='ocrx_word' id='word_1_250' title='bbox 3596 1822 3714 1891; x_wconf 79' lang='grc' dir='ltr'><strong>γὰρ</strong></span> <span class='ocrx_word' id='word_1_251' title='bbox 3762 1821 3838 1874; x_wconf 81' lang='grc' dir='ltr'>ὢν</span> 
     </span>
    </p>
   </div>
   <div class='ocr_carea' id='block_1_36' title="bbox 604 1916 2163 1973">
    <p class='ocr_par' dir='ltr' id='par_1_36' title="bbox 604 1916 2163 1973">
     <span class='ocr_line' id='line_1_36' title="bbox 604 1916 2163 1973; baseline -0.001 0"><span class='ocrx_word' id='word_1_252' title='bbox 604 1920 705 1973; x_wconf 90' lang='lat' dir='ltr'><strong>hoc</strong></span> <span class='ocrx_word' id='word_1_253' title='bbox 749 1916 949 1972; x_wconf 86' lang='lat' dir='ltr'><strong>Christi</strong></span> <span class='ocrx_word' id='word_1_254' title='bbox 995 1927 1391 1971; x_wconf 80' lang='lat' dir='ltr'><strong>sacramentum</strong></span> <span class='ocrx_word' id='word_1_255' title='bbox 1416 1917 1534 1972; x_wconf 73' lang='lat' dir='ltr'><strong>e51?</strong></span> <span class='ocrx_word' id='word_1_256' title='bbox 1562 1916 1851 1972; x_wconf 82' lang='lat' dir='ltr'><strong>Enimvero</strong></span> <span class='ocrx_word' id='word_1_257' title='bbox 1902 1932 2020 1972; x_wconf 85' lang='lat' dir='ltr'><strong>cum</strong></span> <span class='ocrx_word' id='word_1_258' title='bbox 2076 1932 2163 1972; x_wconf 91' lang='lat' dir='ltr'><strong>se-</strong></span> 
     </span>
    </p>
   </div>
   <div class='ocr_carea' id='block_1_37' title="bbox 604 2008 2163 2076">
    <p class='ocr_par' dir='ltr' id='par_1_37' title="bbox 604 2008 2163 2076">
     <span class='ocr_line' id='line_1_37' title="bbox 604 2008 2163 2076; baseline 0.001 -12"><span class='ocrx_word' id='word_1_259' title='bbox 604 2008 835 2064; x_wconf 84' lang='lat' dir='ltr'><strong>cundum</strong></span> <span class='ocrx_word' id='word_1_260' title='bbox 886 2016 1135 2062; x_wconf 86' lang='lat' dir='ltr'><strong>naturam</strong></span> <span class='ocrx_word' id='word_1_261' title='bbox 1171 2008 1312 2064; x_wconf 86' lang='lat' dir='ltr'><strong>Deus</strong></span> <span class='ocrx_word' id='word_1_262' title='bbox 1362 2017 1531 2075; x_wconf 87' lang='lat' dir='ltr'><strong>esset,</strong></span> <span class='ocrx_word' id='word_1_263' title='bbox 1564 2009 1739 2066; x_wconf 83' lang='lat' dir='ltr'><strong>factus</strong></span> <span class='ocrx_word' id='word_1_264' title='bbox 1762 2010 1943 2076; x_wconf 85' lang='lat' dir='ltr'><strong>homo,</strong></span> <span class='ocrx_word' id='word_1_265' title='bbox 1979 2010 2032 2066; x_wconf 91' lang='lat' dir='ltr'><strong>in</strong></span> <span class='ocrx_word' id='word_1_266' title='bbox 2062 2012 2163 2066; x_wconf 88' lang='lat' dir='ltr'><strong>hu-</strong></span> 
     </span>
    </p>
   </div>
   <div class='ocr_carea' id='block_1_38' title="bbox 604 2098 2163 2171">
    <p class='ocr_par' dir='ltr' id='par_1_38' title="bbox 604 2098 2163 2171">
     <span class='ocr_line' id='line_1_38' title="bbox 604 2098 2163 2171; baseline 0.003 -17"><span class='ocrx_word' id='word_1_267' title='bbox 604 2100 881 2154; x_wconf 86' lang='lat' dir='ltr'><strong>militatem</strong></span> <span class='ocrx_word' id='word_1_268' title='bbox 918 2098 1385 2171; x_wconf 83' lang='lat' dir='ltr'><strong>abjeetionemque</strong></span> <span class='ocrx_word' id='word_1_269' title='bbox 1419 2102 1723 2158; x_wconf 89' lang='lat' dir='ltr'><strong>descendit.</strong></span> <span class='ocrx_word' id='word_1_270' title='bbox 1750 2101 1949 2158; x_wconf 84' lang='lat' dir='ltr'><strong>Factus</strong></span> <span class='ocrx_word' id='word_1_271' title='bbox 1983 2114 2163 2159; x_wconf 87' lang='lat' dir='ltr'><strong>autem</strong></span> 
     </span>
    </p>
   </div>
   <div class='ocr_carea' id='block_1_39' title="bbox 606 2192 2167 2263">
    <p class='ocr_par' dir='ltr' id='par_1_39' title="bbox 606 2192 2167 2263">
     <span class='ocr_line' id='line_1_39' title="bbox 606 2192 2167 2263; baseline 0.004 -17"><span class='ocrx_word' id='word_1_272' title='bbox 606 2192 772 2246; x_wconf 88' lang='lat' dir='ltr'><strong>nostri</strong></span> <span class='ocrx_word' id='word_1_273' title='bbox 796 2192 1013 2256; x_wconf 88' lang='lat' dir='ltr'><strong>similis,</strong></span> <span class='ocrx_word' id='word_1_274' title='bbox 1043 2193 1201 2263; x_wconf 76' lang='lat'><strong>109</strong></span> <span class='ocrx_word' id='word_1_275' title='bbox 1223 2196 1384 2249; x_wconf 89' lang='lat' dir='ltr'><strong>etiam</strong></span> <span class='ocrx_word' id='word_1_276' title='bbox 1418 2211 1541 2250; x_wconf 91' lang='lat' dir='ltr'><strong>cum</strong></span> <span class='ocrx_word' id='word_1_277' title='bbox 1573 2211 1735 2252; x_wconf 85' lang='lat' dir='ltr'><strong>carne</strong></span> <span class='ocrx_word' id='word_1_278' title='bbox 1776 2212 1927 2252; x_wconf 86' lang='lat' dir='ltr'><strong>suam</strong></span> <span class='ocrx_word' id='word_1_279' title='bbox 1958 2200 2167 2255; x_wconf 88' lang='lat' dir='ltr'><strong>obtinet</strong></span> 
     </span>
    </p>
   </div>
   <div class='ocr_carea' id='block_1_40' title="bbox 606 2280 2166 2354">
    <p class='ocr_par' dir='ltr' id='par_1_40' title="bbox 606 2280 2166 2354">
     <span class='ocr_line' id='line_1_40' title="bbox 606 2280 2166 2354; baseline 0.006 -19"><span class='ocrx_word' id='word_1_280' title='bbox 606 2282 851 2354; x_wconf 74' lang='lat' dir='ltr'><strong>gloriam.</strong></span> <span class='ocrx_word' id='word_1_281' title='bbox 890 2280 954 2335; x_wconf 86' lang='lat' dir='ltr'><strong>Et</strong></span> <span class='ocrx_word' id='word_1_282' title='bbox 1000 2283 1114 2351; x_wconf 90' lang='lat' dir='ltr'><strong>ipsa</strong></span> <span class='ocrx_word' id='word_1_283' title='bbox 1168 2284 1425 2339; x_wconf 75' lang='lat' dir='ltr'><strong>exultatio</strong></span> <span class='ocrx_word' id='word_1_284' title='bbox 1476 2300 1581 2340; x_wconf 87' lang='lat' dir='ltr'><strong>non</strong></span> <span class='ocrx_word' id='word_1_285' title='bbox 1632 2288 1887 2341; x_wconf 87' lang='lat' dir='ltr'><strong>convenit</strong></span> <span class='ocrx_word' id='word_1_286' title='bbox 1920 2288 1972 2342; x_wconf 91' lang='lat' dir='ltr'><strong>in</strong></span> <span class='ocrx_word' id='word_1_287' title='bbox 2004 2286 2166 2344; x_wconf 82' lang='lat' dir='ltr'><strong>Verbi</strong></span> 
     </span>
    </p>
   </div>
   <div class='ocr_carea' id='block_1_41' title="bbox 610 2374 2170 2446">
    <p class='ocr_par' dir='ltr' id='par_1_41' title="bbox 610 2374 2170 2446">
     <span class='ocr_line' id='line_1_41' title="bbox 610 2374 2170 2446; baseline 0.007 -21"><span class='ocrx_word' id='word_1_288' title='bbox 610 2381 874 2439; x_wconf 79' lang='lat' dir='ltr'><strong>naturam,</strong></span> <span class='ocrx_word' id='word_1_289' title='bbox 908 2374 1000 2427; x_wconf 86' lang='lat' dir='ltr'><strong>sed</strong></span> <span class='ocrx_word' id='word_1_290' title='bbox 1031 2374 1083 2426; x_wconf 93' lang='lat' dir='ltr'><strong>in</strong></span> <span class='ocrx_word' id='word_1_291' title='bbox 1106 2375 1275 2442; x_wconf 88' lang='lat' dir='ltr'><strong>ipsam</strong></span> <span class='ocrx_word' id='word_1_292' title='bbox 1300 2377 1479 2433; x_wconf 89' lang='lat' dir='ltr'><strong>carnis</strong></span> <span class='ocrx_word' id='word_1_293' title='bbox 1504 2376 1988 2446; x_wconf 87' lang='lat' dir='ltr'><strong>dispensationem.</strong></span> <span class='ocrx_word' id='word_1_294' title='bbox 2024 2380 2170 2436; x_wconf 86' lang='lat' dir='ltr'><strong>Unus</strong></span> 
     </span>
    </p>
   </div>
   <div class='ocr_carea' id='block_1_42' title="bbox 605 2461 2164 2537">
    <p class='ocr_par' dir='ltr' id='par_1_42' title="bbox 605 2461 2164 2537">
     <span class='ocr_line' id='line_1_42' title="bbox 605 2461 2164 2537; baseline 0.003 -17"><span class='ocrx_word' id='word_1_295' title='bbox 605 2472 688 2520; x_wconf 83' lang='lat' dir='ltr'><strong>est</strong></span> <span class='ocrx_word' id='word_1_296' title='bbox 721 2463 900 2532; x_wconf 74' lang='lat' dir='ltr'><strong>itaque</strong></span> <span class='ocrx_word' id='word_1_297' title='bbox 929 2461 1174 2519; x_wconf 86' lang='lat' dir='ltr'><strong>Christus</strong></span> <span class='ocrx_word' id='word_1_298' title='bbox 1195 2463 1337 2519; x_wconf 88' lang='lat' dir='ltr'><strong>Deus</strong></span> <span class='ocrx_word' id='word_1_299' title='bbox 1367 2467 1419 2520; x_wconf 93' lang='lat' dir='ltr'><strong>in</strong></span> <span class='ocrx_word' id='word_1_300' title='bbox 1450 2478 1642 2522; x_wconf 87' lang='lat' dir='ltr'><strong>natura</strong></span> <span class='ocrx_word' id='word_1_301' title='bbox 1673 2469 1926 2537; x_wconf 85' lang='lat' dir='ltr'><strong>humana,</strong></span> <span class='ocrx_word' id='word_1_302' title='bbox 1954 2480 2009 2525; x_wconf 90' lang='lat' dir='ltr'><strong>et</strong></span> <span class='ocrx_word' id='word_1_303' title='bbox 2042 2486 2164 2527; x_wconf 90' lang='lat' dir='ltr'><strong>cum</strong></span> 
     </span>
    </p>
   </div>
   <div class='ocr_carea' id='block_1_43' title="bbox 609 2555 2171 2631">
    <p class='ocr_par' dir='ltr' id='par_1_43' title="bbox 609 2555 2171 2631">
     <span class='ocr_line' id='line_1_43' title="bbox 609 2555 2171 2631; baseline 0.005 -23"><span class='ocrx_word' id='word_1_304' title='bbox 609 2564 796 2608; x_wconf 84' lang='lat' dir='ltr'><strong>natura</strong></span> <span class='ocrx_word' id='word_1_305' title='bbox 857 2555 1108 2621; x_wconf 87' lang='lat' dir='ltr'><strong>humana,</strong></span> <span class='ocrx_word' id='word_1_306' title='bbox 1154 2557 1383 2627; x_wconf 86' lang='lat' dir='ltr'><strong>idipsum</strong></span> <span class='ocrx_word' id='word_1_307' title='bbox 1445 2559 1587 2626; x_wconf 88' lang='lat' dir='ltr'><strong>quod</strong></span> <span class='ocrx_word' id='word_1_308' title='bbox 1631 2568 1756 2615; x_wconf 89' lang='lat' dir='ltr'><strong>ante</strong></span> <span class='ocrx_word' id='word_1_309' title='bbox 1805 2569 1941 2627; x_wconf 87' lang='lat' dir='ltr'><strong>erat,</strong></span> <span class='ocrx_word' id='word_1_310' title='bbox 2002 2576 2171 2631; x_wconf 88' lang='lat' dir='ltr'><strong>usque</strong></span> 
     </span>
    </p>
   </div>
   <div class='ocr_carea' id='block_1_44' title="bbox 610 2659 947 2714">
    <p class='ocr_par' dir='ltr' id='par_1_44' title="bbox 610 2659 947 2714">
     <span class='ocr_line' id='line_1_44' title="bbox 610 2659 947 2714; baseline 0.006 -16"><span class='ocrx_word' id='word_1_311' title='bbox 610 2659 947 2714; x_wconf 87' lang='lat' dir='ltr'><strong>permanens.</strong></span> 
     </span>
    </p>
   </div>
   <div class='ocr_carea' id='block_1_45' title="bbox 978 2735 1796 2807">
    <p class='ocr_par' dir='ltr' id='par_1_45' title="bbox 978 2735 1796 2807">
     <span class='ocr_line' id='line_1_45' title="bbox 978 2735 1796 2807; baseline 0.007 -18"><span class='ocrx_word' id='word_1_312' title='bbox 978 2735 1063 2795; x_wconf 79' lang='lat' dir='ltr'><strong>Ea:</strong></span> <span class='ocrx_word' id='word_1_313' title='bbox 1089 2737 1323 2807; x_wconf 79' lang='lat' dir='ltr'><strong>Epistota</strong></span> <span class='ocrx_word' id='word_1_314' title='bbox 1353 2740 1420 2791; x_wconf 79' lang='lat' dir='ltr'><strong>ad</strong></span> <span class='ocrx_word' id='word_1_315' title='bbox 1448 2738 1796 2796; x_wconf 70' lang='lat' dir='ltr'><strong>Colossenses.</strong></span> 
     </span>
    </p>
   </div>
   <div class='ocr_carea' id='block_1_46' title="bbox 684 2826 2175 2904">
    <p class='ocr_par' dir='ltr' id='par_1_46' title="bbox 684 2826 2175 2904">
     <span class='ocr_line' id='line_1_46' title="bbox 684 2826 2175 2904; baseline 0.006 -25"><span class='ocrx_word' id='word_1_316' title='bbox 684 2846 703 2879; x_wconf 79' lang='grc' dir='ltr'><strong>ι</strong></span> <span class='ocrx_word' id='word_1_317' title='bbox 726 2826 937 2882; x_wconf 85' lang='lat' dir='ltr'><strong>Gratias</strong></span> <span class='ocrx_word' id='word_1_318' title='bbox 993 2840 1233 2897; x_wconf 81' lang='lat' dir='ltr'><strong>agentes,</strong></span> <span class='ocrx_word' id='word_1_319' title='bbox 1272 2829 1465 2899; x_wconf 85' lang='lat' dir='ltr'><strong>inquit,</strong></span> <span class='ocrx_word' id='word_1_320' title='bbox 1496 2830 1614 2886; x_wconf 81' lang='lat' dir='ltr'><strong>Deo</strong></span> <span class='ocrx_word' id='word_1_321' title='bbox 1661 2830 1951 2902; x_wconf 66' lang='lat' dir='ltr'><strong>Patri,qui</strong></span> <span class='ocrx_word' id='word_1_322' title='bbox 1987 2832 2175 2904; x_wconf 74' lang='lat' dir='ltr'><strong>dignos</strong></span> 
     </span>
    </p>
   </div>
   <div class='ocr_carea' id='block_1_47' title="bbox 616 2919 2172 2990">
    <p class='ocr_par' dir='ltr' id='par_1_47' title="bbox 616 2919 2172 2990">
     <span class='ocr_line' id='line_1_47' title="bbox 616 2919 2172 2990; baseline 0.005 -17"><span class='ocrx_word' id='word_1_323' title='bbox 616 2936 713 2974; x_wconf 83' lang='lat' dir='ltr'><strong>nos</strong></span> <span class='ocrx_word' id='word_1_324' title='bbox 754 2919 879 2973; x_wconf 76' lang='lat' dir='ltr'><strong>fecit</strong></span> <span class='ocrx_word' id='word_1_325' title='bbox 932 2919 985 2973; x_wconf 89' lang='lat' dir='ltr'><strong>in</strong></span> <span class='ocrx_word' id='word_1_326' title='bbox 1041 2930 1247 2990; x_wconf 88' lang='lat' dir='ltr'><strong>partem</strong></span> <span class='ocrx_word' id='word_1_327' title='bbox 1302 2921 1465 2977; x_wconf 86' lang='lat' dir='ltr'><strong>sortis</strong></span> <span class='ocrx_word' id='word_1_328' title='bbox 1508 2932 1820 2979; x_wconf 88' lang='lat' dir='ltr'><strong>sanctorum</strong></span> <span class='ocrx_word' id='word_1_329' title='bbox 1853 2925 1905 2980; x_wconf 92' lang='lat' dir='ltr'><strong>in</strong></span> <span class='ocrx_word' id='word_1_330' title='bbox 1934 2926 2172 2981; x_wconf 87' lang='lat' dir='ltr'><strong>lumine:</strong></span> 
     </span>
    </p>
   </div>
   <div class='ocr_carea' id='block_1_48' title="bbox 614 3010 2169 3082">
    <p class='ocr_par' dir='ltr' id='par_1_48' title="bbox 614 3010 2169 3082">
     <span class='ocr_line' id='line_1_48' title="bbox 614 3010 2169 3082; baseline 0.006 -19"><span class='ocrx_word' id='word_1_331' title='bbox 614 3012 700 3080; x_wconf 79' lang='lat' dir='ltr'><strong>qui</strong></span> <span class='ocrx_word' id='word_1_332' title='bbox 723 3010 920 3079; x_wconf 90' lang='lat' dir='ltr'><strong>eripuit</strong></span> <span class='ocrx_word' id='word_1_333' title='bbox 954 3026 1051 3067; x_wconf 92' lang='lat' dir='ltr'><strong>nos</strong></span> <span class='ocrx_word' id='word_1_334' title='bbox 1078 3014 1144 3067; x_wconf 90' lang='lat' dir='ltr'><strong>de</strong></span> <span class='ocrx_word' id='word_1_335' title='bbox 1178 3024 1439 3082; x_wconf 87' lang='lat' dir='ltr'><strong>potestate</strong></span> <span class='ocrx_word' id='word_1_336' title='bbox 1461 3015 1829 3081; x_wconf 87' lang='lat' dir='ltr'><strong>tenebrarum,</strong></span> <span class='ocrx_word' id='word_1_337' title='bbox 1849 3025 1904 3071; x_wconf 89' lang='lat' dir='ltr'><strong>et</strong></span> <span class='ocrx_word' id='word_1_338' title='bbox 1938 3026 2169 3073; x_wconf 80' lang='lat' dir='ltr'><strong>transtu-</strong></span> 
     </span>
    </p>
   </div>
   <div class='ocr_carea' id='block_1_49' title="bbox 2263 1913 3839 1988">
    <p class='ocr_par' dir='ltr' id='par_1_49' title="bbox 2263 1913 3839 1988">
     <span class='ocr_line' id='line_1_49' title="bbox 2263 1913 3839 1988; baseline -0.005 -16"><span class='ocrx_word' id='word_1_339' title='bbox 2263 1917 2448 1988; x_wconf 82' lang='grc' dir='ltr'><strong>φύσει⁹</strong></span> <span class='ocrx_word' id='word_1_340' title='bbox 2479 1918 2701 1987; x_wconf 80' lang='grc' dir='ltr'><strong>γέγονεν</strong></span> <span class='ocrx_word' id='word_1_341' title='bbox 2730 1917 3012 1987; x_wconf 80' lang='grc' dir='ltr'>ἄνθρωπος</span> <span class='ocrx_word' id='word_1_342' title='bbox 3038 1917 3096 1968; x_wconf 76' lang='grc' dir='ltr'><strong>ὲν</strong></span> <span class='ocrx_word' id='word_1_343' title='bbox 3134 1914 3459 1969; x_wconf 80' lang='grc' dir='ltr'>ταπεινώσει</span> <span class='ocrx_word' id='word_1_344' title='bbox 3475 1913 3570 1965; x_wconf 75' lang='grc' dir='ltr'><strong>καὶ</strong></span> <span class='ocrx_word' id='word_1_345' title='bbox 3602 1930 3839 1981; x_wconf 82' lang='grc' dir='ltr'>σμικρο-</span> 
     </span>
    </p>
   </div>
   <div class='ocr_carea' id='block_1_50' title="bbox 2264 2003 3840 2082">
    <p class='ocr_par' dir='ltr' id='par_1_50' title="bbox 2264 2003 3840 2082">
     <span class='ocr_line' id='line_1_50' title="bbox 2264 2003 3840 2082; baseline -0.004 -20"><span class='ocrx_word' id='word_1_346' title='bbox 2264 2011 2525 2082; x_wconf 78' lang='grc' dir='ltr'>πρεπείᾳ.</span> <span class='ocrx_word' id='word_1_347' title='bbox 2560 2008 2803 2077; x_wconf 84' lang='grc' dir='ltr'><strong>Γεγονὼς</strong></span> <span class='ocrx_word' id='word_1_348' title='bbox 2834 2009 2892 2063; x_wconf 80' lang='grc' dir='ltr'><strong>δὲ</strong></span> <span class='ocrx_word' id='word_1_349' title='bbox 2921 2008 3044 2062; x_wconf 85' lang='grc' dir='ltr'><strong>καθ’</strong></span> <span class='ocrx_word' id='word_1_350' title='bbox 3072 2009 3246 2078; x_wconf 68' lang='grc' dir='ltr'><strong>ἡμᾶς,</strong></span> <span class='ocrx_word' id='word_1_351' title='bbox 3277 2008 3357 2069; x_wconf 83' lang='grc' dir='ltr'>εἰς</span> <span class='ocrx_word' id='word_1_352' title='bbox 3386 2005 3484 2077; x_wconf 78' lang='grc' dir='ltr'><strong>τὴν</strong></span> <span class='ocrx_word' id='word_1_353' title='bbox 3522 2003 3723 2057; x_wconf 77' lang='grc' dir='ltr'>ἑαυτοῦ</span> <span class='ocrx_word' id='word_1_354' title='bbox 3758 2003 3840 2056; x_wconf 70' lang='grc' dir='ltr'><strong>δό-</strong></span> 
     </span>
    </p>
   </div>
   <div class='ocr_carea' id='block_1_51' title="bbox 2268 2093 3842 2170">
    <p class='ocr_par' dir='ltr' id='par_1_51' title="bbox 2268 2093 3842 2170">
     <span class='ocr_line' id='line_1_51' title="bbox 2268 2093 3842 2170; baseline -0.006 -16"><span class='ocrx_word' id='word_1_355' title='bbox 2268 2100 2362 2165; x_wconf 83' lang='grc' dir='ltr'><strong>ξαν</strong></span> <span class='ocrx_word' id='word_1_356' title='bbox 2404 2101 2668 2170; x_wconf 81' lang='grc' dir='ltr'>ἀναφοιτᾷ</span> <span class='ocrx_word' id='word_1_357' title='bbox 2710 2101 2806 2153; x_wconf 75' lang='grc' dir='ltr'><strong>καὶ</strong></span> <span class='ocrx_word' id='word_1_358' title='bbox 2841 2097 2978 2167; x_wconf 85' lang='grc' dir='ltr'>μετὰ</span> <span class='ocrx_word' id='word_1_359' title='bbox 3013 2098 3233 2169; x_wconf 79' lang='grc' dir='ltr'><strong>σαρκός.</strong></span> <span class='ocrx_word' id='word_1_360' title='bbox 3279 2097 3390 2151; x_wconf 73' lang='grc' dir='ltr'>Καὶ</span> <span class='ocrx_word' id='word_1_361' title='bbox 3428 2095 3631 2167; x_wconf 82' lang='grc' dir='ltr'>πρέποι</span> <span class='ocrx_word' id='word_1_362' title='bbox 3664 2095 3734 2147; x_wconf 84' lang='grc' dir='ltr'><strong>ἂν</strong></span> <span class='ocrx_word' id='word_1_363' title='bbox 3780 2093 3842 2145; x_wconf 80' lang='grc' dir='ltr'>τὸ</span> 
     </span>
    </p>
   </div>
   <div class='ocr_carea' id='block_1_52' title="bbox 2269 2186 3843 2261">
    <p class='ocr_par' dir='ltr' id='par_1_52' title="bbox 2269 2186 3843 2261">
     <span class='ocr_line' id='line_1_52' title="bbox 2269 2186 3843 2261; baseline -0.006 -16"><span class='ocrx_word' id='word_1_364' title='bbox 2269 2191 2533 2261; x_wconf 79' lang='grc' dir='ltr'>ὑψοῦσΘαι</span> <span class='ocrx_word' id='word_1_365' title='bbox 2563 2194 2628 2261; x_wconf 79' lang='grc' dir='ltr'>τῇ</span> <span class='ocrx_word' id='word_1_366' title='bbox 2661 2190 2963 2261; x_wconf 83' lang='grc' dir='ltr'>οἰκονομίᾳ,</span> <span class='ocrx_word' id='word_1_367' title='bbox 3009 2187 3104 2242; x_wconf 76' lang='grc' dir='ltr'>καὶ</span> <span class='ocrx_word' id='word_1_368' title='bbox 3149 2188 3209 2242; x_wconf 78' lang='grc' dir='ltr'><strong>οὐ</strong></span> <span class='ocrx_word' id='word_1_369' title='bbox 3239 2188 3303 2259; x_wconf 77' lang='grc' dir='ltr'><strong>δὴ</strong></span> <span class='ocrx_word' id='word_1_370' title='bbox 3347 2187 3546 2259; x_wconf 76' lang='grc' dir='ltr'>μᾶλλον</span> <span class='ocrx_word' id='word_1_371' title='bbox 3592 2186 3738 2255; x_wconf 79' lang='grc' dir='ltr'>αὐτῇ</span> <span class='ocrx_word' id='word_1_372' title='bbox 3775 2187 3843 2253; x_wconf 74' lang='grc' dir='ltr'><strong>τῇ</strong></span> 
     </span>
    </p>
   </div>
   <div class='ocr_carea' id='block_1_53' title="bbox 2269 2266 3841 2353">
    <p class='ocr_par' dir='ltr' id='par_1_53' title="bbox 2269 2266 3841 2353">
     <span class='ocr_line' id='line_1_53' title="bbox 2269 2266 3841 2353; baseline -0.006 -17"><span class='ocrx_word' id='word_1_373' title='bbox 2269 2284 2427 2353; x_wconf 84' lang='grc' dir='ltr'>φύσει</span> <span class='ocrx_word' id='word_1_374' title='bbox 2455 2281 2549 2335; x_wconf 91' lang='grc' dir='ltr'><strong>τοῦ</strong></span> <span class='ocrx_word' id='word_1_375' title='bbox 2582 2280 2763 2350; x_wconf 80' lang='grc' dir='ltr'>λόγου.</span> <span class='ocrx_word' id='word_1_376' title='bbox 2796 2276 2889 2345; x_wconf 66' lang='lat' dir='ltr'><strong>ET;</strong></span> <span class='ocrx_word' id='word_1_377' title='bbox 2926 2274 3017 2335; x_wconf 79' lang='grc' dir='ltr'><strong>οὖν</strong></span> <span class='ocrx_word' id='word_1_378' title='bbox 3057 2279 3167 2351; x_wconf 83' lang='grc' dir='ltr'>ἄρα</span> <span class='ocrx_word' id='word_1_379' title='bbox 3198 2266 3431 2349; x_wconf 63' lang='grc' dir='ltr'>Χριστὸξ</span> <span class='ocrx_word' id='word_1_380' title='bbox 3476 2277 3611 2339; x_wconf 75' lang='grc' dir='ltr'>Θεὸς</span> <span class='ocrx_word' id='word_1_381' title='bbox 3652 2278 3712 2327; x_wconf 82' lang='grc' dir='ltr'><strong>ὲν</strong></span> <span class='ocrx_word' id='word_1_382' title='bbox 3744 2276 3841 2327; x_wconf 82' lang='grc' dir='ltr'><strong>ἀν-</strong></span> 
     </span>
    </p>
   </div>
   <div class='ocr_carea' id='block_1_54' title="bbox 2270 2368 3851 2445">
    <p class='ocr_par' dir='ltr' id='par_1_54' title="bbox 2270 2368 3851 2445">
     <span class='ocr_line' id='line_1_54' title="bbox 2270 2368 3851 2445; baseline -0.004 -18"><span class='ocrx_word' id='word_1_383' title='bbox 2270 2375 2609 2445; x_wconf 82' lang='grc' dir='ltr'>ορωπότητι,</span> <span class='ocrx_word' id='word_1_384' title='bbox 2654 2374 2751 2427; x_wconf 72' lang='grc' dir='ltr'><strong>καὶ</strong></span> <span class='ocrx_word' id='word_1_385' title='bbox 2798 2371 2949 2444; x_wconf 80' lang='grc' dir='ltr'>μετὰ,</span> <span class='ocrx_word' id='word_1_386' title='bbox 2975 2372 3073 2442; x_wconf 78' lang='grc' dir='ltr'><strong>τῆς</strong></span> <span class='ocrx_word' id='word_1_387' title='bbox 3116 2371 3532 2444; x_wconf 75' lang='grc' dir='ltr'>ἀνθρωπότητος</span> <span class='ocrx_word' id='word_1_388' title='bbox 3573 2368 3851 2441; x_wconf 68' lang='grc' dir='ltr'>ὑπάρχων</span> 
     </span>
    </p>
   </div>
   <div class='ocr_carea' id='block_1_55' title="bbox 2268 2460 2417 2536">
    <p class='ocr_par' dir='ltr' id='par_1_55' title="bbox 2268 2460 2417 2536">
     <span class='ocr_line' id='line_1_55' title="bbox 2268 2460 2417 2536; baseline 0.013 -18"><span class='ocrx_word' id='word_1_389' title='bbox 2268 2466 2297 2519; x_wconf 77' lang='grc' dir='ltr'>δ</span> <span class='ocrx_word' id='word_1_390' title='bbox 2328 2460 2417 2536; x_wconf 78' lang='grc' dir='ltr'><strong>ἦν.</strong></span> 
     </span>
    </p>
   </div>
   <div class='ocr_carea' id='block_1_56' title="bbox 2632 2738 3599 2813">
    <p class='ocr_par' dir='ltr' id='par_1_56' title="bbox 2632 2738 3599 2813">
     <span class='ocr_line' id='line_1_56' title="bbox 2632 2738 3599 2813; baseline -0.007 -14"><span class='ocrx_word' id='word_1_391' title='bbox 2632 2744 2731 2799; x_wconf 82' lang='grc' dir='ltr'><strong>Ἕκ</strong></span> <span class='ocrx_word' id='word_1_392' title='bbox 2761 2744 2871 2812; x_wconf 82' lang='grc' dir='ltr'><strong>τῆς</strong></span> <span class='ocrx_word' id='word_1_393' title='bbox 2905 2743 3057 2813; x_wconf 80' lang='grc' dir='ltr'>πρὸς</span> <span class='ocrx_word' id='word_1_394' title='bbox 3090 2738 3484 2806; x_wconf 74' lang='grc' dir='ltr'><strong>Κολασσαεῖς.</strong></span> <span class='ocrx_word' id='word_1_395' title='bbox 3594 2757 3599 2760; x_wconf 93' lang='grc'><strong>·</strong></span> 
     </span>
    </p>
   </div>
   <div class='ocr_carea' id='block_1_57' title="bbox 2348 2831 3848 2910">
    <p class='ocr_par' dir='ltr' id='par_1_57' title="bbox 2348 2831 3848 2910">
     <span class='ocr_line' id='line_1_57' title="bbox 2348 2831 3848 2910; baseline -0.005 -18"><span class='ocrx_word' id='word_1_396' title='bbox 2348 2857 2368 2892; x_wconf 76' lang='grc' dir='ltr'><strong>ι</strong></span> <span class='ocrx_word' id='word_1_397' title='bbox 2399 2837 2884 2910; x_wconf 79' lang='grc' dir='ltr'>Εὖχαριστοῦντες,</span> <span class='ocrx_word' id='word_1_398' title='bbox 2913 2835 3065 2905; x_wconf 70' lang='grc' dir='ltr'>φησὶ,</span> <span class='ocrx_word' id='word_1_399' title='bbox 3098 2832 3176 2905; x_wconf 86' lang='grc' dir='ltr'>τῷ</span> <span class='ocrx_word' id='word_1_400' title='bbox 3204 2831 3381 2905; x_wconf 76' lang='grc' dir='ltr'>Πατρὶ</span> <span class='ocrx_word' id='word_1_401' title='bbox 3408 2831 3485 2903; x_wconf 81' lang='grc' dir='ltr'><strong>τῷ</strong></span> <span class='ocrx_word' id='word_1_402' title='bbox 3514 2831 3848 2885; x_wconf 70' lang='grc' dir='ltr'><strong>ἱκανώσαντι</strong></span> 
     </span>
    </p>
   </div>
   <div class='ocr_carea' id='block_1_58' title="bbox 2275 2924 3849 3005">
    <p class='ocr_par' dir='ltr' id='par_1_58' title="bbox 2275 2924 3849 3005">
     <span class='ocr_line' id='line_1_58' title="bbox 2275 2924 3849 3005; baseline -0.006 -19"><span class='ocrx_word' id='word_1_403' title='bbox 2275 2934 2423 3005; x_wconf 74' lang='grc' dir='ltr'><strong>ἡμᾶς</strong></span> <span class='ocrx_word' id='word_1_404' title='bbox 2466 2933 2545 2995; x_wconf 84' lang='grc' dir='ltr'>εἰς</span> <span class='ocrx_word' id='word_1_405' title='bbox 2588 2930 2687 2999; x_wconf 79' lang='grc' dir='ltr'>τὴν</span> <span class='ocrx_word' id='word_1_406' title='bbox 2724 2929 2916 2999; x_wconf 81' lang='grc' dir='ltr'>μερίδα</span> <span class='ocrx_word' id='word_1_407' title='bbox 2946 2926 3041 2981; x_wconf 91' lang='grc' dir='ltr'><strong>τοῦ</strong></span> <span class='ocrx_word' id='word_1_408' title='bbox 3075 2926 3277 2997; x_wconf 80' lang='grc' dir='ltr'><strong>κλήρου</strong></span> <span class='ocrx_word' id='word_1_409' title='bbox 3319 2925 3428 2979; x_wconf 84' lang='grc' dir='ltr'><strong>τῶν</strong></span> <span class='ocrx_word' id='word_1_410' title='bbox 3457 2925 3630 2992; x_wconf 82' lang='grc' dir='ltr'><strong>ἁγίων</strong></span> <span class='ocrx_word' id='word_1_411' title='bbox 3673 2925 3735 2977; x_wconf 76' lang='grc' dir='ltr'><strong>ἐν</strong></span> <span class='ocrx_word' id='word_1_412' title='bbox 3766 2924 3849 2993; x_wconf 79' lang='grc' dir='ltr'>τῷ</span> 
     </span>
    </p>
   </div>
   <div class='ocr_carea' id='block_1_59' title="bbox 2277 3012 3848 3092">
    <p class='ocr_par' dir='ltr' id='par_1_59' title="bbox 2277 3012 3848 3092">
     <span class='ocr_line' id='line_1_59' title="bbox 2277 3012 3848 3092; baseline -0.006 -17"><span class='ocrx_word' id='word_1_413' title='bbox 2277 3020 2450 3091; x_wconf 84' lang='grc' dir='ltr'>φωτί·</span> <span class='ocrx_word' id='word_1_414' title='bbox 2487 3020 2547 3083; x_wconf 81' lang='grc' dir='ltr'><strong>ὃς</strong></span> <span class='ocrx_word' id='word_1_415' title='bbox 2578 3018 2845 3092; x_wconf 75' lang='grc' dir='ltr'>ἐρρύσατο</span> <span class='ocrx_word' id='word_1_416' title='bbox 2872 3018 3017 3088; x_wconf 75' lang='grc' dir='ltr'><strong>ἡμᾶς</strong></span> <span class='ocrx_word' id='word_1_417' title='bbox 3045 3018 3111 3070; x_wconf 79' lang='grc' dir='ltr'><strong>ὲκ</strong></span> <span class='ocrx_word' id='word_1_418' title='bbox 3149 3015 3249 3085; x_wconf 86' lang='grc' dir='ltr'><strong>τῆς</strong></span> <span class='ocrx_word' id='word_1_419' title='bbox 3303 3015 3549 3080; x_wconf 77' lang='grc' dir='ltr'>ἐξουσίας</span> <span class='ocrx_word' id='word_1_420' title='bbox 3582 3012 3678 3067; x_wconf 87' lang='grc' dir='ltr'><strong>τοῦ</strong></span> <span class='ocrx_word' id='word_1_421' title='bbox 3714 3013 3848 3067; x_wconf 80' lang='grc' dir='ltr'><strong>σκό-</strong></span> 
     </span>
    </p>
   </div>
   <div class='ocr_carea' id='block_1_60' title="bbox 616 3102 2171 3197">
    <p class='ocr_par' dir='ltr' id='par_1_60' title="bbox 616 3104 2171 3177">
     <span class='ocr_line' id='line_1_60' title="bbox 616 3104 2171 3177; baseline 0.005 -21"><span class='ocrx_word' id='word_1_422' title='bbox 616 3105 678 3158; x_wconf 84' lang='lat' dir='ltr'><strong>iit</strong></span> <span class='ocrx_word' id='word_1_423' title='bbox 707 3105 759 3157; x_wconf 93' lang='lat' dir='ltr'><strong>in</strong></span> <span class='ocrx_word' id='word_1_424' title='bbox 788 3118 1011 3172; x_wconf 73' lang='lat' dir='ltr'><strong>regnum</strong></span> <span class='ocrx_word' id='word_1_425' title='bbox 1044 3104 1164 3159; x_wconf 87' lang='lat' dir='ltr'><strong>Filii</strong></span> <span class='ocrx_word' id='word_1_426' title='bbox 1198 3105 1509 3163; x_wconf 88' lang='lat' dir='ltr'><strong>dilectionis</strong></span> <span class='ocrx_word' id='word_1_427' title='bbox 1538 3121 1670 3171; x_wconf 70' lang='lat' dir='ltr'><strong>suae,</strong></span> <span class='ocrx_word' id='word_1_428' title='bbox 1699 3107 1754 3163; x_wconf 92' lang='lat' dir='ltr'><strong>in</strong></span> <span class='ocrx_word' id='word_1_429' title='bbox 1786 3122 1891 3177; x_wconf 87' lang='lat' dir='ltr'><strong>quo</strong></span> <span class='ocrx_word' id='word_1_430' title='bbox 1917 3108 2171 3164; x_wconf 86' lang='lat' dir='ltr'><strong>habemus</strong></span> 
     </span>
    </p>
   </div>
   <div class='ocr_carea' id='block_1_61' title="bbox 2275 3102 3851 3197">
    <p class='ocr_par' dir='ltr' id='par_1_61' title="bbox 2278 3102 3851 3182">
     <span class='ocr_line' id='line_1_61' title="bbox 2278 3102 3851 3182; baseline -0.008 -15"><span class='ocrx_word' id='word_1_431' title='bbox 2278 3112 2531 3179; x_wconf 71' lang='grc' dir='ltr'>τους,καί</span> <span class='ocrx_word' id='word_1_432' title='bbox 2566 3111 2895 3182; x_wconf 76' lang='grc' dir='ltr'><strong>μετέστησεν</strong></span> <span class='ocrx_word' id='word_1_433' title='bbox 2921 3110 3000 3171; x_wconf 89' lang='grc' dir='ltr'>εἰς</span> <span class='ocrx_word' id='word_1_434' title='bbox 3025 3107 3125 3178; x_wconf 80' lang='grc' dir='ltr'><strong>τὴν</strong></span> <span class='ocrx_word' id='word_1_435' title='bbox 3161 3105 3435 3177; x_wconf 84' lang='grc' dir='ltr'>βασιλείαν</span> <span class='ocrx_word' id='word_1_436' title='bbox 3462 3104 3554 3157; x_wconf 87' lang='grc' dir='ltr'><strong>τοῦ</strong></span> <span class='ocrx_word' id='word_1_437' title='bbox 3582 3102 3713 3156; x_wconf 83' lang='grc' dir='ltr'>Υἰοῦ</span> <span class='ocrx_word' id='word_1_438' title='bbox 3749 3104 3851 3173; x_wconf 81' lang='grc' dir='ltr'><strong>τῆς</strong></span> 
     </span>
    </p>
   </div>
   <div class='ocr_carea' id='block_1_62' title="bbox 620 3195 2181 3269">
    <p class='ocr_par' dir='ltr' id='par_1_62' title="bbox 620 3195 2181 3269">
     <span class='ocr_line' id='line_1_62' title="bbox 620 3195 2181 3269; baseline 0.004 -20"><span class='ocrx_word' id='word_1_439' title='bbox 620 3195 1061 3264; x_wconf 84' lang='lat' dir='ltr'><strong>redemptionem,</strong></span> <span class='ocrx_word' id='word_1_440' title='bbox 1122 3196 1495 3251; x_wconf 86' lang='lat' dir='ltr'><strong>remissionem</strong></span> <span class='ocrx_word' id='word_1_441' title='bbox 1550 3207 1894 3264; x_wconf 82' lang='lat' dir='ltr'><strong>peccatorum</strong></span> <span class='ocrx_word' id='word_1_442' title='bbox 1930 3215 1944 3251; x_wconf 92' lang='lat'><strong>:</strong></span> <span class='ocrx_word' id='word_1_443' title='bbox 1979 3200 2181 3269; x_wconf 88' lang='lat' dir='ltr'><strong>quiest</strong></span> 
     </span>
    </p>
   </div>
   <div class='ocr_carea' id='block_1_63' title="bbox 621 3286 2176 3357">
    <p class='ocr_par' dir='ltr' id='par_1_63' title="bbox 621 3286 2176 3357">
     <span class='ocr_line' id='line_1_63' title="bbox 621 3286 2176 3357; baseline 0.005 -18"><span class='ocrx_word' id='word_1_444' title='bbox 621 3289 795 3354; x_wconf 77' lang='lat' dir='ltr'><strong>iumgo</strong></span> <span class='ocrx_word' id='word_1_445' title='bbox 825 3286 914 3341; x_wconf 86' lang='lat' dir='ltr'><strong>Dei</strong></span> <span class='ocrx_word' id='word_1_446' title='bbox 941 3286 1245 3350; x_wconf 86' lang='lat' dir='ltr'><strong>invisibilis,</strong></span> <span class='ocrx_word' id='word_1_447' title='bbox 1265 3288 1654 3357; x_wconf 77' lang='lat' dir='ltr'><strong>primogenitus</strong></span> <span class='ocrx_word' id='word_1_448' title='bbox 1672 3290 1853 3345; x_wconf 84' lang='lat' dir='ltr'><strong>omnis</strong></span> <span class='ocrx_word' id='word_1_449' title='bbox 1893 3300 2176 3346; x_wconf 64' lang='lat' dir='ltr'><strong>creaturae.</strong></span> 
     </span>
    </p>
   </div>
   <div class='ocr_carea' id='block_1_64' title="bbox 618 3378 2182 3447">
    <p class='ocr_par' dir='ltr' id='par_1_64' title="bbox 618 3378 2182 3447">
     <span class='ocr_line' id='line_1_64' title="bbox 618 3378 2182 3447; baseline 0.006 -19"><span class='ocrx_word' id='word_1_450' title='bbox 618 3379 879 3444; x_wconf 79' lang='lat' dir='ltr'><strong>Quoniam</strong></span> <span class='ocrx_word' id='word_1_451' title='bbox 932 3378 984 3431; x_wconf 91' lang='lat' dir='ltr'><strong>in</strong></span> <span class='ocrx_word' id='word_1_452' title='bbox 1021 3379 1136 3447; x_wconf 89' lang='lat' dir='ltr'><strong>ipso</strong></span> <span class='ocrx_word' id='word_1_453' title='bbox 1193 3379 1405 3435; x_wconf 86' lang='lat' dir='ltr'><strong>condita</strong></span> <span class='ocrx_word' id='word_1_454' title='bbox 1441 3386 1566 3433; x_wconf 91' lang='lat' dir='ltr'><strong>sunt</strong></span> <span class='ocrx_word' id='word_1_455' title='bbox 1617 3380 1967 3447; x_wconf 85' lang='lat' dir='ltr'><strong>universa,in</strong></span> <span class='ocrx_word' id='word_1_456' title='bbox 2028 3382 2182 3438; x_wconf 76' lang='lat' dir='ltr'><strong>ctelis</strong></span> 
     </span>
    </p>
   </div>
   <div class='ocr_carea' id='block_1_65' title="bbox 620 3467 2183 3534">
    <p class='ocr_par' dir='ltr' id='par_1_65' title="bbox 620 3467 2183 3534">
     <span class='ocr_line' id='line_1_65' title="bbox 620 3467 2183 3534; baseline 0.003 -12"><span class='ocrx_word' id='word_1_457' title='bbox 620 3477 674 3522; x_wconf 85' lang='lat' dir='ltr'><strong>et</strong></span> <span class='ocrx_word' id='word_1_458' title='bbox 696 3469 748 3522; x_wconf 85' lang='lat' dir='ltr'><strong>iu</strong></span> <span class='ocrx_word' id='word_1_459' title='bbox 774 3475 936 3533; x_wconf 86' lang='lat' dir='ltr'><strong>terra,</strong></span> <span class='ocrx_word' id='word_1_460' title='bbox 958 3467 1188 3522; x_wconf 86' lang='lat' dir='ltr'><strong>visibilia</strong></span> <span class='ocrx_word' id='word_1_461' title='bbox 1227 3478 1281 3523; x_wconf 89' lang='lat' dir='ltr'><strong>et</strong></span> <span class='ocrx_word' id='word_1_462' title='bbox 1309 3469 1621 3534; x_wconf 87' lang='lat' dir='ltr'><strong>invisibilia,</strong></span> <span class='ocrx_word' id='word_1_463' title='bbox 1646 3470 1761 3525; x_wconf 84' lang='lat' dir='ltr'><strong>sive</strong></span> <span class='ocrx_word' id='word_1_464' title='bbox 1811 3470 2034 3534; x_wconf 89' lang='lat' dir='ltr'><strong>Throui,</strong></span> <span class='ocrx_word' id='word_1_465' title='bbox 2070 3472 2183 3527; x_wconf 86' lang='lat' dir='ltr'><strong>sive</strong></span> 
     </span>
    </p>
   </div>
   <div class='ocr_carea' id='block_1_66' title="bbox 626 3560 2183 3630">
    <p class='ocr_par' dir='ltr' id='par_1_66' title="bbox 626 3560 2183 3630">
     <span class='ocr_line' id='line_1_66' title="bbox 626 3560 2183 3630; baseline 0.002 -16"><span class='ocrx_word' id='word_1_466' title='bbox 626 3560 1047 3623; x_wconf 85' lang='lat' dir='ltr'><strong>Domiuatioucs,</strong></span> <span class='ocrx_word' id='word_1_467' title='bbox 1096 3560 1211 3614; x_wconf 86' lang='lat' dir='ltr'><strong>sive</strong></span> <span class='ocrx_word' id='word_1_468' title='bbox 1266 3560 1626 3630; x_wconf 84' lang='lat' dir='ltr'><strong>Priueipatus,</strong></span> <span class='ocrx_word' id='word_1_469' title='bbox 1682 3562 1797 3615; x_wconf 88' lang='lat' dir='ltr'><strong>sive</strong></span> <span class='ocrx_word' id='word_1_470' title='bbox 1860 3561 2183 3629; x_wconf 81' lang='lat' dir='ltr'><strong>Potestates,</strong></span> 
     </span>
    </p>
   </div>
   <div class='ocr_carea' id='block_1_67' title="bbox 623 3653 2187 3727">
    <p class='ocr_par' dir='ltr' id='par_1_67' title="bbox 623 3653 2187 3727">
     <span class='ocr_line' id='line_1_67' title="bbox 623 3653 2187 3727; baseline 0.005 -22"><span class='ocrx_word' id='word_1_471' title='bbox 623 3653 798 3706; x_wconf 80' lang='lat' dir='ltr'><strong>omnia</strong></span> <span class='ocrx_word' id='word_1_472' title='bbox 829 3668 924 3723; x_wconf 79' lang='lat' dir='ltr'><strong>per</strong></span> <span class='ocrx_word' id='word_1_473' title='bbox 953 3656 1201 3723; x_wconf 90' lang='lat' dir='ltr'><strong>ipsumet</strong></span> <span class='ocrx_word' id='word_1_474' title='bbox 1232 3655 1284 3708; x_wconf 89' lang='lat' dir='ltr'><strong>in</strong></span> <span class='ocrx_word' id='word_1_475' title='bbox 1320 3657 1436 3723; x_wconf 86' lang='lat' dir='ltr'><strong>ipso</strong></span> <span class='ocrx_word' id='word_1_476' title='bbox 1461 3667 1643 3712; x_wconf 88' lang='lat' dir='ltr'><strong>creata</strong></span> <span class='ocrx_word' id='word_1_477' title='bbox 1669 3666 1797 3711; x_wconf 89' lang='lat' dir='ltr'><strong>sunt</strong></span> <span class='ocrx_word' id='word_1_478' title='bbox 1824 3674 1839 3711; x_wconf 86' lang='lat'><strong>:</strong></span> <span class='ocrx_word' id='word_1_479' title='bbox 1870 3666 1923 3711; x_wconf 90' lang='lat' dir='ltr'><strong>et</strong></span> <span class='ocrx_word' id='word_1_480' title='bbox 1962 3658 2075 3727; x_wconf 89' lang='lat' dir='ltr'><strong>ipse</strong></span> <span class='ocrx_word' id='word_1_481' title='bbox 2102 3669 2187 3713; x_wconf 87' lang='lat' dir='ltr'><strong>est.</strong></span> 
     </span>
    </p>
   </div>
   <div class='ocr_carea' id='block_1_68' title="bbox 625 3745 2187 3817">
    <p class='ocr_par' dir='ltr' id='par_1_68' title="bbox 625 3745 2187 3817">
     <span class='ocr_line' id='line_1_68' title="bbox 625 3745 2187 3817; baseline 0.003 -19"><span class='ocrx_word' id='word_1_482' title='bbox 625 3754 747 3798; x_wconf 85' lang='lat' dir='ltr'><strong>ante</strong></span> <span class='ocrx_word' id='word_1_483' title='bbox 769 3759 976 3799; x_wconf 88' lang='lat' dir='ltr'><strong>omnes.</strong></span> <span class='ocrx_word' id='word_1_484' title='bbox 1008 3754 1062 3799; x_wconf 86' lang='lat' dir='ltr'><strong>et.</strong></span> <span class='ocrx_word' id='word_1_485' title='bbox 1106 3745 1284 3799; x_wconf 82' lang='lat' dir='ltr'><strong>omnia</strong></span> <span class='ocrx_word' id='word_1_486' title='bbox 1330 3748 1380 3800; x_wconf 90' lang='lat' dir='ltr'><strong>in</strong></span> <span class='ocrx_word' id='word_1_487' title='bbox 1416 3748 1535 3817; x_wconf 91' lang='lat' dir='ltr'><strong>ipso</strong></span> <span class='ocrx_word' id='word_1_488' title='bbox 1575 3757 1840 3803; x_wconf 78' lang='lat' dir='ltr'><strong>constant.</strong></span> <span class='ocrx_word' id='word_1_489' title='bbox 1863 3748 1923 3802; x_wconf 88' lang='lat' dir='ltr'><strong>Et</strong></span> <span class='ocrx_word' id='word_1_490' title='bbox 1954 3750 2066 3817; x_wconf 86' lang='lat' dir='ltr'><strong>ipse</strong></span> <span class='ocrx_word' id='word_1_491' title='bbox 2103 3757 2187 3804; x_wconf 85' lang='lat' dir='ltr'><strong>est</strong></span> 
     </span>
    </p>
   </div>
   <div class='ocr_carea' id='block_1_69' title="bbox 625 3835 2187 3912">
    <p class='ocr_par' dir='ltr' id='par_1_69' title="bbox 625 3835 2187 3912">
     <span class='ocr_line' id='line_1_69' title="bbox 625 3835 2187 3912; baseline 0.004 -23"><span class='ocrx_word' id='word_1_492' title='bbox 625 3844 783 3901; x_wconf 78' lang='lat' dir='ltr'><strong>caput</strong></span> <span class='ocrx_word' id='word_1_493' title='bbox 811 3836 1049 3903; x_wconf 86' lang='lat' dir='ltr'><strong>corporis</strong></span> <span class='ocrx_word' id='word_1_494' title='bbox 1073 3835 1347 3903; x_wconf 69' lang='lat' dir='ltr'><strong>Ecclesiae,</strong></span> <span class='ocrx_word' id='word_1_495' title='bbox 1380 3840 1469 3907; x_wconf 88' lang='lat' dir='ltr'><strong>qui</strong></span> <span class='ocrx_word' id='word_1_496' title='bbox 1494 3847 1576 3894; x_wconf 85' lang='lat' dir='ltr'><strong>est</strong></span> <span class='ocrx_word' id='word_1_497' title='bbox 1614 3840 1959 3911; x_wconf 87' lang='lat' dir='ltr'><strong>principium,</strong></span> <span class='ocrx_word' id='word_1_498' title='bbox 1987 3842 2187 3912; x_wconf 90' lang='lat' dir='ltr'><strong>primo-</strong></span> 
     </span>
    </p>
   </div>
   <div class='ocr_carea' id='block_1_70' title="bbox 626 3928 2187 4002">
    <p class='ocr_par' dir='ltr' id='par_1_70' title="bbox 626 3928 2187 4002">
     <span class='ocr_line' id='line_1_70' title="bbox 626 3928 2187 4002; baseline 0.003 -21"><span class='ocrx_word' id='word_1_499' title='bbox 626 3928 837 3996; x_wconf 72' lang='lat' dir='ltr'><strong>genitus</strong></span> <span class='ocrx_word' id='word_1_500' title='bbox 863 3942 926 3979; x_wconf 80' lang='lat' dir='ltr'><strong>ex</strong></span> <span class='ocrx_word' id='word_1_501' title='bbox 964 3929 1226 3995; x_wconf 82' lang='lat' dir='ltr'><strong>mortuis;</strong></span> <span class='ocrx_word' id='word_1_502' title='bbox 1254 3938 1313 3983; x_wconf 89' lang='lat' dir='ltr'><strong>ut</strong></span> <span class='ocrx_word' id='word_1_503' title='bbox 1340 3931 1411 3985; x_wconf 85' lang='lat' dir='ltr'><strong>sit</strong></span> <span class='ocrx_word' id='word_1_504' title='bbox 1445 3930 1496 3984; x_wconf 91' lang='lat' dir='ltr'><strong>in</strong></span> <span class='ocrx_word' id='word_1_505' title='bbox 1525 3931 1775 3987; x_wconf 87' lang='lat' dir='ltr'><strong>omnibus</strong></span> <span class='ocrx_word' id='word_1_506' title='bbox 1838 3932 1953 4002; x_wconf 90' lang='lat' dir='ltr'><strong>ipse</strong></span> <span class='ocrx_word' id='word_1_507' title='bbox 1979 3932 2187 4001; x_wconf 88' lang='lat' dir='ltr'><strong>prima-</strong></span> 
     </span>
    </p>
   </div>
   <div class='ocr_carea' id='block_1_71' title="bbox 630 4017 2188 4093">
    <p class='ocr_par' dir='ltr' id='par_1_71' title="bbox 630 4017 2188 4093">
     <span class='ocr_line' id='line_1_71' title="bbox 630 4017 2188 4093; baseline 0.005 -23"><span class='ocrx_word' id='word_1_508' title='bbox 630 4030 738 4070; x_wconf 86' lang='lat' dir='ltr'><strong>tum</strong></span> <span class='ocrx_word' id='word_1_509' title='bbox 775 4027 999 4084; x_wconf 83' lang='lat' dir='ltr'><strong>tenens;</strong></span> <span class='ocrx_word' id='word_1_510' title='bbox 1030 4017 1155 4085; x_wconf 80' lang='lat' dir='ltr'><strong>quia</strong></span> <span class='ocrx_word' id='word_1_511' title='bbox 1198 4018 1253 4070; x_wconf 91' lang='lat' dir='ltr'><strong>in</strong></span> <span class='ocrx_word' id='word_1_512' title='bbox 1298 4018 1413 4087; x_wconf 90' lang='lat' dir='ltr'><strong>ipso</strong></span> <span class='ocrx_word' id='word_1_513' title='bbox 1447 4020 1778 4086; x_wconf 86' lang='lat' dir='ltr'><strong>complacuit</strong></span> <span class='ocrx_word' id='word_1_514' title='bbox 1825 4036 2040 4077; x_wconf 88' lang='lat' dir='ltr'><strong>onmem</strong></span> <span class='ocrx_word' id='word_1_515' title='bbox 2077 4023 2188 4093; x_wconf 87' lang='lat' dir='ltr'><strong>ple-</strong></span> 
     </span>
    </p>
   </div>
   <div class='ocr_carea' id='block_1_72' title="bbox 2280 3191 3852 3273">
    <p class='ocr_par' dir='ltr' id='par_1_72' title="bbox 2280 3191 3852 3273">
     <span class='ocr_line' id='line_1_72' title="bbox 2280 3191 3852 3273; baseline -0.01 -14"><span class='ocrx_word' id='word_1_516' title='bbox 2280 3204 2503 3273; x_wconf 86' lang='grc' dir='ltr'><strong>ἀγάπης</strong></span> <span class='ocrx_word' id='word_1_517' title='bbox 2546 3199 2739 3265; x_wconf 83' lang='grc' dir='ltr'>αὑτοῦ,</span> <span class='ocrx_word' id='word_1_518' title='bbox 2776 3201 2845 3253; x_wconf 78' lang='grc' dir='ltr'><strong>-ὲν</strong></span> <span class='ocrx_word' id='word_1_519' title='bbox 2873 3191 2919 3267; x_wconf 84' lang='grc' dir='ltr'>ᾧ</span> <span class='ocrx_word' id='word_1_520' title='bbox 2959 3197 3155 3268; x_wconf 73' lang='grc' dir='ltr'><strong>ἔχομεν</strong></span> <span class='ocrx_word' id='word_1_521' title='bbox 3194 3196 3293 3267; x_wconf 82' lang='grc' dir='ltr'>τὴν</span> <span class='ocrx_word' id='word_1_522' title='bbox 3322 3193 3718 3265; x_wconf 81' lang='grc' dir='ltr'>ἀπολύτρωσιν,</span> <span class='ocrx_word' id='word_1_523' title='bbox 3749 3193 3852 3263; x_wconf 80' lang='grc' dir='ltr'><strong>τὴν</strong></span> 
     </span>
    </p>
   </div>
   <div class='ocr_carea' id='block_1_73' title="bbox 2281 3284 3850 3365">
    <p class='ocr_par' dir='ltr' id='par_1_73' title="bbox 2281 3284 3850 3365">
     <span class='ocr_line' id='line_1_73' title="bbox 2281 3284 3850 3365; baseline -0.008 -16"><span class='ocrx_word' id='word_1_524' title='bbox 2281 3296 2474 3365; x_wconf 79' lang='grc' dir='ltr'>ἄφεσιν</span> <span class='ocrx_word' id='word_1_525' title='bbox 2512 3293 2620 3348; x_wconf 87' lang='grc' dir='ltr'><strong>τῶν</strong></span> <span class='ocrx_word' id='word_1_526' title='bbox 2656 3291 2970 3363; x_wconf 82' lang='grc' dir='ltr'>ἁμαρτιῶν·</span> <span class='ocrx_word' id='word_1_527' title='bbox 3000 3291 3061 3354; x_wconf 84' lang='grc' dir='ltr'><strong>ὃς</strong></span> <span class='ocrx_word' id='word_1_528' title='bbox 3088 3291 3239 3343; x_wconf 69' lang='grc' dir='ltr'>ἐστιν</span> <span class='ocrx_word' id='word_1_529' title='bbox 3271 3285 3436 3342; x_wconf 81' lang='grc' dir='ltr'>εἰκὼν</span> <span class='ocrx_word' id='word_1_530' title='bbox 3461 3286 3557 3340; x_wconf 82' lang='grc' dir='ltr'><strong>τοῦ</strong></span> <span class='ocrx_word' id='word_1_531' title='bbox 3584 3285 3720 3339; x_wconf 82' lang='grc' dir='ltr'>Θεοῦ</span> <span class='ocrx_word' id='word_1_532' title='bbox 3751 3284 3850 3339; x_wconf 86' lang='grc' dir='ltr'><strong>τοῦ</strong></span> 
     </span>
    </p>
   </div>
   <div class='ocr_carea' id='block_1_74' title="bbox 2280 3378 3855 3459">
    <p class='ocr_par' dir='ltr' id='par_1_74' title="bbox 2280 3378 3855 3459">
     <span class='ocr_line' id='line_1_74' title="bbox 2280 3378 3855 3459; baseline -0.005 -19"><span class='ocrx_word' id='word_1_533' title='bbox 2280 3388 2537 3459; x_wconf 81' lang='grc' dir='ltr'><strong>ἀοράτου,</strong></span> <span class='ocrx_word' id='word_1_534' title='bbox 2578 3384 2922 3456; x_wconf 82' lang='grc' dir='ltr'>πρωτότοκος</span> <span class='ocrx_word' id='word_1_535' title='bbox 2958 3382 3139 3451; x_wconf 83' lang='grc' dir='ltr'><strong>πάσης</strong></span> <span class='ocrx_word' id='word_1_536' title='bbox 3171 3380 3419 3444; x_wconf 80' lang='grc' dir='ltr'>κτίσεως.</span> <span class='ocrx_word' id='word_1_537' title='bbox 3446 3380 3567 3433; x_wconf 86' lang='grc' dir='ltr'>Ὅτι</span> <span class='ocrx_word' id='word_1_538' title='bbox 3596 3379 3653 3431; x_wconf 84' lang='grc' dir='ltr'><strong>ὲν</strong></span> <span class='ocrx_word' id='word_1_539' title='bbox 3700 3378 3855 3447; x_wconf 78' lang='grc' dir='ltr'>αὐτῷ</span> 
     </span>
    </p>
   </div>
   <div class='ocr_carea' id='block_1_75' title="bbox 2282 3468 3856 3547">
    <p class='ocr_par' dir='ltr' id='par_1_75' title="bbox 2282 3468 3856 3547">
     <span class='ocr_line' id='line_1_75' title="bbox 2282 3468 3856 3547; baseline -0.006 -17"><span class='ocrx_word' id='word_1_540' title='bbox 2282 3476 2505 3547; x_wconf 76' lang='grc' dir='ltr'><strong>ἐκτίσθη</strong></span> <span class='ocrx_word' id='word_1_541' title='bbox 2535 3476 2605 3529; x_wconf 85' lang='grc' dir='ltr'>τὰ</span> <span class='ocrx_word' id='word_1_542' title='bbox 2630 3473 2810 3529; x_wconf 85' lang='grc' dir='ltr'>πάντα</span> <span class='ocrx_word' id='word_1_543' title='bbox 2838 3474 2899 3527; x_wconf 79' lang='grc' dir='ltr'><strong>ὲν</strong></span> <span class='ocrx_word' id='word_1_544' title='bbox 2921 3471 3001 3543; x_wconf 80' lang='grc' dir='ltr'><strong>τῷ</strong></span> <span class='ocrx_word' id='word_1_545' title='bbox 3031 3471 3246 3544; x_wconf 80' lang='grc' dir='ltr'>οὐρανῷ</span> <span class='ocrx_word' id='word_1_546' title='bbox 3274 3470 3370 3525; x_wconf 67' lang='grc' dir='ltr'><strong>καὶ</strong></span> <span class='ocrx_word' id='word_1_547' title='bbox 3395 3470 3487 3525; x_wconf 72' lang='grc' dir='ltr'><strong>ἐπὶ</strong></span> <span class='ocrx_word' id='word_1_548' title='bbox 3509 3470 3606 3541; x_wconf 82' lang='grc' dir='ltr'><strong>τῆς</strong></span> <span class='ocrx_word' id='word_1_549' title='bbox 3631 3469 3759 3540; x_wconf 80' lang='grc' dir='ltr'><strong>γῆς,</strong></span> <span class='ocrx_word' id='word_1_550' title='bbox 3784 3468 3856 3521; x_wconf 75' lang='grc' dir='ltr'>τὰ</span> 
     </span>
    </p>
   </div>
   <div class='ocr_carea' id='block_1_76' title="bbox 2283 3562 3853 3639">
    <p class='ocr_par' dir='ltr' id='par_1_76' title="bbox 2283 3562 3853 3639">
     <span class='ocr_line' id='line_1_76' title="bbox 2283 3562 3853 3639; baseline -0.005 -17"><span class='ocrx_word' id='word_1_551' title='bbox 2283 3567 2455 3639; x_wconf 83' lang='grc' dir='ltr'>ὁρατὰ</span> <span class='ocrx_word' id='word_1_552' title='bbox 2483 3566 2578 3621; x_wconf 75' lang='grc' dir='ltr'><strong>καὶ</strong></span> <span class='ocrx_word' id='word_1_553' title='bbox 2606 3565 2677 3619; x_wconf 80' lang='grc' dir='ltr'><strong>τὰ</strong></span> <span class='ocrx_word' id='word_1_554' title='bbox 2702 3564 2931 3637; x_wconf 79' lang='grc' dir='ltr'>ἀόρατα,</span> <span class='ocrx_word' id='word_1_555' title='bbox 2959 3564 3069 3617; x_wconf 77' lang='grc' dir='ltr'>εἴτε</span> <span class='ocrx_word' id='word_1_556' title='bbox 3101 3563 3313 3635; x_wconf 81' lang='grc' dir='ltr'>Θρόνοι,</span> <span class='ocrx_word' id='word_1_557' title='bbox 3356 3564 3465 3617; x_wconf 62' lang='lat' dir='ltr'><strong>stas</strong></span> <span class='ocrx_word' id='word_1_558' title='bbox 3489 3562 3853 3634; x_wconf 68' lang='grc' dir='ltr'>κυριότητες,</span> 
     </span>
    </p>
   </div>
   <div class='ocr_carea' id='block_1_77' title="bbox 2284 3650 3856 3729">
    <p class='ocr_par' dir='ltr' id='par_1_77' title="bbox 2284 3650 3856 3729">
     <span class='ocr_line' id='line_1_77' title="bbox 2284 3650 3856 3729; baseline -0.006 -16"><span class='ocrx_word' id='word_1_559' title='bbox 2284 3660 2395 3713; x_wconf 73' lang='grc' dir='ltr'>εἴτε</span> <span class='ocrx_word' id='word_1_560' title='bbox 2428 3657 2639 3729; x_wconf 81' lang='grc' dir='ltr'>Ἀρχαί,</span> <span class='ocrx_word' id='word_1_561' title='bbox 2666 3657 2778 3710; x_wconf 79' lang='grc' dir='ltr'>εῐττ</span> <span class='ocrx_word' id='word_1_562' title='bbox 2821 3655 3091 3722; x_wconf 81' lang='grc' dir='ltr'>Ἐξουσίαι</span> <span class='ocrx_word' id='word_1_563' title='bbox 3112 3697 3125 3719; x_wconf 91' lang='grc'><em>,</em></span> <span class='ocrx_word' id='word_1_564' title='bbox 3155 3653 3224 3707; x_wconf 82' lang='grc' dir='ltr'><strong>τὰ</strong></span> <span class='ocrx_word' id='word_1_565' title='bbox 3256 3652 3434 3707; x_wconf 79' lang='grc' dir='ltr'>πάντα</span> <span class='ocrx_word' id='word_1_566' title='bbox 3462 3651 3529 3705; x_wconf 81' lang='grc' dir='ltr'><strong>δι’</strong></span> <span class='ocrx_word' id='word_1_567' title='bbox 3558 3650 3724 3706; x_wconf 74' lang='grc' dir='ltr'>αὗτοῦ</span> <span class='ocrx_word' id='word_1_568' title='bbox 3756 3652 3856 3703; x_wconf 73' lang='grc' dir='ltr'>καὶ</span> 
     </span>
    </p>
   </div>
   <div class='ocr_carea' id='block_1_78' title="bbox 2285 3741 3857 3815">
    <p class='ocr_par' dir='ltr' id='par_1_78' title="bbox 2285 3741 3857 3815">
     <span class='ocr_line' id='line_1_78' title="bbox 2285 3741 3857 3815; baseline -0.007 -12"><span class='ocrx_word' id='word_1_569' title='bbox 2285 3753 2365 3814; x_wconf 81' lang='grc' dir='ltr'>εἰς</span> <span class='ocrx_word' id='word_1_570' title='bbox 2390 3749 2552 3805; x_wconf 74' lang='grc' dir='ltr'>αὐτὸν</span> <span class='ocrx_word' id='word_1_571' title='bbox 2581 3748 2865 3803; x_wconf 62' lang='grc' dir='ltr'>ἔκτισταιι</span> <span class='ocrx_word' id='word_1_572' title='bbox 2885 3747 2980 3802; x_wconf 72' lang='grc' dir='ltr'><strong>καὶ</strong></span> <span class='ocrx_word' id='word_1_573' title='bbox 3007 3746 3170 3811; x_wconf 80' lang='grc' dir='ltr'>αὑτός</span> <span class='ocrx_word' id='word_1_574' title='bbox 3199 3747 3316 3800; x_wconf 77' lang='grc' dir='ltr'><strong>ἔστι</strong></span> <span class='ocrx_word' id='word_1_575' title='bbox 3349 3745 3455 3815; x_wconf 85' lang='grc' dir='ltr'><strong>πρὸ</strong></span> <span class='ocrx_word' id='word_1_576' title='bbox 3490 3744 3733 3802; x_wconf 81' lang='grc' dir='ltr'>πάντων,</span> <span class='ocrx_word' id='word_1_577' title='bbox 3759 3741 3857 3793; x_wconf 74' lang='grc' dir='ltr'>καὶ</span> 
     </span>
    </p>
   </div>
   <div class='ocr_carea' id='block_1_79' title="bbox 2287 3833 3858 3909">
    <p class='ocr_par' dir='ltr' id='par_1_79' title="bbox 2287 3833 3858 3909">
     <span class='ocr_line' id='line_1_79' title="bbox 2287 3833 3858 3909; baseline -0.008 -13"><span class='ocrx_word' id='word_1_578' title='bbox 2287 3842 2354 3896; x_wconf 69' lang='grc' dir='ltr'>τὰ</span> <span class='ocrx_word' id='word_1_579' title='bbox 2380 3841 2559 3895; x_wconf 84' lang='grc' dir='ltr'>πάντα</span> <span class='ocrx_word' id='word_1_580' title='bbox 2583 3840 2641 3893; x_wconf 78' lang='grc' dir='ltr'><strong>ὲν</strong></span> <span class='ocrx_word' id='word_1_581' title='bbox 2670 3838 2820 3909; x_wconf 83' lang='grc' dir='ltr'>αὑτῷ</span> <span class='ocrx_word' id='word_1_582' title='bbox 2849 3836 3144 3906; x_wconf 83' lang='grc' dir='ltr'><strong>συνέστηκε</strong></span> <span class='ocrx_word' id='word_1_583' title='bbox 3165 3852 3181 3868; x_wconf 78' lang='grc' dir='ltr'><strong><em>ο</em></strong></span> <span class='ocrx_word' id='word_1_584' title='bbox 3208 3836 3303 3889; x_wconf 78' lang='grc' dir='ltr'><strong>καὶ</strong></span> <span class='ocrx_word' id='word_1_585' title='bbox 3332 3833 3495 3896; x_wconf 72' lang='grc' dir='ltr'>αὑτός</span> <span class='ocrx_word' id='word_1_586' title='bbox 3522 3834 3672 3886; x_wconf 72' lang='grc' dir='ltr'>ἔστιν</span> <span class='ocrx_word' id='word_1_587' title='bbox 3701 3834 3737 3901; x_wconf 74' lang='grc' dir='ltr'><strong>ἡ</strong></span> <span class='ocrx_word' id='word_1_588' title='bbox 3768 3847 3858 3884; x_wconf 86' lang='grc' dir='ltr'><strong>κε-</strong></span> 
     </span>
    </p>
   </div>
   <div class='ocr_carea' id='block_1_80' title="bbox 2287 3922 3855 4003">
    <p class='ocr_par' dir='ltr' id='par_1_80' title="bbox 2287 3922 3855 4003">
     <span class='ocr_line' id='line_1_80' title="bbox 2287 3922 3855 4003; baseline 0.001 -28"><span class='ocrx_word' id='word_1_589' title='bbox 2287 3931 2430 4003; x_wconf 71' lang='grc' dir='ltr'><strong>φαλὴ</strong></span> <span class='ocrx_word' id='word_1_590' title='bbox 2467 3931 2558 3985; x_wconf 76' lang='grc' dir='ltr'><strong>τοῦ</strong></span> <span class='ocrx_word' id='word_1_591' title='bbox 2601 3928 2851 3999; x_wconf 80' lang='grc' dir='ltr'>σώματος</span> <span class='ocrx_word' id='word_1_592' title='bbox 2888 3928 2986 3996; x_wconf 82' lang='grc' dir='ltr'><strong>τῆς</strong></span> <span class='ocrx_word' id='word_1_593' title='bbox 3016 3924 3370 3998; x_wconf 82' lang='grc' dir='ltr'><strong>Ἐκκλησίας,</strong></span> <span class='ocrx_word' id='word_1_594' title='bbox 3405 3924 3464 3989; x_wconf 83' lang='grc' dir='ltr'><strong>ὅς</strong></span> <span class='ocrx_word' id='word_1_595' title='bbox 3497 3925 3644 3977; x_wconf 71' lang='grc' dir='ltr'><strong>ἐστιν</strong></span> <span class='ocrx_word' id='word_1_596' title='bbox 3679 3922 3855 3993; x_wconf 75' lang='grc' dir='ltr'>ἁρχὴ,</span> 
     </span>
    </p>
   </div>
   <div class='ocr_carea' id='block_1_81' title="bbox 2291 4014 3859 4091">
    <p class='ocr_par' dir='ltr' id='par_1_81' title="bbox 2291 4014 3859 4091">
     <span class='ocr_line' id='line_1_81' title="bbox 2291 4014 3859 4091; baseline -0.006 -16"><span class='ocrx_word' id='word_1_597' title='bbox 2291 4021 2628 4091; x_wconf 82' lang='grc' dir='ltr'>πρωτότοκος</span> <span class='ocrx_word' id='word_1_598' title='bbox 2660 4021 2725 4072; x_wconf 81' lang='grc' dir='ltr'><strong>ὲκ</strong></span> <span class='ocrx_word' id='word_1_599' title='bbox 2769 4018 2877 4071; x_wconf 86' lang='grc' dir='ltr'><strong>τῶν</strong></span> <span class='ocrx_word' id='word_1_600' title='bbox 2907 4016 3151 4086; x_wconf 81' lang='grc' dir='ltr'><strong>νεκρῶν·</strong></span> <span class='ocrx_word' id='word_1_601' title='bbox 3193 4016 3279 4069; x_wconf 83' lang='grc' dir='ltr'>ἵνα</span> <span class='ocrx_word' id='word_1_602' title='bbox 3320 4015 3548 4085; x_wconf 80' lang='grc' dir='ltr'>γένηται</span> <span class='ocrx_word' id='word_1_603' title='bbox 3588 4014 3646 4066; x_wconf 78' lang='grc' dir='ltr'><strong>ὲν</strong></span> <span class='ocrx_word' id='word_1_604' title='bbox 3691 4014 3859 4067; x_wconf 78' lang='grc' dir='ltr'>πᾶσιν</span> 
     </span>
    </p>
   </div>
   <div class='ocr_carea' id='block_1_82' title="bbox 631 4103 2171 4180">
    <p class='ocr_par' dir='ltr' id='par_1_82' title="bbox 631 4108 2171 4178">
     <span class='ocr_line' id='line_1_82' title="bbox 631 4108 2171 4178; baseline 0.004 -16"><span class='ocrx_word' id='word_1_605' title='bbox 631 4108 923 4163; x_wconf 79' lang='lat' dir='ltr'><strong>nitudiueui</strong></span> <span class='ocrx_word' id='word_1_606' title='bbox 944 4108 1335 4173; x_wconf 87' lang='lat' dir='ltr'><strong>iubabitare,et</strong></span> <span class='ocrx_word' id='word_1_607' title='bbox 1358 4125 1454 4178; x_wconf 90' lang='lat' dir='ltr'><strong>per</strong></span> <span class='ocrx_word' id='word_1_608' title='bbox 1484 4124 1608 4163; x_wconf 89' lang='lat' dir='ltr'><strong>eum</strong></span> <span class='ocrx_word' id='word_1_609' title='bbox 1638 4112 1991 4168; x_wconf 86' lang='lat' dir='ltr'><strong>reconciliare</strong></span> <span class='ocrx_word' id='word_1_610' title='bbox 2010 4114 2171 4168; x_wconf 85' lang='lat' dir='ltr'><strong>omni:</strong></span> 
     </span>
    </p>
   </div>
   <div class='ocr_carea' id='block_1_83' title="bbox 2275 4103 3861 4180">
    <p class='ocr_par' dir='ltr' id='par_1_83' title="bbox 2291 4103 3861 4180">
     <span class='ocr_line' id='line_1_83' title="bbox 2291 4103 3861 4180; baseline -0.006 -16"><span class='ocrx_word' id='word_1_611' title='bbox 2291 4111 2447 4173; x_wconf 69' lang='grc' dir='ltr'>αὐτὸς</span> <span class='ocrx_word' id='word_1_612' title='bbox 2474 4107 2795 4180; x_wconf 83' lang='grc' dir='ltr'><strong>πρωτεύων·</strong></span> <span class='ocrx_word' id='word_1_613' title='bbox 2826 4106 2907 4160; x_wconf 84' lang='grc' dir='ltr'>ὃτι</span> <span class='ocrx_word' id='word_1_614' title='bbox 2936 4106 2995 4158; x_wconf 71' lang='grc' dir='ltr'><strong>ὲν</strong></span> <span class='ocrx_word' id='word_1_615' title='bbox 3025 4103 3173 4174; x_wconf 84' lang='grc' dir='ltr'><strong>αὺτῷ</strong></span> <span class='ocrx_word' id='word_1_616' title='bbox 3200 4104 3473 4175; x_wconf 72' lang='grc' dir='ltr'><strong>ηὐδόκησε.</strong></span> <span class='ocrx_word' id='word_1_617' title='bbox 3495 4105 3604 4156; x_wconf 73' lang='grc' dir='ltr'>πᾶν</span> <span class='ocrx_word' id='word_1_618' title='bbox 3632 4103 3697 4156; x_wconf 80' lang='grc' dir='ltr'>τὸ</span> <span class='ocrx_word' id='word_1_619' title='bbox 3724 4104 3861 4172; x_wconf 61' lang='lat'><strong>7.1!;-</strong></span> 
     </span>
    </p>
   </div>
   <div class='ocr_carea' id='block_1_84' title="bbox 633 4193 2171 4273">
    <p class='ocr_par' dir='ltr' id='par_1_84' title="bbox 633 4200 2171 4273">
     <span class='ocr_line' id='line_1_84' title="bbox 633 4200 2171 4273; baseline 0.003 -21"><span class='ocrx_word' id='word_1_620' title='bbox 633 4202 684 4252; x_wconf 89' lang='lat' dir='ltr'><strong>in</strong></span> <span class='ocrx_word' id='word_1_621' title='bbox 715 4200 914 4269; x_wconf 87' lang='lat' dir='ltr'><strong>ipsum:</strong></span> <span class='ocrx_word' id='word_1_622' title='bbox 936 4200 1227 4269; x_wconf 81' lang='lat' dir='ltr'><strong>paciﬁcans</strong></span> <span class='ocrx_word' id='word_1_623' title='bbox 1251 4214 1346 4268; x_wconf 90' lang='lat' dir='ltr'><strong>per</strong></span> <span class='ocrx_word' id='word_1_624' title='bbox 1376 4202 1692 4266; x_wconf 80' lang='lat' dir='ltr'><strong>sanguinem</strong></span> <span class='ocrx_word' id='word_1_625' title='bbox 1716 4204 1895 4258; x_wconf 90' lang='lat' dir='ltr'><strong>crucis</strong></span> <span class='ocrx_word' id='word_1_626' title='bbox 1919 4203 2057 4273; x_wconf 87' lang='lat' dir='ltr'><strong>ejus,</strong></span> <span class='ocrx_word' id='word_1_627' title='bbox 2080 4206 2171 4260; x_wconf 77' lang='lat' dir='ltr'><strong>5in</strong></span> 
     </span>
    </p>
   </div>
   <div class='ocr_carea' id='block_1_85' title="bbox 2275 4193 3862 4273">
    <p class='ocr_par' dir='ltr' id='par_1_85' title="bbox 2296 4193 3862 4271">
     <span class='ocr_line' id='line_1_85' title="bbox 2296 4193 3862 4271; baseline -0.004 -17"><span class='ocrx_word' id='word_1_628' title='bbox 2296 4217 2456 4271; x_wconf 81' lang='grc' dir='ltr'>ρωμα</span> <span class='ocrx_word' id='word_1_629' title='bbox 2492 4198 2844 4265; x_wconf 77' lang='grc' dir='ltr'>κατοικῆσαι⁴,</span> <span class='ocrx_word' id='word_1_630' title='bbox 2883 4196 2979 4249; x_wconf 69' lang='grc' dir='ltr'><strong>καὶ</strong></span> <span class='ocrx_word' id='word_1_631' title='bbox 3008 4196 3074 4249; x_wconf 77' lang='grc' dir='ltr'><strong>δι’</strong></span> <span class='ocrx_word' id='word_1_632' title='bbox 3109 4193 3272 4249; x_wconf 78' lang='grc' dir='ltr'>αὐτοῦ</span> <span class='ocrx_word' id='word_1_633' title='bbox 3305 4194 3751 4265; x_wconf 79' lang='grc' dir='ltr'>ἀποκαταλλάξαι</span> <span class='ocrx_word' id='word_1_634' title='bbox 3794 4196 3862 4247; x_wconf 72' lang='grc' dir='ltr'><strong>τὰ</strong></span> 
     </span>
    </p>
   </div>
   <div class='ocr_carea' id='block_1_86' title="bbox 632 4284 2171 4359">
    <p class='ocr_par' dir='ltr' id='par_1_86' title="bbox 632 4289 2171 4358">
     <span class='ocr_line' id='line_1_86' title="bbox 632 4289 2171 4358; baseline 0.002 -17"><span class='ocrx_word' id='word_1_635' title='bbox 632 4305 749 4356; x_wconf 77' lang='lat' dir='ltr'><strong>quae</strong></span> <span class='ocrx_word' id='word_1_636' title='bbox 797 4291 851 4342; x_wconf 92' lang='lat' dir='ltr'><strong>iu</strong></span> <span class='ocrx_word' id='word_1_637' title='bbox 908 4289 1087 4353; x_wconf 87' lang='lat' dir='ltr'><strong>terris,</strong></span> <span class='ocrx_word' id='word_1_638' title='bbox 1140 4289 1253 4344; x_wconf 84' lang='lat' dir='ltr'><strong>sive</strong></span> <span class='ocrx_word' id='word_1_639' title='bbox 1301 4304 1421 4358; x_wconf 74' lang='lat' dir='ltr'><strong>quae</strong></span> <span class='ocrx_word' id='word_1_640' title='bbox 1474 4290 1527 4344; x_wconf 90' lang='lat' dir='ltr'><strong>in</strong></span> <span class='ocrx_word' id='word_1_641' title='bbox 1590 4291 1744 4345; x_wconf 84' lang='lat' dir='ltr'><strong>caelis</strong></span> <span class='ocrx_word' id='word_1_642' title='bbox 1771 4292 1967 4347; x_wconf 65' lang='lat' dir='ltr'><strong>sunt“.</strong></span> <span class='ocrx_word' id='word_1_643' title='bbox 1998 4312 2021 4344; x_wconf 72' lang='grc' dir='ltr'><strong>ι</strong></span> <span class='ocrx_word' id='word_1_644' title='bbox 2055 4293 2171 4346; x_wconf 74' lang='grc' dir='ltr'>Εεοι</span> 
     </span>
    </p>
   </div>
   <div class='ocr_carea' id='block_1_87' title="bbox 2275 4284 3862 4359">
    <p class='ocr_par' dir='ltr' id='par_1_87' title="bbox 2296 4284 3862 4359">
     <span class='ocr_line' id='line_1_87' title="bbox 2296 4284 3862 4359; baseline -0.006 -13"><span class='ocrx_word' id='word_1_645' title='bbox 2296 4293 2475 4346; x_wconf 74' lang='grc' dir='ltr'>πάντα</span> <span class='ocrx_word' id='word_1_646' title='bbox 2501 4291 2579 4353; x_wconf 83' lang='grc' dir='ltr'><strong>εἰς</strong></span> <span class='ocrx_word' id='word_1_647' title='bbox 2607 4289 2771 4342; x_wconf 83' lang='grc' dir='ltr'>αὐτόν</span> <span class='ocrx_word' id='word_1_648' title='bbox 2788 4304 2804 4319; x_wconf 88' lang='grc'><strong>·</strong></span> <span class='ocrx_word' id='word_1_649' title='bbox 2830 4287 3247 4359; x_wconf 74' lang='grc' dir='ltr'>εἰρηνοποιήσας</span> <span class='ocrx_word' id='word_1_650' title='bbox 3275 4284 3363 4338; x_wconf 71' lang='grc' dir='ltr'><strong>διὰ</strong></span> <span class='ocrx_word' id='word_1_651' title='bbox 3388 4284 3482 4339; x_wconf 90' lang='grc' dir='ltr'><strong>τοῦ</strong></span> <span class='ocrx_word' id='word_1_652' title='bbox 3508 4285 3743 4356; x_wconf 79' lang='grc' dir='ltr'>αἰματος</span> <span class='ocrx_word' id='word_1_653' title='bbox 3766 4287 3862 4338; x_wconf 79' lang='grc' dir='ltr'><strong>τοῦ</strong></span> 
     </span>
    </p>
   </div>
   <div class='ocr_carea' id='block_1_88' title="bbox 636 4376 2171 4453">
    <p class='ocr_par' dir='ltr' id='par_1_88' title="bbox 636 4382 2171 4452">
     <span class='ocr_line' id='line_1_88' title="bbox 636 4382 2171 4452; baseline 0.001 -17"><span class='ocrx_word' id='word_1_654' title='bbox 636 4383 723 4435; x_wconf 83' lang='lat' dir='ltr'><strong>hic</strong></span> <span class='ocrx_word' id='word_1_655' title='bbox 751 4382 897 4433; x_wconf 89' lang='lat' dir='ltr'><strong>illum</strong></span> <span class='ocrx_word' id='word_1_656' title='bbox 938 4396 1126 4435; x_wconf 89' lang='lat' dir='ltr'><strong>rursus</strong></span> <span class='ocrx_word' id='word_1_657' title='bbox 1160 4382 1560 4450; x_wconf 85' lang='lat' dir='ltr'><strong>inaspectahilis</strong></span> <span class='ocrx_word' id='word_1_658' title='bbox 1586 4382 1677 4437; x_wconf 89' lang='lat' dir='ltr'><strong>Dei</strong></span> <span class='ocrx_word' id='word_1_659' title='bbox 1702 4383 1990 4452; x_wconf 77' lang='lat' dir='ltr'><strong>imaginem</strong></span> <span class='ocrx_word' id='word_1_660' title='bbox 2011 4383 2171 4452; x_wconf 83' lang='lat' dir='ltr'><strong>appei</strong></span> 
     </span>
    </p>
   </div>
   <div class='ocr_carea' id='block_1_89' title="bbox 2275 4376 3863 4453">
    <p class='ocr_par' dir='ltr' id='par_1_89' title="bbox 2297 4376 3863 4453">
     <span class='ocr_line' id='line_1_89' title="bbox 2297 4376 3863 4453; baseline -0.007 -16"><span class='ocrx_word' id='word_1_661' title='bbox 2297 4380 2535 4453; x_wconf 87' lang='grc' dir='ltr'>σταυροῦ</span> <span class='ocrx_word' id='word_1_662' title='bbox 2564 4381 2733 4436; x_wconf 78' lang='grc' dir='ltr'>αὑτοῦ</span> <span class='ocrx_word' id='word_1_663' title='bbox 2771 4379 2879 4432; x_wconf 78' lang='grc' dir='ltr'>εἴτε</span> <span class='ocrx_word' id='word_1_664' title='bbox 2907 4377 2978 4431; x_wconf 80' lang='grc' dir='ltr'><strong>τὰ</strong></span> <span class='ocrx_word' id='word_1_665' title='bbox 3015 4378 3109 4430; x_wconf 73' lang='grc' dir='ltr'><strong>ἐπὶ</strong></span> <span class='ocrx_word' id='word_1_666' title='bbox 3132 4376 3233 4447; x_wconf 79' lang='grc' dir='ltr'><strong>τῆς</strong></span> <span class='ocrx_word' id='word_1_667' title='bbox 3262 4377 3386 4446; x_wconf 84' lang='grc' dir='ltr'><strong>γῆς,</strong></span> <span class='ocrx_word' id='word_1_668' title='bbox 3417 4376 3527 4429; x_wconf 74' lang='grc' dir='ltr'>εἴτε</span> <span class='ocrx_word' id='word_1_669' title='bbox 3553 4376 3623 4429; x_wconf 76' lang='grc' dir='ltr'>τὰ</span> <span class='ocrx_word' id='word_1_670' title='bbox 3652 4377 3713 4427; x_wconf 79' lang='grc' dir='ltr'><strong>ἑν</strong></span> <span class='ocrx_word' id='word_1_671' title='bbox 3754 4380 3863 4437; x_wconf 75' lang='lat' dir='ltr'><strong>toi;</strong></span> 
     </span>
    </p>
   </div>
   <div class='ocr_carea' id='block_1_90' title="bbox 633 4462 2171 4545">
    <p class='ocr_par' dir='ltr' id='par_1_90' title="bbox 633 4462 2162 4541">
     <span class='ocr_line' id='line_1_90' title="bbox 633 4462 2162 4541; baseline 0.001 -15"><span class='ocrx_word' id='word_1_672' title='bbox 633 4462 743 4540; x_wconf 84' lang='lat' dir='ltr'><strong>lat;</strong></span> <span class='ocrx_word' id='word_1_673' title='bbox 776 4472 1150 4540; x_wconf 89' lang='lat' dir='ltr'><strong>Thronosque,</strong></span> <span class='ocrx_word' id='word_1_674' title='bbox 1179 4472 1521 4541; x_wconf 88' lang='lat' dir='ltr'><strong>Principatus</strong></span> <span class='ocrx_word' id='word_1_675' title='bbox 1548 4484 1602 4528; x_wconf 88' lang='lat' dir='ltr'><strong>et</strong></span> <span class='ocrx_word' id='word_1_676' title='bbox 1631 4473 2033 4529; x_wconf 87' lang='lat' dir='ltr'><strong>Dominationes</strong></span> <span class='ocrx_word' id='word_1_677' title='bbox 2062 4490 2162 4528; x_wconf 89' lang='lat' dir='ltr'><strong>con</strong></span> 
     </span>
    </p>
   </div>
   <div class='ocr_carea' id='block_1_91' title="bbox 2275 4462 3864 4545">
    <p class='ocr_par' dir='ltr' id='par_1_91' title="bbox 2299 4467 3864 4545">
     <span class='ocr_line' id='line_1_91' title="bbox 2299 4467 3864 4545; baseline -0.005 -18"><span class='ocrx_word' id='word_1_678' title='bbox 2299 4476 2566 4545; x_wconf 75' lang='grc' dir='ltr'>οὐρανοῖς.</span> <span class='ocrx_word' id='word_1_679' title='bbox 2593 4491 2612 4524; x_wconf 74' lang='grc' dir='ltr'><strong>ι</strong></span> <span class='ocrx_word' id='word_1_680' title='bbox 2652 4472 2784 4527; x_wconf 71' lang='grc' dir='ltr'>Ἰδοὺ</span> <span class='ocrx_word' id='word_1_681' title='bbox 2814 4470 2879 4542; x_wconf 81' lang='grc' dir='ltr'><strong>δὴ</strong></span> <span class='ocrx_word' id='word_1_682' title='bbox 2907 4469 3069 4524; x_wconf 81' lang='grc' dir='ltr'>πάλιν</span> <span class='ocrx_word' id='word_1_683' title='bbox 3098 4469 3281 4522; x_wconf 88' lang='grc' dir='ltr'>εἰκόνα</span> <span class='ocrx_word' id='word_1_684' title='bbox 3328 4470 3425 4540; x_wconf 84' lang='grc' dir='ltr'><strong>μὲν</strong></span> <span class='ocrx_word' id='word_1_685' title='bbox 3467 4467 3563 4520; x_wconf 90' lang='grc' dir='ltr'><strong>τοῦ</strong></span> <span class='ocrx_word' id='word_1_686' title='bbox 3595 4467 3733 4520; x_wconf 89' lang='grc' dir='ltr'>Θεοῦ</span> <span class='ocrx_word' id='word_1_687' title='bbox 3770 4467 3864 4519; x_wconf 75' lang='grc' dir='ltr'><strong>τοῦ</strong></span> 
     </span>
    </p>
   </div>
   <div class='ocr_carea' id='block_1_92' title="bbox 638 4556 2171 4636">
    <p class='ocr_par' dir='ltr' id='par_1_92' title="bbox 638 4564 2171 4636">
     <span class='ocr_line' id='line_1_92' title="bbox 638 4564 2171 4636; baseline -0.001 -19"><span class='ocrx_word' id='word_1_688' title='bbox 638 4564 856 4625; x_wconf 86' lang='lat' dir='ltr'><strong>didisse,</strong></span> <span class='ocrx_word' id='word_1_689' title='bbox 885 4565 1174 4633; x_wconf 87' lang='lat' dir='ltr'><strong>omniaque</strong></span> <span class='ocrx_word' id='word_1_690' title='bbox 1210 4564 1261 4615; x_wconf 91' lang='lat' dir='ltr'><strong>in</strong></span> <span class='ocrx_word' id='word_1_691' title='bbox 1300 4564 1420 4635; x_wconf 83' lang='lat' dir='ltr'><strong>ipso</strong></span> <span class='ocrx_word' id='word_1_692' title='bbox 1473 4573 1523 4619; x_wconf 92' lang='lat' dir='ltr'><strong>et</strong></span> <span class='ocrx_word' id='word_1_693' title='bbox 1578 4580 1673 4634; x_wconf 93' lang='lat' dir='ltr'><strong>per</strong></span> <span class='ocrx_word' id='word_1_694' title='bbox 1724 4565 1902 4636; x_wconf 85' lang='lat' dir='ltr'><strong>ipsum</strong></span> <span class='ocrx_word' id='word_1_695' title='bbox 1946 4576 2171 4621; x_wconf 75' lang='lat' dir='ltr'><strong>constan</strong></span> 
     </span>
    </p>
   </div>
   <div class='ocr_carea' id='block_1_93' title="bbox 2275 4556 3863 4636">
    <p class='ocr_par' dir='ltr' id='par_1_93' title="bbox 2301 4556 3863 4636">
     <span class='ocr_line' id='line_1_93' title="bbox 2301 4556 3863 4636; baseline -0.006 -18"><span class='ocrx_word' id='word_1_696' title='bbox 2301 4566 2531 4636; x_wconf 84' lang='grc' dir='ltr'>ἀοράτου</span> <span class='ocrx_word' id='word_1_697' title='bbox 2570 4562 2735 4633; x_wconf 73' lang='grc' dir='ltr'><strong>φησὶν</strong></span> <span class='ocrx_word' id='word_1_698' title='bbox 2774 4562 2962 4616; x_wconf 79' lang='grc' dir='ltr'>αὐτόν·</span> <span class='ocrx_word' id='word_1_699' title='bbox 3009 4558 3256 4613; x_wconf 76' lang='grc' dir='ltr'>ἐκτίσθαι</span> <span class='ocrx_word' id='word_1_700' title='bbox 3282 4558 3351 4612; x_wconf 86' lang='grc' dir='ltr'><strong>δι’</strong></span> <span class='ocrx_word' id='word_1_701' title='bbox 3393 4557 3557 4612; x_wconf 85' lang='grc' dir='ltr'>αὑτοῦ</span> <span class='ocrx_word' id='word_1_702' title='bbox 3596 4556 3863 4628; x_wconf 73' lang='grc' dir='ltr'>Θρόνους,</span> 
     </span>
    </p>
   </div>
   <div class='ocr_carea' id='block_1_94' title="bbox 640 4641 2171 4729">
    <p class='ocr_par' dir='ltr' id='par_1_94' title="bbox 640 4653 2171 4729">
     <span class='ocr_line' id='line_1_94' title="bbox 640 4653 2171 4729; baseline 0.001 -20"><span class='ocrx_word' id='word_1_703' title='bbox 640 4665 821 4724; x_wconf 77' lang='lat' dir='ltr'><strong>aperte</strong></span> <span class='ocrx_word' id='word_1_704' title='bbox 878 4653 1154 4709; x_wconf 77' lang='lat' dir='ltr'><strong>alﬁrmat:</strong></span> <span class='ocrx_word' id='word_1_705' title='bbox 1204 4662 1313 4707; x_wconf 90' lang='lat' dir='ltr'><strong>tum</strong></span> <span class='ocrx_word' id='word_1_706' title='bbox 1387 4657 1629 4729; x_wconf 85' lang='lat' dir='ltr'><strong>corporis</strong></span> <span class='ocrx_word' id='word_1_707' title='bbox 1672 4670 1885 4725; x_wconf 86' lang='lat' dir='ltr'><strong>quoque</strong></span> <span class='ocrx_word' id='word_1_708' title='bbox 1944 4656 2171 4712; x_wconf 72' lang='lat' dir='ltr'><strong>Ecclesia</strong></span> 
     </span>
    </p>
   </div>
   <div class='ocr_carea' id='block_1_95' title="bbox 2275 4641 3867 4729">
    <p class='ocr_par' dir='ltr' id='par_1_95' title="bbox 2302 4641 3867 4727">
     <span class='ocr_line' id='line_1_95' title="bbox 2302 4641 3867 4727; baseline -0.009 -16"><span class='ocrx_word' id='word_1_709' title='bbox 2302 4675 2395 4711; x_wconf 89' lang='grc' dir='ltr'>και</span> <span class='ocrx_word' id='word_1_710' title='bbox 2428 4654 2661 4727; x_wconf 81' lang='grc' dir='ltr'><strong>Ἀρχὰς,</strong></span> <span class='ocrx_word' id='word_1_711' title='bbox 2692 4655 2785 4708; x_wconf 81' lang='grc' dir='ltr'><strong>καὶ</strong></span> <span class='ocrx_word' id='word_1_712' title='bbox 2812 4652 3151 4723; x_wconf 79' lang='grc' dir='ltr'>Κυριότητας</span> <span class='ocrx_word' id='word_1_713' title='bbox 3197 4641 3601 4703; x_wconf 73' lang='grc' dir='ltr'>διαδεσαιοῦτῖιι</span> <span class='ocrx_word' id='word_1_714' title='bbox 3636 4646 3825 4716; x_wconf 81' lang='grc' dir='ltr'>σαφῶς</span> <span class='ocrx_word' id='word_1_715' title='bbox 3852 4663 3867 4678; x_wconf 75' lang='grc' dir='ltr'><strong>ο</strong></span> 
     </span>
    </p>
   </div>
   <div class='ocr_carea' id='block_1_96' title="bbox 641 4744 2201 4817">
    <p class='ocr_par' dir='ltr' id='par_1_96' title="bbox 641 4744 2201 4817">
     <span class='ocr_line' id='line_1_96' title="bbox 641 4744 2201 4817; baseline 0.001 -18"><span class='ocrx_word' id='word_1_716' title='bbox 641 4755 822 4814; x_wconf 84' lang='lat' dir='ltr'><strong>caput,</strong></span> <span class='ocrx_word' id='word_1_717' title='bbox 851 4744 1370 4813; x_wconf 81' lang='lat' dir='ltr'><strong>primogenitumque</strong></span> <span class='ocrx_word' id='word_1_718' title='bbox 1399 4760 1465 4799; x_wconf 78' lang='lat' dir='ltr'><strong>ex</strong></span> <span class='ocrx_word' id='word_1_719' title='bbox 1512 4747 1737 4801; x_wconf 82' lang='lat' dir='ltr'><strong>mortuis</strong></span> <span class='ocrx_word' id='word_1_720' title='bbox 1788 4750 2033 4802; x_wconf 89' lang='lat' dir='ltr'><strong>eumdem</strong></span> <span class='ocrx_word' id='word_1_721' title='bbox 2066 4764 2201 4817; x_wconf 86' lang='lat' dir='ltr'><strong>prae-</strong></span> 
     </span>
    </p>
   </div>
   <div class='ocr_carea' id='block_1_97' title="bbox 643 4835 2200 4907">
    <p class='ocr_par' dir='ltr' id='par_1_97' title="bbox 643 4835 2200 4907">
     <span class='ocr_line' id='line_1_97' title="bbox 643 4835 2200 4907; baseline 0.003 -18"><span class='ocrx_word' id='word_1_722' title='bbox 643 4840 802 4892; x_wconf 83' lang='lat' dir='ltr'><strong>dicat.</strong></span> <span class='ocrx_word' id='word_1_723' title='bbox 838 4836 1053 4905; x_wconf 72' lang='lat' dir='ltr'><strong>I&#39;lcquis,</strong></span> <span class='ocrx_word' id='word_1_724' title='bbox 1080 4836 1295 4901; x_wconf 79' lang='lat' dir='ltr'><strong>amabo,</strong></span> <span class='ocrx_word' id='word_1_725' title='bbox 1336 4835 1514 4906; x_wconf 81' lang='lat' dir='ltr'><strong>imago</strong></span> <span class='ocrx_word' id='word_1_726' title='bbox 1565 4835 1682 4901; x_wconf 87' lang='lat' dir='ltr'><strong>Dei,</strong></span> <span class='ocrx_word' id='word_1_727' title='bbox 1713 4838 2200 4907; x_wconf 85' lang='lat' dir='ltr'><strong>universorumque</strong></span> 
     </span>
    </p>
   </div>
   <div class='ocr_carea' id='block_1_98' title="bbox 646 4927 2203 4998">
    <p class='ocr_par' dir='ltr' id='par_1_98' title="bbox 646 4927 2203 4998">
     <span class='ocr_line' id='line_1_98' title="bbox 646 4927 2203 4998; baseline 0.001 -13"><span class='ocrx_word' id='word_1_728' title='bbox 646 4930 891 4985; x_wconf 80' lang='lat' dir='ltr'><strong>conditor</strong></span> <span class='ocrx_word' id='word_1_729' title='bbox 942 4937 1047 4991; x_wconf 87' lang='lat' dir='ltr'><strong>est,</strong></span> <span class='ocrx_word' id='word_1_730' title='bbox 1083 4928 1182 4980; x_wconf 88' lang='lat' dir='ltr'><strong>nisi</strong></span> <span class='ocrx_word' id='word_1_731' title='bbox 1221 4927 1451 4998; x_wconf 89' lang='lat' dir='ltr'><strong>ipsemet</strong></span> <span class='ocrx_word' id='word_1_732' title='bbox 1496 4929 1803 4997; x_wconf 79' lang='lat' dir='ltr'><strong>unigenitus</strong></span> <span class='ocrx_word' id='word_1_733' title='bbox 1854 4929 1956 4984; x_wconf 91' lang='lat' dir='ltr'><strong>Dei.</strong></span> <span class='ocrx_word' id='word_1_734' title='bbox 1995 4929 2203 4986; x_wconf 85' lang='lat' dir='ltr'><strong>Filius?</strong></span> 
     </span>
    </p>
   </div>
   <div class='ocr_carea' id='block_1_99' title="bbox 648 5019 2201 5091">
    <p class='ocr_par' dir='ltr' id='par_1_99' title="bbox 648 5019 2201 5091">
     <span class='ocr_line' id='line_1_99' title="bbox 648 5019 2201 5091; baseline 0.004 -22"><span class='ocrx_word' id='word_1_735' title='bbox 648 5022 735 5089; x_wconf 89' lang='lat' dir='ltr'><strong>qui</strong></span> <span class='ocrx_word' id='word_1_736' title='bbox 790 5022 952 5074; x_wconf 86' lang='lat' dir='ltr'><strong>etiam</strong></span> <span class='ocrx_word' id='word_1_737' title='bbox 1021 5019 1193 5074; x_wconf 80' lang='lat' dir='ltr'><strong>factus</strong></span> <span class='ocrx_word' id='word_1_738' title='bbox 1239 5029 1322 5074; x_wconf 89' lang='lat' dir='ltr'><strong>est</strong></span> <span class='ocrx_word' id='word_1_739' title='bbox 1378 5029 1713 5075; x_wconf 84' lang='lat' dir='ltr'><strong>mortuorum</strong></span> <span class='ocrx_word' id='word_1_740' title='bbox 1777 5020 2201 5091; x_wconf 80' lang='lat' dir='ltr'><strong>primogenitus;</strong></span> 
     </span>
    </p>
   </div>
   <div class='ocr_carea' id='block_1_100' title="bbox 649 5111 2207 5183">
    <p class='ocr_par' dir='ltr' id='par_1_100' title="bbox 649 5111 2207 5183">
     <span class='ocr_line' id='line_1_100' title="bbox 649 5111 2207 5183; baseline 0.004 -23"><span class='ocrx_word' id='word_1_741' title='bbox 649 5112 842 5180; x_wconf 82' lang='lat' dir='ltr'><strong>quippe</strong></span> <span class='ocrx_word' id='word_1_742' title='bbox 874 5111 963 5178; x_wconf 92' lang='lat' dir='ltr'><strong>qui</strong></span> <span class='ocrx_word' id='word_1_743' title='bbox 1002 5111 1052 5163; x_wconf 91' lang='lat' dir='ltr'><strong>in</strong></span> <span class='ocrx_word' id='word_1_744' title='bbox 1086 5112 1388 5178; x_wconf 87' lang='lat' dir='ltr'><strong>suaipsius,</strong></span> <span class='ocrx_word' id='word_1_745' title='bbox 1416 5118 1471 5165; x_wconf 90' lang='lat' dir='ltr'><strong>et</strong></span> <span class='ocrx_word' id='word_1_746' title='bbox 1505 5126 1611 5166; x_wconf 92' lang='lat' dir='ltr'><strong>nou</strong></span> <span class='ocrx_word' id='word_1_747' title='bbox 1667 5112 1722 5165; x_wconf 90' lang='lat' dir='ltr'><strong>in</strong></span> <span class='ocrx_word' id='word_1_748' title='bbox 1768 5112 1993 5172; x_wconf 80' lang='lat' dir='ltr'><strong>alterius</strong></span> <span class='ocrx_word' id='word_1_749' title='bbox 2024 5112 2207 5183; x_wconf 83' lang='lat' dir='ltr'><strong>cujus-</strong></span> 
     </span>
    </p>
   </div>
   <div class='ocr_carea' id='block_1_101' title="bbox 652 5202 2200 5275">
    <p class='ocr_par' dir='ltr' id='par_1_101' title="bbox 652 5202 2200 5275">
     <span class='ocr_line' id='line_1_101' title="bbox 652 5202 2200 5275; baseline 0.004 -22"><span class='ocrx_word' id='word_1_750' title='bbox 652 5205 787 5268; x_wconf 83' lang='lat' dir='ltr'><strong>piam</strong></span> <span class='ocrx_word' id='word_1_751' title='bbox 850 5216 1015 5255; x_wconf 87' lang='lat' dir='ltr'><strong>carne</strong></span> <span class='ocrx_word' id='word_1_752' title='bbox 1070 5212 1296 5255; x_wconf 88' lang='lat' dir='ltr'><strong>mortem</strong></span> <span class='ocrx_word' id='word_1_753' title='bbox 1351 5203 1589 5275; x_wconf 87' lang='lat' dir='ltr'><strong>oppetiit.</strong></span> <span class='ocrx_word' id='word_1_754' title='bbox 1666 5202 1845 5269; x_wconf 88' lang='lat' dir='ltr'><strong>Quare</strong></span> <span class='ocrx_word' id='word_1_755' title='bbox 1912 5220 2049 5259; x_wconf 88' lang='lat' dir='ltr'><strong>unus</strong></span> <span class='ocrx_word' id='word_1_756' title='bbox 2114 5213 2200 5260; x_wconf 87' lang='lat' dir='ltr'><strong>est</strong></span> 
     </span>
    </p>
   </div>
   <div class='ocr_carea' id='block_1_102' title="bbox 650 5292 1820 5357">
    <p class='ocr_par' dir='ltr' id='par_1_102' title="bbox 650 5292 1820 5357">
     <span class='ocr_line' id='line_1_102' title="bbox 650 5292 1820 5357; baseline 0.004 -11"><span class='ocrx_word' id='word_1_757' title='bbox 650 5294 894 5348; x_wconf 71' lang='lat' dir='ltr'><strong>Christus</strong></span> <span class='ocrx_word' id='word_1_758' title='bbox 919 5304 969 5347; x_wconf 88' lang='lat' dir='ltr'><strong>et</strong></span> <span class='ocrx_word' id='word_1_759' title='bbox 999 5292 1188 5357; x_wconf 80' lang='lat' dir='ltr'><strong>Filius,</strong></span> <span class='ocrx_word' id='word_1_760' title='bbox 1210 5294 1350 5349; x_wconf 88' lang='lat' dir='ltr'><strong>Deus</strong></span> <span class='ocrx_word' id='word_1_761' title='bbox 1371 5296 1525 5349; x_wconf 90' lang='lat' dir='ltr'><strong>simul</strong></span> <span class='ocrx_word' id='word_1_762' title='bbox 1557 5306 1611 5350; x_wconf 85' lang='lat' dir='ltr'><strong>et</strong></span> <span class='ocrx_word' id='word_1_763' title='bbox 1642 5296 1820 5351; x_wconf 69' lang='lat' dir='ltr'><strong>horno.</strong></span> 
     </span>
    </p>
   </div>
   <div class='ocr_carea' id='block_1_103' title="bbox 940 5476 1863 5547">
    <p class='ocr_par' dir='ltr' id='par_1_103' title="bbox 940 5476 1863 5547">
     <span class='ocr_line' id='line_1_103' title="bbox 940 5476 1863 5547; baseline 0.001 -15"><span class='ocrx_word' id='word_1_764' title='bbox 940 5478 1096 5547; x_wconf 78' lang='lat'><strong>110</strong></span> <span class='ocrx_word' id='word_1_765' title='bbox 1115 5476 1199 5531; x_wconf 71' lang='lat' dir='ltr'><strong>Ea:</strong></span> <span class='ocrx_word' id='word_1_766' title='bbox 1227 5478 1464 5546; x_wconf 77' lang='lat' dir='ltr'><strong>Epistolu</strong></span> <span class='ocrx_word' id='word_1_767' title='bbox 1496 5482 1564 5534; x_wconf 85' lang='lat' dir='ltr'><strong>ad</strong></span> <span class='ocrx_word' id='word_1_768' title='bbox 1598 5479 1863 5534; x_wconf 67' lang='lat' dir='ltr'><strong>llebra‘os.</strong></span> 
     </span>
    </p>
   </div>
   <div class='ocr_carea' id='block_1_104' title="bbox 735 5567 2218 5639">
    <p class='ocr_par' dir='ltr' id='par_1_104' title="bbox 735 5567 2218 5639">
     <span class='ocr_line' id='line_1_104' title="bbox 735 5567 2218 5639; baseline 0.007 -21"><span class='ocrx_word' id='word_1_769' title='bbox 735 5586 753 5618; x_wconf 81' lang='grc' dir='ltr'><strong>ι</strong></span> <span class='ocrx_word' id='word_1_770' title='bbox 812 5567 1151 5621; x_wconf 79' lang='lat' dir='ltr'><strong>Multifariam</strong></span> <span class='ocrx_word' id='word_1_771' title='bbox 1219 5568 1505 5639; x_wconf 87' lang='lat' dir='ltr'><strong>multisque</strong></span> <span class='ocrx_word' id='word_1_772' title='bbox 1540 5572 1712 5624; x_wconf 84' lang='lat' dir='ltr'><strong>modis</strong></span> <span class='ocrx_word' id='word_1_773' title='bbox 1771 5571 1895 5625; x_wconf 79' lang='grc' dir='ltr'>υἰίιιι</span> <span class='ocrx_word' id='word_1_774' title='bbox 1945 5571 2082 5629; x_wconf 85' lang='lat' dir='ltr'><strong>Deus</strong></span> <span class='ocrx_word' id='word_1_775' title='bbox 2129 5573 2218 5628; x_wconf 83' lang='lat' dir='ltr'><strong>lo-</strong></span> 
     </span>
    </p>
   </div>
   <div class='ocr_carea' id='block_1_105' title="bbox 737 5727 1844 5801">
    <p class='ocr_par' dir='ltr' id='par_1_105' title="bbox 737 5727 1844 5801">
     <span class='ocr_line' id='line_1_105' title="bbox 737 5727 1844 5801; baseline 0.002 -20"><span class='ocrx_word' id='word_1_776' title='bbox 737 5727 1072 5801; x_wconf 71' lang='lat' dir='ltr'><strong>‘Philippu,</strong></span> <span class='ocrx_word' id='word_1_777' title='bbox 1096 5728 1245 5784; x_wconf 81' lang='lat' dir='ltr'><strong>5-H.</strong></span> <span class='ocrx_word' id='word_1_778' title='bbox 1324 5729 1343 5759; x_wconf 81' lang='lat'><strong><em>°</em></strong></span> <span class='ocrx_word' id='word_1_779' title='bbox 1365 5727 1573 5783; x_wconf 82' lang='lat' dir='ltr'><strong>Coloss.</strong></span> <span class='ocrx_word' id='word_1_780' title='bbox 1609 5743 1705 5792; x_wconf 78' lang='lat' dir='ltr'><strong>xu,</strong></span> <span class='ocrx_word' id='word_1_781' title='bbox 1734 5728 1844 5790; x_wconf 71' lang='lat'><strong>20.,</strong></span> 
     </span>
    </p>
   </div>
   <div class='ocr_carea' id='block_1_106' title="bbox 2308 4738 3870 4813">
    <p class='ocr_par' dir='ltr' id='par_1_106' title="bbox 2308 4738 3870 4813">
     <span class='ocr_line' id='line_1_106' title="bbox 2308 4738 3870 4813; baseline -0.008 -9"><span class='ocrx_word' id='word_1_782' title='bbox 2308 4750 2401 4804; x_wconf 75' lang='grc' dir='ltr'>καὶ</span> <span class='ocrx_word' id='word_1_783' title='bbox 2428 4750 2504 4812; x_wconf 78' lang='grc' dir='ltr'>εἰς</span> <span class='ocrx_word' id='word_1_784' title='bbox 2532 4746 2691 4801; x_wconf 74' lang='grc' dir='ltr'>αὐτὸν</span> <span class='ocrx_word' id='word_1_785' title='bbox 2727 4747 2799 4800; x_wconf 82' lang='grc' dir='ltr'>τὰ</span> <span class='ocrx_word' id='word_1_786' title='bbox 2846 4744 3022 4799; x_wconf 82' lang='grc' dir='ltr'>πάντα</span> <span class='ocrx_word' id='word_1_787' title='bbox 3046 4744 3141 4796; x_wconf 80' lang='grc' dir='ltr'><strong>καὶ</strong></span> <span class='ocrx_word' id='word_1_788' title='bbox 3169 4745 3227 4797; x_wconf 79' lang='grc' dir='ltr'><strong>ὲν</strong></span> <span class='ocrx_word' id='word_1_789' title='bbox 3256 4742 3406 4813; x_wconf 82' lang='grc' dir='ltr'>αὐτῷ</span> <span class='ocrx_word' id='word_1_790' title='bbox 3437 4740 3757 4794; x_wconf 79' lang='grc' dir='ltr'>συνεστάναι</span> <span class='ocrx_word' id='word_1_791' title='bbox 3786 4738 3870 4791; x_wconf 79' lang='grc' dir='ltr'><strong>λέ-</strong></span> 
     </span>
    </p>
   </div>
   <div class='ocr_carea' id='block_1_107' title="bbox 2305 4834 3870 4913">
    <p class='ocr_par' dir='ltr' id='par_1_107' title="bbox 2305 4834 3870 4913">
     <span class='ocr_line' id='line_1_107' title="bbox 2305 4834 3870 4913; baseline -0.002 -17"><span class='ocrx_word' id='word_1_792' title='bbox 2305 4861 2421 4913; x_wconf 88' lang='grc' dir='ltr'>γει·</span> <span class='ocrx_word' id='word_1_793' title='bbox 2456 4840 2551 4896; x_wconf 76' lang='grc' dir='ltr'>καὶ</span> <span class='ocrx_word' id='word_1_794' title='bbox 2588 4840 2750 4893; x_wconf 79' lang='grc' dir='ltr'>αὐτὸν</span> <span class='ocrx_word' id='word_1_795' title='bbox 2791 4835 2930 4893; x_wconf 75' lang='grc' dir='ltr'>εἶναι</span> <span class='ocrx_word' id='word_1_796' title='bbox 2968 4839 3067 4908; x_wconf 86' lang='grc' dir='ltr'><strong>τὴν</strong></span> <span class='ocrx_word' id='word_1_797' title='bbox 3094 4838 3339 4909; x_wconf 76' lang='grc' dir='ltr'><strong>κεφαλὴν</strong></span> <span class='ocrx_word' id='word_1_798' title='bbox 3364 4835 3457 4890; x_wconf 88' lang='grc' dir='ltr'><strong>τοῦ</strong></span> <span class='ocrx_word' id='word_1_799' title='bbox 3491 4834 3742 4905; x_wconf 79' lang='grc' dir='ltr'>σώματος</span> <span class='ocrx_word' id='word_1_800' title='bbox 3773 4834 3870 4904; x_wconf 80' lang='grc' dir='ltr'><strong>τῆς</strong></span> 
     </span>
    </p>
   </div>
   <div class='ocr_carea' id='block_1_108' title="bbox 2320 4921 3872 5005">
    <p class='ocr_par' dir='ltr' id='par_1_108' title="bbox 2320 4921 3872 5005">
     <span class='ocr_line' id='line_1_108' title="bbox 2320 4921 3872 5005; baseline -0.009 -16"><span class='ocrx_word' id='word_1_801' title='bbox 2320 4934 2664 5005; x_wconf 77' lang='grc' dir='ltr'><strong>Ἐκκλησίας,</strong></span> <span class='ocrx_word' id='word_1_802' title='bbox 2693 4931 2789 4985; x_wconf 77' lang='grc' dir='ltr'><strong>καὶ</strong></span> <span class='ocrx_word' id='word_1_803' title='bbox 2814 4931 3155 4999; x_wconf 82' lang='grc' dir='ltr'>πρωτότοκον</span> <span class='ocrx_word' id='word_1_804' title='bbox 3182 4930 3246 4982; x_wconf 80' lang='grc' dir='ltr'><strong>ὲκ</strong></span> <span class='ocrx_word' id='word_1_805' title='bbox 3269 4927 3377 4981; x_wconf 84' lang='grc' dir='ltr'>τῶν</span> <span class='ocrx_word' id='word_1_806' title='bbox 3401 4924 3627 4996; x_wconf 83' lang='grc' dir='ltr'><strong>νεκρῶν.</strong></span> <span class='ocrx_word' id='word_1_807' title='bbox 3656 4923 3755 4985; x_wconf 81' lang='grc' dir='ltr'><strong>Τίς</strong></span> <span class='ocrx_word' id='word_1_808' title='bbox 3780 4921 3872 4976; x_wconf 76' lang='grc' dir='ltr'><strong>οὖν</strong></span> 
     </span>
    </p>
   </div>
   <div class='ocr_carea' id='block_1_109' title="bbox 2309 5015 3874 5099">
    <p class='ocr_par' dir='ltr' id='par_1_109' title="bbox 2309 5015 3874 5099">
     <span class='ocr_line' id='line_1_109' title="bbox 2309 5015 3874 5099; baseline -0.011 -17"><span class='ocrx_word' id='word_1_809' title='bbox 2309 5028 2423 5099; x_wconf 77' lang='grc' dir='ltr'>ἄρα</span> <span class='ocrx_word' id='word_1_810' title='bbox 2445 5027 2590 5080; x_wconf 73' lang='grc' dir='ltr'>ἐστὶν</span> <span class='ocrx_word' id='word_1_811' title='bbox 2615 5027 2648 5096; x_wconf 85' lang='grc' dir='ltr'><strong>ὴ</strong></span> <span class='ocrx_word' id='word_1_812' title='bbox 2680 5024 2841 5077; x_wconf 86' lang='grc' dir='ltr'>εἰκὼν</span> <span class='ocrx_word' id='word_1_813' title='bbox 2876 5023 2969 5075; x_wconf 86' lang='grc' dir='ltr'><strong>τοῦ</strong></span> <span class='ocrx_word' id='word_1_814' title='bbox 3001 5020 3157 5085; x_wconf 80' lang='grc' dir='ltr'>Θεοῦ,</span> <span class='ocrx_word' id='word_1_815' title='bbox 3185 5020 3215 5072; x_wconf 79' lang='grc' dir='ltr'><strong>ὁ</strong></span> <span class='ocrx_word' id='word_1_816' title='bbox 3243 5018 3469 5088; x_wconf 80' lang='grc' dir='ltr'><strong>κτίστης</strong></span> <span class='ocrx_word' id='word_1_817' title='bbox 3499 5016 3605 5069; x_wconf 83' lang='grc' dir='ltr'>τῶν</span> <span class='ocrx_word' id='word_1_818' title='bbox 3634 5016 3794 5073; x_wconf 73' lang='grc' dir='ltr'><strong>ὅλων,</strong></span> <span class='ocrx_word' id='word_1_819' title='bbox 3825 5015 3874 5066; x_wconf 78' lang='grc' dir='ltr'><strong>εἰ</strong></span> 
     </span>
    </p>
   </div>
   <div class='ocr_carea' id='block_1_110' title="bbox 2314 5107 3872 5190">
    <p class='ocr_par' dir='ltr' id='par_1_110' title="bbox 2314 5107 3872 5190">
     <span class='ocr_line' id='line_1_110' title="bbox 2314 5107 3872 5190; baseline -0.01 -18"><span class='ocrx_word' id='word_1_820' title='bbox 2314 5119 2390 5190; x_wconf 81' lang='grc' dir='ltr'><strong>μὴ</strong></span> <span class='ocrx_word' id='word_1_821' title='bbox 2423 5118 2487 5171; x_wconf 82' lang='grc' dir='ltr'><strong>αὐ</strong></span> <span class='ocrx_word' id='word_1_822' title='bbox 2500 5118 2581 5180; x_wconf 80' lang='grc' dir='ltr'>τὸς</span> <span class='ocrx_word' id='word_1_823' title='bbox 2606 5119 2632 5169; x_wconf 89' lang='grc' dir='ltr'>ὁ</span> <span class='ocrx_word' id='word_1_824' title='bbox 2668 5116 2957 5187; x_wconf 76' lang='grc' dir='ltr'>μονογενὴς</span> <span class='ocrx_word' id='word_1_825' title='bbox 2981 5111 3076 5165; x_wconf 90' lang='grc' dir='ltr'><strong>τοῦ</strong></span> <span class='ocrx_word' id='word_1_826' title='bbox 3105 5110 3239 5165; x_wconf 85' lang='grc' dir='ltr'>Θεοῦ</span> <span class='ocrx_word' id='word_1_827' title='bbox 3271 5108 3429 5172; x_wconf 59' lang='lat' dir='ltr'><strong>ride;</strong></span> <span class='ocrx_word' id='word_1_828' title='bbox 3462 5107 3521 5170; x_wconf 81' lang='grc' dir='ltr'><strong>ὃς</strong></span> <span class='ocrx_word' id='word_1_829' title='bbox 3548 5107 3643 5159; x_wconf 76' lang='grc' dir='ltr'>καὶ</span> <span class='ocrx_word' id='word_1_830' title='bbox 3681 5107 3872 5175; x_wconf 72' lang='grc' dir='ltr'>γέγονε</span> 
     </span>
    </p>
   </div>
   <div class='ocr_carea' id='block_1_111' title="bbox 2312 5197 3875 5279">
    <p class='ocr_par' dir='ltr' id='par_1_111' title="bbox 2312 5197 3875 5279">
     <span class='ocr_line' id='line_1_111' title="bbox 2312 5197 3875 5279; baseline -0.01 -16"><span class='ocrx_word' id='word_1_831' title='bbox 2312 5208 2653 5279; x_wconf 79' lang='grc' dir='ltr'>πρωτότοκος</span> <span class='ocrx_word' id='word_1_832' title='bbox 2698 5207 2761 5258; x_wconf 84' lang='grc' dir='ltr'><strong>ὲκ</strong></span> <span class='ocrx_word' id='word_1_833' title='bbox 2791 5204 3020 5275; x_wconf 85' lang='grc' dir='ltr'>νεκρῶν,</span> <span class='ocrx_word' id='word_1_834' title='bbox 3057 5201 3131 5265; x_wconf 77' lang='grc' dir='ltr'><strong>ὡς</strong></span> <span class='ocrx_word' id='word_1_835' title='bbox 3172 5197 3456 5254; x_wconf 85' lang='grc' dir='ltr'>ἀποθανὼν</span> <span class='ocrx_word' id='word_1_836' title='bbox 3492 5200 3559 5269; x_wconf 71' lang='grc' dir='ltr'><strong>τῇ</strong></span> <span class='ocrx_word' id='word_1_837' title='bbox 3599 5198 3771 5266; x_wconf 82' lang='grc' dir='ltr'>σαρκί</span> <span class='ocrx_word' id='word_1_838' title='bbox 3812 5199 3875 5265; x_wconf 77' lang='grc' dir='ltr'><strong>τῇ</strong></span> 
     </span>
    </p>
   </div>
   <div class='ocr_carea' id='block_1_112' title="bbox 2318 5282 3878 5368">
    <p class='ocr_par' dir='ltr' id='par_1_112' title="bbox 2318 5282 3878 5368">
     <span class='ocr_line' id='line_1_112' title="bbox 2318 5282 3878 5368; baseline -0.009 -17"><span class='ocrx_word' id='word_1_839' title='bbox 2318 5299 2443 5368; x_wconf 73' lang='grc' dir='ltr'>ἰδίᾳ,</span> <span class='ocrx_word' id='word_1_840' title='bbox 2476 5298 2571 5351; x_wconf 71' lang='grc' dir='ltr'><strong>καὶ</strong></span> <span class='ocrx_word' id='word_1_841' title='bbox 2614 5295 2733 5368; x_wconf 69' lang='grc' dir='ltr'>οὐχὶ</span> <span class='ocrx_word' id='word_1_842' title='bbox 2780 5296 2845 5367; x_wconf 77' lang='grc' dir='ltr'><strong>δὴ</strong></span> <span class='ocrx_word' id='word_1_843' title='bbox 2880 5294 3077 5365; x_wconf 82' lang='grc' dir='ltr'>μᾶλλον</span> <span class='ocrx_word' id='word_1_844' title='bbox 3114 5295 3179 5362; x_wconf 80' lang='grc' dir='ltr'>τῇ</span> <span class='ocrx_word' id='word_1_845' title='bbox 3222 5307 3365 5352; x_wconf 82' lang='grc' dir='ltr'>τινος</span> <span class='ocrx_word' id='word_1_846' title='bbox 3404 5288 3613 5361; x_wconf 77' lang='grc' dir='ltr'>ἑτέρου.</span> <span class='ocrx_word' id='word_1_847' title='bbox 3654 5282 3752 5351; x_wconf 73' lang='grc' dir='ltr'><strong>Εἰς</strong></span> <span class='ocrx_word' id='word_1_848' title='bbox 3788 5283 3878 5341; x_wconf 74' lang='grc' dir='ltr'><strong>οὖν</strong></span> 
     </span>
    </p>
   </div>
   <div class='ocr_carea' id='block_1_113' title="bbox 2314 5380 3702 5463">
    <p class='ocr_par' dir='ltr' id='par_1_113' title="bbox 2314 5380 3702 5463">
     <span class='ocr_line' id='line_1_113' title="bbox 2314 5380 3702 5463; baseline -0.009 -20"><span class='ocrx_word' id='word_1_849' title='bbox 2314 5388 2547 5463; x_wconf 76' lang='grc' dir='ltr'>Χριστὸς</span> <span class='ocrx_word' id='word_1_850' title='bbox 2574 5388 2669 5441; x_wconf 77' lang='grc' dir='ltr'><strong>καὶ</strong></span> <span class='ocrx_word' id='word_1_851' title='bbox 2695 5388 2842 5451; x_wconf 73' lang='grc' dir='ltr'>Υἱὸς,</span> <span class='ocrx_word' id='word_1_852' title='bbox 2868 5385 2999 5447; x_wconf 81' lang='grc' dir='ltr'>Θεός</span> <span class='ocrx_word' id='word_1_853' title='bbox 3024 5402 3083 5437; x_wconf 88' lang='grc' dir='ltr'><strong>τε</strong></span> <span class='ocrx_word' id='word_1_854' title='bbox 3110 5382 3245 5453; x_wconf 80' lang='grc' dir='ltr'>ὁμοῦ</span> <span class='ocrx_word' id='word_1_855' title='bbox 3272 5382 3367 5439; x_wconf 75' lang='grc' dir='ltr'><strong>καὶ</strong></span> <span class='ocrx_word' id='word_1_856' title='bbox 3393 5380 3702 5449; x_wconf 63' lang='grc' dir='ltr'>ἄνθρωπος.</span> 
     </span>
    </p>
   </div>
   <div class='ocr_carea' id='block_1_114' title="bbox 2705 5469 3490 5541">
    <p class='ocr_par' dir='ltr' id='par_1_114' title="bbox 2705 5469 3490 5541">
     <span class='ocr_line' id='line_1_114' title="bbox 2705 5469 3490 5541; baseline -0.009 -12"><span class='ocrx_word' id='word_1_857' title='bbox 2705 5476 2801 5529; x_wconf 81' lang='grc' dir='ltr'><strong>Ἐκ</strong></span> <span class='ocrx_word' id='word_1_858' title='bbox 2832 5473 2944 5541; x_wconf 83' lang='grc' dir='ltr'><strong>τῆς</strong></span> <span class='ocrx_word' id='word_1_859' title='bbox 2978 5473 3126 5540; x_wconf 80' lang='grc' dir='ltr'>πρὸς</span> <span class='ocrx_word' id='word_1_860' title='bbox 3170 5469 3490 5539; x_wconf 72' lang='grc' dir='ltr'>Ἑϐραίους.</span> 
     </span>
    </p>
   </div>
   <div class='ocr_carea' id='block_1_115' title="bbox 2398 5555 3880 5639">
    <p class='ocr_par' dir='ltr' id='par_1_115' title="bbox 2398 5555 3880 5639">
     <span class='ocr_line' id='line_1_115' title="bbox 2398 5555 3880 5639; baseline -0.009 -16"><span class='ocrx_word' id='word_1_861' title='bbox 2398 5565 2781 5639; x_wconf 69' lang='grc' dir='ltr'>ιΠολυμερῶς</span> <span class='ocrx_word' id='word_1_862' title='bbox 2810 5565 2903 5620; x_wconf 76' lang='grc' dir='ltr'>καὶ</span> <span class='ocrx_word' id='word_1_863' title='bbox 2952 5562 3305 5634; x_wconf 79' lang='grc' dir='ltr'>πολυτρόπως</span> <span class='ocrx_word' id='word_1_864' title='bbox 3352 5559 3519 5614; x_wconf 81' lang='grc' dir='ltr'>πάλαι</span> <span class='ocrx_word' id='word_1_865' title='bbox 3546 5558 3576 5611; x_wconf 82' lang='grc' dir='ltr'>ὁ</span> <span class='ocrx_word' id='word_1_866' title='bbox 3606 5555 3741 5620; x_wconf 79' lang='grc' dir='ltr'>Θεὸς</span> <span class='ocrx_word' id='word_1_867' title='bbox 3783 5555 3880 5609; x_wconf 80' lang='grc' dir='ltr'><strong>λα-</strong></span> 
     </span>
    </p>
   </div>
  </div>
