4056 6334
154 393 298 454 1309

1260 397 1345 451 DE
1376 396 1600 451 RECTA
1639 398 1796 453 FIDE
1831 401 1922 456 AD
1953 402 2271 459 REGINAS.

3250 410 3387 465 1310

153 502 326 574 tam;
354 507 465 566 τοῖς
498 506 767 576 πατράσιν
797 508 854 559 ἐν
885 511 993 570 τοῖς
1027 509 1351 578 προφήταις,
1382 511 1468 561 ἐπ’
1497 508 1725 577 ἐσχάτου

1830 528 1999 579 quens
2032 516 2280 583 patribus
2319 515 2371 569 in
2397 516 2694 586 prophetis,
2729 516 3024 572 novissime
3053 517 3239 573 diebus
3268 519 3385 573 istis

154 596 264 650 τῶν
294 598 513 667 ἡμερῶν
550 598 755 651 τούτων
784 599 1042 669 ἐλάλησεν
1070 602 1200 669 ἡμῖν
1223 602 1279 652 ὲν
1306 601 1439 670 Υἱῷ,
1468 602 1526 653 ὂν
1558 602 1719 669 ἔθηκε

155 688 491 758 κληρονόμον
530 690 767 752 πάντων,
810 691 875 743 δι’
916 682 976 742 οὗ
1013 692 1103 742 καὶ
1137 693 1262 754 τοὺς
1300 692 1496 753 αἰῶνας
1535 692 1721 760 ἐποίη-

156 794 271 830 σεν.
298 797 317 827 ι
366 778 526 830 Φύσει
568 778 678 831 τῶν
721 781 857 832 ὅλων
892 778 1094 849 Κύριος
1144 782 1279 850 μετὰ
1321 778 1415 832 τοῦ
1463 780 1595 833 Θεοῦ
1631 780 1723 832 καὶ

156 868 372 938 Πατρὸς
398 870 425 921 6
453 870 761 939 Μονογενὴς
787 868 949 922 αὑτοῦ
980 870 1147 937 Λόγος
1166 866 1305 923 εἶναι
1332 871 1717 924 πεπίστευται·

153 957 365 1008 τίθεται
402 957 458 1009 δὲ
502 957 865 1027 κληρονόμος,
922 960 1002 1011 ὅτι
1054 961 1243 1027 γέγονε
1294 961 1460 1030 σάρξ·
1506 961 1718 1031 εἴρηται

153 1048 267 1118 γὰρ
302 1050 435 1119 πρὸς
466 1050 646 1111 αὑτὸν,
675 1049 751 1109 ὡς
778 1049 897 1101 καθ’
922 1051 1067 1119 ἡμᾶς
1098 1050 1381 1120 ἄνθρωπον
1408 1051 1667 1118 γεγονότα
1691 1062 1717 1089 α

153 1140 223 1190 δι’
254 1141 428 1209 ἡμᾶς·
469 1160 486 1191 t
518 1142 743 1209 Λῐτησαι
778 1141 904 1209 παρ’
952 1142 1107 1211 ἐμοῦ,
1138 1145 1232 1195 καὶ
1278 1143 1431 1194 δώσω
1465 1159 1545 1193 σοι
1592 1141 1718 1211 ἔθνη

154 1227 258 1298 τὴν
296 1230 653 1300 κληρονομίαν
689 1246 780 1281 σου
806 1269 820 1287 .
865 1233 957 1281 καὶ
994 1231 1091 1299 τὴν
1141 1231 1465 1300 κατάσχεσίν
1519 1248 1611 1282 σου
1656 1234 1721 1284 ti

156 1321 373 1388 πέρατα
417 1322 513 1389 τῆς
560 1322 679 1390 γῆς.
709 1340 726 1371 ι
785 1322 945 1374 Ἀλλὰ
988 1323 1055 1375 δι’
1098 1322 1261 1375 αὑτοῦ
1292 1324 1384 1374 τοῦ
1434 1322 1590 1385 Θεοῦ,
1628 1322 1719 1373 τοῦ

156 1411 495 1479 κληρονόμου
520 1410 607 1462 διὰ
636 1411 694 1463 τὸ
731 1412 1065 1482 ἀνθρώπινον
1086 1456 1101 1479 ,
1134 1414 1228 1466 καὶ
1256 1413 1450 1476 αὑτοὺς
1494 1414 1721 1481 πεποιῆ-

157 1501 288 1554 σθαι
320 1504 444 1561 τοὺς
482 1502 681 1565 αὶῶνὰς
720 1521 902 1573 φησιν,
948 1507 1025 1568 εἰς
1062 1505 1122 1558 τὸ
1147 1506 1238 1557 τοῦ
1287 1506 1457 1572 Λόγου
1486 1505 1721 1575 πρεσϐύ-

154 1609 321 1644 τατον
347 1592 440 1643 τοῦ
472 1594 793 1662 πράγματος
817 1595 1028 1665 ἔχοντος
1055 1598 1152 1666 τὴν
1182 1596 1476 1667 ἀναφοράν.
1511 1590 1604 1659 Εἷς
1632 1591 1723 1648 οῦν

155 1683 267 1751 ἄρα
314 1683 547 1751 Χριστὸς
596 1686 688 1736 καὶ
720 1684 881 1750 Υἱὸς,
927 1689 955 1739 ὁ
993 1687 1155 1750 αὑτός
1192 1704 1248 1739 τε
1289 1686 1423 1757 όμοῦ
1463 1685 1592 1750 Θεὸς
1632 1688 1725 1740 καὶ

165 1772 268 1825 ἄνο
279 1788 479 1841 ρωπος.

234 1880 253 1912 ι
293 1864 385 1925 Ὃς
418 1862 492 1915 ὢν
538 1864 878 1934 ἀπαύγασμα
924 1865 1024 1934 τῆς
1072 1866 1258 1935 δόξης,
1305 1867 1400 1918 καὶ
1443 1862 1721 1937 χαρακτὴρ
1756 1858 1799 1917 Β

160 1950 266 2020 τῆς
308 1952 655 2016 ὑποστάσεως
692 1953 879 2025 αὑτοῦ,
910 1955 1089 2025 φέρων
1118 1972 1177 2007 τε
1211 1954 1279 2007 τὰ
1312 1955 1489 2007 πάντα
1522 1954 1597 2026 τῷ
1633 1957 1723 2028 ῥή-

158 2057 294 2109 ματι
334 2043 431 2110 τῆς
466 2040 750 2110 δυνάμεως
794 2042 983 2105 αὑτοῦ,
1038 2039 1374 2110 καθαρισμὸν
1404 2039 1510 2091 τῶν
1544 2041 1727 2108 ἀμαρο

153 2131 286 2184 τιῶν
318 2133 709 2201 ποιησάμενος,
741 2132 995 2185 ἐκάθισεν
1044 2135 1101 2185 ὲν
1139 2132 1285 2201 δεξιᾷ
1330 2130 1431 2199 τῆς
1476 2130 1726 2200 μεγαλω-

163 2223 337 2293 σύνης
370 2226 426 2274 ἐν
455 2224 678 2291 ὑψηλοῖς
698 2239 711 2253 ·
746 2223 986 2292 τοσούτῳ
1021 2222 1283 2291 κρείττων
1309 2221 1593 2289 γενόμενος
1621 2218 1725 2271 τῶν

155 2314 423 2381 ἀγγέλων,
465 2315 574 2388 ὃσιρ
641 2313 1019 2385 διαφορότερον
1057 2313 1225 2383 ὄνομα
1258 2313 1387 2382 παρ’
1411 2311 1604 2373 αὑτοὺς
1637 2328 1724 2363 κεο

154 2404 552 2475 κληρονόμηκε.
586 2423 603 2455 ι
648 2405 719 2457 Τὸ
754 2403 1090 2473 ἀπαύγασμα
1139 2404 1239 2475 τῆς
1270 2402 1446 2471 δόξης,
1478 2402 1506 2455 6
1552 2417 1723 2473 χαρα-

155 2496 299 2565 κτὴρ
329 2496 427 2565 τῆς
467 2495 813 2557 ὑποστάσεως
845 2495 941 2547 τοῦ
975 2494 1109 2547 Θεοῦ
1156 2494 1250 2547 καὶ
1284 2493 1515 2562 Πατρὸς,
1565 2509 1726 2545 τουτ-

153 2588 305 2639 έστιν
336 2589 363 2638 6
394 2585 455 2649 ἐξ
496 2585 659 2638 αὑτοῦ
709 2586 847 2640 κατὰ
880 2585 1039 2653 φύσιν
1075 2584 1201 2647 Υἱὸς
1248 2582 1559 2655 μονογενὴς,
1606 2581 1729 2634 τίνα

154 2676 360 2748 τῷπον
391 2677 733 2747 καθαρισμὸν
768 2676 875 2727 τῶν
904 2676 1187 2747 ἁμαρτιῶν
1234 2676 1387 2745 ἡμῶν
1424 2674 1725 2744 ποιησάμε-

156 2785 267 2831 νος,
300 2768 456 2837 δῆλον
485 2766 540 2819 δὲ
573 2768 655 2820 ὅτι
688 2766 774 2818 διὰ
806 2766 899 2817 τοῦ
932 2767 1161 2833 αἵματος
1200 2764 1388 2829 αὑτοῦ,
1433 2763 1727 2817 κεκάθικεν

155 2862 214 2914 ἐν
257 2860 405 2932 δεξιᾷ
433 2859 526 2912 τοῦ
561 2860 796 2929 Πατρὸς,
827 2859 919 2909 καὶ
955 2858 1216 2927 κρείττων
1246 2856 1487 2926 γενέσθαι
1512 2855 1727 2923 λέγεται

154 2952 266 3005 τῶν
310 2952 586 3019 ἀγγέλων,
645 2950 819 3002 καίτοι
864 2949 1003 3001 κατὰ
1044 2948 1204 3012 φύσιν
1237 2948 1329 2999 καὶ
1364 2950 1430 3017 τῇ
1476 2948 1576 3016 τῆς
1611 2946 1728 3000 θεό-

153 3061 319 3114 τητος
357 3046 596 3116 ὑπεροχῇ
625 3043 697 3101 τὰ,
725 3043 900 3095 πάντα
928 3040 1122 3105 νικῶν;
1154 3037 1359 3093 Οὐκοῦν
1388 3039 1482 3091 καὶ
1515 3038 1727 3109 ἄνθρω-

157 3154 260 3198 πος
288 3135 545 3203 γεγονὼς,
573 3132 1158 3203 πεπλεονέκτηκεν,ὼς
1186 3130 1338 3194 Θεὸς,
1368 3129 1469 3198 τὴν
1499 3131 1726 3199 ἀόρατον

156 3188 376 3287 xtl-0:11,.
402 3225 429 3276 6
459 3188 618 3285 αὑτὸς
650 3221 723 3274 ὢν
757 3188 1094 3291 ἀπαύγασμα
1139 3188 1233 3272 καὶ
1633 3218 1728 3272 καὶ
1753 3188 1796 3246 C‘

158 3314 534 3385 ἐργασάμενος
582 3311 691 3365 τῶν
742 3313 1022 3383 ἁμαρτιῶν
1068 3310 1225 3382 ἡμῶν
1268 3311 1359 3361 τὸν
1392 3308 1733 3380 καθαρισμὸν

156 3407 353 3475 αἵματι
388 3404 463 3473 τῷ
504 3404 637 3473 ἰδίῳ.
668 3397 762 3465 Εἷς
808 3399 899 3456 οὖν
954 3406 1061 3474 ἄρα
1098 3401 1327 3473 Χριστὸς
1352 3440 1365 3465 ,
1410 3401 1505 3453 καὶ
1572 3401 1730 3468 Υἱὸς,

159 3498 257 3549 καὶ
301 3494 523 3566 Κύριος.
1254 3529 1258 3531 Α

239 3609 256 3642 t
292 3589 360 3642 Ὃ
387 3589 593 3661 τε-γὰρ
633 3586 875 3657 ἁγιάζων
903 3587 998 3640 καὶ
1027 3587 1075 3640 οἱ
1115 3586 1485 3657 ἁγιαζόμενοι,
1515 3584 1575 3649 ἐξ
1615 3584 1732 3648 ἐνὸς

159 3679 385 3743 πάντες.
415 3680 495 3732 Δι’
519 3681 585 3749 ἣν
611 3678 787 3731 αἰτίαν
814 3677 912 3737 οὑκ
944 3676 1325 3747 ἐπαισχύνεται
1352 3674 1613 3743 ἀδελφοὺς
1640 3673 1732 3726 αύ-

157 3774 289 3835 τοὺς
316 3772 515 3834 καλεῖν,
550 3769 754 3835 λέγων·
798 3768 1116 3837 ’Λπαγγελῶ
1157 3767 1218 3820 τὸ
1265 3766 1433 3834 ὄνομά
1481 3782 1574 3817 σου
1621 3768 1733 3828 τοῖς

160 3862 415 3930 ἀδελφοῖς
453 3878 575 3930 μου.
602 3880 620 3910 ι
657 3860 731 3911 Τὸ
759 3861 900 3913 κατὰ
930 3860 1091 3929 φύσιν
1118 3860 1268 3928 ἆγιον
1295 3860 1394 3929 οὑχ
1424 3857 1729 3926 ἁγιάζεται,

158 3956 242 4008 ὅτι
274 3954 346 4024 μή
375 3954 489 4005 ἐστι
516 3951 771 4022 προσδεὲς
788 3952 1088 4021 άγιασμοῦ·
1118 3952 1178 4003 τό
1206 3968 1271 4020 γε
1313 3952 1421 4021 μὴν
1474 3950 1550 4014 ὼς
1596 3950 1730 4020 μεθ-

159 4047 270 4111 ἐξει
319 4046 381 4114 τῇ
432 4044 558 4111 παρ’
603 4042 787 4112 ἑτέρου
817 4041 1037 4109 γεγονὸς
1084 4041 1235 4110 ἅγιον
1261 4081 1275 4103 ,
1320 4041 1569 4109 ἁγιάζειν
1612 4041 1730 4093 ἑτέ.-

163 4156 292 4206 pou;
320 4136 380 4188 οὐ
410 4132 654 4186 δύναται.
683 4132 806 4195 Πῶς
840 4131 932 4185 οῦν
958 4135 985 4186 6
1014 4133 1172 4195 αὑτὸς
1203 4131 1418 4201 ἁγιάζει
1452 4131 1546 4185 καὶ
1572 4132 1732 4199 ἁγιά-

160 4229 351 4290 ζεται,
390 4223 669 4295 ζητητέον.
706 4223 947 4290 ’Λγιὰζει
985 4224 1182 4286 τοίνυν,
1227 4222 1300 4287 ὡς
1342 4222 1503 4287 Θεὸς,
1539 4223 1731 4293 ἰδίωμα

162 4319 379 4387 φύσεως
426 4317 524 4384 τῆς
576 4313 768 4365 ἑαυτοῦ
804 4315 864 4365 τὸ
915 4315 1158 4380 ἁγιάζειν
1206 4314 1468 4368 δύνασθαι
1511 4312 1727 4384 λαχών·

162 4410 446 4477 ἁγιάζεται
465 4409 521 4461 δὲ
550 4404 664 4477 μεθ’
688 4403 862 4473 ήμῶν,
886 4404 1027 4455 κατὰ
1055 4406 1112 4457 τὸ
1142 4406 1498 4476 ἀνθρώπινον.
1524 4401 1615 4469 Εἷς
1638 4400 1729 4459 οὖν

1828 603 2034 658 locutus
2062 612 2143 659 est
2168 606 2338 660 nobis
2371 606 2424 660 in
2454 606 2611 673 Filio,
2635 622 2794 677 quem
2811 609 3091 663 constituit
3121 610 3385 664 haeredem

1830 695 2227 759 universorum.
2253 713 2347 765 per
2369 712 2527 767 quem
2571 698 2701 754 fecit
2743 709 2796 754 et
2826 699 3020 754 saecula
3046 701 3089 753 ⁷.
3132 720 3150 752 ι
3181 700 3386 768 Unige-

1829 786 2002 839 nilum
2042 785 2136 840 Dei
2176 781 2409 842 Verbum
2456 805 2559 842 una
2598 805 2722 844 cum
2753 789 2863 845 Deo
2916 792 3075 846 Patre
3126 792 3388 845 naturalis

1831 891 2008 931 rerum
2091 878 2331 933 omnium
2384 881 2643 934 Dominus
2668 896 2787 937 esse
2816 882 3098 936 creditur:
3134 892 3189 934 at
3255 882 3384 950 quia

1824 986 1951 1025 caro
2020 971 2215 1026 factum
2270 981 2372 1033 est.
2409 974 2639 1031 haeredis
2693 991 2905 1047 quoque
2978 977 3388 1046 appellationem

1830 1063 2075 1115 sortitum
2110 1071 2213 1117 est.
2237 1062 2445 1117 Dictum
2475 1073 2557 1119 est
2590 1080 2817 1133 namque
2851 1070 2920 1121 ad
2954 1069 3112 1132 illud,
3137 1074 3387 1137 tanquam

1828 1153 1892 1204 ad
1919 1152 2185 1206 hominem
2219 1154 2385 1208 nostri
2429 1168 2593 1208 causa
2642 1155 2811 1210 nostri
2841 1157 3069 1212 similem
3105 1157 3388 1213 eﬁ'ectum:

1833 1261 1851 1294 ι
1893 1244 2108 1297 Postttla
2150 1260 2177 1296 a
2208 1259 2309 1308 me,
2347 1253 2402 1299 et
2430 1246 2569 1300 dabo
2622 1245 2720 1299 tibi
2784 1255 2969 1315 gentes
3016 1247 3388 1301 hiereditatetu

1830 1346 1997 1397 tuam,
2045 1343 2099 1388 et
2154 1336 2551 1403 possessionem
2603 1346 2750 1388 tuam
2799 1338 3063 1391 terminos
3121 1346 3274 1390 teme
3294 1338 3335 1389 ⁸.
3367 1356 3386 1388 ι

1828 1424 2207 1478 Verumtamen
2239 1440 2331 1493 per
2354 1427 2527 1495 ipsum
2556 1435 2808 1496 tauquam
2841 1443 2935 1497 per
2960 1428 3147 1491 Deum,
3175 1437 3393 1497 propter

1830 1516 2119 1569 humanam
2174 1526 2419 1570 naturam
2469 1518 2701 1573 ltzeredis
2754 1518 3016 1575 vocabulo
3046 1518 3391 1587 appellatum,

1832 1608 1940 1676 ipsa
1972 1623 2187 1677 quoque
2219 1608 2413 1662 smeula
2461 1610 2673 1664 condita
2714 1610 2910 1663 asserit
2951 1626 2966 1662 :
3004 1609 3192 1663 tribuit
3249 1608 3391 1663 enim

1834 1698 1882 1748 id
1951 1711 2173 1749 summa!
2234 1697 2396 1751 Verbi
2461 1699 2791 1767 antiquitati.
2862 1699 3014 1754 Unus
3075 1699 3259 1768 itaque
3314 1711 3396 1753 est

1834 1787 2084 1841 Christus
2139 1795 2187 1841 et
2223 1788 2409 1853 Filius,
2435 1789 2573 1841 idem
2608 1789 2747 1844 Dens
2780 1790 2940 1844 simul
2987 1798 3042 1845 et
3072 1791 3253 1843 homo.

1904 1896 1923 1930 ‹
1948 1879 2044 1945 Qui
2081 1894 2200 1933 cum
2240 1880 2312 1933 sit
2341 1879 2595 1949 splendor
2622 1881 2827 1949 gloriae,
2850 1891 2905 1935 et
2945 1883 3113 1951 ﬁgura
3148 1883 3395 1936 substan-

1831 1970 1915 2022 lim
1946 1970 2080 2037 ejus,
2111 1980 2443 2037 portansque
2492 1972 2675 2029 omnia
2734 1972 2899 2026 verbo
2936 1972 3149 2026 virtutis
3182 1987 3312 2035 suae,
3342 1982 3398 2025 et

1829 2059 2200 2127 purgationem
2250 2068 2592 2127 peccatorum
2649 2060 2873 2125 faciens,
2920 2062 3071 2114 sedet
3110 2062 3174 2117 ad
3215 2062 3395 2115 dexte-

1831 2165 1943 2201 ram
2002 2149 2300 2218 majestatis
2345 2150 2398 2204 iu
2448 2150 2895 2205 excelsisztanto
2945 2150 3141 2207 melior
3193 2149 3396 2219 angelis

1826 2240 2071 2304 eﬁ‘eetus,
2112 2252 2313 2309 quanto
2338 2240 2673 2295 tliﬁerentius
2714 2256 2907 2296 nomen
2943 2256 3052 2309 pra:
3084 2241 3189 2295 illis
3224 2242 3395 2296 luere-

1826 2330 2017 2384 ditarit
2042 2332 2101 2385 ’.κ
2128 2351 2145 2383 ι
2183 2332 2319 2397 Qua,
2352 2347 2553 2399 qumso,
2596 2334 2808 2387 ratione
2847 2333 3107 2402 splendor
3137 2331 3229 2386 ille
3279 2328 3394 2399 glo-

1830 2423 1922 2477 rise
1975 2430 2317 2489 pateramque
2351 2421 2667 2476 substantiae
2688 2423 2995 2488 character,
3022 2424 3123 2477 hoc
3154 2431 3238 2477 est
3272 2422 3393 2474 uni-

1829 2512 2038 2579 genitus
2064 2512 2151 2565 Dei
2184 2512 2371 2575 Filius,
2406 2512 2496 2581 qui
2550 2511 2867 2567 naturaliter
2891 2527 2959 2578 ex
3009 2512 3098 2564 illo
3132 2510 3394 2580 procedit,

1831 2614 2169 2670 peccatorum
2216 2603 2590 2671 purgationem
2647 2601 2853 2656 faciens
2899 2601 3157 2673 (dubium
3214 2610 3394 2656 autem

1831 2691 2031 2745 nullum
2057 2700 2163 2757 est,
2181 2692 2309 2759 quin
2334 2707 2427 2760 per
2449 2692 2720 2759 proprium
2744 2692 3081 2761 sanguinem)
3118 2692 3182 2743 ad
3224 2688 3399 2743 Patris

1830 2784 2105 2835 dexteram
2159 2781 2463 2845 considere,
2505 2780 2741 2849 ipsisque
2784 2778 2987 2848 angelis
3040 2777 3394 2833 excellentior

1831 2871 2001 2924 factus
2025 2871 2378 2938 praedicatur?
2440 2873 2634 2924 AnnOu
2686 2870 2978 2923 secundum
3014 2863 3397 2927 naturam,di-

1829 2959 2174 3029 rinitatisque
2196 2959 2567 3024 eminentiam,
2592 2960 2747 3031 longe
2764 2957 2981 3011 excellit
3006 2956 3184 3009 omnia
3203 2955 3228 3007 ?
3255 2954 3395 3008 Sane

1830 3049 1969 3102 idem
1998 3048 2219 3103 omnino
2250 3056 2308 3100 ut
2337 3046 2495 3105 Deus.
2517 3056 2861 3114 paternaequc
2884 3040 3199 3096 substantia:
3224 3040 3390 3109 ﬁgura

1829 3149 1883 3195 et
1920 3138 2197 3209 splendor,
2233 3136 2641 3208 inspectabilem
2685 3134 2829 3187 illam
2879 3140 3184 3185 creaturam
3234 3129 3394 3197 longe

1833 3230 2051 3286 excellit
2080 3230 2240 3285 etiam
2270 3229 2430 3283 homo
2465 3227 2663 3289 factus,
2692 3237 2747 3279 et
2766 3224 3029 3292 sanguine
3058 3237 3158 3278 suo
3177 3230 3394 3292 peccata

1834 3330 2013 3375 nostra
2036 3320 2353 3374 emundans.
2379 3317 2529 3374 Unus
2562 3317 2746 3386 itaque
2769 3325 2851 3370 est
2871 3313 3125 3371 Christus
3146 3323 3199 3369 et
3226 3311 3396 3369 Filius

1833 3427 1884 3471 et
1916 3413 2195 3470 Dominus.

1906 3614 1925 3647 ι
1968 3593 2067 3660 Qui
2123 3592 2447 3659 sanctiﬁcat,
2478 3602 2532 3649 et
2568 3591 2659 3662 qui
2716 3592 3145 3651 sanctiﬁcatum,
3173 3602 3237 3642 ex
3286 3600 3392 3638 uno

1830 3682 2288 3752 omnes.Propter
2318 3698 2477 3753 quam
2502 3697 2720 3737 causam
2750 3697 2857 3736 non
2884 3679 3233 3734 coal‘unditur
3280 3674 3391 3727 fra-

1834 3786 1941 3831 tres
1966 3790 2060 3830 cos
2120 3767 2331 3837 vocare,
2364 3772 2584 3827 dicens:
2618 3771 2965 3827 Annuntiabo
3012 3785 3203 3824 nomen
3240 3774 3389 3820 tuum

1834 3865 2091 3919 fratribus
2156 3862 2291 3917 meis
2324 3862 2389 3915 ‘°.
2421 3880 2440 3912 ι
2477 3859 2627 3927 Quod
2675 3870 2865 3928 suapte
2918 3869 3113 3913 natura
3153 3861 3393 3910 sanctum

1830 3962 1935 4020 est,
1966 3953 2016 4006 id
2049 3967 2155 4007 non
2195 3952 2600 4013 sanctilicatur;
2631 3948 3065 4018 quandoquidem
3091 3942 3243 4014 ιιι
3268 3956 3395 3993 sau-

1830 4044 2163 4101 ctilicatiene
2217 4039 2357 4096 nulla
2410 4040 2639 4108 indiget.
2670 4038 2823 4103 Quod
2866 4047 3042 4090 autem
3102 4031 3393 4104 participa—

1834 4138 1976 4193 tione
2005 4134 2237 4205 quadam
2274 4132 2343 4187 ab
2397 4132 2504 4186 alio
2533 4129 3018 4186 sanetilicationem
3048 4129 3394 4180 consecntum

1830 4237 1933 4291 est,
1970 4228 2023 4282 id
2053 4226 2190 4281 alios
2216 4224 2559 4279 sanctiﬁcare
2598 4236 2703 4275 non
2737 4229 2930 4289 potest.
2962 4217 3231 4285 Qumritnr
3270 4223 3397 4278 ergo

1831 4318 2098 4387 quomodo
2120 4316 2259 4370 idem
2291 4313 2613 4375 sanctiﬁcat,
2633 4310 2974 4377 viciSsimque
3001 4305 3391 4362 sanctiﬁcetur.

1832 4409 1981 4464 llaud
2008 4406 2168 4462 duhie
2190 4405 2421 4459 Verbum
2477 4404 2840 4463 incarnatum,
2868 4409 2926 4452 ut
2959 4398 3119 4460 Deus,
3148 4388 3391 4449 sanctiﬁ-

161 4501 270 4569 ἄρα
298 4500 526 4571 Χριστὸς
553 4498 644 4551 καὶ
672 4494 797 4557 Υἱὸς
830 4494 920 4546 καὶ
951 4495 1154 4564 Κύριος
1176 4536 1191 4559 ,
1224 4498 1463 4564 ἁγιάζων
1493 4498 1591 4567 μὲν
1622 4496 1728 4550 θεῖ..

1833 4508 2025 4562 cat,ut
2067 4498 2207 4565 quod
2258 4489 2630 4548 sanctiﬁcandi
2690 4487 2794 4540 vim
2850 4502 2959 4541 sua:
3012 4496 3217 4538 natura:
3270 4492 3394 4545 pro-

162 4590 295 4652 κῶς,
326 4591 682 4662 ἁγιαζόμενος
722 4587 777 4640 δὲ
807 4586 923 4656 μεθ’
950 4588 980 4655 ἡ
992 4587 1105 4654 μῶν
1135 4588 1506 4657 ἀνθρωπίνως.

1828 4591 2108 4662 prietatem
2170 4587 2528 4640 obtineatzat
2588 4594 2713 4632 vero
2761 4579 3054 4632 secundum
3108 4576 3392 4629 humanam

164 4691 435 4742 naturam,
477 4684 753 4737 nobiscum
805 4678 1188 4733 sanctiﬁcatur.
1220 4679 1373 4734 Unus
1432 4681 1595 4750 igitur
1639 4695 1723 4739 est
1762 4683 2007 4739 Christus
2047 4686 2101 4731 et
2165 4674 2422 4729 Dominus
2490 4681 2544 4727 et
2582 4670 2770 4738 Filius,
2803 4670 3150 4727 sanctiﬁcans
3181 4665 3392 4734 quidem

164 4782 221 4825 ut
247 4769 410 4832 Deus,
438 4772 915 4826 sanctiﬁcatiouem
948 4777 1122 4820 autem
1172 4771 1442 4837 accipiens
1494 4774 1729 4828 humano
1768 4786 1914 4827 more
1952 4768 2249 4821 uobiscum.

241 4882 261 4913 ε
293 4863 597 4931 Κεφάλαιον
624 4868 680 4919 δὲ
704 4867 729 4905 b
760 4867 869 4927 τοῖς
901 4861 1207 4932 λεγομένοις
1236 4873 1282 4899 ε·
1318 4864 1570 4917 Τοιοῦτον
1614 4866 1728 4935 ἕχο-

168 4971 269 5024 μεν
299 4954 578 5022 ἀρχιερέα,
618 4956 676 5019 ὃς
716 4954 967 5008 ἐκάθισεν
998 4954 1057 5003 ὲν
1092 4951 1238 5020 δεξιᾷ
1270 4952 1362 5003 τοῦ
1408 4952 1594 5022 θρόνου
1628 4955 1730 5022 τῆς

170 5042 555 5119 μεγαλωσύνης
593 5047 650 5097 ἐν
679 5051 789 5110 τοῖς
825 5046 1087 5117 οὐρανοῖς,
1130 5041 1238 5093 τῶν
1270 5042 1438 5108 ἁγίων
1484 5043 1727 5111 λειτουρ-

166 5136 282 5203 γὸς,
323 5132 416 5185 καὶ
446 5133 543 5201 τῆς
571 5138 771 5204 σκηνῆς
802 5137 900 5207 τῆς
927 5133 1201 5205 ἀληθινῆς,
1232 5134 1300 5203 ἢν
1330 5131 1526 5199 ἔπηξεν
1555 5133 1582 5183 6
1614 5132 1727 5184 Kti-

169 5243 306 5297 ρέος,
348 5224 438 5275 καὶ
465 5223 562 5274 οὑκ
605 5225 905 5295 ἄνθρωπος.
931 5247 948 5278 ›
985 5228 1046 5279 Et
1076 5226 1181 5287 πᾶς
1213 5223 1409 5291 ἱερεὺς,
1445 5222 1588 5274 καθά
1624 5240 1728 5292 φη-

167 5334 257 5371 σιν
288 5316 315 5368 ὁ
363 5311 626 5384 μακάριος
657 5316 885 5385 Παῦλος,
912 5321 989 5383 εἰς
1019 5317 1079 5371 τὸ
1122 5314 1448 5389 προσφέρειν
1478 5313 1627 5386 δῶρά
1669 5332 1729 5367 τε

242 5474 264 5505 ⁷
293 5470 449 5525 llehr.
478 5486 516 5533 ι,
547 5471 595 5532 l,
627 5469 680 5521 2.
759 5471 780 5501 ³
805 5473 943 5527 Psal.
973 5490 1028 5538 ιι,
1061 5475 1114 5529 8.
1188 5472 1209 5504 ⁹
1232 5469 1393 5524 llebr.
1423 5486 1461 5535 ι,
1495 5470 1549 5536 3,
1581 5472 1632 5525 ι.

1713 5471 1755 5503 ¹⁰
1779 5470 1940 5523 Hebr.
1969 5484 2028 5532 ιι,
2060 5468 2145 5531 ΙΙ,
2178 5464 2265 5519 12.

1910 4881 1929 4913 ι
1964 4858 2266 4928 Capitulutn
2304 4866 2481 4913 autem
2516 4873 2678 4928 super
2706 4873 2771 4912 ea
2807 4872 2924 4925 qum
2958 4856 3206 4909 dicuntur
3239 4868 3253 4904 :
3287 4847 3389 4901 Ta-

1834 4950 1934 5010 lem
1978 4952 2241 5005 habemus
2291 4951 2623 5020 pontiﬁcem,
2667 4949 2754 5016 qui
2800 4947 3040 5000 consedit
3082 4945 3133 4997 in
3172 4942 3389 4995 dextera

1832 5046 1976 5099 sedis
2004 5044 2393 5113 magnitudinis
2421 5043 2473 5096 in
2505 5040 2678 5103 cwlis,
2706 5046 3014 5090 sanctorum
3049 5034 3311 5093 minister,
3339 5041 3393 5084 ct

1831 5133 2160 5188 tabernaculi
2182 5134 2313 5197 veri,
2335 5133 2474 5201 quod
2494 5129 2606 5181 ﬁxit
2622 5126 2897 5189 Dominus,
2917 5135 2970 5179 et
2988 5139 3089 5176 non
3103 5123 3263 5175 homo
3278 5121 3341 5173 “.
3368 5138 3385 5169 ι

1833 5221 1890 5277 Si
1919 5224 2066 5292 juxta
2097 5222 2235 5276 beati
2294 5218 2442 5273 Pauli
2490 5215 2787 5268 doctrinam
2834 5212 3010 5266 omnis
3038 5208 3287 5263 sacerdos
3324 5207 3389 5258 ad

1831 5315 2158 5371 ollerendum
2188 5315 2323 5367 dona
2372 5318 2425 5365 et
2478 5307 2745 5362 sacriﬁcia
2785 5304 3109 5367 assumitur,
3142 5315 3246 5354 non
3285 5297 3387 5353 sibi

2347 5464 2387 5495 “
2415 5461 2580 5519 llebr.
2612 5456 2729 5527 rut,
2768 5461 2819 5525 1,
2848 5459 2907 5513 2.

1222 5624 1391 5678 Varia:
1418 5622 1670 5677 lectiones
1699 5620 1900 5675 codicis
1937 5615 2297 5683 Seguieriani.

296 5760 586 5831 πεφηνότα..
663 5757 688 5796 b
724 5756 831 5809 ἐπί.
879 5769 898 5796 ε
938 5761 1260 5828 εἰρημένοις.
