4092 6334
657 364 791 423 1311

1673 371 1730 427 S.
1771 368 2049 429 CYRILLI
2085 365 2549 427 ALEXANDRINI
2588 362 2906 422 ARCHIEP.

3764 354 3905 414 1312

656 477 811 531 litant
839 478 930 551 qui
961 479 1027 535 ad
1069 480 1361 537 sacerdotii
1406 479 1736 539 iunctionem
1786 481 2223 554 seliguntur,sed

2328 480 2417 534 καὶ
2462 478 2653 542 Θυσίας
2702 474 3223 549 παραλαμϐάνεται,
3274 471 3373 545 οὐχ
3422 471 3637 536 ἑαυτοῖς
3685 470 3903 526 τελοῦσι

655 569 788 635 Deo,
811 571 895 625 cui
936 573 1005 627 ah
1054 572 1305 627 universa
1348 585 1595 630 creatura
1638 575 1815 633 cultus
1845 576 2226 644 veneratioque

656 659 986 716 debeturmt
1013 662 1105 732 qui
1158 662 1269 719 Deo
1304 665 1635 731 ministrant,
1663 682 1768 722 non
1818 668 2059 736 ejusdem
2102 680 2224 722 cum

655 751 766 815 Deo
792 755 1001 810 ordinis
1041 763 1222 821 erunt,
1255 771 1428 827 neque
1473 759 1700 828 gloriam
1731 761 2133 828 eamdem,quaz
2171 757 2223 813 in

655 844 827 912 ipsum
857 845 1027 900 solum
1044 848 1314 915 convenit,
1347 850 1681 916 sortientur;
1710 865 1881 920 ecquo
1908 865 2037 918 ergo
2067 850 2226 906 modo

654 935 920 1003 Christus,
943 948 1125 994 noster
1138 940 1376 1010 pontifex
1398 940 1645 1006 eﬂ‘ectus,
1667 942 1719 997 in
1741 943 1961 998 dextera
1978 942 2069 999 Dei
2091 944 2227 999 assi-

656 1022 765 1088 det,
793 1026 1148 1098 thronumque
1166 1032 1466 1101 maiestatis
1494 1033 1545 1086 in
1563 1033 1717 1088 ctnlis
1745 1034 1977 1101 obtinet,
2006 1044 2226 1090 sancto-

656 1128 882 1186 rumque
908 1136 970 1175 ac
996 1123 1214 1190 superni
1234 1132 1288 1177 et
1319 1123 1433 1178 veri
1453 1124 1595 1179 illitts
1611 1125 1949 1180 tabernaculi
1965 1127 2225 1182 sacerdos

654 1211 989 1296 constitutus
1009 1225 1132 1280 est;
1163 1225 1216 1268 et
1250 1214 1395 1269 Patri
1423 1225 1478 1270 et
1515 1216 1705 1287 sibipsi
1735 1232 1953 1288 quoque
1984 1220 2226 1274 omnium

654 1314 845 1369 preces
873 1304 1140 1361 oll‘erens?
1184 1306 1335 1362 Unus
1364 1308 1529 1378 igitur
1557 1321 1640 1366 est
1672 1310 1927 1365 Christus
1955 1309 2223 1375 etFilius,

656 1394 747 1460 qui
772 1395 986 1462 quidem
1023 1407 1081 1453 ut
1115 1398 1347 1463 Deus,in
1374 1399 1679 1457 divinitatis
1714 1416 1825 1455 sua:
1858 1402 2052 1457 throno
2098 1417 2230 1457 con-

2322 572 2424 638 τάς
2463 571 2718 643 λατρείας
2745 572 2793 625 oi
2823 567 3147 640 καλούμενοι
3174 565 3312 638 πρὸς
3342 564 3665 638 ἱερωσύνην,
3695 563 3818 633 Θεῷ
3846 565 3905 618 δὲ

2327 664 2546 738 μᾶλλον,
2570 658 2614 733 ᾧ
2645 663 2704 717 τὸ
2735 661 2887 732 παρά
2913 660 3095 729 πάσης
3131 657 3360 723 κτίσεως
3396 655 3673 727 ὀφείλεται
3702 656 3903 719 σέϐας·

2324 760 2353 813 6
2380 757 2438 811 δὲ
2479 756 2598 826 Θεῷ
2632 752 2983 827 λειτουργῶν,
3028 752 3130 807 οὐκ
3172 753 3231 806 ὲν
3276 751 3379 821 ῐσῳ
3425 748 3610 820 μέτρῳ
3656 748 3909 800 κείσεται

2324 848 2483 914 Θεοῦ,
2525 846 2648 902 οὔτε
2691 847 2795 919 μὴν
2824 846 2922 916 τὴν
2949 843 3099 917 αὐτῷ
3138 843 3233 899 καὶ
3264 842 3410 913 μόνῳ
3449 839 3777 909 πρέπουσαν
3809 854 3907 907 φο-

2329 939 2476 1013 ρέσει
2520 936 2698 1002 δόξαν.
2745 931 2877 988 Εἶτα
2904 934 3023 999 πῶς
3065 932 3356 1005 ἀρχιερεὺς
3402 929 3562 1000 ἡμῶν
3602 926 3854 996 γεγονὼς
3885 927 3910 976 ὁ

2326 1027 2582 1102 Χριστὸς,
2612 1028 2670 1080 ὲν
2700 1026 2851 1097 δεξιᾷ
2881 1026 3119 1097 κάθηται
3145 1023 3241 1077 τοῦ
3275 1020 3432 1085 Θεοῦ,
3461 1020 3556 1074 καὶ
3589 1019 3683 1072 τὸν
3719 1016 3911 1088 θρόνον

2328 1120 2443 1191 ἔχει
2483 1124 2585 1191 τῆς
2634 1117 3023 1191 μεγαλωσύνης
3071 1118 3129 1169 ἐν
3170 1116 3281 1178 τοῖς
3320 1113 3608 1186 οὐρανοῖς,
3653 1110 3757 1163 καὶ
3803 1107 3909 1160 τῶν

2330 1213 2498 1283 ἁγίων
2537 1210 2654 1265 ἐστὶ
2688 1208 3021 1281 λειτουργὸς,
3052 1208 3147 1262 καὶ
3177 1208 3275 1279 τῆς
3310 1205 3515 1278 σκηνῆς
3537 1203 3643 1276 τῆς
3669 1204 3792 1259 άνω
3820 1203 3911 1255 καί

2331 1303 2609 1376 ἀληθινῆς,
2637 1300 2814 1374 ἐαυτῷ
2846 1318 2907 1355 τε
2936 1301 3031 1355 καὶ
3058 1300 3136 1372 τῷ
3172 1299 3349 1371 Πατρὶ
3378 1298 3773 1369 προσκομίζων
3815 1295 3910 1353 τὰς

2329 1397 2482 1468 παρὰ
2524 1396 2740 1452 πάντων
2772 1393 3063 1465 λατρείαςς
3106 1387 3200 1455 Εἷς
3238 1393 3345 1462 ἀρα
3373 1392 3491 1448 ἐστὶ
3537 1388 3785 1460 Χριστὸς
3823 1388 3914 1440 καὶ

658 1483 833 1551 sidet;
863 1495 920 1538 nt
942 1503 1073 1542 vero
1102 1490 1281 1544 divina
1316 1490 1717 1559 dispensatione
1744 1490 1994 1546 humana:
2020 1500 2224 1545 natura:

2334 1489 2480 1555 Υἱὸς,
2516 1487 2825 1559 καθήμενος
2854 1484 2951 1555 μὲν
2978 1483 3175 1547 θεῖκῶς
3206 1486 3264 1536 ὲν
3296 1482 3375 1552 τῷ
3412 1482 3511 1552 τῆς
3540 1480 3680 1539 ιδίας
3724 1479 3915 1548 θεότη-

656 1576 927 1643 particeps
956 1578 1199 1644 effectus,
1225 1580 1455 1637 ministri
1496 1582 1872 1652 pontiﬁcisque
1918 1582 2093 1638 locum
2132 1597 2224 1637 no-

2332 1599 2424 1646 τος
2469 1580 2663 1652 θρόνῳ,
2711 1575 3133 1649 κεχρηματικὼς
3161 1575 3219 1628 δὲ
3254 1574 3432 1645 ἱερεὺς
3468 1573 3561 1627 καὶ
3593 1571 3916 1642 λειτουργὸς

658 1680 888 1736 ⁸³⁸⁸οῆυο
913 1672 1135 1727 δοτιίιυδ
1174 1682 1278 1727 851-
2333 1670 2690 1743 οἰκονομικῶς
2713 1670 2801 1723 διὰ
2826 1671 2889 1732 τὸ
2916 1666 3278 1739 ἀνθρώπινον.

732 1777 752 1811 ι
782 1758 1012 1831 Ideoque
1034 1774 1088 1818 et
1118 1776 1218 1821 nos
1250 1774 1454 1820 tantam
1488 1765 1749 1821 habentes
1802 1766 2110 1836 impositam
2136 1781 2224 1820 nn-

2413 1785 2431 1817 ι
2463 1763 2764 1835 Τοιγαροῦν
2798 1762 2891 1816 καὶ
2925 1763 3086 1833 ἡμεῖς
3129 1758 3383 1812 τοσοῦτον
3416 1756 3630 1826 ἔχοντες
3666 1754 3915 1824 περικείσ-

658 1851 778 1905 hem
803 1854 1045 1916 testium.
1076 1857 1403 1927 deponentes
1446 1872 1609 1913 omne
1653 1858 1863 1928 pondus
1892 1868 1945 1915 et
1994 1859 2224 1914 circum-

2337 1872 2497 1929 μενον
2558 1856 2691 1926 ἡμῖν
2752 1854 2916 1923 νέφος
2986 1850 3309 1924 μαρτύρων,
3359 1849 3520 1917 ὄγκον
3580 1846 3916 1915 ἀποθέμενοι

656 1952 805 1998 stans
854 1960 952 2001 nos
990 1957 1296 2017 peccatum,
1336 1964 1431 2019 per
1474 1949 1794 2020 patientiam
1848 1964 2132 2007 curramus
2163 1949 2224 2005 ad

2333 1951 2511 2006 πάντα
2559 1949 2657 2004 καὶ
2698 1948 2796 2019 τὴν
2826 1946 3216 2017 εὐπερίστατον
3261 1940 3559 2012 ἁμαρτίαν,
3602 1939 3672 1992 δι’
3704 1940 3914 2007 ὑπομο-

656 2035 988 2101 propositum
1012 2038 1168 2092 nobis
1197 2049 1494 2104 certamen,
1516 2040 1854 2110 aspicientes
1881 2041 1933 2096 in
1953 2049 2229 2095 auctorem

653 2118 777 2175 ﬁdei
828 2131 892 2177 et
955 2136 1446 2183 consummaturem
1521 2128 1705 2184 Jesum
1759 2129 2085 2195 Christum,
2138 2131 2228 2199 qni

652 2213 928 2280 proposito
960 2216 1061 2268 sibi
1102 2217 1301 2285 gaudio
1334 2218 1595 2273 sustinuit
1638 2233 1891 2284 crucem,.
1910 2218 2231 2275 confusione

652 2312 981 2374 contempta,
1011 2317 1172 2376 atque
1217 2311 1267 2363 in
1310 2312 1531 2366 dextera
1591 2311 1736 2366 sedis
1785 2310 1880 2366 Dei
1924 2314 2077 2366 sedet
2110 2311 2172 2365 η.
2206 2330 2224 2363 ι

652 2393 710 2446 Si
741 2392 991 2452 Christus
1023 2408 1114 2453 est
1138 2409 1341 2454 tantum
1384 2402 1567 2468 homo,
1598 2411 1653 2457 et
1698 2417 1802 2457 non
1858 2403 1996 2457 Deus
2046 2412 2229 2457 nostra

652 2498 815 2540 carne
843 2501 970 2541 vere
1001 2489 1243 2555 indutus,
1268 2493 1538 2561 quodnam
1600 2493 1853 2561 gaudium
1894 2494 1995 2563 ipsi
2031 2507 2233 2562 propo-

651 2576 813 2632 situm
843 2578 976 2633 dicit
1000 2584 1411 2652 ;:autqnomodo
1434 2583 1500 2637 ad
1531 2583 2231 2655 diviumtnajestatisdexte-

652 2681 765 2722 ram
798 2673 1078 2727 consedit?
1099 2674 1261 2744 Atqui
1295 2677 1545 2746 gaudium
1571 2683 1693 2730 erat
1717 2676 1792 2730 illi
1830 2678 2165 2748 propositum
2197 2692 2214 2732 :

650 2762 912 2833 siquidem
937 2781 1192 2836 suprema
1229 2768 1303 2821 illi
1337 2778 1527 2823 natura
1593 2769 1644 2823 in
1708 2770 1985 2838 perpetuis
2021 2769 2229 2826 deliciis

654 2868 823 2926 usque
839 2865 1116 2913 versatur:
1143 2866 1194 2912 el
1226 2872 1474 2927 corpore,
1495 2861 1635 2927 quod
1668 2858 1913 2928 cruciﬂgi
1943 2859 2101 2929 112
2126 2874 2226 2929 po-

657 2958 817 3015 terat,
839 2962 1133 3020 assttmpto.
1166 2966 1384 3007 crucem
1411 2951 1688 3019 sustinuit,
1711 2952 1997 3020 erucisque
2020 2951 2227 3020 suppli—

654 3039 793 3095 cium
829 3058 1136 3113 perpessus,
1163 3045 1270 3100 Deo
1288 3056 1340 3099 et
1370 3045 1519 3100 Patri
1569 3046 1787 3100 dextera
1825 3044 2044 3099 assedit.
2080 3044 2229 3101 Unus

649 3132 877 3209 proinde
929 3137 1189 3190 Dominus
1233 3136 1393 3191 Jesus
1440 3136 1712 3200 Christus,
1751 3135 2047 3191 crucifixus
2103 3136 2223 3206 qui-

2331 2040 2427 2111 νῆς
2471 2038 2756 2111 τρέχωμεν
2790 2037 2880 2090 τὸν
2913 2034 3272 2106 προκείμενον
3320 2032 3453 2101 ἡμῖν
3515 2030 3750 2098 ἀγῶνα,
3813 2033 3915 2097 ἀφ-

2330 2130 2563 2200 ορῶντες
2593 2131 2673 2193 εἰς
2705 2128 2797 2182 τὸν
2814 2128 2914 2199 τῆς
2939 2127 3175 2188 πίστεως
3210 2118 3454 2194 ἀρχηγὸν
3484 2122 3578 2175 καὶ
3619 2121 3916 2193 τελειωτὴν

2343 2222 2552 2292 Ἰησοῦν
2600 2220 2868 2293 Χριστόν⁹
2908 2218 2967 2280 δς
3018 2217 3140 2270 ἀντὶ
3187 2215 3289 2286 τῆς
3338 2213 3714 2286 προκειμένης
3772 2214 3915 2283 αὐτῷ

2330 2318 2505 2387 χαρᾶς
2556 2315 2817 2386 ὑπέμεινε
2859 2312 3110 2384 σταυρὸν,
3147 2309 3412 2381 αἰσχύνης
3458 2310 3911 2376 καταφρονήσας,

2333 2410 2425 2463 καὶ
2464 2410 2523 2462 ὲν
2555 2406 2705 2479 δεξιᾷ
2756 2406 2849 2461 τοῦ
2886 2405 3076 2477 θρόνου
3113 2401 3213 2461 τοῦ
3258 2401 3395 2456 Θεοῦ
3443 2400 3767 2455 κεκάθικεν.
3797 2419 3816 2450 ι
3863 2401 3911 2452 Ei

2332 2500 2509 2562 κοινὸς
2540 2499 2824 2569 ἄνθρωπος
2850 2500 2878 2550 6
2910 2495 3165 2567 Χριστὸς,
3203 2494 3297 2546 καὶ
3327 2494 3387 2545 ού
3419 2492 3560 2554 Θεὸς⁴
3581 2489 3830 2558 ἀληθῶς,
3864 2492 3915 2542 ἐν

2333 2590 2499 2663 σαρκί
2540 2606 2600 2643 τε
2652 2587 2979 2658 καθ’ὴμᾶς,
3016 2586 3175 2638 ποίαν
3214 2583 3363 2653 αὐτῷ
3414 2580 3743 2653 προχεῖσθαί
3789 2598 3917 2651 φησι

2330 2681 2430 2752 τὴν
2472 2680 2681 2752 χαράν;
2720 2678 2753 2750 ἢ
2796 2677 2916 2742 πῶς
2957 2675 3252 2731 κεκάθικεν
3291 2676 3349 2728 ὲν
3390 2674 3539 2745 δεξιᾷ
3580 2672 3679 2726 τοῦ
3723 2672 3916 2742 θρόνου

2328 2773 2423 2828 τοῦ
2456 2774 2626 2841 Θεοῦ;
2662 2770 2826 2825 Ἀλλά
2860 2770 2967 2842 μὴν
3006 2767 3297 2840 προῦκειτό
3331 2785 3391 2820 τε
3421 2764 3569 2835 αὐτῷ
3597 2765 3743 2835 χαρὰ
3805 2764 3917 2834 (καὶ

2329 2867 2439 2938 γάρ
2484 2867 2630 2919 ἔστιν
2691 2864 2751 2917 ὲν
2798 2861 3199 2932 ἀκαταλήκτοις
3242 2856 3602 2930 θυμηδίαις-1]
3654 2854 3917 2907 ἀνωτάτω

2331 2956 2535 3029 φύσις),
2564 2956 2822 3028 ὑπέμεινε
2851 2954 2908 3008 δὲ
2944 2952 3197 3025 σταυρὸν,
3227 2949 3290 3004 τὸ
3333 2946 3710 3019 σταυρωθῆναι
3753 2945 3912 2999 δυνά-

2333 3063 2491 3118 μενον
2528 3045 2656 3098 ῐδιον
2693 3042 3060 3115 ποιησάμενος
3105 3038 3293 3109 σῶμαο
3325 3037 3417 3091 καὶ
3446 3034 3613 3097 αὐτὸς
3642 3034 3673 3086 6
3715 3036 3911 3087 ἐσταυ-

2333 3137 2578 3210 ρωμένος
2618 3135 2909 3191 κεκάθικεν
2939 3135 2998 3192 ἐν
3035 3131 3185 3203 δεξιᾷ
3209 3128 3303 3183 τοῦ
3342 3126 3478 3182 Θεοῦ
3509 3127 3604 3182 καὶ
3647 3126 3868 3198 Πατρός
3892 3169 3907 3184 ,

653 3223 775 3278 dem
843 3235 902 3279 ut
977 3227 1160 3290 homo,
1229 3242 1348 3281 cum
1426 3225 1592 3280 Patre
1666 3241 1795 3281 vero
1862 3241 2096 3301 regnans
2170 3235 2224 3283 ut

2334 3205 2430 3294 Ἐῖς
2475 3229 2583 3298 ἀρα
2629 3228 2836 3299 Κύριος
2871 3224 3082 3296 Ἰησοῦς
3123 3222 3390 3294 Χριστὸς,
3439 3218 3778 3292 σταυρωθεὶς
3821 3219 3917 3289 μὲν

656 3312 818 3371 Deus.

971 3430 1124 3497 Quod
1165 3448 1299 3486 unus
1343 3428 1518 3485 Filius
1556 3440 1604 3486 et
1648 3428 1922 3490 Dominus.

886 3539 973 3598 Ea:
1011 3543 1295 3614 Evangelia
1334 3546 1621 3599 secundum
1664 3542 1999 3599 Manlia-um.

726 3669 751 3708 ι
782 3651 974 3713 Omnia
1006 3658 1135 3712 mihi
1168 3657 1361 3712 tradita
1395 3667 1519 3713 sunt
1545 3673 1574 3711 a
1603 3656 1764 3712 Patre
1796 3672 1915 3713 meo
1942 3675 1956 3712 :
1987 3665 2042 3712 et
2071 3671 2245 3713 nemo.

655 3748 801 3800 novit
831 3727 1051 3811 Filium,
1079 3749 1179 3802 nisi
1209 3748 1369 3803 Pater
1396 3766 1410 3802 :
1442 3764 1616 3813 neque
1647 3748 1862 3803 Patrem
1892 3750 2015 3819 quis
2045 3750 2225 3812 novit,

654 3834 754 3886 nisi
782 3832 966 3901 Filius,
991 3844 1046 3889 et
1074 3836 1157 3890 cui
1181 3836 1411 3892 voluerit
1437 3835 1607 3891 Filius
1639 3837 1899 3892 revelare.
1930 3856 1949 3887 ι
1982 3837 2040 3893 Si
2069 3853 2241 3894 nemo,

653 3921 852 3980 Filium
883 3927 1062 3995 novit,
1099 3928 1203 3983 nisi
1240 3927 1387 3984 solus
1423 3928 1623 3995 Pater;
1660 3930 1932 3999 quomodo
1968 3940 2096 3985 sunt
2135 3932 2225 4001 qui

654 4014 829 4071 l‘atris
860 4020 1226 4074 testimonium
1258 4020 1418 4075 veluti
1454 4020 1725 4075 inﬁrmum
1761 4019 2087 4089 repndiant?
2118 4021 2225 4077 Os-

653 4108 821 4160 tendit
862 4110 907 4164 is
944 4123 1121 4165 autem
1163 4110 1359 4165 Filium
1401 4128 1557 4166 suum
1601 4113 1652 4166 in
1689 4112 1927 4167 Jordnne
1964 4114 2064 4169 hac
2099 4129 2224 4169 ora-

650 4198 797 4253 tione
835 4215 850 4254 :
895 4219 913 4252 ι
954 4202 1083 4267 llic,
1120 4204 1326 4273 inquit,
1363 4214 1447 4258 est
1483 4203 1651 4259 Filius
1686 4220 1839 4259 meus
1876 4205 2135 4270 dilectus,
2172 4208 2227 4258 in

650 4304 754 4356 qno
796 4294 927 4347 mihi
969 4296 1107 4351 bene
1151 4296 1545 4367 complacui“.
1593 4312 1613 4348 ι
1661 4296 1822 4366 Atqui
1868 4312 1973 4350 non
2019 4299 2220 4352 nudum

654 4380 886 4437 Verlmm
928 4388 996 4439 oh
1039 4389 1233 4443 oculos
1271 4389 1427 4444 nobis
1471 4392 1681 4459 posuit,
1726 4388 1818 4442 sed
1863 4387 2221 4445 incarnatum.

649 4470 831 4545 Neque
858 4474 993 4530 dixit
1024 4496 1038 4531 :
1068 4476 1123 4530 In
1158 4478 1259 4533 hoc
1289 4489 1370 4533 est
1405 4479 1573 4535 Filius
1603 4494 1762 4535 meus
1787 4479 2045 4547 dilectus;
2078 4483 2171 4535 sed
2206 4500 2217 4536 :

2334 3324 2711 3396 ἀνθρωπίνως,
2740 3318 3074 3391 συνεδρεύων
3099 3316 3157 3369 δὲ
3187 3314 3383 3377 θεῖκῶς
3409 3313 3488 3384 τῷ
3518 3313 3716 3383 Πατρὶ.

2710 3435 2833 3489 ’Ότι
2859 3427 2947 3497 εἷς
2983 3430 3115 3495 Υἱὸς
3145 3428 3246 3483 καὶ
3289 3429 3531 3497 Κύριος.

2721 3548 2826 3601 Ἐκ
2865 3544 2972 3598 τοῦ
3011 3541 3176 3597 κατὰ
3195 3538 3519 3594 Ματθαῖον.

2408 3678 2427 3712 ι
2472 3660 2654 3714 Πάντα
2687 3673 2779 3726 μοι
2808 3654 3081 3727 παρεδόθη
3124 3651 3230 3705 ὑπὸ
3255 3648 3351 3703 τοῦ
3384 3648 3597 3719 Πατρός
3635 3664 3741 3719 μου
3766 3664 3782 3680 ·
3823 3650 3918 3702 καὶ

2329 3753 2504 3816 οὐδεὶς
2535 3748 2792 3819 γινώσκει
2830 3746 2921 3800 τὸν
2958 3745 3103 3810 Υῑδν,
3139 3744 3186 3797 εἰ
3219 3742 3294 3814 μὴ
3325 3743 3354 3795 6
3382 3741 3607 3810 Πατήρ⁶
3643 3740 3768 3793 οὐδὲ
3814 3741 3905 3791 τὸν

2330 3842 2549 3911 Πατέρα
2580 3857 2664 3903 τις
2687 3834 2969 3907 γινώσκει,
2998 3835 3048 3887 εἰ
3081 3832 3215 3911 μὴὸ
3240 3829 3389 3896 Υἱὸς,
3422 3833 3518 3886 καὶ
3539 3823 3586 3899 ᾧ
3625 3830 3692 3885 ἂν
3723 3830 3917 3901 βούληο

2329 3953 2417 3988 ται
2450 3936 2479 3988 6
2517 3933 2647 3995 Υἱὸς
2688 3927 3057 3999 ἀποκαλύψαι.
3100 3945 3119 3981 ι
3154 3925 3379 3990 Οὐδενὸς
3427 3923 3793 3993 γινώσκοντος
3826 3923 3915 3975 τὸν

2328 4025 2478 4090 Υἱὸν,
2510 4025 2556 4076 εἰ
2590 4022 2665 4094 μὴ
2707 4021 2872 4093 μόνον
2904 4018 2999 4074 τοῦ
3038 4017 3273 4089 Πατρδς,
3321 4016 3438 4079 πῶς
3469 4014 3731 4081 ἀθετοῦσί,
3768 4032 3913 4077 τινες

2327 4118 2427 4188 τὴν
2461 4116 2556 4169 τοῦ
2583 4114 2799 4185 Πατρδς
2827 4109 3162 4183 papa-optant;
3209 4106 3485 4173 ’Υπέδειξε
3513 4105 3624 4177 γὰρ
3656 4106 3754 4158 τὸν
3783 4105 3911 4159 ἴδιον

2329 4207 2459 4260 Υἰὸν
2512 4207 2568 4256 ὲν
2600 4201 2678 4272 τῷ
2721 4201 2986 4273 Ἰορδάνῃ,
3016 4199 3191 4268 λέγων
3213 4214 3228 4230 ·
3261 4216 3280 4249 ι
3316 4192 3485 4258 Οὗτός
3518 4196 3668 4248 ἐστιν
3717 4198 3748 4249 6
3785 4195 3911 4260 rw;

2329 4315 2430 4367 μου
2463 4298 2491 4348 6
2521 4292 2823 4364 ἀγαπητὸς,
2865 4292 2923 4343 ὲν
2952 4284 2997 4358 ᾧ
3042 4289 3341 4360 ηὑδόκησα.
3374 4306 3393 4338 ι
3447 4285 3589 4339 Ἀλλ’
3610 4286 3672 4339 οὗ
3704 4289 3908 4359 γυμνὸν

2326 4388 2462 4454 ἡμῖν
2492 4379 2782 4452 παρέδειξε
2806 4381 2897 4433 τὸν
2921 4380 3053 4437 ἴδιον
3074 4380 3267 4446 Λόγον,
3293 4377 3406 4431 ἀλλ’
3429 4376 3700 4437 ἑνωθέντα
3724 4382 3887 4451 σαρκί
3894 4426 3905 4433 .

2327 4476 2438 4529 Καὶ
2488 4473 2590 4525 οὐκ
2634 4470 2879 4541 εἴρηκεν,
2908 4469 2991 4521 ὅτι
3022 4468 3111 4520 Ἐν
3147 4465 3323 4538 τούτῳ
3354 4467 3499 4521 ἐστὶν
3522 4469 3571 4535 [6
3607 4468 3741 4533 Υεός
3768 4489 3868 4541 μου
3890 4512 3903 4532 ,

648 4561 769 4631 llic,
795 4582 951 4635 quem
982 4582 1164 4621 coram
1193 4569 1415 4623 cernitis
1443 4570 1493 4622 in
1522 4586 1709 4639 carne,
1737 4582 1818 4627 est
1852 4571 2019 4627 Filius
2051 4588 2222 4628 meus.

2330 4566 2468 4629 ἀλλ’,
2510 4582 2527 4613 ι
2566 4557 2735 4623 Οὗτός
2771 4561 2939 4623 ἐστιν,
2977 4577 2994 4609 ι
3026 4559 3054 4611 6
3083 4557 3233 4628 μετὰ
3270 4559 3493 4630 σαρκός.
3525 4554 3622 4625 Εἷς
3655 4562 3766 4631 ἀρα
3813 4565 3905 4616 καὶ

651 4651 797 4711 Unus
829 4658 1008 4729 itaqne
1040 4668 1121 4714 est
1153 4658 1413 4714 Dominus
1442 4670 1496 4713 et
1527 4658 1716 4715 Filius.

905 4773 988 4828 lia:
1025 4774 1311 4845 Evangelia
1346 4776 1633 4828 secundum
1657 4776 1942 4832 Joannem.

721 4899 739 4931 ι
778 4882 903 4938 Erat
938 4885 1027 4941 lux
1058 4901 1205 4952 vera,
1238 4900 1357 4957 qua:
1392 4883 1661 4939 illuminat
1694 4899 1907 4939 omnem
1945 4886 2216 4942 hominem

645 4973 950 5031 venientem
998 4979 1051 5032 iu
1105 4982 1248 5035 lntnc
1297 4978 1578 5033 mundum.
1625 4974 1684 5030 In
1736 4976 1937 5031 mundo
1981 4986 2121 5044 erat,
2165 4984 2223 5029 et

647 5070 875 5120 mundus
911 5086 1006 5137 per
1040 5071 1211 5139 ipsum
1249 5072 1422 5128 factus
1453 5080 1557 5137 est,
1593 5078 1650 5126 et
1684 5068 1916 5123 mundus
1950 5081 2073 5123 eum
2111 5083 2218 5122 non

643 5160 911 5225 cognovit.
952 5161 1007 5213 In
1045 5163 1256 5230 proni-ia
1290 5166 1456 5230 venit,
1487 5176 1542 5220 et
1578 5164 1661 5219 sui
1697 5177 1820 5219 eum
1854 5175 1959 5216 non
1997 5174 2219 5230 recepe-

646 5264 769 5304 runt
801 5255 813 5283 ‘
847 5292 861 5305 .
888 5271 906 5305 ι
940 5252 1078 5308 Ecce
1111 5266 1365 5310 accurate
1388 5260 1454 5313 de
1476 5259 1669 5314 divinis
1704 5256 1998 5319 disserens,
2034 5261 2091 5310 et
2123 5267 2218 5323 per

2328 4656 2534 4727 Κύριος
2565 4652 2656 4706 καὶ
2686 4651 2833 4715 Υἱός.

2539 4766 2635 4820 Ἐκ
2671 4764 2775 4819 τοῦ
2802 4762 2954 4821 κατὰ
2995 4763 3271 4833 Ἰωάννην
3304 4766 3695 4834 Etim-relicti.

2402 4899 2421 4931 ι
2453 4873 2563 4931 Ἦν
2604 4877 2667 4932 τὸ
2694 4877 2810 4949 φῶς
2841 4878 2903 4933 τὸ
2946 4877 3218 4949 ἀληθινὸν,
3262 4877 3291 4929 ὃ
3320 4875 3546 4945 φωτίζει
3588 4876 3771 4927 πάντα
3809 4878 3901 4929 ἆν-

2325 4974 2541 5046 θρωπον
2577 4972 2871 5046 ἐρχόμενον
2898 4975 2977 5036 εἰς
2997 4973 3089 5025 τὸν
3113 4971 3337 5040 κόσμον.
3379 4968 3469 5021 Ἐν
3493 4965 3570 5037 τῷ
3600 4967 3794 5038 κόσμῳ
3812 4964 3899 5041 ἦν,

2324 5068 2419 5119 καὶ
2446 5068 2474 5119 6
2497 5065 2697 5138 κόσμος
2718 5066 2785 5120 δι’
2814 5064 2979 5120 αὐτοῦ
3023 5062 3260 5129 ἐγένετο.
3286 5058 3379 5111 καὶ
3420 5060 3448 5112 6
3493 5058 3693 5131 κόσμος
3738 5063 3901 5116 αὐτὸν

2323 5159 2423 5212 οὐκ
2451 5156 2609 5225 ἔγνω.
2636 5159 2728 5223 Εἰς
2747 5157 2815 5210 τά
2841 5157 2945 5209 ἴδια
2967 5150 3120 5223 ἦλθε,
3141 5151 3237 5204 καὶ
3249 5152 3298 5203 οἱ
3314 5150 3443 5203 ἴδιοι
3470 5150 3631 5205 αὐτὸν
3659 5153 3722 5207 οὐ
3754 5171 3898 5225 παρ-

2325 5252 2532 5309 έλαϐον.
2570 5270 2588 5304 ι
2648 5249 2991 5318 Θεολογήσας
3014 5244 3349 5316 ἀρκούντως,
3374 5244 3465 5298 καὶ
3486 5244 3573 5299 διὰ
3600 5245 3695 5300 τοῦ
3724 5248 3900 5317 φωτὸς

645 5342 811 5395 lucem
840 5357 1021 5396 veram
1052 5342 1340 5397 illuminari
1367 5360 1576 5401 omnem
1606 5348 1881 5403 hominem
1906 5344 2212 5401 venientem

2328 5340 2416 5401 τοῦ
2445 5340 2698 5412 ἀληθινοῦ
2722 5334 3061 5408 πεφωτισθαι
3091 5334 3268 5388 πάντα
3300 5333 3583 5405 ἄνθρωπον
3604 5338 3899 5408 ἐρχόμενον

643 5431 693 5483 in
721 5433 859 5484 hunc
884 5435 1137 5488 mundum
1162 5432 1457 5497 aﬂirmans,
1480 5435 1758 5504 ipsumque
1776 5452 1915 5502 esse,
1940 5451 2035 5507 per
2054 5449 2212 5505 quem

646 5524 874 5577 mundus
906 5534 989 5576 est
1016 5525 1287 5588 conditus,
1337 5525 1479 5578 hunc
1506 5526 1750 5577 euntdetn
1782 5529 1835 5579 in
1869 5526 2083 5595 propria
2116 5540 2209 5579 vc-

646 5612 789 5667 nisse
820 5616 1091 5679 praedicat.
1118 5615 1271 5670 Venit
1303 5624 1482 5669 autem
1515 5612 1831 5681 Unigeuitus
1857 5617 2029 5669 iactus
2056 5617 2215 5669 homo

722 5772 763 5799 "
787 5768 951 5823 Hebr.
986 5782 1082 5833 XII,
1119 5770 1166 5831 l,
1196 5767 1248 5821 ‘2.
1328 5771 1369 5799 ”
1395 5769 1589 5822 Matth.
1626 5782 1705 5833 at,
1730 5757 1820 5817 9.7.

1903 5770 1944 5795 "
1973 5768 2155 5819 Matth.
2185 5768 2235 5828 3,
2270 5767 2347 5817 17.

2323 5436 2402 5497 εἰς
2430 5433 2521 5486 τὸν
2566 5433 2769 5501 κόσμον
2794 5427 2989 5489 εἰπὼν,
3019 5425 3115 5478 καὶ
3142 5424 3209 5478 δι’
3253 5424 3416 5478 αὐτοῦ
3456 5427 3617 5480 αὐτὸν
3666 5429 3895 5497 πεποιῆ-

2325 5521 2446 5574 σθαι
2499 5521 2591 5572 τὸν
2618 5520 2843 5587 κόσμον,
2880 5519 2959 5576 εἰς
3008 5516 3077 5566 τὰ
3126 5515 3232 5567 ἵδιὰ
3269 5532 3432 5583 φησιν
3479 5515 3643 5567 αὑτὸν
3700 5515 3890 5567 ἐλθεῖν.

2325 5609 2493 5664 ἿΙ).θε
2530 5610 2587 5662 δὲ
2626 5606 2863 5674 γεγονὼς
2905 5604 3189 5673 ἄνθριιιπνις
3232 5608 3260 5658 6
3306 5606 3611 5675 Μονογενὴς
3648 5606 3723 5666 ὡς
3766 5605 3895 5674 πρὶς

2433 5768 2471 5794 ’⁸
2496 5763 2646 5815 Jtmtt.
2691 5777 2726 5823 I,
2751 5763 2803 5821 9,
2844 5756 2924 5811 10.
