4092 6334
186 402 334 459 1515

1289 407 1375 462 DE
1412 404 1640 462 REC'I‘A
1684 404 1841 461 FIDE
1876 407 1966 463 AD
2006 407 2326 465 REGINAS.

3332 417 3470 473 13M

187 522 379 584 ἰδίους,
435 524 529 577 καὶ
586 527 692 596 πρό
756 545 811 595 γε
875 527 982 580 τῶν
1040 522 1213 578 ἄλλων
1252 524 1377 587 τοὺς
1431 522 1490 591 ἐξ
1545 523 1777 593 αἵματος

1887 532 2143 595 tanquam
2175 524 2243 581 ad
2272 541 2425 594 suos,
2452 533 2507 582 et
2538 526 2808 597 praecipue
2839 528 2905 583 ad
2939 529 3218 587 Israelitici
3251 537 3468 603 sangui~

196 612 443 685 Ἰσραήλ.
480 616 608 669 Ὀτε
642 618 823 670 τοίνυν
849 618 1009 681 αὐτός
1036 619 1153 670 ἐστι
1184 617 1245 669 τὸ
1269 616 1384 685 φῶς
1414 615 1475 669 τὸ
1498 614 1777 686 ἀληθινὸν,

1883 618 1968 673 nis
2009 617 2274 674 homines.
2311 618 2449 675 Cum
2494 634 2624 689 ergo
2666 620 2780 690 ipse
2819 625 2890 676 stt
2934 620 3020 676 lux
3065 624 3151 679 illa
3188 642 3336 695 vera,
3374 642 3470 695 per

184 704 215 755 ό
256 702 326 756 δι’
354 700 415 759 οὗ
447 706 513 760 τὰ
564 708 740 761 πάντα
781 708 899 779 (καὶ
932 708 1092 770 αὐτός
1137 709 1286 759 ἐστιν
1331 708 1360 758 ὁ
1396 705 1538 776 μετὰ
1578 705 1781 778 σαρκὸς

1887 724 2040 778 quem
2063 710 2243 764 omnia
2271 721 2395 766 sunt
2419 713 2634 767 condita
2656 731 2670 780 ;
2696 729 2931 783 cumque
2956 714 3045 769 ille
3070 718 3161 779 sit,
3186 720 3274 786 qui
3306 735 3472 772 carne

179 795 361 847 ἐλθὼν
399 800 479 861 εἰς
516 798 587 852 τὰ
618 798 753 852 ἴδια·
786 801 901 864 πῶς
945 801 1044 853 οὐκ
1078 799 1373 865 ἀναγκαῖον
1417 796 1512 850 ἕνα
1544 796 1779 867 Χριστὸν

183 892 282 941 καὶ
320 891 444 943 Υἱδν
474 890 759 960 ὁμολογεῖν
783 907 797 955 ;

267 1001 285 1033 ι
340 986 449 1037 Καὶ
491 984 715 1051 όΛόγος
762 981 901 1051 σὰρξ
952 983 1192 1051 ἐγένετο,
1235 980 1331 1034 καὶ
1376 981 1686 1052 ἐσκήνωσεν
1722 983 1779 1035 ὲν

186 1078 351 1147 ἡμῖν,
397 1077 491 1130 καὶ
524 1075 871 1149 ἐθεασάμεθα
908 1077 1006 1147 τὴν
1060 1076 1217 1140 δόξαν
1271 1072 1459 1138 αὐτοῦ,
1500 1073 1659 1139 δόξαν
1695 1074 1779 1137 ιὼς

187 1167 535 1236 Μονογενοῦς
566 1168 715 1241 παρὰ
752 1168 991 1239 Πατρὸς)
1028 1169 1241 1239 πλήρης
1268 1168 1493 1239 χάριτος
1519 1166 1613 1220 καὶ
1647 1166 1780 1237 ἁλη-

178 1259 360 1322 Θείας.
402 1279 419 1311 ι
461 1260 522 1313 Ei
554 1260 748 1329 γέγονε
778 1259 916 1331 σὰρξ
937 1261 966 1313 ὀ
996 1261 1189 1329 Λόγος,
1213 1260 1460 1314 τουτέστι
1484 1257 1777 1328 παραπλη-

180 1352 322 1413 σίως
353 1352 483 1421 ἡμῖν
528 1352 791 1423 μετέσχεν
829 1352 1063 1423 αἵματος
1092 1354 1186 1405 καὶ
1236 1352 1457 1424 σαρκὸς,
1489 1352 1581 1405 καὶ
1616 1354 1782 1423 σπέρ-

183 1460 363 1512 ματος
396 1444 645 1516 Ἀϐραὰμ
670 1443 994 1509 ἐπελάϐετο,
1020 1446 1107 1497 ἵνα
1130 1444 1271 1498 κατά
1298 1444 1479 1498 πάντα
1501 1447 1613 1508 τοῖς
1636 1444 1781 1497 ἀδελ·

183 1540 313 1604 φοῖς
357 1537 594 1608 όμοιωοῇ
617 1552 630 1565 ’
666 1536 784 1601 πῶς
817 1536 883 1592 ἂν
930 1537 1223 1590 ἐνδοιάσειέ
1255 1554 1340 1600 τις
1386 1537 1470 1589 ὅτι
1501 1537 1781 1608 μεμένηκε

182 1630 384 1698 Λόγος,
415 1629 507 1681 καὶ
544 1628 681 1699 σὰρξ
712 1628 986 1699 γεγονώς;
1022 1631 1327 1701 Ἀτρεπτος
1348 1628 1518 1703 γὰρὴ
1547 1629 1640 1682 τοῦ
1675 1628 1780 1683 Λό-

180 1740 288 1789 γου
320 1721 501 1788 φύσις.
534 1723 643 1774 Καὶ
679 1723 725 1773 εἰ
760 1721 1171 1793 κεχρημάτικεν
1204 1721 1359 1792 ἡμῶν
1389 1722 1638 1791 ἀδελφὸς,
1666 1720 1781 1784 πῶς

180 1813 530 1881 Μονογενοῦς
562 1813 674 1884 ἔχει
712 1814 904 1880 δόξαν;
942 1814 1151 1868 Οὐκοῦν
1175 1814 1276 1867 κᾶν
1312 1814 1360 1867 εἰ
1394 1814 1585 1882 γέγονε
1624 1813 1779 1883 σὰρξ.

1883 799 2101 854 indutus
2128 802 2278 855 venit
2309 803 2360 855 in
2394 806 2611 874 propria
2644 823 2657 860 :
2688 806 2960 875 quomodo
2986 822 3325 875 consequens
3361 825 3465 863 non

1878 901 1994 953 est,
2025 899 2083 945 ut
2112 907 2274 945 unum
2306 892 2580 948 Christum
2614 908 2665 951 et
2703 895 2903 950 Filium
2932 898 3330 953 contiteamur?

1960 1001 1976 1033 ι
2017 982 2081 1036 Et
2100 980 2335 1036 Verbum
2365 1000 2492 1039 caro
2526 988 2725 1041 factum
2757 997 2871 1053 est,
2903 1000 2955 1043 et
2984 989 3254 1043 habitavit
3287 990 3338 1042 in
3372 1006 3402 1044 n
3424 1010 3473 1044 )-

1884 1074 1989 1141 biS,
2021 1086 2072 1128 et
2100 1075 2333 1131 \'idimus
2351 1079 2575 1147 gloriam
2597 1079 2735 1146 ejus.
2761 1082 2987 1147 gloriam
3015 1082 3169 1151 quasi
3205 1076 3471 1151 Unigeuiti

1884 1186 1912 1222 ιι
1950 1167 2134 1234 Putre,
2182 1170 2396 1237 plemnn
2432 1171 2707 1237 grutim‘et
2738 1172 2979 1226 Veritatis
3006 1173 3067 1223 ".
3094 1190 3113 1223 ›
3152 1173 3207 1225 Si
3238 1170 3473 1226 Verbum

1886 1263 2083 1315 t‘netnm
2120 1272 2204 1316 est
2240 1277 2389 1327 raro,
2421 1263 2690 1333 cernique
2721 1276 2775 1319 et
2809 1266 3242 1339 sanguiui‘arque
3278 1279 3340 1318 ac
3375 1278 3477 1318 nos

1883 1354 2326 1415 communicarit,
2370 1355 2527 1426 113
2571 1371 2635 1410 ac
2676 1371 2858 1410 semen
2897 1358 3129 1411 Abrahae
3170 1357 3475 1427 apprehen-

1884 1446 1983 1507 dit,
2017 1460 2123 1513 quo
2161 1446 2418 1499 nimirum
2459 1464 2553 1515 per
2585 1450 2769 1503 omnia
2809 1449 3071 1504 fratribus
3108 1450 3221 1505 suis
3257 1448 3473 1504 assimi—

1884 1533 2194 1599 luretur",
2230 1538 2351 1606 quis
2384 1528 2595 1592 dubitet
2639 1539 2769 1607 quin
2838 1539 2889 1593 id
2930 1539 3089 1609 plane
3121 1540 3479 1608 permanserit

1885 1630 2025 1697 quod
2057 1639 2200 1689 erat,
2236 1630 2449 1683 etiamsi
2484 1646 2610 1684 caro
2644 1631 2842 1685 factum
2878 1632 2982 1687 sit?
3013 1632 3289 1703 Siquidem
3327 1632 3470 1686 nulla

1886 1722 1937 1775 in
1962 1722 2119 1775 Verbi
2151 1733 2403 1776 naturam
2434 1722 2628 1776 cadere
2655 1733 2834 1791 potest
2861 1724 3117 1779 mutatio.
3140 1724 3224 1789 Et,
3250 1726 3291 1776 si
3313 1724 3480 1778 frater

1888 1826 2071 1868 nnster
2097 1824 2198 1877 est,
2231 1816 2505 1882 quomodo
2528 1812 2808 1885 Unigeniti
2842 1816 3069 1885 gloriam
3102 1816 3302 1871 habet?
3334 1815 3480 1869 Sane

179 1906 341 1957 οὐδὲν
372 1901 534 1975 ἧττόν
569 1909 684 1959 ἐστι
720 1906 853 1969 Θεός
873 1924 887 1938 ο
919 1907 1013 1959 καὶ
1037 1906 1348 1978 Μονυγενὴς
1383 1908 1481 1977 μὲν
1522 1905 1599 1971 ὡς
1629 1906 1781 1972 Θεὸς,

1891 1905 2012 1959 licet
2053 1905 2251 1959 factum
2294 1908 2366 1959 sit
2407 1921 2557 1969 caro,
2596 1904 2737 1961 Deus
2774 1917 2951 1962 tanien
2988 1924 3107 1963 esse
3149 1924 3253 1961 non
3297 1907 3475 1961 desiit.

181 1998 535 2070 πρωτότοκος
564 1998 619 2051 δὲ
650 1998 737 2052 διὰ
763 1998 853 2051 τὸν
884 1997 1228 2070 ἀνθρώπινον
1255 1999 1512 2069 σταυρόν.

267 2174 525 2247 Ἰωάννης
556 2179 829 2248 μαρτυρεῖ
874 2177 1003 2249 περὶ
1049 2178 1238 2240 αὑτοῦ,
1282 2178 1378 2231 καὶ
1424 2178 1666 2247 κέκραγε
1696 2177 1782 2229 λέ-

180 2284 302 2335 γων
326 2284 337 2297 ·
380 2287 397 2319 ι
438 2263 606 2333 Οὗτος
643 2265 734 2340 ἦν,
765 2270 824 2323 ὃν
872 2265 1027 2323 εἷπον
1052 2286 1065 2302 ⁸
1111 2269 1168 2322 '0
1190 2270 1366 2323 ὀπίσω
1414 2287 1516 2339 μου
1556 2268 1787 2340 ἐρχόμε-

186 2377 306 2423 νος,
338 2360 651 2433 ἔμπροσθέν
686 2380 786 2433 μου
816 2362 1059 2431 γέγονεν,
1084 2364 1165 2417 ὅτι
1196 2363 1410 2432 πρῶτός
1428 2379 1541 2431 μου
1573 2356 1674 2430 ἦν·
1704 2362 1786 2413 ὅτι

176 2456 247 2506 ἐκ
281 2454 375 2506 τοῦ
412 2454 786 2525 πληρώματος
817 2453 983 2508 αὑτοῦ
1010 2456 1170 2525 ἡμεῖς
1204 2455 1407 2516 πάντες
1438 2453 1729 2524 ἐλάϐομεν.
1762 2474 1778 2503 ι

189 2547 451 2615 Ἰωάννης
486 2531 619 2615 φησὶ
654 2548 784 2617 περὶ
836 2546 930 2599 τοῦ
974 2545 1242 2616 Χριστοῦο
1283 2564 1299 2595 ι
1352 2546 1409 2597 '0
1460 2545 1641 2598 ὀπίσω
1680 2563 1784 2616 μου

180 2634 487 2705 ἐρχόμενος
537 2655 555 2686 ι
598 2634 922 2705 (τουτέστιν,
963 2634 1020 2687 Ὀ
1052 2634 1172 2703 μετ’
1202 2633 1302 2702 ἐμὲ
1342 2633 1747 2704 φανερούμενος
1774 2650 1787 2663 ·

176 2725 241 2777 ὃν
260 2724 421 2787 αὐτὸς
448 2724 681 2795 ἐκήρυξε
708 2724 973 2791 δηλονότι,
994 2742 1011 2775 ι
1039 2722 1349 2792 ἔμπροσθέν
1370 2740 1473 2791 μου
1493 2722 1733 2793 γέγονε),
1760 2742 1778 2773 ι

174 2817 433 2869 τουτέστι
467 2816 765 2887 πρωτεύων
802 2817 941 2869 κατὰ
965 2815 1064 2886 τὴν
1097 2814 1287 2880 δόξαν·
1324 2814 1418 2868 καὶ
1447 2814 1556 2884 γὰρ
1579 2811 1649 2886 ἧν
1693 2816 1785 2869 καὶ

174 2910 237 2960 ἐν
261 2908 496 2977 ὑπάρξει
526 2908 765 2978 πρῶτος,
794 2907 869 2970 ὼς
897 2908 1048 2968 Θεός.
1085 2908 1209 2970 Πῶς
1234 2902 1328 2958 οὖν
1355 2908 1472 2975 μετ’
1519 2908 1681 2961 αὑτὸν
1713 2907 1786 2981 [ό]

175 3002 290 3072 πρὸ
321 2998 487 3052 αὑτοῦ
548 3002 690 3052 κατὰ
726 3000 950 3070 χρόνον;
992 2999 1114 3051 Ὅτι
1142 2998 1274 3061 Θεὸς
1306 2993 1373 3068 ἦν
1398 3001 1426 3051 ό
1462 3000 1659 3067 Λόγος,
1692 3001 1787 3055 καὶ

174 3090 378 3157 γέγονε
433 3089 603 3161 σάρξ·
654 3089 795 3159 ἔχων
828 3090 927 3159 μὲν
960 3089 1019 3141 τὸ
1049 3088 1375 3158 πρωτεύειν,
1429 3090 1565 3143 καθὸ
1614 3093 1787 3161 Λόγος

176 3182 301 3235 ἐστί
324 3198 338 3212 ο
392 3180 727 3251 δευτερεύων
765 3182 822 3234 δὲ
851 3181 992 3235 κατὰ
1040 3182 1142 3252 τὴν
1172 3180 1371 3252 σάρκα.
1408 3183 1471 3235 Εἰ
1507 3182 1563 3235 δὲ
1596 3184 1689 3237 καὶ
1721 3185 1785 3236 ὲκ

1892 1996 2212 2063 Uuigenitus
2244 1998 2469 2066 proinde
2503 2008 2586 2052 cst
2617 2009 2675 2052 ut
2706 1998 2886 2066 Deus;
2922 1999 3315 2071 primogenitus
3347 2013 3476 2053 veru

1887 2097 2108 2157 promer
2137 2104 2353 2143 crucem
2390 2089 2708 2144 lmmunitns
2741 2102 3075 2158 susceptam.

1959 2180 2197 2236 Joannes
2235 2181 2605 2236 testimonium
2641 2183 2890 2252 perhibet
2923 2183 2987 2235 de
3022 2183 3165 2259 ipso,
3191 2196 3245 2240 et
3278 2187 3480 2243 clamat

1887 2272 2073 2326 dicens
2107 2290 2121 2326 :
2162 2290 2179 2323 ι
2220 2271 2316 2327 llic
2351 2283 2469 2326 erat
2502 2287 2661 2341 quem
2695 2273 2805 2327 dixi
2839 2294 2851 2328 :
2886 2272 2989 2340 Qui
3022 2285 3144 2344 post
3174 2293 3259 2333 me
3286 2288 3481 2334 ventu-

1888 2378 1983 2418 rus
2013 2372 2133 2427 est,
2167 2374 2291 2417 ante
2325 2380 2408 2417 me
2440 2363 2615 2417 factus
2645 2374 2762 2427 est,
2793 2365 2917 2433 quia
2948 2367 3097 2436 prior
3124 2382 3211 2423 me
3240 2380 3380 2425 erat.
3409 2370 3478 2424 Et

1888 2454 1953 2509 de
1973 2453 2438 2524 plenitudine-ejus
2460 2470 2556 2509 nos
2574 2470 2763 2509 omnes
2780 2458 3091 2525 accepimus
3108 2458 3175 2513 ⁸⁸.
3202 2478 3219 2511 ι
3243 2460 3479 2516 Joannes

1887 2542 1954 2595 de
1979 2542 2196 2596 Christo
2222 2542 2336 2595 ait:
2364 2562 2385 2594 ι
2424 2544 2525 2608 Qui
2556 2553 2675 2612 post
2702 2559 2785 2597 me
2810 2544 2991 2607 venit,
3026 2564 3044 2597 ι
3080 2546 3183 2601 hoc
3211 2557 3324 2616 est,
3355 2557 3479 2619 post

1888 2646 1975 2686 me
2007 2630 2401 2695 manifestatns,
2431 2647 2588 2699 quem
2618 2631 2828 2685 scilicet
2855 2631 2972 2700 ipse
3002 2635 3338 2703 pnedicavit,
3375 2657 3393 2691 ι
3431 2638 3479 2693 is

1888 2721 2038 2789 prior
2068 2737 2151 2775 me
2182 2730 2283 2786 est,
2328 2741 2346 2773 ι
2385 2723 2483 2775 hoc
2515 2731 2619 2786 est,
2652 2722 2915 2791 dignitate
2943 2735 2993 2778 et
3026 2725 3196 2795 gloria
3229 2743 3313 2782 me
3341 2744 3478 2799 prte-

1887 2822 1993 2868 Stat
2038 2831 2050 2865 :
2094 2828 2220 2868 nam
2267 2822 2323 2868 et
2370 2813 2486 2882 ipsa
2532 2829 2748 2882 quoque
2796 2814 3094 2869 exsistendi
3141 2818 3375 2883 ratione,
3420 2829 3479 2874 ut

1888 2902 2051 2970 Deus,
2083 2908 2232 2974 prior
2255 2912 2392 2958 erat.
2423 2904 2705 2970 Quomodo
2732 2919 2860 2975 ergo
2892 2906 3032 2959 idem
3061 2904 3271 2964 Joanne
3327 2911 3477 2978 prior

1887 3007 1939 3051 et
1978 2996 2249 3065 posterior
2283 2996 2583 3049 secundum
2627 3005 2839 3063 tempus
2877 2997 3122 3051 exstitit?
3157 2997 3293 3066 Quia
3327 2999 3468 3055 Ver-

1889 3089 2011 3143 bum
2055 3087 2194 3142 Deus
2230 3098 2369 3150 erat,
2407 3096 2461 3141 et
2505 3086 2702 3141 factum
2744 3096 2827 3142 est
2869 3104 3017 3143 caro.
3058 3089 3215 3145 Prius
3252 3092 3477 3162 proinde

1888 3192 2003 3235 erat
2036 3178 2373 3243 utVerbum,
2405 3179 2676 3247 posterius
2704 3194 2833 3233 vero
2864 3190 2918 3232 ut
2951 3181 3131 3234 homo.
3156 3181 3242 3246 Et,
3278 3184 3320 3236 si
3350 3199 3475 3238 om-

173 3273 275 3327 τοῦ
300 3272 668 3344 πληρώματος
693 3272 857 3326 αὑτοῦ
883 3273 1083 3334 πὰντες
1110 3275 1514 3344 μετεσχήκασιν
1563 3276 1611 3326 οἱ
1641 3276 1782 3342 ἆγιοι

1890 3288 1985 3325 nes
2008 3271 2181 3324 sancti
2204 3270 2272 3324 de
2295 3270 2437 3323 illius
2463 3271 2795 3337 plenitudine
2820 3272 3149 3338 hauserunt;
3175 3273 3286 3327 sola
3314 3289 3472 3342 porro

187 3365 427 3436 (πλῆρες
452 3366 506 3417 δὲ
545 3366 705 3435 μόνον
737 3365 853 3417 ἐστί
898 3365 960 3417 τὸ
987 3364 1163 3429 Θεῐον,
1200 3365 1344 3418 καθά
1372 3383 1537 3435 φησιν
1563 3366 1651 3419 διὰ
1687 3366 1786 3436 τῆς

194 3460 423 3512 Ἡσαΐου
454 3458 683 3529 φωνῆς),
720 3458 923 3533 πρέποι
956 3457 1023 3511 ἂν
1049 3458 1197 3528 αὑτῷ
1219 3475 1277 3511 τε
1310 3459 1401 3512 καὶ
1432 3459 1577 3529 μόνῳ
1600 3459 1681 3522 τὸ,
1712 3459 1786 3522 ώς

176 3551 241 3616 ἐξ
271 3552 406 3603 ἰδίου
434 3550 823 3621 πληρώματος,
850 3549 1044 3603 ἑαυτοῦ
1080 3552 1347 3622 μετόχους
1373 3551 1727 3623 ἀποπληροῦν
1755 3551 1781 3591 ἀ

180 3644 429 3714 ἑτέρους.
464 3644 726 3713 Πέπραχε
754 3643 811 3695 δὲ
836 3641 997 3695 τοῦτο
1024 3643 1284 3713 Χριστός.
1342 3639 1435 3705 Εἷς
1484 3642 1593 3713 ἄρα
1637 3643 1785 3695 ἐστὶν

181 3736 317 3799 Υἱὸς
356 3735 451 3788 καὶ
483 3734 685 3807 Κύριος
714 3735 742 3787 ὁ
786 3738 850 3789 ὲκ
894 3734 1031 3787 Θεοῦ
1068 3736 1243 3803 Λόγος
1289 3736 1582 3806 γενόμενος
1622 3735 1780 3807 σὰρξ,

182 3828 350 3891 αὐτὸς
379 3828 512 3892 Θεός
540 3844 601 3880 τε
630 3826 766 3898 ὁμοῦ
810 3827 904 3880 καὶ
949 3827 1257 3899 ἄνθρωπος.
1301 3829 1455 3896 ’Ἑχοι
1495 3829 1539 3881 δ’
1573 3829 1639 3881 ἂν
1689 3827 1783 3896 τὴν

180 3919 430 3972 διάνοιαν
461 3920 522 3972 τὸ
568 3918 770 3990 ἐφεξῆς
818 3918 1020 3991 ῥητόν·
1082 3938 1098 3971 ι
1145 3911 1315 3981 Οὗτός
1368 3922 1502 3981 ἐστι,
1541 3918 1671 3989 περὶ
1722 3911 1783 3970 οῦ

184 4012 304 4080 ἐγὼ
340 4009 515 4064 εἷπονσ
558 4011 769 4065 Ὀπίσω
802 4029 903 4083 μου
937 4011 1155 4083 ἔρχεται
1200 4012 1359 4081 ἀνὴρ,
1392 4011 1448 4074 ὃς
1478 4009 1785 4080 ἔμπροσθέν

190 4122 297 4174 μου
328 4104 573 4172 γέγονεν,
602 4103 684 4156 ὅτι
725 4103 941 4175 πρῶτός
975 4120 1084 4174 μου
1113 4098 1199 4173 ἦν.
1236 4121 1253 4153 ι
1305 4102 1437 4154 Ἰδοὺ
1469 4102 1575 4171 γὰρ
1616 4101 1791 4168 ἄνδρα·

184 4192 367 4261 λέγων
396 4194 579 4260 αὑτὸν,
610 4194 701 4245 καὶ
723 4193 1019 4264 ἐρχόμενον
1046 4193 1243 4258 ὀπίσω,
1270 4192 1483 4263 πρῶτον
1514 4187 1651 4245 εἷναί
1682 4208 1783 4261 φη-

191 4302 280 4338 σιν
305 4284 379 4347 ὼς
413 4284 580 4337 Θεόν’
619 4303 640 4336 ι
686 4284 780 4339 Ἔν
810 4285 951 4355 ἀρχῇ
984 4284 1092 4355 γὰρ
1122 4280 1189 4355 ἦν
1232 4285 1259 4336 ό
1299 4283 1489 4351 Λόγος,
1523 4284 1616 4335 καὶ
1652 4283 1783 4345 Θεὸς

187 4373 261 4448 ἦν
291 4376 319 4429 ὁ
346 4376 537 4445 Λόγος.

272 4488 289 4519 ι
328 4469 437 4520 Καὶ
481 4466 863 4539 ἐμαρτύρησεν
905 4468 1160 4536 Ἰωάννης
1210 4466 1407 4534 λέγων,
1458 4466 1539 4518 ὃτι
1579 4463 1777 4517 Τεθέα-

196 4578 297 4631 μαι
325 4560 384 4612 τὸ
413 4559 639 4630 Πνεῦμα
692 4559 1026 4612 καταϐαῖνον
1061 4559 1195 4610 ὡσεὶ
1240 4555 1571 4627 περιστερὰν
1604 4556 1663 4620 ἐξ
1691 4558 1783 4609 ού-

192 4649 385 4723 ρανοῦ,
418 4652 509 4703 καὶ
550 4650 709 4721 μένον
744 4650 830 4703 ἐπ’
858 4651 1021 4703 αὐτόν
1042 4667 1056 4680 ·
1090 4649 1244 4717 κάγὼ
1274 4649 1330 4701 δὲ
1371 4649 1471 4701 οὐκ
1502 4648 1647 4718 ⁴ᾔδειν
1681 4648 1780 4699 αὑ-

190 4746 321 4797 τόνο
375 4742 486 4795 ἀλλ’
520 4745 548 4795 ό
577 4741 802 4811 πέμψας
861 4759 927 4811 με
968 4741 1251 4811 βαπτίζειν
1280 4742 1337 4793 ἐν
1374 4739 1549 4801 ὕδατι,
1578 4742 1783 4802 ἐκεῖνός

196 4856 289 4909 μοι
341 4831 523 4889 εἶπεν·
562 4833 677 4903 Ἐφ’
704 4834 761 4887 ὃν
804 4834 869 4888 ἂν
895 4834 1010 4904 ἴδῃς
1055 4832 1115 4885 τὸ
1157 4831 1383 4901 Πνεῦμα
1432 4831 1779 4892 καταϐαῖνον,

192 4930 293 4982 καὶ
328 4930 485 4999 μένον
517 4927 603 4981 ἐπ’
632 4927 815 4991 αὑτὸν,
857 4919 1011 4985 οὗτός
1056 4926 1203 4978 ἐστιν
1232 4926 1259 4977 ό
1293 4924 1572 4995 βαπτίζων
1619 4924 1677 4975 ὲν
1704 4922 1781 4992 τῷ

195 5019 477 5089 Πνεύματι
526 5017 604 5088 τῷ
652 5017 813 5088 ἁγίῳ.
849 5016 1019 5085 Κάγὼ
1069 5016 1311 5087 ἑώρακα,
1356 5015 1452 5069 καὶ
1503 5014 1786 5085 μεμαρτύ-

200 5127 344 5183 ρηκα
376 5112 458 5163 ὃτι
487 5104 639 5171 οὗτός
661 5112 809 5162 ἐστιν
840 5110 865 5163 ό
896 5108 1023 5171 Υἱὸς
1052 5108 1146 5161 τοῦ
1173 5106 1328 5160 Θεοῦ.
1369 5125 1387 5157 ›
1426 5107 1566 5177 Ὅρα
1597 5105 1785 5175 σαφῶς

194 5222 256 5256 τε
290 5203 383 5255 καὶ
414 5204 659 5274 ἐναργῶς
689 5204 746 5255 ὲν
776 5203 987 5264 τούτοις
1016 5202 1109 5254 τὸν
1140 5200 1343 5272 Κύριον
1373 5198 1531 5270 ήμῶν
1576 5199 1783 5270 Ἰησοῦν

197 5294 291 5346 τὸν
321 5294 575 5364 Χριστὸν,
601 5294 890 5364 δεχόμενον
924 5294 1021 5363 μὲν
1066 5290 1425 5362 ἀνθρωπίνως
1467 5290 1528 5342 τὸ
1559 5290 1784 5361 Πνεῦμα

196 5387 288 5441 διὰ
316 5388 413 5457 τὴν
447 5388 583 5457 μετὰ
615 5387 816 5458 σαρκὸς
858 5385 1169 5455 οἰκονομίαν
1213 5383 1494 5455 (πλούσιος
1542 5382 1650 5455 γὰρ
1680 5381 1778 5447 ὢν,

1890 3363 2175 3425 divinitas,
2204 3362 2356 3431 juxta
2390 3361 2541 3415 Isaiae
2576 3377 2761 3415 vocem
2792 3364 2861 3426 ",
2894 3364 3139 3417 absolute
3169 3366 3321 3432 plena
3352 3376 3470 3429 est;

1891 3455 1989 3524 ipsi
2020 3454 2116 3508 soli
2149 3454 2422 3518 convenit,
2452 3464 2508 3505 nt
2542 3468 2636 3505 sua
2669 3453 2838 3522 ipsius
2874 3455 3209 3522 plenitudine
3239 3457 3471 3509 aliorum

1891 3547 2083 3616 inopia:
2117 3547 2419 3601 subveniat.
2456 3547 2711 3601 Prmstitit
2746 3555 2923 3599 autem
2961 3550 3061 3600 hoc
3096 3549 3267 3615 ipsum
3305 3549 3467 3603 Chri-

1889 3648 2033 3705 stus;
2074 3640 2412 3693 incarnutmn
2456 3640 2633 3706 itaque
2674 3636 2763 3691 ι)ρὶ
2799 3636 3035 3691 Verbum
3076 3653 3213 3691 tttttts
3247 3647 3329 3691 est
3368 3637 3476 3692 Do-

1889 3732 2065 3784 minus
2113 3741 2162 3784 et
2218 3729 2421 3795 Filius,
2471 3730 2722 3797 idemque
2777 3727 2913 3782 Deus
2962 3729 3120 3781 simul
3177 3739 3233 3783 et
3283 3730 3469 3784 homo.

1889 3820 2143 3890 Ejusdem
2192 3822 2475 3873 sententia
2525 3830 2639 3881 est,
2690 3820 2831 3887 quod
2884 3835 3005 3872 tuo:
3058 3820 3409 3889 snbjnngitur
3456 3840 3467 3875 :

1894 3932 1911 3965 ι
1953 3913 2049 3966 llic
2078 3922 2196 3973 est,
2232 3912 2438 3979 inquit,
2474 3914 2538 3965 de
2573 3926 2678 3978 quo
2712 3911 2818 3963 dixi
2854 3929 2867 3963 :
2906 3910 3032 3965 Post
3067 3926 3151 3965 me
3185 3912 3330 3966 venit
3364 3914 3468 3977 vir,

1886 4006 1976 4074 qui
2008 4014 2135 4058 ante
2169 4019 2251 4057 me
2281 4004 2459 4057 factus
2487 4013 2597 4067 est,
2636 4002 2759 4070 quin
2794 4003 2943 4071 prior
2970 4016 3053 4055 me
3083 4012 3199 4056 erat
3224 4004 3292 4058 ’°.
3322 4024 3341 4056 ι
3368 4003 3472 4071 Ειι,

1889 4096 2011 4150 licet
2049 4095 2222 4147 virum
2265 4103 2452 4157 vocet,
2491 4102 2541 4145 et
2582 4102 2699 4161 post
2738 4106 2797 4146 se
2832 4092 3132 4146 venientem
3173 4093 3470 4162 praedicet,

1885 4188 2182 4241 secundum
2222 4186 2559 4238 divinitatem
2599 4195 2775 4239 tamen
2814 4199 2870 4238 se
2905 4185 3143 4253 priorem
3178 4183 3412 4239 aﬂirmat
3450 4203 3465 4241 :

1886 4297 1908 4330 ς
1949 4276 2002 4332 1η
2035 4278 2304 4347 principio
2332 4276 2477 4330 enim
2512 4286 2631 4330 erat
2652 4274 2883 4330 Verbum
2903 4313 2919 4340 ,
2946 4286 3001 4329 et
3031 4273 3173 4331 Deus
3201 4283 3321 4331 erat
3342 4276 3474 4331 Ver-

1887 4373 2010 4427 bum
2038 4371 2106 4423 ⁶¹.
2143 4388 2159 4421 ι

1964 4479 1980 4512 ι
2021 4460 2083 4514 Et
2116 4459 2484 4514 testimonium
2514 4459 2789 4527 perhibuit
2812 4458 3055 4516 Joannes
3080 4460 3305 4517 dicens:
3333 4461 3470 4530 Quia

1884 4552 1993 4605 vidi
2050 4552 2311 4621 Spiritum
2362 4551 2782 4605 descendentem
2836 4552 2991 4621 quasi
3043 4551 3351 4607 columbam
3403 4555 3470 4607 de

1890 4644 2055 4708 cado,
2100 4654 2152 4697 et
2219 4642 2418 4695 umnsit
2479 4658 2643 4712 super
2706 4658 2849 4696 emn.
2913 4642 2978 4696 Et
3024 4658 3122 4713 ego
3165 4644 3471 4698 nesciebam

1890 4753 2011 4792 eum
2044 4755 2056 4791 :
2086 4738 2179 4791 sed
2212 4736 2304 4806 qui
2339 4736 2491 4789 misit
2524 4751 2607 4789 me
2638 4736 2914 4804 baptizare
2948 4736 2998 4791 in
3027 4752 3193 4805 aqua,
3222 4736 3310 4792 ille
3341 4739 3470 4792 mihi

1890 4830 2064 4883 dixit:
2094 4828 2270 4897 Sulter
2295 4844 2455 4895 quem
2486 4828 2685 4881 videris
2720 4827 2984 4896 Spiritum
3015 4829 3471 4893 descendentem,

1891 4932 1945 4978 et
1973 4929 2276 4977 manentem
2306 4936 2471 4989 super
2493 4935 2637 4985 eum,
2665 4920 2751 4975 hic
2776 4931 2860 4973 est
2885 4921 2975 4990 qui
3006 4916 3245 4990 baptizat
3270 4920 3321 4974 in
3351 4920 3475 4989 Spi-

1892 5015 1998 5069 ritu
2039 5024 2247 5068 sancto.
2290 5013 2352 5065 Et
2391 5027 2489 5081 ego
2526 5012 2669 5073 vidi,
2709 5021 2764 5065 et
2809 5011 3181 5067 testimonium
3222 5012 3471 5081 perhibui

1891 5106 2021 5177 quia
2052 5114 2133 5159 est
2164 5102 2333 5157 Filius
2368 5103 2457 5156 Dei
2482 5104 2548 5155 ".
2586 5122 2606 5153 θ
2640 5100 2717 5154 Ειι
2750 5110 3040 5169 utrumque
3070 5101 3217 5156 clare
3246 5102 3469 5155 eviden-

1891 5207 2079 5266 terque
2109 5206 2373 5250 assertum
2405 5194 2491 5248 hic
2522 5194 2721 5260 habes;
2752 5208 2943 5263 nempe
2975 5194 3259 5246 Dominum
3282 5191 3469 5248 Jesum

1888 5289 2161 5344 Christum
2214 5296 2430 5356 propter
2474 5285 2655 5340 carnis
2701 5285 2917 5353 quidem
2967 5285 3356 5350 (economiam,
3409 5295 3470 5340 ut

1894 5378 2051 5451 114
2084 5379 2359 5434 hominem
2396 5376 2655 5445 Spiritum
2694 5385 2941 5431 sanctum
2978 5376 3255 5447 accipere,
3292 5376 3470 5445 siqui-

280 5544 535 5599 "JUﬂltJ
567 5546 645 5600 l4.
709 5546 749 5577 "
778 5543 941 5602 Hebr.
964 5543 1131 5613 11,“.
1187 5540 1472 5609 "Joatm,
1509 5540 1592 5604 l5,
1630 5539 1715 5594 16.
1760 5540 1771 5570 ¹

1887 5554 1929 5592 a.
1960 5554 2031 5605 γι,
2063 5539 2117 5593 5.
2171 5535 2391 5593 "Joan.
2426 5551 2465 5602 ι,
2496 5533 2584 5591 50.
2622 5535 2663 5566 ¹¹
2685 5533 2839 5593 Joan.
2870 5550 2910 5602 ι,
2942 5534 2992 5591 1.
3052 5537 3096 5568 ²¹
3122 5534 3251 5592 ibid.
3280 5534 3465 5593 52-34.

1274 5700 1449 5755 Varia‘;
1481 5698 1740 5755 lectiones
1770 5696 1973 5753 codicis
2010 5694 2373 5767 Seguicriani.

293 5833 321 5875 ἀ
354 5835 655 5890 ἀποτελεῖν.
