4092 6334
582 350 717 408 1315

1605 360 1666 415 S.
1707 354 1975 415 CYRlLLl
2016 350 2485 409 ALEXANDRINI
2526 350 2848 408 ARClllEP.

3676 351 3818 405 1516

578 466 699 521 dem
735 480 757 518 ι
789 478 912 520 cum
940 465 1092 525 dives
1118 477 1282 538 esset,
1312 471 1482 528 nostri
1512 485 1673 528 causa
1705 474 1881 529 factus
1909 481 1991 528 est
2016 485 2141 543 ege-

2254 464 2552 535 ὲπτώχευσε
2587 464 2654 517 δι’
2698 467 2863 536 ἡμᾶς)
2887 507 2901 530 ,
2937 466 3263 537 βαπτίζοντα
3298 465 3354 518 δὲ
3401 462 3595 525 θεῖκῶς
3635 462 3694 514 έν
3735 463 3819 530 τῷ

581 572 683 610 nus
702 556 750 590 ³³
790 574 839 623 ι,
878 564 994 615 lum
1035 561 1287 619 eumdem
1328 577 1541 617 rursum
1586 572 1839 635 tanquam
1881 566 2047 621 Deum
2090 566 2145 620 in

580 645 789 716 Spiritu
816 660 1009 708 sancto
1036 652 1304 723 baptisma
1334 652 1604 708 conferre.
1634 655 1705 709 At
1735 657 1787 709 in
1818 672 1977 726 quem
2002 698 2017 724 ,
2046 658 2145 712 ob-

579 753 757 809 secro,
784 743 1073 799 convenire
1100 752 1281 813 queat,
1310 744 1545 813 Spiritus
1575 745 1747 799 sancti
1780 751 2010 815 gratiam
2043 750 2146 804 im-

580 833 803 903 pertiri,
845 834 948 889 nisi
992 834 1044 889 in
1081 848 1267 889 verum
1308 842 1364 887 et
1406 832 1705 888 naturalem
1748 827 1957 891 Deum?
1996 838 2147 895 Unus

581 942 710 995 ergo
736 936 818 981 est
847 924 1117 990 Christus,
1147 939 1285 980 unus
1315 919 1507 991 Filius,
1537 932 1596 979 ut
1624 925 1959 994 evangelista
1992 929 2142 984 testi-

583 1016 796 1071 ﬁcatur.

657 1125 677 1158 ι
718 1101 784 1161 Et
815 1118 946 1176 ego,
983 1104 1186 1173 inquit.
1216 1105 1359 1172 vidi,
1394 1116 1450 1163 et
1488 1104 1855 1162 testimonium
1895 1106 2142 1174 perhibui

581 1197 706 1266 quia
743 1196 827 1250 hic
847 1203 927 1249 est
960 1194 1128 1249 Filius
1169 1193 1261 1253 Dci
1284 1198 1351 1250 ".
1382 1217 1401 1250 ι
1440 1196 2023 1267 Ecquisnamlticerat?
2057 1195 2147 1250 ille

582 1290 696 1356 ipse
735 1286 940 1355 utique,
979 1301 1137 1355 quem
1181 1288 1397 1356 quidem
1445 1298 1502 1341 ut
1547 1288 1840 1356 hominem,
1885 1286 2143 1358 Spiritum

581 1384 825 1428 sanctum
856 1374 1067 1431 viderat
1094 1379 1432 1445 suscepisse;
1464 1386 1522 1432 ut
1555 1378 1719 1433 Deum
1746 1392 1908 1443 vero,
1941 1378 1991 1432 in
2023 1378 2147 1448 Spi~

583 1461 691 1515 ritu
748 1468 936 1517 sancto
971 1464 1248 1533 baptiZare
1280 1465 1561 1521 didicerat.

659 1570 680 1603 ι
715 1550 771 1607 Si
806 1564 1018 1609 terrena
1047 1555 1155 1609 dixi
1180 1555 1354 1618 vobis,
1386 1566 1573 1611 etnon
1606 1558 1849 1625 creditis,
1876 1559 2147 1628 quomodo

581 1643 626 1698 si
654 1642 845 1699 dixero
869 1646 1022 1700 vobis
1045 1645 1310 1709 coeleatia,
1336 1646 1602 1702 credetis?
1626 1644 1693 1701 Et
1722 1664 1879 1703 nemo
1906 1651 2147 1704 ascendit

583 1731 636 1786 in
662 1734 882 1799 coelum,
908 1735 1009 1789 nisi
1038 1736 1130 1805 qui
1161 1736 1437 1791 descendit
1461 1737 1529 1792 de
1554 1737 1693 1791 coelo
1718 1736 1887 1794 Filius
1914 1740 2148 1795 hominis

582 1824 673 1893 qui
714 1832 799 1880 est
843 1825 896 1879 in
937 1826 1160 1881 caelo".
1207 1846 1226 1879 ι
1273 1819 1552 1894 Quomodo
1592 1829 1871 1883 descendit
1910 1832 1975 1885 de
2013 1832 2151 1887 ctelo
2181 1826 2222 1879 Β

580 1915 750 1970 Filius
780 1916 1038 1983 hominis,
1067 1916 1335 1987 siquidem
1365 1929 1518 1973 sacra
1555 1917 1643 1973 illa
1674 1934 1801 1974 caro
1829 1934 1892 1976 ex
1925 1922 2152 1978 muliere

584 2017 709 2060 nata
747 2008 860 2062 est?
895 2005 1024 2062 Erat
1064 2023 1193 2063 sane
1231 2025 1360 2064 caro
1388 2009 1550 2065 Verbi
1590 2013 1734 2080 quod
1776 2012 1843 2066 de
1883 2012 2020 2068 caalo
2057 2014 2152 2069 de-

582 2097 888 2163 scenderat,
919 2098 1134 2166 propria
1169 2115 1186 2154 :
1219 2114 1356 2155 unus
1389 2109 1474 2155 est
1506 2100 1672 2171 igitur
1701 2101 1947 2157 Christus
1977 2113 2031 2156 et
2062 2102 2151 2158 Fi-

584 2186 704 2242 lius.
728 2189 832 2253 ita,
859 2203 978 2258 quae
998 2189 1160 2245 Verbi
1190 2200 1343 2255 sunt,
1368 2192 1581 2262 propria
1609 2193 1791 2248 carnis
1817 2192 1956 2249 facta
1983 2204 2108 2249 sunt
2133 2209 2148 2248 :

581 2290 704 2343 quae
722 2291 851 2332 vero
875 2278 1057 2333 carnis
1081 2287 1228 2347 sunt,
1260 2280 1477 2349 propria
1502 2282 1663 2337 Verbi
1693 2288 2007 2351 evaserunt,
2035 2282 2149 2339 sola

583 2368 786 2435 peccati
816 2368 936 2424 labe
964 2379 1209 2439 excepta.
1398 2374 1399 2377 ‘

656 2565 675 2598 ι
709 2546 773 2601 Ει
800 2552 939 2601 sicut
964 2546 1175 2619 Moyses
1201 2546 1463 2602 exaltavit
1489 2534 1798 2617 serpentem
1826 2546 1880 2601 itt
1910 2548 2149 2612 deserto,

583 2637 657 2692 ita
697 2637 922 2691 exaltari
960 2647 1173 2707 oportet
1213 2637 1411 2692 Filium
1449 2638 1716 2705 hominis;
1754 2647 1812 2692 ut
1847 2638 2023 2692 omnis
2061 2637 2152 2707 qui

582 2730 758 2783 credit
786 2728 839 2783 in
869 2730 1065 2796 ipsum,
1094 2743 1199 2783 non
1229 2738 1441 2798 pereat,
1469 2728 1561 2783 sed
1590 2729 1786 2784 habeat
1809 2729 1973 2782 vitam
1997 2736 2155 2783 aeter-

584 2837 707 2876 nam
725 2823 793 2875 ".
828 2840 847 2873 ι
877 2822 1170 2891 Serpentes
1196 2821 1249 2874 in
1279 2822 1494 2876 deserto
1520 2820 1791 2876 morsibus
1817 2820 1957 2876 iilios
1982 2818 2154 2875 Israel

584 2912 911 2967 infestabant
937 2930 950 2965 :
978 2927 1099 2967 mox
1126 2912 1502 2967 universorum
1531 2912 1792 2968 Dominus
1820 2910 1989 2981 Moysi
2020 2927 2149 2980 pne-

582 3004 713 3067 ciuit
746 3012 805 3057 ut
836 3017 1040 3057 anteum
1078 3013 1381 3073 serpentem
1416 3003 1645 3059 sublime
1678 3007 1993 3075 suspendat.
2030 3023 2049 3056 ι
2090 3005 2156 3058 Et

583 3095 708 3159 erit,
741 3094 934 3162 inquit,
968 3095 1013 3148 si
1050 3096 1322 3149 hominem
1352 3110 1575 3165 serpens
1606 3097 1983 3163 momorderit,
2016 3105 2070 3152 et
2102 3096 2152 3150 in

583 3197 886 3255 serpentem
919 3189 1190 3256 respiciet,
1223 3197 1275 3241 et
1302 3162 1531 3244 vivet”.
1566 3207 1585 3242 ›
1620 3189 1822 3259 Ecquid
1850 3162 1993 3246 istud
2023 3191 2153 3245 arni-
2180 3162 2223 3221 θ

584 3295 705 3347 gma
734 3280 833 3333 sibi
864 3279 1006 3332 vult?
1034 3278 1141 3333 Cur
1168 3281 1441 3333 sublatum
1473 3291 1778 3350 serpentem
1810 3282 2153 3350 conspicatus

584 3372 692 3424 vita
723 3370 987 3425 donatur?
1014 3369 1359 3436 Unigenitutn
1392 3371 1485 3426 Dei
1509 3371 1760 3438 Verbum,
1790 3373 1933 3442 quod
1963 3382 2152 3441 suapte

589 3473 778 3514 natura
808 3462 913 3515 vita
946 3471 1061 3524 est,
1097 3461 1257 3515 homo
1291 3460 1495 3515 factum
1527 3472 1610 3517 est
1640 3463 1744 3533 (est
1776 3472 1955 3517 autem
1990 3462 2151 3515 homo

586 3568 673 3607 res
697 3553 939 3623 mundam
968 3557 1125 3609 noxia
1147 3596 1160 3617 ,
1189 3557 1426 3623 serpenti
1456 3570 1560 3607 non
1592 3552 1877 3624 absimilis)
1904 3571 1918 3606 :
1946 3562 2002 3606 at
2024 3568 2150 3607 vero

587 3646 715 3700 licet
753 3655 809 3699 ut
846 3647 1007 3700 homo
1044 3647 1198 3700 nobis
1235 3648 1565 3700 assimilutus
1600 3647 1695 3709 sit,
1734 3647 1777 3700 si
1813 3644 1937 3713 quis
1974 3656 2150 3698 tamen

586 3737 641 3792 in
673 3737 821 3791 illum
853 3738 1144 3806 aspexerit,
1184 3751 1353 3792 morte
1385 3740 1629 3808 superior
1655 3737 1854 3792 evadit.
1888 3735 1994 3791 Sed
2024 3737 2152 3805 quid

586 3827 731 3883 aliud
763 3836 864 3895 est,
895 3827 1145 3894 obsecro,
1180 3830 1229 3881 itt
1270 3829 1413 3882 illum
1452 3829 1675 3893 intueri,
1706 3842 1865 3896 quam
1904 3829 2152 3882 incarna-

587 3918 748 3972 tionis
792 3919 936 3973 illius
982 3920 1295 3989 mysterium
1342 3928 1534 3974 exacto
1576 3929 1937 3988 accurateque
1986 3917 2149 3971 animi

583 4008 786 4076 judicio
820 4010 1152 4079 expendere?
1188 4010 1299 4065 Hac
1335 4022 1569 4079 namque
1602 4009 2065 4073 consideratione,
2100 4016 2153 4061 et

586 4100 881 4166 malorum,
927 4102 1027 4154 ltoc
1075 4111 1193 4167 est,
1239 4101 1515 4155 hominum
1564 4100 1966 4154 similitudinem
2014 4100 2154 4153 obti-

590 4204 749 4254 nere,
780 4201 838 4243 et
869 4191 1111 4245 vivilicus
1149 4208 1395 4254 rursum,
1432 4191 1971 4259 serpentiuorutnque
2006 4206 2151 4244 mor-

585 4295 743 4335 cunm
780 4288 996 4335 curator
1026 4290 1080 4335 et
1117 4280 1434 4349 proﬂigator
1466 4296 1585 4334 esse
1620 4280 2059 4348 deprehenditur,
2096 4288 2153 4333 ιιι

2249 557 2388 628 ἁγίῳ
2436 553 2733 623 Πνεῦματι.
2784 555 2903 606 Τίνι
2950 559 3059 628 γὰρ
3107 560 3172 613 ἂν
3218 555 3416 627 πρέποι
3451 550 3512 604 τὸ
3560 552 3819 620 χορηγεῖν

2247 647 2505 705 δύνασθαι
2551 645 2648 717 τὴν
2697 644 2791 697 τοῦ
2836 645 3149 715 Πνεύματος
3200 649 3377 721 χάριν,
3417 644 3554 714 πλὴν
3607 643 3693 695 ὅτι
3738 639 3823 710 τῷ

2248 741 2406 812 φύσει
2452 756 2512 792 τε
2562 736 2656 791 καὶ
2683 735 2897 807 ἀληθῶς
2945 728 3059 790 ὄντι
3088 739 3239 809 Θεῷ;
3284 734 3379 803 Εἷς
3405 732 3497 792 οῦν
3546 734 3651 807 ἄρα
3688 733 3825 804 Χρι-

2249 834 2370 897 στὸς
2398 833 2492 887 καὶ
2524 830 2681 894 Υἱός⁸
2731 826 2825 881 καὶ
2876 829 3210 899 μαρτυρήσει
3255 831 3427 901 λέγων
3472 830 3500 882 6
3529 824 3822 896 εὐαγγελι-

2249 926 2401 996 στής.

2322 1121 2341 1153 ι
2379 1097 2549 1170 Κάγὼ
2613 1096 2859 1173 ἑώρακα,
2909 1098 3002 1151 καὶ
3062 1113 3486 1169 μεμαρτυρηκα,
3523 1103 3604 1155 ὅτι
3664 1084 3823 1160 οὗτός

2248 1193 2435 1245 έστινό
2455 1194 2580 1258 Υἱὸς
2611 1183 2701 1247 τοῦ
2734 1193 2886 1249 Θεοῦ.
2927 1212 2945 1245 ι
2980 1183 3147 1252 Οὗτος
3175 1189 3255 1253 δὲ,
3289 1187 3470 1256 ποῖος;
3507 1193 3601 1245 Ὃν
3628 1189 3825 1244 τεθέα-

2246 1301 2336 1336 ται
2368 1286 2467 1353 μὲν
2515 1286 2869 1357 ἀνθρωπίνως
2918 1286 2978 1338 τὸ
3023 1281 3244 1351 Πνεῦμα
3282 1281 3589 1352 δεχόμενον,
3628 1276 3737 1334 οἶδε
3765 1279 3825 1331 δὲ

2248 1371 2580 1443 βαπτίζοντα
2611 1376 2809 1440 οεῖκῶς
2839 1379 2897 1431 ὲν
2925 1376 3004 1447 τῷ
3034 1376 3172 1446 ἁγίῳ
3200 1373 3495 1443 Πνεῦματι.

2323 1582 2342 1616 ι
2381 1562 2442 1616 El
2471 1561 2541 1614 τὰ
2568 1562 2785 1629 ἐπίγεια
2802 1554 2953 1615 εἷπον
2974 1563 3122 1633 ὑμῖν,
3156 1561 3250 1615 καὶ
3282 1560 3342 1613 οὐ
3372 1555 3670 1621 πιστεύετε,
3702 1558 3828 1621 πῶς

2248 1655 2342 1709 ἐὰν
2370 1644 2507 1706 εἴπω
2536 1653 2664 1721 ὑμῖν
2691 1650 2761 1703 τὰ
2789 1652 3107 1721 ἐπουράνια,
3132 1651 3480 1715 πιστεύσετε;
3510 1648 3619 1701 Καὶ
3646 1648 3828 1710 οὐδεὶς

2252 1744 2592 1815 ἀναϐέϐηκεν
2620 1743 2701 1805 είς
2729 1742 2817 1795 τὸν
2846 1742 3095 1813 οὐρανὸν,
3129 1745 3175 1795 εί
3208 1744 3283 1814 μὴ
3312 1745 3340 1796 ό
3369 1743 3432 1796 ὲκ
3460 1739 3554 1794 τοῦ
3588 1738 3826 1812 οὐρανοῦ

2251 1836 2526 1900 καταϐὰς,
2558 1837 2585 1888 6
2618 1834 2745 1896 Υἱὸς
2773 1832 2866 1886 τοῦ
2896 1832 3203 1903 ἀνθρώπου.
3244 1853 3261 1884 ι
3296 1834 3421 1896 Πῶς
3451 1832 3830 1901 καταϐέϐηκεν

2253 1931 2317 1982 ὲκ
2345 1929 2437 1981 τοῦ
2468 1925 2698 1999 οὐρανοῦ
2726 1926 2755 1977 6
2797 1924 2925 1987 Υίδς
2956 1923 3049 1976 τοῦ
3099 1919 3418 1993 ἀνθρώπου,
3481 1924 3658 1979 καίτοι
3722 1922 3832 1993 τῆς

2251 2022 2411 2089 ἁγίας
2443 2020 2648 2091 σαρκὸς
2694 2015 3049 2088 γεννηθείσης
3080 2016 3144 2067 ὲκ
3188 2014 3465 2082 γυναικός.
3498 2015 3637 2067 Ἀλλ’
3691 2015 3832 2069 ἴδιον

2250 2106 2319 2180 ἦν
2347 2110 2408 2162 τὸ
2444 2110 2603 2180 σῶμα
2631 2109 2737 2163 τοῦ
2757 2109 2815 2176 ἐξ
2845 2106 3073 2179 οὐρανοῦ
3103 2105 3601 2174 καταφοιτήσαντος
3624 2106 3829 2174 Λόγου,

2250 2202 2309 2264 ὃς
2339 2201 2433 2255 καὶ
2460 2201 2685 2269 γέγονεν
2716 2195 2841 2264 Υἱὸς
2868 2198 3177 2269 ἀνθρώπου.
3211 2191 3307 2259 Εἷς
3333 2190 3427 2249 οὖν
3457 2196 3564 2266 ἄρα
3590 2197 3834 2266 Χριστὸς

2252 2292 2347 2346 καὶ⁵
2376 2290 2523 2354 Υἱός.
2556 2290 2743 2353 Οὕτως
2772 2291 2878 2343 ι’δια
2910 2292 3008 2360 μὲν
3048 2292 3147 2361 τῆς
3190 2287 3389 2359 σαρκὸς
3415 2287 3486 2340 τὰ
3525 2284 3620 2339 τοῦ
3649 2286 3832 2355 Λόγου

2251 2382 2492 2451 γέγονεν,
2525 2381 2630 2434 ῐδια
2658 2380 2717 2433 δὲ
2744 2378 2840 2434 τοῦ
2884 2380 3056 2448 Λόγου
3084 2380 3154 2434 τὰ
3183 2379 3282 2449 τῆς
3312 2377 3535 2449 σαρκὸς,
3562 2375 3686 2447 δίχα
3732 2378 3836 2446 μό·

2253 2489 2352 2544 νης
2382 2471 2674 2543 ἁμαρτίας.
3267 2538 3271 2541 _

2328 2578 2348 2618 ι
2384 2564 2494 2617 Kal.
2518 2560 2698 2625 καθὼς
2725 2560 2930 2628 Μωσῆς
2961 2553 3141 2630 ὖψωσε
3161 2560 3254 2614 τὸν
3283 2552 3406 2628 ὅφιν
3433 2561 3491 2614 έν
3514 2561 3580 2631 τῇ
3611 2559 3831 2631 ἐρήμῳ,

2251 2654 2424 2718 οὕτως
2447 2653 2728 2723 ὑψωθῆναι
2757 2653 2839 2706 δεῖ
2863 2652 2955 2705 τὸν
2974 2652 3104 2703 Υίὸν
3133 2654 3225 2703 τοῦ
3255 2648 3541 2720 ἀνθρώπου
3568 2664 3581 2678 °
3604 2649 3690 2702 ἴνα
3720 2650 3835 2712 πᾶς

2252 2743 2569 2799 ὀπιπεύων
2599 2743 2684 2797 ἐπ’
2723 2741 2885 2795 αὐτὸν
2920 2741 3001 2782 e-f
3034 2740 3132 2811 έχῃ
3166 2740 3310 2812 ζωὴν
3334 2739 3571 2793 αἰώνιον.
3613 2756 3631 2790 ι
3667 2738 3837 2791 Ἐδα-

2254 2851 2380 2888 κνον
2418 2834 2544 2897 τοὺς
2593 2831 2653 2897 ἐξ
2692 2830 2909 2904 Ἰσραὴλ
2948 2830 3089 2884 κατὰ
3136 2828 3234 2901 τὴν
3286 2826 3492 2901 ἔρημον
3539 2829 3590 2882 οἱ
3637 2825 3832 2897 6:951;-

2255 2921 2374 2979 εἶτα
2416 2925 2783 2997 προστέταχεν
2811 2926 2839 2977 ό
2880 2924 2988 2977 τῶν
3016 2924 3153 2977 ὅλων
3194 2922 3325 2986 Θεὸς
3368 2921 3447 2992 τῷ
3488 2922 3658 2991 Μωσῇ
3703 2920 3836 2989 ὅφιν

2256 3015 2532 3072 ἀναθεῖναι
2560 3016 2813 3088 χαλκοῦν.
2855 3036 2874 3069 ι
2915 3017 3025 3070 Καὶ
3062 3016 3235 3079 ἔσται,
3284 3017 3468 3085 φησὶν,
3502 3016 3597 3067 ἐὰν
3633 3014 3775 3083 δάκῃ
3805 3016 3838 3066 6

2258 3107 2383 3179 ὄφις
2413 3109 2715 3181 ἄνθρωπον,
2748 3090 2843 3163 καθ⁸
2877 3108 3123 3179 ἐμϐλέψῃ
3151 3109 3230 3170 είς
3260 3108 3350 3159 τὸν
3378 3106 3523 3175 ὅφιν,
3555 3105 3649 3157 καὶ
3677 3105 3841 3174 ζήσε-

2256 3215 2365 3252 ται.
2408 3217 2426 3249 ι
2464 3198 2528 3249 Τί
2557 3198 2734 3252 τοίνυν
2762 3199 2879 3251 ἐστὶ
2904 3198 2967 3251 τὸ
2993 3198 3252 3265 αῐνιγμα;
3285 3197 3382 3247 Διὰ
3401 3196 3453 3247 τί
3482 3195 3540 3247 δὲ
3569 3195 3597 3247 6
3626 3194 3837 3264 ἐνορῶν

2256 3290 2346 3342 τὸν
2365 3289 2487 3358 ὅφιν
2519 3291 2544 3329 8
2563 3288 2822 3355 σώζεται;
2849 3288 2969 3358 Ζωὴ
2995 3287 3283 3358 τοιγαροῦν
3298 3286 3439 3341 κατὰ
3460 3285 3620 3354 φύσιν
3651 3285 3839 3354 ὑπάρ-

2257 3399 2367 3453 χων
2395 3383 2423 3434 6
2452 3378 2759 3451 Μονογενὴς
2788 3378 2881 3433 τοῦ
2911 3379 3046 3433 Θεοῦ
3078 3380 3269 3447 Λόγος,
3302 3380 3525 3447 γέγονεν
3547 3381 3604 3432 έν
3631 3377 3840 3448 ὁμοιώο

2259 3490 2389 3542 ματι
2418 3470 2495 3541 τῷ
2526 3470 2647 3524 καθ’
2691 3468 2858 3541 ἡμᾶς,
2901 3470 3178 3524 τουτέστιν
3225 3469 3509 3541 ἄνθρωπος
3572 3469 3838 3541 (πονηρὸν

2256 3563 2311 3615 δὲ
2341 3562 2369 3615 6
2396 3561 2701 3633 ἄνθρωπος,
2734 3560 2829 3613 καὶ
2874 3556 2985 3613 οἷον
3025 3562 3053 3613 6
3082 3557 3248 3631 όφις)·
3275 3560 3389 3614 ἀλλ’
3429 3560 3478 3613 εί
3519 3561 3611 3613 καὶ
3639 3562 3836 3629 γέγονε

2258 3651 2378 3705 καθ’
2406 3652 2574 3721 ἡμᾶς,
2614 3648 2771 3714 εἴτις
2800 3651 2881 3714 εἰς
2927 3648 3089 3703 αὑτὸν
3133 3651 3253 3715 ἴδοι,
3285 3652 3411 3721 νικᾷ
3456 3650 3547 3704 τὸν
3576 3649 3833 3703 θάνατον.

2257 3740 2321 3793 Τί
2353 3739 2409 3792 δέ
2440 3742 2554 3792 έστι
2583 3739 2643 3792 τὸ
2673 3741 2751 3802 εἰς
2781 3740 2944 3793 αὐτὸν
2978 3740 3127 3804 ίδεῖν,
3160 3740 3193 3809 ἢ
3223 3738 3305 3792 ὅτι
3338 3740 3550 3802 πάντως
3592 3738 3653 3790 16
3680 3738 3835 3807 ἀκρι-

2258 3831 2367 3894 ϐῶς
2410 3830 2746 3901 κατανοῆσαι
2788 3831 2849 3884 τὸ
2891 3832 2976 3883 ἐπ’
3006 3830 3151 3900 αὐτῷ
3198 3831 3526 3900 μυστήριον;
3559 3830 3691 3882 Τότε
3720 3829 3836 3900 γὰρ

2256 3919 2416 3972 αὑτὸν
2441 3919 2628 3989 ὖψεται
2655 3922 2712 3971 ὲν
2749 3917 3050 3987 ὁμοιώματι
3083 3917 3181 3986 μὲν
3201 3916 3309 3969 τῶν
3361 3916 3633 3987 πονηρῶν,
3676 3933 3837 3970 τουτ-

2254 4012 2401 4064 έστιν
2439 4009 2762 4080 ἀνθρώπων,
2812 4008 3071 4073 ζωοποιὸν
3100 4007 3155 4061 δὲ
3201 4008 3275 4073 ὡς
3309 4009 3458 4075 Θεὸν,
3493 4010 3585 4061 καὶ⁸
3636 4010 3838 4078 ἀφανί-

2254 4102 2413 4167 ζοντα
2448 4103 2517 4157 τὰ
2536 4102 2643 4154 τῶν
2672 4101 2877 4169 νοητῶν
2905 4100 2933 4139 h
2961 4100 3135 4168 ὄφεων
3168 4101 3441 4172 δήγματα.
3476 4095 3568 4163 Εἷς
3604 4095 3696 4153 οῦν
3721 4101 3834 4169 ἄρα

2257 4190 2481 4262 Κύριος,
2512 4191 2605 4243 καὶ
2632 4190 2759 4251 Υἱὸς
2789 4190 2817 4241 6
2838 4187 3020 4251 αὐτὸς,
3047 4188 3141 4241 καὶ
3169 4187 3429 4253 ζωοποιὸς
3451 4190 3526 4254 ὠς
3548 4189 3699 4253 Θεὸς,
3735 4189 3836 4242 καὶ

2254 4283 2313 4333 ὲν
2344 4282 2474 4335 εἴδει
2502 4280 2579 4351 τῷ
2610 4280 2717 4333 τῶν
2742 4281 2992 4351 πονηρῶν
3024 4279 3089 4332 δι’
3114 4282 3445 4352 οἰκονομίαν.

587 4370 747 4424 Deus.
775 4370 924 4425 Unus
953 4371 1131 4439 itaque
1159 4381 1242 4423 est
1270 4370 1550 4433 Dominus,
1580 4380 1633 4423 et
1667 4384 1808 4421 unus
1842 4369 2028 4431 Filius,
2058 4370 2147 4437 qui
2188 4370 2429 4441 quidem,
2472 4381 2532 4425 ut
2563 4368 2702 4425 Deus
2766 4380 2843 4425 est
2872 4410 2886 4434 ,
2917 4369 3162 4425 viviﬁcus
3190 4383 3298 4438 eSI;
3332 4372 3623 4427 secundum
3653 4373 3836 4431 carnis

584 4475 714 4517 vero
736 4461 1088 4515 oeconomiam
1106 4498 1121 4523 ,
1150 4460 1199 4513 in
1228 4459 1489 4512 malorum
1517 4460 1700 4527 Specie
1726 4458 2034 4527 spectabilis
2058 4470 2160 4516 est.

665 4576 683 4606 ι
724 4555 919 4620 l’neri,
960 4555 1171 4623 inquit,
1220 4553 1565 4607 llcbrmorum
1611 4555 1940 4622 accipientes
1981 4569 2159 4608 ramos

2338 4572 2358 4606 ι
2390 4556 2452 4607 Οἱ
2493 4555 2678 4617 ’παῖδες
2712 4553 2924 4624 ἔχοντες
2951 4552 3019 4605 τὰ
3049 4551 3176 4621 βαΐα
3203 4552 3311 4607 τῶν
3343 4555 3595 4623 φοινίκων
3616 4596 3629 4619 ,
3668 4555 3831 4623 ἐξῆλ-

587 4648 905 4717 palmarum,
942 4657 1318 4715 processerunt
1355 4647 1566 4699 obviam
1606 4650 1674 4710 ei,
1710 4658 1763 4699 et
1798 4647 2102 4701 clamabant
2139 4664 2155 4703 :

590 4742 870 4803 llusanna,
908 4740 1223 4794 benedictus
1258 4740 1346 4807 qui
1386 4740 1531 4793 venit
1568 4740 1619 4792 in
1657 4741 1872 4793 nomine
1911 4740 2153 4802 Domini,

589 4850 677 4886 rex
708 4831 867 4885 Israel
886 4830 950 4884 ⁸⁸.
983 4850 1000 4879 ι
1223 4831 1466 4895 Qualem,
1492 4846 1693 4899 qua-so,
1722 4831 1912 4883 divitum
1940 4829 2155 4882 Litterae

588 4926 641 4979 in
694 4924 907 4977 nomine
955 4922 1167 4975 Domini
1216 4932 1497 4975 venturum
1547 4922 1879 4990 praedixere?
1927 4921 2058 4974 Nam
2111 4921 2155 4976 si

588 5031 707 5067 cum
739 5013 827 5082 qui
856 5027 919 5065 ex
954 5026 1105 5066 sacra
1128 5010 1350 5080 Virgine
1380 5022 1536 5065 ortus
1567 5022 1670 5075 est,
1701 5012 1969 5065 hominem
2002 5010 2159 5062 absu-

590 5106 719 5170 lute,
761 5107 850 5159 Dei
881 5105 1054 5161 Verbo
1094 5105 1385 5158 secundum
1432 5104 1749 5172 ltypostasiu
1796 5120 1898 5155 non
1945 5104 2153 5156 unitum

589 5197 822 5251 dixerint
865 5214 879 5249 :
920 5194 1159 5264 profecto
1200 5194 1589 5249 dominationis
1633 5209 1825 5246 nemen
1873 5207 2154 5245 commune

590 5288 686 5357 ipsi
728 5288 1009 5341 nobiscum
1045 5287 1179 5353 erit;
1224 5299 1394 5354 neque
1432 5283 1722 5353 quidquam
1771 5284 1870 5337 hac
1911 5284 2151 5348 ratione,

656 5446 765 5500 "ll
795 5445 920 5502 Cor.
959 5461 1074 5511 tut,
1097 5445 1153 5511 ἕ).
1226 5442 1444 5497 “Juan.
1476 5458 1513 5509 ι,
1544 5441 1628 5494 54.
1710 5438 1925 5495 "Jonn.
1954 5456 2045 5504 ιιι,
2082 5438 2164 5504 12,
2198 5439 2285 5492 l5.

2266 4646 2356 4697 Οον
2384 4646 2462 4708 είς
2482 4645 2785 4714 ἀπάντησιν
2812 4643 3169 4714 αὑτοῦ,φησἰ,
3195 4646 3287 4698 καὶ
3313 4645 3541 4716 ἔκραζον
3565 4647 3607 4685 i'
3642 4646 3835 4697 Ὡσαν-

2267 4735 2376 4802 νὰ,
2417 4735 2779 4806 εὐλογημένος
2828 4738 2856 4789 6
2902 4736 3195 4805 ἐρχόμενος
3241 4737 3299 4788 ὲν
3349 4738 3566 4807 ὀνόματι
3600 4737 3833 4807 Κυρίου,

2261 4829 2289 4879 ὀ
2322 4826 2572 4896 βασιλεὺς
2593 4827 2685 4879 τοῦ
2719 4827 2956 4896 Ἰσραήλ.
2988 4846 3006 4877 ι
3045 4827 3167 4891 Πῶς
3200 4824 3292 4882 οῦν
3326 4847 3491 4901 φησιν
3526 4832 3582 4882 ὲν
3609 4830 3837 4899 ὀνόματι

2260 4918 2462 4989 Κυρίου
2500 4915 2942 4988 παραγενέσθαιὶ
2984 4919 3045 4971 τὸ
3072 4919 3309 4991 Γράμμα
3338 4922 3398 4973 τὸ
3430 4921 3599 4991 ίερόν;
3637 4922 3699 4974 Εἰ
3732 4922 3840 4991 μὲν

2262 5006 2354 5062 οὖν
2378 5009 2453 5071 ὡς
2481 5008 2763 5080 ἄνθρωπον
2799 5008 2979 5071 ίδικῶς
3004 5009 3093 5062 τὸν
3119 5011 3181 5062 ὲκ
3213 5011 3311 5080 τῆς
3342 5011 3499 5078 ἁγίας
3532 5010 3838 5081 Παρθένου,

2263 5101 2336 5170 μὴ
2361 5099 2647 5162 ὲνωθέντος
2677 5100 2824 5169 αὐτῷ
2860 5101 2979 5153 καθ’
3007 5101 3301 5155 ὑπόστασιν
3327 5101 3419 5153 τοῦ
3466 5100 3598 5153 Θεοῦ
3628 5101 3836 5167 Λόγου,

2261 5190 2438 5244 κοινὸν
2469 5190 2619 5244 ἔσται
2646 5191 2707 5244 τὺ
2733 5190 2832 5261 τῆς
2856 5192 3173 5262 κυριότητος
3203 5193 3369 5262 ὄνομα
3393 5192 3539 5265 αὐτῷ
3567 5192 3710 5248 καθὰ
3738 5196 3842 5247 καὶ

2258 5284 2407 5353 ἡμῖν,
2442 5283 2534 5333 καὶ
2567 5282 2717 5334 οὐδὲν
2750 5283 2843 5336 ἐπὶ
2880 5283 3117 5353 Χριστοῦ
3147 5283 3206 5336 τὸ
3241 5284 3411 5353 μέγα·
3444 5285 3491 5335 εί
3522 5283 3578 5337 δὲ
3612 5284 3687 5345 ὡς
3721 5286 3847 5338 Κύ-

2389 5438 2581 5493 “ibid.
2610 5437 2696 5491 14.
2789 5440 2832 5469 ’τ
2858 5438 3014 5493 Nunt.
3051 5454 3160 5502 χχι.
3193 5441 3244 5494 8.
3364 5440 3407 5471 ³⁸
3430 5438 3585 5497 Joan.
3611 5442 3843 5512 ξιιμ-15.

1647 5592 1820 5647 Variae
1854 5592 2108 5647 lectiones
2140 5591 2345 5646 codicis
2386 5590 2749 5662 St-gttieriani.

662 5738 745 5779 Ἀ
782 5739 856 5793 εἰς
880 5736 1061 5796 αὐτόν.
1098 5736 1227 5792 [νει]
1253 5738 1308 5789 ὲν
1338 5736 1504 5789 αὐτῶ.
1584 5736 1607 5772 ε
1636 5732 1709 5802 τῷ
1739 5733 1879 5802 ὄφει.
1955 5733 1978 5770 ιι
2016 5732 2283 5805 πονηρῶν.

2368 5732 2379 5770 ί
2422 5731 2776 5801 ἐκραύγαζον,
2860 5730 2872 5778 i
2916 5733 3401 5802 παραγενήσεοοαι.
