4092 6334
200 409 336 465 1317

1304 404 1392 458 DE
1432 400 1657 459 RECTA
1698 396 1856 454 FIDE
1896 397 1985 452 AD
2026 395 2345 452 llECINAS.

3322 400 3459 457 1518

204 538 318 592 ριος
349 522 565 592 ἀληθῶς
617 520 773 591 ἥξειν
815 518 1314 593 προαπηγγέλλετο,
1341 518 1479 589 ὅπερ
1524 514 1644 568 ὶστὶ
1696 514 1791 567 καὶ

1905 512 2038 581 quod
2066 513 2136 567 sit
2166 513 2446 578 eximium,
2475 512 2694 567 Christo
2724 512 3069 567 attribuetur.
3101 512 3157 567 Si
3186 528 3314 568 vero
3343 525 3461 569 tan-

203 611 406 678 ἀληθὲς
458 614 475 673 (
502 611 725 680 ἐλήλυθε
759 612 866 681 γὰρ
898 612 959 663 οὺ
985 612 1107 681 δίχα
1140 610 1339 681 σαρκὸς
1390 609 1469 671 εἰς
1500 605 1649 659 τόνδε
1694 604 1788 657 τὸν

205 702 414 769 κόσμον
443 705 472 754 ὁ
500 702 834 771 Μονογενής)
860 720 871 732 ·
893 698 973 765 εἷς
1001 703 1108 772 ἄρα
1135 702 1250 755 ἐστὶ
1278 700 1438 770 φύσει
1458 696 1788 769 καὶάληθῶς

207 794 436 863 Κῦριος,
482 794 575 846 καὶ
607 793 864 864 Χριστὸς,
894 795 989 847 καὶ
1018 794 1167 857 Υἱός.

284 1080 303 1109 ι
338 1059 451 1111 Καὶ
495 1058 635 1128 ὑπὲρ
669 1058 845 1112 αὐτῶν
878 1057 990 1126 ἐγὼ
1035 1056 1249 1127 ἁγιάζω
1280 1058 1536 1126 ἐμαυτὸν,
1568 1056 1654 1109 ἵνα
1690 1048 1792 1107 ὦσι

208 1152 305 1200 καὶ
336 1150 494 1201 αὐτοὶ
526 1151 846 1219 ἡγιασμένοι
890 1151 949 1201 ἐν
989 1149 1237 1219 ἀληθείᾳ.
1273 1167 1290 1198 ι
1326 1148 1548 1200 Ἰἳαυτὶιν
1578 1148 1792 1215 ἁγιάζει

205 1235 603 1309 Χριστός.’Λρ“
732 1239 1014 1309 ἄνθρωπος
1036 1279 1051 1303 ,
1091 1242 1122 1310 ἢ
1156 1242 1236 1292 ὅτι
1280 1240 1479 1308 μᾶλλον
1508 1239 1641 1302 (νεός
1678 1240 1793 1310 ἐστι

209 1331 360 1382 κατὰ
392 1330 576 1397 φύσιν,
614 1329 743 1397 ἴδιον
769 1328 907 1397 ἔχων
942 1329 1002 1381 τὸ
1053 1329 1273 1397 Πν;ὖμα
1312 1329 1373 1381 τὸ
1400 1331 1580 1397 ἆγιονς
1618 1328 1793 1397 Ὅπερ

208 1422 333 1471 ἐστὶ
369 1421 465 1472 καὶ
491 1418 706 1488 ἀληθές.
756 1420 981 1482 Οὐδενὸς
1014 1420 1303 1491 τοιγαροῦν
1332 1418 1633 1489 ἀνθρώπων
1666 1420 1793 1469 ἑαυ-

209 1516 302 1566 τὸν
361 1514 697 1579 ἁγιάζοντος.
737 1513 927 1565 ἑαυτὸν
976 1513 1191 1580 ἁγιάζει
1238 1514 1491 1582 Χριστός.
1538 1506 1635 1573 Εἷς
1688 1513 1794 1580 ἄρα

211 1605 367 1655 ἐστὶν
390 1604 516 1665 Υἱὸς
540 1606 631 1656 καὶ
655 1603 876 1672 Κύριος,
908 1605 1261 1673 ἀγιαξόμενος
1290 1603 1385 1672 μὲν
1418 1602 1795 1673 ἀνθρωπίνως,

212 1695 462 1760 ἁγιάζων
519 1695 574 1746 δὲ
627 1692 821 1756 Οεῖκῶς
874 1694 952 1763 τῷ
1000 1696 1112 1765 ἰδίῳ
1163 1695 1438 1764 ιινεὺματι
1480 1696 1571 1747 τὸν
1603 1692 1796 1746 ἑαυτοῦ

214 1785 366 1835 ναόν.

291 1894 308 1924 ι
349 1874 523 1925 Πολλὰ
556 1874 651 1943 μὲν
684 1869 775 1926 οὖν
812 1874 901 1925 καὶ
936 1874 1068 1927 ἄλλα
1100 1875 1300 1943 σημεῖα
1333 1873 1587 1943 ἐποίησεν
1627 1873 1655 1924 ὁ
1693 1873 1796 1942 ἰηο
1830 1870 1871 1922 Β

214 1966 346 2028 σοῦς
393 1967 622 2018 ἐνώπιον
668 1966 775 2019 τῶν
823 1965 1079 2037 μαθητῶν
1112 1966 1295 2027 αὑτοῦ,
1326 1966 1359 2017 ἃ
1399 1967 1497 2017 οὐκ
1540 1965 1653 2017 ἔστι
1702 1982 1795 2033 γε-

212 2059 517 2127 γραμμένα
547 2058 603 2108 ὲν
634 2056 713 2125 τῷ
746 2056 931 2126 βιϐλίῳ
957 2056 1047 2107 τού
1062 2074 1150 2125 τῳ.
1175 2056 1358 2107 Ταῦτα
1387 2057 1441 2107 δὲ
1471 2058 1797 2125 γέγραπται,

214 2148 303 2197 ἵνα
356 2145 684 2214 πιστεύσητε
735 2146 817 2197 ὅτι
850 2143 1056 2213 Ἰησοῦς
1090 2146 1237 2195 ἐστιν
1284 2144 1311 2193 ὁ
1348 2141 1579 2214 Χριστὸς
1613 2144 1642 2193 ὀ
1670 2141 1795 2203 Υἱὸς

216 2238 309 2289 τοῦ
358 2237 534 2289 Θεοῦ·
584 2238 676 2290 καὶ
732 2237 817 2289 ἵνα
866 2236 1231 2309 πιστεύοντες,
1258 2236 1401 2303 ζωὴν
1449 2234 1604 2304 ἔχητε
1637 2235 1695 2287 ἐν
1724 2234 1799 2303 τῷ

216 2332 443 2397 ὀνόματι
471 2331 651 2382 αὑτοῦ.
684 2330 781 2382 »Ὀ
808 2330 869 2381 ἐκ
899 2332 995 2398 τῆς
1024 2328 1183 2395 ἁγίας
1217 2326 1492 2399 Παρθένου
1539 2343 1797 2396 γεγεννη-

219 2425 383 2491 μένος
427 2422 794 2492 Ἐμμανουήλ,
832 2422 918 2474 διὰ
946 2422 1044 2490 τῆς
1072 2420 1165 2473 τοῦ
1195 2419 1521 2488 Εὑαγγελίου
1545 2418 1569 2456 ι
1619 2419 1801 2489 φωνῆς

230 2511 439 2577 Ἰησοῖς
474 2511 944 2579 ὠνόμασται.“οτε
978 2510 1158 2562 τοίνυν
1190 2510 1351 2571 αὑτός
1382 2510 1518 2572 ἐστι,
1570 2507 1662 2560 καὶ
1704 2506 1801 2577 οὐχ

218 2602 429 2669 ἕτερος,
469 2601 591 2663 Υἱὸς
639 2600 732 2653 τοῦ
780 2600 933 2663 Θεοῦ,
966 2602 1058 2652 καὶ
1105 2602 1132 2651 δ
1179 2599 1451 2650 πιστεύων
1493 2598 1606 2667 ἔχει
1658 2596 1801 2667 ζωὴν

223 2691 443 2742 αἰώνιον
484 2691 539 2741 ἐν
572 2689 649 2757 τῷ
696 2689 918 2758 ὀνόματι
956 2686 1141 2739 αὑτοῦ·
1180 2687 1293 2750 πῶς
1323 2687 1383 2739 οὐ
1416 2689 1722 2757 μεμήνασιν
1752 2687 1801 2738 οἱ

221 2781 569 2850 διορίζοντες,
597 2782 691 2833 καὶ
727 2782 1047 2849 φάσκοντες,
1081 2782 1265 2849 ἕτερον
1292 2779 1416 2830 Υἱὸν
1439 2774 1579 2831 εἶναι
1608 2778 1696 2829 τὸν
1738 2778 1803 2829 ὲκ

224 2872 361 2923 ξ)εοῦ
419 2873 609 2938 Λόγον,
640 2872 735 2923 καὶ
777 2873 963 2940 ἕτερον
1006 2872 1096 2923 τὸν
1140 2873 1203 2923 ἐκ
1258 2870 1355 2938 τῆς
1396 2871 1553 2937 ἁγίας
1595 2868 1803 2939 Παρθέ-

224 2979 349 3027 νου;
382 2962 632 3015 Φαίνεται
665 2963 773 3032 γὰρ
820 2963 876 3014 ὲν
921 2963 1129 3023 τούτοις
1184 2962 1211 3012 ὁ
1267 2958 1653 3029 εὐαγγελιστὴς
1710 2958 1804 3011 καὶ

228 3060 373 3126 μάλα
404 3058 591 3127 σαφῶς
618 3058 713 3110 ἕνα
742 3058 837 3110 καὶ
871 3058 1029 3126 μόνον
1056 3056 1145 3107 τὸν
1178 3056 1234 3111 ἐξ
1284 3056 1484 3123 ἀμφοῖν
1517 3051 1672 3113 εἰδὼς
1712 3051 1804 3103 καὶ
1850 3076 1851 3079 η

225 3150 513 3221 κηρύττων
553 3149 760 3218 Ἰησοῦν
790 3149 1046 3218 Χριστὸν,
1072 3148 1317 3199 τουτέστι
1338 3146 1431 3199 ’τὸν
1460 3147 1524 3197 ἐκ
1545 3144 1679 3197 Θεοῦ
1701 3144 1804 3197 Πα-

1887 618 2048 673 qnam
2076 618 2237 658 verus
2270 605 2527 658 Dominus
2550 614 2811 658 venturus
2840 605 3235 674 prmnuntiatus
3267 602 3373 671 est,
3403 617 3464 660 ut

1891 708 2076 749 revera
2113 696 2504 763 praenuntiatus
2537 704 2620 750 est
2652 696 2835 764 (venit
2868 695 3011 749 enim
3050 694 3373 765 Unigeuitus
3406 698 3461 751 in

1891 784 2033 839 lnme
2074 787 2329 838 mundum
2372 801 2475 839 non
2515 786 2716 855 absque
2754 786 2977 856 carne);
3006 802 3143 840 unus
3180 802 3306 855 ergo
3346 804 3465 841 om-

1892 874 2020 925 nino
2054 884 2245 927 natura
2280 884 2332 927 et
2368 874 2591 929 veritate
2628 875 2906 941 Dominus,
2932 875 3345 941 etChristus,et
3381 875 3466 928 Fi-

1893 962 1996 1018 lius
2024 964 2148 1019 erit.

1970 1074 1987 1106 ι
2033 1055 2096 1109 Et
2138 1070 2235 1124 pro
2268 1057 2347 1110 eis
2382 1072 2481 1127 ego
2518 1059 2799 1113 sanctiiico
2836 1062 3096 1129 mcipsnm
3122 1101 3135 1125 ,
3172 1071 3229 1114 ut
3266 1061 3375 1114 sint
3413 1070 3468 1111 et

1897 1148 1994 1216 ipsi
2028 1147 2349 1201 sanctiﬁcati
2384 1150 2435 1201 in
2469 1150 2693 1203 veritate
2716 1151 2782 1202 ’³.
2819 1171 2836 1202 ι
2876 1152 3125 1221 Seipsum
3156 1152 3469 1206 sanctiﬁcat

1896 1238 2143 1291 Christus
2174 1256 2184 1289 :
2218 1240 2310 1291 sed
2345 1241 2583 1308 nunquid
2617 1250 2673 1293 ut
2704 1242 2896 1296 homo?
2926 1258 2990 1295 an
3023 1258 3150 1297 vero
3178 1253 3238 1296 ut
3267 1254 3459 1296 natura

1897 1327 2038 1383 Deus
2058 1328 2318 1398 Spiritum
2342 1342 2589 1384 sanctum
2615 1341 2867 1400 tanquam
2887 1334 3162 1401 proprium
3182 1334 3468 1388 obtinens?

1896 1420 2057 1474 Certe
2081 1430 2138 1473 ut
2164 1421 2322 1475 Deus.
2352 1420 2507 1473 Nullo
2538 1424 2716 1491 itaque
2745 1424 3052 1478 mortalium
3078 1423 3315 1491 seipsum
3343 1441 3472 1478 san—

1898 1512 2190 1576 ctilieante,
2240 1513 2386 1565 solus
2434 1513 2681 1567 Christus
2734 1516 3084 1583 semetipsum
3146 1515 3469 1571 Sanctiﬁeat.

1901 1601 2051 1657 Unus
2078 1615 2160 1657 est
2190 1619 2317 1673 ergo
2349 1604 2607 1657 Dominus
2628 1614 2691 1657 et
2720 1604 2918 1671 Filius;
2948 1606 3319 1659 sanctiﬁcatus
3349 1606 3470 1675 qui-

1901 1698 2019 1748 dem
2061 1706 2119 1748 ut
2162 1695 2342 1758 homo,
2380 1710 2536 1749 suum
2570 1711 2699 1750 vero
2742 1696 2909 1764 ipsius
2953 1699 3205 1765 templum
3252 1698 3471 1767 prepriu

1902 1800 1997 1838 Sttt)
2026 1784 2230 1852 Spiritu
2262 1786 2610 1838 sanctiﬁcans
2642 1797 2698 1838 ιιι
2730 1786 2889 1839 Dens.

1977 1894 1994 1925 ι
2035 1875 2201 1928 Multa
2238 1875 2451 1943 quidein
2489 1885 2542 1927 et
2579 1876 2683 1928 alia
2720 1877 2870 1944 signa
2910 1874 3035 1929 fecit
3066 1875 3220 1930 Jesiis
3258 1878 3307 1929 in
3342 1892 3474 1931 con-

1900 1977 2080 2035 spectu
2118 1968 2499 2035 discipulorum
2536 1982 2785 2030 suorum,
2827 1983 2944 2036 qua:
2981 1984 3080 2021 non
3118 1980 3241 2021 sunt
3273 1969 3473 2036 scripta

1904 2060 1953 2111 in
1995 2058 2130 2112 libro
2172 2060 2291 2112 hoc.
2332 2058 2454 2111 lla'c
2493 2069 2673 2113 autem
2716 2060 2915 2127 scripta
2957 2070 3111 2126 sunt,
3149 2072 3208 2111 ut
3244 2062 3475 2115 credatis

1902 2150 2024 2218 quia
2059 2148 2213 2203 Jesus
2246 2159 2325 2202 est
2357 2149 2605 2203 Christus
2644 2149 2812 2203 Filius
2851 2151 2974 2215 Dei;
3012 2162 3064 2203 et
3100 2160 3158 2203 ut
3190 2154 3477 2205 credentes

1903 2242 2063 2292 vitam
2107 2240 2349 2295 habentis
2394 2240 2445 2293 in
2490 2242 2705 2294 nomine
2745 2239 2950 2306 ejus”.
3001 2260 3018 2291 ι
3066 2241 3164 2307 Qui
3211 2258 3276 2297 ex
3320 2258 3471 2296 sacra

1903 2324 2122 2398 Virgine
2170 2341 2327 2383 natus
2371 2338 2453 2382 est
2503 2328 2853 2389 Emmanuel,
2902 2330 2947 2383 is
2990 2344 3119 2384 voce
3168 2332 3475 2399 evangelica

1904 2418 2203 2486 appellatus
2231 2428 2314 2472 est
2342 2418 2497 2471 .Iesus
2523 2418 2587 2469 ³¹.
2622 2417 2753 2471 Cum
2790 2418 2902 2484 ipse
2932 2433 3082 2485 ergo,
3117 2427 3170 2471 et
3201 2434 3305 2471 non
3341 2418 3479 2472 alius

1903 2511 2168 2580 quispiam
2202 2510 2271 2564 sit
2305 2510 2396 2563 Dei
2430 2509 2633 2573 Filius;
2664 2522 2716 2562 ct
2747 2512 2836 2577 qui
2871 2510 2921 2562 iu
2957 2510 3107 2562 illum
3143 2510 3349 2575 credit,
3385 2528 3479 2562 no-

1904 2602 2049 2656 mine
2091 2600 2329 2669 ejusdem
2380 2600 2544 2652 vitam
2592 2606 2851 2652 mternam
2900 2609 3304 2667 consequatur;
3348 2613 3481 2667 quo-

1904 2693 2061 2746 modo
2106 2708 2208 2745 non
2257 2691 2530 2743 insaniunt
2570 2693 2684 2759 qui,
2715 2690 2978 2743 divisione
3021 2690 3269 2754 inducta,
3316 2691 3479 2744 alium

1906 2785 1995 2839 Dei
2024 2784 2196 2838 Patris
2220 2782 2471 2848 Verbum,
2499 2783 2661 2835 alium
2694 2799 2906 2836 rursum
2936 2782 3081 2836 illum
3110 2784 3201 2852 qui
3233 2798 3296 2837 ex
3325 2787 3479 2837 sacra

1906 2873 2125 2945 Virgine
2158 2884 2335 2928 ortum
2374 2876 2553 2938 ducit,
2591 2872 2785 2927 Filium
2821 2890 2941 2929 esse
2979 2874 3269 2929 asserunt?
3303 2875 3358 2929 lu
3397 2876 3482 2930 his

1904 2969 2047 3022 enim
2080 2965 2406 3035 evangelista
2440 2982 2602 3017 unum
2637 2966 2807 3018 solum
2839 2961 3020 3019 Jcsum
3055 2965 3351 3030 Christum,
3383 2965 3484 3019 hoc

1905 3068 2007 3119 cst,
2035 3058 2124 3111 Dei
2158 3056 2334 3110 Patris
2352 3056 2612 3117 Verbum,
2637 3057 2818 3109 carnis
2848 3066 2899 3109 et
2929 3056 3211 3127 sanguinis
3239 3073 3389 3126 mque
3416 3073 3482 3111 ac

1909 3162 2006 3201 nos
2053 3146 2345 3200 secundum
2396 3143 2708 3214 Scripturas
2762 3147 3034 3212 particeps
3080 3145 3367 3209 effectum,
3415 3160 3484 3199 ex

225 3244 354 3312 τρὺς
383 3244 573 3309 Λόγον,
607 3243 837 3311 αἵματος
870 3242 962 3293 καὶ
999 3241 1197 3311 σαρκὸς
1238 3240 1671 3311 κεκοινωνηκότα
1704 3256 1805 3292 πα-

1909 3250 2138 3306 utroque
2175 3238 2530 3293 constitutum
2577 3237 2916 3306 apertissime
2957 3236 3201 3307 agnoscit
3244 3246 3299 3291 et
3338 3252 3480 3306 prm-

228 3335 547 3407 ραπλησίως
574 3336 728 3404 ἡμῖν,
762 3333 903 3387 καθὰ
933 3334 1263 3404 γέγραπται.

458 3446 560 3500 Ἐκ
598 3446 704 3500 τοῦ
743 3447 893 3499 κατὰ
930 3444 1172 3499 Λουκᾶν
1204 3444 1592 3514 Εὑαγγελίου.

309 3580 329 3613 ι
351 3562 599 3629 Ἐγένετο
629 3562 685 3614 δὲ
716 3563 772 3613 ἐν
806 3560 882 3631 τῷ
907 3556 1047 3613 εἶναι
1074 3560 1269 3621 αὐτοὺς
1296 3560 1428 3623 ἐκεῖ,
1456 3558 1807 3628 ἐπλήσθησαν

233 3652 288 3703 αἱ
318 3651 519 3721 ἡμέραι
548 3650 642 3702 τοῦ
680 3652 860 3702 τεκεῖν
890 3650 1091 3719 αὐτὴν·
1134 3649 1226 3701 καὶ
1254 3648 1404 3701 ἔτεκε
1435 3648 1524 3700 τὸν
1562 3648 1686 3700 Υἰὸν
1714 3648 1809 3698 αὑ-

230 3742 331 3810 τῆς
378 3740 467 3791 τὸν
502 3739 863 3809 πρωτότοκον,
898 3739 997 3790 καὶ·
1046 3738 1467 3807 ἐσπαργάνωσεν
1501 3737 1680 3797 αὑτὸν,
1715 3737 1809 3787 καὶ

233 3831 511 3883 ἀνέκλινεν
559 3830 719 3881 αὐτὸν
767 3832 823 3881 ἐν
869 3832 935 3899 τῇ
989 3830 1183 3898 φάτνῃ,
1214 3830 1345 3881 διότι
1376 3829 1473 3881 οὐκ
1518 3825 1584 3899 ἦν
1629 3830 1808 3890 αὐτοῖς

233 3921 396 3982 τόπος
444 3922 500 3971 ὲν
550 3920 627 3989 τῷ
674 3920 1041 3988 καταλύματι.
1078 3921 1241 3971 »Ἕνα
1290 3920 1383 3971 καὶ
1422 3921 1579 3988 μόνον
1624 3920 1810 3971 ἔτεκεν

238 4011 364 4063 Υἱὸν
410 4012 501 4061 τὸν
541 4010 887 4079 Ἐμμανουὴ).
938 4011 970 4079 ἡ
1024 4010 1153 4076 ἁγία
1205 4010 1512 4079 Ιιαροένος⁶
1563 4010 1686 4073 πῶς
1720 4006 1810 4060 οὖν

239 4119 423 4171 φησι,ι
453 4102 557 4153 Τὸν
583 4101 706 4151 Υἱὸν
728 4101 894 4168 αὐτῆς
926 4100 1013 4151 τὸν
1045 4099 1387 4169 πρωτότοκον
1410 4117 1424 4161 ;
1451 4118 1467 4147 ι
1503 4099 1563 4151 οὐ
1587 4101 1693 4168 γὰρ
1720 4117 1811 4166 γε-

239 4194 459 4259 γόνασιν
498 4192 675 4261 ἕτεροι
731 4193 846 4261 μετ’
877 4192 1057 4255 αὑτὸν,
1097 4192 1371 4261 μεμένηκε
1402 4190 1459 4242 δὲ
1524 4191 1811 4261 παρθένος.

250 4284 702 4353 Ἐπισημαὶνεται
735 4284 913 4335 τοίνυν
944 4284 1017 4345 ὡς
1056 4286 1117 4335 ἐκ
1144 4286 1241 4353 τῆς
1286 4282 1642 4334 θεοπνεύστου
1675 4284 1811 4352 Γρα-

241 4376 374 4445 ea;
410 4376 725 4443 ὠνόμασται
778 4375 885 4444 γὰρ
936 4375 1277 4446 πρωτότοκος
1314 4373 1342 4422 ὁ
1378 4372 1670 4441 μονογενὴς
1718 4373 1810 4423 τοῦ

239 4469 371 4521 (δεοῦ
402 4470 574 4535 Λόγος
596 4484 609 4496 ·
660 4467 1019 4537 κεκοινώνηκε
1053 4468 1157 4535 γὰρ
1208 4465 1436 4533 αἵματος
1468 4465 1559 4515 καὶ
1591 4464 1809 4533 σαρκὸς,

240 4561 335 4611 καὶ
388 4559 786 4628 παραπλησίως
838 4560 967 4627 ἡμῖν
1016 4559 1237 4626 μετέσχε
1274 4557 1379 4608 τῶν
1410 4555 1605 4607 αὐτῶν.
1661 4556 1813 4607 Οὖτω

238 4653 459 4719 γέγονεν
509 4654 564 4703 ἐν
618 4650 831 4709 πολλοῖς
880 4648 1128 4715 ἀδελφοῖς
1175 4648 1529 4717 πρωτότοκος.
1568 4646 1711 4715 Πλὴν
1740 4646 1813 4707 ὼς

242 4745 367 4805 “ab;
396 4744 778 4813 προσκυνεῖται
809 4741 959 4809 παρὰ
991 4758 1045 4791 τε
1071 4740 1226 4811 ἡμῶν
1256 4739 1433 4793 αὐτῶν
1457 4738 1677 4791 καὶτῶν
1704 4738 1813 4791 ἄνω

243 4837 592 4905 πνευμάτων.

319 4944 336 4975 ι
365 4927 473 4977 Καὶ
524 4921 665 4988 εἷπε,
720 4926 872 4994 φησὶ,
919 4924 1054 4995 πρὸς
1097 4922 1261 4975 αὑτὸν
1313 4926 1345 4993 ἡ
1402 4925 1581 4995 μήτηρ
1628 4924 1814 4977 αὑτοῦ·

244 5018 465 5082 Τέκνον,
496 5018 545 5069 τί
572 5018 832 5085 ἐποίησας
862 5018 995 5086 η’μῖν
1034 5015 1237 5079 οὖτως;
1282 5014 1413 5067 Ἰδοὺ
1449 5019 1476 5069 ό
1510 5016 1689 5083 πατὴρ
1723 5032 1813 5066 σου

246 5112 337 5161 καὶ
386 5108 496 5174 ἐγὼ
547 5106 871 5174 ὀδυνώμενοι
921 5105 1222 5175 ὲζητοῦμέν
1262 5120 1341 5157 σε.
1372 5104 1481 5157 Καὶ
1528 5100 1647 5157 εἷπε
1679 5106 1815 5175 πρὸς

246 5201 437 5261 αὐτούς
458 5217 469 5227 ·
500 5199 564 5250 Τί
604 5198 685 5250 ὅτι
714 5197 952 5266 ἐζητεῖτέ
987 5214 1051 5266 με
1074 5215 1087 5263 ;
1114 5196 1211 5247 οὐκ
1244 5197 1418 5248 οἴδατε
1438 5195 1479 5259 1,
1508 5196 1588 5248 δτι
1623 5197 1677 5247 ἐν
1703 5198 1813 5258 τοῖς

246 5291 336 5346 τοῦ
368 5290 580 5359 Πατρός
613 5307 712 5359 μου
746 5290 825 5341 δεῖ
867 5284 1007 5341 εἷναί
1043 5304 1143 5355 με;
1186 5306 1204 5339 ι
1230 5286 1416 5357 ’ΛΟρει
1448 5288 1511 5357 δὴ
1547 5282 1637 5339 οὖν
1668 5287 1814 5349 ὅπως

321 5449 364 5476 ’⁸
390 5445 539 5499 Jnan.
574 5444 799 5507 xvu,19.
914 5443 957 5474 ³ο
984 5442 1136 5495 Joan.
1164 5457 1256 5505 xx,
1281 5440 1371 5507 30,
1401 5441 1491 5496 51.

251 5530 369 5582 snt,
406 5522 485 5571 19.
565 5517 608 5546 "
637 5517 770 5571 Luc.
802 5529 862 5576 ιι,
891 5514 979 5579 litt,
1018 5514 1105 5566 50.

1602 5440 1642 5471 ³¹
1668 5440 1801 5495 Luc.
1838 5457 1895 5505 ιι,

1908 3330 2076 3385 dicat.

2196 3444 2279 3495 Ex
2317 3442 2601 3511 Evangelia
2637 3441 2925 3494 secundum
2966 3439 3186 3496 Lucam.

1987 3574 2006 3605 ι
2045 3553 2109 3608 Et
2139 3553 2335 3608 factum
2365 3563 2467 3618 cst,
2494 3569 2615 3607 cum
2646 3562 2829 3606 essent
2856 3552 2952 3614 ibi,
2983 3552 3184 3621 impleti
3216 3561 3341 3605 sunt
3369 3551 3485 3607 dies

1912 3654 1968 3697 ut
2002 3655 2242 3715 pareret,
2276 3654 2329 3698 ct
2364 3647 2572 3714 peperit
2606 3644 2799 3697 Filium
2839 3659 2995 3697 suum
3032 3644 3485 3712 primogenitum,

1910 3746 1962 3789 et
1996 3737 2187 3805 pannis
2221 3752 2343 3790 eum
2386 3736 2639 3799 involvit,
2676 3746 2733 3788 et
2771 3736 3057 3789 reclinavit
3095 3734 3147 3787 in
3186 3738 3484 3804 praesepio,

1912 3828 2033 3895 quia
2070 3844 2173 3879 nun
2206 3837 2325 3882 erat
2355 3830 2441 3883 eis
2474 3828 2623 3881 locus
2656 3828 2709 3881 in
2744 3827 3041 3881 diversorio
3064 3827 3128 3879 ³¹.
3170 3846 3188 3878 ι
3226 3826 3401 3882 Unum
3434 3839 3487 3882 et

1912 3918 2083 3971 solum
2128 3918 2322 3971 Filium
2374 3920 2582 3987 peperit
2626 3919 2785 3988 116
2826 3929 3011 3971 sancta
3048 3918 3245 3988 Virgo,
3292 3934 3485 3988 nempe

1915 4008 2316 4063 Emmanuelem
2357 4028 2369 4062 :
2408 4025 2504 4062 cur
2539 4010 2703 4075 igitur
2736 4009 2927 4062 Filium
2968 4010 3109 4062 illius
3144 4012 3485 4080 primogeni-

1917 4110 2025 4151 tum
2071 4099 2335 4166 appellat?
2382 4100 2562 4168 Neque
2605 4100 2749 4152 enim
2794 4100 2885 4153 ulli
2929 4100 3017 4152 alii
3064 4107 3186 4166 post
3231 4101 3379 4153 illum
3421 4117 3486 4156 ex

1916 4193 2026 4260 ipsa
2067 4193 2172 4244 nati
2212 4202 2337 4246 sunt
2374 4210 2388 4245 :
2427 4202 2689 4261 perpetuo
2724 4207 2956 4260 namque
2998 4191 3086 4245 illa
3122 4192 3486 4261 virginitatem

1913 4285 2276 4337 conservavit.
2324 4283 2672 4352 Signiﬁcatur
2715 4297 2873 4352 ergo,
2919 4297 2947 4335 ιι
2998 4297 3151 4335 sacra
3204 4282 3483 4353 Scriptura

1916 4375 2242 4442 unigenitum
2276 4374 2366 4427 Dei
2392 4373 2630 4428 Verbum
2664 4374 2733 4427 ob
2765 4374 2816 4427 id
2852 4375 3273 4443 primogenitum
3308 4378 3489 4445 appel-

1918 4466 2081 4519 latum
2115 4481 2255 4528 esse,
2293 4468 2417 4534 quia
2453 4467 2600 4518 carni
2638 4475 2689 4519 et
2727 4464 2996 4533 sanguini,
3033 4467 3352 4534 czeterisqne
3390 4468 3487 4521 hu-

1850 4542 1891 4595 Ῑ)
1920 4558 2093 4610 manis
2122 4572 2273 4624 mque
2300 4572 2361 4611 ac
2392 4572 2489 4611 nos
2520 4558 2958 4622 comnumicans,
2990 4558 3133 4611 inter
3162 4561 3353 4614 multos
3382 4560 3491 4615 fra-

1922 4659 2027 4700 tres
2047 4648 2090 4677 ³³
2114 4650 2398 4715 primatum
2424 4648 2669 4701 sortitum
2694 4658 2775 4701 est
2795 4647 2860 4701 ".
2886 4648 3016 4701 Cum
3045 4650 3141 4703 hoc
3168 4651 3284 4717 ipso
3312 4660 3487 4705 tamen

1918 4751 1973 4791 et
2012 4756 2038 4791 a
2081 4742 2326 4808 supernis
2368 4740 2470 4793 illis
2513 4740 2813 4807 spiritibus,
2852 4750 2907 4795 et
2949 4742 3240 4810 nobisipsis
3275 4760 3491 4813 quoque

1926 4832 2199 4895 aduratur,
2235 4841 2288 4883 et
2321 4841 2376 4883 ut
2410 4830 2550 4883 Deus
2582 4832 2797 4884 colitur.

2003 4940 2020 4972 ι
2062 4920 2127 4974 Ει
2157 4922 2290 4973 dixit
2322 4932 2491 4975 mater
2516 4923 2632 4989 ejus
2663 4924 2729 4975 ad
2764 4922 2912 4975 illum
2946 4942 2959 4976 :
2991 4923 3128 4989 Fili,
3159 4923 3284 4991 quid
3317 4922 3490 4977 fecisti

1924 5012 2076 5067 nobis
2104 5013 2214 5065 sic?
2242 5013 2377 5066 Ecce
2409 5022 2559 5079 pater
2586 5020 2707 5067 tuus
2733 5023 2787 5067 et
2811 5029 2909 5083 ego
2934 5014 3181 5069 dolentes
3208 5014 3490 5083 quaareba-

1922 5119 2041 5157 DlltS
2080 5114 2150 5156 te.
2186 5102 2253 5155 Et
2288 5104 2362 5156 ait
2396 5104 2459 5155 ad
2498 5103 2617 5157 illos
2651 5121 2665 5158 :
2702 5104 2837 5169 Quid
2872 5116 2950 5160 est
2988 5106 3129 5171 quod
3165 5120 3249 5159 me
3283 5120 3493 5173 quaere-

1922 5196 2095 5250 batis?
2123 5193 2479 5257 Neseiebatis,
2507 5196 2631 5263 quia
2664 5195 2714 5249 in
2746 5196 2829 5249 his
2855 5212 2974 5265 qua:
3004 5194 3181 5249 Patris
3212 5198 3315 5250 mei
3344 5204 3489 5262 sunt,

1923 5296 2133 5356 Oportet
2158 5302 2242 5339 me
2279 5301 2393 5340 esse
2417 5287 2496 5338 3"?
2524 5305 2539 5337 ι
2567 5288 2641 5341 En
2668 5288 2935 5357 quomodo
2959 5288 3230 5341 celestem
3256 5286 3492 5356 Patrem,

1923 5440 2015 5495 ‘21.
2130 5441 2171 5471 ³⁸
2212 5438 2342 5495 Luc.
2379 5455 2437 5506 ιι,
2466 5440 2517 5506 6,
2554 5440 2607 5495 7.
2719 5440 2761 5471 ³³
2788 5440 2949 5495 Hebr.
2979 5456 3036 5506 ιι,
3076 5442 3156 5494 Μ.
3262 5443 3306 5473 “
3329 5442 3491 5498 Rom.

1318 5672 1493 5727 Variae
1530 5670 1785 5725 lcetioncs
1816 5667 2017 5723 codicis
2039 5668 2389 5738 Seguieriani.

331 5816 354 5853 Ιι
388 5816 546 5879 ἴσως,
580 5808 831 5879 ἀγγέλου.
915 5806 927 5843 ι
966 5807 1161 5878 ᾔδειτε.
