4092 6334
639 409 777 463 1519

1627 400 1684 456 S.
1726 397 1998 457 CYRILLI
2037 395 2501 452 ALEXANDRINI
2547 393 2865 451 ARCUIEP.

3750 395 3895 451 1520

635 535 792 573 sttttm
825 518 991 587 ipsius
1021 517 1301 588 proprium
1332 514 1542 571 Patrem
1573 516 1831 571 nominat.
1857 514 1925 567 At
1949 512 2213 581 siquidem

2320 511 2448 564 [διον
2494 512 2688 566 ἑαυτοῦ
2722 510 2937 581 Πατέρα
2967 510 3058 564 τὸν
3103 510 3161 563 ἐν
3188 512 3299 574 τοῖς
3336 510 3582 581 οὐρανοῖς
3610 510 3892 581 ὀνομάζει.

639 610 810 661 nudus
840 610 999 664 homo
1024 616 1163 673 erat,
1194 608 1489 677 cuiusmodi
1520 622 1615 661 nos
1640 621 1845 670 sumus,
1874 615 1928 658 et
1954 603 2097 657 aliud
2127 602 2210 656 ni-

639 698 739 763 hil;
774 714 869 751 cur
896 714 998 752 non
1032 698 1134 751 hac
1166 698 1344 766 potius
1370 698 1620 752 oratione
1652 712 1781 750 usus
1808 704 1892 749 est
1919 712 1934 748 :
1971 714 1989 744 ι
2024 692 2210 748 Nesci-

641 791 709 842 tis
740 787 880 857 quod
915 791 964 841 in
999 790 1082 843 his
1108 804 1226 857 qua:
1253 790 1552 843 communis
1580 788 1820 843 omnium
1854 785 2030 840 Patris
2060 793 2206 848 sunt,

636 889 852 948 «φοι-[οι
892 894 975 933 me
1017 880 1173 933 esse?
1216 900 1232 930 ι
1272 878 1469 935 Verum
1507 880 1655 934 illum
1695 890 1753 932 ut
1790 878 2067 946 prOpriutn
2107 876 2207 930 sibi

639 971 902 1034 vindieat;
934 971 1059 1039 quia
1091 971 1237 1025 solus
1265 973 1567 1026 secundum
1601 970 1835 1025 divinam
1869 978 2116 1023 naturam
2143 984 2210 1022 ex

642 1064 758 1129 ipso
795 1071 954 1116 natus
988 1071 1087 1117 est.
1123 1063 1382 1117 Eumdem
1422 1063 1775 1117 nihilominus
1810 1071 1866 1116 et
1904 1062 2066 1116 homo
2098 1060 2208 1126 jam

643 1151 813 1203 factus
844 1152 1114 1218 proprium
1149 1151 1320 1206 adhuc
1354 1153 1764 1221 naturalemque
1796 1152 2015 1206 retinet.

716 1260 733 1291 ι
773 1242 833 1295 Et
868 1240 1064 1296 factum
1097 1254 1214 1306 est,
1248 1242 1375 1295 dum
1412 1252 1554 1297 esset
1586 1243 1637 1295 iit
1672 1257 1772 1295 una
1806 1242 2124 1302 civitatum,
2157 1250 2212 1294 et

639 1341 763 1379 ecce
788 1328 868 1379 vir
889 1328 1077 1397 plenus
1106 1330 1251 1394 lepra
1286 1348 1297 1383 :
1325 1340 1377 1384 et
1401 1331 1587 1385 videns
1614 1331 1818 1394 Jesnm,
1848 1342 1900 1383 et
1924 1330 2211 1399 procidcns

640 1421 689 1470 in
716 1416 931 1483 facient,
960 1419 1166 1488 rogavit
1188 1436 1331 1487 eum,
1357 1423 1540 1476 dicens
1562 1441 1575 1476 :
1600 1423 1841 1487 Domine,
1871 1424 1914 1477 si
1937 1426 2035 1489 vis,
2063 1433 2212 1492 potes

638 1524 722 1564 me
753 1510 1030 1565 numdare.
1064 1509 1128 1563 Et
1158 1516 1452 1568 extendens
1483 1531 1721 1581 mamtm,
1755 1515 1928 1585 tetigit
1955 1530 2101 1578 emn,
2130 1516 2212 1569 di-

636 1615 763 1653 cens
799 1616 812 1655 :
848 1598 1000 1665 Volo,
1044 1604 1305 1657 mundare
1343 1588 1407 1655 ³³.
1446 1623 1463 1656 ι
1487 1603 1770 1658 Miraberis
1810 1603 1897 1659 hic
1934 1604 2210 1659 Christum

635 1691 812 1746 divina
848 1692 1006 1745 simul
1040 1708 1104 1747 ac
1135 1708 1393 1763 corporea
1426 1695 1625 1749 virtute
1653 1710 1966 1765 Operantem
2001 1715 2013 1750 :
2046 1698 2211 1766 siqui-

632 1783 751 1836 dem
782 1784 916 1837 velle
945 1794 1063 1839 erat
1092 1787 1354 1849 divinum,
1385 1788 1498 1855 ipsa
1528 1802 1654 1841 vero
1686 1803 1876 1841 manus
1908 1792 2207 1858 proteusio,

2325 601 2464 653 Ἀλλ’
2493 604 2650 673 εἴπερ
2695 598 2763 674 ἦν
2815 602 3097 674 ἄνθρωπος
3147 603 3481 673 καταμόνας,
3513 604 3607 657 καὶ
3645 603 3778 657 αὐτὸ
3823 602 3893 672 δὴ

2310 693 2467 748 τοῦτο
2514 696 2800 766 νοούμενος
2852 694 2971 748 καθ’
3002 694 3169 765 ἡμᾶς,
3208 694 3325 757 πῶς
3380 696 3480 748 οὐκ
3529 694 3637 747 ἔδει
3688 694 3892 765 μᾶλλον

2316 787 2490 838 εἰπεῖν
2515 802 2528 814 ·
2559 786 2672 839 Οὐκ
2707 786 2905 856 ᾔδειτε,
2939 786 3021 839 ὅτι
3068 786 3127 839 ἐν
3153 788 3264 849 τοῖς
3295 785 3388 838 τοῦ
3428 785 3643 839 πάντων
3674 782 3891 857 Πατρδς

2310 874 2451 932 εἷναί
2495 896 2560 949 με
2585 879 2700 943 δεῖς
2744 878 2883 931 Ἀλλ’
2915 879 3044 932 ῖδιον
3087 877 3255 932 αὐτοῦ
3286 879 3553 931 ποιεῖται·
3595 879 3751 946 μόνος
3777 874 3893 947 γὰρ

2311 970 2371 1034 ἐξ
2401 972 2565 1024 αὑτοῦ
2590 970 2911 1041 γεγέννηται
2934 971 3074 1026 κατά
3107 970 3269 1040 φύσιν
3300 968 3515 1031 θεῖκῶς.
3534 970 3591 1023 '0
3621 970 3678 1022 δὲ
3702 969 3891 1033 αὐτὸς,

2311 1062 2406 1115 καὶ
2440 1062 2720 1134 ἄνθρωπος
2750 1060 3009 1133 γεγονὼς,
3040 1062 3171 1117 ῐδιον
3211 1062 3323 1132 ἔχει
3355 1061 3448 1114 καὶ
3483 1060 3639 1130 φύσει
3670 1060 3896 1131 Πατέρα

2311 1153 2402 1206 τὸν
2429 1152 2589 1208 Θεόν.

2392 1269 2409 1301 ι
2438 1249 2540 1302 Kal
2595 1249 2811 1317 ἐγένετο
2848 1250 2905 1303 ὲν
2957 1248 3033 1318 τῷ
3071 1243 3210 1301 εἶναι
3240 1247 3401 1301 αὐτὸν
3431 1247 3488 1300 ὲν
3521 1246 3619 1317 μιᾷ
3654 1244 3760 1297 τῶν
3792 1243 3894 1297 πό-

2310 1336 2466 1403 λεων,
2499 1337 2594 1391 καὶ
2654 1337 2763 1391 ἰδοὺ
2808 1338 2948 1409 ἀνὴρ
2999 1337 3212 1408 πλήρης
3237 1337 3442 1407 λέπρας
3464 1350 3480 1364 °
3526 1336 3618 1389 καὶ
3648 1333 3768 1387 ἰδὼν
3795 1332 3893 1385 τὸν

2323 1428 2550 1498 Ἰησοῦν,
2584 1428 2763 1499 πεσὼν
2798 1428 2890 1482 ἐπὶ
2920 1428 3229 1499 πρόσωπον,
3255 1427 3447 1499 ἐδεήθη
3472 1426 3660 1489 αὑτοῦ,
3680 1425 3856 1494 λέγων
3874 1442 3889 1455 ·

2311 1518 2503 1589 Κύριε,
2544 1516 2637 1570 ὲάν
2671 1516 2849 1588 θέλῃς,
2878 1516 3101 1571 δύνασαί
3145 1534 3211 1587 με
3236 1517 3550 1587 καθαρίσαι.
3583 1515 3689 1569 Καὶ
3715 1513 3894 1565 εκτει-

2310 1627 2405 1672 νας
2437 1610 2533 1675 τὴν
2562 1610 2716 1679 χεῖρα
2741 1647 2755 1671 ,
2783 1608 2961 1677 ἥψατο
2992 1607 3179 1670 αὐτοῦ,
3209 1606 3406 1674 λέγων·
3451 1606 3617 1672 Θέλω,
3653 1604 3892 1676 καθαρί-

2313 1700 2489 1770 σθητι.
2523 1720 2540 1751 ι
2579 1699 2898 1770 Θαυμάσεις
2946 1700 3004 1752 ὲν
3050 1698 3259 1761 τούτοις
3307 1698 3505 1761 θεῖκῶς
3538 1715 3597 1750 τε
3647 1696 3761 1766 ἅμα
3793 1694 3892 1748 καὶ

2312 1791 2639 1861 σωματικῶς
2690 1783 3017 1861 ἐνεργοῦντα
3050 1790 3315 1859 Χριστόν·
3360 1790 3539 1841 Θεῖκδν
3575 1789 3672 1859 μὲν
3704 1782 3796 1841 οὖν
3828 1785 3895 1838 τὸ

636 1878 953 1932 humanum.
986 1877 1136 1933 Unus
1166 1880 1349 1948 itaque
1375 1895 1443 1933 ex
1472 1890 1699 1950 utroque
1728 1880 1915 1936 Filius.
1944 1881 2073 1937 Nam
2105 1885 2205 1939 etsi

2315 1884 2507 1950 θέλειν,
2536 1882 2874 1955 ἀνθρώπινον
2898 1883 2954 1936 δὲ
2983 1883 3042 1936 τὸ
3071 1884 3303 1936 ἐκτεῖναι
3334 1881 3431 1951 τὴν
3463 1883 3639 1951 χεῖρα.
3670 1875 3762 1943 Εἷς
3794 1873 3893 1934 οὖν

638 1967 868 2021 Verhum
898 1967 1061 2023 fuerit
1094 1971 1452 2036 incarnatum,
1480 1972 1646 2025 nihilo
1676 1981 1851 2027 tamen
1880 1977 2051 2031 secius
2081 1992 2203 2030 cum

636 2060 850 2127 propria
879 2075 1062 2126 carne,
1093 2062 1341 2115 virtutem
1371 2074 1426 2117 et
1459 2064 1568 2133 ipsa
1601 2075 1817 2135 propter
1844 2066 1970 2121 illud
2004 2069 2206 2122 haben-

637 2156 708 2211 te,
740 2158 992 2217 tanquam
1028 2150 1166 2205 Deus
1208 2154 1555 2219 operabatur.

710 2257 728 2289 ι
762 2237 906 2293 Dixit
936 2251 1111 2294 autem
1138 2242 1201 2295 ad
1231 2241 1349 2297 illos
1376 2258 1391 2296 :
1417 2244 1695 2309 Quomodo
1721 2247 1905 2301 dicunt
1934 2248 2202 2303 Christum

634 2342 751 2384 esse
783 2330 945 2383 filium
984 2331 1185 2385 David?
1214 2341 1267 2386 et
1296 2333 1411 2401 ipse
1441 2333 1608 2389 David
1639 2337 1771 2391 dicit
1803 2339 1853 2391 in
1888 2338 2025 2391 libro
2053 2338 2202 2392 PSal-

633 2440 839 2478 morum
878 2446 888 2479 :
924 2425 1065 2479 Dixit
1098 2426 1357 2482 Dominus
1393 2428 1621 2483 Domino
1657 2447 1773 2484 meo
1804 2450 1815 2484 :
1852 2431 1987 2484 Sede
2018 2450 2043 2484 a
2071 2436 2202 2485 dex-

632 2514 734 2568 tris
763 2515 917 2577 meis,
946 2516 1117 2569 donec
1144 2532 1337 2585 ponam
1368 2519 1615 2573 inimicos
1644 2528 1763 2573 tuos
1791 2521 2080 2574 seabellnm
2112 2538 2204 2590 pe-

631 2606 758 2657 dum
792 2615 1028 2657 tuorum.
1062 2606 1226 2658 David
1256 2621 1384 2675 ergo
1417 2609 1699 2661 Dominum
1734 2609 1878 2662 illum
1913 2619 2069 2663 vocat
2103 2628 2115 2663 :
2150 2620 2205 2664 et

632 2694 900 2763 quomodo
936 2696 1076 2747 filius
1109 2696 1227 2763 ejus
1260 2696 1439 2750 est"?
1477 2716 1495 2747 ›
1530 2698 1699 2753 Audis
1730 2715 1837 2768 quo
1873 2711 2029 2768 pacto
2064 2701 2205 2770 ipse-

635 2796 745 2838 met
780 2784 1030 2840 Christus
1070 2784 1308 2854 (tametsi
1347 2801 1409 2841 ex
1456 2788 1661 2841 semine
1702 2787 1871 2842 David
1911 2791 2202 2844 secundum

632 2891 847 2933 carnem
876 2878 1138 2948 originem
1172 2877 1371 2949 trahat)
1402 2880 1505 2934 hoc
1536 2880 1655 2934 loco
1686 2880 1875 2944 Deum,
1900 2891 1953 2935 et
1985 2880 2199 2950 Filium,

635 2966 792 3036 117
818 2977 870 3020 et
897 2968 1179 3022 Dominum
1204 2969 1498 3023 secundum
1527 2978 1773 3024 naturam
1800 2986 1859 3025 se
1882 2987 2002 3025 esse
2025 2982 2202 3026 osten-

631 3060 757 3111 dat?
793 3056 930 3112 Dieit
962 3061 1105 3112 enim
1142 3077 1155 3113 :
1198 3079 1214 3111 ι
1256 3060 1308 3113 Si
1346 3060 1564 3115 Davidis
1600 3062 1742 3116 filius
1776 3073 1879 3126 est,
1911 3079 2007 3116 cur
2038 3063 2200 3118 David

636 3148 914 3202 Dominum
945 3150 1093 3203 illutn
1120 3151 1385 3219 appellat?
1415 3171 1435 3204 ι
1467 3153 1570 3205 Sed
1605 3168 1777 3223 neque
1804 3168 1980 3208 ortum
2009 3171 2200 3210 secun-

2314 1977 2373 2041 ἐξ
2406 1978 2607 2047 ἀμφοῖν
2651 1978 2793 2041 Υἱός.
2824 1978 2885 2031 Ei
2925 1976 3033 2047 γὰρ
3082 1975 3177 2029 καὶ
3225 1975 3413 2042 γέγονε
3446 1972 3582 2046 σὰρξ
3626 1974 3654 2025 6
3689 1972 3889 2040 Λόγος,

2312 2068 2425 2121 ἀλλ’
2453 2068 2527 2132 ὡς
2550 2069 2680 2133 Θεὸς
2705 2070 2917 2137 ἐνεργεῖ
2942 2066 3079 2137 μετὰ
3106 2069 3206 2137 τῆς
3231 2064 3365 2129 ἰδίας
3395 2063 3618 2135 σαρκὸς,
3654 2062 3891 2134 ἐχούσης

2311 2159 2479 2229 αὐτῆς
2505 2158 2570 2211 δι’
2598 2158 2758 2211 αὑτὸν
2789 2155 3039 2225 δύναμιν.

2389 2268 2406 2301 ι
2436 2245 2569 2303 Εἴπε
2601 2250 2657 2302 δὲ
2690 2248 2823 2318 πρὸς
2861 2247 3057 2309 αὐτούς
3080 2261 3093 2274 ’
3125 2244 3249 2308 Πῶς
3279 2244 3495 2311 λέγουσι
3535 2241 3627 2295 τὸν
3652 2237 3893 2311 Χριστὸν

2312 2337 2450 2393 εἶναι
2496 2340 2608 2393 υἱὸν
2638 2338 2830 2403 Δαυῖδ;
2862 2336 3021 2399 αὐτὸς
3053 2336 3159 2406 γὰρ
3187 2337 3214 2388 6
3247 2332 3408 2387 Δαυῒδ
3436 2332 3583 2400 λέγει
3617 2331 3674 2381 ὲν
3698 2326 3893 2398 βιϐλίῳ

2310 2432 2553 2500 Ψαλμῶν
2574 2449 2586 2462 ·
2620 2426 2786 2482 Εἶπεν
2813 2430 2841 2482 6
2868 2428 3071 2498 Κύριος
3102 2426 3181 2496 τῷ
3211 2424 3401 2496 Κυρίῳ
3437 2440 3536 2494 μου
3556 2437 3568 2450 ⁸
3602 2419 3785 2475 Κάθου
3822 2421 3894 2471 ὲκ

2309 2522 2499 2586 δεξιῶν
2538 2538 2659 2591 μου,
2699 2521 2802 2583 ἓως
2838 2518 2903 2572 ἂν
2939 2518 3015 2571 θῶ
3051 2520 3176 2580 τοὺς
3205 2515 3429 2587 ἐχθρούς
3472 2532 3566 2567 σου
3598 2511 3893 2566 ὑποπόδιον

2310 2612 2419 2663 τῶν
2451 2610 2624 2663 ποδῶν
2664 2625 2779 2661 σου.
2818 2607 2981 2660 Δανῖδ
3014 2605 3176 2659 αὑτὸν
3205 2604 3407 2675 Κύριον
3434 2603 3604 2666 καλεῖ,
3638 2602 3731 2655 καὶ
3770 2601 3893 2662 πῶς

2313 2702 2438 2764 Υἱὸς
2467 2697 2630 2754 αὑτοῦ
2661 2698 2840 2765 ὲστινς
2875 2715 2891 2748 ι
2932 2695 3177 2757 Ἀκούεις
3202 2695 3349 2757 ὃπως
3376 2695 3433 2745 ὲν
3460 2691 3665 2753 τούτοις
3696 2692 3888 2760 πειρᾶν

2309 2812 2396 2847 ται
2430 2791 2692 2846 δεικνύειν
2727 2789 2889 2853 αὐτὸς
2913 2791 2941 2843 6
2972 2787 3223 2859 Χριστὸς,
3248 2786 3328 2840 ὅτι
3358 2784 3461 2839 κᾶν
3486 2786 3534 2837 εί
3559 2783 3782 2853 γέγονεν
3823 2782 3894 2836 ἐκ

2312 2887 2626 2955 σπέρματος
2656 2881 2817 2935 Δαυῒδ
2854 2882 2884 2934 6
2912 2879 3080 2949 Λόγος
3118 2876 3257 2932 κατά
3284 2876 3381 2947 τὴν
3418 2875 3615 2945 σάρκα,
3642 2871 3759 2928 ἀλλ’
3792 2866 3893 2924 οὖν

2310 2979 2425 3031 ἐστι
2458 2976 2550 3029 καὶ
2577 2973 2717 3027 οὕτω
2751 2972 2892 3027 κατὰ
2923 2970 3084 3040 φύσιν
3107 2970 3331 3040 Κύριος,
3355 2969 3430 3031 ὡς
3456 2967 3582 3029 Υἱὸς
3601 2965 3693 3019 καὶ
3714 2964 3847 3027 Θεός
3870 2980 3887 3029 ;

2317 3090 2335 3122 ι
2364 3068 2429 3121 Εἰ
2467 3068 2574 3136 γὰρ
2603 3067 2688 3137 δὴ,
2723 3067 2908 3134 φησὶν,
2947 3062 3057 3126 υἱὸς
3099 3060 3193 3113 τοῦ
3242 3060 3423 3127 Δαυῖδ,
3476 3059 3593 3122 πῶς
3642 3058 3804 3111 αὐτὸν
3859 3058 3891 3109 6

2312 3160 2474 3214 Δαυῖδ
2504 3159 2705 3229 Κύριον
2734 3153 3023 3225 ὀνομάζει;
3058 3172 3075 3204 ι
3098 3152 3235 3204 Ἀλλ’
3262 3149 3385 3203 οὗτε
3411 3151 3507 3221 τὴν
3535 3153 3600 3203 ὲκ
3631 3150 3889 3220 σπέρμα.-

634 3241 757 3292 dum
795 3256 1010 3293 carnem
1049 3242 1133 3294 hic
1167 3257 1232 3295 ex
1272 3241 1489 3296 Davidis
1523 3245 1729 3299 semine
1767 3246 1993 3312 refutat;
2032 3262 2205 3316 neque

2308 3270 2398 3315 τος
2427 3250 2587 3304 Δαυῒδ
2616 3248 2865 3317 γέννησιν
2902 3244 3041 3298 κατά
3078 3246 3256 3314 σάρκα
3280 3243 3338 3295 ἐν
3366 3241 3576 3304 τούτοις
3613 3242 3889 3311 ἀρνεῖται,

634 3330 868 3400 seipsum
906 3346 1118 3384 rursum
1156 3331 1449 3384 secundum
1486 3342 1731 3387 naturam
1769 3335 2051 3390 Dominum
2087 3352 2207 3397 esse

634 3432 810 3493 negat.
832 3422 1024 3477 Verum
1056 3422 1179 3477 licet
1210 3438 1373 3475 unum
1404 3438 1469 3476 ex
1501 3432 1731 3493 utroque
1756 3437 2007 3481 constare
2040 3427 2206 3496 signi-

634 3518 847 3568 ticatum
884 3515 1039 3580 velit,
1078 3526 1367 3583 utrumque
1406 3524 1582 3567 tamen
1621 3518 1807 3570 adesse
1841 3519 2200 3571 demonstrat.

635 3606 779 3661 Unus
812 3607 987 3674 itaque
1019 3616 1101 3661 est
1131 3607 1402 3670 Christus,
1435 3616 1488 3660 et
1516 3620 1673 3660 verus
1704 3605 1891 3661 Filius.

712 3744 865 3809 Quod
896 3745 1026 3812 ﬁdes
1062 3746 1116 3798 in
1151 3742 1416 3797 Christum
1454 3744 1521 3797 sil
1561 3754 1810 3815 tanquam
1846 3747 1896 3799 in
1933 3746 2120 3801 Deum.

1029 3856 1112 3911 Ea:
1142 3855 1383 3925 Epistola
1414 3861 1482 3910 ad
1516 3856 1802 3915 Romanus.

702 3987 721 4019 ι
756 3966 855 4022 Per
878 3983 1035 4037 quem
1066 3971 1374 4038 accepimus
1405 3969 1634 4038 gratiam
1664 3980 1717 4024 et
1744 3972 2103 4040 apostolatum
2132 3975 2198 4028 ad

625 4060 981 4113 obediemlum
1020 4062 1139 4114 lidei
1186 4062 1234 4114 in
1282 4062 1534 4116 munibus
1571 4063 1818 4131 gentibus
1844 4078 1950 4130 pro
1986 4066 2201 4119 nomine

627 4154 825 4219 ipsius;
857 4154 907 4205 in
936 4154 1128 4222 quibus
1152 4154 1284 4207 estis
1309 4165 1364 4207 et
1388 4169 1479 4207 vos
1505 4157 1681 4209 vocati
1704 4154 1831 4209 Jesu
1855 4156 2054 4211 Christi
2076 4158 2140 4211 ³⁸.
2176 4176 2194 4208 ι

626 4244 841 4299 Vneatae
874 4255 999 4298 sunt
1031 4258 1215 4312 gentes
1250 4262 1343 4311 per
1379 4246 1558 4300 fidem.
1593 4247 1693 4312 Qui
1731 4257 1911 4301 autem
1949 4264 2043 4317 per
2072 4264 2199 4302 san-

625 4342 740 4393 clos
771 4336 1039 4403 apostolus
1071 4337 1174 4388 illis
1206 4338 1647 4402 annuntiabalur,
1678 4337 1928 4391 Christus
1954 4348 2087 4391 erat.
2118 4339 2198 4391 Ab

626 4428 691 4477 iis
721 4440 844 4475 vero
871 4427 959 4490 qui
993 4427 1115 4476 lidei
1152 4428 1422 4493 mysteriis
1452 4428 1829 4491 initiahantnr,
1861 4428 1989 4480 fides
2018 4428 2197 4495 exige-

627 4519 784 4567 batur
818 4516 868 4568 itt
906 4515 1211 4574 Christum,
1251 4533 1352 4565 nun
1393 4526 1641 4582 tanquam
1682 4517 1732 4567 in
1771 4517 2069 4580 hominem,
2104 4519 2194 4569 sed
2229 4560 2269 4611 ῃ

625 4619 875 4673 tanquam
912 4608 963 4660 in
997 4606 1180 4659 Deum.
1218 4604 1397 4672 Neque
1429 4606 1571 4655 enim
1606 4606 1786 4657 dicere
1818 4606 1896 4657 fas
1926 4614 2028 4666 est,
2062 4622 2193 4673 gen-

625 4711 701 4751 tes
734 4716 850 4766 quze
880 4697 1037 4750 tidem
1072 4698 1121 4748 in
1153 4696 1424 4747 Christum
1456 4694 1971 4759 complectehantur,
1998 4709 2061 4748 ex
2092 4710 2198 4749 uno

623 4806 803 4843 errore.
836 4790 887 4842 in
921 4790 1146 4843 alterum
1181 4787 1460 4840 transiisse
1491 4802 1503 4838 ;
1536 4801 1721 4838 verum
1754 4804 1781 4837 a
1815 4784 1933 4838 falsi
1967 4785 2201 4838 nominis

625 4884 724 4934 «his
756 4883 1036 4943 abductas,
1070 4886 1134 4933 ad
1169 4881 1331 4934 Deum
1362 4880 1538 4932 vivum
1570 4892 1861 4931 conversas
1888 4892 2028 4932 esse.
2058 4877 2190 4932 Cum

625 4976 696 5030 illi
740 4989 867 5041 ergo
907 4976 970 5025 ad
1014 4974 1371 5027 obedientium
1419 4970 1540 5025 fidei
1590 4986 1686 5039 pro
1727 4969 1927 5025 Christi
1975 4970 2193 5023 nomine

625 5065 981 5129 apostolatum
1040 5079 1097 5117 se
1155 5066 1428 5131 accepisse
1489 5065 1861 5133 profiteantur,
1924 5062 2193 5131 quomodo

623 5147 870 5214 Christus
904 5170 1005 5205 non
1036 5164 1117 5206 est
1152 5154 1318 5219 Dens,
1353 5172 1471 5209 ettnt
1506 5155 1635 5209 fides
1668 5156 1926 5210 habeatur
1958 5157 2009 5209 in
2042 5154 2189 5207 illum

624 5258 875 5315 tanquam
912 5246 961 5298 in
996 5244 1193 5298 Deum?

699 5362 717 5392 ι
756 5338 933 5393 Testis
959 5348 1042 5391 est
1068 5338 1193 5390 mihi
1226 5337 1379 5399 Dens,
1415 5340 1495 5389 cui
1529 5340 1703 5391 servio
1737 5340 1787 5392 in
1828 5341 2019 5408 spiritu
2050 5353 2189 5403 meo,

625 5433 679 5486 in
724 5430 1016 5499 Evangelio
1064 5427 1181 5480 Filii
1234 5427 1371 5497 ejus,
1427 5427 1567 5493 quod
1621 5429 1737 5481 sine
1792 5429 2192 5483 intermissione

625 5524 937 5575 memoriam
1004 5522 1169 5574 vestri
1234 5520 1372 5571 l'aeio
1442 5534 1653 5586 semper
1722 5522 1771 5572 in
1853 5520 2192 5575 orationibus

629 5615 761 5666 meis
790 5614 855 5667 ³³.
897 5632 914 5663 ι
952 5612 1049 5679 Qui
1090 5612 1195 5665 Deo
1235 5611 1498 5673 servium,
1544 5625 1647 5663 non
1688 5616 1935 5668 serviunt
1972 5613 2189 5670 Christo

695 5790 739 5820 "
770 5789 903 5845 Luc.
941 5805 988 5853 κ’,
1024 5791 1107 5852 12,
1149 5790 1227 5841 15.

2307 3343 2428 3397 οὗτε
2480 3343 2585 3411 μὴν
2641 3339 2958 3408 ἀποπέμπει
3006 3337 3097 3390 τοῦ
3148 3330 3454 3389 εἶναικατά
3489 3332 3647 3400 φύσιν
3676 3331 3889 3402 Κύριον

2306 3434 2493 3488 ἑαυτόν
2512 3450 2525 3465 ⁸
2567 3435 2847 3502 προσεῖναι
2876 3430 2931 3483 δέ
2964 3446 3126 3500 φησιν
3156 3427 3481 3496 ἀμιρότερον,
3509 3426 3556 3477 εἰ
3584 3424 3675 3477 καὶ
3697 3423 3754 3489 ἐξ
3778 3424 3890 3492 ἀμ·-

2308 3527 2423 3594 φοῖν
2456 3522 2703 3593 βούλεται
2752 3522 2840 3573 τὸν
2874 3521 2968 3572 ἕνα
2998 3514 3307 3588 δηλοῦσθαι.
3339 3508 3434 3577 Εἷς
3463 3508 3556 3568 οὖν
3594 3514 3703 3583 ἄρα
3746 3512 3889 3582 Χρι-

2309 3615 2448 3678 στὸς,
2484 3615 2575 3666 καὶ
2617 3613 2742 3675 Υἱὸς
2775 3611 3012 3682 ἀληθῶς.

2430 3748 2557 3801 Ὅτι
2595 3750 2682 3812 εὶς
2718 3744 2976 3813 Χριστὸν
3015 3745 3051 3809 ἠ
3093 3741 3297 3805 πίστις
3334 3740 3413 3804 ὡς
3450 3740 3537 3804 εἰς
3578 3738 3744 3791 Θεόν.

2690 3861 2789 3913 Ἐκ
2827 3857 2937 3927 τῆς
2976 3857 3123 3924 πρὸς
3165 3855 3503 3924 Ῥωμαίους.

2378 3998 2394 4029 ι
2425 3976 2500 4028 Δι’
2522 3966 2582 4027 οὗ
2610 3972 2873 4042 ἐλάϐομεν
2895 3970 3053 4041 χάριν
3080 3970 3171 4024 καὶ
3201 3968 3505 4040 ἀποστολὴν
3535 3969 3613 4031 είς
3634 3966 3885 4037 ὑπακοὴν

2301 4070 2534 4130 πίστεως
2566 4068 2622 4119 ὲν
2657 4066 2789 4118 πᾶσι
2821 4066 2934 4126 τοῖς
2967 4063 3173 4116 ἔθνεσιν
3202 4062 3342 4131 ὑπὲρ
3369 4060 3460 4113 τοῦ
3486 4061 3749 4130 ὀνόματος
3775 4060 3882 4114 αύ-

2298 4160 2391 4213 τοῦ
2414 4177 2426 4189 ³
2462 4162 2517 4212 ἐν
2548 4153 2628 4221 οἷς
2655 4158 2774 4210 ἐστε
2820 4155 2913 4207 καὶ
2944 4155 3099 4223 ὑμεῖς
3137 4153 3323 4223 κλητοὶ
3360 4151 3531 4222 Ἰησοῦ
3563 4150 3823 4221 Χριστοῦ.
3858 4171 3877 4202 ι

2300 4253 2609 4321 Κέκληνται
2644 4249 2712 4301 τά
2738 4247 2861 4317 ἔθνη
2897 4246 2983 4299 διὰ
3016 4245 3113 4315 τῆς
3144 4245 3395 4306 πίστεως.
3426 4242 3537 4295 Καὶ
3574 4239 3639 4313 ἦν
3672 4244 3700 4295 6
3738 4241 3881 4311 Χρι-

2301 4343 2420 4405 στὸς
2445 4343 2531 4395 διὰ
2564 4342 2670 4395 τῶν
2704 4340 2872 4408 ἁγίων
2899 4338 3211 4392 ἀποστόλων
3244 4339 3272 4389 ὀ
3305 4337 3431 4407 παρ’
3452 4337 3632 4397 αὐτοῖς
3666 4351 3879 4404 κηρυτ-

2297 4435 2550 4503 τόμενος·
2588 4433 2885 4501 ἐπράττετο
2910 4430 2966 4481 δὲ
3009 4428 3159 4497 παρὰ
3186 4427 3293 4479 τῶν
3328 4424 3879 4495 μυσταγωγουμένων

2300 4526 2331 4591 ἡ
2365 4524 2543 4584 πίστις
2569 4523 2665 4589 οὐχ
2694 4522 2766 4581 ὡς
2806 4522 2881 4581 εἰς
2911 4519 3213 4588 ἄνθρωπον,
3255 4516 3368 4568 ἀλλ’
3404 4517 3477 4576 ὡς
3504 4519 3578 4577 εἰς
3610 4516 3763 4569 Θεόν.
3796 4516 3875 4567 Οὐ

2299 4614 2405 4681 γάρ
2441 4611 2540 4662 πού
2582 4626 2760 4679 φαμεν
2789 4610 2852 4659 ὲκ
2885 4607 3089 4676 πλάνης
3127 4608 3205 4669 είς
3237 4605 3439 4675 πλάνην
3476 4605 3767 4675 κεκλῆσθαι
3803 4607 3877 4656 τὰ

2300 4705 2446 4770 ww},
2474 4704 2570 4771 τὴν
2609 4702 2686 4762 εἰς
2724 4698 2956 4769 Χριστὸν
2996 4698 3174 4750 πίστιν
3219 4697 3666 4768 παραδεξάμεναο
3700 4713 3877 4749 κατα-

2300 4795 2580 4847 λελοιπὸτα
2623 4794 2676 4845 δὲ
2717 4792 2912 4863 μᾶλλον
2958 4791 3082 4853 τοὺς
3126 4791 3509 4861 ψευδωνύμως
3543 4790 3713 4851 θεοὺς,
3749 4789 3877 4838 ἐπι-

2302 4886 2527 4957 στρέψαι
2554 4883 2739 4937 λοιπὸν
2775 4884 2865 4937 ἐπὶ
2894 4883 3025 4937 Θεὸν
3056 4884 3388 4947 ζῶντα.Ὅτε
3431 4882 3607 4934 τοίνυν
3635 4880 3873 4932 ἀποστο-

2299 4979 2393 5049 λὴν
2428 4978 2699 5047 εἰληφέναι
2739 4976 2901 5046 φασὶν
2932 4976 2982 5028 οἱ
3012 4974 3361 5045 μυσταγωγοὶ
3386 4976 3465 5033 εἰς
3502 4969 3745 5039 ὑπακοὴν
3778 4972 3872 5022 πί-

2302 5088 2469 5132 στεως
2502 5070 2641 5141 ὑπὲρ
2669 5069 2757 5122 τοῦ
2789 5069 3045 5138 ὀνόματος
3086 5065 3181 5119 τοῦ
3228 5063 3485 5131 Χριστοῦ,
3520 5063 3633 5127 πῶς
3663 5064 3762 5117 οὐκ
3800 5065 3871 5119 ἂν

2298 5163 2379 5234 εῖη
2411 5163 2559 5226 Θεὸς,
2585 5164 2739 5230 εἴπερ
2768 5163 2846 5222 είς
2883 5160 3041 5213 αὑτὸν
3073 5162 3103 5227 ἠ
3141 5157 3342 5218 πίστις,
3372 5156 3447 5218 ὡς
3480 5160 3557 5219 εις
3590 5156 3756 5222 Θεόν,

2375 5364 2391 5394 ι
2420 5344 2646 5415 Μάρτυς
2676 5342 2783 5411 γάρ
2820 5359 2919 5411 μου
2947 5340 3092 5392 ἐστὶν
3117 5341 3145 5391 6
3174 5338 3324 5402 Θεὸς,
3349 5332 3393 5407 ᾧ
3426 5340 3666 5413 λατρεύω
3697 5344 3754 5395 ὲν
3788 5345 3868 5413 τῷ

2305 5436 2572 5505 πνεύματί
2601 5454 2723 5504 μου,
2753 5436 2810 5485 ὲν
2845 5432 2922 5501 τῷ
2951 5432 3265 5501 Εὑαγγελίῳ
3296 5431 3387 5485 τοῦ
3421 5434 3546 5488 Υἱοῦ
3576 5436 3762 5501 αὐτοῦ,
3790 5440 3867 5502 ὡς

2294 5525 2647 5584 ἀδιαλείπτως
2688 5523 2874 5591 μνείαν
2909 5522 3061 5591 ὑμῶν
3087 5521 3343 5592 ποιοῦμαι
3377 5525 3603 5578 πάντοτε
3637 5526 3727 5579 ἐπὶ
3758 5527 3867 5580 τῶν

2296 5614 2612 5687 προσευχῶν
2654 5630 2775 5683 μου.
2813 5634 2829 5665 ι
2874 5616 2936 5666 0i
2965 5614 3082 5685 Θεῴ
3112 5614 3481 5686 λατρεύοντες,
3510 5617 3608 5686 οὐχ
3636 5616 3711 5680 ὡς
3747 5616 3868 5689 Θεῷ

1322 5788 1360 5816 ³⁷
1384 5786 1509 5839 Luc.
1545 5800 1631 5848 xx,
1669 5784 1859 5839 ιιι-ιιι.
1938 5791 1980 5820 ³³
2008 5790 2157 5845 “imi.
2196 5809 2229 5854 t,
2263 5793 2315 5855 ii,
2354 5792 2403 5846 (ὃ.
2486 5791 2525 5823 ³⁵
2556 5791 2704 5845 Horn.
2736 5810 2769 5859 ι,
2810 5797 2859 5849 9.
