4092 6334
170 409 294 462 1321

1260 424 1349 479 DE
1392 422 1619 481 RECTA
1660 420 1813 476 FIDE
1852 420 1942 475 AD
1977 420 2292 476 REGINAS.

3258 433 3394 491 13‘2‘3

168 520 290 590 παρ’
329 518 491 575 αὑτὸν
517 523 692 597 ἑτέρῳ
726 526 1044 601 λατρεύουσι
1081 534 1159 606 τῷ
1193 538 1433 608 Χριστῷ.
1462 538 1633 591 Αὑτοῦ
1674 536 1725 589 δέ

1832 544 2085 603 tanquam
2118 535 2273 589 alteri
2309 534 2436 589 Deo.
2468 534 2621 591 Unde
2648 545 2701 591 et
2730 536 2872 592 illius
2901 553 3112 608 quoque
3144 542 3391 613 Etangs.

170 628 293 678 φησι
337 614 431 664 καὶ
472 614 535 666 τὸ
564 616 919 686 Εὑαγγέλιον.
955 626 1297 695 Κηρύττεται
1327 630 1434 699 γάρ
1466 629 1625 692 αὐτὸς
1657 629 1732 692 ὼς

166 703 289 765 Θεὸς
317 702 389 772 τῷ
424 705 634 776 κόσμῳ,
660 710 834 766 καίτοι
877 714 1012 769 Θεοῦ
1061 719 1203 771 κατὰ
1244 719 1403 787 φύσιν
1449 721 1600 782 ὄντος
1636 721 1728 773 τοῦ

166 794 394 863 Πατρὸς,
430 796 523 849 καὶ
569 801 934 872 κατάρχοντος
976 806 1082 859 τῶν
1127 810 1281 863 ὅλων.
1316 810 1447 875 Θεὸς
1492 808 1585 865 οὖν
1624 813 1729 883 ἄρα

167 884 413 951 Χριστὸς,
450 888 477 938 ὀ
524 888 592 940 δι’
618 885 678 947 οὗ
712 893 804 945 καὶ
853 894 910 947 ἐν
948 888 991 962 ᾧ
1024 896 1115 949 καὶ
1161 898 1325 960 αὐτὸς
1368 902 1395 953 ὁ
1430 900 1617 971 Πατὴρ
1654 902 1730 964 ὡς

165 975 289 1037 Θεὸς
324 978 773 1047 καταγγέλλεται,
809 983 905 1036 καὶ
940 986 1006 1056 τῇ
1048 987 1197 1055 παρά
1245 989 1461 1047 πάντων
1503 992 1726 1061 τιμᾶται

163 1065 252 1117 λατ
263 1068 402 1138 ρείᾳ.

237 1175 255 1207 ι
288 1161 678 1225 Δικαιωθέντες
720 1158 811 1217 οῦν
847 1165 911 1219 ὲκ
959 1166 1216 1233 πίστεως,
1261 1173 1484 1243 εἰρήνην
1534 1173 1728 1244 ἔχομεν

166 1248 295 1333 πρὸς
323 1249 456 1301 Θεὸν
486 1251 572 1304 διὰ
600 1253 695 1307 τοῦ
723 1255 926 1326 Κυρίου
959 1259 1115 1329 ήμῶν
1151 1262 1325 1330 Ἰησοῦ
1357 1264 1613 1333 Χριστοῦ,
1651 1263 1730 1319 δι’

164 1332 219 1388 οὗ
260 1337 353 1388 νῦν
379 1339 474 1390 καὶ
499 1339 596 1408 τὴν
622 1346 985 1415 προσαγωγὴν
1008 1348 1319 1419 ἐσχήκαμεν
1347 1355 1411 1423 τῇ
1442 1353 1623 1410 πίστει
1649 1355 1729 1417 εἰς

163 1428 255 1496 τὴν
296 1427 456 1497 χάριν
486 1430 711 1500 ταύτην,
747 1432 805 1486 ὲν
902 1436 1233 1508 ἑστήκαμεν,
1263 1442 1356 1494 καὶ
1400 1444 1728 1514 καυχώμεθα

164 1519 243 1567 ἐπ’
270 1517 445 1571 ἑλπίδι
486 1523 585 1591 τῆς
620 1522 778 1593 δόξης
824 1526 918 1583 τοῦ
968 1527 1125 1584 Θεοῦ.
1157 1548 1175 1583 ι
1218 1531 1303 1594 Ὠς
1337 1534 1416 1597 είς
1459 1534 1589 1587 Θεὸν
1636 1553 1728 1587 πι-

1835 625 1963 679 lium
1994 640 2116 681 esse
2148 627 2477 695 perhibetur.
2517 629 2881 683 Annuntiatur
2919 632 3061 685 enim
3100 635 3297 688 mundo
3336 645 3393 694 ut

1833 715 1994 782 Deus,
2034 732 2152 770 cum
2180 716 2340 770 Pater
2379 718 2449 771 sit
2490 719 2627 774 Deus
2659 730 2849 775 natura
2871 762 2886 786 ,
2920 724 3392 795 principatumtu

1832 806 1883 859 iu
1923 820 2111 860 omnes
2149 807 2405 862 obtineat.
2452 808 2592 863 Deus
2631 810 2796 879 igitur
2836 822 2919 866 est
2956 813 3239 878 Christus,
3298 832 3394 884 per

1830 911 1991 966 quem
2022 906 2077 951 et
2110 898 2160 951 in
2194 912 2302 968 quo
2335 900 2447 969 ipse
2483 916 2697 969 quoque
2730 901 2891 959 Pater
2918 916 2975 960 ut
3003 906 3145 961 Deus
3178 924 3391 963 annun-

1833 990 2016 1054 tiatur,
2078 990 2334 1060 cultuque
2383 1002 2439 1046 et
2488 985 2832 1051 veneratione
2876 999 2943 1053 ab
2986 1000 3238 1054 omnibus
3276 1003 3390 1056 alli-

1828 1080 1990 1134 citur.

1907 1188 1927 1221 ‹
1960 1170 2247 1227 Justificati
2302 1188 2431 1244 ergo
2482 1190 2547 1229 ex
2599 1177 2720 1241 lide,
2772 1193 2957 1245 pacem
3016 1181 3273 1238 habemus
3325 1187 3390 1237 ad

1832 1259 1996 1316 Deum
2033 1277 2127 1330 per
2162 1262 2447 1318 Dominum
2489 1275 2728 1319 nostrum
2760 1267 2939 1321 Jesum
2972 1268 3267 1333 Christum,
3300 1288 3394 1340 per

1829 1366 1986 1420 quem
2027 1360 2077 1407 et
2125 1353 2387 1408 habemus
2415 1370 2689 1410 accessum
2729 1373 2827 1427 per
2861 1358 3018 1413 fidem
3060 1361 3113 1414 in
3163 1363 3392 1429 gratiam

1830 1442 2017 1510 istam,
2059 1445 2111 1497 in
2148 1460 2255 1517 qna
2297 1455 2538 1512 stamus,
2572 1459 2626 1503 et
2669 1449 2963 1518 gloriamur
3008 1452 3059 1506 in
3098 1454 3260 1525 118
3300 1470 3395 1522 spe

1830 1535 2013 1605 gloria:
2042 1536 2273 1591 filiorum
2309 1538 2398 1592 Dei
2424 1538 2490 1595 ⁸ο.
2524 1558 2543 1593 r
2577 1540 2632 1593 Si
2660 1542 2711 1594 in
2743 1539 2910 1595 Deum
2937 1546 3241 1610 credentes,
3270 1560 3395 1602 vere

164 1608 440 1673 στεύοντες
468 1611 843 1685 δικαιούμεθα.
872 1616 932 1672 Ei
963 1620 1022 1672 δὲ
1061 1624 1141 1685 εἰς
1185 1624 1419 1698 Χριστὸν
1460 1626 1665 1697 Ἰησοῦν
1690 1629 1724 1698 ή

1830 1624 2209 1696 iustiﬁcamur,
2244 1629 2455 1699 fideque
2488 1631 2538 1685 in
2571 1633 2845 1688 Christum
2875 1633 3059 1690 Jesum
3102 1608 3393 1699 tendimus,

164 1700 361 1767 πίστις,
397 1703 492 1758 καὶ
530 1705 597 1763 δι’
656 1707 819 1761 αὑτοῦ
868 1710 967 1781 τὴν
1011 1716 1377 1788 προσαγωγὴν
1413 1718 1725 1789 ἐσχήκαμεν

1830 1735 1894 1776 ac
1929 1736 2024 1791 per
2055 1723 2201 1777 illum
2234 1726 2299 1778 ad
2332 1723 2547 1779 Patrem
2588 1728 2806 1781 tandem
2835 1728 3183 1795 pervenimus
3212 1729 3393 1799 (Chri-

167 1792 540 1865 (συνήφθημεν
583 1799 692 1870 γὰρ
723 1799 801 1871 τῷ
828 1802 945 1873 Θεῷ
971 1806 1063 1861 καὶ
1090 1807 1282 1879 Πατρὶ,
1317 1810 1725 1882 συνεγείραντος

1833 1824 1917 1868 sto
1955 1830 2187 1883 namque
2218 1831 2314 1870 nos
2339 1816 2496 1871 simul
2518 1818 2808 1884 excitante,
2848 1818 2956 1873 Deo
3001 1829 3055 1874 et
3089 1819 3231 1875 Patri
3263 1835 3393 1875 con-

162 1885 345 1954 ῶσπερ
376 1888 524 1957 ἡμᾶς
560 1890 656 1942 τοῦ
686 1892 969 1963 Χριστοῦ)’
1004 1896 1122 1959 πῶς
1146 1899 1207 1950 οὐ
1225 1898 1355 1963 Θεὸς
1385 1903 1523 1969 ἐστι,
1552 1904 1646 1956 καὶ
1680 1905 1725 1956 εί

1830 1902 2141 1972 lungimur),
2172 1906 2441 1972 quomodo
2483 1906 2624 1960 Deus
2662 1920 2769 1959 nou
2814 1915 2917 1972 est,
2957 1908 3118 1963 etiam
3154 1908 3200 1964 si
3238 1908 3394 1977 juxta

160 1977 383 2043 γέγονεν
429 1980 493 2031 ὲκ
517 1981 854 2063 ’σπέρματος
884 1985 1046 2040 Δαυῒδ
1090 1991 1148 2041 τὸ
1184 1991 1323 2043 κατά
1353 1992 1552 2063 σάρκα,
1587 1996 1729 2053 κατὰ

161 2069 253 2131 τὰς
290 2070 549 2139 Γραφάς;

232 2179 248 2208 ι
281 2161 479 2225 Καθὼς
507 2163 836 2235 γέγραπται,
872 2170 1069 2239 φησιν’
1118 2173 1247 2228 Ἰδοὺ
1284 2176 1475 2247 τίθημι
1502 2181 1559 2231 έν
1590 2180 1729 2235 Σιὼν

160 2251 302 2305 λίθον
354 2254 805 2325 προσκόμματος,
854 2260 947 2312 καὶ
997 2260 1199 2332 πέτραν
1257 2267 1586 2320 σκανδάλου’
1637 2272 1730 2323 καὶ

163 2344 263 2406 πᾶς
315 2345 343 2396 ὁ
379 2344 652 2421 πιστεύων
696 2349 781 2400 ἐπ’
817 2350 987 2420 αὐτῷ,
1023 2352 1082 2403 ού
1114 2358 1660 2428 καταισχυνθήσεται.
1702 2380 1719 2413 ι

163 2434 382 2503 Συμεὼν
427 2438 454 2492 ὁ
477 2437 704 2506 δίκαιος,
735 2440 825 2493 ὅτε
859 2441 919 2494 τὸ
950 2442 1091 2497 θεῖον
1118 2446 1197 2509 είς
1222 2446 1470 2514 ἀγκάλας
1513 2449 1731 2514 ἐδέξατο

163 2526 376 2595 βρέφος,
410 2527 511 2598 ἔφη
567 2530 704 2599 πρὸς
756 2531 849 2586 τὸν
900 2533 1070 2588 Θεόνο
1126 2536 1286 2590 (Νῦν
1334 2538 1589 2603 ἀπολύεις
1638 2541 1729 2596 τὸν

161 2618 339 2670 δοῦλόν
379 2637 494 2684 σου,
526 2623 792 2687 Δέσποτα,
825 2626 966 2681 κατά
995 2626 1056 2681 τὸ
1077 2628 1233 2699 ῥῆμά
1261 2647 1377 2696 σου,
1412 2633 1470 2684 ὲν
1515 2634 1726 2706 εἰρήνῃ.

165 2708 279 2759 Ὀτι
309 2706 448 2761 εἶδον
475 2713 523 2762 ot
550 2712 817 2783 ὀφθαλμοί
834 2732 936 2785 μου
959 2718 1017 2769 τὸ
1041 2721 1305 2789 σωτήριόν
1332 2739 1445 2788 σου,
1466 2724 1730 2794 ὃήτοίμα-

166 2814 253 2860 εας
306 2799 448 2852 κατά
502 2801 788 2875 πρόσωπον
837 2806 1054 2859 πάντων
1101 2807 1207 2860 τῶν
1255 2809 1418 2876 λαῶν,
1452 2830 1470 2863 ι
1528 2813 1620 2865 καὶ
1660 2814 1727 2866 τὰ

163 2889 301 2959 ἑξῆς.
331 2891 635 2963 Προσετίθη
666 2892 721 2945 δὲ
749 2894 959 2960 τούτοις
983 2912 997 2928 ·
1048 2916 1065 2947 ι
1090 2897 1220 2950 Ἰδοὺ
1251 2892 1405 2963 οὗτος
1432 2903 1606 2954 κεῖται
1649 2906 1729 2964 είς

165 2988 363 3040 πτῶσιν
408 2988 504 3041 καὶ
553 2989 848 3044 ἀνάστασιν
882 2991 1093 3045 πολλῶν
1131 2997 1189 3048 ἐν
1231 2995 1313 3065 τῷ
1354 2997 1587 3069 Ἰσραὴλ,
1634 2998 1725 3051 καὶ

162 3076 234 3136 ei;
266 3080 490 3146 σημεῖον
516 3078 947 3150 ἀντιλεγόμενον.
974 3102 993 3134 ι
1014 3083 1071 3137 Ὀ
1105 3084 1265 3147 αὐτὸς
1289 3085 1376 3154 ἄρ’
1400 3087 1547 3142 ἐστὶν
1577 3090 1604 3141 ὀ
1632 3088 1725 3141 τοῦ

162 3162 585 3238 προσκόμματος
630 3172 799 3241 λίθος,
854 3175 947 3227 καὶ
978 3177 1010 3244 ή
1045 3176 1221 3246 πέτρα
1268 3177 1362 3229 τοῦ
1399 3179 1717 3232 σκανδάλου.

162 3257 263 3307 Καὶ
311 3260 733 3326 περιπταίοντες
790 3264 888 3331 μὲν
939 3264 1088 3333 αύτῷ
1139 3265 1225 3318 διά
1275 3269 1376 3336 τῆς
1418 3267 1719 3335 ἀπειθείας,

162 3347 550 3416 συνετρίϐησάν
591 3366 737 3413 τινες
760 3369 773 3382 ·
806 3353 1063 3421 διέφυγον
1090 3356 1147 3407 δὲ
1175 3356 1235 3408 τὸ
1263 3360 1725 3430 καταισχυνθίψαι

156 3438 201 3488 οἱ
230 3438 329 3504 τὴν
360 3437 495 3507 πρὸς
522 3439 685 3492 αὐτὸν
720 3440 901 3494 πίστιν
929 3444 1493 3520 προσηκάμενοι.⁷Αρ’
1524 3446 1618 3503 οὖν
1650 3453 1727 3513 ὼς

159 3528 232 3589 είς
264 3527 549 3595 ἄνθρωπον
591 3531 1032 3602 πεπιστεύκαμεν
1063 3534 1095 3601 ἢ
1132 3534 1206 3596 ὼς
1232 3536 1311 3597 εἰς
1336 3537 1499 3599 Θεόν;
1534 3539 1621 3601 Ὠς
1646 3541 1725 3601 εἰς

159 3615 284 3668 Θεὸν
314 3617 579 3686 δηλονότι.
625 3618 756 3681 Θεὸς
784 3616 875 3673 οὖν
904 3621 1010 3691 ἄρα
1034 3623 1269 3694 Χριστός
1290 3640 1303 3653 ο
1332 3625 1420 3676 ἐπ’
1440 3626 1589 3695 αὐτῷ
1617 3626 1723 3697 γὰρ

157 3705 184 3756 ὸ
217 3704 426 3769 δίκαιος
464 3708 688 3777 Συμεὼν
725 3708 824 3773 τὰς
862 3710 1063 3782 ἀρτίως
1120 3712 1249 3783 ἡμῖν
1290 3714 1582 3786 εἰρημένας
1620 3714 1723 3787 ἔφη

159 3798 358 3864 φωνάς.

226 3974 364 4044 Περὶ
392 3974 504 4027 τῶν
540 3975 806 4029 Ἰουδαίων
840 3978 1003 4049 φησίν
1021 3996 1034 4009 ο
1084 3998 1100 4031 ι
1125 3982 1471 4050 Ἀγνοοῦντες
1492 3983 1599 4057 γὰρ
1626 3987 1726 4057 τὴν

156 4062 249 4121 τοῦ
300 4065 437 4119 Θεοῦ
488 4065 718 4135 δύναμιν
760 4068 853 4121 καὶ
899 4069 1264 4142 δικαιοσύνην,
1303 4076 1396 4127 καὶ
1443 4076 1540 4145 τὴν
1590 4078 1726 4130 ίδίαν

156 4155 446 4226 ζητοῦντες
478 4159 693 4228 στῆσαι,
724 4162 790 4232 τῇ
826 4160 1142 4234 δικαιοσύνῃ
1185 4164 1280 4215 τοῦ
1315 4164 1450 4217 Θεοῦ
1482 4166 1579 4238 ούχ
1619 4167 1725 4218 ὑπ-

154 4251 447 4322 ετάγησαν.
479 4250 643 4314 Τέλος
670 4250 778 4320 γὰρ
807 4252 972 4321 νόμου
995 4254 1249 4324 Χριστὸς,
1274 4258 1352 4319 είς
1381 4257 1725 4329 δικαιοσύνην

154 4344 314 4395 παντὶ
348 4343 428 4414 τῷ
457 4343 786 4397 πιστεύοντι.
817 4363 835 4395 ι
870 4344 933 4397 Εἰ
968 4344 1121 4409 τέλος
1152 4347 1315 4416 νόμου
1352 4349 1605 4420 Χριστὸς,
1632 4351 1725 4404 καὶ⁹

154 4440 311 4504 αὑτός
337 4443 486 4494 ἐστιν
518 4442 550 4513 ἡ
578 4440 912 4511 δικαιοσύνη,
939 4442 1166 4495 δικαιῶν
1207 4442 1296 4496 διὰ
1345 4444 1577 4507 πίστεως
1626 4445 1723 4513 τῆς

1832 1991 2137 2061 Scripturas
2168 1994 2210 2025 δ’
2254 2009 2319 2048 ex
2364 1995 2569 2049 semine
2610 1994 2778 2050 David
2837 1997 3130 2051 secundum
3176 2012 3392 2051 carnem

1830 2082 2004 2137 factus
2031 2084 2151 2138 est?

1906 2191 1924 2224 ι
1962 2173 2109 2227 Sicut
2136 2175 2396 2242 scriptum
2424 2182 2506 2229 est
2536 2191 2549 2227 :
2580 2175 2717 2229 Ecce
2737 2216 2752 2240 ,
2784 2177 2976 2247 inquit,
3011 2193 3151 2246 pono
3179 2178 3232 2234 in
3263 2178 3391 2234 Sion

1831 2263 2058 2333 lapidem
2087 2264 2422 2330 olfensionis,
2450 2277 2503 2320 et
2537 2277 2747 2335 petram
2798 2269 3035 2324 scandali
3064 2286 3077 2325 :
3124 2279 3179 2324 et
3214 2273 3392 2325 omnis

1830 2355 1918 2421 qui
1950 2356 2118 2409 credit
2149 2356 2201 2409 in
2232 2370 2377 2419 eum,
2416 2372 2521 2409 non
2555 2357 2912 2412 confundetur
2933 2358 2999 2411 δ’.
3038 2378 3057 2410 ι
3090 2356 3276 2414 Justus
3306 2360 3393 2415 Si-

1830 2460 1985 2499 meou
2011 2460 2129 2499 cum
2163 2446 2400 2499 divinum
2436 2446 2582 2501 illum
2614 2461 2836 2515 puerum
2865 2449 3005 2503 inter
3032 2450 3186 2503 ulnas
3213 2464 3393 2505 susce-

1831 2537 2109 2603 pisset,ita
2136 2535 2303 2591 Deum
2353 2535 2543 2590 affatus
2586 2548 2706 2591 est:
2751 2555 2770 2591 ε
2817 2537 2969 2593 Nunc
3013 2541 3240 2595 dimittis
3274 2557 3393 2597 ser-

1834 2641 1951 2676 vum
1992 2635 2159 2689 tuum,
2217 2627 2460 2690 Domine,
2503 2629 2796 2682 secundum
2849 2630 3069 2684 verbum
3126 2638 3276 2686 tuum
3340 2636 3392 2688 in

1830 2732 1981 2783 pare,
2052 2720 2175 2786 quia
2229 2720 2480 2773 viderunt
2530 2720 2670 2775 oculi
2731 2722 2836 2773 mei
2901 2722 3139 2777 salutare
3195 2734 3391 2780 tuum:

1829 2810 1969 2873 quod
2000 2809 2200 2874 paraSIi
2239 2818 2363 2861 ante
2414 2810 2604 2863 faciem
2641 2810 2881 2865 omnium
2914 2812 3229 2881 populorum
3257 2815 3327 2879 “,
3369 2834 3389 2868 ι

1827 2906 1880 2947 ct
1928 2911 2045 2962 qua:
2097 2908 2413 2965 sequuntur.
2466 2899 2750 2970 Suhjungit
2794 2902 3029 2958 deinde:
3076 2920 3095 2954 ι
3129 2905 3271 2959 Ecce
3305 2904 3397 2962 hic

1829 2987 2034 3052 positus
2061 2997 2145 3041 est
2177 2989 2229 3041 in
2263 2990 2473 3043 ruinam
2507 3001 2562 3045 et
2609 2993 3059 3047 resurrectionem
3107 2995 3392 3050 multorum

1830 3079 1880 3141 iu
1917 3078 2104 3144 Israel,
2129 3088 2182 3133 et
2211 3082 2260 3134 in
2292 3082 2505 3153 signum
2541 3084 2626 3137 cui
2660 3085 3149 3140 contradicetur“.
3192 3108 3210 3141 ι
3249 3089 3393 3143 idem

1831 3184 1957 3237 ergo
1985 3181 2067 3224 est
2092 3172 2228 3241 lapis
2265 3172 2601 3239 ofl‘enslonis,
2635 3183 2688 3229 et
2716 3186 2863 3246 petra
2896 3177 3157 3237 scandali,
3187 3180 3250 3233 Et
3276 3182 3396 3250 qui.

1832 3266 1949 3315 dem
1985 3266 2224 3318 nonnulli
2252 3277 2473 3336 pr0pler
2505 3268 2871 3324 infidelitatem
2911 3271 2964 3323 iu
3011 3270 3183 3339 ipsum
3223 3274 3395 3343 impe-

1830 3365 2041 3423 gcrunt,
2066 3365 2118 3408 ct
2148 3357 2363 3409 contriti
2399 3368 2558 3421 sunt;
2600 3359 2790 3425 reliqui
2836 3375 2981 3426 vero,
3014 3363 3101 3429 qui
3138 3362 3390 3420 nimirum

1830 3447 1985 3497 liulem
2024 3445 2075 3497 in
2108 3445 2256 3499 illum
2292 3448 2555 3515 complexi
2604 3458 2746 3513 sunt,
2792 3449 3165 3505 confusionem
3203 3470 3393 3509 evase.

1829 3550 1973 3590 runt.
2002 3537 2251 3607 Nunquid
2280 3554 2409 3609 ergo
2445 3540 2495 3591 in
2544 3539 2690 3593 illum
2730 3549 2983 3610 tanquam
3026 3544 3077 3597 in
3124 3546 3391 3601 hominem

1826 3630 2118 3691 credimus,
2150 3646 2215 3682 au
2252 3646 2377 3684 vero
2405 3640 2657 3702 tanquam
2685 3632 2737 3686 in
2783 3633 2991 3687 Deum?
3040 3634 3235 3706 Utique
3276 3647 3397 3695 tau-

1826 3736 1985 3791 quam
2018 3722 2070 3776 in
2111 3723 2299 3776 Deum.
2331 3722 2475 3780 Deus
2511 3726 2692 3794 itaque
2737 3736 2817 3780 est
2857 3727 3140 3784 Christus:
3179 3735 3242 3784 de
3278 3732 3394 3800 ipso

1827 3816 1969 3868 enim
1998 3815 2175 3884 justus
2201 3816 2419 3871 Simeon
2455 3818 2715 3872 adductas
2745 3819 2903 3887 paulo
2946 3830 3072 3875 ante
3109 3836 3269 3877 voces
3298 3824 3392 3878 de-

1830 3908 2129 3975 promebat.
3254 3920 3268 3935 δ

1903 3997 1977 4050 De
2035 3996 2232 4051 .ludteis
2278 3998 2446 4053 dicit:
2503 4018 2521 4049 ι
2583 3999 2897 4067 Ignorantes
2940 4001 3083 4055 enim
3130 4003 3391 4071 justitiam

1828 4086 1947 4150 Dei,
1979 4098 2033 4140 et
2064 4102 2213 4141 suam
2245 4099 2482 4140 sratuere
2533 4100 2858 4157 qua3reutes,
2897 4091 3123 4158 justitite
3152 4090 3245 4146 Dei
3288 4108 3393 4147 nou

1827 4188 1952 4232 sunt
1978 4178 2225 4246 subjecti.
2258 4176 2409 4231 Finis
2440 4179 2582 4232 enim
2624 4180 2754 4248 legis
2798 4181 3079 4246 Christus,
3119 4184 3184 4233 ad
3232 4181 3395 4251 justi-

1830 4271 1956 4321 tiam
1989 4269 2134 4322 omui
2162 4269 2405 4322 credenti
2432 4268 2497 4319 ".
2538 4288 2557 4320 ι
2591 4269 2645 4321 Si
2673 4268 2921 4324 Christus
2960 4271 3080 4323 ﬁnis
3123 4273 3255 4341 legis
3287 4282 3393 4338 est,

1829 4364 2077 4431 idemque
2131 4370 2216 4416 est
2255 4361 2484 4431 justitia,
2530 4362 2619 4430 qui
2667 4360 2931 4429 justiﬁcat
2983 4378 3076 4432 per
3132 4363 3287 4418 fidem
3341 4365 3394 4419 iu

1828 4454 2024 4523 ipsum,
2051 4454 2493 4523 justiﬁcandique
2517 4453 2744 4506 facultas
2772 4455 2820 4507 in
2863 4453 3034 4508 solum
3073 4453 3236 4511 Deum
3263 4470 3395 4511 con-

153 4536 227 4594 είς
259 4533 424 4586 αὐτόν
445 4548 459 4562 ο
498 4534 643 4604 μόνῳ
668 4534 725 4587 δὲ
757 4534 831 4597 ὡς
866 4534 993 4588 ἴδιον
1016 4536 1361 4589 ἀνακεισεται
1395 4535 1455 4590 τὸ
1479 4536 1720 4591 δικαιοῦν

1830 4543 2010 4597 veniat
2068 4552 2317 4611 tanquam
2374 4543 2627 4610 quiddam
2673 4543 2773 4609 ipsi
2820 4543 3109 4611 peculiare,
3158 4558 3391 4613 quonam

151 4622 407 4677 δύνασθαι
445 4625 520 4695 τῷ
558 4626 710 4695 Θεᾷν
752 4625 870 4689 πῶς
905 4628 966 4679 ού
1005 4627 1136 4690 Θεὸς
1176 4630 1204 4680 ὁ
1240 4629 1507 4699 Χριστός;

227 4719 333 4771 (Ἡ
385 4718 442 4772 δὲ
487 4708 552 4769 ἐκ
600 4717 837 4780 πίστεως
881 4718 1191 4788 δικαιοσύνη
1237 4720 1379 4775 οὕτω
1421 4720 1596 4787 λέγει·
1631 4719 1723 4790 Μὴ

152 4810 308 4881 εἴπῃς
342 4811 399 4864 ὲν
427 4811 493 4880 τῇ
525 4808 721 4880 καρδίᾳ
748 4827 842 4863 σου
863 4828 875 4839 ·
914 4810 1008 4872 Τίς
1038 4811 1370 4880 ἀναϐήσεται
1411 4814 1489 4875 εἰς
1518 4813 1606 4865 τὸν
1636 4814 1725 4865 ού-

157 4904 350 4970 ρανόν;
379 4903 625 4955 τουτέστι
672 4902 907 4971 Χριστὸν
940 4906 1271 4971 καταγαγεῖν
1299 4920 1312 4934 ·
1344 4905 1399 4974 ἢ,
1434 4905 1528 4967 Τίς
1554 4920 1722 4957 κατα-

153 4994 379 5063 ϐήσεται
431 4995 510 5058 είς
559 4995 654 5067 τήν
700 4994 973 5058 ἀῦυσσον;
1011 4995 1255 5047 τουτέστι
1284 4995 1517 5066 Χριστὸν
1543 4996 1609 5049 ὲκ
1635 5012 1722 5048 νε-

154 5088 297 5156 κρῶν
356 5090 671 5156 ἀναγαγεῖν.
705 5088 868 5143 Ἀλλὰ
924 5088 978 5141 τί
1032 5087 1211 5156 λέγεις
1270 5089 1467 5157 Ἐγγύς
1517 5108 1610 5143 σου
1661 5092 1721 5147 τὸ

155 5179 298 5247 ῥῆμά
328 5180 475 5229 ἐστιν
502 5180 559 5231 έν
586 5181 662 5249 τῷ
694 5181 923 5252 στόματί
953 5199 1043 5234 σου
1072 5182 1167 5235 καὶ
1190 5183 1246 5234 ὲν
1278 5184 1343 5251 τῇ
1372 5181 1567 5253 καρδία
1599 5199 1717 5237 σου.

155 5268 409 5321 Τουτέστι
438 5267 497 5319 τὸ
531 5268 680 5337 ῥῆμα
715 5271 813 5339 τ’ἧς
849 5274 1104 5337 πίστεως,
1140 5272 1168 5325 ὃ
1208 5271 1576 5343 κηρύσσομεν.
1601 5274 1720 5329 Ὅτι

155 5361 242 5413 tam
269 5358 613 5431 ὁμολογήσῃς
644 5362 699 5411 ὲν
741 5360 818 5428 τῷ
859 5364 1091 5431 στόματί
1123 5382 1213 5418 σου
1248 5365 1453 5439 Κύριον
1491 5364 1717 5434 Ἰησοῦν,

156 5452 243 5503 καὶ
288 5448 588 5518 πιστεύσῃς
633 5450 689 5501 ὲν
716 5452 779 5518 τῇ
816 5452 1011 5522 καρδίᾳ
1057 5471 1149 5505 σου
1184 5456 1265 5506 ὅτι
1318 5457 1345 5507 ὁ
1388 5455 1520 5518 Θεὸς
1561 5455 1723 5508 αὐτὸν

159 5542 369 5612 ήγειρεν
417 5541 480 5592 ὲκ
527 5540 633 5591 τῶν
668 5540 895 5607 νεκρῶν,
931 5541 1169 5613 σωθήσῃ.
1208 5545 1416 5613 Καρδίᾳ
1466 5547 1564 5615 μὲν
1612 5546 1720 5613 γὰρ

162 5633 465 5686 πιστεύεται
502 5632 581 5694 είς
619 5629 978 5701 δικαιοσύνην,
1019 5633 1245 5701 στόματι
1288 5634 1344 5685 δὲ
1380 5636 1720 5702 ὁμολογεῖται

226 5807 448 5864 "Rom.
476 5823 527 5873 ν,
564 5807 614 5872 1,
643 5807 695 5860 2.
774 5806 812 5837 ’⁵⁸
840 5806 992 5859 Rom.
1028 5823 1063 5869 l,
1101 5808 1152 5860 5.

429 5901 704 5961 ΡΑτιιοι.
749 5900 861 5961 Gn.
906 5900 1157 5964 LXXVI.

1230 5807 1271 5839 ⁸³
1301 5807 1450 5861 Rom.
1486 5823 1559 5862 Ix.
1588 5809 1675 5865 55.
1754 5811 1799 5843 ⁸³
1823 5809 1951 5865 Luc.
1988 5826 2046 5876 ιι,
2076 5812 2267 5871 29-52.
2348 5815 2390 5846 ⁸³
2418 5816 2545 5870 ibid.
2578 5814 2664 5867 Si.

1831 4635 1994 4690 modo
2030 4634 2277 4689 Christus
2304 4650 2408 4687 non
2441 4644 2525 4688 est
2558 4634 2733 4687 Deus?

1908 4745 1924 4777 ι
1962 4726 2089 4791 Quae
2134 4734 2311 4779 autem
2363 4740 2425 4778 ex
2472 4726 2572 4778 lide
2617 4733 2698 4777 est
2736 4726 2966 4794 iustitia,
2999 4727 3076 4779 sic
3108 4727 3278 4781 dicit:
3318 4728 3396 4784 Ne

1834 4821 2035 4875 dixeris
2062 4819 2110 4869 in
2141 4819 2304 4871 corde
2336 4826 2426 4870 tuo
2457 4836 2468 4870 :
2507 4817 2638 4883 Quis
2670 4819 2925 4870 ascendet
2977 4820 3025 4877 in
3069 4820 3308 4874 caelum?
3344 4823 3396 4876 id

1830 4919 1912 4965 est
1936 4909 2206 4964 Christum
2236 4910 2500 4965 deducere
2526 4929 2539 4963 :
2568 4919 2682 4973 aut,
2701 4909 3138 4975 Quisdescendet
3157 4911 3205 4963 in
3237 4914 3396 4982 abys-

1829 5000 1990 5056 sum?
2037 5002 2136 5053 hoc
2178 5010 2263 5054 est
2300 5000 2574 5053 Christum
2614 5015 2640 5050 a
2690 5000 2915 5051 mortuis
2966 5013 3239 5054 revocare.
3290 5001 3395 5057 Sed

1829 5096 1954 5165 quid
1987 5094 2115 5147 dicit
2146 5092 2464 5161 Scriptura?
2495 5090 2663 5157 Prope
2696 5096 2777 5141 est
2813 5088 3033 5143 verbum
3065 5092 3117 5145 in
3152 5107 3242 5147 ore
3280 5105 3391 5158 tuo,

1832 5196 1885 5239 et
1921 5186 1973 5239 in
2004 5187 2168 5239 corde
2202 5195 2309 5237 tuo.
2349 5180 2459 5236 Hoc
2484 5189 2569 5233 est
2598 5179 2817 5233 verbum
2857 5182 2978 5235 ﬁdei
3015 5185 3158 5255 quod
3203 5188 3393 5254 praedi.

1830 5292 2014 5330 camus
2041 5293 2054 5329 :
2089 5274 2221 5339 Quia
2253 5274 2292 5325 si
2327 5270 2637 5324 conlitearis
2663 5270 2713 5323 in
2750 5286 2847 5325 ore
2878 5280 2968 5328 tuo
2990 5273 3273 5332 Dominum
3300 5277 3390 5331 Je-

1831 5380 1970 5425 sum.
2000 5373 2054 5417 et
2085 5365 2137 5415 in
2169 5363 2329 5415 corde
2362 5370 2450 5413 tuo
2482 5360 2782 5417 credideris
2817 5368 2955 5432 quod
2987 5365 3126 5448 Deus
3161 5368 3391 5420 suscita-

1829 5457 1905 5508 vit
1944 5453 2090 5506 illum
2125 5451 2283 5521 119
2315 5467 2342 5503 a
2377 5454 2623 5517 mortuis,
2659 5455 2841 5509 salvus
2886 5456 3014 5511 eris.
3044 5456 3217 5510 Corde
3246 5458 3387 5512 enim

1829 5546 2063 5600 creditur
2103 5545 2167 5597 ad
2210 5543 2500 5612 justitiam,
2549 5563 2643 5602 ore
2677 5560 2853 5600 autem
2906 5547 2963 5600 fit
3011 5546 3277 5604 confessio
3320 5554 3384 5606 ad

1829 5636 2076 5691 salutem.
2120 5634 2262 5690 Dicit
2296 5637 2439 5691 enim
2482 5640 2761 5708 Scriptura
2800 5657 2811 5691 :
2862 5637 3047 5691 Omnis
3087 5639 3176 5705 qui
3220 5642 3395 5696 credit

2743 5813 2783 5845 "-'
2815 5815 2970 5869 Ιὶοιιι,
3004 5832 3055 5877 x,
3086 5817 3152 5871 ὃν

2958 5904 3028 5965 42
