4092 6334
686 415 821 476 13ὶὸ

1667 411 1724 467 S.
1759 411 2034 467 CYRILLI
2076 406 2541 464 ALEXANDRINI
2581 405 2900 460 ARCHIEP.

3769 404 3909 459 15ἓᾷ

685 536 737 589 in
771 532 941 593 illum,
973 543 1078 584 non
1117 527 1475 582 confundetur
1498 526 1563 581 ".
1607 547 1624 579 ι
1669 528 1728 584 Si
1764 529 1966 584 Christi
2013 543 2238 598 persona

2362 531 2420 591 εἰς
2457 527 2747 597 σωτηρίαν.
2771 526 2926 595 Λέγει
2962 526 3068 597 γὰρ
3095 529 3126 596 ἡ
3159 526 3377 596 Γραφή·
3416 545 3432 578 ι
3457 529 3613 590 Πᾶςό
3643 531 3910 580 πιστεύων

685 623 949 676 universa:
971 618 1095 672 ﬁdei
1130 628 1324 671 nostra:
1354 619 1633 681 terminus,
1662 629 1715 672 et
1745 618 2106 673 confessionis
2135 620 2246 672 vir-

685 726 769 767 tus
799 712 1108 781 praeﬁgitur,
1163 719 1498 777 mortemque
1535 710 1674 764 illius
1706 720 1761 765 et
1794 712 2244 765 resurrectionem

684 802 1024 862 conﬁtentes,
1057 799 1222 853 veluti
1254 798 1307 852 in
1338 799 1503 853 Deum
1527 799 1833 864 credentes,
1855 800 2243 870 iustiﬁcamur:

685 896 807 962 quis
833 893 1013 947 dicere
1048 893 1269 956 audeat,
1294 889 1466 960 ipsum
1521 890 1741 946 deitatis
1778 901 2052 947 exsortem
2089 891 2248 947 esse?

684 986 952 1052 siquidem
1003 991 1088 1038 est
1138 996 1346 1036 summa
1399 993 1454 1038 et
1499 995 1661 1052 caput
1712 983 1909 1039 salutis
1966 983 2246 1048 omnium,

683 1076 988 1144 ostiumque
1018 1082 1073 1128 et.
1115 1073 1224 1139 via,
1271 1073 1395 1129 ﬁdei
1449 1074 1504 1129 in
1554 1075 1728 1145 ipsum
1796 1073 2088 1130 confessio.
2147 1073 2250 1130 Per

686 1170 857 1233 ipsum
885 1179 1114 1235 namque
1138 1173 1192 1221 et
1223 1165 1277 1220 in
1311 1165 1424 1235 ipso
1448 1166 1560 1236 ipse
1585 1179 1800 1236 quoque
1826 1163 1990 1220 Pater
2029 1179 2061 1220 ι
2096 1165 2251 1221 nobis

683 1258 1047 1328 cognoscitur.

757 1472 777 1507 ι
816 1453 877 1510 Εἰ
907 1463 1086 1507 autem
1122 1451 1213 1521 qui
1245 1459 1435 1521 potens
1465 1458 1548 1505 est
1591 1449 1921 1506 conﬁrmare
1961 1463 2059 1503 vos
2097 1447 2250 1518 juxta

686 1544 1033 1615 Evangelium
1063 1551 1340 1606 meum,et
1377 1542 1812 1607 praedicationem
1859 1539 1981 1597 Iesu
2023 1539 2250 1604 Christi,

689 1637 978 1693 secundum
1016 1633 1402 1688 revelationem
1445 1633 1687 1702 mysterii
1725 1632 2056 1699 temporibus
2091 1641 2252 1685 aeter-

685 1729 771 1784 nis
798 1728 943 1782 taciti
978 1726 1143 1796 (quod
1176 1738 1319 1778 nunc
1353 1722 1682 1792 patefactum
1709 1733 1791 1776 est
1820 1738 1916 1791 per
1954 1723 2253 1790 scripturas

684 1819 1093 1888 prophetarum,
1125 1815 1424 1870 secundum
1455 1822 1782 1883 praeceptum
1822 1814 2008 1866 aeterni
2033 1812 2145 1875 Dei,
2183 1811 2249 1864 ad

687 1908 1049 1964 obeditionem
1080 1905 1248 1975 ﬁdei),
1283 1906 1335 1960 in
1364 1905 1575 1960 cunctis
1611 1903 1864 1974 gentibus
1893 1903 2121 1974 cogniti,
2151 1902 2250 1956 soli

685 1998 913 2068 sapienti
950 1997 1090 2064 Deo,
1136 2011 1233 2066 per
1271 1995 1462 2052 Jesum
1495 1995 1812 2059 Christum;
1861 1995 1946 2049 cui
1990 1995 2162 2048 honor
2199 2001 2256 2047 et.

687 2092 857 2161 gloria
895 2091 950 2144 in
978 2089 1172 2144 saecula
1204 2088 1543 2145 saeculorum.
1581 2090 1752 2144 Amen
1781 2087 1869 2144 δ”.
1900 2105 1918 2138 i
1951 2086 2029 2140 En
2059 2086 2148 2139 hic
2176 2084 2256 2138 di-

685 2192 830 2237 serie
862 2180 1093 2236 aliirmat.
1114 2178 1488 2249 Evangelium,
1535 2179 1882 2248 ejusdemque
1916 2176 2258 2246 praedicatio-

688 2291 809 2329 nem
836 2276 902 2328 ad
944 2275 1115 2344 ipsum
1154 2272 1430 2327 Christum
1480 2271 1846 2340 pertinuisse:
1911 2281 2022 2324 tum
2075 2269 2260 2323 occul-

689 2376 799 2417 tum
837 2363 962 2417 illud
993 2367 1059 2416 de
1101 2363 1220 2431 ipso
1268 2363 1458 2417 eodem
1494 2362 1810 2431 mysterium
1854 2359 2071 2414 aeternis
2124 2367 2258 2411 tem-

687 2452 908 2521 poribus
944 2452 1191 2512 taeitum,
1225 2465 1367 2503 nunc
1399 2450 1612 2503 demum
1643 2449 1709 2502 ad
1733 2448 1854 2501 ﬁdei
1888 2448 2255 2502 obeditionem

690 2546 741 2596 in
792 2543 1044 2596 omnibus
1085 2541 1338 2610 gentibus
1410 2540 1734 2609 patefactum
1796 2539 2073 2609 praedicat.
2124 2539 2256 2592 Nam

688 2646 874 2704 gentes
903 2632 1158 2687 falsorum
1207 2631 1430 2686 deorum
1463 2631 1613 2686 cultu
1665 2631 1923 2696 liberatae,
1967 2645 2259 2700 veramque

691 2725 801 2782 veri
853 2722 1225 2792 naturalisque
1273 2722 1364 2776 Dei
1413 2721 1662 2776 notitiam
1693 2721 1934 2789 adeptae,
1987 2722 2051 2774 ad
2100 2719 2260 2774 Chri-

687 2819 828 2870 stum
855 2824 1302 2870 suutconversaa.
1331 2812 1483 2878 Quod
1519 2814 1564 2869 si
1615 2828 1709 2882 per
1755 2810 1938 2867 .lesum
1982 2812 2256 2867 Christum

691 2910 829 2963 Deus
867 2906 1041 2976 palam
1087 2914 1171 2960 est
1221 2906 1458 2974 agnitus,
1492 2905 1764 2974 quomodo
1808 2903 2010 2956 Christi
2063 2912 2259 2972 myste-

691 3002 828 3051 rium
865 3012 970 3051 non
999 3006 1082 3052 est
1112 2995 1409 3067 magnum?
1435 2995 1589 3061 Quod
1624 2997 1668 3048 si
1699 2995 1745 3049 is
1777 2996 1956 3048 animo
1984 2995 2259 3062 concipia-

690 3099 779 3142 tur
821 3098 875 3142 ut
914 3089 1077 3142 homo
1121 3088 1389 3157 quispiam
1425 3084 1566 3140 nulla
1598 3101 1660 3139 ex
1701 3096 1852 3153 parte
1894 3085 2062 3138 nostri
2098 3085 2260 3137 dissi-

689 3179 852 3242 milis,
890 3188 944 3232 et
977 3193 1081 3231 non
1116 3188 1176 3231 ut
1218 3175 1360 3228 Deus
1404 3176 1566 3228 homo
1614 3173 1829 3240 factus;
1869 3173 2013 3227 haud
2054 3188 2261 3242 magna
2288 3199 2332 3255 ρ

692 3282 822 3323 sane
855 3266 1136 3336 sapientia:
1169 3273 1574 3319 sacramentum
1607 3262 1736 3316 illud
1765 3261 1948 3316 fuerit.

765 3397 786 3431 ι
819 3378 948 3433 Dico
995 3377 1139 3432 enim
1190 3375 1466 3432 Christum
1513 3372 1692 3430 Jesum
1742 3375 2046 3431 ministrum
2096 3376 2264 3432 fuisse

690 3469 1121 3525 circumcisionis
1168 3476 1388 3537 propter
1429 3466 1712 3520 veritatem
1772 3466 1889 3530 Dei,
1948 3468 2014 3520 ad
2063 3467 2263 3520 contir-

692 3563 917 3616 mandas
943 3562 1329 3631 promissiones
1363 3570 1577 3629 patrum
1607 3576 1619 3612 :
1657 3567 1847 3628 gentes
1891 3567 2067 3613 autem
2101 3573 2265 3627 super

695 3653 1067 3709 misericordia
1107 3651 1374 3705 honorare
1400 3650 1590 3704 Deunt.
1630 3649 1901 3718 Scriptum
1946 3660 2030 3703 est
2074 3649 2214 3702 enim
2247 3690 2262 3704 .

691 3746 933 3800 Credidit
958 3743 1228 3799 Abraham
1263 3741 1394 3806 Deo,
1426 3750 1480 3796 et
1514 3749 1819 3810 reputatum
1846 3749 1927 3794 est
1953 3739 2026 3793 illi
2075 3740 2141 3792 ad
2179 3737 2264 3806 ju-

695 3843 897 3900 SIitiam
925 3840 992 3894 δ’.
1026 3859 1044 3892 ›
1075 3838 1284 3892 Dictum
1311 3847 1394 3892 est
1430 3850 1643 3889 rursum
1691 3836 1756 3887 ad
1793 3834 1980 3886 illum:
2032 3852 2049 3883 ι
2108 3831 2165 3884 in
2216 3842 2267 3886 te

699 3931 1088 3985 benedicentur
1112 3941 1300 3981 omnes
1329 3924 1500 3979 tribus
1534 3933 1691 3976 terra:
1711 3921 1755 3952 ⁸⁸
1782 3938 1796 3984 ;
1828 3939 1844 3970 i
1880 3921 1931 3973 id
1955 3920 2094 3988 quod
2128 3921 2267 3974 Pau-

696 4027 777 4076 lus
824 4023 924 4075 hac
955 4021 1110 4074 nobis
1156 4018 1421 4073 sententia
1474 4015 1737 4082 exponit:
1780 4031 1798 4063 ι
1838 4011 1950 4066 Non
1996 4013 2139 4066 enim
2173 4027 2269 4080 per

695 4113 889 4182 legem,
923 4110 1019 4173 ait,
1053 4108 1338 4178 promissio
1374 4103 1625 4166 Alirahm,
1668 4112 1725 4154 ut
1765 4101 1878 4171 ipse
1925 4100 2097 4154 haeres
2124 4110 2269 4153 esset

695 4201 901 4269 mundi,
949 4200 1039 4253 sed
1094 4213 1189 4268 per
1234 4197 1494 4263 justitiam
1551 4194 1674 4248 ﬁdei
1697 4194 1783 4259 ";
1829 4213 1848 4246 ι
1905 4202 1957 4248 et
2009 4209 2265 4247 rursum:

702 4311 719 4342 ι
756 4291 921 4362 Igitur
950 4290 1040 4358 qui
1081 4306 1144 4342 ex
1191 4288 1293 4341 ﬁde
1325 4297 1469 4350 sunt,
1515 4285 1676 4354 120
1722 4285 2109 4338 benedicentur
2147 4297 2267 4336 cum

699 4385 840 4438 tideli
869 4383 1142 4439 Abraham
1169 4382 1234 4435 '°.
1269 4399 1286 4431 ι
1335 4380 1391 4434 Si
1437 4381 1526 4432 Dei
1564 4392 1693 4446 ergo
1741 4376 2127 4445 promissiones
2176 4389 2273 4443 per

2349 621 2428 681 εἰς
2467 618 2647 682 αὑτὸν,
2676 620 2736 671 οὗ
2765 619 3306 690 καταισχυνθήσεται.
3339 637 3358 670 ι
3393 619 3468 671 Ἐἰ
3518 619 3738 688 σύμπας
3779 620 3914 686 ἡμῖν

2347 710 2376 760 6
2392 708 2489 779 τῆς
2519 708 2752 772 πίστεως
2773 709 3037 778 ὅροςηκαί
3064 708 3164 776 τῆς
3183 707 3473 778 ὁμολογίας
3497 709 3531 778 ἡ
3555 705 3802 777 δύναμις,
3832 707 3914 768 εἰς

2350 800 2413 852 τὸ
2451 800 2545 854 τοῦ
2593 799 2830 870 Χριστοῦ
2874 800 3222 870 περιίσταται
3249 798 3558 870 πρόσωπον,
3586 797 3680 850 καί
3715 794 3911 867 ὁμολο-

2348 888 2570 958 γοῦντες
2593 889 2758 944 αὐτοῦ
2784 890 2876 944 τὸν
2901 891 3129 944 θάνατον
3158 888 3254 943 καὶ
3273 889 3373 960 τὴν
3400 887 3713 952 ἀνάστασιν,
3736 886 3812 949 ώς
3836 887 3918 946 εἰς

2348 981 2483 1036 Θεὸν
2525 982 2950 1046 πεπιστευκότες
2993 981 3369 1052 δικαιούμεθα·
3395 979 3479 1043 τίς
3518 980 3546 1032 6
3579 977 3742 1048 φάναι
3779 976 3919 1029 Θεὸν

2348 1073 2449 1126 οὐκ
2499 1066 2637 1126 εἷναι
2677 1071 2891 1141 τολμῶν
2927 1071 3110 1138 αὐτὸν,
3152 1071 3308 1141 εἰπερ
3338 1071 3453 1122 ἐστὶ
3487 1067 3777 1138 κεφάλαιον
3812 1065 3919 1134 τῆς

2352 1165 2607 1219 ἁπάντων
2632 1164 2925 1235 σωτηρίας,
2949 1162 3087 1233 θύρα
3129 1179 3186 1216 τε
3223 1162 3318 1215 καὶ
3347 1161 3484 1227 ὁδὸς,
3511 1160 3609 1230 τῆς
3641 1159 3721 1221 εἰς
3752 1155 3920 1209 αὑτὸν

2350 1256 2588 1318 πίστεως
2613 1256 2646 1326 ἡ
2681 1253 2972 1326 ὀμολογία;
2999 1255 3076 1307 Δι’
3104 1253 3267 1307 αὑτοῦ
3297 1253 3405 1323 γὰρ
3436 1251 3531 1306 καὶ
3560 1253 3618 1305 ἐν
3644 1249 3795 1320 αὑτῷ
3822 1249 3920 1302 καὶ

2351 1346 2515 1410 αὐτὸς
2542 1348 2572 1400 6
2604 1345 2794 1417 Πατὴρ
2822 1344 3237 1414 ἐπιγινώσκεται
3273 1344 3410 1416 πρὸς
3435 1343 3612 1414 ἡμῶν.

2425 1477 2446 1510 ι
2475 1457 2566 1529 Τῷ
2605 1457 2663 1512 δὲ
2693 1455 2979 1528 δυναμένῳ
3008 1457 3153 1526 ὑμᾶς
3193 1455 3442 1527 στηρίξαι
3469 1453 3608 1510 κατά
3654 1453 3714 1506 τὸ
3741 1452 3920 1519 Εὐαγ-

2353 1550 2532 1620 γέλιόν
2576 1567 2676 1620 μου
2711 1551 2807 1603 καὶ
2852 1548 2910 1602 τὸ
2952 1549 3213 1619 κήρυγμα
3250 1547 3424 1618 Ἰησοῦ
3470 1543 3724 1618 Χριστοῦ,
3776 1541 3921 1596 κατὰ

2353 1641 2692 1711 ἀποκάλυψιν
2723 1640 3018 1711 μυστηρίου
3046 1639 3252 1709 χρόνοις
3279 1638 3517 1700 αἰωνίοις
3538 1633 3918 1704 σεσιγημένου.

2353 1734 2491 1786 Φανε
2501 1732 2762 1804 ρωθέντος
2782 1731 2839 1784 δέ
2858 1729 2952 1784 νῦν
2975 1730 3062 1784 διά
3090 1746 3148 1782 τε
3171 1727 3396 1800 γραφῶν
3415 1725 3765 1799 προφητικῶν
3787 1739 3891 1777 κατ
3910 1723 3925 1742 ’

2355 1823 2621 1893 ἐπιταγὴν
2649 1821 2741 1874 τοῦ
2775 1821 2995 1874 αἰωνίου
3034 1819 3189 1885 Θεοῦ,
3219 1821 3299 1883 εἰς
3330 1818 3624 1886 ὑπακοὴνω
3661 1816 3922 1877 πίστεως,

2355 1921 2435 1980 εἰς
2466 1917 2644 1971 πάντα
2688 1916 2757 1968 τὰ
2797 1915 2925 1987 ἔθνη
2967 1913 3379 1986 γνωρισθέντος.
3405 1913 3566 1982 Μόνῳ
3599 1910 3746 1980 σοφῷ
3777 1910 3921 1979 Θεῷ,

2354 2006 2442 2058 διὰ
2474 2004 2647 2076 Ἰησοῦ
2678 2004 2934 2074 Χριστοῦ,
2960 1995 3004 2071 ᾧ
3031 2005 3065 2074 ὴ
3096 2003 3220 2068 δόξα
3245 2003 3340 2056 καί⁵
3362 2002 3425 2056 τὸ
3453 2002 3652 2073 κράτος
3679 2001 3759 2063 εἰς
3795 1999 3928 2061 τοὺς

2356 2097 2558 2160 αἰῶνας
2582 2095 2691 2150 τῶν
2712 2095 2941 2150 αἰώνων.
2958 2097 3150 2167 Ἀμήν.
3181 2113 3198 2146 ι
3221 2094 3349 2148 Ἰδοὺ
3374 2093 3436 2163 δὴ
3458 2092 3642 2161 σαφῶς
3666 2091 3725 2144 τὸ
3749 2091 3930 2157 Εὑαγ·

2356 2188 2534 2255 γέλιον
2572 2188 2665 2240 καὶ
2695 2187 2756 2240 τὸ
2783 2189 3044 2259 κήρυγμα
3085 2185 3259 2257 Ἰησοῦ
3286 2182 3521 2255 Χριστοῦ
3553 2199 3715 2254 φησιν
3744 2178 3885 2236 εῖναι
3911 2197 3924 2210 ·

2357 2281 2451 2333 καὶ
2476 2279 2781 2349 κεκρύφθαι
2812 2279 2912 2349 μὲν
2939 2279 2999 2331 τὸ
3025 2277 3110 2331 ἐπ’
3139 2275 3289 2346 αὐτῷ
3315 2275 3635 2346 μυστήριον,
3661 2273 3754 2326 καὶ
3781 2289 3930 2324 σεσι-

2357 2372 2556 2442 γῆσθαι
2589 2371 2810 2442 χρόνοις.
2838 2371 3095 2432 αἰωνίοις,
3134 2366 3584 2437 ἀποκαλυφθῆναι
3621 2365 3678 2417 δὲ
3705 2363 3803 2417 νῦν
3847 2365 3930 2425 εἰς

2359 2461 2603 2531 ὑπακοὴν
2633 2462 2868 2524 πίστεως
2895 2463 2974 2524 εἰς
3012 2459 3188 2512 πάντα
3231 2460 3298 2511 τά
3325 2457 3474 2528 ἔθνη.
3511 2455 3787 2526 Ἐστράφη
3821 2454 3932 2522 γὰρ

2359 2554 2437 2613 εἰς
2461 2550 2697 2621 Χριστὸν
2720 2549 2790 2602 τά
2812 2549 2937 2618 ἔθνη
2965 2548 3067 2618 τῆς
3088 2546 3437 2617 ψευδωνύμου
3464 2545 3716 2613 λατρείας
3732 2545 3934 2615 ἐξῃρη-

2362 2642 2521 2711 μένα,
2553 2639 2648 2692 καί
2680 2639 2756 2701 ὡς
2786 2637 2918 2691 Θεὸν
2945 2637 3107 2690 αὑτὸν
3136 2635 3486 2704 ἐπεγνωκότα
3515 2633 3606 2686 τὸν
3636 2633 3796 2703 φύσει
3836 2634 3935 2686 καὶ

2358 2730 2594 2801 ἀληθῶς.
2620 2729 2730 2785 Καὶ
2773 2730 2821 2781 εἰ
2863 2727 3050 2796 σαφῶς
3077 2727 3164 2779 διὰ
3203 2724 3375 2797 Ἰησοῦ
3403 2724 3639 2796 Χριστοῦ
3683 2723 3934 2794 ἐγνώσθη

2358 2822 2512 2886 Θεὸς,
2559 2820 2677 2886 πῶς
2722 2821 2781 2874 οὐ
2821 2821 2966 2890 μέγα
2999 2820 3059 2872 τὸ
3095 2815 3331 2888 Χριστοῦ
3383 2817 3716 2887 μυστήριον;
3769 2816 3831 2867 Εἰ
3877 2815 3936 2867 δὲ

2360 2915 2561 2966 νοεῖται
2619 2911 2741 2966 καθ’
2781 2913 2927 2981 ἡμᾶς
2978 2909 3269 2979 ἄνθρωπος
3325 2906 3530 2970 ἁπλῶς,
3580 2905 3674 2959 καὶ
3706 2904 3829 2974 οὑχί
3876 2904 3934 2956 δὲ

2364 3000 2563 3070 μᾶλλον
2595 2998 2728 3062 Θεὸς
2751 2997 3211 3069 ἐνηνθρωπηκὼς,
3242 2996 3424 3048 οὐκέτι
3454 2994 3616 3064 σοφὸν
3639 2994 3699 3046 τὸ
3722 2994 3935 3064 μυστή-

2367 3107 2500 3158 ριον.

2441 3398 2460 3433 ι
2492 3382 2646 3448 Λέγω
2681 3380 2788 3452 γὰρ
2817 3381 3050 3453 Χριστὸν
3075 3381 3320 3434 διάκονον
3365 3377 3688 3450 γεγενῆσθαι
3717 3396 3940 3450 περιτο-

2368 3474 2474 3544 μῆς
2506 3475 2646 3544 ὑπὲρ
2681 3474 2934 3544 ἀληθείας
2967 3473 3123 3537 Θεοῦ,
3157 3474 3236 3535 εἰς
3284 3472 3346 3525 τὸ
3395 3471 3689 3540 βεϐαιῶσαι
3717 3471 3814 3534 τὰς
3847 3472 3944 3523 ἐπ-

2364 3567 2624 3635 αγγελίας
2678 3565 2786 3617 τῶν
2837 3565 3116 3635 πατέρων·
3170 3565 3239 3617 τὰ
3288 3563 3344 3616 δέ
3388 3564 3516 3633 ἔθνη
3565 3563 3702 3633 ὑπὲρ
3756 3563 3942 3625 ἐλέους

2364 3658 2584 3721 δοξάσαι
2611 3657 2702 3709 τὸν
2730 3657 2882 3710 Θεόν.
2921 3655 3234 3725 Γέγραπται
3267 3656 3399 3724 γὰρ,
3428 3656 3511 3707 ὅτι
3555 3672 3572 3704 ι
3621 3653 3942 3706 Ἑπίστευσε

2365 3749 2420 3801 δὲ
2454 3747 2706 3818 Ἀϐραὰμ
2735 3746 2813 3815 τῷ
2842 3745 2983 3814 Θεῷ,
3011 3745 3105 3798 καὶ
3141 3745 3395 3816 ἐλογίσθη
3436 3745 3581 3814 αὑτῴ
3624 3746 3704 3807 εἰς
3729 3744 3943 3796 δικαιο-

2369 3839 2550 3909 σύνην.
2589 3857 2606 3888 ι
2644 3839 2871 3908 Εἴρηται
2915 3837 2971 3889 δὲ
3021 3838 3157 3907 πρὸς
3189 3839 3368 3903 αὑτὸν,
3399 3839 3480 3891 ὅτι
3515 3857 3532 3890 ι
3557 3837 3946 3909 Ἐνευλογηθή-

2370 3949 2547 3984 σονται
2579 3932 2637 3983 ἐν
2670 3930 2752 3982 σοὶ
2787 3932 2958 3982 πᾶσαι
2993 3931 3048 3982 αἰ
3096 3930 3259 4000 φυλαὶ
3305 3932 3403 4001 τῆς
3449 3931 3570 4001 γῆς.
3606 3951 3622 3981 ι
3651 3932 3717 3984 '0
3744 3931 3810 4002 δὴ
3850 3934 3940 3985 κσιἰ

2370 4022 2537 4089 σαφὲς
2578 4023 2708 4094 ἡμῖν
2757 4021 2931 4075 ἐποίει
2980 4021 3153 4092 λέγων
3199 4024 3227 4076 6
3278 4023 3522 4085 Παῦλος·
3557 4040 3574 4072 ι
3608 4022 3682 4074 Οὐ
3716 4022 3828 4092 γὰρ
3859 4023 3948 4076 διὰ

2369 4115 2532 4184 νόμου
2561 4115 2593 4180 ὴ
2631 4112 2932 4182 ἐπαγγελία
2973 4113 3049 4184 τῷ
3083 4113 3351 4184 Ἀϐραὰμ,
3383 4114 3462 4176 είς
3507 4112 3568 4164 τὸ
3608 4111 3950 4184 κληρονόμον

2369 4206 2530 4260 αὑτὸν
2563 4201 2702 4261 εῖναι
2738 4207 2968 4277 κόσμου,
2997 4206 3132 4261 ἀλλὰ
3177 4206 3266 4259 διὰ
3313 4203 3660 4276 δικαιοσύνης
3713 4205 3810 4257 καὶ
3857 4207 3950 4258 πί-

2373 4309 2561 4356 στεως.
2593 4310 2611 4344 s
2653 4293 2762 4345 Καὶ
2816 4293 3014 4346 πάλιν·
3067 4295 3260 4346 «Ὥστε
3305 4295 3352 4346 oi
3396 4295 3460 4346 ἐκ
3506 4292 3741 4356 πίστεως
3794 4294 3953 4346 εὐλο-

2371 4381 2592 4449 γοῦνται
2628 4384 2727 4436 σὺν
2754 4383 2833 4454 τῷ
2869 4383 3046 4454 πιστῷ
3081 4384 3348 4455 Ἀϐραάμ.
3381 4403 3399 4436 ι
3437 4383 3643 4437 Οὐκοῦν
3669 4385 3716 4437 εἰ
3758 4386 3828 4439 ἐκ
3859 4389 3954 4439 πί-

699 4478 855 4531 Iidem
901 4475 1148 4544 patrihus
1182 4476 1536 4532 obvenerunt,
1564 4469 1812 4523 Christus
1853 4481 1982 4520 vero
2029 4467 2261 4520 minister

2377 4490 2544 4535 στεως
2591 4474 2644 4526 αἰ
2693 4474 3019 4542 ἐπαγγελίαι
3068 4474 3296 4530 δίδονται
3335 4478 3448 4538 τοῖς
3495 4477 3734 4545 πατράσι
3798 4480 3954 4550 παρὰ

699 4573 874 4621 lactus
913 4577 1014 4630 est,
1052 4566 1152 4618 hoc
1179 4575 1261 4618 est
1286 4563 1572 4625 mediator,
1613 4561 1677 4613 ad
1714 4558 2009 4613 firmandas
2035 4556 2261 4627 promis-

2374 4562 2531 4628 Θεοῦ,
2571 4563 2760 4632 γέγονε
2815 4565 2992 4618 τοίνυν
3033 4565 3276 4630 διάκονος
3319 4568 3347 4619 6
3398 4544 3652 4637 Χριστὸς,
3696 4544 3956 4622 τουτέστι

698 4663 878 4714 siones
905 4657 1149 4726 patribus
1176 4672 1204 4710 a
1235 4657 1341 4709 Deo
1370 4654 1559 4718 factas,
1584 4669 1774 4722 nempe
1798 4652 2266 4721 justiﬁeationem,

698 4767 816 4819 quae
843 4766 936 4821 per
969 4751 1126 4804 [idem
1160 4748 1434 4801 ohlinetnr
1466 4746 1665 4813 (factus
1702 4755 1786 4799 est
1819 4755 1995 4798 autem
2021 4743 2270 4798 Christus

701 4844 966 4905 minister,
997 4841 1099 4896 hoc
1132 4848 1215 4895 est
1239 4839 1526 4902 mediator,
1553 4852 1656 4890 non
1689 4846 1746 4889 ut
1773 4837 1926 4889 alteri
1961 4836 2116 4890 ﬁdem
2143 4851 2270 4889 eon-

703 4935 931 4998 ciliaret,
970 4934 1062 4987 sed
1087 4941 1145 4984 ut
1176 4931 1278 4985 sibi
1316 4928 1416 4999 ipsi
1444 4939 1499 4982 et
1540 4927 1685 4980 Patri
1726 4941 1819 4995 per
1847 4927 2105 4995 seipsum)
2133 4941 2147 4978 :
2186 4927 2268 4978 cui

704 5025 922 5078 dubium
953 5041 1070 5079 esse
1098 5035 1292 5095 potest,
1322 5022 1451 5094 quin
1496 5035 1654 5073 verus
1699 5019 1993 5072 secundum
2024 5029 2270 5069 naturam

706 5115 848 5169 Deus
881 5117 1139 5170 exsistat?
1173 5116 1301 5168 Nam
1338 5124 1393 5169 ut
1421 5116 1609 5168 beatus
1633 5110 1903 5163 Abraham
1944 5105 2272 5176 justiﬁeatns

705 5219 792 5263 est
820 5207 872 5261 in
910 5207 1074 5260 Deum
1107 5211 1352 5274 credens,
1411 5208 1482 5262 ita
1529 5215 1716 5277 gentes
1761 5215 1976 5271 quoque
2011 5197 2274 5269 iustiﬁca-

775 5413 822 5444 “
847 5411 1003 5467 Rom.
1033 5423 1089 5471 ι,
1119 5404 1271 5458 6-H.

709 5485 753 5514 "
779 5483 950 5536 Galat.
984 5495 1065 5544 III,
1101 5478 1155 5531 9.

1361 5405 1424 5435 ιδ’
1452 5405 1610 5470 Rom,
1660 5420 1771 5472 xw,
1805 5401 1996 5456 εις-ετ.

2110 5399 2150 5429 ’⁵⁷
2181 5399 2338 5453 Rom.
2371 5413 2456 5462 Xv,
2489 5398 2544 5463 8,
2588 5400 2654 5462 9;
2699 5413 2769 5462 IV,
2804 5399 2856 5451 5.

2379 4653 2624 4723 μεσίτης,
2659 4655 2738 4719 εἰς
2783 4653 2843 4707 τὸ
2885 4653 3177 4724 βεϐαιῶσαι
3219 4656 3317 4720 τὰς
3342 4657 3670 4727 ἐπαγγελίας
3707 4657 3810 4723 τὰς
3844 4663 3959 4721 τοῖς

2379 4746 2620 4815 πατράσι
2645 4746 2890 4811 δοθείσας
2922 4748 3071 4816 παρὰ
3099 4747 3256 4814 Θεοῦ,
3287 4749 3534 4803 τουτέστι
3569 4750 3679 4820 -τὴν
3717 4750 3818 4802 διὰ
3868 4752 3959 4801 πί-

2381 4855 2551 4901 στεως
2589 4838 2888 4894 δικαίωσιν.
2927 4839 3122 4908 Γέγονε
3162 4839 3339 4896 τοίνυν
3368 4840 3613 4903 διάκονος
3639 4841 3666 4892 6
3693 4839 3958 4907 Χριστὸς,

2379 4929 2626 4981 τουτέστι
2659 4930 2907 5000 μεσίτης,
2943 4930 3042 5000 οὐχ
3064 4931 3140 4994 ῶς
3167 4931 3337 5002 ἑτέρῳ
3359 4931 3459 5000 τὴν
3487 4930 3669 4982 πίστιν
3698 4943 3963 5000 πραγμα-

2381 5019 2692 5086 τευόμενος,
2720 5019 2835 5072 ἀλλ’
2862 5020 2935 5083 ὠς
2969 5019 3146 5089 ἐαυτῷ
3176 5021 3377 5089 μᾶλλον
3412 5020 3506 5073 καὶ
3552 5017 3619 5071 δι’
3648 5018 3853 5074 ἑαυτοῦ
3886 5023 3963 5092 τῷ

2383 5107 2576 5176 Πατρί.
2624 5109 2754 5172 Θεὸς
2785 5110 2892 5180 ἄρα
2923 5110 3066 5163 κατὰ
3104 5110 3264 5178 φύσιν
3285 5109 3422 5166 ἐστι.
3462 5109 3823 5167 Δεδικαίωται
3856 5115 3967 5184 γὰρ

2382 5200 2408 5249 6
2449 5200 2716 5270 μακάριος
2753 5201 3004 5271 ’Λϐραὰμ
3053 5201 3433 5266 πεπιστευκὼς
3469 5203 3549 5266 εἰς
3597 5203 3762 5257 Θεόν’
3823 5207 3969 5260 οὕτω

2936 5399 2980 5431 ⁸⁸
3003 5399 3137 5457 Gen.
3187 5419 3280 5470 xu,
3325 5404 3377 5460 5.
3474 5404 3702 5464 "Rom.
3763 5425 3840 5476 tv,
3881 5408 3966 5462 l3.

1810 5631 1979 5686 Varim
2007 5629 2268 5684 lectiones
2292 5629 2496 5683 codicis
2526 5626 2884 5697 Segnieriani.

793 5827 830 5849 ³·
867 5819 1161 5888 ὑποταγὴν.
