4092 6334
189 409 317 463 Ιῒιέὃ

1262 405 1346 458 DE
1386 406 1606 461 RECTA
1649 406 1802 461 FIDE
1839 406 1928 461 AD
1967 405 2279 463 REGINAS.

3263 411 3283 464 i
3296 412 3397 464 326

183 520 232 571 δὲ
262 520 356 571 καὶ
401 520 463 573 τὰ
492 519 616 591 ἔθνη
656 519 989 573 δικαιωθεῖεν
1021 519 1085 572 ἂν
1117 520 1174 573 ὲν
1205 520 1371 589 αὐτῷ,
1399 524 1509 583 τοῖς
1545 523 1740 593 ἴχνεσιν

1860 533 2042 576 ιιιιιιιιι·
2075 524 2126 577 in
2156 525 2293 593 ipso,
2325 522 2367 578 si
2399 523 2639 593 vestigiis
2674 522 2815 579 illius
2850 522 3066 589 innixae,
3103 523 3156 578 in
3193 524 3359 579 Deum

186 612 342 663 αὑτοῦ
392 612 955 679 κατακολουθήσαντα,
992 612 1084 664 καὶ
1138 613 1194 662 ὲν
1238 611 1356 679 Θεῷ
1401 614 1739 676 πιστεύοντα,

182 704 425 757 τουτέστι
460 702 701 773 Χριστῷ.

413 814 507 864 Ἐκ
546 811 655 877 τῆς
695 813 842 881 πρὸς
882 814 1227 883 Κορινθίους
1266 812 1525 881 πρώτης.

255 945 270 974 ι
300 925 411 975 Καὶ
463 922 636 977 ταῦτά
688 941 829 991 τινες
876 922 973 997 ἦτε
997 943 1012 958 °
1068 926 1183 980 ἀλλ’
1211 924 1599 989 ἀπελούσασθε,
1632 925 1742 978 ἀλλ’

181 1016 501 1082 ἡγιάσθητε,
531 1015 646 1068 ἀλλ’
677 1018 1031 1091 ἐδικαιώθητε
1074 1021 1130 1072 ὲν
1157 1018 1233 1088 τῷ
1262 1018 1481 1087 ὀνόματι
1515 1018 1605 1071 τοῦ
1640 1020 1745 1072 Κυ-

183 1106 295 1171 ρίου
330 1104 507 1173 Ἰησοῦ
538 1107 793 1179 Χριστοῦ,
828 1110 919 1162 καὶ⁸
964 1111 1022 1161 ὲν
1051 1108 1129 1176 τῷ
1158 1105 1432 1176 Πνεῦματι
1476 1107 1568 1160 τοῦ
1611 1106 1743 1160 Θεοῦ

182 1195 352 1263 ἡμῶν.
388 1214 407 1245 ι
452 1197 515 1249 Ei
541 1199 598 1250 ὲν
625 1198 702 1270 τῷ
731 1199 952 1269 ὀνόματι
983 1197 1076 1249 τοῦ
1106 1197 1340 1266 Χριστοῦ
1368 1198 1743 1269 δικαιούμεθα,

180 1287 250 1348 ὡς
276 1286 407 1340 Θεὸν
437 1292 504 1360 τῇ
536 1291 711 1344 πίστει
745 1292 1093 1359 τιμήσαντες,
1124 1290 1215 1341 καὶ⁵
1241 1289 1302 1341 τὸ
1334 1290 1495 1343 αὐτοῦ
1521 1290 1744 1359 Πνεῦμα

180 1378 477 1447 δεχόμενοι,
512 1383 628 1446 πῶς
658 1383 717 1435 οὐ
747 1382 879 1445 Θεὸς
907 1382 935 1434 6
962 1382 1227 1453 Χριστός;

508 1516 602 1567 Ἐκ
640 1513 751 1581 τῆς
786 1517 932 1583 πρὸς
970 1517 1313 1582 Κορινθίους
1346 1515 1427 1576 β’.

254 1665 271 1696 ι
302 1646 363 1697 Εἰ
394 1652 493 1712 μεν
519 1645 626 1714 γὰρ
645 1647 673 1698 6
700 1648 990 1717 ἐρχόμενος
1010 1646 1194 1715 ἕτερον
1225 1644 1430 1716 Ἰησοῦν
1459 1645 1743 1716 κηρύσσει,

182 1738 237 1788 ἰν
277 1737 377 1787 οὐκ
430 1735 807 1806 ἐκηρύξαμεν,
858 1737 891 1807 ἢ
945 1737 1161 1808 πνεῦμα
1204 1738 1389 1807 ἕτερον
1423 1736 1744 1806 λαμϐάνετε,

184 1826 308 1892 παρ’
336 1824 364 1874 ὃ
401 1823 619 1878 ἐλάϐετε
645 1841 659 1854 ⁶
694 1826 726 1897 ἦ
756 1826 1092 1895 Εὐαγγέλιον
1121 1827 1327 1897 ἕτερον,
1358 1829 1485 1897 παρ’
1512 1828 1540 1880 6
1564 1827 1746 1891 ἐδέξαο

188 1918 292 1967 σθε·
322 1915 505 1979 καλῶς
553 1917 852 1987 ἀνείχεσθε.
889 1937 906 1969 ι
959 1918 1070 1989 Πρὸ
1108 1918 1216 1971 τῶν
1256 1919 1357 1988 τῆς
1399 1918 1744 1991 ἐνανθρωπή-

188 2022 319 2067 σεως
344 2006 553 2078 καιρῶν
581 2008 754 2070 οὐδεὶς
781 2007 1053 2075 ὀνομάσας
1080 2009 1392 2080 εὑρίσκεται
1410 2009 1502 2063 τὸν
1523 2011 1587 2064 ὲκ
1609 2009 1742 2063 Θεοῦ

186 2094 373 2160 λόγον,
394 2095 597 2165 Ἰησοῦν
617 2096 651 2167 ἢ
672 2098 903 2166 Χριστόν
927 2115 941 2128 ·
965 2099 1013 2152 εί
1034 2100 1107 2171 μὴ
1135 2100 1241 2170 ἀρα
1271 2101 1411 2155 κατά
1440 2101 1745 2172 πρόγνωσιν

186 2185 684 2257 όνομασθησόμενον
711 2187 868 2241 τοῦτο
899 2190 1039 2243 κατά
1065 2194 1306 2262 καιροὺς,
1332 2193 1418 2246 ὅτε
1441 2193 1535 2247 καὶ
1553 2195 1744 2261 γέγονε

189 2272 559 2342 σάρξ.’ονομα
593 2275 769 2330 τοίνυν
807 2278 988 2330 καινὸν
1022 2278 1169 2348 αὑτῷ
1198 2280 1275 2338 τὸ.
1294 2280 1518 2350 Ἰησοῦς,
1540 2282 1628 2335 ὅτε
1658 2283 1748 2349 γέ-

187 2378 339 2427 γονεν
391 2365 851 2434 άνΘρωπος.Ἀλλ“
884 2372 932 2422 εί
982 2369 1082 2438 μὲν
1111 2371 1185 2434 ὡς
1224 2371 1355 2436 Θεὸς
1392 2372 1743 2443 κηρύσσεται,

190 2453 279 2505 καὶ
305 2450 389 2516 εἷς
416 2454 490 2507 ὢν
521 2455 601 2526 (οὐ
637 2457 743 2527 γὰρ
775 2458 958 2528 ἕτερός
986 2478 1069 2524 τις
1095 2463 1224 2533 παρ’
1254 2463 1435 2536 αὐτὸν,
1467 2464 1525 2517 ὃν
1556 2464 1748 2518 δύναν-

190 2562 273 2596 ται
305 2547 541 2616 κηρύξαι
578 2551 764 2618 τινες).
788 2546 846 2603 εῦ
873 2552 938 2604 ἂν
971 2552 1102 2622 ἔχοι,
1130 2555 1223 2607 καὶ
1252 2554 1371 2625 Θεῷ
1396 2556 1744 2627 λατρεύομεν.

195 2636 249 2686 Ei
287 2636 343 2687 δὲ
377 2638 576 2705 μέτρον
605 2638 749 2708 αύτῷ
773 2641 833 2693 τὸ
855 2642 951 2710 τῆς
979 2643 1396 2714 ἀνθρωπότητός
1420 2646 1534 2697 ἐστι
1568 2646 1747 2715 μόνον,

193 2724 282 2775 καὶ
325 2724 458 2795 ψιλῇ
504 2728 809 2794 προσώπων
854 2731 1044 2785 ἑνώσει
1096 2734 1413 2804 τετίμηται·
1457 2736 1753 2790 κεκένωται

191 2813 285 2879 τῆς
314 2815 547 2879 πίστεως
568 2817 723 2886 ἡμῶν
747 2821 773 2873 6
799 2820 1248 2892 λόγος,άνθρώπῳ
1272 2824 1559 2894 προσάγων
1580 2825 1750 2893 ἡμᾶς.

194 2901 282 2953 καί
307 2902 367 2953 οῦ
398 2902 535 2973 Θεῳ.
555 2906 712 2960 Ἀλλὰ
734 2908 889 2961 τοῦτο
919 2911 1193 2976 δυσσεῦές.
1221 2912 1350 2977 Θεὸς
1371 2914 1479 2983 ἄρα
1498 2913 1754 2983 Χριστὸς,

197 2991 287 3043 καὶ
316 2993 466 3057 Υἱὸς.
499 2998 576 3061 ὡς
602 3000 696 3052 τοῦ
722 3000 855 3055 Θεοῦ
893 3003 1066 3071 Λόγου
1102 3005 1302 3075 σαρκὸς
1332 3005 1635 3074 γεγονότος·

1847 614 1947 668 huc
1979 624 2061 667 est
2094 616 2144 669 in
2173 615 2449 670 Christum
2472 614 2821 669 crediderint.

2252 810 2335 864 Ea:
2365 814 2530 880 priori
2569 812 2636 867 ad
2671 812 2993 866 Corinthios.

1919 932 1937 963 ι
1968 911 2032 966 Ει
2084 912 2197 968 hmc
2241 917 2455 983 quidam
2513 918 2733 973 fuistis:
2768 918 2860 973 sed
2907 916 3073 972 abluti
3120 920 3274 986 estis,
3308 924 3399 978 sed

1843 1004 2163 1059 sanctiﬁcati
2185 1006 2718 1073 estis,sedjustilicati
2735 1012 2867 1065 estis
2884 1011 2937 1065 in
2960 1009 3175 1065 nomine
3195 1012 3400 1067 Domini

1846 1095 2012 1149 nostri
2041 1093 2164 1150 Jesu
2194 1095 2415 1163 Christi,
2450 1106 2504 1151 et
2530 1098 2581 1152 in
2599 1098 2797 1169 Spiritu
2824 1100 2916 1155 Dei
2944 1106 3107 1155 nostrl
3139 1101 3239 1155 ".i
3268 1102 3401 1157 Cum

1846 1186 1899 1239 in
1925 1186 2139 1241 nomine
2158 1186 2360 1243 Christi
2382 1188 2754 1256 justiﬂcemur,
2777 1204 3006 1258 eumque
3031 1190 3134 1245 (ide
3156 1200 3213 1244 ut
3237 1190 3400 1245 Deum

1846 1291 2184 1345 veneremur,
2215 1281 2563 1348 ejusdemque
2598 1279 2800 1349 Spiritu
2834 1281 3245 1350 locupletemur,
3276 1297 3404 1352 quo-

1847 1369 2003 1423 modo
2038 1384 2139 1425 non
2172 1370 2276 1425 erit
2313 1368 2455 1425 Deus
2477 1370 2720 1427 Christus
2747 1371 2769 1425 i

2204 1502 2285 1555 Ea:
2312 1505 2589 1567 posteriori
2617 1508 2684 1558 ad
2724 1504 3045 1562 Corinthios.

1922 1651 1939 1682 ι
1980 1632 2111 1686 Nam
2141 1632 2184 1686 si
2217 1632 2261 1688 is
2314 1632 2405 1703 qui
2453 1634 2618 1700 venit,
2668 1635 2831 1689 alium
2886 1637 3071 1693 Jesum
3122 1642 3398 1709 praedicat,

1846 1738 2001 1792 quem
2029 1739 2131 1779 non
2164 1724 2607 1794 praedicavimus,
2641 1736 2732 1781 aut
2774 1727 2939 1783 alium
2972 1730 3215 1798 spiritum
3254 1735 3400 1788 acci—

1846 1814 1991 1882 pitis,
2026 1828 2183 1884 quem
2218 1830 2322 1869 non
2352 1817 2676 1886 accepistis:
2711 1827 2805 1871 aut
2846 1818 2987 1872 aliud
3033 1819 3399 1893 Evangelium.

1847 1907 1987 1975 quod
2038 1922 2142 1961 non
2195 1906 2473 1976 recepistis
2507 1924 2520 1961 :
2550 1918 2694 1963 recte
2746 1912 3149 1979 pateremini".
3198 1935 3215 1967 ι
3265 1917 3405 1972 Ante

1852 1998 1940 2051 Dei
1974 1996 2205 2053 Verbum
2240 1998 2574 2054 incarnatum
2606 2001 2781 2055 nullus
2823 2014 3128 2071 compertus
3158 2017 3273 2069 est,
3313 2010 3405 2077 qui

1849 2098 1941 2142 aut
1995 2088 2199 2152 Jesum,
2249 2098 2341 2145 aut
2393 2089 2673 2145 Christum
2725 2091 2852 2144 illud
2909 2096 3249 2163 nominaret;
3302 2098 3405 2151 nisi

1851 2178 2116 2247 quispiam
2157 2180 2333 2235 forsan
2369 2181 2667 2235 futurorum
2692 2183 2943 2249 praescius
2984 2185 3131 2249 olim,
3161 2200 3283 2241 cum
3323 2190 3376 2241 ni

1855 2270 2047 2324 mirum
2077 2284 2205 2332 caro
2234 2271 2432 2325 factum
2470 2280 2633 2337 esset,
2675 2273 2775 2327 hoc
2822 2274 3035 2329 nomine
3083 2277 3400 2345 appellatum

1854 2361 1918 2415 iri
1956 2364 2277 2429 praedixerit.
2309 2361 2513 2419 Nomen
2559 2364 2660 2418 hoc
2698 2363 2881 2432 itaque
2908 2363 3101 2427 Jesus,
3132 2367 3291 2419 simul
3322 2376 3406 2423 at-

1854 2467 1957 2519 que
1986 2454 2178 2506 factum
2208 2462 2289 2508 est
2316 2454 2496 2519 homo,
2523 2468 2715 2508 novum
2748 2455 3054 2524 impositum
3084 2466 3167 2511 est
3200 2456 3293 2511 illi.
3341 2460 3411 2512 At

1858 2558 1984 2598 vero
2020 2545 2064 2598 si
2094 2553 2152 2598 ut
2181 2543 2321 2600 Deus
2350 2545 2466 2599 orbi
2491 2546 2853 2609 annuntiatur,
2884 2556 2938 2602 et
2968 2562 3106 2602 unus
3137 2549 3408 2603 nihilomi-

1857 2649 1957 2687 nus
1982 2645 2067 2688 est
2096 2634 2293 2704 (neque
2322 2636 2463 2689 enim
2499 2646 2582 2690 est
2603 2636 2737 2690 alius
2768 2645 2958 2705 prmter
2982 2638 3151 2703 illum,
3191 2640 3281 2709 qui
3316 2656 3411 2693 au-

1856 2725 2088 2778 nuntiari
2128 2725 2338 2794 possit),
2374 2726 2508 2779 bene
2532 2740 2619 2781 res
2656 2726 2834 2782 habet.
2886 2729 2995 2783 Deo
3019 2731 3160 2784 enim
3205 2734 3409 2788 servire

1856 2816 2176 2871 invenimur.
2203 2816 2354 2882 Quod
2391 2816 2435 2869 si
2465 2830 2591 2871 vero
2618 2816 2743 2871 solae
2771 2818 3019 2873 humanae
3049 2830 3255 2876 natura:
3284 2836 3415 2877 con-

1858 2909 2087 2962 ditiones
2126 2910 2176 2961 in
2207 2909 2354 2963 illum
2378 2908 2724 2973 conveniunt,
2758 2924 2854 2963 nec
2881 2910 3039 2964 aliam
3069 2912 3137 2964 ob
3167 2925 3411 2979 causam,

1857 3016 2017 3068 quam
2055 3009 2273 3069 propter
2310 3000 2504 3054 nudam
2531 2999 2675 3055 illam
2721 2999 3124 3071 simplicemque
3160 3016 3415 3073 persona-

198 3098 312 3136 rum
354 3090 665 3146 societatem
710 3094 904 3150 colitur
942 3111 956 3147 :
1004 3097 1178 3153 inanis
1222 3100 1459 3167 proiecto
1496 3109 1580 3154 est
1634 3099 1753 3154 ﬁdei
1796 3110 1994 3153 nostrae
2038 3095 2197 3161 ratio,
2262 3103 2317 3149 ut
2362 3109 2480 3164 qua:
2517 3109 2620 3148 non
2653 3094 2761 3150 Deo
2796 3110 2893 3150 nos
2964 3095 3284 3166 coniungat,
3322 3100 3413 3153 sed

201 3182 422 3237 homini.
461 3186 619 3254 Atqui
660 3188 771 3243 haec
796 3191 1034 3245 doctrina
1075 3206 1158 3247 εει
1222 3193 1378 3261 plane
1426 3193 1606 3263 impia.
1650 3192 1791 3249 Deus
1863 3192 2044 3260 itaque
2083 3188 2350 3245 Christus.
2392 3198 2446 3243 et
2490 3187 2687 3254 Filius;
2733 3204 2853 3244 cum
2896 3188 3130 3245 Verbum
3174 3192 3244 3246 sit
3290 3208 3416 3247 caro

201 3277 421 3330 factum.

602 3390 702 3444 Ἐκ
739 3390 845 3459 τῆς
884 3394 1031 3462 πρὸς
1067 3397 1361 3462 Γαλάτας.

278 3521 296 3554 ι
326 3502 623 3572 Θαυμάζω,
671 3504 751 3557 ὅτι
798 3504 940 3559 οὕτω
986 3508 1194 3577 ταχέως
1254 3508 1607 3579 μετατίθεσθε
1655 3510 1762 3562 ἀπὸ

207 3592 293 3645 τοῦ
333 3594 661 3655 καλέσαντος
689 3596 831 3666 ὑμᾶς
872 3600 928 3651 ἐν
970 3600 1149 3670 χάριτι
1183 3600 1437 3671 Χριστοῦ,
1469 3603 1549 3662 εἰς
1578 3603 1761 3672 ἕτερον

204 3685 565 3751 Εὑαγγέλιον·
607 3688 637 3738 6
666 3687 764 3739 οὐκ
796 3687 939 3742 ἔστιν
979 3692 1107 3744 ἀλλο
1130 3709 1143 3723 ·
1175 3695 1223 3746 εἰ
1270 3695 1343 3763 μή
1374 3695 1518 3757 τινές
1546 3695 1682 3746 εἰσιν
1714 3697 1760 3745 οἱ

202 3774 565 3843 ταράσσοντες
614 3776 797 3844 ὑμᾶς,
841 3780 935 3831 καὶ
984 3780 1227 3844 θέλοντες
1284 3784 1651 3851 μεταστρέψαι
1702 3786 1762 3835 τὸ

204 3864 536 3933 Εὐαγγέλιον
565 3866 657 3918 τοῦ
685 3868 941 3938 Χριστοῦ.
969 3868 1128 3923 Ἀλλὰ
1152 3871 1246 3923 καὶ
1275 3870 1369 3923 ὲάν
1397 3873 1575 3941 ἡμεῖς,
1603 3873 1635 3943 ἢ
1662 3873 1761 3940 ἄγη

204 3954 357 4020 γελος
384 3955 444 4019 ἐξ
475 3954 702 4023 οὐρανοῦ
730 3958 1150 4028 εὐαγγελίσηται
1179 3961 1307 4029 ὑμῖν
1335 3964 1459 4031 παρ’
1483 3962 1510 4014 6
1537 3962 1763 4029 εὐηγγε-

206 4046 472 4115 λισάμεθα
513 4048 660 4117 ὑμῖν,
693 4049 937 4119 ἀνάθεμα
968 4050 1127 4105 Em);
1159 4072 1176 4103 ι
1218 4054 1280 4105 Ei
1310 4053 1367 4105 ἓν
1392 4055 1539 4106 ἐστιν
1585 4055 1763 4121 Εὐαγ-

204 4136 381 4202 γέλιον
422 4139 485 4189 τὸ
525 4137 749 4207 λαληθὲν
794 4140 977 4214 ἁπάσῃ
1020 4145 1084 4213 τῇ
1128 4143 1219 4195 ὑπ’
1257 4144 1483 4213 οὐρανὸν
1524 4144 1610 4198 διὰ
1658 4146 1764 4198 τῶν

207 4226 375 4293 ἁγίων
422 4229 819 4297 μυσταγωγῶν,
850 4231 1007 4284 τοῦτο
1057 4233 1113 4285 δέ
1159 4234 1305 4287 ἐστιν
1334 4237 1366 4304 ἡ
1402 4235 1584 4298 πίστις
1617 4237 1648 4306 ὴ
1686 4237 1764 4297 είς

206 4316 459 4386 Χριστόν·
491 4318 605 4382 πῶς
648 4322 708 4373 οὐ
755 4322 884 4384 Θεὸς
927 4324 1010 4393 εἴη
1060 4323 1126 4376 ἂν
1157 4324 1380 4397 ἀληθὴς,
1411 4326 1569 4397 εἴπερ
1616 4328 1763 4380 ἐστὶν

206 4405 496 4472 ἀναγκαῖον
522 4408 819 4476 ὁμολογεῖν,
850 4410 924 4474 ὡς
946 4414 1008 4464 ὲκ
1039 4413 1139 4481 τῆς
1168 4415 1399 4485 ἀρχαίας
1430 4416 1639 4488 πλάνης
1674 4435 1763 4471 κε-

206 4494 454 4564 κλήμεθα
484 4499 618 4567 πρὸς
647 4500 938 4568 ἐπίγνωσιν
964 4502 1056 4555 τοῦ
1084 4505 1224 4557 κατὰ
1246 4505 1406 4573 φύσιν
1427 4507 1577 4571 ὄντος
1596 4508 1760 4573 Θεοῦ;

204 4585 405 4655 Θαρσεῖ
433 4587 490 4639 δὲ
518 4588 768 4643 τοσοῦτον
799 4592 827 4642 6
863 4592 1128 4663 μακάριος
1162 4595 1392 4661 Παῦλος,
1427 4596 1501 4660 ὡς
1528 4599 1622 4651 καὶ
1666 4601 1765 4667 ἀγ-

206 4676 393 4741 γέλους
423 4677 857 4749 ἀναθεματίζειν,
884 4684 932 4735 εἰ
961 4682 1024 4751 δὴ
1056 4686 1484 4757 μεταστρέψειαν
1507 4689 1568 4742 τὸ
1587 4690 1763 4759 Εὐαγο

207 4768 382 4834 γέλιον
418 4768 512 4821 τοῦ
547 4770 802 4839 Χριστοῦ.

280 4856 439 4907 «Ὅτε
477 4856 533 4907 δὲ
568 4857 863 4929 ηὐδόκησεν
892 4862 918 4913 6
951 4862 1079 4925 Θεὸς
1113 4865 1141 4916 6
1175 4866 1438 4936 ἀφορίσας
1470 4886 1537 4938 με
1564 4870 1626 4921 ἐκ
1658 4888 1762 4923 κοι-

207 4946 322 5008 λίας
356 4947 562 5017 μητρός
584 4966 706 5017 μου,
729 4952 1075 5022 ἀποκαλύψαι
1094 4957 1183 5008 τὸν
1206 4958 1332 5012 Υίὸν
1355 4960 1519 5014 αὑτοῦ
1544 4963 1601 5014 ὲν
1622 4963 1763 5033 ἐμοὶ,

208 5036 291 5088 ῐνα
333 5038 768 5108 εὐαγγελίζωμαι
798 5044 958 5096 αὑτὸν
988 5047 1043 5097 ἐν
1072 5049 1185 5109 τοῖς
1222 5048 1447 5114 ἔθνεσιν,
1474 5052 1674 5117 εὐθέως
1707 5054 1767 5106 οὐ

212 5127 628 5198 προσανεθέμην
664 5132 824 5199 σαρκὶ
871 5134 963 5185 καὶ
998 5136 1206 5205 αἵματι,
1239 5140 1359 5192 οὐδὲ
1411 5142 1639 5211 ἀνῆλθον
1688 5144 1766 5207 είς

224 5217 567 5287 Ἰεροσόλυμα
596 5222 728 5291 πρὸς
759 5222 882 5284 τοὺς
931 5226 1036 5295 πρὸ
1082 5227 1213 5296 ἐμοῦ
1245 5230 1590 5296 ἀποστόλους.
1628 5252 1646 5285 ι
1680 5234 1769 5304 Τῷ

219 5310 323 5377 γὰρ
374 5308 520 5373 ἅπαξ
567 5310 663 5379 τὴν
712 5314 776 5363 ὲκ
828 5314 962 5366 Θεοῦ
1012 5318 1220 5387 λαχόντι
1254 5322 1640 5390 μυσταγωγίαν
1675 5326 1769 5377 καί⁸

212 5396 571 5465 ἀποκάλυψιν,
593 5399 690 5450 οὐκ
713 5399 821 5452 ἔδει
846 5402 943 5471 τῆς
962 5403 1017 5467 ἐξ
1043 5406 1342 5475 ἀνθρώπων
1372 5411 1764 5481 παιδαγωγίας.

214 5487 356 5555 Πλὴν
402 5488 576 5538 ἐκεῖνό
618 5505 816 5557 φαμεν·
846 5492 980 5546 Τίνα
1010 5495 1355 5565 ἀπεκάλυψεν
1400 5502 1428 5551 6
1459 5501 1647 5572 Πατὴρ
1691 5502 1769 5572 τῷ

217 5577 466 5647 μακαρίῳ
498 5577 714 5649 Παύλῳ,
738 5578 771 5649 ἢ
802 5581 924 5635 τίνα
946 5585 1310 5655 προστέταχεν
1344 5589 1399 5641 ὲν
1420 5594 1529 5653 τοῖς
1558 5591 1766 5645 ἔθνεσιν

2190 3392 2341 3459 12],
2380 3390 2463 3443 Ea:
2498 3390 2735 3458 Epistota
2766 3394 2835 3447 ad
2867 3391 3101 3449 Galatas.

1939 3524 1956 3555 ι
1990 3503 2171 3568 Miror,
2212 3505 2350 3571 quod
2381 3504 2458 3558 sic
2496 3514 2602 3557 tam
2654 3505 2759 3559 cito
2813 3507 3195 3562 transferimini
3251 3510 3318 3563 ab
3354 3524 3420 3566 eo

1862 3598 1951 3665 qui
1978 3611 2072 3650 vos
2100 3597 2305 3650 vocavit
2355 3595 2405 3649 in
2445 3596 2670 3663 gratiam
2708 3596 2929 3661 Christi,
2969 3596 3020 3651 in
3065 3598 3207 3652 aliud
3244 3598 3420 3654 Evan-

1864 3686 2098 3755 gelium:
2140 3686 2277 3753 quod
2326 3701 2428 3739 non
2476 3696 2557 3740 est
2606 3685 2771 3753 aliud,
2800 3687 2901 3741 nisi
2952 3696 3079 3743 sunt
3108 3688 3298 3759 aliqui,
3327 3694 3417 3760 qui

1866 3791 1957 3829 vos
2001 3775 2347 3842 perturbant,
2397 3786 2451 3830 et
2488 3786 2805 3832 convertere
2850 3778 3035 3831 volunt
3074 3778 3418 3849 Evangelium

1863 3864 2084 3918 Christi.
2113 3863 2215 3919 Sed
2248 3864 2373 3918 licet
2410 3880 2527 3928 nos,
2565 3875 2657 3919 aut
2690 3867 2915 3936 angelus
2939 3868 3006 3921 de
3028 3868 3165 3923 coelo
3192 3884 3422 3939 evange-

1866 3953 1989 4008 lizet
2012 3955 2161 4008 vobis
2190 3965 2541 4024 praeterquam
2570 3960 2711 4025 quod
2739 3959 3221 4028 evangelizavimus
3248 3964 3419 4027 vobis,

1865 4046 2147 4098 anathema
2179 4045 2333 4099 sit".
2374 4065 2391 4096 ι
2435 4046 2681 4101 δίη-ιιιιιιηι
2706 4056 2909 4102 tantum
2942 4060 3023 4103 est
3055 4049 3420 4119 Evangeliutn,

1868 4136 1918 4188 in
1953 4136 2203 4190 universo
2238 4146 2499 4191 terrarum
2535 4139 2664 4193 orbe
2690 4154 2785 4208 per
2828 4154 3011 4195 sacros
3048 4143 3420 4211 mysteriorum

1866 4228 2111 4284 doctores
2158 4230 2570 4298 deprmdicatum
2600 4271 2614 4296 ,
2666 4234 2766 4285 hoc
2813 4243 2989 4286 autem
3043 4245 3124 4287 est
3185 4235 3313 4288 lides
3374 4237 3423 4289 iu

1865 4316 2159 4385 Christum,
2207 4323 2474 4389 quomodo
2516 4323 2616 4377 hoc
2647 4338 2751 4377 non
2786 4333 2868 4377 est
2900 4338 3059 4377 verus
3107 4323 3291 4378 Deus?
3321 4325 3425 4378 Ne-

1864 4410 1976 4478 gari
2008 4410 2151 4465 enim
2179 4412 2328 4466 nullo
2361 4414 2516 4467 modo
2556 4424 2747 4482 potest,
2787 4416 2854 4467 ah
2892 4415 3110 4482 antiquo
3149 4432 3332 4470 errore
3361 4420 3426 4468 ait

1867 4501 1979 4553 veri
2030 4503 2399 4572 naturalisque
2455 4506 2545 4559 Dei
2598 4507 2925 4573 agnitionem
2979 4507 3268 4560 translatos
3331 4522 3427 4559 nos

1866 4604 2005 4645 esse.
2054 4591 2223 4646 Tanta
2259 4603 2437 4647 autem
2470 4604 2553 4648 est
2589 4595 2727 4649 beati
2757 4594 2902 4648 l'auli
2935 4595 3123 4651 ﬁducia
3144 4636 3159 4660 ,
3198 4608 3254 4650 ut
3283 4597 3427 4663 ipsos

1867 4684 2028 4737 etiam
2057 4685 2275 4755 angelos
2306 4687 2633 4741 anathemati
2662 4688 2927 4755 subjicere
2976 4703 3075 4740 non
3118 4689 3343 4753 dubitet,
3382 4692 3427 4742 si

1795 4755 1838 4809 Ῑ)
1868 4771 2005 4826 forte
2034 4773 2232 4830 Christi
2268 4776 2607 4843 Evangelium
2635 4788 2941 4844 pervertere
2978 4779 3320 4831 tentaveriut.

1949 4882 1967 4915 ι
2004 4865 2138 4920 Cum
2174 4877 2349 4922 autem
2386 4870 2584 4937 placuit
2616 4869 2712 4930 illi,
2756 4868 2845 4937 qui
2892 4883 2975 4923 me
3017 4871 3313 4938 segregavit
3359 4889 3424 4923 ex

1872 4965 2023 5009 utero
2052 4960 2241 5013 matris
2264 4975 2417 5025 meae,
2451 4970 2502 5013 ut
2544 4960 2807 5014 revelaret
2830 4958 3020 5012 Filium
3046 4978 3195 5013 suum
3234 4963 3283 5014 in
3319 4980 3423 5024 me,

1870 5054 1929 5099 ut
1960 5048 2382 5117 evangelizarem
2434 5049 2579 5103 illum
2626 5050 2675 5102 in
2718 5051 2981 5118 gentibus.
3016 5054 3269 5105 continuo
3322 5069 3425 5105 non

1871 5140 2112 5208 acquievi
2148 5142 2296 5194 carni
2329 5151 2380 5195 et
2422 5142 2707 5210 sanguini:
2758 5157 2927 5210 neque
2966 5144 3083 5196 veni
3120 5141 3424 5213 Hierosoly-

1873 5246 2012 5284 mam
2063 5232 2128 5283 ad
2181 5242 2547 5286 antecessores
2588 5248 2733 5287 meos
2774 5234 3049 5299 apostolos
3084 5234 3149 5287 “.
3208 5254 3225 5285 ι
3285 5234 3424 5289 Sane

1870 5320 1959 5387 qui
2001 5335 2030 5372 a
2086 5320 2194 5375 Deo
2245 5322 2541 5376 divinorum
2604 5324 2979 5392 mysteriorum
3029 5324 3323 5378 doctrinam
3372 5337 3426 5380 el

1877 5410 2251 5465 revelationem
2280 5414 2549 5475 hauserat,
2584 5412 2628 5467 is
2666 5414 2897 5467 humana
2940 5415 3271 5469 institutione
3300 5432 3427 5469 neu-

1876 5508 2073 5575 tiquam
2114 5510 2401 5578 indigebat.
2441 5508 2636 5565 Verum
2669 5514 2807 5564 istud
2842 5512 3048 5565 interim
3087 5515 3426 5567 adversarius

1875 5599 2348 5668 interrogaverim,
2399 5602 2735 5669 qualemnam
2775 5602 3007 5655 cmlestis
3060 5603 3214 5655 l‘ater
3274 5604 3429 5656 beato

286 5751 371 5804 "l
400 5752 525 5806 Cor.
561 5768 633 5819 VI,
672 5755 756 5809 ll.
830 5758 872 5788 "
899 5758 935 5811 ll
961 5758 1086 5812 Cor.
1118 5776 1192 5823 xv,
1235 5765 1276 5815 ι.
1354 5766 1591 5820 “Galat.
1628 5784 1666 5832 1,
1704 5768 1817 5822 6-8.
1897 5772 1935 5801 "
1968 5772 2093 5824 ibid.
2130 5774 2308 5825 15-17.
