4092 6334
645 407 671 460 Ι
683 403 787 460 327

1619 405 1679 460 S.
1714 401 1985 462 CYRILLI
2025 402 2484 460 ALEXANDBINI
2521 407 2835 463 ARCIIIEP.

3728 404 3868 457 1528

649 523 817 578 Paulo
828 518 1160 589 patefecerit,
1176 519 1515 590 quamiemve
1530 520 1772 585 gentibus
1785 520 2202 574 annuntiandum

2311 524 2796 592 εὑαγγελίσασθαι;
2818 519 2926 592 ἄρα
2951 521 3082 574 Θεὸν
3103 520 3296 589 Λόγον,
3339 518 3432 573 καὶ
3451 517 3580 571 Υίὸν
3605 520 3868 588 μονογενῆ

649 609 1028 667 mandaverit?
1055 608 1304 680 Nunquid
1340 610 1430 665 Dei
1472 606 1703 662 Verbum
1754 609 1903 662 carni
1949 623 2055 663 non
2090 608 2207 661 uni-

651 713 762 757 tum
788 744 802 768 ,
830 711 924 756 aut
952 701 1306 772 unigenitum,
1340 699 1606 756 hominem
1638 699 1935 752 secundum
1969 699 2204 752 divinam

648 792 1102 861 dispensationem
1148 802 1252 848 non
1299 786 1542 842 factum?
1577 786 1734 842 Absit
1759 796 1820 844 ut
1863 786 1978 841 haec
2031 787 2102 840 ita
2150 799 2208 838 se

649 883 901 940 habeant.
949 878 1300 937 Annuntiavit
1351 876 1493 928 enim
1543 877 1788 932 eumdem
1839 875 2005 933 Deum
2049 873 2206 930 simul

647 983 704 1029 et
744 973 1046 1039 hominem,
1098 983 1294 1025 vocans
1340 966 1533 1025 Filium
1582 977 1636 1022 et
1683 967 1964 1025 Dominum
2023 964 2204 1025 Jesum

644 1062 948 1120 Christum.

722 1169 743 1203 ι
784 1149 1031 1209 Scieutes
1061 1157 1240 1206 autem
1277 1148 1418 1218 quod
1450 1163 1560 1204 non
1595 1148 1923 1218 justiﬁestur
1948 1147 2107 1201 homo
2137 1158 2202 1202 ex

646 1242 898 1314 operibus
925 1241 1080 1311 legis,
1111 1240 1214 1295 nisi
1247 1253 1343 1310 per
1389 1240 1544 1295 ﬁdem
1579 1238 1708 1295 .lesu
1739 1237 1936 1295 Christi
1969 1254 1981 1289 :
2023 1243 2077 1289 et
2106 1249 2207 1293 nos

647 1333 702 1387 in
731 1332 947 1388 Christo
994 1331 1120 1386 Jesu
1165 1331 1457 1395 credimus,
1511 1340 1568 1383 ut
1614 1328 1970 1397 justilicemur
2000 1339 2065 1380 es
2101 1326 2205 1381 tide

645 1421 874 1488 Christi,
905 1431 959 1476 et
989 1436 1091 1474 non
1132 1435 1194 1474 ex
1239 1419 1493 1489 cperibus
1533 1418 1665 1484 legis
1691 1417 1757 1471 ".
1794 1433 1813 1467 ι
1847 1416 1900 1470 Si
1943 1417 1994 1468 in
2038 1414 2204 1469 Deum

647 1514 889 1578 credere,
907 1511 1309 1579 judtiﬂcationis
1342 1509 1587 1562 mercede
1615 1517 1873 1578 pensatur
1902 1507 2030 1575 (hac
2059 1507 2204 1560 enim

651 1602 734 1658 via
783 1601 1018 1674 majores
1061 1600 1230 1654 nostri
1269 1598 1551 1668 justilicati
1599 1607 1769 1653 sunt:
1809 1596 2070 1663 scriptum
2122 1607 2205 1652 est

650 1706 921 1760 namque:
957 1690 1225 1747 «Credidit
1246 1687 1519 1741 Abraham
1546 1685 1675 1751 Deo,
1693 1698 1748 1744 et
1774 1694 2016 1756 reputate
2047 1695 2131 1742 est
2154 1687 2206 1742 ei

650 1784 780 1838 ﬁdes
800 1783 863 1854 ad
877 1781 1141 1851 justitiam
1159 1779 1250 1850 "),
1264 1799 1282 1832 ι
1312 1780 1466 1852 122
1481 1781 1749 1850 quomodo
1770 1775 2083 1837 Emmanuel
2097 1791 2202 1834 non

2308 613 2405 683 οὐχ
2439 614 2706 668 ἑνωθέντα
2737 611 2920 682 σαρκὶ,
2954 610 3046 662 κει.)⁸
3083 611 3370 679 γενόμενον
3412 607 3695 677 ἄνθρωπον
3729 607 3874 660 olito-

2308 702 2582 770 νομικῶςς
2612 700 2740 756 Εἶτα
2767 701 2883 764 πῶς
2921 699 3078 753 τοῦτό
3106 700 3255 753 ἐστιν
3291 699 3524 771 ἀληθέςς
3573 695 3872 765 Διεκήρυξε

2308 792 2418 862 γὰρ
2451 793 2733 866 ἄνθρωπόν
2765 809 2822 846 τε
2851 790 2984 862 ὁμοῦ
3017 790 3111 844 καὶ
3137 790 3270 843 Θεὸν
3305 791 3398 844 τὸν
3437 788 3598 844 αὐτὸν
3627 785 3720 842 καὶ
3748 786 3870 852 ἕνα,

2307 880 2480 945 λέγων
2515 885 2639 941 Υίὸν
2669 885 2762 940 καὶ
2789 881 2994 953 Κύριον
3029 879 3236 951 Ἰησοῦν
3263 882 3516 953 Χριστόν.

2383 1168 2402 1202 ι
2441 1148 2656 1214 Είδότες
2681 1148 2736 1203 δὲ
2759 1148 2840 1203 ὅτι
2864 1145 2924 1200 οὐ
2955 1143 3255 1200 δικαιοῦται
3294 1141 3577 1213 ἄνθρωπος
3602 1143 3660 1210 ἐξ
3693 1143 3877 1213 ἔργων

2312 1241 2499 1312 νόμου,
2519 1241 2613 1294 ἐὰν
2639 1240 2713 1311 μὴ
2737 1239 2826 1294 διὰ
2848 1238 3080 1300 πίστεως
3107 1234 3282 1308 Ἰησοῦ
3305 1232 3539 1305 Χριστοῦ
3557 1250 3570 1263 ·
3592 1236 3686 1288 καὶ⁵
3708 1236 3875 1300 ἡμεῖς

2307 1332 2388 1395 είς
2415 1330 2647 1402 Χριστὸν
2681 1327 2885 1398 Ἰησοῦν
2914 1325 3334 1396 ἐπιστεύσαμεν,
3367 1325 3455 1379 ἶνα
3490 1323 3876 1392 δικαιωθῶμεν

2307 1424 2370 1476 ὲκ
2399 1421 2630 1483 πίστεως
2656 1417 2912 1490 Χριστοῦ,
2948 1418 3041 1471 καὶ
3070 1418 3168 1470 οὐκ
3211 1417 3271 1482 ὲξ
3313 1418 3489 1489 ἔργων
3530 1415 3716 1483 νόμου,
3754 1433 3772 1465 ι
3809 1415 3876 1466 Et

2305 1512 2366 1565 τὸ
2396 1512 2682 1564 πιστεῦσαι
2725 1509 2844 1580 Θεῷ
2896 1510 3084 1579 μισθὸν
3111 1507 3224 1578 ἔχει
3257 1509 3354 1579 τὴν
3389 1506 3670 1562 δικαίωσιν
3710 1504 3875 1573 (δεδι-

2307 1604 2562 1661 καίωνται
2585 1603 2692 1674 γὰρ
2718 1602 2860 1656 οὕτω
2878 1603 2970 1656 καὶ
2991 1604 3039 1656 οἱ
3069 1602 3174 1672 πρὸ
3197 1603 3350 1672 ἡμῶν
3370 1619 3382 1632 ⁸
3409 1601 3716 1670 γέγραπται
3738 1597 3874 1667 γὰρ,

2305 1696 2385 1755 ὅτι
2429 1713 2446 1746 ι
2498 1694 2843 1748 Ἐπίστευσεν
2883 1693 3132 1764 Ἀϐραὰμ
3181 1693 3256 1761 τῷ
3290 1693 3428 1762 Θεῷ,
3469 1693 3562 1745 καὶ
3619 1688 3877 1758 ἐλογίσθη

2307 1783 2452 1852 αὐτῷ
2485 1784 2562 1846 είς
2586 1782 2928 1854 δικαιοσύνην
2958 1785 2985 1854 ἡ
3016 1782 3194 1846 πίστις
3224 1784 3291 1852 ι)·
3325 1785 3441 1847 πῶς
3467 1785 3525 1836 οὺ
3554 1783 3682 1844 Θεὸς
3702 1781 3876 1848 ὀἘμ-

645 1884 727 1930 est
751 1850 913 1938 Deus.
945 1874 990 1928 si
1014 1873 1227 1942 quidem
1268 1850 1454 1927 verum
1479 1882 1584 1937 est,
1617 1871 1760 1942 quod
1798 1871 1851 1928 in
1885 1871 2056 1940 ipsum
2088 1883 2202 1925 cre-

2313 1850 2571 1946 μανουὴλ,
2605 1876 2763 1944 είπερ
2793 1850 2939 1934 ἐστίν
2969 1850 3183 1944 ἀληθὲς,
3215 1850 3289 1936 ὥς
3315 1875 3395 1936 εἰς
3414 1875 3574 1927 αὑτὸν
3593 1871 3877 1926 πιστεύον-

646 1968 832 2022 dentes
857 1964 1262 2037 iustiﬁcamur?

1029 2053 1114 2114 Ex
1146 2053 1385 2122 Epistula
1422 2054 1489 2110 ad
1526 2051 1802 2120 Ephesius.

722 2190 742 2223 ι
773 2170 831 2226 ιιι
860 2184 965 2239 quo
989 2177 1042 2224 et
1069 2183 1186 2231 vos,
1223 2181 1346 2222 cum
1377 2167 1664 2222 audissetis
1704 2169 1922 2220 verbum
1967 2168 2209 2224 veritatis

647 2261 1001 2332 (evangelium
1032 2259 1221 2314 salutis
1255 2261 1480 2326 vestrae)
1510 2259 1559 2310 in
1598 2273 1703 2324 quo
1732 2269 1785 2310 et
1815 2261 2101 2313 credentes
2132 2261 2207 2313 si-

646 2355 792 2422 gnati
843 2353 972 2406 estis
1005 2349 1206 2418 Spiritu
1268 2349 1643 2416 promissionis
1707 2359 1926 2410 sancto,
1977 2352 2066 2418 qui
2126 2361 2210 2404 est

648 2449 841 2514 pignus
871 2442 1196 2496 hereditatis
1239 2449 1455 2505 nostrae,
1492 2441 1543 2492 in
1576 2441 1993 2510 redemptionem
2025 2445 2208 2511 acqui-

647 2535 878 2599 sitionis,
908 2533 958 2587 in
990 2531 1202 2587 laudem
1249 2527 1438 2600 gloriae
1473 2530 1642 2599 ipsius
1669 2533 1735 2584 ⁸⁷.
1777 2552 1796 2584 ι
1846 2531 2001 2586 Plura
2048 2535 2205 2588 simul

644 2625 724 2682 sic
750 2630 1133 2694 proponuntur,
1164 2636 1230 2676 ex
1257 2620 1454 2690 quibus
1491 2623 1742 2691 colligere
1781 2623 1904 2678 licet
1933 2621 2203 2678 Christum

647 2698 833 2775 verum
879 2730 1000 2771 esse
1040 2717 1250 2782 Deum;
1304 2723 1463 2784 atque
1501 2718 1634 2771 adeo
1677 2719 1915 2771 Omnium
1962 2717 2116 2772 fidem
2150 2717 2204 2772 in

644 2811 819 2877 ipsum
852 2821 958 2861 non
987 2806 1117 2861 ferri
1153 2815 1406 2876 tanquam
1442 2807 1494 2859 iu
1523 2807 1795 2861 hominem
1846 2808 2010 2862 nostri
2054 2807 2205 2861 simi-

645 2899 774 2961 lem,
804 2895 898 2951 sed
939 2904 1190 2963 tanquam
1223 2893 1276 2947 in
1323 2909 1491 2949 unum
1528 2895 1854 2958 Dominum,
1890 2903 1944 2948 et
1987 2895 2204 2962 Filium,

643 2997 696 3040 et
727 2984 914 3042 Deum.
949 2983 1127 3037 Primo
1157 2997 1387 3052 namque
1422 2983 1534 3052 ipse
1563 2984 1754 3038 salutis
1797 2995 1994 3039 nostra:
2043 2997 2204 3039 evan-

644 3076 839 3146 gelium
860 3075 1094 3138 exsistit,
1128 3075 1179 3128 in
1223 3088 1385 3142 quem
1416 3076 1644 3144 proinde
1685 3074 1816 3128 ﬁdes
1862 3084 2042 3129 nostra
2093 3087 2206 3130 ten-

2308 1983 2397 2030 τες
2433 1965 2637 2021 δικαιού
2647 1965 2812 2036 μεθα;

2692 2057 2786 2110 Ἐκ
2826 2055 2932 2124 τῆς
2971 2056 3119 2123 πρὸς
3157 2053 3485 2125 Ἐφεσίους.

2383 2195 2401 2227 ι
2424 2174 2511 2228 Ἐν
2535 2166 2579 2241 ᾧ
2605 2173 2933 2236 ἀκούσαντες
2975 2171 3070 2224 καὶ
3116 2173 3273 2241 ὑμεῖς
3297 2173 3387 2225 τὸν
3412 2169 3567 2238 λόγον
3595 2172 3694 2240 τῆς
3737 2171 3878 2241 ex"-

2309 2263 2475 2326 θείας,
2507 2262 2567 2316 τὸ
2599 2262 2912 2331 εὐαγγέλιον
2943 2263 3042 2331 τῆς
3072 2263 3341 2333 σωτηρίας
3375 2260 3549 2331 ὑμῶν,
3595 2259 3651 2313 ὲν
3692 2254 3735 2326 ᾧ
3778 2261 3877 2314 καὶ

2307 2352 2691 2415 πιστεύσαντες
2721 2351 3123 2422 ἐσφραγίσθητε
3152 2351 3231 2419 τῷ
3259 2352 3538 2421 Πνεύματι
3568 2350 3666 2420 τῆς
3705 2351 3879 2416 ἑπαγ-

2306 2444 2507 2512 γελίας,
2541 2443 2569 2494 ὃ
2598 2443 2705 2496 τῶν
2727 2441 2898 2508 ἁγίων
2921 2441 3068 2492 ἐστὶν
3094 2439 3351 2509 ἀρραϐὼν
3382 2443 3480 2510 τῆς
3507 2438 3877 2510 κληρονομίας

2307 2534 2573 2605 ἡμῶν,είς
2596 2531 2971 2599 ἀπολύτρωσιν
2991 2530 3090 2599 τῆς
3113 2531 3536 2599 περιποιήσεως,
3551 2532 3628 2592 είς
3652 2528 3878 2582 ἔπαινον

2306 2625 2465 2693 δόξης
2497 2623 2683 2678 αὐτοῦ,
2719 2643 2737 2673 ›
2775 2621 2951 2676 Πολλὰ
2997 2619 3137 2673 κατὰ
3179 2620 3342 2672 ταυτὸ
3373 2621 3432 2672 ὲν
3459 2622 3577 2682 ταῖς
3601 2619 3707 2672 τῶν
3733 2635 3877 2689 προ-

2307 2715 2575 2782 κειμένων
2600 2714 2830 2775 ἐννοίαις
2851 2711 3056 2782 κατίδοι
3077 2726 3162 2772 τις
3185 2709 3271 2774 ἂν,
3299 2709 3365 2762 δι’
3384 2703 3457 2765 ὧν
3483 2710 3656 2762 ἔνεστι
3683 2710 3877 2779 μαθεῖν

2304 2805 2385 2857 ὅτι
2406 2803 2539 2866 Θεὸς
2567 2801 2771 2872 ἀληθὴς
2794 2804 2822 2855 ό
2839 2800 3089 2871 Χριστὸς,
3113 2799 3206 2853 καὶ
3229 2798 3426 2871 ἡπαρὰ
3454 2799 3668 2852 πάντων
3692 2799 3876 2861 πίστις

2305 2896 2385 2958 εις
2414 2894 2574 2948 αὐτὸν
2604 2893 2703 2961 οὐχ
2724 2892 2798 2956 ὡς
2823 2893 2901 2954 είς
2929 2891 3025 2943 ἕνα
3059 2889 3167 2944 τῶν
3193 2890 3316 2944 καθ’
3342 2890 3488 2964 ἡμᾶς
3513 2889 3719 2954 ἁπλῶς,
3745 2889 3846 2942 ἀλλ
3865 2889 3879 2907 ’

2308 2988 2382 3048 ὼς
2416 2988 2495 3048 είς
2526 2985 2623 3038 ἕνα
2653 2983 2877 3055 Κύριον,
2907 2983 3001 3036 καὶ
3035 2982 3183 3046 Υίὸν,
3211 2982 3307 3036 καὶ
3338 2981 3488 3036 Θεόν.
3518 2981 3738 3061 ῌρῶτον
3776 2982 3878 3052 μὲν

2308 3076 2415 3147 γὰρ
2431 3077 2593 3139 αὐτός
2607 3077 2720 3128 ἐστι
2747 3074 2809 3127 τὸ
2839 3071 3159 3141 εὐαγγέλιον
3180 3074 3278 3139 τῆς
3307 3070 3605 3142 σωτηρίας,
3625 3071 3683 3122 ὲν
3713 3064 3758 3137 ᾧ
3780 3072 3880 3123 καὶ

641 3171 734 3223 dat
766 3176 1016 3235 tanquam
1045 3165 1098 3219 in
1134 3166 1300 3220 Deum
1335 3182 1346 3218 :
1387 3164 1728 3235 subiungitur
1761 3181 1882 3219 mox
1921 3166 2040 3220 lidei
2073 3183 2202 3236 quu-

2309 3170 2344 3237 ἠ
2371 3167 2574 3231 πίστις,
2605 3166 2680 3229 ὡς
2712 3167 2793 3229 εις
2822 3165 2952 3218 Θεὸν
2979 3162 3241 3232 δηλονότι.
3261 3161 3568 3216 Ἀκολουθεῖ
3604 3161 3660 3214 δὲ
3688 3160 3749 3213 τὸ
3777 3162 3880 3231 τῆς

644 3272 747 3325 que
773 3259 1072 3326 praemium,
1106 3268 1231 3327 puta
1277 3258 1650 3326 promissionis
1687 3256 1940 3324 Spiritus,
1979 3259 2069 3325 qui
2111 3274 2204 3312 uo-

644 3363 769 3402 Strae
805 3348 1130 3403 hzereditatis
1175 3347 1410 3404 arrhabo
1456 3357 1569 3404 est;
1617 3347 1847 3416 denique
1887 3349 1952 3400 ad
1992 3349 2202 3402 laudum

643 3438 826 3506 gloria:
856 3436 1054 3491 Christi
1101 3436 1359 3506 redempti
1410 3436 1774 3505 perhibemur.
1817 3436 2063 3493 Redemit
2109 3455 2205 3492 au-

645 3539 752 3581 tem
788 3542 884 3582 nos
914 3541 1017 3582 non
1047 3537 1105 3581 ut
1138 3527 1371 3597 vulgaris
1394 3528 1576 3592 homo,
1606 3528 1698 3582 sed
1746 3540 1803 3581 ut
1853 3529 1990 3582 Deus
2034 3530 2202 3583 nostri

642 3633 805 3674 causa
837 3621 1170 3673 incarnatus.
1208 3619 1288 3672 Ad
1323 3620 1466 3675 hunc
1493 3618 1633 3672 enim
1666 3619 1878 3672 modum
1912 3619 1963 3672 iu
1993 3619 2201 3680 laudem

643 3710 823 3776 gloriae
856 3708 998 3765 illius
1026 3710 1287 3766 cedimus.

718 3819 737 3851 ι
775 3798 943 3867 Hujus
993 3799 1067 3853 rei
1123 3799 1295 3869 gratia
1349 3812 1446 3867 ego
1493 3797 1689 3853 Paulus
1738 3800 1951 3853 vinctus
2002 3799 2202 3855 Christi

641 3889 765 3946 Jesu
798 3904 895 3958 pro
919 3890 1072 3943 vobis
1098 3887 1368 3957 gentibus,
1405 3887 1448 3943 si
1501 3898 1675 3942 tamen
1719 3888 1946 3942 audistis
1983 3889 2202 3957 dispen-

642 3983 904 4035 sationem
936 3977 1118 4047 gratiae
1163 3975 1278 4042 Dei,
1307 3993 1426 4046 quae
1473 3977 1593 4032 data
1629 3986 1711 4032 est
1745 3976 1874 4033 mihi
1924 3978 1976 4031 iu
2011 3979 2201 4033 vobis:

641 4069 892 4139 quoniam
934 4068 1228 4124 secundum
1268 4069 1648 4123 revelationem
1705 4077 1888 4122 notum
1944 4069 2072 4124 mihi
2119 4069 2200 4122 fa-

641 4172 788 4215 ctum
809 4169 890 4215 est
912 4168 1336 4223 sacramentum,
1359 4161 1501 4213 sicut
1527 4173 1689 4228 supra
1710 4157 1902 4226 scripsi
1934 4157 1987 4212 in
2013 4161 2161 4214 brevi
2184 4203 2196 4224 ,

642 4259 800 4317 prout
823 4251 1047 4319 putestis
1072 4248 1312 4318 legentes
1334 4248 1630 4318 intelligere
1657 4250 1994 4319 prudentiam
2025 4266 2198 4306 meam

641 4345 691 4393 in
725 4341 981 4411 mysterio
1020 4337 1218 4394 Christi
1238 4338 1304 4392 ⁵⁸.
1334 4358 1353 4391 ι
1391 4340 1504 4407 Qua
1546 4340 1826 4409 prudentia
1850 4381 1865 4407 ,
1900 4356 2075 4410 quave
2125 4342 2204 4396 di-

641 4433 764 4486 vina
794 4445 926 4500 Opus
956 4441 1072 4485 erat
1090 4431 1451 4500 patelactione
1477 4432 1541 4484 ad
1565 4433 1878 4500 mysterium
1911 4433 2013 4487 hoc
2041 4432 2201 4489 Chri-

2306 3258 2541 3319 πίστεως
2569 3257 2758 3328 γέρας,
2791 3255 3034 3309 τουτέστι
3062 3253 3122 3305 τὸ
3148 3251 3369 3321 Πνεῦμα
3394 3252 3493 3319 τῆς
3523 3251 3877 3319 ἐπαγγελίας,

2304 3347 2333 3397 ὁ
2361 3347 2457 3416 τῆς
2498 3347 2861 3416 κληρονομίας
2893 3345 3048 3420 ἡμῶν
3091 3341 3378 3415 ἀρραὁών“
3425 3341 3881 3412 ἑκλελυτρὼμεθα

2305 3439 2413 3507 γὰρ
2443 3439 2522 3501 είς
2552 3438 2771 3491 ἔπαινον
2817 3437 2974 3508 δόξης
3015 3433 3270 3505 Χριστοῦ.
3307 3434 3522 3488 Σέσωκε
3570 3433 3676 3504 γὰρ
3728 3435 3882 3503 ἡμᾶς

2304 3530 2401 3599 οὐχ
2430 3529 2505 3591 ὡς
2543 3530 2823 3600 ἄνθρωπος
2870 3529 3067 3592 κοινὸς,
3094 3527 3208 3582 ἀλλ’
3237 3526 3312 3589 ὡς
3343 3526 3476 3589 Θεὸς
3507 3528 3565 3578 ἐν
3596 3526 3758 3596 σαρκὶ
3792 3543 3882 3593 γε-

2304 3619 2476 3687 γονὼς
2507 3619 2572 3672 δι’
2599 3622 2763 3691 ἡμᾶς.
2789 3620 2944 3673 Οῦτω
2976 3618 3085 3691 γὰρ
3129 3620 3209 3683 είς
3245 3617 3466 3672 ἔπαινον
3500 3615 3736 3685 ἐσόμεθα
3777 3616 3880 3684 τῆς

2305 3711 2463 3781 δόξης
2489 3712 2677 3767 αὑτοῦ.

2383 3821 2400 3852 ι
2430 3802 2634 3856 Τούτου
2668 3803 2828 3873 χάριν
2858 3799 2969 3869 ἐγὼ
2991 3799 3204 3864 Παῦλος
3223 3800 3251 3854 ό
3277 3799 3495 3870 δέσμιος
3521 3797 3611 3851 τοῦ
3638 3796 3878 3867 Χριστοῦ

2317 3890 2490 3963 Ἰησοῦ
2523 3892 2662 3960 ὑπὲρ
2696 3891 2848 3962 ὑμῶν
2881 3891 2989 3944 τῶν
3027 3890 3218 3954 ὲθνῶν,
3266 3889 3319 3942 si
3364 3905 3428 3956 γε
3467 3888 3736 3956 ἠκούσατε
3775 3888 3882 3957 τὴν

2303 3984 2615 4053 οἰκονομίαν
2648 3985 2749 4052 τῆς
2781 3983 2998 4054 χάριτος
3029 3981 3125 4036 τοῦ
3165 3979 3299 4034 Θεοῦ
3343 3981 3445 4054 τῆς
3486 3979 3733 4048 δοθείσης
3782 3997 3880 4048 μοι

2303 4075 2382 4136 εἰς
2432 4074 2596 4143 ὑμᾶς,
2631 4073 2708 4126 ὃτι
2758 4073 2900 4126 κατὰ
2941 4069 3283 4140 ἀ⁴ποκάλυψιν
3329 4069 3631 4141 ἐγνωρίσθη
3687 4086 3777 4138 μοι
3816 4070 3881 4122 τὸ

2309 4165 2625 4235 μυστήριον,
2657 4163 2836 4227 καθὼς
2869 4162 3190 4234 προέγραψα
3217 4165 3276 4214 ἐν
3299 4161 3496 4230 ὀλίγῳ·
3528 4158 3662 4230 πρὸς
3709 4159 3735 4211 ὂ
3782 4159 3880 4212 δύ-

2305 4255 2466 4309 νασθε
2491 4258 2956 4323 ἀναγινωσκοντες
2987 4250 3176 4324 νόῆσαι
3207 4253 3304 4325 τὴν
3337 4251 3551 4307 σύνεσίν
3581 4269 3680 4325 μου
3711 4251 3769 4302 ὲν
3797 4250 3880 4320 τῷ

2309 4349 2587 4419 μυστηρίῳ
2628 4345 2720 4400 τοῦ
2760 4344 3021 4414 Χριστοῦ.
3053 4365 3070 4396 ι
3108 4345 3243 4398 Ποία
3275 4345 3538 4407 συνέσεως
3574 4342 3752 4413 χρεία,
3780 4343 3880 4394 καὶ

2306 4439 2694 4508 ἀποκαλύψεως
2716 4439 2814 4507 τῆς
2838 4437 2987 4511 παρὰ
3013 4436 3147 4490 Θεοῦ
3181 4437 3316 4506 πρὸς
3339 4437 3399 4488 τὸ
3429 4434 3793 4506 γνωρισθῆναι
3815 4433 3882 4484 τὸ

639 4526 706 4577 sti
737 4524 1195 4593 perspiciendum,
1227 4522 1517 4592 siquidem
1558 4537 1655 4591 per
1697 4538 1757 4577 se
1796 4524 1956 4579 homo
1996 4533 2198 4578 tantum

2309 4531 2603 4601 μυστήριον
2637 4527 2730 4581 τοῦ
2770 4526 3028 4598 Χριστοῦ,
3069 4527 3226 4599 εἴπερ
3269 4527 3418 4579 ἐστὶν
3463 4526 3743 4594 ἄνθρωπος
3775 4524 3883 4578 ίδι-

638 4624 740 4678 est,
770 4629 798 4667 a
831 4614 924 4668 Dei
963 4613 1135 4669 Verbo
1164 4615 1379 4668 omnino
1421 4611 1694 4679 seiunctus
1715 4652 1730 4677 ,
1765 4612 1905 4667 nuda
1946 4627 2201 4681 persona-

2303 4621 2434 4682 κῶς,
2475 4620 2569 4676 καὶ
2597 4618 2906 4689 ὀλοτρόπως
2934 4618 3339 4688 κεχωρισμένος
3377 4615 3468 4669 τοῦ
3502 4614 3633 4668 Θεοῦ
3673 4615 3880 4682 Λόγου,

642 4720 758 4758 rum
811 4705 1009 4758 unione
1053 4705 1476 4759 cohonestatus?
1522 4704 1659 4770 Quid
1712 4705 1853 4759 enim
1895 4705 2198 4759 abstrusum

2306 4709 2426 4780 ψιλῇ
2460 4708 2764 4781 προσώπων
2791 4707 2981 4761 ένώσει
3011 4697 3410 4777 τετιμημένοςξ
3437 4705 3501 4758 Τί
3531 4705 3637 4776 γὰρ
3669 4705 3784 4774 ἔχει
3816 4705 3882 4758 τὸ

645 4795 823 4860 habet,
857 4801 948 4848 aut
980 4809 1099 4863 quae
1127 4794 1406 4849 dillicultas
1443 4805 1525 4849 est
1562 4796 1628 4848 de
1667 4796 1872 4864 vulgari
1913 4796 2198 4863 qu0piam,

644 4886 919 4956 nostrique
950 4885 1109 4939 simili
1142 4887 1360 4940 homine
1392 4886 1688 4956 intelligere
1720 4889 1858 4955 quod
1895 4888 1963 4941 sit
2002 4886 2196 4940 homo?

642 4982 710 5032 At
732 4991 856 5032 vere
889 4976 1230 5046 profundum,
1262 4979 1528 5047 planeque
1576 4993 1823 5047 magnum
1872 4987 1951 5032 est
1988 4979 2088 5032 hoc
2116 4994 2201 5032 sa--

643 5077 998 5134 cramentum,
1037 5070 1081 5122 si
1119 5067 1255 5122 Deus
1294 5067 1526 5122 Verbum
1575 5069 1731 5124 nobis
1779 5068 1953 5127 simile
2002 5068 2197 5122 factum

642 5168 887 5228 ponatur.
943 5157 1076 5212 Cum
1128 5159 1290 5227 igitur
1343 5158 1542 5211 eximia
1602 5159 1797 5212 mentis
1850 5158 2200 5226 intelligentia

641 5251 836 5315 ornati,
869 5249 1156 5316 divinaque
1205 5248 1529 5301 rerelatione
1566 5247 1816 5301 illustrati
1842 5286 1856 5312 ,
1889 5250 2199 5317 mysterium

639 5340 835 5394 Christi
904 5340 1065 5393 veluti
1115 5339 1351 5391 divinum
1406 5338 1672 5406 quoddam
1739 5347 2000 5391 secretmn
2052 5339 2202 5391 nobis

643 5432 983 5493 tradiderint,
1043 5430 1279 5497 fidesque
1339 5430 1390 5480 in
1439 5428 1585 5479 illum
1625 5437 1877 5493 tanquam
1929 5428 1979 5479 in
2034 5428 2199 5480 Deum

641 5524 840 5584 tendat,
877 5523 1144 5590 quomodo
1169 5520 1412 5575 Christus
1440 5535 1540 5572 non
1569 5529 1649 5573 est
1675 5519 1844 5574 Deus?

713 5613 866 5682 123
884 5616 1034 5666 Aliud
1068 5615 1190 5665 huic
1208 5612 1400 5676 simile,
1421 5622 1474 5663 et
1491 5613 1729 5665 eamdem
1752 5613 1955 5665 habens
1983 5622 2198 5668 sentem

2308 4800 2710 4869 κεκρυμμένον.
2742 4799 2775 4867 ἢ
2810 4801 2961 4852 ποῖον
2986 4797 3122 4860 ὅλως
3147 4798 3206 4850 τὸ
3254 4796 3534 4866 δυσχερὲς,
3569 4795 3631 4848 τὸ
3680 4798 3882 4866 νοῆσαι

2306 4890 2465 4959 τυχὸν
2499 4891 2626 4960 περὶ
2657 4889 2775 4952 ἑνὸς
2820 4889 2913 4943 τοῦ
2963 4887 3085 4944 καθ’
3119 4888 3265 4958 ἡμᾶς
3311 4885 3619 4958 ἀνθρώπου,
3652 4886 3733 4939 ὅτι
3787 4887 3884 4940 ἇν-

2308 4979 2520 5052 Ορωπός
2544 4983 2692 5047 sort;
2718 4979 2862 5033 Βαθὺ
2888 4979 2945 5033 δὲ
2965 4980 3059 5032 καὶ
3087 4980 3229 5048 μέγα
3248 4978 3307 5030 τὸ
3335 4979 3653 5048 μυστήριον,
3679 4978 3726 5029 εί
3749 4976 3880 5029 καθ’

2306 5073 2449 5142 ἡμᾶς
2479 5071 2727 5138 γενέσθαι
2771 5070 2983 5137 λέγοιτο
3023 5069 3155 5132 Θεὸς
3198 5070 3457 5140 ὑπάρχων
3486 5070 3514 5121 ὁ
3541 5068 3883 5136 Δόγος.”οτε

2307 5165 2482 5216 τοίνυν
2517 5165 2564 5215 οἱ
2597 5163 2777 5230 βαθεῖς
2803 5164 2882 5226 είς
2911 5162 3147 5226 σύνεσιν,
3177 5161 3268 5213 καὶ
3303 5161 3399 5230 τὴν
3420 5158 3566 5211 θείαν
3593 5157 3880 5211 ἀποκάλυ-

2303 5255 2394 5323 ψιν
2431 5255 2740 5324 ἐσχηκότες,
2775 5254 2849 5316 ὼς
2882 5253 3024 5306 θεῖον
3052 5256 3182 5322 ἡμῖν
3216 5253 3511 5320 μυστήριον
3557 5248 3882 5319 παραδεδώ-

2307 5363 2431 5397 κασι
2465 5347 2523 5396 τὸ
2556 5344 2791 5415 Χριστοῦ
2821 5347 3139 5415 μυστήριον,
3182 5343 3274 5395 καὶ
3307 5344 3384 5404 είς
3418 5341 3577 5395 αὑτὸν
3605 5342 3638 5409 ἡ
3667 5340 3876 5405 πίστις,

2305 5439 2377 5499 ὡς
2409 5439 2485 5499 εἰς
2513 5436 2642 5490 Θεὸν
2662 5437 2921 5506 δηλονότι·
2955 5437 3069 5498 πῶς
3098 5437 3194 5487 οὐκ
3230 5435 3294 5487 ἂν
3318 5437 3401 5502 εἴη
3427 5433 3589 5496 Θεός;

2367 5614 2536 5665 ,Ἄλλο
2567 5613 2736 5681 τούτῳ
2767 5614 3101 5682 προσεοικὸς,
3137 5613 3230 5665 καὶ
3267 5612 3364 5682 τὴν
3409 5611 3577 5679 αὐτὴν
3602 5609 3722 5681 ἔχον
3750 5611 3873 5665 διὰ-

709 5764 754 5795 ⁵⁵
780 5765 952 5821 Galat.
983 5784 1040 5829 il,
1070 5765 1151 5817 16.
1229 5767 1275 5795 ⁸⁸
1300 5766 1453 5816 llum.
1492 5780 1563 5827 tv,
1590 5766 1638 5817 ὖ.
1713 5765 1754 5794 ⁸⁷
1777 5765 1973 5831 Ephes.
2014 5782 2048 5826 ι,
2089 5767 2175 5843 15,

2375 5767 2417 5795 ³η
2441 5767 2634 5832 Ephe's.
2673 5782 2751 5832 ιιι,
2784 5767 2896 5820 ιιι.
