  <div class='ocr_page' id='page_1' title='image "/cluster/home/n/w/nwhite01/storage/ocr_20150623/76/pst.000005712755/692.png"; bbox 0 0 4092 6334; ppageno 0'>
   <div class='ocr_carea' id='block_1_1' title="bbox 214 378 339 430">
    <p class='ocr_par' dir='ltr' id='par_1_1' title="bbox 214 378 339 430">
     <span class='ocr_line' id='line_1_1' title="bbox 214 378 339 430; baseline -0.04 0"><span class='ocrx_word' id='word_1_1' title='bbox 214 380 232 430; x_wconf 77' lang='grc'><strong>1</strong></span> <span class='ocrx_word' id='word_1_2' title='bbox 243 378 339 429; x_wconf 71' lang='lat'>329</span> 
     </span>
    </p>
   </div>
   <div class='ocr_carea' id='block_1_2' title="bbox 1288 372 2318 432">
    <p class='ocr_par' dir='ltr' id='par_1_2' title="bbox 1288 372 2318 432">
     <span class='ocr_line' id='line_1_2' title="bbox 1288 372 2318 432; baseline 0.002 -3"><span class='ocrx_word' id='word_1_3' title='bbox 1288 377 1375 431; x_wconf 85' lang='lat' dir='ltr'><strong>DE</strong></span> <span class='ocrx_word' id='word_1_4' title='bbox 1418 373 1638 431; x_wconf 73' lang='lat' dir='ltr'><strong>liECTA</strong></span> <span class='ocrx_word' id='word_1_5' title='bbox 1683 372 1833 429; x_wconf 81' lang='lat' dir='ltr'><strong>FIDE</strong></span> <span class='ocrx_word' id='word_1_6' title='bbox 1872 375 1961 429; x_wconf 83' lang='lat' dir='ltr'><strong>AD</strong></span> <span class='ocrx_word' id='word_1_7' title='bbox 2002 376 2318 432; x_wconf 75' lang='lat' dir='ltr'><strong>REGINAS.</strong></span> 
     </span>
    </p>
   </div>
   <div class='ocr_carea' id='block_1_3' title="bbox 3299 378 3437 434">
    <p class='ocr_par' dir='ltr' id='par_1_3' title="bbox 3299 378 3437 434">
     <span class='ocr_line' id='line_1_3' title="bbox 3299 378 3437 434; baseline 0.014 -1"><span class='ocrx_word' id='word_1_8' title='bbox 3299 378 3437 434; x_wconf 71' lang='grc'><strong>1550</strong></span> 
     </span>
    </p>
   </div>
   <div class='ocr_carea' id='block_1_4' title="bbox 213 494 1777 568">
    <p class='ocr_par' dir='ltr' id='par_1_4' title="bbox 213 495 1770 566">
     <span class='ocr_line' id='line_1_4' title="bbox 213 495 1770 566; baseline 0 -19"><span class='ocrx_word' id='word_1_9' title='bbox 213 513 369 549; x_wconf 79' lang='grc' dir='ltr'><strong>νοιαν’</strong></span> <span class='ocrx_word' id='word_1_10' title='bbox 416 514 433 546; x_wconf 78' lang='grc' dir='ltr'><strong>ι</strong></span> <span class='ocrx_word' id='word_1_11' title='bbox 459 497 613 566; x_wconf 77' lang='grc' dir='ltr'><strong>Ἐμοὶ</strong></span> <span class='ocrx_word' id='word_1_12' title='bbox 644 495 722 566; x_wconf 82' lang='grc' dir='ltr'><strong>τῷ</strong></span> <span class='ocrx_word' id='word_1_13' title='bbox 765 497 1161 566; x_wconf 76' lang='grc' dir='ltr'><strong>ἐλαχιστοτέρῳ</strong></span> <span class='ocrx_word' id='word_1_14' title='bbox 1209 496 1425 549; x_wconf 84' lang='grc' dir='ltr'><strong>πάντων</strong></span> <span class='ocrx_word' id='word_1_15' title='bbox 1465 499 1572 550; x_wconf 83' lang='grc' dir='ltr'><strong>τῶν</strong></span> <span class='ocrx_word' id='word_1_16' title='bbox 1602 496 1770 563; x_wconf 82' lang='grc' dir='ltr'><strong>ἁγίων</strong></span> 
     </span>
    </p>
   </div>
   <div class='ocr_carea' id='block_1_5' title="bbox 1879 494 3433 568">
    <p class='ocr_par' dir='ltr' id='par_1_5' title="bbox 1879 494 3433 568">
     <span class='ocr_line' id='line_1_5' title="bbox 1879 494 3433 568; baseline 0.002 -18"><span class='ocrx_word' id='word_1_17' title='bbox 1879 497 2021 550; x_wconf 87' lang='lat' dir='ltr'><strong>tiam:</strong></span> <span class='ocrx_word' id='word_1_18' title='bbox 2035 497 2189 551; x_wconf 67' lang='lat' dir='ltr'><strong>«Mihi</strong></span> <span class='ocrx_word' id='word_1_19' title='bbox 2207 497 2445 550; x_wconf 88' lang='lat' dir='ltr'><strong>omnium</strong></span> <span class='ocrx_word' id='word_1_20' title='bbox 2463 502 2769 549; x_wconf 87' lang='lat' dir='ltr'><strong>sanctorum</strong></span> <span class='ocrx_word' id='word_1_21' title='bbox 2791 494 3012 550; x_wconf 78' lang='lat' dir='ltr'><strong>minimo</strong></span> <span class='ocrx_word' id='word_1_22' title='bbox 3026 496 3150 550; x_wconf 84' lang='lat' dir='ltr'><strong>data</strong></span> <span class='ocrx_word' id='word_1_23' title='bbox 3165 505 3247 553; x_wconf 84' lang='lat' dir='ltr'><strong>est</strong></span> <span class='ocrx_word' id='word_1_24' title='bbox 3263 500 3433 568; x_wconf 81' lang='lat' dir='ltr'><strong>gratia</strong></span> 
     </span>
    </p>
   </div>
   <div class='ocr_carea' id='block_1_6' title="bbox 212 585 1771 658">
    <p class='ocr_par' dir='ltr' id='par_1_6' title="bbox 212 585 1771 658">
     <span class='ocr_line' id='line_1_6' title="bbox 212 585 1771 658; baseline -0.001 -19"><span class='ocrx_word' id='word_1_25' title='bbox 212 588 356 657; x_wconf 76' lang='grc' dir='ltr'><strong>ὲδόθη</strong></span> <span class='ocrx_word' id='word_1_26' title='bbox 389 590 421 656; x_wconf 83' lang='grc' dir='ltr'>ἡ</span> <span class='ocrx_word' id='word_1_27' title='bbox 449 589 610 658; x_wconf 82' lang='grc' dir='ltr'><strong>χάρις</strong></span> <span class='ocrx_word' id='word_1_28' title='bbox 638 587 798 657; x_wconf 77' lang='grc' dir='ltr'><strong>αὕτη,</strong></span> <span class='ocrx_word' id='word_1_29' title='bbox 836 590 892 640; x_wconf 80' lang='grc' dir='ltr'><strong>ὲν</strong></span> <span class='ocrx_word' id='word_1_30' title='bbox 929 589 1041 649; x_wconf 85' lang='grc' dir='ltr'><strong>τοῖς</strong></span> <span class='ocrx_word' id='word_1_31' title='bbox 1083 586 1290 639; x_wconf 79' lang='grc' dir='ltr'>ἔθνεσιν</span> <span class='ocrx_word' id='word_1_32' title='bbox 1318 585 1771 655; x_wconf 84' lang='grc' dir='ltr'><strong>εὐαγγελίσασθαι</strong></span> 
     </span>
    </p>
   </div>
   <div class='ocr_carea' id='block_1_7' title="bbox 212 676 1768 748">
    <p class='ocr_par' dir='ltr' id='par_1_7' title="bbox 212 676 1768 748">
     <span class='ocr_line' id='line_1_7' title="bbox 212 676 1768 748; baseline -0.001 -19"><span class='ocrx_word' id='word_1_33' title='bbox 212 680 293 730; x_wconf 82' lang='grc' dir='ltr'><strong>τὸν</strong></span> <span class='ocrx_word' id='word_1_34' title='bbox 319 678 724 748; x_wconf 74' lang='grc' dir='ltr'><strong>ἀνεξιχνίαστον</strong></span> <span class='ocrx_word' id='word_1_35' title='bbox 755 678 985 732; x_wconf 83' lang='grc' dir='ltr'><strong>πλοῦτον</strong></span> <span class='ocrx_word' id='word_1_36' title='bbox 1007 676 1100 730; x_wconf 90' lang='grc' dir='ltr'><strong>τοῦ</strong></span> <span class='ocrx_word' id='word_1_37' title='bbox 1125 677 1381 746; x_wconf 80' lang='grc' dir='ltr'><strong>Χριστοῦ,</strong></span> <span class='ocrx_word' id='word_1_38' title='bbox 1409 678 1502 731; x_wconf 75' lang='grc' dir='ltr'><strong>καὶ</strong></span> <span class='ocrx_word' id='word_1_39' title='bbox 1537 676 1768 745; x_wconf 76' lang='grc' dir='ltr'><strong>φωτίσαι</strong></span> 
     </span>
    </p>
   </div>
   <div class='ocr_carea' id='block_1_8' title="bbox 216 767 1773 840">
    <p class='ocr_par' dir='ltr' id='par_1_8' title="bbox 216 767 1773 840">
     <span class='ocr_line' id='line_1_8' title="bbox 216 767 1773 840; baseline -0.002 -18"><span class='ocrx_word' id='word_1_40' title='bbox 216 770 438 831; x_wconf 84' lang='grc' dir='ltr'><strong>πάντας,</strong></span> <span class='ocrx_word' id='word_1_41' title='bbox 465 770 549 833; x_wconf 84' lang='grc' dir='ltr'><strong>τίς</strong></span> <span class='ocrx_word' id='word_1_42' title='bbox 580 771 612 840; x_wconf 82' lang='grc' dir='ltr'><strong>ἡ</strong></span> <span class='ocrx_word' id='word_1_43' title='bbox 644 770 923 839; x_wconf 73' lang='grc' dir='ltr'><strong>οἰκονομία</strong></span> <span class='ocrx_word' id='word_1_44' title='bbox 968 767 1263 837; x_wconf 81' lang='grc' dir='ltr'><strong>μυστηρίου</strong></span> <span class='ocrx_word' id='word_1_45' title='bbox 1296 768 1390 821; x_wconf 90' lang='grc' dir='ltr'><strong>τοῦ</strong></span> <span class='ocrx_word' id='word_1_46' title='bbox 1420 770 1773 838; x_wconf 63' lang='grc' dir='ltr'><strong>ἀποκεκρυμδ</strong></span> 
     </span>
    </p>
   </div>
   <div class='ocr_carea' id='block_1_9' title="bbox 218 855 1776 927">
    <p class='ocr_par' dir='ltr' id='par_1_9' title="bbox 218 855 1776 927">
     <span class='ocr_line' id='line_1_9' title="bbox 218 855 1776 927; baseline 0.001 -18"><span class='ocrx_word' id='word_1_47' title='bbox 218 858 367 925; x_wconf 83' lang='grc' dir='ltr'><strong>μένου</strong></span> <span class='ocrx_word' id='word_1_48' title='bbox 396 858 505 910; x_wconf 75' lang='grc' dir='ltr'><strong>ἀπὸ</strong></span> <span class='ocrx_word' id='word_1_49' title='bbox 532 857 640 911; x_wconf 82' lang='grc' dir='ltr'><strong>τῶν</strong></span> <span class='ocrx_word' id='word_1_50' title='bbox 662 857 872 912; x_wconf 71' lang='grc' dir='ltr'><strong>αἰώνων</strong></span> <span class='ocrx_word' id='word_1_51' title='bbox 901 858 958 909; x_wconf 71' lang='grc' dir='ltr'><strong>ιν</strong></span> <span class='ocrx_word' id='word_1_52' title='bbox 981 856 1058 926; x_wconf 82' lang='grc' dir='ltr'><strong>τῷ</strong></span> <span class='ocrx_word' id='word_1_53' title='bbox 1089 855 1227 926; x_wconf 80' lang='grc' dir='ltr'><strong>Θεῷ,</strong></span> <span class='ocrx_word' id='word_1_54' title='bbox 1257 855 1336 927; x_wconf 82' lang='grc' dir='ltr'><strong>τῷ</strong></span> <span class='ocrx_word' id='word_1_55' title='bbox 1361 856 1429 910; x_wconf 84' lang='grc' dir='ltr'><strong>τὰ</strong></span> <span class='ocrx_word' id='word_1_56' title='bbox 1456 857 1632 911; x_wconf 82' lang='grc' dir='ltr'><strong>πάντα</strong></span> <span class='ocrx_word' id='word_1_57' title='bbox 1658 857 1776 910; x_wconf 85' lang='grc' dir='ltr'><strong>κτί-</strong></span> 
     </span>
    </p>
   </div>
   <div class='ocr_carea' id='block_1_10' title="bbox 218 963 431 999">
    <p class='ocr_par' dir='ltr' id='par_1_10' title="bbox 218 963 431 999">
     <span class='ocr_line' id='line_1_10' title="bbox 218 963 431 999; baseline -0.005 -2"><span class='ocrx_word' id='word_1_58' title='bbox 218 963 383 999; x_wconf 83' lang='grc' dir='ltr'><strong>σαντι.</strong></span> <span class='ocrx_word' id='word_1_59' title='bbox 412 964 431 996; x_wconf 71' lang='grc' dir='ltr'><strong>Ι</strong></span> 
     </span>
    </p>
   </div>
   <div class='ocr_carea' id='block_1_11' title="bbox 287 1034 1773 1107">
    <p class='ocr_par' dir='ltr' id='par_1_11' title="bbox 287 1034 1773 1107">
     <span class='ocr_line' id='line_1_11' title="bbox 287 1034 1773 1107; baseline 0.001 -19"><span class='ocrx_word' id='word_1_60' title='bbox 287 1058 305 1088; x_wconf 79' lang='grc' dir='ltr'><strong>ι</strong></span> <span class='ocrx_word' id='word_1_61' title='bbox 334 1039 399 1089; x_wconf 87' lang='grc' dir='ltr'><strong>Οί</strong></span> <span class='ocrx_word' id='word_1_62' title='bbox 423 1037 636 1106; x_wconf 73' lang='grc' dir='ltr'><strong>ἄνδρες,</strong></span> <span class='ocrx_word' id='word_1_63' title='bbox 666 1034 849 1107; x_wconf 79' lang='grc' dir='ltr'><strong>φησὶν,</strong></span> <span class='ocrx_word' id='word_1_64' title='bbox 873 1037 1123 1103; x_wconf 75' lang='grc' dir='ltr'><strong>ἀγαπᾶτε</strong></span> <span class='ocrx_word' id='word_1_65' title='bbox 1152 1035 1253 1099; x_wconf 81' lang='grc' dir='ltr'><strong>τὰς</strong></span> <span class='ocrx_word' id='word_1_66' title='bbox 1288 1040 1568 1105; x_wconf 80' lang='grc' dir='ltr'><strong>γυναῖκας,</strong></span> <span class='ocrx_word' id='word_1_67' title='bbox 1593 1034 1773 1100; x_wconf 83' lang='grc' dir='ltr'><strong>καθὼς</strong></span> 
     </span>
    </p>
   </div>
   <div class='ocr_carea' id='block_1_12' title="bbox 218 1125 1776 1196">
    <p class='ocr_par' dir='ltr' id='par_1_12' title="bbox 218 1125 1776 1196">
     <span class='ocr_line' id='line_1_12' title="bbox 218 1125 1776 1196; baseline 0.001 -17"><span class='ocrx_word' id='word_1_68' title='bbox 218 1128 303 1179; x_wconf 75' lang='grc' dir='ltr'><strong>καὶ</strong></span> <span class='ocrx_word' id='word_1_69' title='bbox 325 1128 353 1180; x_wconf 80' lang='grc' dir='ltr'><strong>ὁ</strong></span> <span class='ocrx_word' id='word_1_70' title='bbox 388 1126 621 1196; x_wconf 70' lang='grc' dir='ltr'><strong>Χριστὸς</strong></span> <span class='ocrx_word' id='word_1_71' title='bbox 650 1126 901 1195; x_wconf 81' lang='grc' dir='ltr'><strong>ὴγάπησε</strong></span> <span class='ocrx_word' id='word_1_72' title='bbox 934 1125 1031 1196; x_wconf 83' lang='grc' dir='ltr'><strong>τὴν</strong></span> <span class='ocrx_word' id='word_1_73' title='bbox 1071 1125 1417 1196; x_wconf 81' lang='grc' dir='ltr'><strong>Ἐκκλησίαν,</strong></span> <span class='ocrx_word' id='word_1_74' title='bbox 1453 1127 1545 1179; x_wconf 80' lang='grc' dir='ltr'><strong>καὶ</strong></span> <span class='ocrx_word' id='word_1_75' title='bbox 1586 1126 1776 1180; x_wconf 76' lang='grc' dir='ltr'><strong>ἑαυτὸν</strong></span> 
     </span>
    </p>
   </div>
   <div class='ocr_carea' id='block_1_13' title="bbox 217 1214 1776 1287">
    <p class='ocr_par' dir='ltr' id='par_1_13' title="bbox 217 1214 1776 1287">
     <span class='ocr_line' id='line_1_13' title="bbox 217 1214 1776 1287; baseline 0.001 -20"><span class='ocrx_word' id='word_1_76' title='bbox 217 1216 528 1286; x_wconf 78' lang='grc' dir='ltr'><strong>παρέδωκεν</strong></span> <span class='ocrx_word' id='word_1_77' title='bbox 574 1216 712 1285; x_wconf 74' lang='grc' dir='ltr'><strong>ὑπὲρ</strong></span> <span class='ocrx_word' id='word_1_78' title='bbox 744 1214 940 1284; x_wconf 82' lang='grc' dir='ltr'><strong>αὐτῆς,</strong></span> <span class='ocrx_word' id='word_1_79' title='bbox 973 1215 1061 1268; x_wconf 73' lang='grc' dir='ltr'><strong>ἵνα</strong></span> <span class='ocrx_word' id='word_1_80' title='bbox 1096 1216 1264 1284; x_wconf 77' lang='grc' dir='ltr'><strong>αὐτὴν</strong></span> <span class='ocrx_word' id='word_1_81' title='bbox 1296 1217 1521 1287; x_wconf 79' lang='grc' dir='ltr'><strong>ἁγιάσῃ,</strong></span> <span class='ocrx_word' id='word_1_82' title='bbox 1550 1216 1776 1287; x_wconf 84' lang='grc' dir='ltr'><strong>καθαρί-</strong></span> 
     </span>
    </p>
   </div>
   <div class='ocr_carea' id='block_1_14' title="bbox 218 1303 1777 1377">
    <p class='ocr_par' dir='ltr' id='par_1_14' title="bbox 218 1303 1777 1377">
     <span class='ocr_line' id='line_1_14' title="bbox 218 1303 1777 1377; baseline 0.003 -22"><span class='ocrx_word' id='word_1_83' title='bbox 218 1321 310 1367; x_wconf 84' lang='grc' dir='ltr'><strong>σας</strong></span> <span class='ocrx_word' id='word_1_84' title='bbox 352 1303 435 1372; x_wconf 82' lang='grc' dir='ltr'><strong>τῷ</strong></span> <span class='ocrx_word' id='word_1_85' title='bbox 479 1303 688 1373; x_wconf 85' lang='grc' dir='ltr'><strong>λουτρῷ</strong></span> <span class='ocrx_word' id='word_1_86' title='bbox 725 1304 821 1357; x_wconf 86' lang='grc' dir='ltr'><strong>τοῦ</strong></span> <span class='ocrx_word' id='word_1_87' title='bbox 859 1303 1048 1367; x_wconf 78' lang='grc' dir='ltr'><strong>ὓδατος</strong></span> <span class='ocrx_word' id='word_1_88' title='bbox 1073 1307 1129 1357; x_wconf 77' lang='grc' dir='ltr'><strong>έν</strong></span> <span class='ocrx_word' id='word_1_89' title='bbox 1162 1306 1385 1375; x_wconf 77' lang='grc' dir='ltr'><strong>ῥήματι.</strong></span> <span class='ocrx_word' id='word_1_90' title='bbox 1419 1325 1436 1356; x_wconf 79' lang='grc' dir='ltr'><strong>ι</strong></span> <span class='ocrx_word' id='word_1_91' title='bbox 1474 1308 1633 1359; x_wconf 83' lang='grc' dir='ltr'><strong>Ποῖον</strong></span> <span class='ocrx_word' id='word_1_92' title='bbox 1669 1308 1777 1377; x_wconf 76' lang='grc' dir='ltr'><strong>ἄρα</strong></span> 
     </span>
    </p>
   </div>
   <div class='ocr_carea' id='block_1_15' title="bbox 218 1388 1778 1465">
    <p class='ocr_par' dir='ltr' id='par_1_15' title="bbox 218 1388 1778 1465">
     <span class='ocr_line' id='line_1_15' title="bbox 218 1388 1778 1465; baseline 0.003 -19"><span class='ocrx_word' id='word_1_93' title='bbox 218 1396 326 1446; x_wconf 76' lang='grc' dir='ltr'><strong>ἐστὶ</strong></span> <span class='ocrx_word' id='word_1_94' title='bbox 367 1395 430 1447; x_wconf 89' lang='grc' dir='ltr'><strong>τὸ</strong></span> <span class='ocrx_word' id='word_1_95' title='bbox 467 1395 619 1464; x_wconf 78' lang='grc' dir='ltr'><strong>ῥῆμα</strong></span> <span class='ocrx_word' id='word_1_96' title='bbox 648 1397 706 1446; x_wconf 81' lang='grc' dir='ltr'><strong>ὲν</strong></span> <span class='ocrx_word' id='word_1_97' title='bbox 737 1388 780 1462; x_wconf 80' lang='grc' dir='ltr'><strong>ᾧ</strong></span> <span class='ocrx_word' id='word_1_98' title='bbox 810 1395 1217 1465; x_wconf 82' lang='grc' dir='ltr'><strong>κεκαθάρμεθα,</strong></span> <span class='ocrx_word' id='word_1_99' title='bbox 1254 1396 1683 1465; x_wconf 68' lang='grc' dir='ltr'><strong>ἀπολουσάμενος.</strong></span> <span class='ocrx_word' id='word_1_100' title='bbox 1716 1397 1778 1450; x_wconf 87' lang='grc' dir='ltr'><strong>τὸ</strong></span> 
     </span>
    </p>
   </div>
   <div class='ocr_carea' id='block_1_16' title="bbox 220 1483 1776 1558">
    <p class='ocr_par' dir='ltr' id='par_1_16' title="bbox 220 1483 1776 1558">
     <span class='ocr_line' id='line_1_16' title="bbox 220 1483 1776 1558; baseline 0.004 -23"><span class='ocrx_word' id='word_1_101' title='bbox 220 1485 373 1553; x_wconf 79' lang='grc' dir='ltr'><strong>σῶμα</strong></span> <span class='ocrx_word' id='word_1_102' title='bbox 397 1483 548 1536; x_wconf 81' lang='grc' dir='ltr'><strong>ὕδατι</strong></span> <span class='ocrx_word' id='word_1_103' title='bbox 578 1484 824 1553; x_wconf 83' lang='grc' dir='ltr'><strong>καθαρῷ,</strong></span> <span class='ocrx_word' id='word_1_104' title='bbox 858 1486 889 1554; x_wconf 84' lang='grc' dir='ltr'>ἢ</span> <span class='ocrx_word' id='word_1_105' title='bbox 913 1486 1131 1548; x_wconf 78' lang='grc' dir='ltr'><strong>πάντως</strong></span> <span class='ocrx_word' id='word_1_106' title='bbox 1159 1486 1350 1549; x_wconf 81' lang='grc' dir='ltr'><strong>ὲκεῖνο,</strong></span> <span class='ocrx_word' id='word_1_107' title='bbox 1375 1488 1501 1555; x_wconf 76' lang='grc' dir='ltr'><strong>περὶ</strong></span> <span class='ocrx_word' id='word_1_108' title='bbox 1526 1483 1587 1541; x_wconf 77' lang='grc' dir='ltr'>οὗ</span> <span class='ocrx_word' id='word_1_109' title='bbox 1615 1505 1776 1558; x_wconf 86' lang='grc' dir='ltr'><strong>φησιν</strong></span> 
     </span>
    </p>
   </div>
   <div class='ocr_carea' id='block_1_17' title="bbox 216 1576 1777 1651">
    <p class='ocr_par' dir='ltr' id='par_1_17' title="bbox 216 1576 1777 1651">
     <span class='ocr_line' id='line_1_17' title="bbox 216 1576 1777 1651; baseline 0.004 -24"><span class='ocrx_word' id='word_1_110' title='bbox 216 1579 241 1627; x_wconf 77' lang='grc' dir='ltr'>ὁ</span> <span class='ocrx_word' id='word_1_111' title='bbox 269 1577 555 1639; x_wconf 80' lang='grc' dir='ltr'><strong>θεσπέσιος</strong></span> <span class='ocrx_word' id='word_1_112' title='bbox 589 1576 822 1639; x_wconf 83' lang='grc' dir='ltr'><strong>Παῦλος,</strong></span> <span class='ocrx_word' id='word_1_113' title='bbox 854 1577 935 1629; x_wconf 82' lang='grc' dir='ltr'><strong>ὅτι</strong></span> <span class='ocrx_word' id='word_1_114' title='bbox 969 1595 988 1628; x_wconf 76' lang='grc' dir='ltr'><strong>ι</strong></span> <span class='ocrx_word' id='word_1_115' title='bbox 1018 1576 1188 1629; x_wconf 85' lang='grc' dir='ltr'><strong>Τοῦτό</strong></span> <span class='ocrx_word' id='word_1_116' title='bbox 1230 1579 1346 1630; x_wconf 67' lang='grc' dir='ltr'><strong>ἐστι</strong></span> <span class='ocrx_word' id='word_1_117' title='bbox 1390 1577 1451 1630; x_wconf 86' lang='grc' dir='ltr'><strong>τὸ</strong></span> <span class='ocrx_word' id='word_1_118' title='bbox 1498 1580 1648 1649; x_wconf 80' lang='grc' dir='ltr'><strong>ῥῆμα</strong></span> <span class='ocrx_word' id='word_1_119' title='bbox 1678 1582 1777 1651; x_wconf 81' lang='grc' dir='ltr'><strong>τῆς</strong></span> 
     </span>
    </p>
   </div>
   <div class='ocr_carea' id='block_1_18' title="bbox 220 1663 1778 1741">
    <p class='ocr_par' dir='ltr' id='par_1_18' title="bbox 220 1663 1778 1741">
     <span class='ocr_line' id='line_1_18' title="bbox 220 1663 1778 1741; baseline 0.004 -25"><span class='ocrx_word' id='word_1_120' title='bbox 220 1663 449 1729; x_wconf 76' lang='grc' dir='ltr'><strong>πίστεως</strong></span> <span class='ocrx_word' id='word_1_121' title='bbox 490 1663 520 1718; x_wconf 79' lang='grc' dir='ltr'><strong>θ</strong></span> <span class='ocrx_word' id='word_1_122' title='bbox 562 1666 935 1735; x_wconf 87' lang='grc' dir='ltr'><strong>κηρύσσομεν,</strong></span> <span class='ocrx_word' id='word_1_123' title='bbox 972 1668 1053 1719; x_wconf 83' lang='grc' dir='ltr'><strong>ὅτι</strong></span> <span class='ocrx_word' id='word_1_124' title='bbox 1101 1667 1195 1720; x_wconf 73' lang='grc' dir='ltr'><strong>ἐὰν</strong></span> <span class='ocrx_word' id='word_1_125' title='bbox 1240 1666 1579 1740; x_wconf 70' lang='grc' dir='ltr'><strong>ὁμολογήσῃς</strong></span> <span class='ocrx_word' id='word_1_126' title='bbox 1614 1671 1671 1722; x_wconf 86' lang='grc' dir='ltr'><strong>ὲν</strong></span> <span class='ocrx_word' id='word_1_127' title='bbox 1700 1670 1778 1741; x_wconf 85' lang='grc' dir='ltr'><strong>τῷ</strong></span> 
     </span>
    </p>
   </div>
   <div class='ocr_carea' id='block_1_19' title="bbox 221 1756 1778 1833">
    <p class='ocr_par' dir='ltr' id='par_1_19' title="bbox 221 1756 1778 1833">
     <span class='ocr_line' id='line_1_19' title="bbox 221 1756 1778 1833; baseline 0.004 -27"><span class='ocrx_word' id='word_1_128' title='bbox 221 1756 444 1824; x_wconf 82' lang='grc' dir='ltr'><strong>στόματί</strong></span> <span class='ocrx_word' id='word_1_129' title='bbox 476 1774 567 1808; x_wconf 89' lang='grc' dir='ltr'><strong>σου</strong></span> <span class='ocrx_word' id='word_1_130' title='bbox 594 1757 796 1827; x_wconf 79' lang='grc' dir='ltr'><strong>Κύριον</strong></span> <span class='ocrx_word' id='word_1_131' title='bbox 830 1757 1033 1826; x_wconf 85' lang='grc' dir='ltr'><strong>Ἰησοῦν</strong></span> <span class='ocrx_word' id='word_1_132' title='bbox 1069 1759 1321 1829; x_wconf 83' lang='grc' dir='ltr'><strong>Χριστὸν,</strong></span> <span class='ocrx_word' id='word_1_133' title='bbox 1350 1760 1443 1816; x_wconf 71' lang='grc' dir='ltr'><strong>καὶ</strong></span> <span class='ocrx_word' id='word_1_134' title='bbox 1482 1760 1778 1833; x_wconf 77' lang='grc' dir='ltr'><strong>πιστεύσῃς</strong></span> 
     </span>
    </p>
   </div>
   <div class='ocr_carea' id='block_1_20' title="bbox 1874 586 3435 658">
    <p class='ocr_par' dir='ltr' id='par_1_20' title="bbox 1874 586 3435 658">
     <span class='ocr_line' id='line_1_20' title="bbox 1874 586 3435 658; baseline 0.003 -16"><span class='ocrx_word' id='word_1_135' title='bbox 1874 588 2006 649; x_wconf 64' lang='lat' dir='ltr'><strong>haec,</strong></span> <span class='ocrx_word' id='word_1_136' title='bbox 2037 589 2088 641; x_wconf 92' lang='lat' dir='ltr'><strong>in</strong></span> <span class='ocrx_word' id='word_1_137' title='bbox 2113 588 2361 657; x_wconf 90' lang='lat' dir='ltr'><strong>gentibus</strong></span> <span class='ocrx_word' id='word_1_138' title='bbox 2386 586 2762 656; x_wconf 83' lang='lat' dir='ltr'><strong>evangelizare</strong></span> <span class='ocrx_word' id='word_1_139' title='bbox 2790 586 3187 658; x_wconf 81' lang='lat' dir='ltr'><strong>investigabiles</strong></span> <span class='ocrx_word' id='word_1_140' title='bbox 3218 588 3435 646; x_wconf 80' lang='lat' dir='ltr'><strong>divitias</strong></span> 
     </span>
    </p>
   </div>
   <div class='ocr_carea' id='block_1_21' title="bbox 1872 677 3439 749">
    <p class='ocr_par' dir='ltr' id='par_1_21' title="bbox 1872 677 3439 749">
     <span class='ocr_line' id='line_1_21' title="bbox 1872 677 3439 749; baseline 0.001 -15"><span class='ocrx_word' id='word_1_141' title='bbox 1872 679 2094 742; x_wconf 87' lang='lat' dir='ltr'><strong>Christi,</strong></span> <span class='ocrx_word' id='word_1_142' title='bbox 2140 687 2192 731; x_wconf 90' lang='lat' dir='ltr'><strong>et</strong></span> <span class='ocrx_word' id='word_1_143' title='bbox 2236 677 2542 733; x_wconf 79' lang='lat' dir='ltr'><strong>illuminare</strong></span> <span class='ocrx_word' id='word_1_144' title='bbox 2587 692 2775 733; x_wconf 88' lang='lat' dir='ltr'><strong>omnes</strong></span> <span class='ocrx_word' id='word_1_145' title='bbox 2814 693 2936 748; x_wconf 69' lang='lat' dir='ltr'><strong>quas</strong></span> <span class='ocrx_word' id='word_1_146' title='bbox 2987 680 3058 732; x_wconf 92' lang='lat' dir='ltr'><strong>sit</strong></span> <span class='ocrx_word' id='word_1_147' title='bbox 3105 678 3439 749; x_wconf 71' lang='lat' dir='ltr'><strong>dispensatio</strong></span> 
     </span>
    </p>
   </div>
   <div class='ocr_carea' id='block_1_22' title="bbox 1872 766 3435 839">
    <p class='ocr_par' dir='ltr' id='par_1_22' title="bbox 1872 766 3435 839">
     <span class='ocr_line' id='line_1_22' title="bbox 1872 766 3435 839; baseline 0.003 -16"><span class='ocrx_word' id='word_1_148' title='bbox 1872 768 2199 823; x_wconf 81' lang='lat' dir='ltr'><strong>sacramenti</strong></span> <span class='ocrx_word' id='word_1_149' title='bbox 2231 767 2532 823; x_wconf 86' lang='lat' dir='ltr'><strong>absconditi</strong></span> <span class='ocrx_word' id='word_1_150' title='bbox 2559 782 2590 823; x_wconf 88' lang='lat' dir='ltr'><strong>a</strong></span> <span class='ocrx_word' id='word_1_151' title='bbox 2624 766 2836 825; x_wconf 60' lang='lat' dir='ltr'><strong>seculis</strong></span> <span class='ocrx_word' id='word_1_152' title='bbox 2864 768 2917 824; x_wconf 92' lang='lat' dir='ltr'><strong>in</strong></span> <span class='ocrx_word' id='word_1_153' title='bbox 2951 767 3089 835; x_wconf 83' lang='lat' dir='ltr'><strong>Deo,</strong></span> <span class='ocrx_word' id='word_1_154' title='bbox 3120 768 3215 839; x_wconf 84' lang='lat' dir='ltr'><strong>qui</strong></span> <span class='ocrx_word' id='word_1_155' title='bbox 3254 771 3435 827; x_wconf 84' lang='lat' dir='ltr'><strong>omnia</strong></span> 
     </span>
    </p>
   </div>
   <div class='ocr_carea' id='block_1_23' title="bbox 1873 859 2225 915">
    <p class='ocr_par' dir='ltr' id='par_1_23' title="bbox 1873 859 2225 915">
     <span class='ocr_line' id='line_1_23' title="bbox 1873 859 2225 915; baseline -0.011 -1"><span class='ocrx_word' id='word_1_156' title='bbox 1873 861 2076 915; x_wconf 87' lang='lat' dir='ltr'><strong>creavit</strong></span> <span class='ocrx_word' id='word_1_157' title='bbox 2097 859 2165 913; x_wconf 80' lang='grc'><strong>⁵⁸.</strong></span> <span class='ocrx_word' id='word_1_158' title='bbox 2205 876 2225 910; x_wconf 74' lang='grc' dir='ltr'><strong>ι</strong></span> 
     </span>
    </p>
   </div>
   <div class='ocr_carea' id='block_1_24' title="bbox 1949 1033 3438 1104">
    <p class='ocr_par' dir='ltr' id='par_1_24' title="bbox 1949 1033 3438 1104">
     <span class='ocr_line' id='line_1_24' title="bbox 1949 1033 3438 1104; baseline 0 -14"><span class='ocrx_word' id='word_1_159' title='bbox 1949 1056 1968 1089; x_wconf 73' lang='grc' dir='ltr'><strong>ε</strong></span> <span class='ocrx_word' id='word_1_160' title='bbox 2009 1035 2144 1101; x_wconf 83' lang='lat' dir='ltr'><strong>Viri,</strong></span> <span class='ocrx_word' id='word_1_161' title='bbox 2188 1035 2396 1104; x_wconf 88' lang='lat' dir='ltr'><strong>inquit,</strong></span> <span class='ocrx_word' id='word_1_162' title='bbox 2436 1033 2639 1103; x_wconf 78' lang='lat' dir='ltr'><strong>diligite</strong></span> <span class='ocrx_word' id='word_1_163' title='bbox 2687 1047 2882 1089; x_wconf 89' lang='lat' dir='ltr'><strong>uxores</strong></span> <span class='ocrx_word' id='word_1_164' title='bbox 2928 1040 3159 1100; x_wconf 72' lang='lat' dir='ltr'><strong>vestras,</strong></span> <span class='ocrx_word' id='word_1_165' title='bbox 3202 1034 3342 1092; x_wconf 80' lang='lat' dir='ltr'><strong>sicut</strong></span> <span class='ocrx_word' id='word_1_166' title='bbox 3381 1044 3438 1091; x_wconf 76' lang='lat' dir='ltr'><strong>et</strong></span> 
     </span>
    </p>
   </div>
   <div class='ocr_carea' id='block_1_25' title="bbox 1872 1124 3439 1193">
    <p class='ocr_par' dir='ltr' id='par_1_25' title="bbox 1872 1124 3439 1193">
     <span class='ocr_line' id='line_1_25' title="bbox 1872 1124 3439 1193; baseline -0.002 -12"><span class='ocrx_word' id='word_1_167' title='bbox 1872 1126 2125 1182; x_wconf 90' lang='lat' dir='ltr'><strong>Christus</strong></span> <span class='ocrx_word' id='word_1_168' title='bbox 2149 1125 2338 1180; x_wconf 77' lang='lat' dir='ltr'><strong>dilexit</strong></span> <span class='ocrx_word' id='word_1_169' title='bbox 2370 1124 2690 1189; x_wconf 82' lang='lat' dir='ltr'><strong>Ecclesiam,</strong></span> <span class='ocrx_word' id='word_1_170' title='bbox 2724 1132 2783 1178; x_wconf 88' lang='lat' dir='ltr'><strong>et</strong></span> <span class='ocrx_word' id='word_1_171' title='bbox 2829 1125 3179 1193; x_wconf 81' lang='lat' dir='ltr'><strong>semetipsum</strong></span> <span class='ocrx_word' id='word_1_172' title='bbox 3218 1124 3439 1181; x_wconf 83' lang='lat' dir='ltr'><strong>tradidit</strong></span> 
     </span>
    </p>
   </div>
   <div class='ocr_carea' id='block_1_26' title="bbox 1875 1210 3438 1290">
    <p class='ocr_par' dir='ltr' id='par_1_26' title="bbox 1875 1210 3438 1290">
     <span class='ocr_line' id='line_1_26' title="bbox 1875 1210 3438 1290; baseline -0.005 -15"><span class='ocrx_word' id='word_1_173' title='bbox 1875 1236 1973 1290; x_wconf 86' lang='lat' dir='ltr'><strong>pro</strong></span> <span class='ocrx_word' id='word_1_174' title='bbox 1998 1236 2087 1284; x_wconf 86' lang='lat' dir='ltr'><strong>ea,</strong></span> <span class='ocrx_word' id='word_1_175' title='bbox 2118 1229 2179 1273; x_wconf 90' lang='lat' dir='ltr'><strong>ut</strong></span> <span class='ocrx_word' id='word_1_176' title='bbox 2208 1219 2353 1273; x_wconf 82' lang='lat' dir='ltr'><strong>illam</strong></span> <span class='ocrx_word' id='word_1_177' title='bbox 2396 1216 2761 1272; x_wconf 84' lang='lat' dir='ltr'><strong>sanctificaret</strong></span> <span class='ocrx_word' id='word_1_178' title='bbox 2784 1255 2800 1281; x_wconf 91' lang='lat'><strong>,</strong></span> <span class='ocrx_word' id='word_1_179' title='bbox 2836 1216 3101 1270; x_wconf 78' lang='lat' dir='ltr'><strong>mundana</strong></span> <span class='ocrx_word' id='word_1_180' title='bbox 3129 1226 3249 1270; x_wconf 75' lang='lat' dir='ltr'><strong>eam</strong></span> <span class='ocrx_word' id='word_1_181' title='bbox 3288 1210 3438 1268; x_wconf 74' lang='lat' dir='ltr'><strong>lava-</strong></span> 
     </span>
    </p>
   </div>
   <div class='ocr_carea' id='block_1_27' title="bbox 1875 1305 3438 1379">
    <p class='ocr_par' dir='ltr' id='par_1_27' title="bbox 1875 1305 3438 1379">
     <span class='ocr_line' id='line_1_27' title="bbox 1875 1305 3438 1379; baseline -0.004 -14"><span class='ocrx_word' id='word_1_182' title='bbox 1875 1325 1969 1365; x_wconf 88' lang='lat' dir='ltr'><strong>cro</strong></span> <span class='ocrx_word' id='word_1_183' title='bbox 2009 1324 2163 1379; x_wconf 72' lang='lat' dir='ltr'><strong>aqua:</strong></span> <span class='ocrx_word' id='word_1_184' title='bbox 2200 1308 2252 1361; x_wconf 91' lang='lat' dir='ltr'><strong>in</strong></span> <span class='ocrx_word' id='word_1_185' title='bbox 2296 1307 2458 1361; x_wconf 87' lang='lat' dir='ltr'><strong>verbo</strong></span> <span class='ocrx_word' id='word_1_186' title='bbox 2502 1308 2623 1361; x_wconf 85' lang='lat' dir='ltr'><strong>vitae</strong></span> <span class='ocrx_word' id='word_1_187' title='bbox 2652 1306 2721 1358; x_wconf 83' lang='lat'><strong>‘°.</strong></span> <span class='ocrx_word' id='word_1_188' title='bbox 2765 1324 2784 1357; x_wconf 73' lang='grc' dir='ltr'><strong>ι</strong></span> <span class='ocrx_word' id='word_1_189' title='bbox 2826 1305 3029 1375; x_wconf 83' lang='lat' dir='ltr'><strong>Ecquid</strong></span> <span class='ocrx_word' id='word_1_190' title='bbox 3068 1305 3247 1371; x_wconf 74' lang='lat' dir='ltr'><strong>aliud,</strong></span> <span class='ocrx_word' id='word_1_191' title='bbox 3279 1306 3438 1360; x_wconf 79' lang='lat' dir='ltr'><strong>obse-</strong></span> 
     </span>
    </p>
   </div>
   <div class='ocr_carea' id='block_1_28' title="bbox 1876 1397 3438 1466">
    <p class='ocr_par' dir='ltr' id='par_1_28' title="bbox 1876 1397 3438 1466">
     <span class='ocr_line' id='line_1_28' title="bbox 1876 1397 3438 1466; baseline -0.003 -11"><span class='ocrx_word' id='word_1_192' title='bbox 1876 1416 1992 1465; x_wconf 90' lang='lat' dir='ltr'><strong>cro,</strong></span> <span class='ocrx_word' id='word_1_193' title='bbox 2043 1398 2263 1454; x_wconf 83' lang='lat' dir='ltr'><strong>verbum</strong></span> <span class='ocrx_word' id='word_1_194' title='bbox 2307 1407 2430 1462; x_wconf 90' lang='lat' dir='ltr'><strong>est,</strong></span> <span class='ocrx_word' id='word_1_195' title='bbox 2466 1412 2563 1466; x_wconf 88' lang='lat' dir='ltr'><strong>per</strong></span> <span class='ocrx_word' id='word_1_196' title='bbox 2606 1398 2750 1465; x_wconf 87' lang='lat' dir='ltr'><strong>quod</strong></span> <span class='ocrx_word' id='word_1_197' title='bbox 2794 1411 3020 1465; x_wconf 85' lang='lat' dir='ltr'><strong>corpore</strong></span> <span class='ocrx_word' id='word_1_198' title='bbox 3070 1412 3207 1465; x_wconf 89' lang='lat' dir='ltr'><strong>aqua</strong></span> <span class='ocrx_word' id='word_1_199' title='bbox 3240 1397 3438 1452; x_wconf 80' lang='lat' dir='ltr'><strong>munda</strong></span> 
     </span>
    </p>
   </div>
   <div class='ocr_carea' id='block_1_29' title="bbox 1876 1486 3439 1558">
    <p class='ocr_par' dir='ltr' id='par_1_29' title="bbox 1876 1486 3439 1558">
     <span class='ocr_line' id='line_1_29' title="bbox 1876 1486 3439 1558; baseline -0.002 -14"><span class='ocrx_word' id='word_1_200' title='bbox 1876 1492 2055 1545; x_wconf 84' lang='lat' dir='ltr'><strong>abluto</strong></span> <span class='ocrx_word' id='word_1_201' title='bbox 2090 1503 2405 1558; x_wconf 82' lang='lat' dir='ltr'><strong>purgamur,</strong></span> <span class='ocrx_word' id='word_1_202' title='bbox 2438 1501 2598 1556; x_wconf 89' lang='lat' dir='ltr'><strong>quam</strong></span> <span class='ocrx_word' id='word_1_203' title='bbox 2631 1488 2756 1541; x_wconf 90' lang='lat' dir='ltr'><strong>illud</strong></span> <span class='ocrx_word' id='word_1_204' title='bbox 2792 1488 2987 1555; x_wconf 86' lang='lat' dir='ltr'><strong>ipsum,</strong></span> <span class='ocrx_word' id='word_1_205' title='bbox 3018 1486 3087 1540; x_wconf 89' lang='lat' dir='ltr'><strong>de</strong></span> <span class='ocrx_word' id='word_1_206' title='bbox 3117 1501 3227 1555; x_wconf 85' lang='lat' dir='ltr'><strong>quo</strong></span> <span class='ocrx_word' id='word_1_207' title='bbox 3250 1488 3439 1543; x_wconf 82' lang='lat' dir='ltr'><strong>beatus</strong></span> 
     </span>
    </p>
   </div>
   <div class='ocr_carea' id='block_1_30' title="bbox 1876 1575 3434 1633">
    <p class='ocr_par' dir='ltr' id='par_1_30' title="bbox 1876 1575 3434 1633">
     <span class='ocr_line' id='line_1_30' title="bbox 1876 1575 3434 1633; baseline -0.001 0"><span class='ocrx_word' id='word_1_208' title='bbox 1876 1579 2074 1633; x_wconf 79' lang='lat' dir='ltr'><strong>Paulus</strong></span> <span class='ocrx_word' id='word_1_209' title='bbox 2092 1578 2198 1632; x_wconf 91' lang='lat' dir='ltr'><strong>alio</strong></span> <span class='ocrx_word' id='word_1_210' title='bbox 2232 1578 2352 1631; x_wconf 87' lang='lat' dir='ltr'><strong>loco</strong></span> <span class='ocrx_word' id='word_1_211' title='bbox 2379 1578 2451 1631; x_wconf 91' lang='lat' dir='ltr'><strong>ita</strong></span> <span class='ocrx_word' id='word_1_212' title='bbox 2482 1575 2705 1631; x_wconf 79' lang='lat' dir='ltr'><strong>scribit:</strong></span> <span class='ocrx_word' id='word_1_213' title='bbox 2739 1596 2757 1629; x_wconf 82' lang='lat' dir='ltr'><strong>s</strong></span> <span class='ocrx_word' id='word_1_214' title='bbox 2791 1576 2903 1632; x_wconf 86' lang='lat' dir='ltr'><strong>Hoc</strong></span> <span class='ocrx_word' id='word_1_215' title='bbox 2934 1586 3016 1632; x_wconf 88' lang='lat' dir='ltr'><strong>est</strong></span> <span class='ocrx_word' id='word_1_216' title='bbox 3048 1579 3270 1633; x_wconf 84' lang='lat' dir='ltr'><strong>verbum</strong></span> <span class='ocrx_word' id='word_1_217' title='bbox 3313 1578 3434 1632; x_wconf 79' lang='lat' dir='ltr'><strong>fidei</strong></span> 
     </span>
    </p>
   </div>
   <div class='ocr_carea' id='block_1_31' title="bbox 1878 1668 3437 1739">
    <p class='ocr_par' dir='ltr' id='par_1_31' title="bbox 1878 1668 3437 1739">
     <span class='ocr_line' id='line_1_31' title="bbox 1878 1668 3437 1739; baseline -0.001 -18"><span class='ocrx_word' id='word_1_218' title='bbox 1878 1670 2015 1739; x_wconf 85' lang='lat' dir='ltr'><strong>quod</strong></span> <span class='ocrx_word' id='word_1_219' title='bbox 2056 1668 2409 1739; x_wconf 58' lang='lat' dir='ltr'><strong>praedicamus</strong></span> <span class='ocrx_word' id='word_1_220' title='bbox 2438 1681 2452 1719; x_wconf 89' lang='lat'><strong>:</strong></span> <span class='ocrx_word' id='word_1_221' title='bbox 2482 1668 2626 1735; x_wconf 89' lang='lat' dir='ltr'><strong>-quia</strong></span> <span class='ocrx_word' id='word_1_222' title='bbox 2667 1668 2711 1721; x_wconf 87' lang='lat' dir='ltr'><strong>si</strong></span> <span class='ocrx_word' id='word_1_223' title='bbox 2761 1668 3068 1723; x_wconf 85' lang='lat' dir='ltr'><strong>confitearis</strong></span> <span class='ocrx_word' id='word_1_224' title='bbox 3109 1668 3164 1721; x_wconf 92' lang='lat' dir='ltr'><strong>in</strong></span> <span class='ocrx_word' id='word_1_225' title='bbox 3204 1681 3301 1723; x_wconf 86' lang='lat' dir='ltr'><strong>ore</strong></span> <span class='ocrx_word' id='word_1_226' title='bbox 3346 1675 3437 1720; x_wconf 86' lang='lat' dir='ltr'><strong>tuo</strong></span> 
     </span>
    </p>
   </div>
   <div class='ocr_carea' id='block_1_32' title="bbox 1883 1756 3436 1825">
    <p class='ocr_par' dir='ltr' id='par_1_32' title="bbox 1883 1756 3436 1825">
     <span class='ocr_line' id='line_1_32' title="bbox 1883 1756 3436 1825; baseline -0.003 -10"><span class='ocrx_word' id='word_1_227' title='bbox 1883 1761 2163 1815; x_wconf 77' lang='lat' dir='ltr'><strong>hominum</strong></span> <span class='ocrx_word' id='word_1_228' title='bbox 2186 1757 2393 1822; x_wconf 84' lang='lat' dir='ltr'><strong>Jesum,</strong></span> <span class='ocrx_word' id='word_1_229' title='bbox 2423 1768 2477 1811; x_wconf 89' lang='lat' dir='ltr'><strong>et</strong></span> <span class='ocrx_word' id='word_1_230' title='bbox 2510 1758 2562 1811; x_wconf 91' lang='lat' dir='ltr'><strong>in</strong></span> <span class='ocrx_word' id='word_1_231' title='bbox 2616 1760 2778 1813; x_wconf 90' lang='lat' dir='ltr'><strong>corde</strong></span> <span class='ocrx_word' id='word_1_232' title='bbox 2822 1766 2915 1812; x_wconf 91' lang='lat' dir='ltr'><strong>tuo</strong></span> <span class='ocrx_word' id='word_1_233' title='bbox 2954 1756 3248 1813; x_wconf 73' lang='lat' dir='ltr'><strong>credideris</strong></span> <span class='ocrx_word' id='word_1_234' title='bbox 3294 1756 3436 1825; x_wconf 86' lang='lat' dir='ltr'><strong>quod</strong></span> 
     </span>
    </p>
   </div>
   <div class='ocr_carea' id='block_1_33' title="bbox 218 1827 1777 1921">
    <p class='ocr_par' dir='ltr' id='par_1_33' title="bbox 218 1827 1777 1921">
     <span class='ocr_line' id='line_1_33' title="bbox 218 1827 1777 1921; baseline 0.005 -24"><span class='ocrx_word' id='word_1_235' title='bbox 218 1851 269 1898; x_wconf 82' lang='grc' dir='ltr'><strong>ὲν</strong></span> <span class='ocrx_word' id='word_1_236' title='bbox 290 1850 354 1917; x_wconf 84' lang='grc' dir='ltr'><strong>τῇ</strong></span> <span class='ocrx_word' id='word_1_237' title='bbox 378 1850 573 1919; x_wconf 75' lang='grc' dir='ltr'><strong>καρδίᾳ</strong></span> <span class='ocrx_word' id='word_1_238' title='bbox 597 1866 710 1913; x_wconf 89' lang='grc' dir='ltr'><strong>σου,</strong></span> <span class='ocrx_word' id='word_1_239' title='bbox 740 1850 819 1901; x_wconf 85' lang='grc' dir='ltr'><strong>ὅτι</strong></span> <span class='ocrx_word' id='word_1_240' title='bbox 842 1850 869 1901; x_wconf 85' lang='grc' dir='ltr'><strong>ό</strong></span> <span class='ocrx_word' id='word_1_241' title='bbox 885 1850 1015 1912; x_wconf 85' lang='grc' dir='ltr'><strong>Θεὸς</strong></span> <span class='ocrx_word' id='word_1_242' title='bbox 1040 1827 1200 1903; x_wconf 83' lang='grc' dir='ltr'><strong>αὑτὸν</strong></span> <span class='ocrx_word' id='word_1_243' title='bbox 1226 1850 1443 1921; x_wconf 73' lang='grc' dir='ltr'><strong>ἧγειρεν</strong></span> <span class='ocrx_word' id='word_1_244' title='bbox 1460 1852 1523 1903; x_wconf 85' lang='grc' dir='ltr'><strong>ὲκ</strong></span> <span class='ocrx_word' id='word_1_245' title='bbox 1546 1827 1777 1921; x_wconf 54' lang='grc' dir='ltr'><strong>νεκρᾶίν,</strong></span> 
     </span>
    </p>
   </div>
   <div class='ocr_carea' id='block_1_34' title="bbox 1879 1827 3440 1921">
    <p class='ocr_par' dir='ltr' id='par_1_34' title="bbox 1885 1846 3440 1914">
     <span class='ocr_line' id='line_1_34' title="bbox 1885 1846 3440 1914; baseline -0.004 -7"><span class='ocrx_word' id='word_1_246' title='bbox 1885 1854 2023 1907; x_wconf 85' lang='lat' dir='ltr'><strong>Deus</strong></span> <span class='ocrx_word' id='word_1_247' title='bbox 2055 1852 2200 1907; x_wconf 92' lang='lat' dir='ltr'><strong>illum</strong></span> <span class='ocrx_word' id='word_1_248' title='bbox 2227 1850 2507 1906; x_wconf 80' lang='lat' dir='ltr'><strong>suscitavit</strong></span> <span class='ocrx_word' id='word_1_249' title='bbox 2538 1865 2567 1903; x_wconf 88' lang='lat' dir='ltr'><strong>a</strong></span> <span class='ocrx_word' id='word_1_250' title='bbox 2597 1850 2856 1914; x_wconf 81' lang='lat' dir='ltr'><strong>mortuis,</strong></span> <span class='ocrx_word' id='word_1_251' title='bbox 2894 1848 3073 1904; x_wconf 82' lang='lat' dir='ltr'><strong>salvus</strong></span> <span class='ocrx_word' id='word_1_252' title='bbox 3100 1850 3228 1905; x_wconf 87' lang='lat' dir='ltr'><strong>eris.</strong></span> <span class='ocrx_word' id='word_1_253' title='bbox 3264 1846 3440 1904; x_wconf 86' lang='lat' dir='ltr'><strong>Corde</strong></span> 
     </span>
    </p>
   </div>
   <div class='ocr_carea' id='block_1_35' title="bbox 218 1937 1776 2013">
    <p class='ocr_par' dir='ltr' id='par_1_35' title="bbox 218 1937 1776 2013">
     <span class='ocr_line' id='line_1_35' title="bbox 218 1937 1776 2013; baseline 0.004 -25"><span class='ocrx_word' id='word_1_254' title='bbox 218 1937 456 2008; x_wconf 82' lang='grc' dir='ltr'><strong>σωθήσῃ.</strong></span> <span class='ocrx_word' id='word_1_255' title='bbox 506 1939 719 2008; x_wconf 78' lang='grc' dir='ltr'><strong>Καρδίᾳ</strong></span> <span class='ocrx_word' id='word_1_256' title='bbox 769 1939 875 2008; x_wconf 81' lang='grc' dir='ltr'><strong>γὰρ</strong></span> <span class='ocrx_word' id='word_1_257' title='bbox 926 1941 1240 1993; x_wconf 80' lang='grc' dir='ltr'><strong>πιστεύεται</strong></span> <span class='ocrx_word' id='word_1_258' title='bbox 1288 1943 1366 2005; x_wconf 87' lang='grc' dir='ltr'><strong>είς</strong></span> <span class='ocrx_word' id='word_1_259' title='bbox 1409 1942 1776 2013; x_wconf 82' lang='grc' dir='ltr'><strong>δικαιοσύνην,</strong></span> 
     </span>
    </p>
   </div>
   <div class='ocr_carea' id='block_1_36' title="bbox 218 2029 1778 2103">
    <p class='ocr_par' dir='ltr' id='par_1_36' title="bbox 218 2029 1778 2103">
     <span class='ocr_line' id='line_1_36' title="bbox 218 2029 1778 2103; baseline 0.004 -23"><span class='ocrx_word' id='word_1_260' title='bbox 218 2030 442 2098; x_wconf 80' lang='grc' dir='ltr'><strong>στόματι</strong></span> <span class='ocrx_word' id='word_1_261' title='bbox 475 2029 530 2082; x_wconf 83' lang='grc' dir='ltr'><strong>δὲ</strong></span> <span class='ocrx_word' id='word_1_262' title='bbox 574 2030 909 2099; x_wconf 76' lang='grc' dir='ltr'><strong>ὁμολογεῖται</strong></span> <span class='ocrx_word' id='word_1_263' title='bbox 958 2034 1038 2095; x_wconf 87' lang='grc' dir='ltr'><strong>εἰς</strong></span> <span class='ocrx_word' id='word_1_264' title='bbox 1086 2033 1398 2103; x_wconf 87' lang='grc' dir='ltr'><strong>σωτηρίαν;</strong></span> <span class='ocrx_word' id='word_1_265' title='bbox 1433 2051 1450 2084; x_wconf 81' lang='lat' dir='ltr'><strong>t</strong></span> <span class='ocrx_word' id='word_1_266' title='bbox 1486 2034 1692 2087; x_wconf 81' lang='grc' dir='ltr'><strong>Οὐκοῦν</strong></span> <span class='ocrx_word' id='word_1_267' title='bbox 1730 2037 1778 2087; x_wconf 83' lang='grc' dir='ltr'><strong>εί</strong></span> 
     </span>
    </p>
   </div>
   <div class='ocr_carea' id='block_1_37' title="bbox 218 2120 1776 2194">
    <p class='ocr_par' dir='ltr' id='par_1_37' title="bbox 218 2120 1776 2194">
     <span class='ocr_line' id='line_1_37' title="bbox 218 2120 1776 2194; baseline 0.004 -23"><span class='ocrx_word' id='word_1_268' title='bbox 218 2120 446 2188; x_wconf 79' lang='grc' dir='ltr'><strong>Χριστὸν</strong></span> <span class='ocrx_word' id='word_1_269' title='bbox 489 2120 871 2189; x_wconf 86' lang='grc' dir='ltr'><strong>ὁμολογοῦντες</strong></span> <span class='ocrx_word' id='word_1_270' title='bbox 920 2126 976 2175; x_wconf 87' lang='grc' dir='ltr'><strong>ὲν</strong></span> <span class='ocrx_word' id='word_1_271' title='bbox 1026 2128 1204 2177; x_wconf 84' lang='grc' dir='ltr'><strong>πίστει</strong></span> <span class='ocrx_word' id='word_1_272' title='bbox 1237 2125 1539 2194; x_wconf 77' lang='grc' dir='ltr'><strong>σωζόμεθα,</strong></span> <span class='ocrx_word' id='word_1_273' title='bbox 1571 2125 1689 2188; x_wconf 86' lang='grc' dir='ltr'><strong>πῶς</strong></span> <span class='ocrx_word' id='word_1_274' title='bbox 1716 2126 1776 2177; x_wconf 82' lang='grc' dir='ltr'><strong>ού</strong></span> 
     </span>
    </p>
   </div>
   <div class='ocr_carea' id='block_1_38' title="bbox 216 2208 1779 2284">
    <p class='ocr_par' dir='ltr' id='par_1_38' title="bbox 216 2208 1779 2284">
     <span class='ocr_line' id='line_1_38' title="bbox 216 2208 1779 2284; baseline 0.006 -25"><span class='ocrx_word' id='word_1_275' title='bbox 216 2209 341 2271; x_wconf 84' lang='grc' dir='ltr'><strong>Θεὸς</strong></span> <span class='ocrx_word' id='word_1_276' title='bbox 373 2208 579 2278; x_wconf 76' lang='grc' dir='ltr'><strong>ἀληθής</strong></span> <span class='ocrx_word' id='word_1_277' title='bbox 608 2212 774 2275; x_wconf 77' lang='grc' dir='ltr'><strong>ἐστιν,</strong></span> <span class='ocrx_word' id='word_1_278' title='bbox 809 2212 888 2274; x_wconf 82' lang='grc' dir='ltr'><strong>είς</strong></span> <span class='ocrx_word' id='word_1_279' title='bbox 920 2212 979 2264; x_wconf 81' lang='grc' dir='ltr'><strong>ὃν</strong></span> <span class='ocrx_word' id='word_1_280' title='bbox 1012 2214 1072 2266; x_wconf 91' lang='grc' dir='ltr'><strong>τὸ</strong></span> <span class='ocrx_word' id='word_1_281' title='bbox 1100 2214 1200 2284; x_wconf 86' lang='grc' dir='ltr'><strong>τῆς</strong></span> <span class='ocrx_word' id='word_1_282' title='bbox 1224 2215 1462 2279; x_wconf 25' lang='grc' dir='ltr'><strong>,πίστεως</strong></span> <span class='ocrx_word' id='word_1_283' title='bbox 1498 2218 1545 2269; x_wconf 82' lang='grc' dir='ltr'><strong>εί</strong></span> <span class='ocrx_word' id='word_1_284' title='bbox 1572 2216 1779 2284; x_wconf 85' lang='grc' dir='ltr'><strong>γένοιτο</strong></span> 
     </span>
    </p>
   </div>
   <div class='ocr_carea' id='block_1_39' title="bbox 220 2300 1405 2374">
    <p class='ocr_par' dir='ltr' id='par_1_39' title="bbox 220 2300 1405 2374">
     <span class='ocr_line' id='line_1_39' title="bbox 220 2300 1405 2374; baseline 0.006 -22"><span class='ocrx_word' id='word_1_285' title='bbox 220 2300 386 2370; x_wconf 68' lang='grc' dir='ltr'><strong>ῥῆμα,</strong></span> <span class='ocrx_word' id='word_1_286' title='bbox 421 2300 810 2372; x_wconf 78' lang='grc' dir='ltr'><strong>κεκαθάρμεθά</strong></span> <span class='ocrx_word' id='word_1_287' title='bbox 842 2318 900 2354; x_wconf 87' lang='grc' dir='ltr'><strong>τε</strong></span> <span class='ocrx_word' id='word_1_288' title='bbox 936 2305 1031 2355; x_wconf 78' lang='grc' dir='ltr'><strong>καὶ</strong></span> <span class='ocrx_word' id='word_1_289' title='bbox 1064 2306 1405 2374; x_wconf 79' lang='grc' dir='ltr'><strong>ὴγιάσμεθα;</strong></span> 
     </span>
    </p>
   </div>
   <div class='ocr_carea' id='block_1_40' title="bbox 542 2411 1463 2482">
    <p class='ocr_par' dir='ltr' id='par_1_40' title="bbox 542 2411 1463 2482">
     <span class='ocr_line' id='line_1_40' title="bbox 542 2411 1463 2482; baseline 0.003 -15"><span class='ocrx_word' id='word_1_290' title='bbox 542 2414 643 2468; x_wconf 82' lang='grc' dir='ltr'><strong>Ἐκ</strong></span> <span class='ocrx_word' id='word_1_291' title='bbox 676 2411 782 2481; x_wconf 81' lang='grc' dir='ltr'><strong>τῆς</strong></span> <span class='ocrx_word' id='word_1_292' title='bbox 815 2413 965 2482; x_wconf 83' lang='grc' dir='ltr'><strong>πρὸς</strong></span> <span class='ocrx_word' id='word_1_293' title='bbox 995 2417 1463 2482; x_wconf 76' lang='grc' dir='ltr'><strong>Φιλιππησίους.</strong></span> 
     </span>
    </p>
   </div>
   <div class='ocr_carea' id='block_1_41' title="bbox 288 2527 1781 2602">
    <p class='ocr_par' dir='ltr' id='par_1_41' title="bbox 288 2527 1781 2602">
     <span class='ocr_line' id='line_1_41' title="bbox 288 2527 1781 2602; baseline 0.004 -24"><span class='ocrx_word' id='word_1_294' title='bbox 288 2546 307 2578; x_wconf 80' lang='lat' dir='ltr'><strong>s</strong></span> <span class='ocrx_word' id='word_1_295' title='bbox 354 2528 419 2579; x_wconf 84' lang='grc' dir='ltr'><strong>Τί</strong></span> <span class='ocrx_word' id='word_1_296' title='bbox 468 2528 611 2597; x_wconf 82' lang='grc' dir='ltr'><strong>γάρ;</strong></span> <span class='ocrx_word' id='word_1_297' title='bbox 674 2527 827 2599; x_wconf 80' lang='grc' dir='ltr'><strong>φησί.</strong></span> <span class='ocrx_word' id='word_1_298' title='bbox 878 2528 1023 2596; x_wconf 79' lang='grc' dir='ltr'><strong>Πλὴν</strong></span> <span class='ocrx_word' id='word_1_299' title='bbox 1064 2530 1148 2581; x_wconf 82' lang='grc' dir='ltr'><strong>ὅτι</strong></span> <span class='ocrx_word' id='word_1_300' title='bbox 1210 2533 1375 2583; x_wconf 78' lang='grc' dir='ltr'><strong>παντὶ</strong></span> <span class='ocrx_word' id='word_1_301' title='bbox 1424 2532 1627 2602; x_wconf 84' lang='grc' dir='ltr'><strong>τρόπῳ,</strong></span> <span class='ocrx_word' id='word_1_302' title='bbox 1673 2533 1781 2584; x_wconf 68' lang='grc' dir='ltr'><strong>εἴτε</strong></span> 
     </span>
    </p>
   </div>
   <div class='ocr_carea' id='block_1_42' title="bbox 214 2617 1781 2691">
    <p class='ocr_par' dir='ltr' id='par_1_42' title="bbox 214 2617 1781 2691">
     <span class='ocr_line' id='line_1_42' title="bbox 214 2617 1781 2691; baseline 0.004 -22"><span class='ocrx_word' id='word_1_303' title='bbox 214 2617 503 2685; x_wconf 66' lang='grc' dir='ltr'><strong>προφάσει,</strong></span> <span class='ocrx_word' id='word_1_304' title='bbox 525 2620 635 2671; x_wconf 71' lang='grc' dir='ltr'><strong>εἴτε</strong></span> <span class='ocrx_word' id='word_1_305' title='bbox 651 2618 1145 2690; x_wconf 51' lang='grc' dir='ltr'><strong>ἀληθείᾳνΧριστὸς</strong></span> <span class='ocrx_word' id='word_1_306' title='bbox 1164 2622 1607 2689; x_wconf 82' lang='grc' dir='ltr'><strong>καταγγέλλεται.</strong></span> <span class='ocrx_word' id='word_1_307' title='bbox 1624 2642 1642 2673; x_wconf 73' lang='grc' dir='ltr'><strong>ι</strong></span> <span class='ocrx_word' id='word_1_308' title='bbox 1657 2619 1781 2691; x_wconf 61' lang='grc' dir='ltr'><strong>Ἆρ’</strong></span> 
     </span>
    </p>
   </div>
   <div class='ocr_carea' id='block_1_43' title="bbox 214 2704 1781 2782">
    <p class='ocr_par' dir='ltr' id='par_1_43' title="bbox 214 2704 1781 2782">
     <span class='ocr_line' id='line_1_43' title="bbox 214 2704 1781 2782; baseline 0.004 -23"><span class='ocrx_word' id='word_1_309' title='bbox 214 2704 303 2760; x_wconf 76' lang='grc' dir='ltr'><strong>οὖν</strong></span> <span class='ocrx_word' id='word_1_310' title='bbox 320 2707 397 2771; x_wconf 86' lang='grc' dir='ltr'><strong>ὡς</strong></span> <span class='ocrx_word' id='word_1_311' title='bbox 418 2708 704 2777; x_wconf 75' lang='grc' dir='ltr'><strong>ἄνθρωπος</strong></span> <span class='ocrx_word' id='word_1_312' title='bbox 734 2710 1097 2779; x_wconf 78' lang='grc' dir='ltr'><strong>τετιμημένος</strong></span> <span class='ocrx_word' id='word_1_313' title='bbox 1128 2711 1333 2780; x_wconf 83' lang='grc' dir='ltr'><strong>χάριτι,</strong></span> <span class='ocrx_word' id='word_1_314' title='bbox 1362 2712 1442 2780; x_wconf 85' lang='grc' dir='ltr'><strong>τῷ</strong></span> <span class='ocrx_word' id='word_1_315' title='bbox 1466 2714 1655 2781; x_wconf 86' lang='grc' dir='ltr'><strong>κόσμῳ</strong></span> <span class='ocrx_word' id='word_1_316' title='bbox 1686 2731 1781 2782; x_wconf 85' lang='grc' dir='ltr'><strong>κη-</strong></span> 
     </span>
    </p>
   </div>
   <div class='ocr_carea' id='block_1_44' title="bbox 219 2798 1776 2871">
    <p class='ocr_par' dir='ltr' id='par_1_44' title="bbox 219 2798 1776 2871">
     <span class='ocr_line' id='line_1_44' title="bbox 219 2798 1776 2871; baseline 0.003 -22"><span class='ocrx_word' id='word_1_317' title='bbox 219 2798 514 2867; x_wconf 57' lang='grc' dir='ltr'><strong>ρύσσεται,</strong></span> <span class='ocrx_word' id='word_1_318' title='bbox 544 2799 736 2853; x_wconf 81' lang='grc' dir='ltr'><strong>Καίτοι</strong></span> <span class='ocrx_word' id='word_1_319' title='bbox 787 2798 917 2852; x_wconf 85' lang='grc' dir='ltr'><strong>Θεὸν</strong></span> <span class='ocrx_word' id='word_1_320' title='bbox 961 2800 991 2851; x_wconf 82' lang='grc' dir='ltr'><strong>ό</strong></span> <span class='ocrx_word' id='word_1_321' title='bbox 1024 2800 1226 2869; x_wconf 82' lang='grc' dir='ltr'><strong>κόσμος</strong></span> <span class='ocrx_word' id='word_1_322' title='bbox 1258 2801 1473 2868; x_wconf 72' lang='grc' dir='ltr'><strong>ἐπέγνω</strong></span> <span class='ocrx_word' id='word_1_323' title='bbox 1521 2802 1776 2871; x_wconf 83' lang='grc' dir='ltr'><strong>Χριστὸν,</strong></span> 
     </span>
    </p>
   </div>
   <div class='ocr_carea' id='block_1_45' title="bbox 212 2886 1781 2964">
    <p class='ocr_par' dir='ltr' id='par_1_45' title="bbox 212 2886 1781 2964">
     <span class='ocr_line' id='line_1_45' title="bbox 212 2886 1781 2964; baseline 0.005 -26"><span class='ocrx_word' id='word_1_324' title='bbox 212 2892 280 2958; x_wconf 78' lang='grc' dir='ltr'><strong>τῇ</strong></span> <span class='ocrx_word' id='word_1_325' title='bbox 322 2888 507 2942; x_wconf 79' lang='grc' dir='ltr'><strong>πίστει</strong></span> <span class='ocrx_word' id='word_1_326' title='bbox 536 2888 865 2959; x_wconf 84' lang='grc' dir='ltr'><strong>τετιμηκώς.</strong></span> <span class='ocrx_word' id='word_1_327' title='bbox 924 2889 1048 2952; x_wconf 85' lang='grc' dir='ltr'><strong>Πῶς</strong></span> <span class='ocrx_word' id='word_1_328' title='bbox 1103 2886 1196 2944; x_wconf 84' lang='grc' dir='ltr'><strong>οῦν</strong></span> <span class='ocrx_word' id='word_1_329' title='bbox 1234 2891 1294 2943; x_wconf 83' lang='grc' dir='ltr'><strong>οὐ</strong></span> <span class='ocrx_word' id='word_1_330' title='bbox 1325 2891 1475 2956; x_wconf 91' lang='grc' dir='ltr'><strong>Θεὸς,</strong></span> <span class='ocrx_word' id='word_1_331' title='bbox 1520 2892 1549 2944; x_wconf 92' lang='grc' dir='ltr'>ὁ</span> <span class='ocrx_word' id='word_1_332' title='bbox 1574 2893 1630 2945; x_wconf 81' lang='grc' dir='ltr'><strong>ὲν</strong></span> <span class='ocrx_word' id='word_1_333' title='bbox 1655 2891 1781 2964; x_wconf 82' lang='grc' dir='ltr'><strong>δόξῃ</strong></span> 
     </span>
    </p>
   </div>
   <div class='ocr_carea' id='block_1_46' title="bbox 215 2980 1319 3053">
    <p class='ocr_par' dir='ltr' id='par_1_46' title="bbox 215 2980 1319 3053">
     <span class='ocr_line' id='line_1_46' title="bbox 215 2980 1319 3053; baseline 0.004 -21"><span class='ocrx_word' id='word_1_334' title='bbox 215 2980 554 3052; x_wconf 84' lang='grc' dir='ltr'><strong>θεότητοςτῷ</strong></span> <span class='ocrx_word' id='word_1_335' title='bbox 582 2983 770 3053; x_wconf 84' lang='grc' dir='ltr'><strong>κόσμῳ</strong></span> <span class='ocrx_word' id='word_1_336' title='bbox 790 2981 1319 3053; x_wconf 82' lang='grc' dir='ltr'><strong>καταγγελλόμενος;</strong></span> 
     </span>
    </p>
   </div>
   <div class='ocr_carea' id='block_1_47' title="bbox 1880 1937 3437 2010">
    <p class='ocr_par' dir='ltr' id='par_1_47' title="bbox 1880 1937 3437 2010">
     <span class='ocr_line' id='line_1_47' title="bbox 1880 1937 3437 2010; baseline -0.006 -10"><span class='ocrx_word' id='word_1_337' title='bbox 1880 1949 2022 2000; x_wconf 85' lang='lat' dir='ltr'><strong>enim</strong></span> <span class='ocrx_word' id='word_1_338' title='bbox 2062 1943 2300 1999; x_wconf 84' lang='lat' dir='ltr'><strong>creditur</strong></span> <span class='ocrx_word' id='word_1_339' title='bbox 2325 1942 2392 1996; x_wconf 90' lang='lat' dir='ltr'><strong>ad</strong></span> <span class='ocrx_word' id='word_1_340' title='bbox 2414 1941 2702 2010; x_wconf 88' lang='lat' dir='ltr'><strong>justitiam,</strong></span> <span class='ocrx_word' id='word_1_341' title='bbox 2730 1955 2824 1995; x_wconf 90' lang='lat' dir='ltr'><strong>ore</strong></span> <span class='ocrx_word' id='word_1_342' title='bbox 2848 1949 3032 1995; x_wconf 80' lang='lat' dir='ltr'><strong>autent</strong></span> <span class='ocrx_word' id='word_1_343' title='bbox 3076 1939 3136 1992; x_wconf 86' lang='lat' dir='ltr'><strong>lit</strong></span> <span class='ocrx_word' id='word_1_344' title='bbox 3173 1937 3437 1995; x_wconf 78' lang='lat' dir='ltr'><strong>confessio</strong></span> 
     </span>
    </p>
   </div>
   <div class='ocr_carea' id='block_1_48' title="bbox 1878 2030 3439 2102">
    <p class='ocr_par' dir='ltr' id='par_1_48' title="bbox 1878 2030 3439 2102">
     <span class='ocr_line' id='line_1_48' title="bbox 1878 2030 3439 2102; baseline -0.006 -12"><span class='ocrx_word' id='word_1_345' title='bbox 1878 2039 1945 2090; x_wconf 91' lang='lat' dir='ltr'><strong>ad</strong></span> <span class='ocrx_word' id='word_1_346' title='bbox 1979 2036 2206 2090; x_wconf 81' lang='lat' dir='ltr'><strong>salutem</strong></span> <span class='ocrx_word' id='word_1_347' title='bbox 2243 2034 2308 2087; x_wconf 84' lang='lat'><strong>“.</strong></span> <span class='ocrx_word' id='word_1_348' title='bbox 2346 2051 2364 2084; x_wconf 73' lang='grc' dir='ltr'><strong>ι</strong></span> <span class='ocrx_word' id='word_1_349' title='bbox 2397 2032 2451 2087; x_wconf 91' lang='lat' dir='ltr'><strong>Si</strong></span> <span class='ocrx_word' id='word_1_350' title='bbox 2486 2033 2665 2102; x_wconf 84' lang='lat' dir='ltr'><strong>itaque</strong></span> <span class='ocrx_word' id='word_1_351' title='bbox 2689 2031 2963 2085; x_wconf 86' lang='lat' dir='ltr'><strong>Christum</strong></span> <span class='ocrx_word' id='word_1_352' title='bbox 2996 2030 3311 2099; x_wconf 86' lang='lat' dir='ltr'><strong>profitentes</strong></span> <span class='ocrx_word' id='word_1_353' title='bbox 3342 2043 3439 2097; x_wconf 89' lang='lat' dir='ltr'><strong>per</strong></span> 
     </span>
    </p>
   </div>
   <div class='ocr_carea' id='block_1_49' title="bbox 1880 2120 3435 2193">
    <p class='ocr_par' dir='ltr' id='par_1_49' title="bbox 1880 2120 3435 2193">
     <span class='ocr_line' id='line_1_49' title="bbox 1880 2120 3435 2193; baseline -0.006 -14"><span class='ocrx_word' id='word_1_354' title='bbox 1880 2127 2034 2179; x_wconf 88' lang='lat' dir='ltr'><strong>fidem</strong></span> <span class='ocrx_word' id='word_1_355' title='bbox 2064 2126 2356 2189; x_wconf 70' lang='lat' dir='ltr'><strong>solvamur,</strong></span> <span class='ocrx_word' id='word_1_356' title='bbox 2379 2125 2713 2193; x_wconf 79' lang='lat' dir='ltr'><strong>verbumque</strong></span> <span class='ocrx_word' id='word_1_357' title='bbox 2740 2120 2861 2177; x_wconf 84' lang='lat' dir='ltr'><strong>fidei</strong></span> <span class='ocrx_word' id='word_1_358' title='bbox 2886 2122 2952 2176; x_wconf 86' lang='lat' dir='ltr'><strong>de</strong></span> <span class='ocrx_word' id='word_1_359' title='bbox 2974 2120 3063 2176; x_wconf 90' lang='lat' dir='ltr'><strong>illo</strong></span> <span class='ocrx_word' id='word_1_360' title='bbox 3094 2120 3435 2189; x_wconf 58' lang='lat' dir='ltr'><strong>praedicatum</strong></span> 
     </span>
    </p>
   </div>
   <div class='ocr_carea' id='block_1_50' title="bbox 1878 2209 3439 2285">
    <p class='ocr_par' dir='ltr' id='par_1_50' title="bbox 1878 2209 3439 2285">
     <span class='ocr_line' id='line_1_50' title="bbox 1878 2209 3439 2285; baseline -0.003 -15"><span class='ocrx_word' id='word_1_361' title='bbox 1878 2215 2140 2285; x_wconf 76' lang='lat' dir='ltr'><strong>complexi</strong></span> <span class='ocrx_word' id='word_1_362' title='bbox 2178 2226 2468 2284; x_wconf 78' lang='lat' dir='ltr'><strong>purgamur</strong></span> <span class='ocrx_word' id='word_1_363' title='bbox 2506 2223 2559 2268; x_wconf 85' lang='lat' dir='ltr'><strong>et</strong></span> <span class='ocrx_word' id='word_1_364' title='bbox 2600 2212 3035 2277; x_wconf 80' lang='lat' dir='ltr'><strong>sanctificamur,</strong></span> <span class='ocrx_word' id='word_1_365' title='bbox 3089 2209 3357 2279; x_wconf 89' lang='lat' dir='ltr'><strong>quomodo</strong></span> <span class='ocrx_word' id='word_1_366' title='bbox 3394 2210 3439 2265; x_wconf 84' lang='lat' dir='ltr'><strong>is</strong></span> 
     </span>
    </p>
   </div>
   <div class='ocr_carea' id='block_1_51' title="bbox 1878 2305 2487 2362">
    <p class='ocr_par' dir='ltr' id='par_1_51' title="bbox 1878 2305 2487 2362">
     <span class='ocr_line' id='line_1_51' title="bbox 1878 2305 2487 2362; baseline -0.01 0"><span class='ocrx_word' id='word_1_367' title='bbox 1878 2318 2037 2362; x_wconf 86' lang='lat' dir='ltr'><strong>verus</strong></span> <span class='ocrx_word' id='word_1_368' title='bbox 2063 2305 2201 2361; x_wconf 83' lang='lat' dir='ltr'><strong>Deus</strong></span> <span class='ocrx_word' id='word_1_369' title='bbox 2229 2321 2332 2359; x_wconf 91' lang='lat' dir='ltr'><strong>non</strong></span> <span class='ocrx_word' id='word_1_370' title='bbox 2366 2305 2487 2358; x_wconf 77' lang='lat' dir='ltr'><strong>est?</strong></span> 
     </span>
    </p>
   </div>
   <div class='ocr_carea' id='block_1_52' title="bbox 2236 2416 3089 2487">
    <p class='ocr_par' dir='ltr' id='par_1_52' title="bbox 2236 2416 3089 2487">
     <span class='ocr_line' id='line_1_52' title="bbox 2236 2416 3089 2487; baseline 0.001 -16"><span class='ocrx_word' id='word_1_371' title='bbox 2236 2416 2316 2473; x_wconf 71' lang='lat' dir='ltr'><strong>Ea.</strong></span> <span class='ocrx_word' id='word_1_372' title='bbox 2344 2418 2577 2487; x_wconf 77' lang='lat' dir='ltr'><strong>Epistola</strong></span> <span class='ocrx_word' id='word_1_373' title='bbox 2607 2419 2674 2470; x_wconf 86' lang='lat' dir='ltr'><strong>ad</strong></span> <span class='ocrx_word' id='word_1_374' title='bbox 2708 2416 3089 2486; x_wconf 80' lang='lat' dir='ltr'><strong>Philippenses.</strong></span> 
     </span>
    </p>
   </div>
   <div class='ocr_carea' id='block_1_53' title="bbox 1957 2522 3439 2597">
    <p class='ocr_par' dir='ltr' id='par_1_53' title="bbox 1957 2522 3439 2597">
     <span class='ocr_line' id='line_1_53' title="bbox 1957 2522 3439 2597; baseline -0.006 -15"><span class='ocrx_word' id='word_1_375' title='bbox 1957 2549 1975 2582; x_wconf 83' lang='grc' dir='ltr'><strong>ι</strong></span> <span class='ocrx_word' id='word_1_376' title='bbox 2010 2528 2150 2596; x_wconf 84' lang='lat' dir='ltr'><strong>Quid</strong></span> <span class='ocrx_word' id='word_1_377' title='bbox 2181 2529 2362 2583; x_wconf 75' lang='lat' dir='ltr'><strong>enim?</strong></span> <span class='ocrx_word' id='word_1_378' title='bbox 2394 2527 2608 2597; x_wconf 86' lang='lat' dir='ltr'><strong>(inquit)</strong></span> <span class='ocrx_word' id='word_1_379' title='bbox 2641 2526 2774 2580; x_wconf 89' lang='lat' dir='ltr'><strong>Dum</strong></span> <span class='ocrx_word' id='word_1_380' title='bbox 2807 2526 2953 2578; x_wconf 91' lang='lat' dir='ltr'><strong>omni</strong></span> <span class='ocrx_word' id='word_1_381' title='bbox 2994 2522 3171 2588; x_wconf 89' lang='lat' dir='ltr'><strong>modo,</strong></span> <span class='ocrx_word' id='word_1_382' title='bbox 3206 2522 3317 2575; x_wconf 84' lang='lat' dir='ltr'><strong>sive</strong></span> <span class='ocrx_word' id='word_1_383' title='bbox 3347 2534 3439 2588; x_wconf 82' lang='lat' dir='ltr'><strong>per</strong></span> 
     </span>
    </p>
   </div>
   <div class='ocr_carea' id='block_1_54' title="bbox 1880 2611 3439 2685">
    <p class='ocr_par' dir='ltr' id='par_1_54' title="bbox 1880 2611 3439 2685">
     <span class='ocr_line' id='line_1_54' title="bbox 1880 2611 3439 2685; baseline -0.008 -11"><span class='ocrx_word' id='word_1_384' title='bbox 1880 2623 2239 2685; x_wconf 82' lang='lat' dir='ltr'><strong>occasionem,</strong></span> <span class='ocrx_word' id='word_1_385' title='bbox 2268 2620 2380 2673; x_wconf 82' lang='lat' dir='ltr'><strong>sive</strong></span> <span class='ocrx_word' id='word_1_386' title='bbox 2414 2634 2507 2685; x_wconf 87' lang='lat' dir='ltr'><strong>per</strong></span> <span class='ocrx_word' id='word_1_387' title='bbox 2543 2616 2819 2670; x_wconf 85' lang='lat' dir='ltr'><strong>veritatem</strong></span> <span class='ocrx_word' id='word_1_388' title='bbox 2867 2615 3114 2669; x_wconf 86' lang='lat' dir='ltr'><strong>Christus</strong></span> <span class='ocrx_word' id='word_1_389' title='bbox 3159 2611 3439 2665; x_wconf 87' lang='lat' dir='ltr'><strong>annnntle-</strong></span> 
     </span>
    </p>
   </div>
   <div class='ocr_carea' id='block_1_55' title="bbox 1884 2704 3441 2776">
    <p class='ocr_par' dir='ltr' id='par_1_55' title="bbox 1884 2704 3441 2776">
     <span class='ocr_line' id='line_1_55' title="bbox 1884 2704 3441 2776; baseline -0.006 -13"><span class='ocrx_word' id='word_1_390' title='bbox 1884 2720 1971 2763; x_wconf 93' lang='lat' dir='ltr'><strong>tur</strong></span> <span class='ocrx_word' id='word_1_391' title='bbox 1998 2709 2061 2761; x_wconf 79' lang='lat'><strong>&quot;.</strong></span> <span class='ocrx_word' id='word_1_392' title='bbox 2104 2727 2123 2759; x_wconf 71' lang='grc' dir='ltr'><strong><em>ο</em></strong></span> <span class='ocrx_word' id='word_1_393' title='bbox 2182 2707 2430 2776; x_wconf 81' lang='lat' dir='ltr'><strong>Nunquid</strong></span> <span class='ocrx_word' id='word_1_394' title='bbox 2475 2717 2531 2760; x_wconf 93' lang='lat' dir='ltr'><strong>ut</strong></span> <span class='ocrx_word' id='word_1_395' title='bbox 2566 2706 2725 2760; x_wconf 91' lang='lat' dir='ltr'><strong>homo</strong></span> <span class='ocrx_word' id='word_1_396' title='bbox 2774 2707 2950 2761; x_wconf 79' lang='lat' dir='ltr'><strong>divina</strong></span> <span class='ocrx_word' id='word_1_397' title='bbox 3000 2704 3171 2773; x_wconf 87' lang='lat' dir='ltr'><strong>gratia</strong></span> <span class='ocrx_word' id='word_1_398' title='bbox 3220 2710 3441 2755; x_wconf 84' lang='lat' dir='ltr'><strong>ornatus</strong></span> 
     </span>
    </p>
   </div>
   <div class='ocr_carea' id='block_1_56' title="bbox 1881 2792 3441 2865">
    <p class='ocr_par' dir='ltr' id='par_1_56' title="bbox 1881 2792 3441 2865">
     <span class='ocr_line' id='line_1_56' title="bbox 1881 2792 3441 2865; baseline -0.006 -14"><span class='ocrx_word' id='word_1_399' title='bbox 1881 2799 2081 2851; x_wconf 89' lang='lat' dir='ltr'><strong>mundo</strong></span> <span class='ocrx_word' id='word_1_400' title='bbox 2110 2797 2501 2851; x_wconf 87' lang='lat' dir='ltr'><strong>annuntietur?</strong></span> <span class='ocrx_word' id='word_1_401' title='bbox 2548 2797 2706 2865; x_wconf 84' lang='lat' dir='ltr'><strong>Atqui</strong></span> <span class='ocrx_word' id='word_1_402' title='bbox 2757 2797 2985 2848; x_wconf 87' lang='lat' dir='ltr'><strong>mundus</strong></span> <span class='ocrx_word' id='word_1_403' title='bbox 3030 2792 3302 2848; x_wconf 86' lang='lat' dir='ltr'><strong>Christum</strong></span> <span class='ocrx_word' id='word_1_404' title='bbox 3346 2805 3441 2859; x_wconf 89' lang='lat' dir='ltr'><strong>per</strong></span> 
     </span>
    </p>
   </div>
   <div class='ocr_carea' id='block_1_57' title="bbox 1882 2882 3439 2956">
    <p class='ocr_par' dir='ltr' id='par_1_57' title="bbox 1882 2882 3439 2956">
     <span class='ocr_line' id='line_1_57' title="bbox 1882 2882 3439 2956; baseline -0.003 -15"><span class='ocrx_word' id='word_1_405' title='bbox 1882 2890 2039 2942; x_wconf 83' lang='lat' dir='ltr'><strong>iidem</strong></span> <span class='ocrx_word' id='word_1_406' title='bbox 2070 2886 2271 2952; x_wconf 89' lang='lat' dir='ltr'><strong>colens,</strong></span> <span class='ocrx_word' id='word_1_407' title='bbox 2296 2888 2361 2938; x_wconf 86' lang='lat' dir='ltr'><strong>ad</strong></span> <span class='ocrx_word' id='word_1_408' title='bbox 2393 2886 2485 2940; x_wconf 92' lang='lat' dir='ltr'><strong>Dei</strong></span> <span class='ocrx_word' id='word_1_409' title='bbox 2518 2888 2841 2956; x_wconf 76' lang='lat' dir='ltr'><strong>agnitionem</strong></span> <span class='ocrx_word' id='word_1_410' title='bbox 2870 2885 3131 2939; x_wconf 86' lang='lat' dir='ltr'><strong>adductus</strong></span> <span class='ocrx_word' id='word_1_411' title='bbox 3153 2892 3253 2939; x_wconf 87' lang='lat' dir='ltr'><strong>est.</strong></span> <span class='ocrx_word' id='word_1_412' title='bbox 3293 2882 3439 2949; x_wconf 85' lang='lat' dir='ltr'><strong>Quo-</strong></span> 
     </span>
    </p>
   </div>
   <div class='ocr_carea' id='block_1_58' title="bbox 1883 2974 3439 3045">
    <p class='ocr_par' dir='ltr' id='par_1_58' title="bbox 1883 2974 3439 3045">
     <span class='ocr_line' id='line_1_58' title="bbox 1883 2974 3439 3045; baseline -0.002 -14"><span class='ocrx_word' id='word_1_413' title='bbox 1883 2978 2039 3033; x_wconf 85' lang='lat' dir='ltr'><strong>modo</strong></span> <span class='ocrx_word' id='word_1_414' title='bbox 2068 2979 2112 3032; x_wconf 91' lang='lat' dir='ltr'><strong>is</strong></span> <span class='ocrx_word' id='word_1_415' title='bbox 2143 2991 2273 3045; x_wconf 85' lang='lat' dir='ltr'><strong>ergo</strong></span> <span class='ocrx_word' id='word_1_416' title='bbox 2307 2975 2448 3031; x_wconf 91' lang='lat' dir='ltr'><strong>Deus</strong></span> <span class='ocrx_word' id='word_1_417' title='bbox 2480 2994 2582 3030; x_wconf 92' lang='lat' dir='ltr'><strong>non</strong></span> <span class='ocrx_word' id='word_1_418' title='bbox 2609 2987 2713 3043; x_wconf 88' lang='lat' dir='ltr'><strong>est,</strong></span> <span class='ocrx_word' id='word_1_419' title='bbox 2735 2978 2822 3045; x_wconf 91' lang='lat' dir='ltr'><strong>qui</strong></span> <span class='ocrx_word' id='word_1_420' title='bbox 2872 2978 2924 3030; x_wconf 91' lang='lat' dir='ltr'><strong>in</strong></span> <span class='ocrx_word' id='word_1_421' title='bbox 2968 2976 3161 3032; x_wconf 72' lang='lat' dir='ltr'><strong>divinae</strong></span> <span class='ocrx_word' id='word_1_422' title='bbox 3192 2974 3439 3043; x_wconf 80' lang='lat' dir='ltr'><strong>majesta-</strong></span> 
     </span>
    </p>
   </div>
   <div class='ocr_carea' id='block_1_59' title="bbox 1886 3068 2876 3137">
    <p class='ocr_par' dir='ltr' id='par_1_59' title="bbox 1886 3068 2876 3137">
     <span class='ocr_line' id='line_1_59' title="bbox 1886 3068 2876 3137; baseline -0.003 -14"><span class='ocrx_word' id='word_1_423' title='bbox 1886 3070 1954 3123; x_wconf 88' lang='lat' dir='ltr'><strong>tis</strong></span> <span class='ocrx_word' id='word_1_424' title='bbox 1986 3068 2158 3137; x_wconf 89' lang='lat' dir='ltr'><strong>gloria</strong></span> <span class='ocrx_word' id='word_1_425' title='bbox 2186 3069 2382 3123; x_wconf 88' lang='lat' dir='ltr'><strong>mundo</strong></span> <span class='ocrx_word' id='word_1_426' title='bbox 2408 3068 2724 3137; x_wconf 68' lang='lat' dir='ltr'><strong>praedicatus</strong></span> <span class='ocrx_word' id='word_1_427' title='bbox 2752 3069 2876 3123; x_wconf 82' lang='lat' dir='ltr'><strong>est?</strong></span> 
     </span>
    </p>
   </div>
   <div class='ocr_carea' id='block_1_60' title="bbox 288 3150 1777 3233">
    <p class='ocr_par' dir='ltr' id='par_1_60' title="bbox 288 3161 1776 3233">
     <span class='ocr_line' id='line_1_60' title="bbox 288 3161 1776 3233; baseline 0.003 -20"><span class='ocrx_word' id='word_1_428' title='bbox 288 3180 307 3213; x_wconf 87' lang='grc' dir='ltr'><strong>ι</strong></span> <span class='ocrx_word' id='word_1_429' title='bbox 336 3161 768 3225; x_wconf 83' lang='grc' dir='ltr'><strong>-Συναθλοῦντες,</strong></span> <span class='ocrx_word' id='word_1_430' title='bbox 804 3161 961 3231; x_wconf 73' lang='grc' dir='ltr'><strong>φησὶ,</strong></span> <span class='ocrx_word' id='word_1_431' title='bbox 994 3164 1059 3233; x_wconf 74' lang='grc' dir='ltr'><strong>τῇ</strong></span> <span class='ocrx_word' id='word_1_432' title='bbox 1089 3162 1268 3216; x_wconf 86' lang='grc' dir='ltr'><strong>πίστει</strong></span> <span class='ocrx_word' id='word_1_433' title='bbox 1322 3163 1413 3218; x_wconf 87' lang='grc' dir='ltr'><strong>τοῦ</strong></span> <span class='ocrx_word' id='word_1_434' title='bbox 1443 3164 1776 3233; x_wconf 81' lang='grc' dir='ltr'><strong>Εὑαγγελίου</strong></span> 
     </span>
    </p>
   </div>
   <div class='ocr_carea' id='block_1_61' title="bbox 1879 3150 3442 3233">
    <p class='ocr_par' dir='ltr' id='par_1_61' title="bbox 1956 3158 3442 3230">
     <span class='ocr_line' id='line_1_61' title="bbox 1956 3158 3442 3230; baseline 0.001 -18"><span class='ocrx_word' id='word_1_435' title='bbox 1956 3179 1974 3212; x_wconf 76' lang='grc' dir='ltr'><strong>ι</strong></span> <span class='ocrx_word' id='word_1_436' title='bbox 2008 3160 2408 3215; x_wconf 88' lang='lat' dir='ltr'><strong>Collaborantes</strong></span> <span class='ocrx_word' id='word_1_437' title='bbox 2454 3159 2573 3213; x_wconf 83' lang='lat' dir='ltr'><strong>ﬁdei</strong></span> <span class='ocrx_word' id='word_1_438' title='bbox 2609 3158 2880 3229; x_wconf 76' lang='lat' dir='ltr'><strong>Evangelii</strong></span> <span class='ocrx_word' id='word_1_439' title='bbox 2927 3158 3024 3230; x_wconf 91' lang='lat' dir='ltr'><strong>(et</strong></span> <span class='ocrx_word' id='word_1_440' title='bbox 3071 3159 3123 3215; x_wconf 93' lang='lat' dir='ltr'><strong>in</strong></span> <span class='ocrx_word' id='word_1_441' title='bbox 3157 3158 3303 3214; x_wconf 91' lang='lat' dir='ltr'><strong>nullo</strong></span> <span class='ocrx_word' id='word_1_442' title='bbox 3334 3168 3442 3215; x_wconf 86' lang='lat' dir='ltr'><strong>ter-</strong></span> 
     </span>
    </p>
   </div>
   <div class='ocr_carea' id='block_1_62' title="bbox 218 3251 1772 3327">
    <p class='ocr_par' dir='ltr' id='par_1_62' title="bbox 218 3251 1772 3327">
     <span class='ocr_line' id='line_1_62' title="bbox 218 3251 1772 3327; baseline 0.003 -23"><span class='ocrx_word' id='word_1_443' title='bbox 218 3252 331 3319; x_wconf 71' lang='grc' dir='ltr'><strong>(καὶ</strong></span> <span class='ocrx_word' id='word_1_444' title='bbox 354 3251 429 3321; x_wconf 80' lang='grc' dir='ltr'><strong>μὴ</strong></span> <span class='ocrx_word' id='word_1_445' title='bbox 454 3252 779 3321; x_wconf 79' lang='grc' dir='ltr'><strong>πτυρόμενοι</strong></span> <span class='ocrx_word' id='word_1_446' title='bbox 797 3253 852 3303; x_wconf 77' lang='grc' dir='ltr'><strong>ὲν</strong></span> <span class='ocrx_word' id='word_1_447' title='bbox 876 3253 1064 3320; x_wconf 74' lang='grc' dir='ltr'><strong>μηδενὶ</strong></span> <span class='ocrx_word' id='word_1_448' title='bbox 1080 3253 1183 3305; x_wconf 85' lang='grc' dir='ltr'><strong>ὑπὸ</strong></span> <span class='ocrx_word' id='word_1_449' title='bbox 1207 3255 1313 3306; x_wconf 82' lang='grc' dir='ltr'><strong>τῶν</strong></span> <span class='ocrx_word' id='word_1_450' title='bbox 1336 3257 1772 3327; x_wconf 83' lang='grc' dir='ltr'><strong>ἀντικειμένων),</strong></span> 
     </span>
    </p>
   </div>
   <div class='ocr_carea' id='block_1_63' title="bbox 214 3340 1781 3416">
    <p class='ocr_par' dir='ltr' id='par_1_63' title="bbox 214 3340 1781 3416">
     <span class='ocr_line' id='line_1_63' title="bbox 214 3340 1781 3416; baseline 0.004 -22"><span class='ocrx_word' id='word_1_451' title='bbox 214 3343 333 3412; x_wconf 74' lang='grc' dir='ltr'><strong>ἥτις</strong></span> <span class='ocrx_word' id='word_1_452' title='bbox 381 3342 566 3403; x_wconf 83' lang='grc' dir='ltr'><strong>αὐτοῖς</strong></span> <span class='ocrx_word' id='word_1_453' title='bbox 622 3341 718 3409; x_wconf 84' lang='grc' dir='ltr'><strong>μέν</strong></span> <span class='ocrx_word' id='word_1_454' title='bbox 769 3343 916 3392; x_wconf 77' lang='grc' dir='ltr'><strong>ἐστιν</strong></span> <span class='ocrx_word' id='word_1_455' title='bbox 971 3340 1189 3405; x_wconf 71' lang='grc' dir='ltr'><strong>ἔνδειξις</strong></span> <span class='ocrx_word' id='word_1_456' title='bbox 1220 3344 1517 3408; x_wconf 83' lang='grc' dir='ltr'><strong>ἀπωλείας,</strong></span> <span class='ocrx_word' id='word_1_457' title='bbox 1565 3349 1692 3416; x_wconf 83' lang='grc' dir='ltr'><strong>ὑμῖν</strong></span> <span class='ocrx_word' id='word_1_458' title='bbox 1724 3348 1781 3401; x_wconf 78' lang='grc' dir='ltr'><strong>δὲ</strong></span> 
     </span>
    </p>
   </div>
   <div class='ocr_carea' id='block_1_64' title="bbox 220 3429 1780 3508">
    <p class='ocr_par' dir='ltr' id='par_1_64' title="bbox 220 3429 1780 3508">
     <span class='ocr_line' id='line_1_64' title="bbox 220 3429 1780 3508; baseline 0.004 -25"><span class='ocrx_word' id='word_1_459' title='bbox 220 3433 511 3503; x_wconf 74' lang='grc' dir='ltr'><strong>σωτηρίας,</strong></span> <span class='ocrx_word' id='word_1_460' title='bbox 551 3430 646 3483; x_wconf 72' lang='grc' dir='ltr'><strong>καὶ</strong></span> <span class='ocrx_word' id='word_1_461' title='bbox 677 3429 832 3482; x_wconf 89' lang='grc' dir='ltr'><strong>τοῦτο</strong></span> <span class='ocrx_word' id='word_1_462' title='bbox 878 3431 986 3484; x_wconf 78' lang='grc' dir='ltr'><strong>ἀπὸ</strong></span> <span class='ocrx_word' id='word_1_463' title='bbox 1015 3431 1148 3484; x_wconf 90' lang='grc' dir='ltr'><strong>Θεοῦ</strong></span> <span class='ocrx_word' id='word_1_464' title='bbox 1176 3451 1187 3463; x_wconf 93' lang='grc'><strong>·</strong></span> <span class='ocrx_word' id='word_1_465' title='bbox 1223 3434 1302 3485; x_wconf 81' lang='grc' dir='ltr'><strong>ὅτι</strong></span> <span class='ocrx_word' id='word_1_466' title='bbox 1342 3436 1468 3503; x_wconf 83' lang='grc' dir='ltr'><strong>ὑμῖν</strong></span> <span class='ocrx_word' id='word_1_467' title='bbox 1518 3438 1780 3508; x_wconf 78' lang='grc' dir='ltr'><strong>ἐχαρίσθη</strong></span> 
     </span>
    </p>
   </div>
   <div class='ocr_carea' id='block_1_65' title="bbox 215 3518 1777 3593">
    <p class='ocr_par' dir='ltr' id='par_1_65' title="bbox 215 3518 1777 3593">
     <span class='ocr_line' id='line_1_65' title="bbox 215 3518 1777 3593; baseline 0.003 -21"><span class='ocrx_word' id='word_1_468' title='bbox 215 3540 273 3574; x_wconf 87' lang='grc' dir='ltr'><strong>το</strong></span> <span class='ocrx_word' id='word_1_469' title='bbox 304 3523 447 3593; x_wconf 85' lang='grc' dir='ltr'><strong>ὑπὲρ</strong></span> <span class='ocrx_word' id='word_1_470' title='bbox 480 3518 737 3592; x_wconf 84' lang='grc' dir='ltr'><strong>Χριστοῦ,</strong></span> <span class='ocrx_word' id='word_1_471' title='bbox 773 3521 833 3571; x_wconf 84' lang='grc' dir='ltr'><strong>οὐ</strong></span> <span class='ocrx_word' id='word_1_472' title='bbox 872 3521 1028 3590; x_wconf 88' lang='grc' dir='ltr'><strong>μόνον</strong></span> <span class='ocrx_word' id='word_1_473' title='bbox 1055 3522 1120 3574; x_wconf 88' lang='grc' dir='ltr'><strong>τὸ</strong></span> <span class='ocrx_word' id='word_1_474' title='bbox 1164 3524 1242 3585; x_wconf 76' lang='grc' dir='ltr'><strong>εἰς</strong></span> <span class='ocrx_word' id='word_1_475' title='bbox 1294 3525 1455 3577; x_wconf 86' lang='grc' dir='ltr'><strong>αὐτὸν</strong></span> <span class='ocrx_word' id='word_1_476' title='bbox 1485 3527 1777 3591; x_wconf 82' lang='grc' dir='ltr'><strong>πιστεύειν,</strong></span> 
     </span>
    </p>
   </div>
   <div class='ocr_carea' id='block_1_66' title="bbox 217 3611 1781 3686">
    <p class='ocr_par' dir='ltr' id='par_1_66' title="bbox 217 3611 1781 3686">
     <span class='ocr_line' id='line_1_66' title="bbox 217 3611 1781 3686; baseline 0.002 -21"><span class='ocrx_word' id='word_1_477' title='bbox 217 3614 348 3666; x_wconf 76' lang='grc' dir='ltr'><strong>ἀλλὰ</strong></span> <span class='ocrx_word' id='word_1_478' title='bbox 377 3615 474 3668; x_wconf 80' lang='grc' dir='ltr'><strong>καὶ</strong></span> <span class='ocrx_word' id='word_1_479' title='bbox 504 3613 564 3667; x_wconf 87' lang='grc' dir='ltr'><strong>τὸ</strong></span> <span class='ocrx_word' id='word_1_480' title='bbox 600 3611 737 3683; x_wconf 81' lang='grc' dir='ltr'><strong>ὑπὲρ</strong></span> <span class='ocrx_word' id='word_1_481' title='bbox 782 3611 945 3665; x_wconf 82' lang='grc' dir='ltr'><strong>αὑτοῦ</strong></span> <span class='ocrx_word' id='word_1_482' title='bbox 992 3613 1239 3683; x_wconf 84' lang='grc' dir='ltr'><strong>πάσχειν.</strong></span> <span class='ocrx_word' id='word_1_483' title='bbox 1280 3634 1296 3665; x_wconf 75' lang='grc' dir='ltr'><strong>ι</strong></span> <span class='ocrx_word' id='word_1_484' title='bbox 1354 3616 1414 3667; x_wconf 83' lang='lat' dir='ltr'><strong>El</strong></span> <span class='ocrx_word' id='word_1_485' title='bbox 1457 3617 1519 3668; x_wconf 78' lang='grc' dir='ltr'><strong>ἐν</strong></span> <span class='ocrx_word' id='word_1_486' title='bbox 1562 3619 1781 3686; x_wconf 84' lang='grc' dir='ltr'><strong>χάριτος</strong></span> 
     </span>
    </p>
   </div>
   <div class='ocr_carea' id='block_1_67' title="bbox 220 3702 1777 3777">
    <p class='ocr_par' dir='ltr' id='par_1_67' title="bbox 220 3702 1777 3777">
     <span class='ocr_line' id='line_1_67' title="bbox 220 3702 1777 3777; baseline 0.003 -21"><span class='ocrx_word' id='word_1_487' title='bbox 220 3705 375 3776; x_wconf 76' lang='grc' dir='ltr'><strong>μέρει</strong></span> <span class='ocrx_word' id='word_1_488' title='bbox 398 3705 665 3775; x_wconf 86' lang='grc' dir='ltr'><strong>δεχόμεθα</strong></span> <span class='ocrx_word' id='word_1_489' title='bbox 707 3704 857 3772; x_wconf 87' lang='grc' dir='ltr'><strong>παρὰ</strong></span> <span class='ocrx_word' id='word_1_490' title='bbox 890 3702 1023 3756; x_wconf 89' lang='grc' dir='ltr'><strong>Θεοῦ</strong></span> <span class='ocrx_word' id='word_1_491' title='bbox 1058 3705 1119 3757; x_wconf 93' lang='grc' dir='ltr'><strong>τὸ</strong></span> <span class='ocrx_word' id='word_1_492' title='bbox 1150 3705 1425 3757; x_wconf 85' lang='grc' dir='ltr'><strong>πιστεύειν</strong></span> <span class='ocrx_word' id='word_1_493' title='bbox 1452 3709 1507 3759; x_wconf 79' lang='grc' dir='ltr'><strong>ὲν</strong></span> <span class='ocrx_word' id='word_1_494' title='bbox 1537 3707 1777 3777; x_wconf 84' lang='grc' dir='ltr'><strong>Χριστῷ,</strong></span> 
     </span>
    </p>
   </div>
   <div class='ocr_carea' id='block_1_68' title="bbox 216 3793 1779 3868">
    <p class='ocr_par' dir='ltr' id='par_1_68' title="bbox 216 3793 1779 3868">
     <span class='ocr_line' id='line_1_68' title="bbox 216 3793 1779 3868; baseline 0.002 -22"><span class='ocrx_word' id='word_1_495' title='bbox 216 3798 274 3847; x_wconf 81' lang='grc' dir='ltr'><strong>οὐ</strong></span> <span class='ocrx_word' id='word_1_496' title='bbox 304 3795 700 3868; x_wconf 81' lang='grc' dir='ltr'><strong>πεπλανήμεθα</strong></span> <span class='ocrx_word' id='word_1_497' title='bbox 730 3795 787 3847; x_wconf 79' lang='grc' dir='ltr'><strong>δὲ</strong></span> <span class='ocrx_word' id='word_1_498' title='bbox 816 3793 904 3846; x_wconf 83' lang='grc' dir='ltr'><strong>διὰ</strong></span> <span class='ocrx_word' id='word_1_499' title='bbox 937 3794 1095 3848; x_wconf 89' lang='grc' dir='ltr'><strong>τοῦτο</strong></span> <span class='ocrx_word' id='word_1_500' title='bbox 1140 3796 1360 3865; x_wconf 76' lang='grc' dir='ltr'><strong>μᾶλλον,</strong></span> <span class='ocrx_word' id='word_1_501' title='bbox 1391 3797 1505 3850; x_wconf 84' lang='grc' dir='ltr'><strong>ἀλλ’</strong></span> <span class='ocrx_word' id='word_1_502' title='bbox 1535 3797 1779 3865; x_wconf 73' lang='grc' dir='ltr'><strong>ἐγνώκα-</strong></span> 
     </span>
    </p>
   </div>
   <div class='ocr_carea' id='block_1_69' title="bbox 220 3884 1781 3954">
    <p class='ocr_par' dir='ltr' id='par_1_69' title="bbox 220 3884 1781 3954">
     <span class='ocr_line' id='line_1_69' title="bbox 220 3884 1781 3954; baseline 0.004 -19"><span class='ocrx_word' id='word_1_503' title='bbox 220 3901 316 3952; x_wconf 89' lang='grc' dir='ltr'><strong>μεν</strong></span> <span class='ocrx_word' id='word_1_504' title='bbox 344 3886 435 3938; x_wconf 90' lang='grc' dir='ltr'><strong>τὸν</strong></span> <span class='ocrx_word' id='word_1_505' title='bbox 465 3887 623 3953; x_wconf 81' lang='grc' dir='ltr'><strong>φύσει</strong></span> <span class='ocrx_word' id='word_1_506' title='bbox 650 3904 710 3939; x_wconf 90' lang='grc' dir='ltr'><strong>τε</strong></span> <span class='ocrx_word' id='word_1_507' title='bbox 738 3886 830 3938; x_wconf 74' lang='grc' dir='ltr'><strong>καὶ</strong></span> <span class='ocrx_word' id='word_1_508' title='bbox 862 3884 1076 3954; x_wconf 84' lang='grc' dir='ltr'><strong>άληθῶς</strong></span> <span class='ocrx_word' id='word_1_509' title='bbox 1107 3886 1239 3941; x_wconf 72' lang='grc' dir='ltr'><strong>ὄντα</strong></span> <span class='ocrx_word' id='word_1_510' title='bbox 1269 3888 1425 3942; x_wconf 81' lang='grc' dir='ltr'><strong>Θεόνο</strong></span> <span class='ocrx_word' id='word_1_511' title='bbox 1460 3890 1575 3953; x_wconf 81' lang='grc' dir='ltr'><strong>πῶς</strong></span> <span class='ocrx_word' id='word_1_512' title='bbox 1602 3888 1666 3943; x_wconf 75' lang='grc' dir='ltr'><strong>ἂν</strong></span> <span class='ocrx_word' id='word_1_513' title='bbox 1698 3891 1781 3943; x_wconf 79' lang='grc' dir='ltr'><strong>ὲν-</strong></span> 
     </span>
    </p>
   </div>
   <div class='ocr_carea' id='block_1_70' title="bbox 214 3974 1203 4045">
    <p class='ocr_par' dir='ltr' id='par_1_70' title="bbox 214 3974 1203 4045">
     <span class='ocr_line' id='line_1_70' title="bbox 214 3974 1203 4045; baseline 0.013 -19"><span class='ocrx_word' id='word_1_514' title='bbox 214 3974 445 4028; x_wconf 80' lang='grc' dir='ltr'><strong>δοιάσειέ</strong></span> <span class='ocrx_word' id='word_1_515' title='bbox 471 3994 574 4041; x_wconf 88' lang='grc' dir='ltr'><strong>τις,</strong></span> <span class='ocrx_word' id='word_1_516' title='bbox 610 3979 691 4030; x_wconf 73' lang='grc' dir='ltr'><strong>ὅτι</strong></span> <span class='ocrx_word' id='word_1_517' title='bbox 720 3974 849 4037; x_wconf 77' lang='grc' dir='ltr'><strong>Θεὸς</strong></span> <span class='ocrx_word' id='word_1_518' title='bbox 881 3976 909 4026; x_wconf 83' lang='grc' dir='ltr'>ὀ</span> <span class='ocrx_word' id='word_1_519' title='bbox 936 3976 1203 4045; x_wconf 73' lang='grc' dir='ltr'><strong>Χριστόςς</strong></span> 
     </span>
    </p>
   </div>
   <div class='ocr_carea' id='block_1_71' title="bbox 577 4105 1425 4175">
    <p class='ocr_par' dir='ltr' id='par_1_71' title="bbox 577 4105 1425 4175">
     <span class='ocr_line' id='line_1_71' title="bbox 577 4105 1425 4175; baseline -0.002 -12"><span class='ocrx_word' id='word_1_520' title='bbox 577 4111 678 4163; x_wconf 85' lang='grc' dir='ltr'><strong>Ἐκ</strong></span> <span class='ocrx_word' id='word_1_521' title='bbox 707 4105 814 4175; x_wconf 84' lang='grc' dir='ltr'><strong>τῆς</strong></span> <span class='ocrx_word' id='word_1_522' title='bbox 848 4105 997 4173; x_wconf 79' lang='grc' dir='ltr'><strong>πρὸς</strong></span> <span class='ocrx_word' id='word_1_523' title='bbox 1035 4108 1309 4174; x_wconf 80' lang='grc' dir='ltr'><strong>Τιμόθεον·</strong></span> <span class='ocrx_word' id='word_1_524' title='bbox 1355 4112 1425 4161; x_wconf 83' lang='grc' dir='ltr'><strong>α’.</strong></span> 
     </span>
    </p>
   </div>
   <div class='ocr_carea' id='block_1_72' title="bbox 286 4218 1777 4290">
    <p class='ocr_par' dir='ltr' id='par_1_72' title="bbox 286 4218 1777 4290">
     <span class='ocr_line' id='line_1_72' title="bbox 286 4218 1777 4290; baseline 0.001 -19"><span class='ocrx_word' id='word_1_525' title='bbox 286 4240 307 4271; x_wconf 67' lang='grc' dir='ltr'><strong><em>ο</em></strong></span> <span class='ocrx_word' id='word_1_526' title='bbox 355 4220 551 4283; x_wconf 82' lang='grc' dir='ltr'><strong>Πιστὸς</strong></span> <span class='ocrx_word' id='word_1_527' title='bbox 579 4223 608 4274; x_wconf 83' lang='grc' dir='ltr'>ὁ</span> <span class='ocrx_word' id='word_1_528' title='bbox 651 4218 825 4290; x_wconf 66' lang='grc' dir='ltr'><strong>λόγος,</strong></span> <span class='ocrx_word' id='word_1_529' title='bbox 858 4218 950 4271; x_wconf 84' lang='grc' dir='ltr'><strong>καί</strong></span> <span class='ocrx_word' id='word_1_530' title='bbox 979 4218 1157 4288; x_wconf 85' lang='grc' dir='ltr'><strong>πάσης</strong></span> <span class='ocrx_word' id='word_1_531' title='bbox 1190 4220 1456 4289; x_wconf 80' lang='grc' dir='ltr'><strong>αποόοχῆς</strong></span> <span class='ocrx_word' id='word_1_532' title='bbox 1494 4219 1661 4284; x_wconf 78' lang='grc' dir='ltr'><strong>ἄξιος,</strong></span> <span class='ocrx_word' id='word_1_533' title='bbox 1698 4221 1777 4273; x_wconf 87' lang='grc' dir='ltr'><strong>ὅτι</strong></span> 
     </span>
    </p>
   </div>
   <div class='ocr_carea' id='block_1_73' title="bbox 213 4308 1779 4383">
    <p class='ocr_par' dir='ltr' id='par_1_73' title="bbox 213 4308 1779 4383">
     <span class='ocr_line' id='line_1_73' title="bbox 213 4308 1779 4383; baseline -0.001 -18"><span class='ocrx_word' id='word_1_534' title='bbox 213 4311 446 4381; x_wconf 83' lang='grc' dir='ltr'><strong>Χριστὸς</strong></span> <span class='ocrx_word' id='word_1_535' title='bbox 486 4312 694 4383; x_wconf 85' lang='grc' dir='ltr'><strong>Ἰησοῦς</strong></span> <span class='ocrx_word' id='word_1_536' title='bbox 731 4308 893 4381; x_wconf 81' lang='grc' dir='ltr'><strong>ἦλθεν</strong></span> <span class='ocrx_word' id='word_1_537' title='bbox 937 4311 1015 4373; x_wconf 87' lang='grc' dir='ltr'><strong>είς</strong></span> <span class='ocrx_word' id='word_1_538' title='bbox 1062 4310 1151 4363; x_wconf 91' lang='grc' dir='ltr'><strong>τὸν</strong></span> <span class='ocrx_word' id='word_1_539' title='bbox 1182 4311 1383 4379; x_wconf 81' lang='grc' dir='ltr'><strong>κόσμον</strong></span> <span class='ocrx_word' id='word_1_540' title='bbox 1427 4310 1779 4380; x_wconf 84' lang='grc' dir='ltr'><strong>ἁμαρτωλοὺς</strong></span> 
     </span>
    </p>
   </div>
   <div class='ocr_carea' id='block_1_74' title="bbox 213 4392 1777 4471">
    <p class='ocr_par' dir='ltr' id='par_1_74' title="bbox 213 4392 1777 4471">
     <span class='ocr_line' id='line_1_74' title="bbox 213 4392 1777 4471; baseline -0.002 -17"><span class='ocrx_word' id='word_1_541' title='bbox 213 4401 407 4463; x_wconf 78' lang='grc' dir='ltr'><strong>σῶσαι,</strong></span> <span class='ocrx_word' id='word_1_542' title='bbox 445 4392 519 4453; x_wconf 83' lang='grc' dir='ltr'><strong>ὧν</strong></span> <span class='ocrx_word' id='word_1_543' title='bbox 564 4400 781 4471; x_wconf 83' lang='grc' dir='ltr'><strong>πρῶτός</strong></span> <span class='ocrx_word' id='word_1_544' title='bbox 821 4399 934 4468; x_wconf 82' lang='grc' dir='ltr'><strong>εἰμι</strong></span> <span class='ocrx_word' id='word_1_545' title='bbox 967 4399 1106 4466; x_wconf 79' lang='grc' dir='ltr'><strong>ἐγώ·</strong></span> <span class='ocrx_word' id='word_1_546' title='bbox 1152 4398 1286 4453; x_wconf 84' lang='grc' dir='ltr'><strong>άλλά</strong></span> <span class='ocrx_word' id='word_1_547' title='bbox 1317 4397 1406 4451; x_wconf 78' lang='grc' dir='ltr'><strong>διὰ</strong></span> <span class='ocrx_word' id='word_1_548' title='bbox 1436 4398 1592 4451; x_wconf 89' lang='grc' dir='ltr'><strong>τοῦτο</strong></span> <span class='ocrx_word' id='word_1_549' title='bbox 1619 4400 1777 4468; x_wconf 71' lang='grc' dir='ltr'><strong>ἠλεή-</strong></span> 
     </span>
    </p>
   </div>
   <div class='ocr_carea' id='block_1_75' title="bbox 1883 3249 3441 3319">
    <p class='ocr_par' dir='ltr' id='par_1_75' title="bbox 1883 3249 3441 3319">
     <span class='ocr_line' id='line_1_75' title="bbox 1883 3249 3441 3319; baseline -0.002 -12"><span class='ocrx_word' id='word_1_550' title='bbox 1883 3251 2104 3307; x_wconf 85' lang='lat' dir='ltr'><strong>reamini</strong></span> <span class='ocrx_word' id='word_1_551' title='bbox 2133 3251 2199 3304; x_wconf 88' lang='lat' dir='ltr'><strong>ab</strong></span> <span class='ocrx_word' id='word_1_552' title='bbox 2225 3250 2591 3319; x_wconf 87' lang='lat' dir='ltr'><strong>adversariis),</strong></span> <span class='ocrx_word' id='word_1_553' title='bbox 2628 3264 2746 3319; x_wconf 80' lang='lat' dir='ltr'><strong>quae</strong></span> <span class='ocrx_word' id='word_1_554' title='bbox 2778 3249 2882 3304; x_wconf 81' lang='lat' dir='ltr'><strong>illis</strong></span> <span class='ocrx_word' id='word_1_555' title='bbox 2917 3264 3074 3304; x_wconf 89' lang='lat' dir='ltr'><strong>causa</strong></span> <span class='ocrx_word' id='word_1_556' title='bbox 3124 3251 3441 3319; x_wconf 88' lang='lat' dir='ltr'><strong>perditionis</strong></span> 
     </span>
    </p>
   </div>
   <div class='ocr_carea' id='block_1_76' title="bbox 1880 3338 3440 3408">
    <p class='ocr_par' dir='ltr' id='par_1_76' title="bbox 1880 3338 3440 3408">
     <span class='ocr_line' id='line_1_76' title="bbox 1880 3338 3440 3408; baseline -0.001 -14"><span class='ocrx_word' id='word_1_557' title='bbox 1880 3349 1986 3404; x_wconf 87' lang='lat' dir='ltr'><strong>est,</strong></span> <span class='ocrx_word' id='word_1_558' title='bbox 2017 3340 2169 3394; x_wconf 90' lang='lat' dir='ltr'><strong>vobis</strong></span> <span class='ocrx_word' id='word_1_559' title='bbox 2202 3347 2378 3391; x_wconf 87' lang='lat' dir='ltr'><strong>autem</strong></span> <span class='ocrx_word' id='word_1_560' title='bbox 2410 3338 2596 3392; x_wconf 89' lang='lat' dir='ltr'><strong>salutis</strong></span> <span class='ocrx_word' id='word_1_561' title='bbox 2622 3381 2636 3404; x_wconf 97' lang='lat'><strong>,</strong></span> <span class='ocrx_word' id='word_1_562' title='bbox 2678 3348 2730 3391; x_wconf 89' lang='lat' dir='ltr'><strong>et</strong></span> <span class='ocrx_word' id='word_1_563' title='bbox 2762 3340 2861 3393; x_wconf 91' lang='lat' dir='ltr'><strong>hoc</strong></span> <span class='ocrx_word' id='word_1_564' title='bbox 2888 3354 2917 3391; x_wconf 90' lang='lat' dir='ltr'><strong>a</strong></span> <span class='ocrx_word' id='word_1_565' title='bbox 2952 3338 3062 3393; x_wconf 92' lang='lat' dir='ltr'><strong>Deo</strong></span> <span class='ocrx_word' id='word_1_566' title='bbox 3089 3356 3104 3394; x_wconf 90' lang='lat'><strong>:</strong></span> <span class='ocrx_word' id='word_1_567' title='bbox 3134 3343 3255 3408; x_wconf 89' lang='lat' dir='ltr'><strong>quia</strong></span> <span class='ocrx_word' id='word_1_568' title='bbox 3290 3339 3440 3393; x_wconf 88' lang='lat' dir='ltr'><strong>vobis</strong></span> 
     </span>
    </p>
   </div>
   <div class='ocr_carea' id='block_1_77' title="bbox 1882 3428 3441 3497">
    <p class='ocr_par' dir='ltr' id='par_1_77' title="bbox 1882 3428 3441 3497">
     <span class='ocr_line' id='line_1_77' title="bbox 1882 3428 3441 3497; baseline -0.001 -12"><span class='ocrx_word' id='word_1_569' title='bbox 1882 3432 2136 3485; x_wconf 90' lang='lat' dir='ltr'><strong>donatum</strong></span> <span class='ocrx_word' id='word_1_570' title='bbox 2164 3437 2246 3482; x_wconf 83' lang='lat' dir='ltr'><strong>est</strong></span> <span class='ocrx_word' id='word_1_571' title='bbox 2276 3442 2374 3497; x_wconf 87' lang='lat' dir='ltr'><strong>pro</strong></span> <span class='ocrx_word' id='word_1_572' title='bbox 2397 3428 2638 3494; x_wconf 86' lang='lat' dir='ltr'><strong>Christo,</strong></span> <span class='ocrx_word' id='word_1_573' title='bbox 2671 3442 2775 3482; x_wconf 91' lang='lat' dir='ltr'><strong>non</strong></span> <span class='ocrx_word' id='word_1_574' title='bbox 2800 3428 2971 3483; x_wconf 89' lang='lat' dir='ltr'><strong>solum</strong></span> <span class='ocrx_word' id='word_1_575' title='bbox 3003 3438 3058 3482; x_wconf 91' lang='lat' dir='ltr'><strong>ut</strong></span> <span class='ocrx_word' id='word_1_576' title='bbox 3086 3430 3136 3481; x_wconf 90' lang='lat' dir='ltr'><strong>in</strong></span> <span class='ocrx_word' id='word_1_577' title='bbox 3165 3444 3286 3483; x_wconf 90' lang='lat' dir='ltr'><strong>eum</strong></span> <span class='ocrx_word' id='word_1_578' title='bbox 3320 3445 3441 3483; x_wconf 87' lang='lat' dir='ltr'><strong>cre-</strong></span> 
     </span>
    </p>
   </div>
   <div class='ocr_carea' id='block_1_78' title="bbox 1882 3518 3442 3589">
    <p class='ocr_par' dir='ltr' id='par_1_78' title="bbox 1882 3518 3442 3589">
     <span class='ocr_line' id='line_1_78' title="bbox 1882 3518 3442 3589; baseline 0.001 -16"><span class='ocrx_word' id='word_1_579' title='bbox 1882 3520 2041 3583; x_wconf 90' lang='lat' dir='ltr'><strong>datis,</strong></span> <span class='ocrx_word' id='word_1_580' title='bbox 2073 3519 2166 3574; x_wconf 89' lang='lat' dir='ltr'><strong>sed</strong></span> <span class='ocrx_word' id='word_1_581' title='bbox 2199 3527 2255 3572; x_wconf 93' lang='lat' dir='ltr'><strong>ut</strong></span> <span class='ocrx_word' id='word_1_582' title='bbox 2287 3518 2448 3572; x_wconf 89' lang='lat' dir='ltr'><strong>etiam</strong></span> <span class='ocrx_word' id='word_1_583' title='bbox 2490 3532 2586 3587; x_wconf 91' lang='lat' dir='ltr'><strong>pro</strong></span> <span class='ocrx_word' id='word_1_584' title='bbox 2630 3519 2717 3573; x_wconf 88' lang='lat' dir='ltr'><strong>illo</strong></span> <span class='ocrx_word' id='word_1_585' title='bbox 2769 3520 3043 3589; x_wconf 80' lang='lat' dir='ltr'><strong>patiamini</strong></span> <span class='ocrx_word' id='word_1_586' title='bbox 3078 3521 3141 3574; x_wconf 84' lang='grc'><strong>⁶³.</strong></span> <span class='ocrx_word' id='word_1_587' title='bbox 3184 3540 3203 3573; x_wconf 72' lang='grc' dir='ltr'><strong>ι</strong></span> <span class='ocrx_word' id='word_1_588' title='bbox 3249 3520 3305 3575; x_wconf 87' lang='lat' dir='ltr'><strong>Si</strong></span> <span class='ocrx_word' id='word_1_589' title='bbox 3342 3521 3442 3576; x_wconf 89' lang='lat' dir='ltr'><strong>hoc</strong></span> 
     </span>
    </p>
   </div>
   <div class='ocr_carea' id='block_1_79' title="bbox 1882 3608 3438 3677">
    <p class='ocr_par' dir='ltr' id='par_1_79' title="bbox 1882 3608 3438 3677">
     <span class='ocr_line' id='line_1_79' title="bbox 1882 3608 3438 3677; baseline 0.001 -16"><span class='ocrx_word' id='word_1_590' title='bbox 1882 3625 1910 3661; x_wconf 91' lang='lat' dir='ltr'><strong>a</strong></span> <span class='ocrx_word' id='word_1_591' title='bbox 1950 3609 2059 3663; x_wconf 91' lang='lat' dir='ltr'><strong>Deo</strong></span> <span class='ocrx_word' id='word_1_592' title='bbox 2090 3608 2142 3661; x_wconf 89' lang='lat' dir='ltr'><strong>in</strong></span> <span class='ocrx_word' id='word_1_593' title='bbox 2168 3608 2354 3677; x_wconf 72' lang='lat' dir='ltr'><strong>gratia:</strong></span> <span class='ocrx_word' id='word_1_594' title='bbox 2404 3608 2524 3663; x_wconf 75' lang='lat' dir='ltr'><strong>loco</strong></span> <span class='ocrx_word' id='word_1_595' title='bbox 2556 3609 2850 3677; x_wconf 85' lang='lat' dir='ltr'><strong>accipimus</strong></span> <span class='ocrx_word' id='word_1_596' title='bbox 2871 3649 2884 3673; x_wconf 95' lang='lat'><strong>,</strong></span> <span class='ocrx_word' id='word_1_597' title='bbox 2920 3610 3059 3677; x_wconf 88' lang='lat' dir='ltr'><strong>quod</strong></span> <span class='ocrx_word' id='word_1_598' title='bbox 3090 3611 3139 3663; x_wconf 86' lang='lat' dir='ltr'><strong>in</strong></span> <span class='ocrx_word' id='word_1_599' title='bbox 3169 3610 3438 3664; x_wconf 85' lang='lat' dir='ltr'><strong>Christum</strong></span> 
     </span>
    </p>
   </div>
   <div class='ocr_carea' id='block_1_80' title="bbox 1880 3695 3438 3764">
    <p class='ocr_par' dir='ltr' id='par_1_80' title="bbox 1880 3695 3438 3764">
     <span class='ocr_line' id='line_1_80' title="bbox 1880 3695 3438 3764; baseline 0.001 -16"><span class='ocrx_word' id='word_1_600' title='bbox 1880 3695 2173 3757; x_wconf 83' lang='lat' dir='ltr'><strong>credimus,</strong></span> <span class='ocrx_word' id='word_1_601' title='bbox 2226 3710 2398 3762; x_wconf 88' lang='lat' dir='ltr'><strong>neque</strong></span> <span class='ocrx_word' id='word_1_602' title='bbox 2442 3711 2536 3764; x_wconf 87' lang='lat' dir='ltr'><strong>per</strong></span> <span class='ocrx_word' id='word_1_603' title='bbox 2589 3696 2687 3749; x_wconf 87' lang='lat' dir='ltr'><strong>hoc</strong></span> <span class='ocrx_word' id='word_1_604' title='bbox 2731 3698 2781 3749; x_wconf 91' lang='lat' dir='ltr'><strong>in</strong></span> <span class='ocrx_word' id='word_1_605' title='bbox 2820 3704 3057 3751; x_wconf 76' lang='lat' dir='ltr'><strong>errorem</strong></span> <span class='ocrx_word' id='word_1_606' title='bbox 3104 3698 3438 3761; x_wconf 80' lang='lat' dir='ltr'><strong>abducimur,</strong></span> 
     </span>
    </p>
   </div>
   <div class='ocr_carea' id='block_1_81' title="bbox 1880 3785 3443 3857">
    <p class='ocr_par' dir='ltr' id='par_1_81' title="bbox 1880 3785 3443 3857">
     <span class='ocr_line' id='line_1_81' title="bbox 1880 3785 3443 3857; baseline 0.001 -17"><span class='ocrx_word' id='word_1_607' title='bbox 1880 3786 1976 3840; x_wconf 89' lang='lat' dir='ltr'><strong>sed</strong></span> <span class='ocrx_word' id='word_1_608' title='bbox 1999 3786 2053 3839; x_wconf 90' lang='lat' dir='ltr'><strong>in</strong></span> <span class='ocrx_word' id='word_1_609' title='bbox 2077 3785 2193 3854; x_wconf 77' lang='lat' dir='ltr'><strong>ejus</strong></span> <span class='ocrx_word' id='word_1_610' title='bbox 2212 3786 2389 3853; x_wconf 86' lang='lat' dir='ltr'><strong>potius</strong></span> <span class='ocrx_word' id='word_1_611' title='bbox 2410 3786 2769 3857; x_wconf 86' lang='lat' dir='ltr'><strong>cognitionem</strong></span> <span class='ocrx_word' id='word_1_612' title='bbox 2806 3788 3139 3855; x_wconf 83' lang='lat' dir='ltr'><strong>adducimur,</strong></span> <span class='ocrx_word' id='word_1_613' title='bbox 3165 3787 3256 3857; x_wconf 90' lang='lat' dir='ltr'><strong>qni</strong></span> <span class='ocrx_word' id='word_1_614' title='bbox 3282 3802 3443 3843; x_wconf 88' lang='lat' dir='ltr'><strong>verus</strong></span> 
     </span>
    </p>
   </div>
   <div class='ocr_carea' id='block_1_82' title="bbox 1879 3877 3439 3946">
    <p class='ocr_par' dir='ltr' id='par_1_82' title="bbox 1879 3877 3439 3946">
     <span class='ocr_line' id='line_1_82' title="bbox 1879 3877 3439 3946; baseline 0.001 -15"><span class='ocrx_word' id='word_1_615' title='bbox 1879 3877 2172 3931; x_wconf 74' lang='lat' dir='ltr'><strong>secundum</strong></span> <span class='ocrx_word' id='word_1_616' title='bbox 2206 3887 2452 3930; x_wconf 82' lang='lat' dir='ltr'><strong>naturam</strong></span> <span class='ocrx_word' id='word_1_617' title='bbox 2499 3878 2636 3931; x_wconf 86' lang='lat' dir='ltr'><strong>Dens</strong></span> <span class='ocrx_word' id='word_1_618' title='bbox 2681 3887 2802 3932; x_wconf 87' lang='lat' dir='ltr'><strong>est:</strong></span> <span class='ocrx_word' id='word_1_619' title='bbox 2854 3882 3120 3946; x_wconf 88' lang='lat' dir='ltr'><strong>quomodo</strong></span> <span class='ocrx_word' id='word_1_620' title='bbox 3166 3880 3439 3934; x_wconf 81' lang='lat' dir='ltr'><strong>Christum</strong></span> 
     </span>
    </p>
   </div>
   <div class='ocr_carea' id='block_1_83' title="bbox 1881 3968 2899 4039">
    <p class='ocr_par' dir='ltr' id='par_1_83' title="bbox 1881 3968 2899 4039">
     <span class='ocr_line' id='line_1_83' title="bbox 1881 3968 2899 4039; baseline -0.002 -16"><span class='ocrx_word' id='word_1_621' title='bbox 1881 3968 2047 4023; x_wconf 82' lang='lat' dir='ltr'><strong>Deum</strong></span> <span class='ocrx_word' id='word_1_622' title='bbox 2080 3982 2218 4033; x_wconf 86' lang='lat' dir='ltr'><strong>esse,</strong></span> <span class='ocrx_word' id='word_1_623' title='bbox 2258 3969 2526 4039; x_wconf 83' lang='lat' dir='ltr'><strong>ambigere</strong></span> <span class='ocrx_word' id='word_1_624' title='bbox 2549 3969 2677 4038; x_wconf 78' lang='lat' dir='ltr'><strong>quis</strong></span> <span class='ocrx_word' id='word_1_625' title='bbox 2702 3970 2899 4039; x_wconf 73' lang='lat' dir='ltr'><strong>queat?</strong></span> 
     </span>
    </p>
   </div>
   <div class='ocr_carea' id='block_1_84' title="bbox 2197 4099 3128 4172">
    <p class='ocr_par' dir='ltr' id='par_1_84' title="bbox 2197 4099 3128 4172">
     <span class='ocr_line' id='line_1_84' title="bbox 2197 4099 3128 4172; baseline 0 -15"><span class='ocrx_word' id='word_1_626' title='bbox 2197 4099 2354 4172; x_wconf 59' lang='lat'><strong>125</strong></span> <span class='ocrx_word' id='word_1_627' title='bbox 2383 4099 2465 4155; x_wconf 80' lang='lat' dir='ltr'><strong>Ea:</strong></span> <span class='ocrx_word' id='word_1_628' title='bbox 2493 4104 2656 4170; x_wconf 80' lang='lat' dir='ltr'><strong>priori</strong></span> <span class='ocrx_word' id='word_1_629' title='bbox 2687 4104 2755 4156; x_wconf 84' lang='lat' dir='ltr'><strong>ad</strong></span> <span class='ocrx_word' id='word_1_630' title='bbox 2790 4105 3128 4158; x_wconf 81' lang='lat' dir='ltr'><strong>Timotheum.</strong></span> 
     </span>
    </p>
   </div>
   <div class='ocr_carea' id='block_1_85' title="bbox 1958 4212 3438 4285">
    <p class='ocr_par' dir='ltr' id='par_1_85' title="bbox 1958 4212 3438 4285">
     <span class='ocr_line' id='line_1_85' title="bbox 1958 4212 3438 4285; baseline 0 -18"><span class='ocrx_word' id='word_1_631' title='bbox 1958 4235 1975 4267; x_wconf 79' lang='grc' dir='ltr'><strong>ι</strong></span> <span class='ocrx_word' id='word_1_632' title='bbox 2014 4212 2209 4269; x_wconf 83' lang='lat' dir='ltr'><strong>Fidelis</strong></span> <span class='ocrx_word' id='word_1_633' title='bbox 2234 4229 2431 4280; x_wconf 86' lang='lat' dir='ltr'><strong>sermo,</strong></span> <span class='ocrx_word' id='word_1_634' title='bbox 2455 4224 2509 4267; x_wconf 90' lang='lat' dir='ltr'><strong>et</strong></span> <span class='ocrx_word' id='word_1_635' title='bbox 2532 4214 2678 4268; x_wconf 91' lang='lat' dir='ltr'><strong>omni</strong></span> <span class='ocrx_word' id='word_1_636' title='bbox 2714 4216 3025 4284; x_wconf 87' lang='lat' dir='ltr'><strong>acceptione</strong></span> <span class='ocrx_word' id='word_1_637' title='bbox 3054 4217 3268 4284; x_wconf 86' lang='lat' dir='ltr'><strong>dignus,</strong></span> <span class='ocrx_word' id='word_1_638' title='bbox 3297 4220 3438 4285; x_wconf 87' lang='lat' dir='ltr'><strong>quod</strong></span> 
     </span>
    </p>
   </div>
   <div class='ocr_carea' id='block_1_86' title="bbox 1879 4303 3440 4375">
    <p class='ocr_par' dir='ltr' id='par_1_86' title="bbox 1879 4303 3440 4375">
     <span class='ocr_line' id='line_1_86' title="bbox 1879 4303 3440 4375; baseline 0.001 -15"><span class='ocrx_word' id='word_1_639' title='bbox 1879 4306 2128 4360; x_wconf 89' lang='lat' dir='ltr'><strong>Christus</strong></span> <span class='ocrx_word' id='word_1_640' title='bbox 2160 4303 2321 4360; x_wconf 81' lang='lat' dir='ltr'><strong>Jesus</strong></span> <span class='ocrx_word' id='word_1_641' title='bbox 2364 4306 2509 4359; x_wconf 80' lang='lat' dir='ltr'><strong>venit</strong></span> <span class='ocrx_word' id='word_1_642' title='bbox 2544 4305 2595 4358; x_wconf 93' lang='lat' dir='ltr'><strong>in</strong></span> <span class='ocrx_word' id='word_1_643' title='bbox 2651 4305 2793 4360; x_wconf 89' lang='lat' dir='ltr'><strong>hunc</strong></span> <span class='ocrx_word' id='word_1_644' title='bbox 2835 4308 3087 4359; x_wconf 86' lang='lat' dir='ltr'><strong>mundum</strong></span> <span class='ocrx_word' id='word_1_645' title='bbox 3131 4316 3440 4375; x_wconf 87' lang='lat' dir='ltr'><strong>peccatores</strong></span> 
     </span>
    </p>
   </div>
   <div class='ocr_carea' id='block_1_87' title="bbox 1882 4395 3441 4465">
    <p class='ocr_par' dir='ltr' id='par_1_87' title="bbox 1882 4395 3441 4465">
     <span class='ocr_line' id='line_1_87' title="bbox 1882 4395 3441 4465; baseline 0.001 -16"><span class='ocrx_word' id='word_1_646' title='bbox 1882 4397 2061 4450; x_wconf 83' lang='lat' dir='ltr'><strong>salvos</strong></span> <span class='ocrx_word' id='word_1_647' title='bbox 2089 4395 2265 4449; x_wconf 85' lang='lat' dir='ltr'><strong>facere</strong></span> <span class='ocrx_word' id='word_1_648' title='bbox 2290 4412 2305 4461; x_wconf 86' lang='lat'><strong>;</strong></span> <span class='ocrx_word' id='word_1_649' title='bbox 2335 4410 2561 4463; x_wconf 90' lang='lat' dir='ltr'><strong>quorum</strong></span> <span class='ocrx_word' id='word_1_650' title='bbox 2591 4398 2795 4463; x_wconf 89' lang='lat' dir='ltr'><strong>primus</strong></span> <span class='ocrx_word' id='word_1_651' title='bbox 2834 4411 2931 4465; x_wconf 89' lang='lat' dir='ltr'><strong>ego</strong></span> <span class='ocrx_word' id='word_1_652' title='bbox 2967 4411 3083 4449; x_wconf 89' lang='lat' dir='ltr'><strong>sum</strong></span> <span class='ocrx_word' id='word_1_653' title='bbox 3117 4414 3129 4449; x_wconf 88' lang='lat'>:</span> <span class='ocrx_word' id='word_1_654' title='bbox 3186 4396 3277 4450; x_wconf 89' lang='lat' dir='ltr'><strong>sed</strong></span> <span class='ocrx_word' id='word_1_655' title='bbox 3324 4397 3441 4451; x_wconf 90' lang='lat' dir='ltr'><strong>ideo</strong></span> 
     </span>
    </p>
   </div>
   <div class='ocr_carea' id='block_1_88' title="bbox 212 4484 1777 4561">
    <p class='ocr_par' dir='ltr' id='par_1_88' title="bbox 212 4484 1777 4561">
     <span class='ocr_line' id='line_1_88' title="bbox 212 4484 1777 4561; baseline -0.003 -17"><span class='ocrx_word' id='word_1_656' title='bbox 212 4491 333 4561; x_wconf 89' lang='grc' dir='ltr'><strong>θην,</strong></span> <span class='ocrx_word' id='word_1_657' title='bbox 369 4490 457 4543; x_wconf 82' lang='grc' dir='ltr'><strong>ἵνα</strong></span> <span class='ocrx_word' id='word_1_658' title='bbox 483 4492 538 4543; x_wconf 82' lang='grc' dir='ltr'>ὲν</span> <span class='ocrx_word' id='word_1_659' title='bbox 570 4492 694 4559; x_wconf 76' lang='grc' dir='ltr'><strong>ἐμοὶ</strong></span> <span class='ocrx_word' id='word_1_660' title='bbox 724 4488 922 4559; x_wconf 84' lang='grc' dir='ltr'><strong>πρώτῳ</strong></span> <span class='ocrx_word' id='word_1_661' title='bbox 945 4486 1153 4559; x_wconf 72' lang='grc' dir='ltr'><strong>ἐνδείξῃ</strong></span> <span class='ocrx_word' id='word_1_662' title='bbox 1178 4488 1406 4556; x_wconf 86' lang='grc' dir='ltr'><strong>Χριστὸς</strong></span> <span class='ocrx_word' id='word_1_663' title='bbox 1449 4484 1651 4556; x_wconf 79' lang='grc' dir='ltr'><strong>Ἰησοῦς</strong></span> <span class='ocrx_word' id='word_1_664' title='bbox 1682 4487 1777 4557; x_wconf 84' lang='grc' dir='ltr'><strong>τὴν</strong></span> 
     </span>
    </p>
   </div>
   <div class='ocr_carea' id='block_1_89' title="bbox 1879 4484 3443 4561">
    <p class='ocr_par' dir='ltr' id='par_1_89' title="bbox 1883 4487 3443 4555">
     <span class='ocr_line' id='line_1_89' title="bbox 1883 4487 3443 4555; baseline 0 -14"><span class='ocrx_word' id='word_1_665' title='bbox 1883 4489 2307 4542; x_wconf 86' lang='lat' dir='ltr'><strong>misericordiam</strong></span> <span class='ocrx_word' id='word_1_666' title='bbox 2349 4496 2671 4543; x_wconf 79' lang='lat' dir='ltr'><strong>consecutus</strong></span> <span class='ocrx_word' id='word_1_667' title='bbox 2732 4504 2877 4553; x_wconf 90' lang='lat' dir='ltr'><strong>sum,</strong></span> <span class='ocrx_word' id='word_1_668' title='bbox 2934 4498 2991 4540; x_wconf 92' lang='lat' dir='ltr'><strong>ut</strong></span> <span class='ocrx_word' id='word_1_669' title='bbox 3044 4487 3096 4541; x_wconf 90' lang='lat' dir='ltr'><strong>in</strong></span> <span class='ocrx_word' id='word_1_670' title='bbox 3146 4504 3230 4541; x_wconf 91' lang='lat' dir='ltr'><strong>me</strong></span> <span class='ocrx_word' id='word_1_671' title='bbox 3268 4488 3443 4555; x_wconf 89' lang='lat' dir='ltr'><strong>primo</strong></span> 
     </span>
    </p>
   </div>
   <div class='ocr_carea' id='block_1_90' title="bbox 211 4574 1777 4649">
    <p class='ocr_par' dir='ltr' id='par_1_90' title="bbox 211 4574 1777 4649">
     <span class='ocr_line' id='line_1_90' title="bbox 211 4574 1777 4649; baseline -0.004 -16"><span class='ocrx_word' id='word_1_672' title='bbox 211 4582 432 4633; x_wconf 76' lang='grc' dir='ltr'><strong>ἃπασαν</strong></span> <span class='ocrx_word' id='word_1_673' title='bbox 479 4578 879 4649; x_wconf 81' lang='grc' dir='ltr'><strong>μακροθυμίαν,</strong></span> <span class='ocrx_word' id='word_1_674' title='bbox 930 4576 1064 4648; x_wconf 82' lang='grc' dir='ltr'><strong>πρὸς</strong></span> <span class='ocrx_word' id='word_1_675' title='bbox 1118 4576 1462 4629; x_wconf 83' lang='grc' dir='ltr'><strong>ὑποτύπωσιν</strong></span> <span class='ocrx_word' id='word_1_676' title='bbox 1497 4574 1602 4627; x_wconf 81' lang='grc' dir='ltr'><strong>τῶν</strong></span> <span class='ocrx_word' id='word_1_677' title='bbox 1650 4576 1777 4644; x_wconf 82' lang='grc' dir='ltr'><strong>μελ-</strong></span> 
     </span>
    </p>
   </div>
   <div class='ocr_carea' id='block_1_91' title="bbox 211 4667 1776 4737">
    <p class='ocr_par' dir='ltr' id='par_1_91' title="bbox 211 4667 1776 4737">
     <span class='ocr_line' id='line_1_91' title="bbox 211 4667 1776 4737; baseline -0.002 -15"><span class='ocrx_word' id='word_1_678' title='bbox 211 4672 411 4724; x_wconf 77' lang='grc' dir='ltr'><strong>λόντων</strong></span> <span class='ocrx_word' id='word_1_679' title='bbox 444 4668 716 4720; x_wconf 83' lang='grc' dir='ltr'><strong>πιστεύειν</strong></span> <span class='ocrx_word' id='word_1_680' title='bbox 757 4670 841 4721; x_wconf 77' lang='grc' dir='ltr'><strong>ἐπ’</strong></span> <span class='ocrx_word' id='word_1_681' title='bbox 872 4668 1019 4737; x_wconf 82' lang='grc' dir='ltr'><strong>αὐτῷ</strong></span> <span class='ocrx_word' id='word_1_682' title='bbox 1068 4670 1146 4730; x_wconf 79' lang='grc' dir='ltr'><strong>είς</strong></span> <span class='ocrx_word' id='word_1_683' title='bbox 1194 4667 1336 4737; x_wconf 79' lang='grc' dir='ltr'><strong>ζωὴν</strong></span> <span class='ocrx_word' id='word_1_684' title='bbox 1378 4667 1611 4719; x_wconf 78' lang='grc' dir='ltr'><strong>αἰώνιον.</strong></span> <span class='ocrx_word' id='word_1_685' title='bbox 1660 4685 1677 4716; x_wconf 77' lang='grc' dir='ltr'><strong>ι</strong></span> <span class='ocrx_word' id='word_1_686' title='bbox 1716 4668 1776 4719; x_wconf 86' lang='grc' dir='ltr'><strong>Εί</strong></span> 
     </span>
    </p>
   </div>
   <div class='ocr_carea' id='block_1_92' title="bbox 212 4755 1777 4831">
    <p class='ocr_par' dir='ltr' id='par_1_92' title="bbox 212 4755 1777 4831">
     <span class='ocr_line' id='line_1_92' title="bbox 212 4755 1777 4831; baseline -0.004 -17"><span class='ocrx_word' id='word_1_687' title='bbox 212 4755 571 4831; x_wconf 74' lang='grc' dir='ltr'><strong>ἁμαρτωλοὺς</strong></span> <span class='ocrx_word' id='word_1_688' title='bbox 617 4756 777 4829; x_wconf 78' lang='grc' dir='ltr'><strong>σώζει</strong></span> <span class='ocrx_word' id='word_1_689' title='bbox 822 4756 1074 4828; x_wconf 86' lang='grc' dir='ltr'><strong>Χριστὸς,</strong></span> <span class='ocrx_word' id='word_1_690' title='bbox 1125 4760 1220 4809; x_wconf 79' lang='grc' dir='ltr'><strong>καὶ</strong></span> <span class='ocrx_word' id='word_1_691' title='bbox 1276 4755 1617 4825; x_wconf 82' lang='grc' dir='ltr'><strong>μακροθυμεῖ</strong></span> <span class='ocrx_word' id='word_1_692' title='bbox 1666 4757 1777 4818; x_wconf 88' lang='grc' dir='ltr'><strong>τοῖς</strong></span> 
     </span>
    </p>
   </div>
   <div class='ocr_carea' id='block_1_93' title="bbox 214 4844 1774 4921">
    <p class='ocr_par' dir='ltr' id='par_1_93' title="bbox 214 4844 1774 4921">
     <span class='ocr_line' id='line_1_93' title="bbox 214 4844 1774 4921; baseline -0.005 -18"><span class='ocrx_word' id='word_1_693' title='bbox 214 4846 668 4921; x_wconf 76' lang='grc' dir='ltr'><strong>πλημμελήμασι,</strong></span> <span class='ocrx_word' id='word_1_694' title='bbox 716 4844 999 4914; x_wconf 84' lang='grc' dir='ltr'><strong>δεχόμενος</strong></span> <span class='ocrx_word' id='word_1_695' title='bbox 1044 4844 1222 4897; x_wconf 79' lang='grc' dir='ltr'><strong>αὐτῶν</strong></span> <span class='ocrx_word' id='word_1_696' title='bbox 1257 4846 1354 4913; x_wconf 82' lang='grc' dir='ltr'><strong>τὴν</strong></span> <span class='ocrx_word' id='word_1_697' title='bbox 1403 4846 1774 4916; x_wconf 74' lang='grc' dir='ltr'><strong>μετάγνωσινδ</strong></span> 
     </span>
    </p>
   </div>
   <div class='ocr_carea' id='block_1_94' title="bbox 211 4935 1778 5008">
    <p class='ocr_par' dir='ltr' id='par_1_94' title="bbox 211 4935 1778 5008">
     <span class='ocr_line' id='line_1_94' title="bbox 211 4935 1778 5008; baseline -0.004 -15"><span class='ocrx_word' id='word_1_698' title='bbox 211 4944 307 4993; x_wconf 76' lang='grc' dir='ltr'><strong>καὶ</strong></span> <span class='ocrx_word' id='word_1_699' title='bbox 338 4942 488 4995; x_wconf 73' lang='grc' dir='ltr'><strong>πᾶσα</strong></span> <span class='ocrx_word' id='word_1_700' title='bbox 517 4936 671 5008; x_wconf 81' lang='grc' dir='ltr'><strong>ἡμῶν</strong></span> <span class='ocrx_word' id='word_1_701' title='bbox 699 4937 737 5005; x_wconf 67' lang='grc' dir='ltr'><strong>ἡ</strong></span> <span class='ocrx_word' id='word_1_702' title='bbox 761 4935 940 4995; x_wconf 88' lang='grc' dir='ltr'><strong>πίστις</strong></span> <span class='ocrx_word' id='word_1_703' title='bbox 983 4936 1065 4986; x_wconf 75' lang='grc' dir='ltr'><strong>ἐπ’</strong></span> <span class='ocrx_word' id='word_1_704' title='bbox 1107 4935 1276 5003; x_wconf 81' lang='grc' dir='ltr'><strong>αὐτῷ,</strong></span> <span class='ocrx_word' id='word_1_705' title='bbox 1321 4937 1413 4988; x_wconf 74' lang='grc' dir='ltr'><strong>καὶ</strong></span> <span class='ocrx_word' id='word_1_706' title='bbox 1457 4936 1541 4989; x_wconf 76' lang='grc' dir='ltr'><strong>διὰ</strong></span> <span class='ocrx_word' id='word_1_707' title='bbox 1571 4936 1669 5005; x_wconf 83' lang='grc' dir='ltr'><strong>τῆς</strong></span> <span class='ocrx_word' id='word_1_708' title='bbox 1700 4938 1778 4998; x_wconf 84' lang='grc' dir='ltr'><strong>εἰς</strong></span> 
     </span>
    </p>
   </div>
   <div class='ocr_carea' id='block_1_95' title="bbox 213 5027 1772 5101">
    <p class='ocr_par' dir='ltr' id='par_1_95' title="bbox 213 5027 1772 5101">
     <span class='ocr_line' id='line_1_95' title="bbox 213 5027 1772 5101; baseline 0.001 -21"><span class='ocrx_word' id='word_1_709' title='bbox 213 5036 376 5087; x_wconf 69' lang='grc' dir='ltr'><strong>αὑτὸν</strong></span> <span class='ocrx_word' id='word_1_710' title='bbox 408 5035 639 5096; x_wconf 75' lang='grc' dir='ltr'><strong>πίστεως</strong></span> <span class='ocrx_word' id='word_1_711' title='bbox 666 5030 763 5101; x_wconf 76' lang='grc' dir='ltr'><strong>τὴν</strong></span> <span class='ocrx_word' id='word_1_712' title='bbox 792 5027 936 5096; x_wconf 79' lang='grc' dir='ltr'><strong>ζωὴν</strong></span> <span class='ocrx_word' id='word_1_713' title='bbox 964 5027 1061 5096; x_wconf 86' lang='grc' dir='ltr'><strong>τὴν</strong></span> <span class='ocrx_word' id='word_1_714' title='bbox 1090 5027 1303 5080; x_wconf 78' lang='grc' dir='ltr'><strong>αἰώνιον</strong></span> <span class='ocrx_word' id='word_1_715' title='bbox 1335 5031 1742 5099; x_wconf 79' lang='grc' dir='ltr'><strong>κεκερδήκαμεν</strong></span> <span class='ocrx_word' id='word_1_716' title='bbox 1761 5047 1772 5058; x_wconf 94' lang='grc'><strong>·</strong></span> 
     </span>
    </p>
   </div>
   <div class='ocr_carea' id='block_1_96' title="bbox 215 5116 1779 5192">
    <p class='ocr_par' dir='ltr' id='par_1_96' title="bbox 215 5116 1779 5192">
     <span class='ocr_line' id='line_1_96' title="bbox 215 5116 1779 5192; baseline -0.004 -16"><span class='ocrx_word' id='word_1_717' title='bbox 215 5122 329 5184; x_wconf 78' lang='grc' dir='ltr'><strong>πῶς</strong></span> <span class='ocrx_word' id='word_1_718' title='bbox 363 5125 425 5176; x_wconf 83' lang='grc' dir='ltr'><strong>οὐ</strong></span> <span class='ocrx_word' id='word_1_719' title='bbox 455 5125 584 5187; x_wconf 90' lang='grc' dir='ltr'><strong>Θεὸς</strong></span> <span class='ocrx_word' id='word_1_720' title='bbox 634 5124 717 5192; x_wconf 84' lang='grc' dir='ltr'><strong>εῐη</strong></span> <span class='ocrx_word' id='word_1_721' title='bbox 764 5122 867 5186; x_wconf 59' lang='lat' dir='ltr'><strong>av;</strong></span> <span class='ocrx_word' id='word_1_722' title='bbox 899 5120 978 5172; x_wconf 85' lang='grc' dir='ltr'><strong>ὅτι</strong></span> <span class='ocrx_word' id='word_1_723' title='bbox 1027 5116 1122 5169; x_wconf 70' lang='grc' dir='ltr'><strong>καὶ</strong></span> <span class='ocrx_word' id='word_1_724' title='bbox 1169 5116 1314 5185; x_wconf 85' lang='grc' dir='ltr'><strong>μόνῳ</strong></span> <span class='ocrx_word' id='word_1_725' title='bbox 1346 5118 1461 5187; x_wconf 80' lang='grc' dir='ltr'><strong>Θεῷ</strong></span> <span class='ocrx_word' id='word_1_726' title='bbox 1494 5120 1690 5189; x_wconf 85' lang='grc' dir='ltr'><strong>πρέποι</strong></span> <span class='ocrx_word' id='word_1_727' title='bbox 1714 5118 1779 5171; x_wconf 86' lang='grc' dir='ltr'><strong>ἂν</strong></span> 
     </span>
    </p>
   </div>
   <div class='ocr_carea' id='block_1_97' title="bbox 212 5205 1778 5281">
    <p class='ocr_par' dir='ltr' id='par_1_97' title="bbox 212 5205 1778 5281">
     <span class='ocr_line' id='line_1_97' title="bbox 212 5205 1778 5281; baseline 0.003 -22"><span class='ocrx_word' id='word_1_728' title='bbox 212 5211 437 5273; x_wconf 75' lang='grc' dir='ltr'><strong>εἰκότως</strong></span> <span class='ocrx_word' id='word_1_729' title='bbox 484 5213 545 5264; x_wconf 88' lang='grc' dir='ltr'><strong>τὸ</strong></span> <span class='ocrx_word' id='word_1_730' title='bbox 595 5214 685 5264; x_wconf 76' lang='grc' dir='ltr'><strong>καὶ</strong></span> <span class='ocrx_word' id='word_1_731' title='bbox 736 5210 926 5275; x_wconf 76' lang='grc' dir='ltr'><strong>σώζειν</strong></span> <span class='ocrx_word' id='word_1_732' title='bbox 977 5207 1233 5262; x_wconf 86' lang='grc' dir='ltr'><strong>δύνασθαι</strong></span> <span class='ocrx_word' id='word_1_733' title='bbox 1272 5205 1363 5257; x_wconf 86' lang='grc' dir='ltr'><strong>τὸν</strong></span> <span class='ocrx_word' id='word_1_734' title='bbox 1398 5209 1621 5277; x_wconf 87' lang='grc' dir='ltr'><strong>κόσμον,</strong></span> <span class='ocrx_word' id='word_1_735' title='bbox 1660 5211 1778 5281; x_wconf 77' lang='grc' dir='ltr'><strong>ἦτοι</strong></span> 
     </span>
    </p>
   </div>
   <div class='ocr_carea' id='block_1_98' title="bbox 214 5299 1779 5373">
    <p class='ocr_par' dir='ltr' id='par_1_98' title="bbox 214 5299 1779 5373">
     <span class='ocr_line' id='line_1_98' title="bbox 214 5299 1779 5373; baseline 0.003 -23"><span class='ocrx_word' id='word_1_736' title='bbox 214 5300 338 5360; x_wconf 67' lang='grc' dir='ltr'><strong>τοὺς</strong></span> <span class='ocrx_word' id='word_1_737' title='bbox 380 5302 437 5350; x_wconf 79' lang='grc' dir='ltr'><strong>ὲν</strong></span> <span class='ocrx_word' id='word_1_738' title='bbox 480 5303 554 5370; x_wconf 84' lang='grc' dir='ltr'><strong>τῷ</strong></span> <span class='ocrx_word' id='word_1_739' title='bbox 591 5305 801 5373; x_wconf 80' lang='grc' dir='ltr'><strong>κόσμῳ,</strong></span> <span class='ocrx_word' id='word_1_740' title='bbox 833 5304 924 5356; x_wconf 74' lang='grc' dir='ltr'><strong>καὶ</strong></span> <span class='ocrx_word' id='word_1_741' title='bbox 976 5299 1342 5371; x_wconf 82' lang='grc' dir='ltr'><strong>μακροθυμεῖν</strong></span> <span class='ocrx_word' id='word_1_742' title='bbox 1378 5302 1489 5362; x_wconf 82' lang='grc' dir='ltr'><strong>τοῖς</strong></span> <span class='ocrx_word' id='word_1_743' title='bbox 1530 5303 1779 5372; x_wconf 69' lang='grc' dir='ltr'><strong>ἀμαρτάα</strong></span> 
     </span>
    </p>
   </div>
   <div class='ocr_carea' id='block_1_99' title="bbox 217 5387 1779 5458">
    <p class='ocr_par' dir='ltr' id='par_1_99' title="bbox 217 5387 1779 5458">
     <span class='ocr_line' id='line_1_99' title="bbox 217 5387 1779 5458; baseline 0.001 -19"><span class='ocrx_word' id='word_1_744' title='bbox 217 5405 397 5454; x_wconf 78' lang='grc' dir='ltr'><strong>νουσι,</strong></span> <span class='ocrx_word' id='word_1_745' title='bbox 467 5392 560 5441; x_wconf 68' lang='grc' dir='ltr'><strong>καὶ</strong></span> <span class='ocrx_word' id='word_1_746' title='bbox 625 5392 903 5453; x_wconf 81' lang='grc' dir='ltr'><strong>ζωοποιεῖν</strong></span> <span class='ocrx_word' id='word_1_747' title='bbox 968 5391 1053 5443; x_wconf 82' lang='grc' dir='ltr'><strong>διὰ</strong></span> <span class='ocrx_word' id='word_1_748' title='bbox 1117 5392 1212 5458; x_wconf 79' lang='grc' dir='ltr'><strong>τῆς</strong></span> <span class='ocrx_word' id='word_1_749' title='bbox 1262 5387 1494 5449; x_wconf 85' lang='grc' dir='ltr'><strong>πίστεως</strong></span> <span class='ocrx_word' id='word_1_750' title='bbox 1548 5390 1647 5457; x_wconf 79' lang='grc' dir='ltr'><strong>τῆς</strong></span> <span class='ocrx_word' id='word_1_751' title='bbox 1701 5392 1779 5453; x_wconf 88' lang='grc' dir='ltr'><strong>είς</strong></span> 
     </span>
    </p>
   </div>
   <div class='ocr_carea' id='block_1_100' title="bbox 221 5480 422 5533">
    <p class='ocr_par' dir='ltr' id='par_1_100' title="bbox 221 5480 422 5533">
     <span class='ocr_line' id='line_1_100' title="bbox 221 5480 422 5533; baseline 0 -2"><span class='ocrx_word' id='word_1_752' title='bbox 221 5480 422 5533; x_wconf 78' lang='grc' dir='ltr'><strong>ἑαυτόν.</strong></span> 
     </span>
    </p>
   </div>
   <div class='ocr_carea' id='block_1_101' title="bbox 228 5739 1777 5821">
    <p class='ocr_par' dir='ltr' id='par_1_101' title="bbox 228 5740 1753 5821">
     <span class='ocr_line' id='line_1_101' title="bbox 228 5740 1753 5821; baseline -0.01 -16"><span class='ocrx_word' id='word_1_753' title='bbox 228 5748 267 5779; x_wconf 72' lang='grc'><strong>⁸⁹</strong></span> <span class='ocrx_word' id='word_1_754' title='bbox 291 5750 483 5821; x_wconf 81' lang='lat' dir='ltr'><strong>Epltes.</strong></span> <span class='ocrx_word' id='word_1_755' title='bbox 513 5763 593 5810; x_wconf 84' lang='lat' dir='ltr'><strong>Ill,</strong></span> <span class='ocrx_word' id='word_1_756' title='bbox 631 5744 681 5810; x_wconf 87' lang='lat'><strong>8,</strong></span> <span class='ocrx_word' id='word_1_757' title='bbox 711 5747 763 5800; x_wconf 79' lang='lat'><strong>0.</strong></span> <span class='ocrx_word' id='word_1_758' title='bbox 814 5748 855 5777; x_wconf 71' lang='lat'><strong>“&quot;</strong></span> <span class='ocrx_word' id='word_1_759' title='bbox 884 5747 1073 5815; x_wconf 78' lang='lat' dir='ltr'><strong>Ephcs.</strong></span> <span class='ocrx_word' id='word_1_760' title='bbox 1114 5763 1160 5812; x_wconf 77' lang='grc' dir='ltr'><strong>ν,</strong></span> <span class='ocrx_word' id='word_1_761' title='bbox 1190 5743 1277 5805; x_wconf 69' lang='lat'><strong>9.5,</strong></span> <span class='ocrx_word' id='word_1_762' title='bbox 1309 5741 1397 5795; x_wconf 66' lang='lat'><strong>26.</strong></span> <span class='ocrx_word' id='word_1_763' title='bbox 1437 5741 1477 5772; x_wconf 77' lang='lat'>“</span> <span class='ocrx_word' id='word_1_764' title='bbox 1510 5740 1661 5793; x_wconf 73' lang='lat' dir='ltr'><strong>lium.</strong></span> <span class='ocrx_word' id='word_1_765' title='bbox 1701 5756 1753 5801; x_wconf 62' lang='grc' dir='ltr'><strong>χ,</strong></span> 
     </span>
    </p>
   </div>
   <div class='ocr_carea' id='block_1_102' title="bbox 1879 5739 2481 5821">
    <p class='ocr_par' dir='ltr' id='par_1_102' title="bbox 1888 5739 2481 5811">
     <span class='ocr_line' id='line_1_102' title="bbox 1888 5739 2481 5811; baseline 0.003 -18"><span class='ocrx_word' id='word_1_766' title='bbox 1888 5739 1936 5793; x_wconf 89' lang='grc'><strong>0.</strong></span> <span class='ocrx_word' id='word_1_767' title='bbox 1984 5740 2025 5770; x_wconf 75' lang='grc'>⁸³</span> <span class='ocrx_word' id='word_1_768' title='bbox 2062 5740 2286 5811; x_wconf 77' lang='lat' dir='ltr'><strong>Philipp.</strong></span> <span class='ocrx_word' id='word_1_769' title='bbox 2317 5760 2354 5807; x_wconf 85' lang='grc' dir='ltr'><strong>ι,</strong></span> <span class='ocrx_word' id='word_1_770' title='bbox 2407 5745 2481 5796; x_wconf 72' lang='lat' dir='ltr'><strong>l8.</strong></span> 
     </span>
    </p>
   </div>
   <div class='ocr_carea' id='block_1_103' title="bbox 1880 4577 3442 4647">
    <p class='ocr_par' dir='ltr' id='par_1_103' title="bbox 1880 4577 3442 4647">
     <span class='ocr_line' id='line_1_103' title="bbox 1880 4577 3442 4647; baseline -0.001 -14"><span class='ocrx_word' id='word_1_771' title='bbox 1880 4580 2188 4634; x_wconf 84' lang='lat' dir='ltr'><strong>ostenderet</strong></span> <span class='ocrx_word' id='word_1_772' title='bbox 2238 4578 2483 4633; x_wconf 87' lang='lat' dir='ltr'><strong>Christus</strong></span> <span class='ocrx_word' id='word_1_773' title='bbox 2525 4577 2678 4632; x_wconf 83' lang='lat' dir='ltr'><strong>Jesns</strong></span> <span class='ocrx_word' id='word_1_774' title='bbox 2725 4594 2939 4632; x_wconf 88' lang='lat' dir='ltr'><strong>onmem</strong></span> <span class='ocrx_word' id='word_1_775' title='bbox 2982 4579 3326 4647; x_wconf 83' lang='lat' dir='ltr'><strong>patientiam,</strong></span> <span class='ocrx_word' id='word_1_776' title='bbox 3375 4580 3442 4632; x_wconf 89' lang='lat' dir='ltr'><strong>ad</strong></span> 
     </span>
    </p>
   </div>
   <div class='ocr_carea' id='block_1_104' title="bbox 1881 4667 3445 4734">
    <p class='ocr_par' dir='ltr' id='par_1_104' title="bbox 1881 4667 3445 4734">
     <span class='ocr_line' id='line_1_104' title="bbox 1881 4667 3445 4734; baseline -0.002 -12"><span class='ocrx_word' id='word_1_777' title='bbox 1881 4669 2312 4722; x_wconf 89' lang='lat' dir='ltr'><strong>informationem</strong></span> <span class='ocrx_word' id='word_1_778' title='bbox 2346 4682 2530 4720; x_wconf 89' lang='lat' dir='ltr'><strong>eorum</strong></span> <span class='ocrx_word' id='word_1_779' title='bbox 2575 4668 2662 4734; x_wconf 92' lang='lat' dir='ltr'><strong>qui</strong></span> <span class='ocrx_word' id='word_1_780' title='bbox 2706 4668 2960 4722; x_wconf 91' lang='lat' dir='ltr'><strong>credituri</strong></span> <span class='ocrx_word' id='word_1_781' title='bbox 3012 4676 3136 4721; x_wconf 88' lang='lat' dir='ltr'><strong>sunt</strong></span> <span class='ocrx_word' id='word_1_782' title='bbox 3171 4667 3244 4721; x_wconf 93' lang='lat' dir='ltr'><strong>illi</strong></span> <span class='ocrx_word' id='word_1_783' title='bbox 3286 4668 3339 4721; x_wconf 90' lang='lat' dir='ltr'><strong>in</strong></span> <span class='ocrx_word' id='word_1_784' title='bbox 3370 4667 3445 4719; x_wconf 86' lang='lat' dir='ltr'><strong>vi-</strong></span> 
     </span>
    </p>
   </div>
   <div class='ocr_carea' id='block_1_105' title="bbox 1882 4753 3443 4823">
    <p class='ocr_par' dir='ltr' id='par_1_105' title="bbox 1882 4753 3443 4823">
     <span class='ocr_line' id='line_1_105' title="bbox 1882 4753 3443 4823; baseline -0.001 -14"><span class='ocrx_word' id='word_1_785' title='bbox 1882 4769 1989 4811; x_wconf 89' lang='lat' dir='ltr'><strong>tam</strong></span> <span class='ocrx_word' id='word_1_786' title='bbox 2019 4767 2274 4811; x_wconf 63' lang='lat' dir='ltr'><strong>aeternam</strong></span> <span class='ocrx_word' id='word_1_787' title='bbox 2306 4756 2369 4809; x_wconf 77' lang='lat'><strong>“.</strong></span> <span class='ocrx_word' id='word_1_788' title='bbox 2406 4775 2423 4807; x_wconf 78' lang='grc' dir='ltr'><strong>ι</strong></span> <span class='ocrx_word' id='word_1_789' title='bbox 2458 4755 2513 4811; x_wconf 91' lang='lat' dir='ltr'><strong>Si</strong></span> <span class='ocrx_word' id='word_1_790' title='bbox 2545 4754 2792 4810; x_wconf 86' lang='lat' dir='ltr'><strong>Christus</strong></span> <span class='ocrx_word' id='word_1_791' title='bbox 2815 4753 2970 4810; x_wconf 80' lang='lat' dir='ltr'><strong>Jesus</strong></span> <span class='ocrx_word' id='word_1_792' title='bbox 2997 4765 3307 4823; x_wconf 86' lang='lat' dir='ltr'><strong>peccatores</strong></span> <span class='ocrx_word' id='word_1_793' title='bbox 3335 4754 3443 4808; x_wconf 79' lang='lat' dir='ltr'><strong>sal-</strong></span> 
     </span>
    </p>
   </div>
   <div class='ocr_carea' id='block_1_106' title="bbox 1879 4844 3445 4919">
    <p class='ocr_par' dir='ltr' id='par_1_106' title="bbox 1879 4844 3445 4919">
     <span class='ocr_line' id='line_1_106' title="bbox 1879 4844 3445 4919; baseline -0.007 -16"><span class='ocrx_word' id='word_1_794' title='bbox 1879 4861 1987 4915; x_wconf 86' lang='lat' dir='ltr'><strong>vat,</strong></span> <span class='ocrx_word' id='word_1_795' title='bbox 2024 4849 2394 4919; x_wconf 83' lang='lat' dir='ltr'><strong>patientérque</strong></span> <span class='ocrx_word' id='word_1_796' title='bbox 2422 4848 2612 4903; x_wconf 90' lang='lat' dir='ltr'><strong>delicta</strong></span> <span class='ocrx_word' id='word_1_797' title='bbox 2662 4848 2874 4911; x_wconf 90' lang='lat' dir='ltr'><strong>tolerat,</strong></span> <span class='ocrx_word' id='word_1_798' title='bbox 2923 4846 3134 4900; x_wconf 88' lang='lat' dir='ltr'><strong>illorum</strong></span> <span class='ocrx_word' id='word_1_799' title='bbox 3176 4844 3445 4912; x_wconf 76' lang='lat' dir='ltr'><strong>pteniten.</strong></span> 
     </span>
    </p>
   </div>
   <div class='ocr_carea' id='block_1_107' title="bbox 1883 4936 3443 5018">
    <p class='ocr_par' dir='ltr' id='par_1_107' title="bbox 1883 4936 3443 5018">
     <span class='ocr_line' id='line_1_107' title="bbox 1883 4936 3443 5018; baseline -0.005 -23"><span class='ocrx_word' id='word_1_800' title='bbox 1883 4943 2008 4995; x_wconf 87' lang='lat' dir='ltr'><strong>tiam</strong></span> <span class='ocrx_word' id='word_1_801' title='bbox 2041 4953 2396 5008; x_wconf 85' lang='lat' dir='ltr'><strong>exspectans;</strong></span> <span class='ocrx_word' id='word_1_802' title='bbox 2439 4941 2481 4995; x_wconf 84' lang='lat' dir='ltr'><strong>si</strong></span> <span class='ocrx_word' id='word_1_803' title='bbox 2512 4951 2624 5018; x_wconf 68' lang='lat' dir='ltr'><strong>tota</strong></span> <span class='ocrx_word' id='word_1_804' title='bbox 2662 4940 2790 4993; x_wconf 89' lang='lat' dir='ltr'><strong>fides</strong></span> <span class='ocrx_word' id='word_1_805' title='bbox 2829 4946 3011 4992; x_wconf 85' lang='lat' dir='ltr'><strong>nostra</strong></span> <span class='ocrx_word' id='word_1_806' title='bbox 3053 4938 3107 4990; x_wconf 90' lang='lat' dir='ltr'><strong>in</strong></span> <span class='ocrx_word' id='word_1_807' title='bbox 3136 4938 3308 5004; x_wconf 88' lang='lat' dir='ltr'><strong>ipsum</strong></span> <span class='ocrx_word' id='word_1_808' title='bbox 3334 4936 3443 4989; x_wconf 79' lang='lat' dir='ltr'><strong>fer-</strong></span> 
     </span>
    </p>
   </div>
   <div class='ocr_carea' id='block_1_108' title="bbox 1884 5020 3439 5100">
    <p class='ocr_par' dir='ltr' id='par_1_108' title="bbox 1884 5020 3439 5100">
     <span class='ocr_line' id='line_1_108' title="bbox 1884 5020 3439 5100; baseline -0.003 -15"><span class='ocrx_word' id='word_1_809' title='bbox 1884 5045 1987 5097; x_wconf 91' lang='lat' dir='ltr'><strong>tur,</strong></span> <span class='ocrx_word' id='word_1_810' title='bbox 2019 5042 2071 5086; x_wconf 88' lang='lat' dir='ltr'><strong>et</strong></span> <span class='ocrx_word' id='word_1_811' title='bbox 2099 5048 2190 5100; x_wconf 89' lang='lat' dir='ltr'><strong>per</strong></span> <span class='ocrx_word' id='word_1_812' title='bbox 2219 5032 2375 5085; x_wconf 82' lang='lat' dir='ltr'><strong>ﬁdem</strong></span> <span class='ocrx_word' id='word_1_813' title='bbox 2403 5030 2654 5099; x_wconf 86' lang='lat' dir='ltr'><strong>denique,</strong></span> <span class='ocrx_word' id='word_1_814' title='bbox 2686 5043 2802 5095; x_wconf 83' lang='lat' dir='ltr'><strong>quae</strong></span> <span class='ocrx_word' id='word_1_815' title='bbox 2832 5037 2913 5079; x_wconf 90' lang='lat' dir='ltr'><strong>est</strong></span> <span class='ocrx_word' id='word_1_816' title='bbox 2945 5028 2996 5079; x_wconf 92' lang='lat' dir='ltr'><strong>in</strong></span> <span class='ocrx_word' id='word_1_817' title='bbox 3041 5026 3213 5094; x_wconf 82' lang='lat' dir='ltr'><strong>ipsum</strong></span> <span class='ocrx_word' id='word_1_818' title='bbox 3234 5067 3247 5088; x_wconf 92' lang='lat'><strong>,</strong></span> <span class='ocrx_word' id='word_1_819' title='bbox 3277 5020 3439 5080; x_wconf 80' lang='lat' dir='ltr'><strong>vitam</strong></span> 
     </span>
    </p>
   </div>
   <div class='ocr_carea' id='block_1_109' title="bbox 1880 5112 3439 5188">
    <p class='ocr_par' dir='ltr' id='par_1_109' title="bbox 1880 5112 3439 5188">
     <span class='ocr_line' id='line_1_109' title="bbox 1880 5112 3439 5188; baseline -0.006 -13"><span class='ocrx_word' id='word_1_820' title='bbox 1880 5131 2133 5175; x_wconf 59' lang='lat' dir='ltr'><strong>aeternam</strong></span> <span class='ocrx_word' id='word_1_821' title='bbox 2194 5118 2586 5188; x_wconf 89' lang='lat' dir='ltr'><strong>adipiscimur:</strong></span> <span class='ocrx_word' id='word_1_822' title='bbox 2637 5116 2905 5184; x_wconf 88' lang='lat' dir='ltr'><strong>quomodo</strong></span> <span class='ocrx_word' id='word_1_823' title='bbox 2968 5130 3071 5169; x_wconf 90' lang='lat' dir='ltr'><strong>non</strong></span> <span class='ocrx_word' id='word_1_824' title='bbox 3132 5125 3214 5169; x_wconf 85' lang='lat' dir='ltr'><strong>est</strong></span> <span class='ocrx_word' id='word_1_825' title='bbox 3261 5112 3439 5167; x_wconf 72' lang='lat' dir='ltr'><strong>Deus?</strong></span> 
     </span>
    </p>
   </div>
   <div class='ocr_carea' id='block_1_110' title="bbox 1882 5206 3438 5278">
    <p class='ocr_par' dir='ltr' id='par_1_110' title="bbox 1882 5206 3438 5278">
     <span class='ocr_line' id='line_1_110' title="bbox 1882 5206 3438 5278; baseline -0.003 -15"><span class='ocrx_word' id='word_1_826' title='bbox 1882 5208 2311 5278; x_wconf 83' lang='lat' dir='ltr'><strong>quandoquidem</strong></span> <span class='ocrx_word' id='word_1_827' title='bbox 2339 5206 2614 5269; x_wconf 91' lang='lat' dir='ltr'><strong>mundum,</strong></span> <span class='ocrx_word' id='word_1_828' title='bbox 2646 5207 2745 5259; x_wconf 93' lang='lat' dir='ltr'><strong>hoc</strong></span> <span class='ocrx_word' id='word_1_829' title='bbox 2771 5216 2873 5271; x_wconf 91' lang='lat' dir='ltr'><strong>est,</strong></span> <span class='ocrx_word' id='word_1_830' title='bbox 2904 5221 2998 5262; x_wconf 89' lang='lat' dir='ltr'><strong>eos</strong></span> <span class='ocrx_word' id='word_1_831' title='bbox 3031 5208 3121 5277; x_wconf 92' lang='lat' dir='ltr'><strong>qui</strong></span> <span class='ocrx_word' id='word_1_832' title='bbox 3159 5208 3209 5261; x_wconf 90' lang='lat' dir='ltr'><strong>in</strong></span> <span class='ocrx_word' id='word_1_833' title='bbox 3244 5207 3438 5260; x_wconf 84' lang='lat' dir='ltr'><strong>mundo</strong></span> 
     </span>
    </p>
   </div>
   <div class='ocr_carea' id='block_1_111' title="bbox 1883 5294 3439 5367">
    <p class='ocr_par' dir='ltr' id='par_1_111' title="bbox 1883 5294 3439 5367">
     <span class='ocr_line' id='line_1_111' title="bbox 1883 5294 3439 5367; baseline -0.004 -14"><span class='ocrx_word' id='word_1_834' title='bbox 1883 5301 1982 5353; x_wconf 90' lang='lat' dir='ltr'><strong>hoc</strong></span> <span class='ocrx_word' id='word_1_835' title='bbox 2033 5300 2271 5364; x_wconf 87' lang='lat' dir='ltr'><strong>degunt,</strong></span> <span class='ocrx_word' id='word_1_836' title='bbox 2324 5308 2481 5360; x_wconf 87' lang='lat' dir='ltr'><strong>posse</strong></span> <span class='ocrx_word' id='word_1_837' title='bbox 2529 5294 2777 5363; x_wconf 85' lang='lat' dir='ltr'><strong>salvare,</strong></span> <span class='ocrx_word' id='word_1_838' title='bbox 2821 5297 3195 5367; x_wconf 86' lang='lat' dir='ltr'><strong>longanimiter</strong></span> <span class='ocrx_word' id='word_1_839' title='bbox 3256 5295 3439 5347; x_wconf 77' lang='lat' dir='ltr'><strong>adlueo</strong></span> 
     </span>
    </p>
   </div>
   <div class='ocr_carea' id='block_1_112' title="bbox 1882 5383 3440 5458">
    <p class='ocr_par' dir='ltr' id='par_1_112' title="bbox 1882 5383 3440 5458">
     <span class='ocr_line' id='line_1_112' title="bbox 1882 5383 3440 5458; baseline -0.004 -16"><span class='ocrx_word' id='word_1_840' title='bbox 1882 5397 2188 5458; x_wconf 81' lang='lat' dir='ltr'><strong>peccatores</strong></span> <span class='ocrx_word' id='word_1_841' title='bbox 2224 5387 2383 5450; x_wconf 90' lang='lat' dir='ltr'><strong>ferre,</strong></span> <span class='ocrx_word' id='word_1_842' title='bbox 2435 5386 2599 5440; x_wconf 87' lang='lat' dir='ltr'><strong>vitam</strong></span> <span class='ocrx_word' id='word_1_843' title='bbox 2634 5398 2905 5457; x_wconf 88' lang='lat' dir='ltr'><strong>postremo</strong></span> <span class='ocrx_word' id='word_1_844' title='bbox 2949 5401 3043 5455; x_wconf 89' lang='lat' dir='ltr'><strong>per</strong></span> <span class='ocrx_word' id='word_1_845' title='bbox 3079 5383 3235 5439; x_wconf 80' lang='lat' dir='ltr'><strong>ﬁdem</strong></span> <span class='ocrx_word' id='word_1_846' title='bbox 3282 5384 3332 5436; x_wconf 84' lang='lat' dir='ltr'><strong>in</strong></span> <span class='ocrx_word' id='word_1_847' title='bbox 3378 5384 3440 5437; x_wconf 86' lang='lat' dir='ltr'><strong>il-</strong></span> 
     </span>
    </p>
   </div>
   <div class='ocr_carea' id='block_1_113' title="bbox 1883 5476 3441 5544">
    <p class='ocr_par' dir='ltr' id='par_1_113' title="bbox 1883 5476 3441 5544">
     <span class='ocr_line' id='line_1_113' title="bbox 1883 5476 3441 5544; baseline -0.001 -13"><span class='ocrx_word' id='word_1_848' title='bbox 1883 5484 1991 5531; x_wconf 86' lang='lat' dir='ltr'><strong>lum</strong></span> <span class='ocrx_word' id='word_1_849' title='bbox 2032 5476 2327 5544; x_wconf 82' lang='lat' dir='ltr'><strong>impertiri;</strong></span> <span class='ocrx_word' id='word_1_850' title='bbox 2358 5476 2409 5531; x_wconf 86' lang='lat' dir='ltr'><strong>id</strong></span> <span class='ocrx_word' id='word_1_851' title='bbox 2441 5479 2633 5534; x_wconf 88' lang='lat' dir='ltr'><strong>merito</strong></span> <span class='ocrx_word' id='word_1_852' title='bbox 2665 5480 2718 5533; x_wconf 93' lang='lat' dir='ltr'><strong>in</strong></span> <span class='ocrx_word' id='word_1_853' title='bbox 2751 5483 2919 5534; x_wconf 91' lang='lat' dir='ltr'><strong>solum</strong></span> <span class='ocrx_word' id='word_1_854' title='bbox 2955 5476 3117 5529; x_wconf 86' lang='lat' dir='ltr'><strong>Deum</strong></span> <span class='ocrx_word' id='word_1_855' title='bbox 3151 5476 3441 5529; x_wconf 85' lang='lat' dir='ltr'><strong>convenire</strong></span> 
     </span>
    </p>
   </div>
   <div class='ocr_carea' id='block_1_114' title="bbox 1879 5576 2106 5635">
    <p class='ocr_par' dir='ltr' id='par_1_114' title="bbox 1879 5576 2106 5635">
     <span class='ocr_line' id='line_1_114' title="bbox 1879 5576 2106 5635; baseline 0.004 -16"><span class='ocrx_word' id='word_1_856' title='bbox 1879 5576 2106 5635; x_wconf 83' lang='lat' dir='ltr'><strong>oportet.</strong></span> 
     </span>
    </p>
   </div>
   <div class='ocr_carea' id='block_1_115' title="bbox 2564 5739 3436 5802">
    <p class='ocr_par' dir='ltr' id='par_1_115' title="bbox 2564 5739 3436 5802">
     <span class='ocr_line' id='line_1_115' title="bbox 2564 5739 3436 5802; baseline -0.009 -6"><span class='ocrx_word' id='word_1_857' title='bbox 2564 5745 2605 5772; x_wconf 78' lang='lat'>“</span> <span class='ocrx_word' id='word_1_858' title='bbox 2636 5744 2762 5795; x_wconf 73' lang='lat' dir='ltr'><strong>ibid.</strong></span> <span class='ocrx_word' id='word_1_859' title='bbox 2802 5743 2890 5795; x_wconf 78' lang='lat'><strong>23.</strong></span> <span class='ocrx_word' id='word_1_860' title='bbox 2971 5741 3012 5770; x_wconf 71' lang='lat'><strong>&quot;‘</strong></span> <span class='ocrx_word' id='word_1_861' title='bbox 3047 5741 3064 5793; x_wconf 83' lang='grc' dir='ltr'>Ι</span> <span class='ocrx_word' id='word_1_862' title='bbox 3101 5739 3239 5793; x_wconf 76' lang='lat' dir='ltr'><strong>Tim.</strong></span> <span class='ocrx_word' id='word_1_863' title='bbox 3278 5752 3314 5802; x_wconf 89' lang='grc'><strong>1,</strong></span> <span class='ocrx_word' id='word_1_864' title='bbox 3356 5739 3436 5791; x_wconf 81' lang='lat' dir='ltr'><strong>i5.</strong></span> 
     </span>
    </p>
   </div>
  </div>
