4092 6334
656 365 774 423 1551

721 496 740 530 ι
783 478 846 531 Ει
891 478 1172 532 manifeste
1215 492 1463 547 magnum
1503 489 1583 531 est
1629 481 1843 547 pietatis
1903 492 2206 534 sacramen-
2235 481 2282 536 A

648 584 784 632 tum,
818 567 958 635 quod
994 566 1393 622 manifestatum
1420 576 1502 622 est
1535 567 1584 620 in
1626 580 1823 630 carne,
1852 567 2202 635 justiﬁcatum

645 665 728 708 cst
768 656 819 708 in
865 655 1091 725 Spiritu,
1141 659 1390 726 apparuit
1437 655 1667 723 angelis,
1720 659 2065 725 prmdicatum
2124 665 2207 711 est

646 747 914 814 gentibus,
963 748 1223 801 creditum
1257 759 1340 803 est
1387 749 1437 801 in
1492 749 1720 813 mundo,
1758 760 2087 818 assumptum
2126 756 2210 803 est

651 835 701 887 in
743 836 911 905 gloria
946 836 1011 889 ⁸⁵.
1049 856 1069 886 ι
1100 837 1230 903 Quis
1262 840 1327 902 is,
1357 852 1560 906 quaeso,
1583 848 1686 901 est,
1718 840 1806 908 qui
1833 841 1885 894 in
1914 855 2075 896 carne
2101 854 2207 894 ma-

652 925 933 981 nifestatus
961 927 1082 980 est?
1120 928 1305 981 Annon
1356 929 1526 983 modis
1569 930 1819 983 omnibus
1868 931 2203 998 perspicuum

649 1026 751 1077 est,
789 1031 894 1070 non
944 1017 1106 1071 alium
1144 1032 1298 1081 esse,
1347 1034 1506 1086 quam
1564 1011 1848 1089 ipsummei
1893 1021 1985 1075 Dei
2035 1020 2207 1075 Patris

654 1098 920 1155 Verbum?
953 1101 1085 1158 Hinc
1115 1119 1345 1174 namque
1385 1121 1632 1176 maguum
1676 1107 1799 1161 illud
1846 1109 2061 1176 pietatis
2092 1122 2207 1176 my-

652 1192 874 1245 sterium
932 1195 1276 1261 perSpicitur.
1324 1194 1422 1251 Hic
1467 1207 1640 1250 autem
1696 1197 1763 1250 ab
1812 1199 2018 1268 angelis
2063 1198 2205 1252 visus

650 1292 752 1346 cst,
787 1296 904 1334 cum
937 1283 990 1337 in
1025 1285 1219 1338 coelum
1251 1295 1533 1352 susceptus
1559 1295 1672 1350 est;
1702 1288 2018 1354 praedicatus
2048 1299 2206 1354 porro

649 1372 896 1440 gentibus
928 1384 1010 1429 est
1034 1389 1128 1444 per
1159 1387 1376 1432 sanctos
1409 1377 1677 1444 apostolos
1711 1399 1721 1432 :
1765 1380 2000 1434 creditus
2027 1389 2202 1432 autem

649 1469 730 1514 est
758 1462 808 1515 in
838 1465 1056 1518 mundo.
1095 1465 1198 1521 Sed
1241 1467 1478 1535 nunquid
1515 1468 1656 1522 istud
1687 1469 1832 1522 velut
1859 1470 2017 1523 homo
2047 1468 2203 1522 abso-

650 1553 756 1607 tute
791 1563 847 1606 ut
876 1556 1009 1608 nos?
1033 1554 1399 1626 Nequaquam,
1430 1572 1615 1612 verum
1647 1569 1703 1612 ut
1745 1558 1887 1614 Deus
1932 1561 1982 1613 in
2022 1573 2202 1625 carne,

649 1641 910 1711 nobisque
937 1645 1127 1700 similis
1153 1645 1399 1700 ell‘ectus.
1429 1647 1752 1717 Assumptus
1787 1650 1995 1703 tandem
2039 1659 2117 1702 est
2152 1650 2203 1701 in

648 1733 855 1801 gloria,
905 1751 1010 1805 quo
1059 1737 1225 1793 Deum
1271 1748 1325 1794 et
1381 1739 1596 1797 Patrem
1649 1743 1913 1798 dicentem
1973 1744 2200 1798 audiat:

655 1843 672 1874 ‹
707 1823 843 1880 Sede
871 1841 902 1880 a
931 1828 1136 1884 dextris
1175 1831 1329 1896 meis,
1360 1833 1530 1887 donec
1570 1847 1763 1902 ponam
1812 1833 2056 1888 inimicos
2087 1845 2204 1890 tuos
2237 1809 2277 1863 Β

647 1915 936 1971 scabellum
963 1919 1158 1987 pedum
1194 1930 1406 1977 tuorum
1431 1925 1495 1976 °°.
1535 1943 1552 1974 ›

1089 2053 1174 2109 Ea:
1211 2055 1450 2125 Epistola
1480 2061 1548 2113 ad
1579 2059 1771 2114 Titum.

720 2181 737 2210 ι
773 2160 974 2217 Fidelis
997 2177 1173 2218 sermo
1195 2175 1279 2220 est
1303 2180 1317 2218 :
1345 2174 1397 2220 et
1424 2166 1491 2221 de
1516 2167 1598 2221 his
1621 2167 1740 2221 volo
1767 2178 1816 2221 te
1838 2169 2197 2235 conﬁrmare;

646 2259 699 2303 ut
760 2261 950 2308 curent
1001 2254 1156 2309 bouis
1221 2257 1474 2324 operibus
1538 2272 1769 2325 praeesse
1832 2261 1922 2326 qui
1978 2262 2205 2315 credunt

648 2341 752 2395 Deo
779 2342 843 2395 ⁸⁷.
878 2361 896 2394 ι
931 2341 1179 2413 Nunquid
1220 2347 1308 2414 qui
1358 2347 1410 2400 in
1458 2344 1622 2402 Deum
1655 2349 1904 2412 credunt,
1942 2350 1992 2404 in
2046 2351 2201 2405 Chri-

644 2436 781 2488 stum
827 2448 930 2487 non
982 2437 1246 2490 credunt?
1284 2438 1442 2505 Atqui
1473 2438 1661 2494 beatus
1704 2439 1935 2496 Joannes
1979 2444 2092 2498 hare
2139 2444 2204 2499 de

645 2524 732 2574 illo
785 2524 983 2579 diserte
1025 2529 1282 2595 exponit:
1316 2549 1334 2580 ι
1395 2529 1698 2599 Quotquot,
1740 2533 1942 2600 inquit,
1983 2550 2204 2604 recepe-

643 2623 761 2670 runt
794 2631 937 2683 eum,
970 2617 1117 2672 dedit
1145 2620 1224 2672 eis
1267 2631 1588 2688 potestatem
1643 2623 1783 2676 lilios
1814 2624 1905 2678 Dei
1946 2626 2082 2688 ﬁeri,
2118 2627 2201 2679 his

641 2706 729 2771 qui
768 2705 923 2777 125
969 2711 1191 2763 credunt
1241 2711 1291 2764 iu
1333 2712 1547 2766 nomine
1587 2712 1702 2781 ejus
1729 2714 1793 2768 ⁸⁸.
1835 2734 1852 2767 ι
1901 2715 2203 2776 Subscribit

645 2797 727 2848 his
755 2812 802 2851 et
833 2799 943 2866 ipse
967 2801 1154 2854 beatus
1172 2800 1369 2855 Paulus
1388 2818 1637 2871 quoque:
1661 2805 1739 2857 ait
1763 2805 1903 2858 enim
1931 2822 1945 2857 :
1975 2824 1992 2855 ι
2015 2804 2202 2860 Scien-

645 2887 724 2941 les
757 2887 898 2954 quod
930 2903 1035 2940 non
1063 2887 1394 2956 justiﬁeatur
1429 2891 1587 2943 homo
1635 2906 1699 2944 ex
1740 2892 1992 2957 Operihus
2029 2893 2160 2960 legis
2184 2933 2200 2960 ,

645 2975 744 3027 nisi
772 2990 867 3042 per
894 2977 1047 3028 ﬁdem
1080 2975 1204 3030 Jcsu
1233 2977 1470 3042 Christi;
1507 2988 1558 3032 et
1597 2993 1693 3033 nos
1737 2979 1790 3032 in
1825 2979 2040 3033 Christo
2075 2978 2201 3035 Jesu

1635 362 1691 415 S.
1735 360 2007 416 CYRiLLI
2048 358 2511 415 ALEXANDltINI
2550 361 2864 416 AliClllEP.

3732 355 3872 408 133?.

2390 499 2406 528 ι
2454 481 2562 533 Καὶ
2595 479 3034 550 ὁμολογουμένως
3075 480 3214 548 μέγα
3240 478 3352 529 ἐστὶ
3380 475 3438 527 τὸ
3464 473 3558 538 τῆς
3589 470 3874 530 εὐσεϐείας

2310 571 2602 639 μυστήριον
2622 588 2636 602 ο
2681 570 2810 630 Θεὸς
2840 566 3152 636 ἐφανερώθη
3187 568 3245 618 ἐν
3275 563 3456 635 σαρκὶ,
3486 557 3772 625 ἐδικαιώθη
3813 559 3875 608 ἐν

2309 659 2602 728 Πνεύματι,
2621 659 2773 727 ὤφθη
2805 657 3073 723 ἀγγέλοις,
3102 656 3377 725 ἐκηρύχθη
3403 657 3460 707 ἐν
3489 651 3716 713 ἔθνεσιν,
3749 651 3875 700 ἐπι-

2309 748 2502 818 στεύθη
2529 751 2585 800 ἐν
2613 749 2817 813 κόσμῳ,
2847 743 3118 813 ἀνελήφθη
3147 746 3202 795 ἐν
3225 744 3371 814 δόξῃ.
3406 763 3423 793 ι
3451 741 3545 802 Τίς
3570 741 3596 791 6
3625 738 3680 788 ἐν
3702 738 3874 803 σαρκὶ

2307 837 2674 907 φανερωθείς;
2704 837 2735 905 ἢ
2767 834 2923 904 δῆλον
2953 833 3032 884 ὃτι
3069 832 3244 899 πάντη
3276 849 3335 882 τε
3369 831 3462 883 καὶ
3495 830 3705 888 πάντως
3735 825 3762 876 ὁ
3803 826 3873 875 ἐκ

2305 927 2439 978 Θεοῦ
2475 925 2682 997 Πατρὸς
2716 923 2916 990 Λόγος;
2949 922 3102 975 Οῦτω
3148 921 3254 989 γὰρ
3297 920 3445 971 ἔσται
3496 919 3635 988 μέγα
3665 915 3724 967 τὸ
3765 915 3872 981 τῆς

2305 1017 2585 1082 εὐσεϐείας
2635 1015 2948 1087 μυστήριον.
2999 1011 3131 1075 Θεὸς
3191 1008 3507 1078 ἐφανερώθη
3564 1011 3620 1060 ὲν
3677 1005 3868 1075 σαρκὶ,

2305 1106 2462 1177 ὤφθη
2491 1109 2548 1161 δέ
2581 1106 2830 1176 ἀγγέλοις
2862 1103 3167 1157 ἀναϐαίνων
3195 1103 3274 1164 εἰς
3315 1099 3573 1168 οὐρανούς
3593 1115 3605 1127 ·
3664 1095 3869 1164 ἐκηρύ-

2305 1197 2409 1267 χθη
2456 1199 2512 1250 ὲν
2540 1198 2714 1251 ἔθνεσι
2744 1193 2833 1248 διὰ
2865 1192 2972 1246 τῶν
3005 1192 3173 1261 ἁγίων
3200 1188 3531 1247 ἀποστόλων,
3573 1185 3870 1251 ἐπιστεύθη

2303 1291 2358 1343 δὲ
2404 1291 2462 1344 ἐν
2497 1291 2716 1358 κόσμῳ·
2769 1286 2862 1337 καὶ
2896 1283 3010 1336 οῦτι
3061 1283 3162 1336 πού
3207 1297 3407 1353 φαμεν,
3457 1279 3537 1331 ὅτι
3569 1277 3687 1330 καθ’
3719 1277 3870 1344 ἡμᾶς

2305 1379 2586 1451 ἄνθρωπος
2633 1376 2840 1439 ἁπλῶς,
2873 1374 2986 1428 ἀλλ’
3016 1374 3090 1438 ὡς
3132 1374 3264 1438 Θεὸς
3301 1373 3359 1424 ἐν
3404 1368 3569 1440 σαρκὶ
3614 1367 3707 1419 καὶ
3739 1367 3868 1419 καθ’

2303 1471 2452 1539 ἡμᾶς
2483 1469 2738 1539 γεγονώς.
2780 1465 3078 1537 Ἀνελήφθη
3126 1465 3184 1518 δὲ
3228 1465 3321 1517 καὶ
3371 1463 3427 1514 ἐν
3459 1461 3603 1532 δόξῃ,
3654 1458 3739 1508 ἵνα
3770 1456 3867 1506 λέ-

2305 1578 2491 1627 γοντος
2535 1557 2738 1627 ἀκούσῃ
2769 1555 2862 1609 τοῦ
2906 1553 3040 1607 Θεοῦ
3088 1555 3182 1609 καὶ
3218 1551 3456 1623 Πατρός·
3502 1570 3519 1602 ι
3575 1546 3752 1601 Κάθου
3800 1547 3870 1596 ἐκ

2304 1651 2492 1716 δεξιῶν
2539 1667 2661 1721 μου,
2691 1647 2796 1710 ’ἐως
2817 1645 2888 1701 ἂν
2927 1644 3004 1698 θῶ
3032 1647 3158 1710 τοὺς
3198 1643 3420 1715 ἐχθρούς
3457 1658 3546 1694 σου
3580 1636 3870 1692 ὑποπόδιον

2305 1742 2412 1796 τῶν
2441 1741 2614 1795 ποδῶν
2645 1756 2757 1793 σου.
2808 1755 2825 1788 ι

2756 2039 2856 2092 Ἐκ
2903 2037 3012 2106 τῆς
3046 2039 3196 2108 πρὸς
3235 2039 3417 2094 Τίτον.

2382 2177 2398 2207 ς
2445 2154 2640 2216 Πιστὸς
2682 2153 2709 2204 6
2755 2150 2942 2218 λόγος·
2975 2150 3070 2203 καὶ
3097 2149 3225 2219 περί⁵
3268 2146 3467 2202 τούτων
3500 2144 3757 2215 βούλομαί
3804 2162 3868 2196 σε

2303 2243 2761 2305 διαῦεὸαιοῦσθαι,
2809 2243 2897 2294 ἵνα
2927 2241 3252 2311 φροντίζωσι
3296 2237 3476 2292 καλῶν
3515 2237 3690 2306 ἔργων
3728 2252 3868 2302 προσ

2309 2336 2550 2391 ίστασθαι
2579 2335 2628 2387 οἱ
2649 2331 3070 2394 πεπιστευκότες
3093 2331 3169 2401 τῷ
3197 2329 3334 2400 Θεῷ.
3366 2347 3384 2380 ι
3410 2324 3532 2397 Ἆρ’
3556 2323 3645 2380 οὖν
3671 2327 3717 2378 oi
3747 2326 3871 2395 Θεῷ

2304 2428 2669 2488 πιστεύοντες,
2692 2424 2791 2477 οὐκ
2816 2425 2896 2486 είς
2929 2423 3161 2493 Χριστὸν
3194 2419 3620 2483 πεπιστεύκασι;
3672 2416 3873 2470 Καίτοι

2303 2525 2474 2590 λέγων
2499 2521 2691 2592 ὁρᾶται
2727 2518 2960 2589 σαφῶςὸ
2996 2518 3262 2588 μακάριος
3304 2517 3557 2582 Ἰωάννης
3599 2511 3727 2582 περὶ
3770 2511 3875 2564 αύ-

2301 2614 2428 2666 τοῦο
2466 2632 2484 2664 ι
2522 2614 2674 2666 Ὅσοι
2711 2613 2770 2665 δὲ
2813 2611 3004 2664 ἔλαϐον
3041 2607 3225 2672 αὐτὸν,
3271 2607 3471 2660 ἔδωκεν
3496 2604 3677 2663 αὐτοῖς
3721 2600 3876 2667 ἐξου-

2303 2702 2424 2755 σίαν
2467 2702 2631 2755 τέκνα
2675 2702 2810 2755 Θεοῦ
2861 2699 3132 2768 γενέσθαι,
3167 2698 3280 2760 τοῖς
3319 2694 3666 2748 πιστεύουσιν
3703 2692 3780 2752 είς
3808 2690 3876 2742 τὸ

2301 2797 2470 2864 ὄνομα
2499 2792 2686 2846 αὑτοῦ.
2725 2811 2743 2843 ι
2783 2792 2894 2846 Καὶ
2917 2792 3025 2861 μὴν
3049 2789 3142 2842 καὶ
3175 2787 3335 2850 αὐτὸς
3366 2786 3394 2836 ὁ
3426 2783 3693 2855 μακάριος
3723 2781 3876 2836 Παῦ-

2301 2886 2424 2948 λος’
2473 2903 2492 2937 ι
2530 2884 2741 2946 Είδότες
2786 2883 2843 2934 δὲ
2889 2882 2972 2934 ὅτι
3020 2880 3080 2933 ού
3129 2874 3434 2931 δικαιοῦται
3479 2872 3761 2943 ἄνθρωπος
3809 2871 3878 2936 ἐξ

2304 2978 2478 3050 ἔργων
2509 2977 2696 3046 νόμου,
2733 2973 2829 3027 ἐὰν
2871 2970 2946 3043 μὴ
2988 2970 3076 3024 διὰ
3110 2969 3346 3031 πίστεως
3387 2964 3559 3037 Ἰησοῦ
3593 2963 3832 3036 Χριστοῦ
3853 2980 3872 2994 ο

644 3065 991 3130 credidimus,
1023 3075 1078 3119 ut
1100 3067 1457 3136 justiﬁcemur
1489 3069 1540 3123 in
1573 3071 1688 3140 ipso
1717 3070 1780 3122 ".
1833 3089 1851 3122 ›
1882 3071 2014 3126 Cum
2043 3071 2203 3141 igitur

2305 3071 2399 3124 καὶ
2446 3070 2606 3140 ἡμεῖς
2655 3068 2734 3131 είς
2789 3063 3024 3137 Χριστὸν
3065 3061 3270 3133 Ἰησοῦν
3316 3058 3736 3128 ἐπιστεύσαμεν,
3781 3057 3876 3111 ἵνα

641 3156 731 3221 qui
770 3156 984 3211 Christo
1012 3157 1165 3212 ﬁdem
1200 3159 1452 3225 oﬂ'erunt,
1493 3163 1545 3214 in
1579 3164 1742 3216 Deum
1773 3162 2013 3228 credant,
2060 3179 2197 3233 quo-

2305 3159 2681 3230 δικαιωθῶμεν
2708 3160 2765 3211 ἐν
2787 3156 2951 3226 αὐτῷ.
2977 3175 2996 3207 ι
3023 3155 3151 3209 Ὅτε
3177 3153 3354 3207 τοίνυν
3377 3150 3493 3219 Θεῷ
3521 3147 3876 3202 πιστεύουσιν

645 3250 799 3303 modo
828 3250 1073 3305 Christus
1099 3267 1200 3306 non
1237 3262 1315 3306 est
1349 3267 1506 3308 verus
1541 3254 1718 3308 Deus?

1013 3449 1163 3514 Quod
1199 3451 1326 3516 ﬁdes
1352 3451 1420 3504 sit
1455 3451 1508 3504 in
1538 3450 1828 3506 Christum.

907 3559 989 3611 Ex
1025 3559 1307 3630 Evangelia
1338 3565 1619 3616 secundum
1651 3562 1930 3617 Joannem.

719 3688 737 3720 ι
775 3668 1045 3738 Quotquot
1073 3681 1250 3726 autem
1281 3682 1601 3742 receperunt
1630 3688 1773 3737 eum,
1809 3673 1953 3727 dedit
1996 3674 2074 3729 eis
2103 3687 2201 3742 po-

642 3770 889 3814 teStatem
925 3759 1062 3814 ﬁlios
1095 3759 1187 3815 Dei
1228 3762 1367 3826 ﬁeri,
1404 3763 1489 3817 his
1525 3764 1615 3831 qui
1646 3763 1876 3817 credunt
1906 3764 1955 3816 in
1990 3765 2205 3819 nomine

641 3851 775 3917 ejus.
815 3867 834 3900 ι
874 3849 988 3904 Duo
1011 3867 1129 3920 quae
1159 3852 1212 3904 in
1248 3851 1415 3906 Deum
1448 3854 1735 3922 quadrant,
1764 3853 2089 3922 conjunctim
2119 3856 2206 3910 hic

642 3940 789 4005 ponit
819 3957 833 3993 :
870 3957 972 3995 non
1004 3943 1146 3997 enim
1185 3943 1287 3997 alia
1329 3944 1542 3998 ratione
1588 3945 1860 4000 Christum
1895 3946 2205 4014 complecti-

644 4047 782 4095 mur,
809 4048 970 4096 quam
999 4035 1138 4102 quod
1167 4035 1270 4089 ﬁde
1317 4035 1368 4089 in
1405 4035 1554 4089 illum
1589 4038 1879 4101 tendimus,
1931 4039 2032 4090 hoc
2076 4051 2205 4092 vero

641 4125 908 4190 declarat,
946 4125 1070 4178 dum
1107 4125 1228 4179 ait:
1287 4143 1305 4176 ι
1345 4125 1441 4180 His
1486 4127 1574 4196 qui
1623 4128 1847 4181 credunt
1893 4128 1942 4179 iu
1988 4127 2204 4197 nomine

642 4214 754 4279 ejus
784 4231 795 4264 :
831 4234 848 4266 ι
893 4216 1160 4270 credimus
1185 4224 1362 4268 autem
1394 4215 1444 4268 in
1473 4217 1690 4271 nomine
1713 4218 1849 4285 ejus,
1884 4233 1987 4270 non
2015 4217 2202 4286 vulga-

638 4320 772 4367 rem,
822 4305 1096 4371 nostrique
1138 4306 1367 4360 similem
1419 4307 1689 4361 hominem
1735 4309 1860 4371 rati,
1905 4309 1995 4362 sed
2034 4308 2199 4363 Deum

639 4397 999 4448 incarnatum.
1029 4395 1261 4450 Rursum
1294 4399 1436 4466 quod
1461 4407 1778 4467 potestatem
1815 4401 1907 4453 dat
1943 4400 2078 4455 lilios
2105 4399 2199 4454 Dei

2302 3252 2351 3304 οἱ
2381 3251 2599 3321 Χριστῷ
2627 3249 2725 3319 τὴν
2755 3248 2933 3300 πίστιν
2978 3245 3364 3316 προσάγοντες,
3399 3239 3517 3304 πῶς
3543 3241 3643 3293 οὐκ
3687 3240 3754 3293 ἂν
3782 3239 3878 3310 εἴη

2302 3339 2432 3402 Θεὸς
2461 3337 2663 3408 ἀληθής
2683 3354 2696 3401 ;

2654 3452 2780 3503 Ὅτι
2810 3452 2895 3516 εὶς
2922 3448 3179 3517 Χριστὸν
3216 3447 3255 3515 ἠ
3290 3449 3514 3514 πίστις.

2507 3563 2601 3613 Ἐκ
2640 3561 2745 3614 τοῦ
2780 3559 2929 3613 κατὰ
2978 3559 3252 3628 Ἰωάννην
3281 3559 3672 3630 Εὑαγτελίου.

2381 3693 2398 3725 ‹
2432 3675 2585 3727 Ὅσοι
2637 3673 2692 3727 δέ
2720 3672 2910 3726 ἔλαϐον
2938 3672 3120 3738 αὑτὸν,
3154 3672 3354 3725 ἔδωκεν
3399 3674 3580 3735 αὐτοῖς
3621 3671 3878 3737 ἐξουσίαν

2304 3766 2470 3819 τέκνα
2495 3764 2628 3817 Θεοῦ
2658 3764 2930 3832 γενέσθαι,
2961 3766 3073 3827 τοῖς
3117 3764 3460 3817 πιστεύουσιν
3502 3765 3580 3827 εἰς
3611 3764 3672 3816 τὸ
3699 3765 3879 3832 ὄνομα

2304 3857 2488 3910 αὑτοῦ.
2532 3875 2549 3906 ι
2581 3855 2684 3909 Δύο
2715 3854 2856 3908 κατὰ
2901 3854 3095 3906 ταυτὸν
3124 3853 3302 3921 τίθησι
3347 3853 3655 3922 θεοπρεπῆ·
3698 3870 3878 3919 παρα-

2305 3946 2635 4013 λαμϐάνεται
2685 3945 2790 4014 γὰρ
2821 3945 2918 4012 οὐχ
2961 3943 3162 4012 ἑτέρως
3206 3944 3336 4013 παρ’
3371 3941 3527 4010 ἡμῶν
3556 3944 3583 3995 6
3613 3941 3871 4010 Χριστόςο

2306 4037 2443 4106 πλὴν
2467 4038 2550 4088 ὅτι
2574 4036 2631 4088 δὲ
2659 4037 2738 4097 εἰς
2767 4033 2927 4086 αὐτὸν
2957 4032 3155 4097 πίστις,
3204 4034 3455 4102 σαφηνιεῖ
3482 4032 3541 4084 τὸ
3570 4031 3876 4101 προκείμε-

2303 4143 2423 4180 νον·
2473 4146 2490 4178 ι
2544 4127 2666 4189 Τοῖς
2703 4125 2811 4195 γὰρ
2855 4125 3187 4189 πιστεύουσι,
3236 4124 3418 4194 φησιν,
3469 4125 3546 4187 είς
3597 4123 3658 4176 τὸ
3698 4125 3876 4193 ὄνομα

2303 4217 2490 4272 αὑτοῦ.
2527 4236 2546 4269 ι
2584 4216 2923 4287 Πιστεύομεν
2951 4217 3007 4270 δέ
3038 4217 3116 4280 είς
3141 4216 3201 4268 τὸ
3244 4215 3412 4285 ὄνομα
3442 4214 3626 4278 αὑτοῦ,
3655 4215 3755 4268 οὐκ
3778 4216 3876 4269 ἄν-

2305 4310 2520 4376 θρωπον
2549 4303 2688 4360 εἶναι
2708 4307 2890 4361 κοινὸν
2909 4307 3004 4360 καὶ
3027 4307 3121 4359 ἕνα
3142 4306 3248 4359 τῶν
3273 4305 3393 4359 καθ’
3419 4307 3565 4375 ἡμᾶς
3591 4305 3873 4358 πιστεύον-

2304 4415 2412 4460 τες,
2439 4396 2574 4450 ὰλλὰ
2615 4397 2746 4451 Θεὸν
2772 4397 3250 4469 ἐνηνθρωπηκότσ..
3281 4397 3396 4449 Ούκ
3428 4394 3764 4466 ἀνθρώπινον
3812 4396 3876 4449 δὲ

638 4484 778 4545 ﬁeri,
811 4498 916 4536 non
952 4485 1314 4539 humanarum
1348 4487 1540 4539 virium
1569 4497 1670 4551 est,
1701 4490 1792 4543 sed
1823 4490 2015 4544 divinae
2045 4499 2202 4544 natu-

2304 4490 2364 4542 τὸ
2395 4490 2641 4554 ἐξουσίαν
2683 4489 2880 4543 διδόναι
2913 4489 3075 4543 τέκνα
3105 4488 3239 4542 Θεοῦ
3268 4488 3538 4556 γενέσθαι,
3571 4486 3876 4557 θεοπρεπὲς

637 4585 709 4622 ne
741 4585 899 4636 opus,
935 4570 1300 4640 quiddamque
1324 4574 1574 4628 universa
1605 4586 1852 4629 creatura
1890 4577 2195 4632 sublimius.

635 4653 768 4708 Cum
802 4655 935 4709 ﬁdes
955 4671 1083 4723 ergo
1120 4659 1172 4710 in
1199 4659 1375 4727 ipsum
1411 4660 1685 4717 Christum
1723 4666 1923 4729 tendat,
1956 4667 2200 4734 idemque

635 4747 725 4799 det
755 4746 985 4813 gratiam
1017 4755 1076 4801 ut
1107 4748 1199 4802 lilii
1228 4749 1320 4804 Dei
1354 4750 1669 4818 efﬁciamur,
1703 4757 1969 4823 quomodo
1991 4770 2202 4813 nonest

635 4838 811 4890 Deus?

711 4947 728 4978 ι
763 4926 874 4982 11οο
903 4927 1028 4983 fecit
1055 4929 1260 4983 initium
1287 4931 1558 4999 signorum
1587 4934 1743 4990 Jesus
1784 4937 1836 4990 in
1873 4939 2016 4993 Cana
2053 4939 2196 4995 Gali-

635 5019 765 5080 lrraa,
798 5027 849 5071 et
881 5017 1246 5072 manifeslavit
1275 5021 1499 5088 gloriam
1537 5039 1687 5077 suam
1716 5041 1728 5076 :
1766 5037 1817 5079 et
1850 5029 2197 5084 crediderunt

632 5111 683 5160 tn
707 5123 829 5161 eum
859 5108 1105 5179 discipuli
1135 5111 1250 5180 ejus
1275 5113 1342 5165 ⁷ο.
1377 5132 1394 5164 ι
1428 5113 1593 5184 Signo
1620 5131 1858 5185 peracto,
1887 5121 2196 5191 Christique

630 5197 795 5266 gloria
839 5198 1208 5266 manifestata,
1243 5201 1295 5253 in
1328 5217 1506 5267 quem,
1537 5217 1738 5270 quaeso,
1771 5206 1907 5259 beati
1940 5207 2012 5260 illi
2044 5209 2196 5260 disci-

631 5291 738 5353 puli
767 5291 1160 5344 crediderunt?
1191 5293 1431 5360 nunquid
1464 5293 1514 5346 in
1561 5295 1833 5349 hominem
1878 5297 2193 5367 simpliciter

629 5382 921 5434 sanctum?
957 5381 1118 5450 Atqui
1147 5394 1272 5438 ante
1310 5385 1517 5454 signum
1560 5387 1758 5440 editum
1815 5388 1960 5450 illum
2001 5405 2191 5458 seque-

629 5473 822 5525 buntur
857 5483 1111 5542 tanquam
1147 5477 1321 5530 virum
1353 5487 1596 5531 sanctum
1633 5480 1898 5533 admirati.
1936 5481 2008 5535 Ex
2044 5483 2194 5550 signo

630 5560 807 5630 itaque
866 5575 1184 5633 potestatem
1247 5569 1480 5623 humana
1542 5570 1794 5638 majorem
1862 5573 1934 5626 illi
2007 5575 2192 5628 adesse

665 5719 762 5774 ⁵⁸1
800 5719 937 5776 Tim.
984 5737 1063 5789 Ill,
1105 5723 1186 5776 IG.
1281 5725 1320 5754 ”
1353 5724 1472 5780 Psal
1533 5741 1642 5791 unt,
1687 5728 1729 5778 1.

1812 5729 1848 5756 Η
1882 5729 1981 5781 Τιι
2021 5744 2097 5795 ιιι,
2133 5731 2182 5782 ὃ.
2265 5730 2479 5784 “Joan.
2521 5747 2557 5796 ι,
2606 5731 2664 5785 12

2298 4580 2352 4632 δὲ
2389 4580 2588 4650 μᾶλλον
2618 4581 2712 4633 καὶ
2741 4580 3003 4650 ὑπὲρ-τὴν
3031 4580 3228 4632 κτίσιν.
3253 4579 3380 4633 Ὅτε
3406 4578 3586 4633 τοίνυν
3605 4579 3680 4640 είς
3702 4576 3874 4630 αὑτὸν

2301 4673 2333 4741 ἡ
2365 4673 2564 4734 πίστις,
2600 4672 2693 4724 καὶ
2726 4671 2886 4735 αὐτὸς
2915 4671 3096 4724 δίδωσι
3123 4671 3221 4741 τῆς
3255 4669 3524 4734 υἱοθεσίας
3551 4670 3649 4739 τὴν
3679 4669 3867 4739 χάριν

2300 4763 2414 4825 πῶς
2443 4764 2502 4815 οὐ
2533 4764 2663 4825 Θεὸς
2695 4765 2722 4816 ὁ
2749 4763 3014 4834 Χριστός;

2381 4962 2396 4991 ι
2445 4939 2657 5009 Ταύτην
2694 4941 2947 5008 ἐποίησεν
2976 4940 3150 5011 ἀρχὴν
3175 4939 3281 4993 τῶν
3307 4938 3546 5010 σημείων
3588 4940 3617 4990 6
3658 4939 3871 5008 Ἰησοῦς

2304 5035 2360 5085 ἐν
2393 5032 2543 5102 Κανᾷ
2581 5032 2676 5100 τῆς
2724 5030 3032 5094 Γαλιλαίας,
3083 5033 3178 5084 καὶ
3218 5030 3527 5101 ἐφανέρωσε
3563 5031 3662 5099 τὴν
3706 5031 3876 5094 δόξαν

2303 5122 2464 5175 αὐτοῦ
2485 5140 2497 5154 ο
2530 5123 2619 5175 καὶ
2642 5121 2966 5176 ἐπίστευσαν
2986 5123 3066 5185 εἰς
3096 5122 3256 5176 αὐτὸν
3275 5123 3324 5175 οί
3356 5121 3593 5192 μαθηταὶ
3617 5122 3808 5175 αὑτοῦ.
3852 5144 3872 5176 ι

2301 5213 2589 5281 Γεγονὸτος
2636 5211 2742 5284 ἄρα
2773 5213 2865 5265 τοῦ
2898 5214 3145 5284 σημείου,
3194 5213 3289 5267 καὶ
3330 5213 3739 5282 φανερώσαντος
3777 5215 3878 5267 τοῦ

2301 5303 2533 5372 Χριστοῦ
2557 5305 2653 5374 τὴν
2679 5303 2834 5367 δόξαν
2869 5304 3054 5368 αὑτοῦ,
3080 5303 3155 5366 ὡς
3187 5307 3265 5367 είς
3293 5304 3410 5356 τίνα
3439 5303 3877 5356 πεπιστεύκασιν

2299 5399 2346 5447 οἱ
2402 5397 2658 5465 μακάριοι
2717 5395 2988 5465 μαθηταί;
3051 5393 3159 5466 ἆρα
3215 5398 3295 5458 εἰς
3359 5395 3639 5462 ἄνθρωπον
3711 5395 3876 5463 ἆγιον

2300 5486 2514 5551 ἁπλῶς;
2541 5487 2727 5538 Καίτοι
2762 5487 2865 5556 πρὸ
2889 5486 2981 5539 τοῦ
3013 5487 3242 5556 σημείου
3272 5485 3658 5556 ,ἠκολούθησαν
3690 5486 3871 5554 αὐτῷ,

2298 5576 2692 5646 τεθαυμακότες
2720 5579 2792 5641 ὡς
2847 5580 3021 5646 ἅγιον·
3050 5577 3184 5630 ἀλλὰ
3216 5578 3496 5631 τεθέανται
3527 5578 3611 5629 διὰ
3636 5577 3730 5629 τοῦ
3773 5596 3875 5648 ση-

2788 5733 2829 5765 "
2862 5731 3035 5787 Galat.
3071 5750 3126 5800 ιι,
3176 5734 3256 5790 16.
3337 5734 3378 5763 ⁷⁰
3410 5731 3564 5788 Joan.
3603 5749 3662 5798 ιι,
3706 5733 3793 5787 ll.
