4092 6334
187 363 315 419 1353

1260 366 1346 419 DE
1388 365 1609 420 RECTA
1653 365 1806 421 FIDE
1843 367 1934 420 AD
1974 364 2288 421 REGINAS.

3271 352 3407 404 1554

189 482 327 549 μείου
360 483 459 552 τὴν
490 483 630 554 ὑπὲρ
660 484 945 554 ἄνθρωπον
991 486 1216 555 δύναμίν
1253 504 1310 538 τε
1361 489 1454 538 καὶ
1496 487 1742 552 ἐξουσίαν

1869 485 2339 539 animadverterunt
2368 498 2380 534 :
2411 493 2574 548 quare
2599 477 2653 530 in
2686 473 2830 530 illum
2867 482 3117 540 tanquam
3157 468 3206 522 in
3238 467 3404 521 Deum

187 575 384 642 ἔχοντα.
423 573 630 628 Οὐκοῦν
657 576 1083 630 πεπιστεύκασιν
1125 577 1199 640 ὡς
1239 579 1318 640 είς
1359 578 1510 632 Θεόν.
1550 577 1741 630 Ίστέον

186 664 252 725 δὲ,
278 666 360 715 ὃτι
396 665 580 718 πολλοὶ
600 666 711 717 τῶν
739 667 910 734 ἁγίων
952 667 1120 720 πολλὰ
1160 670 1489 738 πεποιήκασι
1521 667 1613 718 καὶ
1641 683 1743 717 πα-

191 753 408 820 ράδοξα·
458 755 554 807 καὶ
599 755 1017 826 ἐθαυμάσθησαν
1068 758 1184 828 μὲν,
1233 759 1519 810 ἐπίστευσε
1565 757 1620 810 δὲ
1665 759 1741 820 είς

192 847 375 909 αὐτοὺς
406 848 602 911 οὐδείς.
640 850 790 918 Ἐχοι
817 850 861 902 δ’
903 851 968 903 ἂν
993 849 1090 919 τὴν
1132 851 1250 918 ἴσην
1289 849 1556 902 διάνοιαν·
1592 866 1609 898 ι
1659 848 1743 909 Ὠς

190 939 234 990 δὲ
261 935 326 1006 ἦν
351 941 412 991 ὲν
430 942 543 1004 τοῖς
577 941 963 1012 Ἰεροσολύμοις
995 942 1052 994 ὲν
1077 941 1153 1010 τῷ
1185 941 1373 1009 Πάσχα
1395 942 1452 992 ὲν
1476 942 1540 1008 τῇ
1561 940 1743 1008 ἑορτῇ,

191 1026 363 1079 πολλοὶ
412 1029 736 1081 ἐπίστευσαν
765 1031 843 1092 εἰς
887 1029 948 1080 τὸ
985 1031 1152 1099 ὄνομα
1204 1029 1387 1092 αὐτοῦ,
1421 1027 1746 1098 θεωροῦντες

193 1115 341 1168 αὑτοῦ
377 1118 443 1170 τὰ
475 1120 695 1188 σημεῖα,
725 1117 760 1172 ἃ.
799 1118 990 1172 ἐποίει.
1040 1137 1059 1169 ι

263 1246 280 1277 ι
307 1228 380 1282 Ού
414 1229 520 1298 γὰρ
545 1229 859 1282 ἀπέστειλεν
883 1231 911 1283 6
935 1229 1064 1292 Θεὸς
1089 1232 1179 1284 τὸν
1207 1232 1333 1286 Υίὸν
1363 1232 1526 1285 αὑτοῦ
1557 1234 1634 1294 είς
1658 1230 1749 1283 τὸν

197 1317 410 1386 κόσμον,
461 1319 547 1399 ἵνα
601 1319 761 1389 κρίνῃ
814 1319 904 1374 τὸν
952 1321 1188 1390 κόσμον,
1237 1322 1476 1375 ἀλλ’ἵνα
1528 1322 1670 1392 σωθῇ
1723 1322 1749 1372 6

198 1408 386 1476 κόσμος
416 1408 482 1459 δι’
501 1408 688 1466 αὑτοῦ.
707 1411 762 1462 '0
791 1410 1061 1464 πιστεύων
1084 1413 1164 1475 εἰς
1189 1413 1370 1478 αὑτὸν,
1397 1413 1458 1465 οὐ
1486 1413 1746 1483 κρίνεται·

197 1500 220 1546 6
241 1497 294 1549 δὲ
329 1500 405 1567 μὴ
435 1498 728 1565 πιστεύων,
761 1501 857 1572 ἤδη
891 1501 1159 1572 κέκριται’
1190 1503 1270 1554 ὅτι
1294 1503 1367 1574 μὴ
1395 1503 1751 1554 πεπίστευκεν

198 1591 268 1650 είς
311 1589 372 1639 τὸ
423 1589 595 1657 δνομα
633 1590 727 1643 τοῦ
781 1593 1094 1662 μονογενοῦς
1142 1593 1270 1646 Υίοῦ
1302 1593 1396 1646 τοῦ
1446 1593 1600 1647 Θεοῦ.
1640 1613 1656 1644 ι
1693 1593 1753 1643 Ei

201 1678 464 1746 σωτηρίας
494 1679 609 1743 ὁδός
633 1681 828 1750 ἐστινὴ
857 1681 1036 1744 πίστις
1061 1684 1094 1752 ἡ
1119 1683 1197 1745 εἰς
1225 1683 1314 1736 τὸν
1339 1683 1486 1747 Υίὸν,
1517 1683 1631 1746 πῶς
1649 1684 1755 1753 ἄρα

1847 577 2208 627 crediderunt.
2247 572 2470 626 Constat
2503 584 2594 639 per
2628 565 2822 620 multos
2858 570 3072 617 sanctos
3102 559 3266 612 multa
3297 567 3406 611 stu-

1847 666 2014 734 penda
2044 664 2298 728 edidisse,
2327 670 2545 729 propter
2573 673 2692 728 qua:
2721 657 2882 710 etiam
2916 655 2966 706 in
2999 665 3189 720 magna
3229 648 3404 702 admi-

1847 756 2053 810 ratione
2081 763 2236 809 erant
2266 771 2279 806 :
2309 761 2365 806 at
2413 750 2588 804 nullus
2637 747 2848 801 interim
2900 753 3144 811 repertus
3177 749 3261 795 est
3315 739 3405 806 qui

1847 847 1901 900 in
1939 846 2057 900 illos
2081 845 2345 900 crederet.
2374 842 2624 912 Ejusdem
2666 853 2801 908 pene
2840 837 3116 890 sententia:
3148 841 3231 886 est
3258 842 3311 884 et
3341 830 3408 881 il-

1847 938 1936 991 lud
1966 950 2219 1005 quoque:
2257 953 2275 986 ι
2316 933 2450 988 Cum
2502 940 2680 985 autem
2729 937 2872 983 esset
2918 923 3303 992 Hierosolymis
3353 920 3406 974 in

1847 1028 2054 1081 Pascha
2086 1028 2139 1080 in
2179 1026 2264 1080 die
2309 1023 2468 1088 festo,
2502 1021 2654 1076 multi
2698 1019 3042 1074 crediderunt
3092 1015 3144 1068 in
3197 1012 3412 1066 nomine

1849 1118 1989 1188 ejus,
2027 1117 2269 1173 videntes
2297 1114 2593 1185 signa-ejus
2617 1129 2737 1183 quae
2759 1113 2987 1167 faciebat
3017 1109 3084 1164 “.
3128 1127 3146 1160 ι

1925 1251 1946 1284 ί
1979 1230 2097 1285 Non
2146 1229 2289 1284 enim
2337 1227 2484 1282 misit
2525 1226 2665 1281 Detts
2712 1225 2904 1279 Filium
2946 1237 3098 1277 suum
3153 1217 3311 1286 126
3363 1215 3414 1268 in

1853 1324 2111 1379 nmndum
2142 1330 2200 1375 ut
2223 1320 2425 1390 judicet
2459 1318 2716 1372 mttndum
2737 1357 2752 1380 ,
2783 1319 2875 1370 sed
2906 1323 2962 1367 ut
2991 1313 3226 1367 salvetur
3255 1323 3416 1361 mun-

1853 1419 1951 1471 dus
1977 1429 2072 1483 per
2093 1414 2286 1483 ipsum.
2315 1410 2416 1478 Qui
2458 1410 2630 1464 credit
2674 1411 2728 1461 in
2768 1421 2912 1470 eum,
2957 1418 3063 1457 non
3102 1401 3414 1469 indicatur:

1853 1507 1941 1575 qui
1976 1515 2153 1560 autem
2185 1519 2290 1558 non
2320 1501 2512 1566 credit,
2540 1501 2647 1571 jam
2683 1499 2952 1569 judicatus
2997 1503 3109 1556 est;
3146 1491 3270 1560 quia
3313 1503 3415 1540 non

1856 1593 2083 1649 credidit
2133 1592 2184 1646 in
2220 1589 2436 1645 nomine
2470 1587 2733 1656 unigeniti
2781 1584 2902 1639 Filii
2943 1581 3036 1638 Dei
3069 1582 3134 1635 τ’.
3181 1598 3199 1630 ι
3240 1577 3295 1633 Si
3335 1578 3417 1628 via

1857 1685 1922 1738 ad
1955 1682 2184 1737 salutem
2212 1689 2294 1735 est
2325 1679 2460 1733 ﬁdes
2497 1679 2548 1732 in
2596 1677 2814 1736 Filium.
2857 1674 3126 1744 quomodo
3158 1671 3210 1723 in
3243 1671 3418 1735 ipsum

201 1773 516 1842 πιστεύομεν
549 1775 628 1837 εἰς
671 1775 857 1837 αὐτόν;
901 1775 934 1844 ἢ
979 1774 1092 1838 πῶς
1133 1775 1230 1845 τὴν
1261 1777 1324 1828 ὲκ
1359 1776 1449 1829 τοῦ
1477 1777 1752 1846 κρίνεσθαι

1869 1775 2160 1830 credimus?
2202 1782 2296 1827 aut
2337 1772 2606 1841 quomodo
2655 1773 2707 1823 ln
2748 1770 2920 1837 ipsum
2972 1765 3250 1819 credentes
3288 1774 3420 1812 cou-

1883 1868 1888 1869 ,
2085 1865 2095 1869 -
2179 1864 2189 1869 -
2461 1860 2474 1869 .
2737 1859 2748 1869 .
2920 1856 2941 1869 ,.
2987 1855 3028 1869 _.

198 1865 586 1935 διαφευξόμεθα
618 1867 802 1935 δίκην;
841 1863 949 1939 ἆρα
973 1868 1080 1937 γὰρ
1105 1868 1178 1931 ὡς
1219 1868 1501 1938 ἄνθρωπον
1529 1868 1753 1921 καταδε-

202 1955 432 2023 ξάμενοι,
459 1957 550 2008 καὶ
580 1958 764 2027 ἕτερον
797 1959 944 2028 παρὰ
970 1957 1126 2011 τοῦτο
1143 1958 1326 2024 ούδέν;
1357 1955 1488 2010 Εἶτα.
1512 1957 1626 2020 πῶς
1656 1959 1753 2010 οὐκ

199 2047 462 2118 ἀνθρώπῳ
489 2048 870 2118 λατρεύσομεν.
909 2050 1044 2102 Ἀλλ’
1066 2050 1140 2113 ὡς
1165 2052 1241 2113 είς
1268 2049 1417 2102 Θεὸν·
1454 2050 1610 2102 τοῦτο
1649 2050 1756 2117 γὰρ

200 2142 407 2210 ἀληθές.
438 2143 532 2204 Τίς
565 2140 656 2196 οὖν
689 2145 716 2196 ὁ
741 2143 903 2211 φάναι
927 2130 1137 2213 τολμῶν
1163 2145 1264 2196 οὐκ
1289 2140 1424 2197 εἶναι
1457 2143 1595 2196 κατὰ
1629 2144 1758 2211 ἀλή-

200 2231 338 2283 θειαν
365 2231 517 2296 Θεὸν,
545 2225 604 2285 οὗ
633 2231 976 2284 δεδικαίωκεν
1003 2233 1034 2301 ἡ
1063 2231 1240 2294 πίστις
1267 2230 1471 2300 τὴνῦπ⁹
1491 2229 1719 2300 οὐρανόν
1742 2247 1756 2293 ;

1861 1864 2221 1920 demnationis
2243 1860 2568 1919 sententiam
2615 1856 2941 1914 evademus?
2987 1851 3234 1922 Nunqui‘d
3275 1849 3420 1902 illum

1863 1956 1965 2008 ﬁde
2000 1963 2057 2007 ut
2096 1953 2365 2007 hominem
2395 1950 2802 2020 complectimur
2823 1991 2837 2013 ,
2869 1960 2968 2000 nec
2999 1945 3287 2013 quidquam
3310 1954 3425 1990 om-

1863 2047 1988 2100 nino
2019 2045 2120 2099 nisi
2173 2046 2464 2098 humanum
2515 2043 2579 2097 de
2629 2041 2718 2094 illo
2773 2037 3146 2107 concipimus?
3203 2037 3270 2088 At
3319 2047 3424 2100 quo

1864 2146 2018 2205 pacto
2042 2137 2085 2190 si
2123 2134 2564 2197 hociecerimus,
2591 2132 2827 2187 divinum
2860 2130 3062 2184 cultum
3096 2125 3295 2178 homini
3325 2124 3426 2174 im-

1865 2228 2117 2298 pendisse
2147 2242 2250 2280 non
2285 2225 2610 2294 arguemur?
2642 2224 2843 2278 Fidene
2874 2236 3002 2287 ergo
3033 2219 3085 2273 in
3116 2218 3262 2269 illum
3294 2212 3423 2266 feri-

200 2341 311 2380 mur
346 2335 598 2394 tanquam
637 2327 688 2380 in
717 2325 1098 2381 Deum?Sane.
1142 2327 1271 2391 Quis
1345 2326 1492 2378 illum
1553 2340 1700 2391 ergo,
1731 2323 1881 2391 cujus
1918 2322 2050 2378 ﬁdes
2101 2331 2369 2376 terrarum
2418 2321 2604 2376 orbem
2682 2317 2972 2386 justiﬁeat,
3026 2326 3210 2366 verum
3261 2307 3427 2361 Deum

199 2433 311 2473 esse
341 2420 570 2474 inﬁciari
597 2422 827 2475 audeat?

268 2531 286 2565 ι
336 2511 519 2580 Ἔγνω
551 2507 644 2564 οῦν
686 2514 714 2565 6
743 2510 923 2582 πατὴρ
950 2511 1030 2565 ὅτι
1059 2512 1115 2562 ὲν
1159 2510 1339 2580 ἐκείνῃ
1370 2510 1435 2579 τῇ
1468 2508 1606 2579 ὥρᾳ,
1639 2509 1696 2560 ἐν

199 2599 341 2655 εἶπεν
388 2602 574 2671 αὐτῷ’
619 2601 677 2654 '0
722 2601 835 2664 υίός
889 2618 981 2654 σου
1031 2600 1132 2670 ζῇ·
1179 2601 1275 2653 καὶ
1318 2599 1636 2652 ἐπίστευσεν
1685 2599 1763 2658 εἰς

201 2693 356 2746 αὑτὸν
387 2691 568 2754 αὐτὸς,
613 2691 706 2744 καὶ
749 2693 781 2760 ἡ
830 2691 973 2743 οἰκία
1008 2690 1172 2743 αὐτοῦ
1207 2689 1323 2758 ὅλη.
1367 2707 1386 2740 ι
1436 2688 1759 2754 Ἀνὲστησεν

201 2788 258 2836 ἐκ
284 2782 496 2852 νεκρῶν
527 2781 620 2834 τοῦ
645 2781 920 2852 βασιλικοῦ
948 2781 1037 2832 τὸν
1058 2781 1169 2832 υἱὸν
1194 2782 1220 2832 6
1249 2779 1499 2848 Χριστὸς,
1527 2776 1762 2848 εἰρηκὼς

201 2872 375 2942 αὐτῷ·
413 2891 432 2922 ι
468 2869 727 2941 Πορεύου,
758 2873 786 2922 6
813 2870 924 2933 υἱός
953 2885 1045 2921 σου
1085 2868 1172 2938 ζῇ.
1213 2887 1231 2919 ι
1271 2865 1404 2921 Εἶτα
1434 2867 1762 2920 πεπίστευκε

203 2961 433 3016 πανοικί.
471 2958 596 3031 Ἆρ’
629 2956 720 3014 οὖν
767 2961 855 3014 διὰ
900 2960 999 3028 τῆς
1041 2958 1181 3011 οὕτω
1227 2957 1464 3027 μεγάλης
1501 2955 1592 3009 καὶ
1646 2957 1761 3007 θεο-

1938 2527 1956 2559 ‹
1994 2506 2257 2575 Cognovit
2284 2520 2414 2574 ergo
2442 2515 2594 2575 pater
2618 2501 2739 2571 quia
2771 2499 2859 2553 illa
2892 2498 3024 2553 hora
3059 2502 3213 2556 erat,
3247 2493 3299 2546 in
3326 2507 3428 2559 qua

1864 2601 1998 2655 dixit
2031 2601 2103 2654 illi
2134 2601 2328 2655 Jesus:
2361 2601 2528 2654 Filius
2567 2608 2689 2652 tuus
2722 2597 2850 2650 vivit
2880 2614 2892 2649 :
2927 2603 2979 2648 et
3021 2591 3245 2647 credidit
3296 2589 3427 2658 ipse.

1865 2703 1919 2746 et
1960 2693 2148 2746 domus
2193 2689 2309 2756 ejus
2359 2699 2470 2744 tota
2498 2689 2564 2740 ⁷³.
2599 2707 2617 2740 ι
2678 2689 2917 2740 Revocat
2965 2682 3136 2753 reguli
3183 2679 3348 2733 ﬁlium
3403 2692 3429 2728 a

1866 2783 2055 2836 mortis
2080 2781 2342 2836 vestibulo
2357 2781 2623 2844 Christus,
2643 2777 2942 2843 aliatusque
2971 2783 3176 2843 patrem
3199 2768 3429 2828 :cVade,

1872 2877 2067 2945 inquit,
2105 2875 2246 2930 ﬁlius
2275 2885 2394 2927 tuus
2428 2875 2578 2926 vivit.
2613 2890 2630 2922 ι
2665 2869 2905 2924 Credidit
2945 2880 3068 2920 mox
3101 2865 3208 2928 ille,
3241 2872 3293 2916 et
3323 2873 3432 2934 tota

1875 2970 2073 3022 familia
2105 2983 2228 3019 cum
2276 2966 2386 3019 illo.
2429 2965 2534 3018 Sed
2574 2962 2810 3030 nunquid
2851 2962 2918 3014 ob
2964 2959 3226 3028 insignem
3272 2957 3432 3014 hanc,

203 3056 442 3123 πρεποῦς
491 3055 734 3118 ἐξουσίας
765 3053 840 3116 ὡς
871 3055 950 3115 είς
997 3050 1281 3121 ἄνθρωπον
1330 3049 1694 3101 πεπίστευκεν
1738 3049 1763 3099 6

1871 3061 2111 3128 adeoque
2143 3059 2376 3111 divinam
2409 3055 2701 3124 potentiam
2739 3053 2950 3119 regulus
2982 3052 3033 3103 in
3069 3051 3217 3102 illum
3254 3046 3431 3100 credi-

205 3144 508 3210 βασιλικόςς
544 3144 576 3212 ἢ
609 3144 740 3196 Θεὸν
771 3144 909 3210 ἔγνω
943 3141 1084 3197 κατὰ
1114 3141 1274 3210 φύσιν
1309 3139 1434 3193 ὅντα
1468 3139 1646 3199 αὑτὸν,
1677 3139 1769 3191 καὶ

204 3235 567 3296 ζωοποιοῦντα
605 3235 722 3303 μετ’
754 3235 998 3297 ἐξουσίας
1035 3233 1128 3296 οῦς
1163 3233 1228 3286 ἂν
1263 3232 1433 3284 ἕλοιτο
1482 3231 1573 3282 καὶ
1627 3230 1771 3298 μόνῳ

210 3329 447 3397 ρἡατι;
495 3324 631 3377 Ἀλλ’
666 3323 782 3376 ἔστι
817 3324 974 3394 δῆλον
1002 3325 1084 3377 ὅτι
1129 3323 1490 3376 πεπίστευκεν
1525 3320 1599 3384 ὡς
1630 3319 1770 3389 Θεῷ.

284 3649 304 3683 r
359 3629 555 3699 Ἀμὴν,
607 3626 753 3699 ἀμὴν
788 3626 931 3695 λέγω
983 3626 1130 3696 ὑμῖν,
1164 3624 1245 3676 ὅτι
1291 3625 1319 3675 ὁ
1356 3625 1446 3677 τὸν
1488 3627 1642 3692 λόγον
1674 3643 1774 3694 μου

211 3722 439 3784 ἀκούων,
481 3722 571 3773 καὶ
603 3719 874 3771 πιστεύων
919 3717 998 3788 τῷ
1031 3717 1305 3786 πέμψαντί
1343 3733 1429 3786 με,
1475 3717 1587 3785 ἔχει
1632 3717 1777 3786 ζωὴν

210 3814 442 3865 αἰώνιον.
483 3834 497 3858 ι
549 3813 842 3882 Πέπομφεν
893 3813 1024 3880 ἡμῖν
1057 3811 1115 3874 ἐξ
1153 3813 1395 3881 οὐρανῶν
1443 3809 1470 3860 6
1523 3809 1653 3871 Θεὸς
1685 3810 1777 3860 καὶ

211 3905 397 3974 Πατὴρ
425 3904 513 3955 τὸν
547 3905 677 3956 ἴδιον
711 3904 888 3963 Υίὸν,ι
919 3905 1003 3956 ἵνα
1034 3906 1142 3965 πᾶς
1171 3906 1198 3956 6
1228 3903 1496 3955 πιστεύων
1514 3902 1591 3962 είς
1620 3901 1779 3953 αὺτὸν

214 3998 282 4066 μὴ
316 3994 605 4061 ἀπόληται,
651 3992 765 4044 ἀλλ’
792 3992 887 4060 ἔχῃ
915 3992 1057 4062 ζωὴν
1087 3991 1325 4044 αἰώνιον.
1383 4010 1398 4039 ι
1435 3989 1555 4050 Πῶς
1590 3985 1683 4041 οὖν
1723 3989 1780 4038 ἐν

208 4089 414 4148 τούτοις
449 4086 601 4153 φησὶ,
633 4083 774 4153 ζωὴν
805 4083 1020 4135 αἰώνιον
1054 4085 1197 4153 ἔχειν
1227 4083 1318 4136 τὸν
1351 4081 1670 4133 πιστεύοντα
1704 4078 1780 4147 τῷ

211 4177 486 4246 πέμψαντι
519 4173 710 4238 aiat/5‘2;
746 4173 838 4231 EE;
869 4173 988 4224 τίνα
1021 4173 1204 4226 λοιπὸν
1232 4174 1263 4241 ἡ
1295 4171 1508 4234 πίστις;
1540 4165 1648 4239 ἆρα
1707 4169 1781 4229 ὡς

211 4270 286 4330 εἰς
315 4265 409 4318 δύο
434 4264 611 4326 θεοὺς,
641 4263 731 4315 τὸν
761 4263 977 4332 Πατέρα
1021 4263 1224 4315 καὶτὸν
1251 4260 1405 4325 Υίόν;
1432 4260 1522 4328 Μὴ
1550 4259 1776 4326 γένοιτο’

215 4360 329 4412 ἀλλ’
358 4357 432 4417 ὡς
483 4357 562 4416 είς
616 4353 711 4406 ’ἐνα
736 4353 868 4406 Θεὸν
919 4356 1009 4405 καὶ
1044 4349 1312 4422 ἀληθινόν.
1364 4349 1571 4402 Οὐκοῦν
1605 4352 1656 4402 εἴ
1698 4367 1780 4410 τις

207 4448 550 4502 πιστεύσειεν
581 4446 656 4506 είς
687 4443 940 4515 Χριστὸν,
974 4444 1336 4494 πεπίστευκεν
1369 4442 1446 4501 είς
1477 4439 1608 4490 Θεόν
1629 4454 1640 4466 ·
1677 4438 1779 4489 κᾶν

210 4545 255 4594 εί
290 4535 631 4590 πιστεύσειεν
658 4536 734 4594 εἰς
775 4533 906 4586 Θεὸν
937 4532 1177 4600 Πατέρα,
1230 4528 1602 4589 πεπιστευκὼς
1629 4528 1777 4580 ἕσται

211 4634 302 4687 καὶ
337 4633 414 4692 είς
448 4629 538 4679 τὸν
571 4629 664 4680 ἕνα
699 4627 902 4696 Κύριον
947 4624 1151 4694 Ἰησοῦν
1183 4623 1272 4674 τὸν
1304 4622 1557 4688 Χριστόν.

287 4858 306 4890 ι
365 4831 661 4903 Ἀπεκρίθη
707 4831 735 4882 6
777 4830 1001 4899 Ἰησοῦς,
1046 4828 1140 4881 καὶ
1179 4823 1330 4879 εἶπεν
1368 4825 1570 4885 αύτοῖςο
1609 4821 1778 4875 Τοῦτό

212 4929 329 4981 ἐστι
361 4927 420 4980 τὸ
457 4925 617 4994 ἔργον
650 4917 744 4973 τοῦ
773 4917 929 4981 Θεοῦ,
957 4918 1044 4969 ἵνα
1104 4916 1428 4984 πιστεύσητε
1467 4917 1544 4975 εἰς
1577 4913 1633 4964 ὃν
1678 4915 1780 4965 ἁττ-

217 5022 335 5074 ἐστε
348 5019 453 5070 ιλεν
481 5017 709 5076 ἐκεῖνος.
744 5030 761 5061 ι
790 5010 852 5064 El
881 5009 941 5061 τὸ
967 5006 1044 5075 τῷ
1069 5006 1186 5074 Θεῴ
1210 5006 1400 5057 δοκοῦν
1428 5004 1779 5072 ἐπιτελοῦμεν

219 5111 560 5170 πιστεύοντες
606 5107 684 5167 είς
734 5101 966 5174 Χριστὸν
1016 5097 1199 5166 (αὐτὸν
1258 5097 1365 5163 γὰρ
1423 5097 1635 5164 ἀληθῶς
1678 5098 1780 5147 ἀπ-

219 5201 452 5251 έστειλεν
469 5202 496 5250 6
519 5200 707 5268 Πατὴρ
739 5198 815 5260 εἰς
839 5197 928 5249 τὸν
959 5195 1179 5261 κόσμον,
1207 5191 1306 5254 ὅτε,
1323 5189 1540 5255 γέγονεν
1575 5189 1779 5256 ἄνθρω-

225 5306 318 5350 πος
350 5289 469 5339 καθ’
499 5292 691 5357 ἡμᾶς),
725 5289 838 5348 πῶς
873 5289 972 5338 οὐκ
1018 5285 1082 5338 ἂν
1117 5282 1199 5350 εἴη
1238 5280 1368 5340 Θεὸς
1393 5279 1669 5345 ἀληθινός;
1706 5278 1776 5327 Oi:

227 5382 330 5450 γὰρ
366 5381 430 5432 ἂν
468 5377 535 5449 ἦν
578 5381 734 5448 ἔργον
760 5379 894 5432 Θεοῦ
925 5379 983 5430 τὸ
1020 5373 1291 5428 πιστεύειν
1334 5373 1410 5431 είς
1441 5367 1620 5420 αὐτόν.

302 5515 320 5543 ι
377 5492 582 5561 Ἰησοῦς
611 5493 666 5542 δὲ
701 5492 916 5560 Ξκραξε,
959 5490 1050 5543 καὶ
1080 5487 1260 5540 εἶπεν
1308 5483 1364 5533 τυ
1397 5479 1660 5533 πιστεύων
1703 5481 1780 5539 εἰς

231 5586 345 5652 ἐμὲ,
373 5585 430 5636 οῦ
458 5580 698 5633 πιστεύει
729 5583 802 5642 εἰς
831 5582 950 5650 ἐμὲ,
988 5579 1121 5633 ἀλλὰ
1151 5579 1228 5639 εἰς
1255 5574 1342 5627 τὸν
1378 5573 1664 5647 πέμψαντά
1692 5590 1774 5640 με.

1816 4416 1857 4469 D

1874 3155 2226 3220 dittanquam
2276 3150 2327 3202 in
2376 3145 2680 3201 hominem?
2715 3159 2781 3198 an
2823 3158 2954 3198 vero
2994 3157 3179 3196 verum
3215 3146 3434 3192 natura-

1872 3244 2082 3313 lemque
2107 3244 2270 3295 Deum
2300 3256 2421 3293 esse
2473 3240 2706 3307 agnovit,
2732 3236 2822 3305 qui
2856 3236 2928 3288 uti
2980 3233 3233 3286 Dominus
3277 3245 3436 3297 quos-

1872 3346 2082 3399 cunque
2123 3329 2224 3384 sibi
2267 3329 2437 3381 visum
2463 3336 2623 3389 esset,
2649 3326 2727 3378 vel
2758 3324 2871 3376 solo
2903 3323 3066 3374 verbo
3119 3321 3241 3372 vita:
3284 3315 3438 3370 resti-

1876 3436 2026 3478 tuere
2056 3421 2280 3492 posset?
2310 3419 2413 3473 Sed
2444 3419 2730 3471 obscurum
2770 3430 2876 3467 non
2905 3423 2986 3466 est
3022 3413 3159 3466 haud
3193 3409 3350 3461 aliter
3384 3407 3434 3458 in

1875 3533 1995 3570 eum
2023 3514 2338 3574 credidisse,
2371 3524 2532 3577 quam
2567 3509 2618 3560 in
2645 3521 2832 3560 verum
2872 3506 3059 3558 Deum.

1955 3647 1969 3675 ι
2012 3629 2200 3687 Amen,
2230 3639 2381 3677 amen
2413 3623 2530 3676 dico
2563 3621 2733 3684 vobis,
2754 3619 2877 3688 quia
2898 3617 2987 3684 qui
3013 3617 3230 3668 verbum
3261 3628 3436 3666 meum

1877 3719 2046 3779 audit,
2081 3729 2132 3770 et
2161 3716 2335 3770 credit
2369 3715 2415 3767 ei
2443 3713 2531 3781 qui
2568 3712 2713 3764 misit
2741 3724 2844 3773 me,
2873 3709 3031 3763 habet
3072 3707 3234 3759 vitam
3276 3714 3432 3757 aeter-

1878 3825 1998 3863 nam
2026 3809 2170 3860 ”¹³-⁶⁸.
2210 3826 2225 3856 ι
2259 3804 2398 3858 Deus
2421 3804 2576 3856 Pater
2612 3801 2800 3854 Filitnn
2837 3815 2991 3852 suum
3022 3799 3165 3850 misit
3195 3796 3348 3849 nobis
3376 3796 3439 3846 de

1878 3902 2050 3964 cmlis,
2090 3919 2106 3949 ι
2150 3909 2206 3951 ιιι
2235 3897 2409 3949 omnis
2439 3894 2528 3960 qui
2556 3891 2725 3945 credit
2762 3892 2812 3941 in
2863 3890 3032 3946 illum.
3084 3903 3186 3939 non
3236 3898 3437 3952 pereat.

1880 3994 1973 4046 sed
2002 3993 2194 4045 habeat
2224 3988 2386 4040 vitam
2417 3994 2670 4038 aeternam
2697 3983 2764 4034 ⁸⁵.
2803 4001 2818 4030 ι
2850 3981 2955 4034 Cur
2981 3977 3065 4032 hic
3095 3992 3221 4044 ergo
3242 3987 3440 4030 aeterna

1878 4086 1986 4138 vita
2018 4085 2083 4136 iis
2119 4079 2467 4148 promittitur,
2495 4076 2584 4143 qui
2620 4075 2844 4128 credunt
2883 4073 2929 4124 ei
2976 4070 3064 4138 qui
3111 4069 3334 4122 miserat
3377 4068 3440 4122 il-

1880 4174 2035 4228 lum?
2081 4172 2134 4224 lu
2171 4183 2328 4238 quem
2370 4167 2583 4219 tandem
2634 4163 2804 4216 fertur
2856 4161 3024 4213 ﬁdes?
3077 4157 3326 4225 Nunquid
3388 4158 3440 4208 in

1880 4265 2093 4317 Patrem
2125 4271 2178 4313 et
2207 4257 2480 4312 Christum
2516 4263 2770 4321 tanquam
2805 4250 2855 4302 iu
2887 4250 3019 4301 duos
3065 4248 3235 4301 deos?
3265 4247 3439 4300 Absit.

1883 4354 2163 4408 Credimus
2198 4350 2341 4402 enim
2385 4358 2633 4413 tanquam
2693 4343 2742 4394 in
2792 4356 2954 4392 unum
3012 4353 3197 4391 verum
3249 4336 3439 4388 Detuu.

1885 4441 2240 4510 Quamobrem
2276 4438 2320 4490 si
2351 4436 2469 4504 quis
2501 4432 2673 4487 credit
2700 4432 2750 4482 in
2783 4429 3076 4487 Christum.
3112 4410 3286 4479 crediti
3306 4425 3442 4476 idem

1885 4539 1936 4591 in
1974 4535 2137 4588 Deum
2162 4532 2372 4584 Patrem
2407 4540 2616 4595 quoque
2651 4542 2662 4577 :
2695 4531 2746 4574 et
2777 4532 2982 4584 contra,
3008 4520 3048 4571 si
3083 4518 3171 4585 qui
3203 4517 3252 4569 in
3280 4516 3441 4567 Deum

1885 4626 2094 4680 Patrem
2134 4622 2392 4681 credunt,
2434 4617 2591 4670 iidem
2633 4625 2684 4666 et
2735 4614 2784 4664 in
2829 4626 2989 4664 unum
3033 4607 3314 4660 Dominum
3350 4619 3444 4657 no-

1887 4730 2054 4770 strum
2087 4715 2264 4768 .Iesum
2296 4711 2562 4764 Christum
2594 4718 2808 4774 quoque
2840 4701 3092 4756 credunt.

1961 4848 1978 4880 ι
2019 4825 2316 4893 Respondit
2353 4821 2528 4885 Jesus,
2577 4831 2630 4873 et
2664 4818 2795 4872 dixit
2841 4816 2990 4869 illis:
3036 4812 3148 4866 Hoc
3194 4821 3275 4866 est
3311 4826 3444 4877 opus

1887 4923 2002 4981 Πιιί,
2042 4931 2098 4970 ιιι
2125 4914 2357 4969 credatis
2394 4913 2444 4964 in
2471 4927 2590 4964 cum
2620 4923 2774 4976 quem
2806 4905 2972 4959 misit'
2997 4903 3081 4955 ille
3109 4901 3175 4955 ⁸⁸.
3217 4920 3232 4950 ι
3268 4901 3322 4951 Si
3352 4900 3442 4952 Dei

1885 5013 2213 5064 voluntatem
2241 5003 2547 5072 perﬁcimus
2593 5014 2711 5051 cum
2769 4997 2818 5047 in
2864 4993 3134 5047 Christum
3172 4991 3444 5042 credimus

1886 5103 2048 5171 (hunc
2084 5097 2224 5148 etiim
2265 5094 2424 5146 Pater
2465 5104 2588 5141 vere
2639 5087 2782 5139 misit
2822 5084 2873 5137 in
2918 5082 3195 5147 mundum,
3234 5081 3444 5148 quando

1887 5188 2051 5244 nostri
2071 5185 2261 5239 similis
2285 5184 2454 5235 factus
2473 5189 2553 5233 est
2579 5176 2779 5245 homo),
2803 5174 3069 5242 quomodo
3094 5189 3197 5224 non
3220 5179 3299 5225 est
3319 5183 3445 5221 vere

1889 5277 2074 5333 Deus?
2107 5276 2285 5343 Neque
2316 5274 2456 5326 enim
2489 5285 2620 5338 opus
2652 5268 2743 5321 Dei
2781 5276 2924 5322 esset
2953 5264 3170 5320 credere
3212 5263 3264 5315 in
3299 5275 3439 5314 cum.

1960 5476 2114 5544 127
2150 5492 2166 5524 ι
2189 5471 2343 5526 Jesus
2363 5481 2536 5524 autem
2567 5469 2834 5530 clamavit,
2870 5477 2919 5519 ct
2947 5465 3080 5518 dixit
3111 5461 3242 5525 :Qui
3273 5461 3445 5512 erudit

1887 5567 1936 5622 in
1967 5584 2070 5631 me,
2102 5583 2206 5620 nou
2239 5563 2409 5618 credit
2438 5564 2489 5616 in
2527 5579 2629 5626 me,
2663 5561 2750 5614 sed
2785 5563 2835 5610 in
2874 5573 2991 5610 eum
3040 5556 3128 5620 qui
3163 5552 3304 5603 misit
3341 5566 3437 5602 me.

303 5763 615 5825 “1.10th,
641 5759 728 5811 ‘25.
774 5757 987 5811 7ἰιυιιιμ
1020 5773 1101 5820 ιιι,
1146 5757 1223 5822 l7,
1265 5755 1344 5809 18.
1388 5754 1429 5783 ⁷³
1462 5751 1714 5813 .Ioau.1v,
1747 5750 1763 5799 ἓ

1891 5744 2015 5784 73-”
2047 5745 2198 5797 Juan.
2227 5743 2385 5802 v.91.
2451 5739 2490 5764 ”
2522 5738 2666 5788 Jnau.
2710 5750 2785 5793 tu,
2829 5732 2903 5784 l6.
2966 5731 3007 5758 "
3037 5730 3190 5782 .loan.
3239 5741 3308 5788 γι,
3350 5722 3438 5776 29.
