4092 6334
683 324 818 385 1555

1662 343 1718 401 S.
1763 343 2033 405 CYRILLI
2071 349 2540 413 ALEXANDRINI
2576 361 2888 418 AltCHIEP.

3767 379 3920 433 1556

671 434 743 493 Et
778 443 866 506 qui
915 442 1058 497 videt
1096 461 1200 508 me,
1246 448 1390 503 videt
1421 465 1540 505 eum
1570 455 1659 522 qui
1702 458 1846 512 misit
1885 476 1971 516 me
2001 464 2067 518 ".
2109 485 2127 516 ι
2173 467 2228 520 ΕΙ

2341 473 2450 525 Καὶ
2495 475 2524 526 6
2552 474 2772 547 θεωρῶν
2802 479 2924 547 ὲμὲ,
2947 479 3143 552 θεωρεῖ
3164 484 3253 537 τὸν
3286 484 3576 555 πέμψαντά
3606 505 3692 558 με.
3713 509 3732 540 ι
3771 490 3921 543 Εἶτα

678 532 859 590 paucis
895 531 1190 602 interjectis
1225 554 1236 588 :
1283 557 1299 588 ι
1340 540 1472 604 Quia
1498 558 1594 614 ego
1620 560 1684 600 ex
1720 550 1924 619 meipso
1971 568 2076 608 non
2118 570 2237 610 sum

675 622 912 686 locutus;
948 626 1042 678 sed
1074 628 1163 694 qui
1201 629 1345 683 misit
1371 648 1456 686 me
1484 633 1663 702 Pater,
1705 639 1814 706 ipse
1852 643 1982 696 mihi
2017 649 2237 701 manda-

673 708 782 762 tum
833 713 979 768 dedit
1033 719 1160 785 quid
1207 721 1380 776 dicam
1421 733 1474 778 et
1521 729 1646 796 quid
1693 729 1880 798 loquar
1900 733 1967 786 ⁸⁸.
2035 755 2057 788 ι
2105 736 2237 791 Cum

673 817 800 866 ergo
841 807 1094 861 mandato
1141 807 1340 876 Patris,
1387 813 1510 872 licet
1552 827 1614 872 ut
1660 819 1822 876 homo
1859 822 2034 888 dicat,
2079 828 2237 881 tidem

673 905 789 959 qua:
815 894 867 947 in
906 895 1050 950 illmn
1088 911 1191 966 est,
1230 904 1425 959 referat
1457 909 1524 961 ad
1555 907 1771 966 Patrem
1811 914 2109 970 mittentem
2139 933 2154 981 ;
2186 929 2239 972 et

671 985 762 1051 qui
793 985 941 1040 illum
981 991 1143 1055 videt,
1173 1007 1292 1048 eum
1336 1011 1547 1066 quoque
1595 1001 1805 1070 videat,
1847 1006 1940 1073 qui
1989 1006 2137 1062 misit
2170 1007 2238 1063 il-

673 1073 812 1141 lum;
847 1079 970 1145 quis
995 1078 1142 1134 illum
1183 1099 1365 1139 verum
1400 1088 1565 1144 Deum
1613 1107 1735 1147 esse
1779 1108 1976 1163 negare
2009 1098 2239 1155 audeat?

674 1162 967 1232 Cogitatum
996 1171 1118 1225 huic
1151 1184 1233 1228 est
1266 1187 1319 1229 et
1370 1179 1498 1232 illud
1550 1197 1801 1252 quoque:
1851 1162 1870 1236 ι
1907 1185 2139 1244 Creditis
2182 1192 2235 1244 in

672 1252 862 1323 Deum,
899 1269 953 1314 et
981 1261 1032 1315 in
1060 1279 1145 1317 me
1173 1268 1379 1323 credite
1405 1271 1475 1322 ⁵⁸.
1508 1289 1527 1322 ι

971 1414 1057 1469 Ea:
1084 1417 1370 1490 Evangelia
1399 1426 1682 1480 secundum
1716 1427 1932 1486 Lucam.

744 1540 762 1572 ι
806 1522 1187 1586 Verumtamen
1221 1533 1389 1591 Filius
1418 1538 1652 1598 hominis
1685 1547 1929 1612 veniens,
1965 1561 2127 1619 putas
2155 1553 2237 1608 in-

670 1615 846 1670 veniet
877 1617 1034 1673 ﬁdem
1067 1624 1120 1677 in
1152 1633 1292 1680 terra
1317 1628 1395 1682 ὀἳ
1427 1649 1447 1682 ι
1485 1632 1712 1698 Quando
1735 1615 1997 1697 Christus
2029 1658 2060 1698 e
2097 1646 2236 1700 coelo

668 1707 794 1760 olim
824 1721 907 1764 est
939 1723 1216 1783 venturus,
1254 1721 1573 1789 cujusmodi,
1606 1743 1817 1796 quaeso,
1865 1733 2022 1788 fidem
2063 1751 2092 1789 a
2139 1752 2235 1792 no-

2344 566 2682 635 προσεπάγει
2700 570 2906 633 τούτοις
2922 584 2935 600 ο
2959 588 2978 621 ι
3011 573 3152 641 Ἐγὼ
3185 573 3243 640 ἐξ
3265 575 3501 645 ἐμαυτοῦ
3522 578 3618 632 οὐκ
3644 578 3918 649 ἐλάλησα,

2339 654 2454 706 ἀλλ’
2478 657 2507 708 6
2539 648 2856 729 πέμψαςίμε
2887 661 3096 734 Πατὴρ,
3128 665 3288 728 αὐτός
3321 684 3410 736 μοι
3451 669 3667 739 ἐντολὴν
3705 648 3921 723 δέδωκε

2338 747 2391 797 τί
2424 747 2583 811 είπω,
2615 751 2710 803 καὶ
2737 750 2788 803 τί
2823 751 3058 824 λαλήσω.
3109 774 3127 807 ι
3163 757 3292 810 Ὅτε
3321 758 3500 811 τοίνυν
3537 761 3657 813 κατ’
3686 760 3920 823 ἐντολὰς

2337 837 2431 890 τοῦ
2470 840 2702 910 Πατρὺς,
2736 843 2837 896 κᾶν
2863 844 2938 906 ὡς
2964 844 3250 917 ἄνθρωπος
3288 848 3442 920 λέγῃ,
3474 851 3571 919 τὴν
3604 851 3789 904 πίστιν
3811 852 3922 921 τὴν

2337 931 2417 992 είς
2455 931 2636 997 αὐτὸν,
2679 935 2760 997 είς
2786 934 2876 988 τὸν
2910 937 3204 1007 πέμψαντα
3253 941 3414 993 αὐτὸν
3447 941 3725 1013 ἀναφέρει,
3756 944 3861 996 καὶ
3890 945 3921 994 6

2339 1019 2559 1090 θεωρῶν
2607 1023 2788 1090 αὐτὸν,
2841 1025 3034 1096 θεωρεῖ
3063 1027 3155 1081 τδν
3190 1029 3478 1100 πέμψαντα
3510 1033 3695 1086 αὐτόν’
3749 1034 3842 1096 τίς
3889 1034 3922 1085 6

2339 1110 2507 1178 φάναι
2552 1111 2770 1182 τολμῶν
2815 1115 2916 1168 οὐκ
2965 1114 3104 1170 εἶναι
3157 1119 3288 1173 Θεὸν
3330 1121 3514 1185 αὑτὸν,
3573 1124 3665 1175 καὶ
3714 1123 3919 1176 τοῦτον

2335 1199 2617 1270 ἀληθινόν;
2659 1204 2883 1274 Ὅμοιον
2927 1204 2984 1258 δὲ
3025 1207 3236 1278 τούτῳσ
3285 1229 3304 1263 ι
3357 1211 3646 1266 Πιστεύετε
3691 1215 3771 1277 είς
3818 1213 3919 1268 τὸν

2335 1290 2486 1355 Θεὸν,
2521 1295 2615 1347 καὶ
2649 1296 2730 1358 είς
2761 1296 2861 1366 ἐμὲ
2897 1299 3200 1354 πιστεύετε.
3249 1319 3270 1354 ι

2558 1447 2659 1502 Ἐκ
2704 1450 2810 1504 τοῦ
2847 1465 2996 1507 κατα
3029 1456 3271 1509 Λουκᾶν
3301 1457 3690 1528 Εὺαηεελίου.

2409 1578 2428 1612 ι
2476 1560 2620 1632 Πλὴν
2648 1563 2677 1615 6
2717 1563 2843 1628 Υίὸς
2881 1566 2973 1619 τοῦ
3002 1566 3292 1638 ἀνθρώπου
3319 1566 3511 1633 ἐλθὼν,
3542 1564 3653 1648 ἆρα
3679 1567 3912 1638 εὑρήσει

2331 1649 2430 1720 τὴν
2459 1650 2636 1706 πίστιν
2667 1653 2760 1706 ὲπὶ
2789 1655 2896 1725 τῆς
2916 1656 3056 1726 γῆς;
3099 1675 3118 1708 ι
3157 1657 3328 1710 Ὅταν
3373 1659 3401 1710 6
3435 1658 3670 1727 Χριστὸς
3717 1657 3778 1725 ἐξ
3820 1659 3915 1711 οὐ.

2337 1739 2498 1808 ρανοῢ
2533 1744 2931 1815 παραγένηται,
2976 1747 3138 1801 ποίαν
3182 1747 3292 1820 ἄρα
3335 1747 3560 1821 ζητήσει
3610 1749 3795 1806 πίστιν
3851 1749 3915 1800 ὲν

671 1797 748 1853 bis
792 1802 1019 1870 θκῖεειῖ
1064 1805 1118 1860 Si
1162 1810 1303 1862 enim
1357 1813 1514 1869 homo
1566 1827 1773 1873 tantum
1829 1827 1998 1878 nostri
2042 1827 2228 1882 similis

671 1889 809 1912 .......ΙΞ
838 1890 1053 1912 l--l.-,,°,
1235 1900 1265 1912 ι.
1403 1905 1412 1912 .
1494 1907 1564 1912 --.-

2334 1797 2499 1900 ἧμῖνὶ
2529 1834 2592 1886 Εἰ
2616 1797 2724 1905 ’μὲν
2750 1797 2858 1906 γάρ
2891 1797 2966 1902 ως
3320 1797 3617 1912 δαίθἰήμᾶς
3652 1839 3914 1910 βούλεται

667 1889 810 1940 credi
838 1890 1128 1962 haberique
1162 1900 1292 1968 vult,
1324 1905 1444 1970 quis
1493 1907 1564 1961 illi
1607 1913 1825 1966 credere
1865 1915 2108 1970 abnuat?
2138 1918 2242 1974 Ju~

668 1978 764 2028 dmi
809 1980 881 2034 illi
917 1984 1234 2046 insultantes
1281 1995 1539 2054 aiebant:
1584 2019 1600 2052 ι
1662 2001 1770 2058 Cur
1819 2014 1871 2059 tu
1910 2008 2069 2063 homo
2109 2024 2230 2064 cum

672 2069 760 2133 sis,
798 2069 930 2128 facis
973 2079 1196 2148 teipsum
1230 2083 1395 2140 Deum
1428 2091 1513 2143 “'1
1542 2111 1559 2142 ι
1603 2093 1812 2150 Ethnici
1847 2112 2059 2166 qumque
2105 2115 2230 2154 cru-

663 2173 778 2211 cem
814 2173 1148 2234 mortumque
1199 2174 1437 2243 ejusdem
1481 2183 1784 2245 audientes,
1823 2184 1871 2236 id
1918 2186 2056 2250 quod
2107 2175 2232 2242 dici-

665 2253 769 2310 tur,
805 2258 1055 2320 tanquam
1095 2258 1159 2312 de
1199 2266 1472 2318 communi
1521 2269 1771 2335 quopiam
1814 2282 2010 2326 nostrae
2051 2275 2229 2328 condi-

665 2339 825 2393 tionis
882 2343 1096 2400 homine
1154 2349 1357 2406 dictum
1404 2356 1698 2422 accipiunt.
1761 2359 2046 2430 Ecqualcm
2097 2380 2225 2436 ergo

662 2422 817 2481 ﬁdem
849 2433 1126 2502 deposcit?
1156 2437 1302 2494 Illam
1332 2443 1502 2510 ipsam
1534 2447 1789 2502 nimirum
1817 2490 1830 2513 ,
1871 2467 2029 2520 quam
2062 2422 2224 2510 divini

663 2517 731 2571 illi
767 2536 1060 2590 prmcones,
1096 2532 1187 2599 qui
1225 2544 1278 2586 et
1316 2537 1545 2591 ministri
1593 2552 1646 2594 et
1686 2554 2014 2611 spectatores
2062 2549 2224 2604 Verbi

659 2615 980 2671 exstiterunt
1032 2621 1099 2686 θ’,
1151 2626 1267 2680 orbi
1315 2634 1729 2689 annuutiarunt.
1778 2631 2014 2695 Joannes
2065 2642 2224 2711 igitur

658 2703 733 2758 ait
762 2723 775 2759 :
818 2722 837 2759 ι
877 2709 1189 2769 EtVerhum
1224 2734 1352 2773 caro
1384 2722 1586 2778 factum
1619 2737 1702 2781 est
1729 2729 1794 2784 ⁸³.
1840 2749 1858 2781 ›
1895 2731 2113 2786 Factum
2138 2744 2221 2789 est

659 2807 787 2849 sane
825 2811 970 2866 caro,
1007 2805 1100 2858 sed
1153 2806 1251 2862 hoc
1284 2810 1377 2877 ita,
1413 2824 1470 2866 ut
1521 2816 1660 2871 Deus
1710 2828 1884 2874 tamen
1937 2838 2058 2877 esse
2108 2840 2213 2878 ηοιι

657 2885 940 2944 destiterit.
964 2888 1266 2954 Istiusmodi
1299 2902 1482 2974 itaque
1516 2917 1598 2962 est
1627 2909 1778 2976 fides,
1809 2927 1966 2981 quam
2002 2916 2088 2968 ille
2117 2932 2214 2970 suo

657 2981 898 3045 tempore
927 2996 955 3035 a
992 2987 1147 3042 nobis
1171 2992 1429 3060 requiret.

2334 1924 2706 1992 πιστεύεσθαι,
2731 1928 2815 1991 τίς
2841 1929 2870 1981 6
2898 1929 3207 2002 ἀπιστήσας
3236 1930 3415 2003 αὐτῷ;
3453 1932 3768 1988 Ἐνεκάλουν
3793 1931 3913 2002 γὰρ

2333 2015 2382 2065 oi
2457 2015 2693 2069 Ἰουδαῖοι
2747 2016 2995 2086 λέγοντες
3023 2035 3039 2050 ⁸
3076 2040 3096 2073 ι
3153 2023 3306 2077 Διατί
3357 2026 3421 2078 σὺ
3468 2023 3753 2095 ἄνθρωπος
3805 2021 3909 2088 ὢν.

2333 2106 2508 2168 ποιεῖς
2537 2108 2758 2162 σεαυτὸν
2781 2110 2912 2164 Θεόν
2935 2129 2950 2177 ;
2985 2132 3006 2165 ι
3052 2112 3309 2184 Ἕλληνες
3334 2116 3391 2170 δὲ
3420 2117 3650 2188 σταυρὸν
3675 2115 3912 2170 ἀκούον-

2332 2213 2425 2260 τες
2457 2200 2551 2251 καὶ
2580 2199 2829 2267 θάνατον,
2866 2204 2942 2269 ὡς
2974 2207 3103 2278 περὶ
3141 2207 3428 2281 ἀνθρώπου
3459 2209 3640 2264 κοινοῦ
3669 2209 3913 2262 διάκειν-

2333 2303 2441 2357 ται,
2477 2291 2571 2344 καὶ
2600 2292 2707 2346 τῶν
2747 2295 2868 2348 καθ’
2916 2298 3062 2368 ἡμᾶς
3093 2299 3230 2363 ἑνός.
3263 2302 3430 2355 Ποίαν
3457 2297 3550 2356 οὖν
3581 2301 3688 2371 ἄρα
3718 2301 3912 2354 πίστιν

2330 2378 2519 2450 ζητεῖ,
2573 2383 2606 2454 ἢ
2656 2385 2891 2441 δολονότι
2948 2391 3048 2460 τὴν
3127 2392 3617 2463 ὲκκεκηρυγμὲνην
3658 2390 3749 2444 διὰ
3793 2390 3911 2443 τῶν

2331 2470 2632 2545 θεηγόρων,
2682 2477 2732 2530 οἳ
2766 2480 2859 2530 καὶ
2895 2479 3157 2534 αὐτόπται
3204 2483 3299 2534 καὶΙ
3331 2483 3595 2553 ὑπηρέται
3643 2482 3908 2549 γεγόνασι

2327 2563 2420 2615 τοῦ
2449 2565 2806 2638 Λόγου;”Εφη
2838 2555 3015 2622 τοίνυν
3045 2571 3317 2640 Ἰωάννης,
3337 2574 3417 2625 ὅτι
3445 2591 3462 2624 ι
3484 2573 3543 2624 '0
3566 2573 3737 2639 Λόγος
3765 2571 3913 2641 σὰρξ

2326 2653 2561 2720 ἐγένετο.
2589 2677 2605 2708 ι
2631 2657 2825 2726 Γέγονε
2847 2659 2905 2711 δὲ
2936 2659 3080 2729 σὰρξ
3095 2660 3235 2730 μετὰ
3260 2662 3355 2715 τοῦ
3374 2664 3554 2733 μεῖναι
3575 2663 3726 2726 Θεός.
3748 2662 3909 2734 Αὕτη

2327 2743 2502 2796 τοίνυν
2533 2748 2564 2817 ὴ
2594 2749 2773 2813 πίστις
2804 2750 2861 2802 ὲν
2883 2751 3012 2821 ἡμῖν
3038 2753 3165 2823 παρ’
3188 2753 3350 2807 αὐτοῦ
3379 2753 3741 2826 ζητηθήσεται
3757 2757 3910 2811 κατὰ

2326 2851 2569 2905 καιρούς.

659 3121 814 3186 Finis
849 3138 1100 3241 orationi:
1144 3144 1329 3224 prima:
1367 3145 1556 3228 Cyrilli
1600 3154 1824 3234 episcopi
1865 3157 2225 3227 Alexandriw,

2337 3162 2513 3241 Tégpc
2539 3164 2659 3241 ,ζωῇ
2688 3165 2918 3241 πρώτου
2944 3171 3177 3241 ξιλόγου
3214 3160 3719 3241 προσφωνητικοῦ
3742 3174 3908 3241 παρά

1025 3212 1093 3262 ad
1121 3213 1387 3277 piissimae
1413 3212 1638 3287 reginas.
1656 3212 1849 3278 miss'a’.

2401 3233 2707 3312 Κορίέλου
2725 3233 3093 3312 ,ἐπισρεόπουί
3110 3233 3580 3312 Ἀλεξανδρείας,
3616 3243 3769 3310 πρὸς
3799 3233 3909 3308 τῖὶς

2407 3303 2846 3370 εὐσεϐεστάτας
2878 3305 3227 3376 δεσποίνας.

1756 3445 1928 3505 Varia!
1968 3452 2224 3510 lectiones
2254 3456 2456 3512 codicis
2483 3458 2839 3526 Seguieriani.

726 3562 756 3594 ιλ
789 3558 945 3618 Deest
976 3563 1027 3618 in
1056 3581 1156 3622 ms.
1187 3569 1543 3640 Seguieriano
1566 3591 1758 3634 nomen
1793 3575 1924 3637 illud
1953 3587 2253 3643 numerale.

655 3736 3888 3792 Ἥ..

1013 3903 1584 3997 ΚΥΡΙΛΛΟΥ
1655 3912 2586 4010 ΑΡΧΙΕΠΙΣΚΟΠΟΥ
2656 3919 3482 4021 ΑΛΕΞΑΝΔΡΕΙΑΣ

1668 4097 1883 4152 ΛΟΓΟΣ
1920 4100 2272 4155 ΔΕΥΤΕΡΟΣ
2309 4106 2886 4163 ΠΡΟΣΦΩΝΗΤΙΚΟΣ

1319 4243 1447 4309 ταῖς
1477 4248 1936 4316 εὐσεϐεστάταις
1965 4255 2388 4326 βασιλίσσαις,
2423 4261 2554 4328 περὶ
2595 4259 2705 4331 τῆς
2741 4260 2921 4331 ὀρθῆς
2951 4264 3229 4330 πίστεως.

1082 4532 1561 4628 CYRlLLI
1640 4545 2556 4644 AliCHlEPISCOPI
2634 4553 3444 4645 ALEXANDRIIE

1941 4739 2237 4802 ORATIO
2281 4747 2604 4807 ALTERA

1561 4895 1653 4955 Ad
1691 4896 2205 4975 religiosissimus
2247 4906 2498 4985 reginas
2543 4909 2621 4970 de
2662 4915 2826 4971 recta
2861 4911 3005 4976 fide.

724 5211 955 5288 1281.
993 5216 1080 5272 Eis
1127 5221 1215 5288 qui
1265 5221 1498 5283 divinum
1547 5228 1673 5286 illud
1717 5231 2043 5304 cmlesteque
2079 5251 2213 5305 pra!-

651 5312 863 5365 dicamli
896 5327 1090 5366 munus
1114 5313 1509 5382 administrant,
1547 5324 1915 5380 universorum
1945 5328 2085 5382 Deus
2119 5345 2215 5397 per

651 5392 799 5460 lsaiie
833 5405 1104 5472 prophetm
1138 5418 1320 5465 vocem
1350 5407 1606 5473 ejusmodi
1638 5417 1880 5471 oratione
1928 5419 2038 5472 haec
2079 5433 2215 5487 pra:-

653 5494 815 5561 cipit:
862 5514 879 5547 ι
929 5495 1102 5566 Super
1143 5503 1379 5550 montem
1412 5497 1682 5555 excelsum
1721 5508 1969 5574 ascendc,
2026 5519 2078 5563 tu
2121 5512 2211 5580 qui

726 5649 767 5722 "_7
803 5651 956 5708 Junii.
999 5670 1093 5722 xu,
1126 5655 1212 5712 44.
1293 5654 1337 5689 ⁵⁸
1373 5653 1498 5712 ibid.
1539 5653 1628 5710 49.

653 5715 699 5750 ⁸³
728 5717 878 5776 Joun.
909 5739 942 5779 ι.
989 5725 1066 5780 Νι

1736 5657 1777 5691 ⁸⁵
1813 5657 1959 5715 Joau.
2009 5677 2112 5729 xiv,
2162 5663 2205 5717 ί.
2283 5665 2325 5699 ⁶⁰
2360 5665 2488 5724 Luc.
2527 5681 2680 5736 mn,
2719 5673 2769 5726 8.

2395 5239 2471 5293 A'.
2515 5238 2638 5303 Τοῖς
2679 5237 2740 5293 τὸ
2781 5238 2921 5293 θεῖον
2969 5241 3061 5295 καὶ
3107 5243 3356 5316 οὐράνιον
3405 5245 3746 5321 ίερουργοῦσι
3807 5257 3901 5326 κή-

2327 5344 2529 5400 ρυγμα,
2575 5331 2664 5384 διὰ
2698 5331 2880 5402 φωνῆς
2923 5331 3143 5389 Ἡσαΐου
3179 5336 3608 5406 παρακελεύεται
3641 5341 3830 5412 λέγων
3877 5346 3902 5397 6

2322 5422 2427 5475 τῶν
2457 5423 2590 5476 ὅλων
2620 5423 2750 5488 Θεός
2769 5440 2782 5454 ·
2825 5443 2842 5475 ι
2886 5423 3001 5476 Ἐπ’
3026 5425 3148 5496 ὄρος
3179 5427 3379 5498 ὑψηλὸν
3405 5430 3654 5502 ἀνάδηθι,
3684 5435 3900 5502 ὸεύαγ-

2323 5511 2664 5584 γελιζόμενος
2710 5513 2873 5568 Σιών·
2911 5515 3124 5586 ὕψωσον
3167 5521 3231 5590 τῇ
3264 5519 3406 5590 ίσχύῖ
3434 5521 3529 5594 τὴν
3559 5525 3743 5593 φωνήν
3773 5541 3893 5585 σου,

2879 5672 2920 5703 ⁶¹
2955 5670 3111 5732 ἇοδιι.
3157 5693 3207 5744 x,
3255 5681 3341 5736 55.
3447 5686 3490 5714 ⁸³
3536 5685 3667 5742 Luc.
3727 5703 3770 5751 I,
3841 5690 3890 5741 '2.
