4092 6334
218 343 348 396 1337

1007 344 1095 398 AD
1132 343 1429 398 REGINAS
1470 344 1554 397 DE
1598 344 1819 399 IlECTA
1863 343 2017 399 FIDE
2056 344 2312 399 ORATIO
2352 344 2648 399 ALTERA.

3306 343 3444 397 1558

209 466 235 513 ὁ
273 459 756 526 εὐαγγελιζόμενος
802 460 1186 530 Ἰερουσαλήμ·
1231 460 1505 529 ὐψὼσατε,
1554 462 1625 530 μὴ
1676 478 1765 528 φο-

1872 461 2209 531 evangelizas
2236 460 2362 515 Sion
2392 480 2405 527 ;
2441 462 2613 514 exalta
2644 462 2693 513 in
2728 461 3043 514 fortitudine
3074 474 3256 513 vocem
3292 471 3438 513 tuam

209 552 407 605 δεῖσθε.
457 570 474 601 ι
510 552 723 621 Χρῆναι
752 552 861 623 γὰρ
885 550 1057 618 ἔγωγέ
1091 569 1232 621 φημι
1260 554 1384 614 τοὺς
1412 553 1777 621 τεταγμένους

210 643 286 703 είς
339 642 673 711 ἱερουργίαν,
706 642 801 693 καὶ
842 642 901 693 τὸ
949 642 1041 693 τοῦ
1074 642 1287 693 πάντων
1336 641 1492 710 ἡμῶν
1528 641 1774 709 Σωτῆρος

208 732 445 798 Χριστοῦ
511 731 805 794 λαλοῦντας
853 732 1181 800 μυστήριον,
1226 733 1287 784 οὐ
1343 732 1775 802 κατερριμμένον

207 826 347 892 ἔχειν
380 826 477 876 καὶ
508 823 877 893 χαμαιρῤιφὲς
910 823 969 874 τὸ
1002 823 1274 891 φρόνημα,
1308 824 1403 875 καὶ
1440 822 1581 893 ὄκνῳ
1612 822 1773 876 νικώο

210 933 387 983 μενον,
441 919 535 967 καὶ
584 915 808 975 δειλίαις
860 914 1321 982 συνεσταλμένον·
1354 915 1465 967 ἀλλ’
1492 912 1626 982 ὑψοῦ
1677 915 1775 982 μὲν

205 1007 391 1074 ὥσπερ
420 1002 479 1057 εὖ
511 1004 775 1074 βεϐηκότα
804 1003 895 1055 τὸν
935 1002 1079 1067 νοῦν,
1116 1004 1208 1055 καὶ
1228 1003 1389 1056 οίονεί
1428 1021 1545 1065 πως
1568 1005 1625 1055 ὲν
1658 1004 1773 1071 δρει

207 1098 478 1165 κείμενον,
522 1096 663 1147 οὕτω
699 1112 758 1147 τε
809 1094 915 1148 τῶν
963 1097 1059 1164 τῆς
1104 1095 1361 1165 ἀληθείας
1402 1096 1685 1165 δογμάτων
1714 1094 1773 1146 τὸ

204 1190 478 1258 ἐξαίρετον
514 1188 705 1249 κάλλος
741 1186 1054 1256 περιαθρείν
1090 1187 1478 1249 σπουδάζοντα·
1504 1185 1771 1240 ποιεῖσθαι

203 1280 259 1331 δὲ
300 1280 396 1332 καὶ
425 1279 549 1340 τοὺς
590 1278 782 1345 λόγους
828 1279 885 1329 ὲν
912 1277 1210 1348 παρρησίᾳ.
1243 1278 1345 1329 κᾶν
1393 1278 1445 1329 ετ
1488 1294 1631 1338 τινες
1665 1271 1773 1328 εἷεν

203 1373 250 1420 οἱ
305 1370 823 1439 μυπαγωγούμενοι
874 1370 1097 1439 σκληροὶ
1143 1370 1235 1422 καὶ
1285 1370 1627 1437 δυσάγωγοι,
1677 1370 1773 1421 καὶ

200 1454 311 1509 οἷον
346 1458 501 1509 ἵπποι
529 1458 674 1520 τινὲς
706 1458 975 1528 ἀγέρωχοι
1022 1458 1114 1510 καὶ
1144 1457 1364 1526 ὲξήνιοι,
1404 1459 1530 1527 περὶ
1556 1452 1629 1510 ὧν
1668 1476 1769 1511 που

202 1548 296 1599 καὶ
342 1548 503 1611 αὐτός
539 1565 703 1617 φησιν
751 1550 779 1599 ό
828 1549 1096 1618 μακάριος
1147 1548 1308 1600 Δαυῖδ
1357 1550 1491 1618 πρὸς
1538 1550 1628 1602 τὸν
1663 1551 1770 1603 τῶν

199 1639 333 1690 ὅλων
366 1637 500 1689 Θεόν
522 1654 535 1667 ’
576 1658 593 1689 ι
646 1638 733 1691 Ἐν
764 1638 961 1709 χαλινῷ
992 1638 1085 1690 κα)⁵
1110 1640 1166 1690 ὲν
1198 1640 1359 1708 κημῷ
1392 1640 1489 1703 τὰς
1516 1643 1771 1708 σιαγόνας

198 1730 378 1781 αὐτῶν
405 1729 622 1795 ἄγξαις,
656 1728 763 1782 τῶν
805 1730 877 1799 μὴ
916 1730 1239 1798 ἐγγιζόντων
1282 1729 1417 1799 πρὸς
1446 1731 1524 1781 σέ.
1568 1750 1586 1780 ι
1623 1731 1684 1782 Εἰ
1711 1730 1767 1782 δὲ

1878 551 1969 619 qui
2024 552 2361 620 evangelizas
2412 551 2755 605 Jerusalem:
2815 551 3089 615 exaltate,
3151 550 3313 604 nolite
3372 552 3442 603 ti-

1877 656 2022 697 mere
2063 642 2131 695 “.
2190 660 2209 692 ι
2266 642 2475 695 Etenim
2536 643 2626 711 qui
2685 643 2735 694 in
2801 644 3140 695 sacerdotum
3196 642 3441 695 ordinem

1876 734 2054 797 asciti,
2078 748 2195 788 eam
2229 734 2403 790 sortiti
2440 743 2563 788 sunt
2612 734 2963 803 provinciam,
2992 743 3048 785 ut
3091 732 3287 787 Christi
3322 748 3442 787 om-

1874 826 2023 879 nium
2055 835 2297 879 nostrum
2332 825 2628 879 Salvatoris
2688 826 2941 895 mysteria
2994 825 3294 878 edisserant
3344 839 3440 891 po-

1872 917 2105 986 puloque
2147 926 2470 986 proponant,
2510 917 2582 969 illi
2634 931 2849 970 sensum
2910 930 3245 983 nequaquam
3291 905 3438 981 abje-

1873 1014 2039 1069 ctum,
2078 1006 2295 1059 humive
2334 1015 2635 1075 repentem,
2682 1013 2776 1057 aut
2824 1005 3034 1073 ignavia
3068 1006 3298 1068 victum,
3349 1012 3442 1055 aut

1871 1104 2015 1159 metu
2052 1096 2280 1150 fraetum
2317 1095 2562 1150 obtinere
2591 1095 2785 1149 debent
2820 1112 2832 1147 :
2882 1096 2973 1148 sed
3024 1094 3256 1148 sublime
3300 1093 3443 1145 velut

1873 1188 2231 1251 incedentem,
2262 1196 2318 1243 et
2344 1187 2497 1256 quasi
2529 1188 2581 1240 in
2614 1196 2796 1240 monte
2824 1186 3143 1239 collocatum
3171 1202 3184 1248 ;
3230 1200 3334 1252 quo
3366 1185 3443 1237 ni-

1870 1280 2065 1331 mirum
2092 1279 2158 1331 ad
2209 1293 2331 1331 eum
2370 1279 2585 1333 modum
2630 1279 2955 1345 comparati,
2999 1277 3249 1331 eximiam
3295 1278 3438 1328 illam

1870 1383 2119 1423 verorum
2153 1369 2460 1438 dogmatum
2492 1376 2834 1422 venustatem
2872 1369 3056 1421 rimari
3095 1382 3157 1421 ac
3186 1365 3441 1433 introspi-

1870 1476 2015 1525 cere,
2047 1462 2321 1529 verbaque
2355 1462 2618 1529 intrepide
2650 1460 2828 1515 facere
2868 1459 3114 1523 valeant;
3148 1468 3439 1527 quantum-

1870 1554 1951 1607 vis
1977 1566 2042 1606 ex
2076 1553 2142 1607 iis
2184 1554 2271 1620 qui
2320 1553 2491 1607 sacris
2534 1552 2927 1615 informantur,
2979 1550 3219 1604 nonnulli
3268 1550 3442 1602 instar

1868 1657 2129 1711 equorum
2167 1643 2546 1706 insolentium,
2594 1640 2684 1703 qui
2721 1640 2981 1695 infrenari
3026 1654 3130 1692 non
3180 1645 3436 1704 possunt,

1871 1736 2033 1789 duros
2061 1743 2114 1788 et
2146 1734 2509 1787 intractabiles
2539 1746 2597 1787 se
2632 1734 2904 1801 praebeant
2931 1750 2944 1785 :
2978 1730 3044 1783 de
3075 1730 3269 1797 quibus
3312 1728 3439 1778 bea-

201 1823 293 1873 καὶ
354 1825 467 1883 τοῖς
522 1820 692 1883 οὕτως
745 1821 929 1891 έχουσι
982 1822 1177 1893 φρενὸς
1233 1822 1588 1891 προσϐάλλειν
1636 1824 1766 1875 ἀνα-

1873 1836 1954 1880 tus
1980 1826 2141 1880 David
2174 1840 2439 1879 summum
2478 1823 2624 1876 illum
2670 1838 2845 1877 rerum
2893 1822 3132 1876 omnium
3178 1819 3435 1887 Opiﬁcem

200 1914 414 1976 γκαῖον,
444 1911 560 1971 πῶς
582 1912 681 1963 οὐκ
712 1911 1009 1978 ἂνῖγένοιτο
1029 1912 1136 1964 τῶν
1164 1913 1303 1981 ἀγαν
1336 1913 1764 1983 σφαλερωτάτων

196 2006 254 2054 τὸ
284 2002 500 2055 ἑλέσθαι
527 2002 702 2072 σιγὴν,
732 1986 826 2055 καὶ
857 2004 930 2073 μὴ
952 2007 1073 2068 ταῖς
1101 2005 1380 2058 εὐσεϐέσιν
1401 2004 1553 2074 ὑμῶν
1575 2006 1765 2068 ἀκοαῖς

198 2095 397 2145 ἐνιέναι
428 2092 769 2156 πλειστάκις,
801 2096 1051 2166 καθάπερ
1074 2115 1123 2149 τι
1148 2099 1295 2165 νᾶμα
1319 2098 1488 2165 γλυκὺ
1510 2098 1602 2150 καὶ
1632 2098 1766 2163 ζωο-

200 2184 371 2246 ποιὸν,
398 2182 503 2234 τῶν
530 2183 687 2251 ίερῶν
718 2184 1064 2252 Γραμμάτων
1090 2186 1187 2255 τὴν
1220 2187 1440 2252 γνῶσιν,
1471 2189 1606 2258 ὅπερ
1633 2190 1765 2258 ἡμῖν

195 2277 285 2327 καὶ
356 2275 525 2327 πάλαι
596 2275 727 2339 Θεὸς
802 2277 1143 2343 ὑπισχνεῖτο,
1199 2276 1369 2342 λέγων
1430 2277 1516 2328 διὰ
1586 2278 1765 2347 φωνῆς

207 2368 426 2421 Ἡσαΐου
452 2385 464 2397 ο
504 2386 521 2418 ι
560 2369 669 2420 Καὶ
692 2367 987 2439 ἀντλήσαεε
1022 2366 1163 2437 ὕδωρ
1194 2366 1309 2437 μετ’
1337 2369 1673 2439 εὐφροσύνης
1701 2372 1764 2423 ὲκ

192 2460 298 2511 τῶν
353 2459 544 2528 πηγῶν
574 2459 668 2512 τοῦ
732 2459 1031 2528 Σωτηρίου.
1074 2477 1090 2508 ι
1147 2460 1445 2526 Σωτηρίου
1480 2460 1536 2510 δὲ
1568 2460 1763 2527 πηγὰς

194 2546 331 2603 εἷναί
366 2570 545 2619 φαμεν
576 2553 699 2613 τοὺς
732 2552 919 2619 ἁγίους
964 2553 1265 2621 προφήτας,
1295 2552 1681 2617 εὐαγγελιστάς
1705 2569 1761 2603 τε

192 2646 285 2695 καὶ
326 2643 677 2707 ἀποστόλους,
714 2644 761 2693 οἳ
792 2643 878 2693 τὸν
910 2642 1117 2694 ἄνωθεν
1150 2644 1241 2693 καὶ
1291 2643 1346 2706 ἐξ
1390 2640 1618 2710 οὐρανοῦ
1669 2641 1763 2693 καὶ

193 2736 461 2803 σωτήριον
494 2734 572 2802 τῷ
606 2732 793 2802 κόσμῳ
823 2732 1047 2801 βρύουσι
1078 2733 1252 2800 λόγον,
1287 2732 1645 2802 χορηγοῦντος
1666 2732 1761 2783 αὐ-

189 2828 300 2887 τοῖς
333 2824 429 2877 τοῦ
476 2825 631 2892 ἁγίου
681 2822 1014 2891 Πνεύματος,
1053 2823 1268 2876 ἅπασάν
1300 2839 1359 2875 τε
1388 2822 1528 2873 οὕτω
1561 2839 1759 2875 κατευ-

192 2900 476 2983 φραίνουσι
508 2916 608 2985 τὴν
629 2913 719 2966 ὐπ’
748 2913 994 2982 οὐρανόν.
1030 2914 1164 2983 Φέρε
1199 2915 1397 2979 τοίνυν,
1430 2917 1509 2976 είς
1532 2914 1599 2966 τά
1622 2913 1759 2983 βάθη

192 3006 295 3058 τῶν
347 3009 481 3078 παρ’
520 3004 685 3058 αὐτοῦ
734 3004 952 3055 ἐννοιῶν
1003 3005 1281 3067 καθιέντες
1328 3006 1419 3057 τὸν
1468 3004 1612 3067 νοῦν,
1660 3006 1759 3074 τῆς

188 3096 443 3166 ἀληθείας
478 3097 575 3165 τὴν
610 3094 824 3165 εὕρεσιν
868 3095 1073 3147 ἐκεῖθεν
1108 3095 1480 3165 ἀντλήσωμεν.
1528 3094 1757 3165 Γηπόνοι

188 3186 286 3253 μὲν
316 3182 411 3238 οὖν
450 3185 511 3248 ἐξ
541 3182 725 3253 ἀγρῶν
766 3181 834 3235 τά
868 3184 1205 3252 εὐοσμότατα
1240 3185 1347 3237 τῶν
1378 3185 1583 3238 ἀνθέων
1618 3186 1757 3237 κατά

186 3278 410 3345 καιροὺς
442 3275 853 3343 ἀποκείραντες,
888 3268 1007 3326 εἶτα
1030 3274 1203 3327 ταῦτα
1225 3276 1481 3345 ταλάροις
1515 3277 1756 3340 ἐνθέντες

184 3367 520 3437 ἀποφέρουσι
547 3368 657 3427 τοῖς
697 3364 981 3427 δεσπόταις
1005 3383 1017 3395 ’
1047 3368 1095 3417 oi.
1134 3368 1188 3419 δὲ
1223 3369 1315 3421 καὶ
1347 3369 1464 3421 λίαν
1508 3370 1757 3440 ἀσμένως

186 3456 496 3529 προσίενταί
524 3472 604 3519 τε,
631 3454 722 3507 καὶ
743 3456 852 3517 τοῖς
877 3455 935 3520 ἐξ
958 3454 1115 3524 ὡρῶν
1140 3456 1545 3524 ὲπιγάννυνται.
1564 3461 1751 3528 Ἡμεῖς

182 3548 258 3611 δὲ,
282 3551 394 3602 ὅσοι
417 3549 477 3601 τὸ
504 3547 875 3600 διδασκαλικὸν
896 3548 1088 3616 ἔχομεν
1114 3549 1471 3619 ἐπιτήδευμα,
1498 3552 1750 3623 καθάπερ

182 3641 239 3705 ἐξ
271 3640 443 3711 ἀγροῦ
471 3640 569 3708 τῆς
613 3638 970 3692 θεοπνεύστου
1001 3639 1241 3710 Γραφῆς,
1286 3642 1383 3693 οὐκ
1415 3642 1751 3710 εὐμάραντον

183 3737 307 3788 θέαν
337 3732 781 3805 προσκομίζομεν
814 3733 1039 3796 ἀνθέων,
1090 3733 1280 3799 λόγους
1330 3734 1387 3786 δὲ
1436 3735 1634 3803 μᾶλλον
1660 3736 1753 3787 καὶ

186 3825 578 3894 μυσταγωγίαν
623 3826 720 3894 τὴν
772 3825 859 3876 διὰ
906 3826 1000 3877 τοῦ
1054 3826 1383 3895 Πνεῦματος,
1445 3827 1753 3896 ἀμάραντον

184 3920 413 3989 ἔχουσαν
446 3919 541 3988 τῆς
578 3919 656 3979 είς
700 3916 933 3987 Χριστὸν
993 3918 1273 3981 εὐσεϐείας
1307 3920 1366 3971 τὸ
1413 3920 1625 3981 κάλλος,
1660 3922 1749 3972 εὐ-

182 4012 516 4080 ωδιάζουσάν
547 4028 607 4063 τε
645 4011 737 4064 καὶ
767 4008 911 4078 μάλα
939 4011 1203 4071 πλουσίως
1249 4010 1307 4061 τὸ
1336 4008 1499 4061 αὐτοῦ
1543 4010 1749 4077 μυστή-

184 4124 317 4172 ριον.
352 4108 664 4172 Γέγραπται
712 4101 841 4169 γὰρ,
862 4102 941 4153 ὅτι
964 4120 983 4151 ι
1005 4100 1238 4171 Χριστοῦ
1266 4099 1459 4151 εὐωδία
1486 4098 1650 4167 ἐσμὲν
1673 4097 1751 4167 τῷ

180 4197 320 4254 Θεῷ,
350 4217 367 4247 ι

1870 1916 2237 1985 interpellans,
2270 1917 2343 1969 ita
2375 1915 2563 1969 scribit
2594 1930 2607 1966 :
2645 1932 2663 1964 ‹
2700 1914 2755 1967 In
2789 1928 2943 1968 camo
2969 1921 3023 1965 et
3056 1910 3209 1965 freno
3244 1910 3435 1963 maxil-

1865 2006 1945 2060 las
1998 2022 2183 2061 eorum
2237 2004 2579 2073 constringe,
2627 2004 2717 2072 qui
2776 2018 2880 2055 non
2938 2003 3315 2071 approximant
3372 2002 3435 2053 ad

1866 2106 1919 2149 te
1946 2095 2010 2150 “.
2048 2115 2067 2145 ι
2104 2095 2255 2159 Quod
2289 2096 2333 2149 si
2362 2094 2449 2148 tali
2474 2094 2653 2147 animo
2685 2093 2920 2161 praeditis
2950 2091 3297 2145 nihilominus
3328 2091 3433 2142 vim

1867 2187 2069 2241 inferre
2124 2196 2373 2254 oportet,
2435 2187 2702 2254 quomodo
2756 2184 3048 2237 absurdum
3111 2198 3213 2245 non
3274 2179 3435 2233 fuerit

1866 2279 2005 2348 apud
2039 2293 2133 2333 vos
2166 2278 2359 2341 silere,
2407 2278 2619 2346 piisque
2659 2278 2855 2331 vestris
2898 2275 3121 2329 auribus
3157 2288 3433 2327 sacrarum

1866 2369 2195 2425 Litterarum
2229 2370 2495 2431 notitiam,
2532 2368 2696 2422 veluti
2730 2367 2939 2421 dulcem
2978 2366 3261 2435 quemdam
3301 2365 3435 2416 vivi-

1866 2463 2135 2529 licumque
2176 2460 2410 2522 laticem,
2444 2458 2583 2511 nolle
2637 2458 2871 2512 subinde
2929 2456 3230 2509 instillare?
3281 2454 3433 2519 Quod

1864 2553 2078 2618 quidem
2114 2550 2252 2604 Deus
2280 2565 2374 2616 per
2418 2548 2569 2601 Isaiae
2613 2549 2887 2617 propheta:
2926 2561 3109 2599 vocem
3162 2543 3431 2612 quondam

1865 2644 2095 2703 locutus,
2130 2641 2387 2708 ejusmodi
2419 2640 2595 2693 verbis
2627 2638 2783 2692 nobis
2815 2637 3080 2705 promittit
3110 2653 3122 2686 :
3160 2655 3175 2685 ι
3217 2633 3434 2686 llaurie-

1865 2733 1953 2795 lis,
1991 2733 2186 2797 inquit,
2225 2748 2345 2785 cum
2391 2731 2589 2800 gaudio
2634 2743 2802 2799 aquas
2846 2729 2910 2780 de
2962 2727 3196 2778 fontibus
3230 2724 3435 2777 Saluta-

1864 2825 1937 2876 ris
1970 2824 2033 2873 ⁸⁵.
2072 2842 2089 2874 ι
2119 2819 2383 2875 Salutaris
2415 2832 2592 2874 autem
2629 2820 2799 2886 fontes
2844 2817 3173 2886 appellamus
3219 2827 3433 2868 sanctos

1862 2916 2172 2985 prophetas,
2224 2914 2583 2981 evangelistas
2620 2921 2672 2965 et
2704 2910 2975 2979 apostolos
3010 2929 3019 2962 :
3064 2910 3119 2961 hi
3161 2910 3301 2961 enim
3342 2922 3434 2961 sa-

1863 3008 2021 3061 lutari
2068 3006 2386 3071 cmlitusque
2440 3005 2631 3056 hausta
2694 3003 2936 3056 doctrina
2984 3000 3239 3053 mundum
3292 2998 3431 3050 hunc

1864 3100 2114 3170 irrigant,
2171 3098 2375 3166 Spiritu
2433 3108 2620 3151 sancto
2675 3095 2889 3158 imbuti,
2952 3104 3231 3162 totumque
3291 3092 3431 3143 hunc

1865 3192 2048 3242 orbem
2080 3188 2371 3241 luctificam.
2422 3188 2479 3239 In
2528 3188 2643 3251 ejus
2688 3186 2913 3255 proinde
2962 3184 3222 3253 profunda
3274 3195 3428 3235 sensa

1869 3282 2063 3334 mentis
2102 3280 2285 3333 oculos
2337 3279 2725 3347 conjicieutes,
2782 3279 3023 3330 veritatis
3068 3276 3428 3329 inventionem

1864 3373 1987 3426 inde
2021 3373 2353 3425 haurianms.
2387 3370 2845 3436 Quemadmodum
2880 3383 3008 3436 ergo
3042 3366 3291 3440 agricola:
3325 3366 3430 3419 fra-

1862 3462 2233 3531 grantissimos
2267 3476 2512 3529 quosque
2542 3460 2700 3513 ﬂores
2734 3471 3033 3527 opportuno
3079 3469 3318 3525 tempore
3364 3472 3427 3506 ev

1861 3556 2005 3623 agris
2050 3554 2379 3619 decerpunt,
2434 3552 2594 3620 129
2645 3553 3033 3620 dceerptosque
3090 3564 3153 3602 ac
3200 3548 3332 3602 scite
3378 3548 3428 3598 iu

1860 3646 2087 3699 calathis
2114 3647 2441 3712 compositos
2469 3644 2699 3697 dominis
2733 3644 2843 3695 suis
2884 3642 3147 3703 oll'eruut;
3183 3655 3315 3706 quos
3356 3639 3428 3691 illi

1863 3751 1985 3788 mox
2061 3733 2318 3788 benevole
2393 3742 2654 3803 gratoque
2726 3732 2909 3785 animo
2965 3730 3428 3799 complectuntur,

1862 3829 2283 3894 corumdemque
2311 3827 2506 3879 decore
2541 3840 2602 3878 ac
2636 3834 2912 3878 venustate
2938 3824 3159 3877 miriﬁce
3184 3823 3428 3875 alliciun-

1864 3930 1995 3977 tur;
2033 3917 2102 3968 ita
2137 3932 2253 3977 nos.
2309 3917 2397 3984 qui
2444 3915 2669 3968 docendi
2717 3930 2914 3967 munus
2959 3915 3327 3982 suscepimus,
3364 3928 3427 3965 ex

1860 4009 2034 4063 divina
2070 4009 2345 4075 Scriptura
2389 4008 2551 4061 veluti
2601 4023 2667 4061 ex
2718 4022 2846 4076 agro
2888 4006 3141 4076 quapiam
3187 4019 3290 4057 non
3337 4003 3431 4056 Ποο

1860 4114 1979 4153 rum
2035 4099 2141 4152 cito
2188 4100 2638 4151 mareescentium
2691 4099 2938 4151 decorem
2992 4096 3289 4158 oll‘crimus,
3337 4094 3429 4146 sed

1859 4201 2162 4243 sermonum
2196 4187 2579 4254 doctrinaeque,
2616 4201 2733 4254 qua:
2765 4202 2859 4254 per
2895 4185 3149 4250 Spiritum
3183 4194 3427 4237 sanetum

181 4291 399 4356 pietatis
447 4287 497 4340 in
548 4285 823 4340 Christum
873 4283 1374 4338 immarcescibilem
1439 4291 1773 4342 venustatem
1840 4281 2106 4343 continet,
2171 4294 2469 4348 magnaque
2536 4279 2802 4332 suavitate
2868 4288 2921 4331 et
2980 4279 3221 4331 ubertate
3289 4276 3427 4330 illius

181 4381 499 4449 mysterium
532 4375 736 4432 redolet
767 4374 1145 4442 ﬂagrantiam.
1172 4372 1445 4440 Scriptum
1476 4380 1556 4425 est
1587 4372 1731 4424 enim
1764 4372 1904 4438 quod
1936 4388 1954 4420 ι
1992 4368 2194 4422 Christi
2228 4373 2399 4422 bonus
2431 4369 2563 4421 odor
2594 4382 2780 4421 sumus
2810 4367 2916 4419 Deo
2941 4367 3006 4420 ⁸⁷.
3035 4385 3052 4416 ι

244 4475 324 4528 B'.
366 4474 633 4543 Πρόσειμι
664 4473 727 4543 δὴ
758 4464 849 4523 οὖν
876 4470 1146 4531 ἀνατιθεὶς
1174 4470 1263 4521 τὸν
1293 4468 1446 4534 λόγον
1482 4466 1609 4534 ὑμῖν
1636 4469 1753 4528 ταῖς
1787 4469 1826 4523 D

180 4562 595 4621 εὐσεϐεστάταις
631 4561 1000 4628 βασιλίσσαις
1036 4559 1328 4627 πεποίηται
1382 4556 1437 4607 δέ
1489 4574 1575 4624 μοι
1620 4558 1747 4625 περὶ

178 4653 270 4720 τῆς
308 4651 475 4719 ὀρθῆς
514 4651 608 4702 καὶ
638 4651 940 4721 ἀμωμήτου
970 4650 1225 4712 πίστεως,
1259 4650 1398 4717 ἥπερ
1427 4647 1492 4700 ἂν
1537 4646 1745 4711 γένοιτο

178 4746 306 4814 παρ’
354 4742 510 4812 ὑμῶν
548 4743 626 4803 εἰς
656 4741 744 4793 τὸν
788 4743 989 4811 Κύριον
1041 4741 1195 4810 ἡμῶν
1239 4738 1443 4809 Ἰησοῦν
1486 4737 1740 4805 Χριστόν.

182 4837 384 4907 Πρέπει
419 4834 527 4905 γὰρ
568 4833 693 4902 ὑμῖν
740 4831 802 4900 δὴ
835 4831 1067 4900 μάλιστα
1096 4832 1213 4891 ταῖς
1244 4829 1415 4891 οὓτως
1456 4829 1626 4889 ὁσίαις
1653 4829 1743 4879 καὶ

178 4923 639 4989 θεοφιλεστάταις,
676 4918 809 4989 ὁμοῦ
843 4920 955 4980 τοῖς
980 4918 1077 4985 τῆς
1113 4915 1387 4983 βασιλείας
1421 4918 1744 4987 ὑπερτάτοις

177 5013 474 5080 αὐχήμασι,
509 5012 602 5065 καὶ
630 5011 729 5081 τῆς
757 5008 836 5072 είς
861 5005 1093 5080 Χριστὸν
1123 5005 1339 5072 ἀγάπης
1364 5007 1453 5057 τὸν
1483 5008 1743 5073 στέφανον

176 5101 526 5169 ἀναδήσαθαι.
555 5103 693 5171 Ἤδη
725 5102 822 5173 μὲν
851 5096 942 5165 οὖν
964 5100 1082 5162 ταῖς
1112 5095 1373 5164 ἀοιδίμοις
1397 5097 1547 5165 ὑμῶν
1573 5098 1741 5162 ὲ(θῆρ’

178 5205 372 5258 μοσται
400 5194 684 5259 κορυφαῖς,
716 5192 810 5244 καὶ
840 5190 1214 5260 ἀτελευτήτοις
1248 5186 1388 5253 ὑμᾶς
1416 5185 1683 5246 εὐκλείαις
1712 5186 1740 5235 ό

175 5279 279 5332 τῶν
312 5279 448 5331 ὅλων
481 5282 904 5350 καταφαιδρύνει
937 5282 1085 5343 Θεός.
1145 5277 1315 5347 ’Υπὲρ
1346 5274 1475 5343 γοῦν
1508 5275 1599 5327 τοῦ
1646 5276 1741 5327 καὶ

176 5372 248 5423 ἔτι
281 5369 543 5439 μειζόνως
590 5370 1167 5442 καταλαμπρύνεσθαι,
1206 5368 1297 5421 τοῦ
1340 5366 1479 5420 κατὰ
1508 5368 1739 5435 Χριστὸν

179 5459 474 5529 μυστηρίου
506 5462 603 5531 τὴν
643 5460 845 5531 ἀκριϐῆ
891 5479 948 5513 τε
994 5464 1086 5514 καὶ
1114 5461 1489 5528 ἀκιϐδήλευτον
1539 5458 1737 5525 γνῶσιν

177 5551 401 5623 ἐχούσας
430 5552 510 5615 είς
551 5549 693 5613 νοῦν,
726 5536 1040 5603 συντέθεικα
1068 5553 1125 5603 τὸ
1158 5550 1402 5618 λογίδιον,
1434 5550 1519 5601 δια
1558 5548 1737 5620 πάσης

708 5727 750 5756 εδ
782 5723 917 5779 Psal.
954 5739 1095 5787 χχχι,
1132 5725 1181 5777 9.

244 5729 286 5759 °‘
315 5728 416 5784 lsa.
455 5743 541 5791 χι,
575 5726 625 5779 9.
708 5727 750 5756 εδ
782 5724 917 5779 Psal.
954 5739 1095 5787 xxvi,
1132 5725 1181 5777 9.
1262 5726 1304 5756 “
1338 5724 1432 5779 lsa.
1469 5740 1558 5789 xu,
1593 5725 1643 5776 3.

1948 4463 2010 4517 Il.
2090 4464 2166 4517 Eu
2212 4478 2377 4532 ergo,
2430 4462 2627 4530 regium
2711 4462 2927 4526 pietatis
3007 4462 3424 4523 amantissiuuc,

1856 4558 2053 4610 librum
2087 4572 2243 4623 quem
2287 4557 2352 4608 de
2386 4565 2526 4608 recta
2578 4566 2631 4607 et
2680 4554 2986 4621 iurulpabili
3036 4555 3085 4605 in
3143 4554 3424 4605 Dominum

1854 4659 2095 4702 nostrum
2140 4646 2319 4699 Jesum
2364 4645 2640 4695 Christum
2691 4643 2819 4701 lide,
2867 4642 3039 4709 qualis
3084 4654 3259 4694 vestra
3304 4655 3426 4695 esse

1851 4743 2027 4800 debet,
2061 4736 2378 4801 conscripsi,
2408 4735 2557 4786 vobis
2587 4734 2773 4786 oﬂ'ero.
2810 4734 2969 4787 Decet
3003 4734 3144 4784 enim
3168 4749 3271 4784 ~vos
3304 4748 3427 4785 sano

1852 4828 2120 4884 ctimonia:
2177 4839 2229 4878 ct
2287 4826 2469 4892 pietati
2529 4826 2773 4893 apprime
2832 4826 3091 4885 addictus,
3138 4838 3239 4873 uua
3300 4838 3419 4876 cum

1852 4934 2062 4973 summo
2096 4918 2239 4986 regni
2276 4919 2511 4987 fastigio,
2546 4916 2824 4971 cliaritatis
2854 4931 3065 4982 quoque
3097 4931 3215 4982 qua:
3245 4924 3329 4967 est
3366 4917 3419 4969 iu

1849 5012 2143 5073 Christum,
2197 5026 2395 5063 corona
2438 5009 2692 5063 redimiri.
2740 5006 2862 5059 Ihec
2905 5006 3049 5059 enim
3097 5008 3421 5061 venerandis

1850 5102 2042 5157 vestris
2085 5104 2377 5157 verticibus
2404 5102 2510 5167 jam
2562 5107 2737 5165 aptata
2792 5107 2895 5162 est,
2944 5107 2997 5151 et
3044 5100 3418 5151 universorum

1846 5193 2105 5248 Dominus
2134 5194 2300 5263 gloria
2335 5204 2609 5257 nunquam
2645 5189 2884 5257 peritura
2938 5205 3032 5244 vos
3064 5192 3415 5244 condecorat.

1842 5284 2093 5338 Attamen
2126 5300 2231 5353 quo
2272 5283 2441 5350 magis
2484 5282 2645 5334 etiam
2696 5281 3130 5336 condecoremiui
3160 5322 3172 5341 ,
3216 5280 3416 5341 tlhristi

1846 5375 2157 5445 mysterium
2189 5382 2376 5425 exacta
2410 5381 2463 5424 et
2496 5388 2831 5441 nequaquam
2876 5372 3174 5424 adulterata
3223 5371 3414 5425 notitia

1843 5464 2217 5531 percipicntes,
2249 5461 2644 5515 oratiunculam
2693 5460 3004 5526 composui,
3046 5460 3094 5511 in
3139 5476 3241 5527 qua
3289 5460 3415 5515 illud

1845 5569 2229 5624 Usquequaque
2264 5552 2481 5621 planum
2531 5555 2696 5629 iacio,
2735 5554 2874 5622 quod
2914 5552 3054 5606 sicut
3108 5570 3125 5603 ι
3167 5568 3299 5606 unus
3332 5557 3418 5609 est

1728 5728 1767 5756 τί
1805 5728 1819 5780 l
1859 5729 1983 5783 (Lor.
2025 5744 2083 5791 ll,
2123 5728 2204 5782 15.
