4092 6334
683 375 699 428 1
710 374 811 429 559

1654 373 1709 431 S.
1754 374 2025 430 CYllILLI
2067 374 2530 429 ALEXANDRINI
2569 372 2889 431 ARCHIEP.

3769 376 3921 431 1340

680 494 853 559 Pater,
889 511 961 546 ex.
985 510 1087 562 quo
1116 494 1292 547 omnia
1326 518 1337 547 ;
1373 495 1442 547 ita
1477 510 1639 548 unum
1670 511 1881 564 quoque
1911 512 2028 550 esse
2062 498 2235 549 Domi-

2341 496 2549 558 ἐννοίας
2597 495 2970 557 καταδεικνὺς,
3003 494 3104 557 ὅτι,
3146 511 3164 544 ι
3200 493 3385 564 ὥσπερ
3412 494 3555 547 ἐστὶν
3578 486 3656 557 εἷς
3699 494 3833 557 Θεὸς
3887 498 3920 547 ὁ

680 603 804 638 num
839 598 1077 640 nostrum
1108 586 1288 641 Jesum
1335 584 1638 650 Christum,
1684 602 1777 655 per
1820 602 1976 655 quem
2015 588 2236 641 omnia:

679 694 815 731 IllltlS
872 678 1089 731 omnino
1139 686 1221 731 est
1274 677 1505 745 Spiritus
1559 688 1796 740 sanctus,
1852 678 1902 730 iu
1965 694 2071 744 quo
2121 694 2235 732 om-

679 770 762 819 nia
789 770 853 821 ⁸⁸.
896 788 912 819 ι
949 768 1047 834 Qui
1081 778 1258 821 autem
1293 783 1453 820 unum
1484 766 1757 820 Christum
1789 777 1841 821 et
1876 769 2156 822 Dominum
2187 780 2240 822 et

682 858 867 910 Filium
917 860 966 909 in
1019 860 1151 911 duos
1202 857 1340 912 ﬁlios
1380 856 1669 921 divellttnt,
1715 873 1811 912 nos
1857 862 2001 912 recte
2052 874 2240 927 sapere

677 947 874 1013 edocti,
931 948 1049 1001 illos
1103 949 1409 1017 neutiquam
1465 949 1868 1002 sustinebimus.
1928 948 2041 1002 Non
2097 949 2235 1002 cnim

679 1041 840 1092 alimn
867 1056 986 1094 esse
1016 1039 1249 1093 dicimus
1279 1039 1474 1093 Filium
1509 1054 1633 1093 emn
1664 1040 1753 1106 qui
1788 1052 1910 1093 ante
1938 1042 2115 1093 omnia
2148 1056 2240 1094 sa:-

679 1132 799 1184 eula
829 1148 893 1184 ex
932 1131 1019 1185 Dei
1047 1131 1221 1185 Patris
1251 1130 1556 1186 substantia
1599 1132 1809 1200 genitus
1838 1141 1941 1195 est,
1981 1143 2035 1187 et
2074 1134 2236 1186 alium

682 1238 915 1286 rursum,
948 1223 1036 1290 qui
1070 1222 1378 1276 novissimis
1429 1222 1757 1290 temporibus
1786 1236 1850 1275 ex
1882 1224 2112 1277 muliere
2147 1240 2241 1276 na-

681 1322 787 1374 tus,
816 1322 868 1366 et
916 1312 1015 1380 legi
1061 1312 1328 1365 obnoxius
1367 1312 1539 1365 factus
1579 1320 1699 1376 est;
1746 1312 1838 1366 sed
1888 1329 2048 1365 uumn
2088 1327 2238 1366 eum-

680 1404 905 1469 demque
939 1413 1043 1455 tam
1075 1412 1202 1455 ante
1234 1416 1415 1456 veram
1464 1400 1604 1454 illam
1638 1399 1796 1455 Verbi
1842 1417 1961 1456 cum
2006 1405 2240 1456 humana

679 1511 839 1548 carne
884 1494 1336 1561 coojunctioucm,
1385 1508 1544 1560 quam
1587 1502 1705 1559 post.
1743 1496 1986 1547 eamdem
2022 1511 2036 1547 ε
2070 1509 2243 1563 quau.

680 1586 962 1654 doquidem
998 1585 1182 1649 Filius,
1216 1585 1307 1653 qui
1346 1585 1663 1640 naturaliter
1691 1600 1755 1639 ex
1791 1587 1897 1639 Deo
1929 1584 2085 1638 l‘atre
2112 1601 2239 1654 pro-

680 1677 841 1738 cedit,
874 1691 1101 1744 corpore
1132 1676 1387 1740 animato,
1420 1686 1473 1730 et
1503 1687 1684 1731 mente
1716 1676 1988 1745 perfecto,
2020 1690 2085 1730 ex
2119 1676 2241 1729 Dei-

680 1783 806 1834 para
841 1765 1054 1837 Virgine
1085 1766 1249 1820 Maria
1280 1777 1578 1836 assumpto,
1612 1777 1768 1821 natus
1816 1776 1899 1821 est
1945 1768 2236 1821 secundum

678 1874 918 1922 carnem,
953 1858 1094 1911 nullo
1125 1871 1303 1911 autem
1346 1860 1504 1913 modo
1546 1872 1732 1912 versus
1776 1868 1855 1913 est
1891 1858 1941 1911 in
1975 1873 2188 1912 carnem
2220 1877 2235 1913 :
2270 1835 2311 1889 Β

680 1949 837 2003 absit.
873 1949 1147 2017 Siquidem
1181 1949 1321 2002 illam
1355 1949 1425 2002 ita
1459 1950 1785 2017 assumpsit,
1819 1960 1876 2003 ut
1905 1950 2235 2004 divinitatem

676 2058 827 2097 suam
861 2043 1000 2095 nulla
1031 2058 1094 2097 ex
1131 2051 1283 2110 parte
1313 2042 1549 2105 Imserit;
1584 2043 1784 2097 mansit
1807 2057 2036 2115 namque
2064 2057 2117 2102 et
2138 2047 2239 2104 hoc

675 2147 892 2200 quoque
924 2133 1084 2186 modo
1117 2133 1493 2185 universorum
1529 2134 1802 2189 Dominus.

751 2222 1013 2291 130m.
1056 2224 1121 2277 Et
1155 2225 1266 2278 haec
1309 2225 1522 2291 quidem
1569 2226 1769 2280 sentire
1812 2228 1985 2283 edocti
2023 2245 2235 2284 sumus.

675 2318 937 2380 Quoniam
974 2327 1282 2372 sanctorum
1310 2315 1529 2370 Patrum
1563 2331 1859 2383 sermones,
1894 2323 2235 2376 eormudem-

674 2424 777 2476 que
808 2410 1115 2465 sanctiones
1142 2410 1416 2479 sapienter
1439 2410 1748 2475 admonent,
1768 2422 1821 2464 ut
1847 2428 2040 2481 magno
2062 2415 2239 2467 studio

674 2502 1066 2569 diligenterque
1102 2502 1475 2565 observemus,
1527 2502 1654 2571 quid
1706 2503 1904 2557 divina:
1948 2503 2238 2573 Scriptura:

674 2607 835 2659 quant
883 2592 1116 2645 maxime
1149 2603 1569 2646 consentaneum
1606 2595 1696 2659 sit,
1740 2593 2030 2661 subtilique
2071 2610 2235 2649 sensu

677 2683 740 2733 ad
774 2697 835 2735 ea
866 2696 990 2749 qua:
1022 2681 1087 2734 de
1118 2680 1335 2735 Christo
1369 2682 1612 2750 exposita
1640 2692 1762 2736 sunt
1793 2683 2056 2748 adhibito,
2094 2686 2237 2739 veri-

678 2785 839 2827 tatem
870 2773 1171 2826 divinorum
1205 2773 1512 2842 dogmatum
1552 2774 1977 2843 contemplemur
2006 2792 2019 2827 :
2100 2777 2235 2831 Con-

675 2867 791 2918 silia
822 2873 1148 2926 evertentes,
1184 2872 1238 2918 ct
1269 2878 1485 2918 onmem
1518 2865 1856 2921 altitudinem
1891 2869 2235 2924 extollentem

676 2973 734 3014 se
766 2959 1026 3011 adversus
1077 2956 1438 3026 cognitionem
1475 2958 1602 3024 Dei;
1652 2969 1705 3012 ct
1754 2960 2087 3028 captivantcs
2122 2977 2239 3015 om-

676 3067 795 3103 nem
822 3049 1149 3104 intellectum
1176 3048 1226 3102 in
1252 3046 1615 3104 obedientiam
1644 3050 1762 3119 ejus
1786 3049 1851 3104 ⁸⁸.
1884 3070 1902 3102 ι
1930 3052 2065 3105 Cum
2093 3054 2236 3107 enim

677 3152 1042 3209 congruenter
1073 3156 1182 3194 uno
1219 3156 1483 3197 consensu
1521 3143 1794 3198 fateantur
1836 3159 2044 3207 omnes,
2078 3157 2236 3199 natu-

675 3232 788 3286 rale
818 3232 910 3285 Dei
940 3231 1119 3285 Patris
1146 3231 1404 3295 Verbum,
1434 3234 1575 3301 quod
1607 3235 1658 3287 i-u
1685 3233 1920 3303 ejusdem
1952 3235 2041 3289 Dei
2065 3236 2234 3289 forma

673 3336 722 3376 et
742 3323 1048 3391 aequalitate
1069 3324 1462 3390 exsistit,tnou
1496 3326 1739 3392 rapinam
1768 3326 2092 3381 arbitratum
2120 3341 2238 3380 esse

674 3430 731 3467 se
770 3412 1026 3481 atqualem
1062 3413 1207 3478 Deo;
1245 3415 1339 3469 sed
1366 3414 1535 3469 forma
1575 3416 1714 3468 servi
1764 3428 1980 3483 accepta
2030 3428 2239 3470 semet-

674 3507 851 3573 "ipsum
884 3505 1271 3570 cxiuanivisse,
1304 3519 1368 3557 ac
1406 3505 1458 3559 in
1500 3505 1911 3558 similitudinem
1960 3507 2237 3560 hominum

677 3598 902 3659 factum,
931 3596 984 3649 in
1036 3596 1381 3663 humanoque
1428 3597 1611 3650 habitu
1660 3596 1936 3651 inventum
1973 3613 2029 3652 se
2061 3599 2237 3654 humi—

674 3688 855 3751 liasse,
899 3700 964 3739 ac
1002 3686 1066 3740 ad
1106 3696 1337 3742 mortem
1382 3687 1597 3741 tandem
1645 3704 1813 3757 usque
1857 3691 2114 3746 obediens
2159 3691 2237 3744 fa-

679 3791 823 3833 ctum
845 3780 1026 3834 crucis
1048 3789 1273 3834 mortem
1296 3780 1529 3835 subiisse
1553 3781 1599 3810 7°
1631 3784 2053 3845 ;mccessarium
2084 3783 2239 3852 plane

670 3882 755 3926 cst
802 3887 923 3926 eum
959 3872 1048 3941 qui
1095 3886 1281 3927 eorum
1326 3872 1456 3937 vim,
1496 3887 1613 3941 quae
1660 3874 1724 3927 de
1773 3872 1991 3927 Cbristo
2039 3876 2235 3941 scripta

672 3973 904 4028 exstant,
950 3974 1093 4017 recte
1127 3963 1425 4030 diiudicare
1457 3965 1591 4029 vult,
1629 3975 1817 4035 pectus
1849 3966 2070 4034 optimis
2112 3983 2238 4021 scn-

675 4055 860 4109 tcntiis
919 4054 1245 4109 instructmn
1303 4055 1540 4120 habere;
1595 4068 1651 4109 ut
1704 4058 1981 4127 percipere
2036 4059 2236 4123 valeat,

672 4145 943 4213 quomodo
981 4146 1120 4199 Deus
1155 4145 1313 4199 simul
1359 4155 1414 4199 et
1458 4146 1620 4200 homo
1666 4148 1802 4200 idem
1837 4150 1951 4217 ipsc
1993 4148 2239 4203 Christus

671 4237 917 4298 exsistat,
955 4244 1011 4289 et
1037 4235 1175 4290 Deus
1203 4250 1324 4290 esse
1358 4235 1476 4290 sine
1509 4236 1615 4288 ulla
1646 4238 1962 4292 alteratione
1993 4250 2086 4291 aut
2117 4254 2237 4291 mu-

674 4328 872 4379 talione
929 4336 1239 4396 perseveret
1297 4327 1677 4396 (inunutahilis
1743 4328 1884 4381 enim
1939 4339 2024 4384 est
2076 4330 2235 4384 Verbi

675 4419 907 4484 natura),
940 4427 994 4470 et
1039 4416 1430 4471 exiuanitiouis
1461 4417 1815 4471 humilitatem
1840 4435 1942 4471 non
1978 4432 2236 4488 respuat:

2342 587 2551 657 Πατὴρ,
2584 586 2641 652 ἐξ
2667 581 2728 637 οῦ
2759 586 2827 637 τὰ
2873 585 3048 638 πάντα
3069 600 3083 616 ο
3136 584 3277 638 οὕτω
3324 586 3415 638 καὶ
3448 583 3529 649 εἷς
3566 585 3768 657 Κύριος
3811 587 3919 656 Ἰη-

2342 677 2468 742 σοῦς
2501 677 2755 748 Χριστὸς,
2780 677 2847 730 δι’
2877 671 2936 731 οὗ
2965 678 3034 730 τὰ
3064 676 3270 731 πάντα·
3306 678 3363 731 ἒν
3390 677 3445 730 δὲ
3487 679 3655 748 δήπου
3687 679 3919 740 πάντως

2341 765 2513 819 καὶτὸ
2540 765 2763 834 Πνεῦμα
2785 765 2844 817 τὺ
2871 766 3042 834 ἅγιον.
3059 767 3194 819 »Καὶ
3216 767 3323 819 τῶν
3349 768 3427 830 εἰς
3454 767 3547 821 δύο
3573 767 3918 838 μεριζόντων

2340 857 2489 919 υἱοὺς
2522 856 2613 908 τὸν
2661 857 2755 907 ἕνα
2803 855 3033 926 Χριστὸν
3082 857 3174 909 καὶ
3207 856 3330 909 Υίὸν
3374 856 3469 910 καὶ
3507 856 3732 924 Κύριον,
3770 857 3919 926 ὀρθὰ

2341 948 2553 1016 φρονεῖν
2585 945 2879 1012 ἐγνωκότες
2917 947 3015 999 οὐκ
3066 945 3383 1016 ἁνεξόμεθα.
3442 946 3516 999 Ού
3565 947 3672 1017 γὰρ
3715 948 3919 1019 ἕτερον

2340 1033 2477 1089 εἷναί
2513 1053 2690 1105 φαμεν
2725 1036 2850 1088 Υίὸν
2883 1036 2975 1089 τὸν
3024 1037 3129 1106 πρὸ
3162 1037 3361 1099 παντὸς
3409 1038 3601 1100 αἰῶνος
3650 1054 3920 1106 γεγεννη-

2343 1128 2501 1197 μένον
2529 1127 2600 1200 Ex.
2617 1127 2714 1194 τῆς
2742 1128 2925 1190 οὐσίας
2962 1128 3055 1180 τοῦ
3082 1128 3215 1180 Θεοῦ
3246 1130 3339 1181 καὶ
3372 1119 3604 1199 Πατρὸς,
3635 1129 3826 1199 ἓτερον
3854 1129 3916 1181 δὲ

2338 1216 2431 1268 τὸν
2459 1216 2518 1268 ἐν
2545 1216 2790 1285 ἐσχάτοις
2823 1220 3033 1286 καιροῖς
3075 1218 3366 1286 γενόμενον
3396 1221 3459 1271 ἐκ
3490 1220 3766 1287 γυναικὸς,
3812 1236 3915 1285 γε·

2340 1306 2563 1375 νόμενον
2607 1307 2710 1359 ὑπὸ
2740 1307 2902 1377 νόμον
2923 1326 2935 1339 ·
2964 1308 3078 1362 ἀλλ’
3102 1309 3196 1362 ἕνα
3228 1310 3323 1362 καὶ
3360 1309 3450 1362 τὸν
3490 1309 3651 1363 αὐτὸν
3680 1311 3775 1363 καὶ
3802 1310 3920 1379 πρὸ

2339 1397 2440 1464 τῆς
2485 1396 2619 1467 πρὸς
2656 1397 2835 1467 σάρκα
2865 1399 3080 1451 συνόδου
3112 1399 3204 1452 καὶ
3242 1398 3485 1463 ἐνώσεως
3524 1400 3779 1469 ἀληθοῦς,
3814 1400 3919 1453 καὶ

2345 1485 2481 1557 μετὰ
2512 1487 2667 1540 τοῦτο
2690 1487 2792 1541 ἔτι.
2832 1487 2890 1541 '0
2920 1488 3029 1559 γὰρ
3062 1491 3126 1542 ἐκ
3150 1488 3285 1542 Θεοῦ
3332 1490 3543 1561 Πατρδς
3574 1489 3714 1544 κατά
3744 1489 3919 1558 φύσιν

2343 1575 2487 1640 Υἱὸς,
2517 1575 2760 1646 ἔμψυχόν
2785 1593 2843 1629 τε
2874 1563 2969 1630 καλ.
2993 1578 3176 1632 ἔννουν
3202 1579 3378 1648 ἐαυτῷ
3404 1578 3561 1647 σῶμα
3590 1576 3793 1643 λαϐὼν,
3816 1595 3918 1646 γε-

2341 1667 2592 1739 γέννηται
2654 1669 2929 1739 σαρκικῶς
2982 1670 3072 1723 διὰ
3124 1669 3224 1739 τῆς
3278 1670 3441 1739 ἁγίας
3494 1670 3774 1739 Παρθένου,
3817 1670 3919 1721 καὶ

2340 1760 2600 1813 Θεοτόκου
2640 1761 2878 1832 Μαρίας,
2916 1762 3009 1815 καὶ
3038 1762 3138 1815 οὐκ
3180 1764 3261 1826 εἰς
3305 1763 3484 1832 σάρκα
3530 1762 3760 1833 τραπεὶς
3807 1759 3919 1828 (μὴ

2339 1844 2544 1914 γένοιτο
2568 1849 2628 1915 1),
2668 1848 2988 1917 προσλαϐὼν
3024 1850 3081 1903 δὲ
3119 1851 3316 1920 μᾶλλον
3364 1851 3555 1921 αὐτὴν,
3586 1850 3680 1903 καὶ
3714 1850 3810 1901 τοῦ
3832 1845 3917 1901 εί-

2338 1949 2424 1983 ναι
2448 1932 2578 1996 Θεὸς
2611 1934 2709 1986 οὐκ
2738 1934 3051 2005 ἠμεληκώςο
3084 1938 3361 2009 μεμένηκε
3389 1938 3496 2011 γὰρ
3524 1939 3619 1993 καὶ
3632 1937 3775 1993 οὕτω
3798 1938 3919 1993 τῶν

2337 2020 2472 2074 ὅλων
2499 2023 2793 2092 Δεσπότης.

2410 2223 2450 2275 Γ
2450 2230 2482 2279 ’.
2526 2225 2708 2279 Ταῦτα
2736 2230 2949 2299 φρονεῖν
2979 2230 3356 2302 δεδιδάγμεθα.
3401 2232 3591 2301 Σοφοῖς
3623 2232 3730 2304 γὰρ
3756 2236 3915 2304 ἡμᾶς

2341 2316 2793 2387 παραγγέλμασιν
2843 2323 2891 2375 οἱ
2946 2322 3055 2395 τῷν
3108 2324 3280 2392 ἁγίων
3317 2324 3711 2393 ἀποκομίζουσι
3759 2324 3919 2393 λόγοι

2340 2406 2472 2474 πρός
2501 2424 2563 2475 γε
2593 2409 2653 2463 τὸ
2685 2411 2881 2481 χρῆναι
2916 2414 3223 2484 φιλοτηρεῖν
3252 2415 3313 2467 τὸ
3358 2417 3467 2479 τοῖς
3500 2416 3663 2485 ἱεροῖς
3721 2416 3918 2485 Γράμο

2342 2511 2503 2564 μασιν
2539 2498 2613 2551 ὅτι
2669 2501 2903 2568 μάλιστα
2952 2503 3161 2569 δοκοῦν,
3200 2506 3294 2558 καὶ
3340 2505 3437 2575 τὴν
3487 2506 3545 2557 ἐν
3581 2507 3692 2567 τοῖς
3742 2504 3916 2567 θείοις

2337 2585 2599 2656 δόγμασιν
2628 2591 2889 2661 ἀλήθειαν
2923 2596 3413 2661 κατασκέπτεσθαι,
3444 2597 3637 2649 λεπτὸν
3668 2597 3917 2659 ἐνιέντας

2337 2678 2447 2738 τοῖς
2502 2679 2627 2747 περὶ
2669 2679 2904 2747 Χριστοῦ
2962 2682 3309 2753 λαλουμένοις
3350 2684 3439 2737 τὸν
3491 2685 3648 2738 νοῦν·
3691 2704 3710 2735 ι
3756 2687 3918 2740 Καθ-

2338 2768 2618 2838 αιροῦντες
2654 2770 2752 2838 μὲν
2775 2771 3087 2842 λογισμοὺς,
3126 2776 3221 2827 καὶ
3246 2777 3353 2829 πᾶν
3389 2774 3586 2845 ὕψωμα
3610 2777 3917 2846 ἐπαιρόμε-

2338 2874 2427 2910 νον
2458 2859 2601 2911 κατὰ
2624 2860 2720 2928 τῆς
2754 2864 3005 2928 γνώσεως
3034 2863 3126 2917 τοῦ
3154 2863 3310 2929 Θεοῦ,
3345 2856 3437 2919 καὶ
3475 2865 3916 2934 αἰχμαλωτίζον-

2338 2967 2428 3013 τες
2463 2953 2571 3002 πᾶν
2602 2951 2777 3021 νόημα
2824 2954 2903 3015 είς
2938 2953 3039 3023 τὴν
3071 2955 3318 3026 ὑπακοὴν
3366 2955 3551 3009 αὐτοῦ.
3596 2975 3613 3007 ι
3654 2955 3919 3026 Ἔχοντος

2339 3041 2448 3111 γὰρ
2477 3042 2780 3112 ἀραρότως,
2822 3044 2916 3097 καὶ
2957 3045 3393 3117 ὁμολογουμένου
3435 3048 3583 3119 παρὰ
3616 3049 3803 3119 πᾶσιν,
3831 3050 3920 3103 ὅτι

2342 3136 2436 3187 καὶ
2482 3137 2539 3187 ἐν
2593 3141 2773 3206 μορφῇ
2830 3139 2925 3190 καὶ
2968 3139 3172 3210 ἰσότητι
3220 3140 3313 3194 τοῦ
3366 3117 3524 3195 Θεοῦ-
3558 3142 3653 3195 καὶ
3699 3117 3920 3213 ila-cpe;

2341 3227 2600 3295 ὑπάρχων
2631 3228 2660 3278 ό
2690 3226 2749 3291 ἐξ
2776 3227 2939 3281 αὑτοῦ
2973 3230 3114 3284 κατὰ
3136 3232 3299 3301 φύσιν
3335 3233 3524 3301 Λόγος,
3562 3253 3580 3283 ι
3610 3233 3709 3302 οὐχ
3730 3234 3919 3306 ἁρπα-

2338 3316 2478 3384 γμὸν
2549 3318 2795 3386 ἡγήσατο
2843 3319 2905 3372 τὸ
2958 3317 3097 3375 εἶναι
3166 3324 3257 3377 ἴσα
3331 3325 3449 3395 Θεῷ
3486 3342 3501 3357 ο
3552 3325 3665 3379 ἀλλ’
3719 3326 3920 3378 ἑαυτὸν

2338 3406 2592 3470 ἐκένωσε,
2617 3408 2829 3479 μορφὴν
2848 3410 3034 3466 δούλου
3056 3414 3257 3467 λαϐὼν·
3284 3418 3340 3469 ἐν
3362 3419 3668 3488 ὁμοιώματι
3697 3418 3797 3470 ἀνθ
3806 3420 3919 3489 ρώ-

2338 3515 2456 3551 πων
2484 3498 2792 3569 γενόμενος,
2822 3504 2913 3555 καὶ
2952 3506 3191 3575 σχήματι
3225 3507 3465 3578 εὑρεθεὶς
3493 3509 3568 3571 ὡς
3605 3510 3915 3579 ἄνθρωπος.

2338 3592 2699 3646 ἐταπείνωσεν
2734 3594 2943 3660 ἑαυτὸν,
2981 3598 3270 3667 γενόμενος
3320 3601 3559 3669 ὑπήκοος
3604 3601 3762 3671 μέχρι
3815 3602 3918 3655 θα-

2338 3683 2519 3748 νάτου,
2552 3684 2779 3738 θανάτου
2809 3686 2866 3738 δὲ
2900 3688 3189 3756 σταυροῦί
3230 3690 3381 3744 πᾶσά
3406 3708 3519 3752 πως
3554 3690 3765 3760 ἀνάγκη
3797 3690 3922 3744 Θεο-

2340 3773 2526 3840 φιλοῦς
2575 3775 2819 3840 ἐπινοίας
2874 3785 2898 3812 ο
2950 3778 3243 3849 ἐπίμεστον
3298 3782 3442 3850 ἔχειν
3489 3781 3581 3832 τὸν
3632 3780 3778 3845 νοῦν,
3826 3782 3921 3833 τὸν

2337 3859 2489 3936 ᾧπερ
2533 3866 2597 3918 ἂν
2649 3867 2857 3933 γένειτο
2908 3870 3107 3934 σκοπὸς
3148 3872 3447 3943 διακρίνειν
3504 3867 3561 3923 εὖ
3615 3873 3757 3940 μάλα
3806 3874 3920 3925 τῶν

2339 3960 2468 4028 περὶ
2492 3958 2658 4009 αὐτοῦ
2708 3960 3107 4029 γεγραμμένων
3131 3963 3228 4033 τὴν
3256 3963 3504 4033 δύναμιν*
3539 3963 3625 4015 ἵνα
3653 3965 3708 4015 ἐν
3729 3967 3921 4035 ταυτῷ

2337 4049 2469 4112 Θεός
2499 4063 2557 4101 τε
2581 4048 2719 4119 ὁμοῦ
2755 4052 2846 4101 καὶ
2877 4051 3159 4122 ἅνθρωπος
3199 4055 3227 4106 ό
3251 4053 3413 4116 αὐτὸς
3449 4053 3706 4124 ὑπάρχων
3734 4058 3921 4124 ἐπιγι-

2338 4140 2636 4209 νώσκηται,
2695 4140 2790 4193 καὶ⁵
2832 4141 2893 4193 τὸ
2931 4137 3069 4195 εἶναι
3114 4143 3247 4206 Θεὸς
3302 4143 3730 4215 ἀπαραποιήτως
3776 4146 3922 4217 ἔχων

2341 4232 2637 4302 (ἄτρεπτος
2665 4232 2772 4303 γὰρ
2800 4234 2830 4299 ἡ
2856 4232 2951 4284 τοῦ
2983 4234 3156 4300 Λόγου
3188 4234 3392 4305 φύσις),
3413 4234 3507 4287 καὶ
3535 4235 3595 4287 τὸ
3620 4237 3720 4305 τῆς
3747 4238 3921 4291 κενώ-

2341 4340 2478 4386 σεως
2533 4325 2729 4394 μέτρον
2776 4324 2836 4375 ού
2889 4327 3339 4398 παραιτούμενος.
3411 4326 3741 4399 Ἐπερυοριᾷ
3806 4330 3921 4398 γὰρ

2339 4414 2589 4483 οὐδαμῶς
2639 4420 2752 4479 τοῖς
2805 4416 2954 4479 ἰδίοις
2990 4418 3326 4488 σκέμμασιν,
3352 4420 3379 4472 ὁ
3413 4417 3640 4471 κένωσιν
3670 4419 3769 4488 τὴν
3800 4421 3921 4474 ἐθε-

673 4523 845 4576 ueque
878 4508 1021 4561 enim
1060 4509 1150 4578 qui
1186 4509 1580 4577 dispensatoria
1630 4510 1837 4563 ratione
1882 4512 2236 4564 voluntariam

2342 4506 2553 4559 λούσιον
2586 4509 2941 4574 οἰκονομικῶς
2977 4508 3044 4561 δι’
3074 4512 3220 4580 ἡμᾶς
3251 4509 3567 4581 ὑπομείνας.
3617 4511 3707 4562 Δεῖ
3736 4512 3920 4566 τοίνυν

673 4592 841 4651 nostri
874 4613 1037 4651 causa
1087 4599 1516 4653 humiliationem
1551 4592 1827 4662 sust-iuuit,
1857 4600 1921 4653 de
1965 4601 2077 4655 suis
2106 4617 2238 4654 ceu-

673 4690 806 4743 siliis
835 4689 1126 4743 erubescit.
1173 4690 1399 4759 Oportet
1442 4692 1622 4760 itaque
1662 4692 1810 4743 illum
1850 4701 1904 4746 et
1939 4692 2238 4747 divinitatis

675 4780 951 4846 majestate
994 4780 1344 4849 conspicuum
1374 4780 1566 4845 videri,
1611 4789 1665 4833 et
1712 4796 1739 4832 a
1789 4790 1989 4834 nostrae
2021 4797 2235 4834 rursum

677 4870 992 4923 humilitatis
1028 4872 1361 4933 conditione,
1406 4881 1626 4936 propter
1673 4881 2004 4937 assumptam
2044 4873 2234 4923 huma-

676 4960 921 5022 nitatem,
961 4977 1065 5013 non
1110 4976 1332 5030 prorsus
1362 4961 1596 5013 alienum
1632 4974 1751 5013 esse
1810 4961 2061 5013 arbitrari
2092 4980 2103 5013 :
2133 4963 2231 5013 hoc

674 5051 818 5103 enim
860 5050 1273 5115 dispensationis
1323 5055 1460 5107 ratio
1505 5052 1755 5122 postttlat.
1796 5052 1852 5105 Si
1904 5055 2046 5105 enim
2096 5053 2234 5105 Deus

678 5141 907 5193 Vat-hum
967 5139 1163 5214 factum
1214 5154 1296 5197 est
1337 5160 1497 5208 caro,
1554 5146 1656 5198 hoc
1713 5153 1795 5197 est
1841 5144 2033 5203 homo,
2082 5143 2236 5207 juxta

676 5234 801 5286 iltml
828 5249 841 5285 ε
876 5250 893 5281 ι
927 5229 1202 5283 Effundam
1224 5234 1289 5287 de
1320 5235 1523 5303 Spiritu
1560 5251 1679 5290 meo
1697 5251 1858 5304 super
1879 5249 2093 5289 omnem
2115 5249 2237 5287 car-

674 5338 795 5378 nem
820 5322 896 5387 ";
928 5341 947 5373 ι
982 5320 1251 5373 neminem
1275 5321 1392 5387 jurc
1425 5328 1643 5381 turbare
1665 5329 1841 5391 debet,
1877 5327 1920 5382 si
1949 5342 2053 5395 qua
2096 5340 2233 5378 non-

746 5481 787 5507 “
822 5480 834 5529 Ι
868 5481 991 5533 (lor.
1024 5496 1097 5543 vt,
1135 5478 1186 5533 ε.
1266 5479 1310 5510 ⁶⁹
1346 5477 1385 5531 ll
1413 5480 1535 5533 (Zur.
1566 5497 1618 5548 κ,
1656 5485 1707 5536 5.

1786 5487 1830 5517 ⁷ο
1865 5485 2095 5552 l‘ltilipp.
2141 5500 2200 5546 It,
2238 5484 2354 5538 6-8.

2345 4599 2507 4652 αὐτὸν
2556 4600 2647 4651 καὶ
2707 4603 2817 4663 τοῖς
2866 4601 2964 4669 τῆς
3018 4599 3269 4671 θεότητος
3327 4600 3630 4670 ἀξιώμασιν
3683 4603 3920 4670 ὁρᾶσθαι

2344 4693 2638 4762 διαπρεπῆ,
2692 4694 2782 4745 καὶ
2812 4695 2911 4762 τῆς
2951 4692 3073 4745 καθ’
3123 4697 3273 4763 ἡμᾶς
3315 4695 3786 4765 σμικροπρεπείσς
3817 4695 3921 4748 οὐκ

2344 4786 2422 4847 εἰς
2471 4785 2617 4835 ἆπαν
2665 4783 3086 4853 ἀπηλλαγμένον
3132 4784 3219 4838 διὰ
3256 4785 3317 4838 τὸ
3354 4785 3714 4855 ἀνθρώπινον,
3750 4787 3923 4838 ἁπαι-

2343 4875 2540 4942 τούσης
2589 4875 2745 4926 τοῦτο
2790 4876 2885 4943 τῆς
2928 4876 3257 4945 οἰκονομίας.
3309 4878 3370 4929 Ei
3429 4879 3539 4945 γὰρ
3582 4877 3714 4938 Θεὸς
3770 4876 3853 4927 ὢν
3896 4880 3924 4930 ὁ

2341 4964 2511 5026 Λόγος
2542 4964 2727 5029 γέγονε
2758 4965 2913 5034 σὰρξ,
2941 4967 3217 5017 τουτέστιν
3240 4966 3539 5032 ἄνθρωπος,
3564 4966 3705 5016 κατά
3729 4983 3788 5031 γε
3820 4967 3912 5031 τὸ,

2349 5072 2367 5103 ι
2406 5054 2613 5120 Ἐκχεῶ
2636 5054 2741 5105 ἀπὸ
2765 5056 2858 5105 τοῦ
2887 5056 3197 5122 Πνεύματός
3222 5072 3321 5123 μου
3345 5056 3435 5106 ἐπὶ
3467 5057 3643 5106 πᾶσαν
3673 5056 3918 5125 σάρκαῚ

2344 5142 2641 5213 Οορυϐείτω
2693 5145 2914 5213 μηδένα,
2968 5145 3071 5197 κᾶν
3120 5145 3169 5195 εἰ
3218 5144 3428 5211 λέγοιτὸ
3472 5162 3526 5197 τι
3577 5148 3704 5216 περὶ
3751 5149 3921 5201 αὐτοῦ

2343 5235 2492 5306 παρὰ
2524 5235 2626 5303 τῆς
2675 5226 3027 5286 Θεοπνεύστου
3067 5235 3307 5304 Γραφῆς,
3338 5234 3444 5289 τῶν
3492 5239 3591 5291 ὅσα
3639 5241 3788 5292 ἐστὶν
3828 5243 3923 5294 ἀν-

2342 5325 2735 5397 θρωποπρεπῆ.
2760 5324 3126 5396 Περιαθρείτω
3147 5326 3199 5378 δὲ
3225 5326 3423 5398 μᾶλλον
3445 5328 3608 5383 αὐτοῦ
3632 5332 3733 5403 τὴν
3756 5334 3859 5387 ὐπε
3872 5350 3925 5403 ρο

2433 5486 2476 5514 ⁷⁸
2514 5482 2626 5537 .Iocl
2666 5500 2725 5547 tt,
2757 5482 2848 5538 $28.

1797 5639 1964 5693 Vatia:
2001 5641 2253 5696 lectiones
2280 5639 2481 5695 codicis
2516 5639 2870 5708 Srguieriaui.

756 5776 776 5797 '
812 5772 1103 5838 ςύῖιχνίας.
