4092 6334
201 340 345 394 1541

197 552 468 618 πρεποῦς
517 570 573 605 τε
609 557 700 608 καὶ
740 558 1018 610 ἀνωτάτω.

278 854 358 900 Δ’.
377 853 446 902 Ἀ
463 851 519 902 δὲ
538 846 605 918 ἦν
630 851 859 918 μάλιστα
875 853 1169 922 παραλύειν
1201 854 1339 915 εἰκὸς
1357 856 1448 906 τὸν
1468 855 1574 908 τῶν
1597 857 1792 910 ἁπλου-

193 941 429 1008 στέρων
463 941 716 994 δύνασθαι
744 944 888 1008 νοῦν,
923 941 1092 994 ταῦτα
1133 942 1216 1013 δὴ,
1244 947 1386 998 κατά
1417 963 1478 1012 γε
1531 947 1592 997 τὸ
1623 949 1792 1018 ἐγχω-

195 1031 367 1098 ροῦν,
420 1032 514 1083 καὶ
563 1031 638 1096 ὡς
691 1034 770 1086 ἔνι
825 1032 1022 1096 καλῶς,
1074 1033 1388 1104 διατρανοῦν
1437 1039 1788 1109 πειράσομαι,

194 1121 540 1190 παρατιθεὶς
586 1125 799 1193 ἑκάστῳ
847 1123 995 1194 ρητῷ
1025 1125 1122 1195 τὴν
1153 1129 1479 1198 ἀποχρῶσαν
1526 1130 1677 1183 λύσιν
1711 1134 1789 1196 εἰς

194 1213 562 1282 διασάφησιν,
593 1214 725 1266 Θεοῦ
767 1214 925 1267 πάλιν
968 1215 1098 1284 ἡμῖν
1128 1217 1544 1283 κατευθύνοντος
1573 1221 1666 1273 καὶ
1695 1222 1790 1293 τὴν

195 1303 288 1362 εἰς
327 1301 490 1355 τοῦτο
530 1303 730 1372 τρίϐον.
770 1321 788 1353 ι
824 1304 1017 1357 Δίδωσι
1045 1305 1153 1376 γὰρ
1187 1308 1338 1378 ῥῆμα
1370 1312 1480 1373 τοῖς
1511 1312 1790 1379 εὐαγγελι-

197 1392 466 1461 ζομένοις
500 1394 720 1463 δυνάμει
759 1395 947 1466 πολλῇ,
984 1415 1001 1446 ι
1036 1397 1178 1450 καθά
1216 1416 1380 1469 φησιν
1431 1402 1458 1454 6
1504 1401 1788 1466 Θεσπέσιος

198 1484 494 1552 Μελῳδός.
540 1485 626 1536 Ἐν
655 1486 753 1555 μὲν
791 1482 883 1540 οῦν
916 1486 993 1556 τῷ
1038 1487 1183 1558 λόγῳ
1213 1489 1291 1560 τῷ
1335 1491 1469 1563 πρὸς
1513 1493 1668 1563 ἡμῶν
1697 1512 1789 1562 γε·

199 1576 397 1640 γονότι
428 1577 562 1645 πρὸς
591 1576 689 1640 τὰς
718 1577 878 1645 ἁγίας
913 1577 1238 1648 παρθένους,
1269 1581 1377 1634 τῶν
1430 1585 1788 1654 ἑτοιμοτέρων

201 1667 420 1735 ῥητῶν,
445 1667 539 1719 καὶ
566 1668 716 1722 οὐδὲν
739 1669 971 1739 ἐχόντων
991 1671 1052 1723 τὸ
1071 1671 1329 1744 δυσχερὲς
1355 1674 1434 1736 είς
1459 1675 1783 1743 κατάληψιν,

202 1759 477 1830 πλείστην
519 1761 649 1830 ὅσην
686 1763 1030 1833 πεποιήμεθα
1058 1765 1155 1834 τὴν
1189 1765 1486 1834 παράθεσιν
1506 1782 1520 1796 °
1555 1767 1612 1818 ἐν
1639 1767 1696 1820 δέ
1721 1785 1784 1835 γε

1035 353 1124 404 Ali
1164 351 1456 408 llEClNAS
1497 357 1581 409 Dl".
1625 360 1843 415 lll‘lC'l'A
1891 364 2042 419 FIDE
2084 367 2344 423 ORATIO
2387 371 2682 426 ALTERA.

191 462 447 531 κόσμιον
492 463 647 529 δόξαν
680 468 744 517 ἐκ
779 469 1054 534 δυνάμεως
1104 476 1192 525 καὶ
1226 476 1495 545 ὑπεροχῆς
1537 479 1633 547 τῆς
1680 481 1794 533 θεο-

1905 505 2174 556 nunquam
2228 491 2471 552 humilia,
2516 493 2690 557 qualia
2729 495 2972 552 homines
3014 502 3226 569 decent,

3329 398 3462 452 1342

3271 512 3462 568 divina:

1901 574 2115 629 Littera:
2139 578 2204 629 de
2241 577 2330 629 illo
2356 579 2605 644 prodant.
2634 580 2848 648 Spectet
2882 596 3057 638 autem
3090 594 3263 654 potius
3293 601 3455 652 coele—

1899 677 2032 718 stetn
2071 667 2211 720 illius
2241 668 2462 735 gloriam
2491 678 2544 721 et
2585 671 2918 737 tuajestatem
2959 690 3022 729 ex
3055 679 3231 734 divina
3263 702 3446 755 supra-

1899 772 2092 822 tuaque
2117 759 2350 822 ejusdem
2385 761 2580 812 virtute
2616 772 2668 814 et
2697 762 3032 819 excellentia.

1969 847 2055 901 lV.
2099 849 2261 918 igitur
2294 866 2412 919 quae
2449 851 2842 918 simpliciorum
2879 855 3084 912 animos
3115 875 3224 928 pra:
3249 871 3456 925 ueteris

1898 939 2114 992 turbare
2159 954 2314 1007 posse
2355 941 2628 1007 videntur,
2674 945 3055 1011 perspicuitate
3101 965 3296 1018 quanta
3348 960 3457 1012 lieri

1897 1031 2091 1099 poterit
2119 1031 2349 1085 maxima
2384 1048 2532 1099 usus,
2565 1049 2629 1086 ea
2661 1049 2757 1101 pro
2790 1036 2990 1090 viribus
3031 1043 3323 1108 eitplanare
3368 1068 3454 1104 co-

1896 1120 2087 1184 nabor,
2121 1120 2342 1188 majoris
2368 1121 2500 1176 lueis
2538 1138 2699 1176 causa
2731 1124 2920 1178 idonea
2949 1127 3214 1186 solutione
3251 1139 3448 1191 unicui-

1893 1226 1996 1277 que
2041 1212 2320 1267 sententia:
2349 1214 2623 1283 apposita;
2662 1215 2768 1268 Deo
2819 1231 3003 1270 rursus
3034 1220 3168 1272 viam
3225 1238 3458 1282 nostram

1897 1304 1948 1356 in
1981 1305 2082 1358 hoc
2113 1304 2275 1358 etiam
2308 1306 2583 1359 curriculo
2625 1307 2959 1361 moderante.
3005 1327 3023 1359 ‹
3055 1310 3153 1364 Dat
3191 1316 3330 1368 enim
3376 1321 3460 1374 ille

1893 1397 2110 1448 verbum
2163 1395 2660 1465 evangelizantibus
2718 1397 2870 1466 131
2931 1399 3127 1454 virtute
3176 1406 3378 1472 multa,
3435 1430 3452 1460 ι

1891 1485 2342 1554 quemadmodum
2391 1486 2612 1541 divinus
2643 1485 2853 1543 Psaltes
2899 1493 3046 1543 canit
3072 1493 3136 1544 τ’.
3171 1492 3338 1549 Porro
3367 1515 3458 1552 att-

1894 1585 1998 1631 tem
2041 1576 2096 1630 in
2137 1591 2202 1630 eo
2231 1579 2642 1644 commentario,
2683 1594 2840 1648 quem
2889 1581 2954 1633 ad
3000 1596 3186 1638 sacras
3226 1589 3458 1658 virgines

1894 1666 2258 1731 exaravimus,
2303 1667 2390 1723 illa
2431 1669 2645 1725 abunde
2673 1671 3088 1738 edisseruimus,
3133 1691 3252 1744 qua:
3288 1685 3458 1750 magis

1887 1757 2064 1822 obvia,
2117 1757 2500 1828 intellectuque
2544 1759 2793 1815 faciliora
2844 1763 3208 1818 videbantur:
3247 1768 3296 1820 in
3351 1771 3451 1826 hoc

201 1852 287 1920 τῷ
318 1853 688 1923 προκειμένῳ,
717 1853 825 1906 τῶν
856 1855 1243 1925 ἀσαφεστέρων
1280 1857 1623 1928 πεποιήμεθα
1651 1861 1786 1929 μνή-

1889 1849 2140 1916 presenti
2170 1862 2300 1904 vero
2334 1848 2387 1904 in
2429 1849 2803 1905 obscuriorum
2828 1853 3185 1922 explicatione
3215 1863 3454 1914 versabi-

205 1957 362 2010 μην·
406 1943 509 1996 ἔδει
540 1944 665 2015 γὰρ,
723 1945 828 1998 ἔδει
872 1946 931 1999 τὸ
979 1947 1222 2017 θεοφιλὲς
1269 1951 1422 2019 ὑμῶν
1459 1951 1658 2021 κράτος
1692 1955 1785 2006 καὶ

200 2033 385 2085 ταῦτα
416 2035 632 2101 εἰδέναι,
665 2037 893 2092 κάκεῖνα
924 2039 998 2111 μὴ
1028 2040 1264 2108 ἀγνοεῖν,
1294 2040 1368 2103 ὡς
1398 2042 1462 2095 ἂν
1489 2041 1556 2094 δι’
1582 2043 1783 2112 ἀμφοῖν

200 2125 264 2173 τὸ
295 2126 502 2194 ἀρτίως
547 2127 669 2196 έχον
717 2129 798 2191 είς
845 2129 1066 2196 γνῶσιν,
1120 2131 1369 2202 καθάπερ
1401 2150 1454 2185 τι
1483 2134 1617 2201 φῶς,
1665 2137 1783 2197 ταῖς

200 2218 604 2284 εὐαγεστάταις
635 2221 789 2290 ὑμῶν
822 2223 1163 2287 είσοικίζοιτο
1191 2226 1468 2288 διανοίαις.
1496 2228 1701 2291 Σκοπὸς
1725 2229 1781 2281 δέ

206 2325 299 2373 μοι
352 2308 420 2360 τά
472 2309 556 2376 ἐφ’
588 2310 804 2381 ἑκάστῳ
845 2311 1252 2384 διερμηνεύοντι
1306 2315 1659 2386 βραχυλογεῖν
1707 2317 1780 2379 ὡς

201 2394 318 2450 οἷόν
366 2417 424 2452 τε
449 2417 461 2430 ·
505 2402 888 2471 προτετάξεται
939 2403 996 2456 δὲ
1043 2404 1150 2457 τῶν
1203 2405 1376 2458 ἄλλων
1424 2406 1451 2456 6
1502 2409 1629 2473 περὶ
1682 2408 1780 2476 τῆς

204 2490 493 2554 κενώσεως
520 2493 710 2559 Λόγος.
753 2494 949 2546 ἰστέον
993 2494 1036 2546 δ’
1073 2492 1164 2548 οὖν
1212 2497 1359 2564 ὅμως
1401 2499 1576 2548 ἐκεῖνο
1602 2515 1614 2529 ·
1651 2499 1780 2551 ὅταν

199 2586 311 2648 γὰρ
345 2584 474 2652 ἡμῖν
507 2583 838 2654 ὀνομάζηται
872 2585 1107 2654 Χριστὸς
1152 2586 1377 2657 Ἰησοῦς,
1428 2587 1778 2656 ὲνανθρωπή-

202 2690 376 2724 σαντα
417 2674 510 2726 καὶ
537 2675 948 2746 σεσαρκωμένον
981 2677 1246 2747 προσήκει
1273 2680 1411 2730 νοεῖν
1435 2677 1524 2731 τὸν
1554 2679 1618 2730 ἐκ
1643 2677 1777 2731 Θεοῦ

200 2764 240 2815 ll
253 2763 419 2830 ατρὸς
447 2765 636 2833 Λόγον.

271 2968 350 3021 E’.
397 2984 418 3019 ι
457 2967 606 3022 Θέλω
633 2968 741 3037 γάρ
779 2971 921 3040 ὑμᾶς
965 2971 1185 3031 εἰδέναι.
1219 2971 1300 3022 ὅτι
1348 2969 1548 3034 παντὸς
1586 2968 1776 3040 ἀνδρὸς

197 3059 411 3129 κεφαλὴ
441 3061 469 3111 6
492 3059 725 3129 Χριστός
750 3061 894 3112 ἐστι·
925 3061 1134 3129 κεφαλὴ
1153 3060 1208 3112 δὲ
1238 3058 1515 3128 γυναικὸς,
1551 3060 1579 3111 ὁ
1603 3060 1772 3129 ἀνήρ·

196 3171 256 3202 κε
271 3151 413 3220 φαλὴ
445 3149 501 3202 δὲ
542 3148 636 3202 τοῦ
670 3148 929 3220 Χριστοῦ,
965 3152 993 3202 6
1025 3149 1176 3212 Θεός.
1207 3149 1266 3200 ’0
1308 3148 1521 3216 πρῶτος
1562 3149 1774 3218 ἀνθρω-

196 3257 301 3300 πος
335 3241 399 3291 ὲκ
427 3239 527 3308 γῆς
578 3237 757 3308 χοῖκὸς
784 3238 1079 3308 (τουτέστιν
1123 3234 1311 3306 Ἀδάμ)
1336 3252 1348 3264 ’
1380 3238 1409 3288 6
1441 3235 1688 3307 δεύτερος
1713 3236 1774 3302 ἐξ

192 3332 429 3398 οὐρανοῦ
461 3331 638 3401 (δῆλον
669 3331 725 3384 δὲ
769 3331 850 3383 ὅτι
879 3331 906 3382 6
939 3328 1197 3401 Χριστός)
1223 3344 1237 3359 ο
1287 3327 1401 3382 ἀλλ’
1431 3326 1618 3396 ὥσπερ
1648 3329 1767 3395 ἐφοο

197 3424 440 3494 ρέσαμεν
471 3423 570 3491 τὴν
607 3421 790 3474 εἰκόνα
828 3419 922 3474 τοῦ
955 3420 1162 3491 χοϊκοῦ,
1195 3418 1516 3490 φορέσωμεν
1548 3417 1642 3472 καὶ
1673 3417 1771 3488 τὴν

192 3513 386 3564 εἰκόνα
408 3512 499 3565 τοῦ
530 3514 873 3584 ἐπουρανίου,
896 3511 1036 3566 κατὰ
1059 3513 1120 3564 τὸ
1149 3510 1551 3581 γεγραμμένον.
1585 3528 1603 3562 ι
1629 3511 1771 3563 Οὐκ-

191 3600 294 3649 οὖν
333 3598 522 3668 πρώτη
572 3601 791 3667 γέγονεν
821 3601 951 3668 ἡμῖν
983 3599 1191 3670 κεφαλὴ
1219 3599 1311 3651 τοῦ
1358 3602 1566 3667 γένους,
1615 3616 1769 3652 τουτ-

194 3692 346 3741 έστιν
385 3689 548 3759 ἀρχὴ,
576 3690 604 3741 6
636 3690 700 3741 ἐκ
726 3689 830 3758 γῆς
861 3707 920 3742 τε
950 3690 1043 3744 καὶ
1075 3690 1273 3758 χοϊκός.
1326 3691 1539 3760 Ἐπειδὴ
1566 3691 1621 3744 δὲ
1650 3691 1768 3743 δεύ-

194 3799 354 3852 ⁶τερος
397 3781 565 3850 Ἀδάμ
604 3763 1019 3851 κατωνόμασται
1050 3780 1305 3850 Χριστὸς,
1353 3783 1560 3853 κεφαλὴ
1596 3782 1768 3835 τέθει-

195 3894 318 3940 ται,
374 3874 650 3930 τουτέστιν
708 3874 850 3945 ἀρχὴ
910 3874 1018 3928 τῶν
1074 3874 1142 3927 δι’
1198 3874 1358 3928 αὑτοῦ
1415 3875 1547 3946 πρὸς
1607 3875 1767 3929 αὑτὸν

195 3964 696 4036 ἀναμορφουμένων
759 3967 840 4029 είς
889 3964 1200 4036 ἀφθαρσίαν
1262 3965 1329 4018 δι’
1392 3963 1659 4035 ἀγιασμοῦ
1711 3967 1768 4017 ἐν

196 4055 499 4126 Πνεῦματι·
541 4055 735 4109 οὐκοῦν
783 4055 942 4119 αὐτὸς
993 4057 1090 4127 μὲν
1122 4056 1278 4128 ἡμῶν
1309 4055 1471 4126 ἀρχὴ,
1524 4058 1768 4121 τουτέστι

195 4147 424 4218 κεφαλὴ,
458 4147 592 4200 καθὸ
629 4147 868 4217 πέφηνεν
906 4147 1207 4218 ἄνθρωπος.
1244 4149 1395 4216 Ἔχει
1445 4164 1508 4214 γε
1541 4148 1658 4216 μὴν
1677 4163 1766 4198 κε-

194 4236 368 4306 φαλὴν
394 4236 576 4300 αὐτὸς,
623 4236 696 4300 ὡς
730 4237 887 4305 φύσει
934 4236 1085 4302 Θεὸς,
1132 4237 1221 4288 τὸν
1271 4239 1330 4288 ὲν
1370 4241 1483 4298 τοῖς
1521 4236 1768 4304 οὐρανοῖς

197 4330 414 4398 Πατέρα
442 4343 454 4355 °
488 4329 807 4399 γεγέννηται
844 4327 952 4397 γὰρ
983 4325 1041 4389 ἐξ
1074 4324 1236 4379 αὑτοῦ
1275 4325 1414 4377 κατά
1443 4325 1602 4392 φύσιν
1637 4326 1766 4388 Θεὸς

192 4415 268 4465 ὧν
298 4416 326 4466 6
356 4413 549 4482 Λόγος.
574 4414 696 4467 ’Ὀτι
725 4414 782 4466 δὲ
814 4415 846 4482 ἡ
882 4412 1091 4481 κεφαλὴ
1125 4414 1376 4482 σημαίνει
1439 4413 1535 4483 τὴν
1565 4414 1762 4484 ἀρχὴν,

1888 1955 2025 1992 mur.
2055 1938 2161 1994 Par
2189 1948 2272 1995 est
2302 1941 2468 2007 enim,
2508 1951 2567 1996 ut
2596 1942 2849 2012 religiosa
2899 1955 3073 1999 vestra
3107 1946 3357 2013 maiestas
3404 1961 3456 2005 ct

1885 2029 1999 2084 haec
2044 2031 2202 2096 sciat,
2247 2040 2303 2086 et
2355 2030 2443 2087 illa
2486 2047 2707 2101 quoque
2744 2048 2850 2087 non
2909 2033 3151 2104 ignoret;
3209 2051 3313 2103 quo
3364 2055 3455 2107 per

1886 2130 2114 2189 utraque
2160 2121 2403 2190 perfecta
2461 2123 2697 2194 cognitio
2743 2124 2906 2178 veluti
2964 2124 3138 2180 lumen
3190 2129 3452 2194 quoddam

1884 2215 2244 2269 sanctissimis
2291 2214 2492 2269 vestris
2549 2215 2820 2271 mentibus
2867 2216 3152 2270 inhabitet.
3202 2216 3453 2287 PI'OptiSl-

1885 2316 1995 2360 tum
2023 2317 2106 2361 est
2134 2315 2311 2362 autem
2349 2308 2419 2361 ita
2452 2307 2665 2378 singula
2691 2309 3059 2378 interpretari,
3091 2318 3148 2362 ut
3188 2325 3451 2366 summam

1884 2397 2081 2465 ubique
2116 2396 2434 2452 brevitatem
2473 2405 2870 2452 consectemur.
2906 2396 3171 2452 Caeterum
3212 2400 3450 2470 disputa-

1885 2489 2046 2542 tionis
2094 2487 2251 2556 hujus
2301 2487 2582 2542 exordium
2635 2490 2703 2542 ab
2748 2488 2816 2542 iis
2857 2491 3163 2557 praecipue,
3215 2507 3335 2559 qua:
3384 2496 3450 2546 ad

1883 2577 2044 2632 Verbi
2091 2576 2519 2630 exinanitionem
2566 2576 2859 2644 pertinent,
2908 2575 3084 2631 facere
3133 2577 3293 2644 libet;
3347 2598 3452 2634 uno

1882 2669 1984 2722 hoc
2030 2667 2240 2719 interim
2277 2667 2578 2732 praemisso,
2631 2681 2752 2720 cum
2797 2666 2952 2723 Jesus
2999 2669 3245 2723 Christus
3281 2674 3450 2724 nomi-

1879 2770 2060 2821 natur,
2098 2775 2201 2812 non
2243 2760 2408 2811 alium
2452 2772 2612 2826 quam
2649 2756 2741 2812 Dei
2790 2758 2972 2814 Patris
3005 2758 3238 2814 Verbum
3273 2761 3448 2816 incar-

1879 2862 2086 2916 natutn,
2136 2851 2477 2906 ltominemve
2514 2850 2737 2916 factum,
2788 2865 2853 2905 eo
2895 2854 3112 2906 nomine
3152 2852 3445 2922 designari.

1949 2964 2013 3020 V.
2064 2984 2081 3017 ι
2115 2964 2250 3021 Volo
2298 2976 2476 3021 autem
2536 2980 2632 3020 vos
2692 2964 2867 3030 scire,
2929 2965 3072 3034 quod
3125 2967 3300 3020 omnis
3347 2968 3447 3021 viri

1875 3067 2059 3125 caput,
2109 3057 2356 3112 Christus
2409 3065 2526 3123 est;
2579 3066 2740 3124 caput
2787 3067 2965 3109 autem
3019 3056 3283 3119 mulieris,
3327 3060 3446 3124 vir;

1878 3159 2038 3215 caput
2081 3163 2210 3204 vero
2247 3147 2469 3212 Christi,
2512 3146 2655 3201 Deus
2678 3147 2747 3199 ⁷³.
2775 3145 3082 3200 —Primus
3122 3149 3282 3201 homo
3324 3150 3446 3217 (hoc

1875 3250 1960 3294 est
1992 3238 2208 3310 Adam),
2255 3240 2322 3294 de
2367 3249 2512 3294 terra
2561 3248 2806 3292 terrenus
2841 3255 2854 3292 :
2884 3238 3156 3292 secundus
3195 3239 3321 3309 (hoc
3362 3253 3445 3294 est

1874 3330 2167 3402 Christus),
2198 3331 2263 3386 de
2279 3331 2427 3387 caelo
2454 3332 2713 3387 caelestis.
2749 3330 2917 3399 Igitur
2942 3331 3081 3384 sicut
3108 3332 3446 3398 portavimus

1873 3423 2162 3493 imaginem
2195 3423 2419 3490 terreni,
2451 3430 2731 3491 portemus
2768 3430 2823 3476 et
2867 3422 3154 3492 imaginem
3185 3423 3440 3487 caelestis,

1870 3512 2014 3566 sicut
2057 3511 2315 3580 scriptum
2355 3512 2529 3566 est“.
2561 3529 2579 3562 ι
2607 3509 2848 3563 Primum
2884 3509 3050 3578 igitur
3093 3511 3306 3579 generis
3359 3528 3446 3565 no-

1870 3603 1968 3657 stri
2013 3613 2194 3672 caput,
2235 3603 2340 3657 hoc
2389 3611 2474 3656 est
2519 3600 2895 3670 primordium,
2948 3600 3140 3668 Adam,
3182 3602 3248 3657 de
3301 3613 3440 3656 terra

1872 3704 2120 3748 terrenus
2174 3703 2296 3748 erat
2345 3707 2360 3746 :
2407 3693 2661 3760 quoniam
2709 3707 2839 3746 vero
2904 3693 3153 3747 Christus
3219 3695 3439 3746 secundi

1868 3783 2060 3836 Adami
2089 3792 2505 3851 cognomentum
2528 3782 2753 3837 sortitus
2776 3793 2880 3845 est,
2912 3798 3101 3836 eorum
3134 3793 3314 3850 caput,
3341 3783 3442 3836 hoc

1868 3883 1952 3927 cst
1979 3873 2324 3942 principium,
2370 3874 2458 3942 qui
2488 3873 2943 3928 sanctiﬁcationis
2989 3873 3194 3941 Spiritu
3247 3875 3311 3925 ad
3360 3875 3440 3925 in-

1868 3963 2270 4031 corruptionem
2309 3965 2602 4018 secuudum
2648 3963 2792 4017 illius
2815 3964 3103 4032 imaginem
3140 3979 3234 4030 per
3264 3965 3438 4031 ipsum

1871 4053 2256 4119 reformantur,
2299 4056 2627 4110 constitutus
2678 4063 2782 4109 est.
2827 4054 2920 4107 Est
2963 4056 3144 4120 itaque
3195 4065 3436 4109 nostrum

1869 4145 1957 4201 ille
1994 4146 2340 4216 principium,
2389 4147 2490 4200 hoc
2521 4155 2602 4200 est
2635 4155 2817 4215 caput,
2863 4155 3132 4214 quatenus
3168 4146 3326 4197 homo
3355 4160 3440 4213 ap-

1869 4238 2047 4306 paruit
2079 4254 2092 4290 :
2128 4237 2292 4290 habet
2321 4235 2670 4290 nihilominus
2699 4245 2752 4289 et
2776 4235 2890 4304 ipse
2912 4248 3125 4302 quoque
3155 4245 3339 4302 caput,
3383 4245 3439 4286 ut

1871 4338 2064 4382 natura
2101 4327 2240 4380 Deus
2286 4336 2390 4389 est,
2438 4341 2632 4395 nempe
2667 4326 2940 4380 emlestem
2972 4324 3188 4379 Patrem
3226 4342 3238 4377 :
3268 4341 3330 4378 ex
3373 4339 3438 4377 eo

1869 4433 2104 4486 namque
2144 4418 2380 4473 Verbum
2421 4419 2558 4472 Deus
2583 4420 2876 4483 exsistens,
2926 4417 3250 4472 naturaliter
3294 4419 3438 4486 geni-

193 4505 418 4572 ἐμπεδοί
451 4504 550 4573 τὴν
592 4503 847 4574 ἀλήθειαν
884 4502 992 4554 τῶν
1019 4503 1394 4566 ὲνδοιαζόντων
1418 4504 1504 4555 τὸν
1533 4504 1657 4556 νοῦν
1681 4505 1760 4565 τὸ,

1878 4521 1980 4563 tum
2007 4520 2110 4564 est.
2145 4510 2295 4576 Quod
2334 4520 2510 4563 autem
2543 4511 2678 4564 idem
2711 4512 2779 4566 sit
2813 4520 2994 4579 caput,
3025 4511 3164 4577 quod
3203 4511 3433 4572 initium,

194 4593 436 4662 κεφαλὴν
468 4592 721 4661 λέγεσθαι
749 4592 840 4643 τὸν
875 4591 1042 4661 ἄνδρα
1089 4592 1184 4661 τῆς
1230 4593 1512 4660 γυναικός’
1556 4595 1763 4664 ἐλήφθη

195 4703 214 4751 ’ς
232 4686 300 4752 ἀρ
329 4684 388 4747 ἐξ
411 4683 594 4738 αὑτοῦ.
623 4679 717 4746 Εἷς
746 4684 855 4751 ἀρα
885 4682 1118 4752 Χριστὸς
1152 4685 1243 4736 καὶ
1265 4683 1389 4746 Υἱὸς
1417 4685 1510 4736 καὶ
1539 4685 1762 4753 Κύριος,

192 4779 219 4825 ό
256 4774 493 4843 κεφαλὴν
534 4773 811 4843 ἔχων,ὡς’
841 4773 970 4836 Θεὸς
1017 4773 1155 4826 κατά
1201 4773 1380 4841 φύσιν,
1424 4773 1515 4826 τὸν
1553 4776 1611 4825 ἐν
1654 4777 1765 4836 τοῖς

193 4865 441 4932 οὐρανοῖς
473 4862 711 4933 Πατέρα,
740 4861 976 4930 γεγονὼς
1007 4863 1064 4916 δὲ
1094 4865 1224 4932 ἡμῖν
1255 4864 1457 4934 κεφαλὴ
1487 4863 1572 4917 διά
1596 4881 1675 4916 τοι
1704 4863 1764 4915 τὸ

193 4954 333 5007 κατά
362 4955 540 5024 σάρκα
571 4953 849 5022 συγγενές.

268 5251 289 5288 ι
334 5238 423 5302 ς’.
466 5235 765 5288 Γινώσκετε
798 5237 904 5303 γὰρ
935 5235 1027 5304 τὴν
1062 5237 1216 5304 χάριν
1246 5235 1336 5287 τοῦ
1369 5238 1571 5307 Κυρίου
1602 5239 1755 5307 ἡμῶν

205 5326 376 5395 Ἰησοὖ
431 5325 686 5394 Χριστοῦ,
721 5326 801 5376 ὅτι
843 5325 908 5377 δι’
939 5327 1079 5395 ὑμᾶς
1121 5327 1453 5396 ἐπτώχευσε,
1502 5326 1754 5390 πλούσιος

191 5416 284 5475 ων,
339 5417 425 5467 ἵνα
474 5417 630 5484 ὑμεῖς
676 5417 741 5484 τῇ
787 5416 992 5468 ἐκείνου
1045 5416 1282 5486 πτωχείᾳ
1328 5417 1679 5487 πλουτήσητε.
1730 5438 1748 5470 ι

196 5506 383 5576 Ἃθρει
405 5506 466 5576 δή
497 5523 586 5575 μοι
615 5504 709 5558 καὶ
742 5506 882 5574 μάλα
918 5507 1101 5572 σαφῶς
1123 5507 1178 5560 ἕν
1200 5525 1259 5571 γε
1285 5509 1516 5560 τουτοισὶ
1548 5509 1753 5578 καὶτῆς

191 5598 336 5661 θείας
363 5616 422 5651 τε
453 5598 544 5651 καὶ
563 5597 837 5669 ἀκηράτου
863 5597 1071 5667 φύσεως
1094 5599 1190 5671 τὴν
1212 5600 1500 5670 ὑπεροχὴν,
1535 5601 1625 5652 καὶ
1649 5594 1752 5654 τῶν

261 5776 303 5806 ³³
331 5775 474 5831 l‘sal.
512 5792 678 5842 LXVII.
720 5777 802 5834 l2.
877 5778 920 5809 ⁷³
954 5776 1101 5832 lCor
1162 5796 1238 5845 λι,
1265 5779 1315 5833 5.

1394 5781 1431 5810 ⁷⁵
1462 5780 1480 5833 l
1506 5780 1626 5835 Cor.
1665 5795 1751 5848 xv,
1771 5781 1854 5835 47.

1867 4599 1950 4654 vel
1975 4617 2137 4653 unum
2170 4603 2269 4655 hoc
2293 4599 2668 4653 fluctuantium
2699 4603 2909 4654 animus
2935 4601 3020 4654 hic
3042 4601 3231 4654 sedare
3252 4610 3430 4668 queat,

1864 4693 2006 4760 quod
2040 4692 2121 4744 vir
2170 4692 2413 4745 mulieris
2462 4702 2623 4759 caput
2658 4707 2776 4745 esse
2828 4691 3223 4760 perhibeatur:
3260 4708 3324 4745 ex
3369 4707 3434 4745 eo

1861 4784 2004 4838 enim
2049 4795 2259 4850 sumpta
2296 4792 2379 4835 est
2417 4782 2528 4834 illa.
2570 4783 2723 4838 Unus
2770 4784 2950 4852 itaque
2986 4794 3072 4837 est
3101 4782 3348 4836 Christus
3381 4793 3433 4836 et

1861 4875 2030 4930 Filius
2077 4886 2130 4928 et
2176 4875 2436 4928 Dominus
2466 4892 2478 4928 :
2508 4874 2597 4943 qui
2642 4874 2859 4942 quidem
2914 4885 2968 4928 ut
3017 4886 3208 4928 natura
3268 4876 3426 4936 Deus,

1867 4975 2026 5034 caput
2071 4967 2232 5020 habet
2277 4965 2489 5020 Patrem
2537 4966 2629 5035 qui
2680 4977 2763 5020 est
2813 4967 2864 5020 in
2913 4967 3066 5021 cmlis
3096 4984 3108 5020 :
3138 4966 3311 5020 factus
3350 4978 3429 5020 est

1866 5067 2046 5110 autem
2082 5057 2236 5110 nobis
2266 5067 2425 5126 caput
2461 5068 2678 5127 propter
2708 5068 2997 5127 assumpta:
3022 5059 3203 5112 carnis
3231 5073 3428 5125 cogna-

1865 5148 2085 5200 tionem.

1936 5235 2026 5290 Vl.
2075 5256 2091 5288 ι
2124 5237 2286 5292 Scitis
2335 5241 2476 5292 enim
2534 5241 2762 5309 gratiam
2824 5242 3028 5295 Domini
3087 5241 3253 5295 nostri
3300 5240 3424 5294 Jesu

1864 5329 2099 5394 Christi;
2152 5330 2406 5397 quoniam
2458 5342 2676 5399 propter
2720 5347 2814 5385 vos
2860 5345 3059 5400 egenus
3102 5332 3272 5385 iactus
3320 5344 3421 5395 est,

1862 5435 1981 5472 cum
2029 5430 2171 5473 esset
2219 5421 2389 5484 dives,
2430 5431 2487 5473 ut
2522 5421 2662 5473 illius
2702 5421 2875 5488 inopia
2922 5438 3012 5474 vos
3046 5423 3238 5474 divites
3281 5438 3421 5475 esse-

1863 5511 2011 5564 tis”.
2047 5531 2064 5561 ι
2100 5511 2333 5566 Observa
2369 5515 2453 5567 hic
2487 5514 2628 5568 clare
2657 5515 2810 5584 132
2839 5527 2890 5568 et
2922 5516 3114 5570 divina:
3147 5517 3420 5567 immorta-

1862 5605 2034 5674 lisque
2065 5617 2265 5659 natm-ae
2302 5608 2664 5672 eminentiam,
2697 5620 2747 5660 ct
2775 5609 3025 5661 humilem
3073 5624 3282 5663 rursum
3320 5611 3419 5662 htt-

1934 5784 1976 5816 ⁷³
2014 5781 2057 5834 ll
2088 5784 2210 5839 Cor.
2243 5801 2330 5836 Vill
2382 5783 2432 5836 9.
