4092 6334
687 356 824 411 1⁸545

1655 353 1712 409 S.
1752 354 2019 410 CYRILLI
2057 354 2519 412 ALEXANDRINI
2556 356 2871 411 ARCHIEP.

3771 358 3792 411 1
3809 353 3920 412 541

689 482 860 519 manu:
897 475 1103 521 natura:
1138 466 1524 532 conditionem,
1567 483 1631 522 ac
1662 480 1921 539 praeterea
1958 471 2240 539 utriusque

2355 471 2438 540 τῆς
2471 470 2883 539 ἀνθρωπότητος
2917 470 3124 539 μέτρων
3142 468 3203 521 τὸ
3230 467 3537 536 ὑφειμένον,
3567 467 3660 519 καί¹
3693 468 3924 536 προσέτι

686 560 1005 619 unitionem,
1040 574 1105 613 eo
1141 559 1284 626 quod
1324 556 1646 626 Unigcnitns
1676 558 1817 613 ultro
1851 562 1916 612 ad
1957 564 2092 614 hanc
2125 574 2244 613 sese

685 650 921 704 demisit.
964 650 1225 715 Quoniam
1271 659 1330 703 ut
1362 649 1661 703 divinitatis
1706 665 1835 719 opes
1876 665 2089 704 omnem
2122 664 2244 703 ora-

686 742 847 795 tionis
888 741 997 792 vim
1036 752 1089 795 et
1129 741 1337 809 copiam
1375 738 1529 809 longe
1573 750 1852 808 superant,
1899 742 1971 794 ita
2016 741 2244 793 lmmana

687 838 872 880 natura
917 829 1205 881 admodum
1254 828 1407 895 inops
1456 836 1512 880 et
1556 842 1724 897 egena
1778 837 1893 891 est;
1927 829 2122 897 quippe
2159 826 2245 881 cui

684 918 887 980 omnia,
917 914 1177 986 quidquid
1218 918 1433 971 tandem
1478 918 1530 971 in
1566 918 1726 971 bOnis
1761 918 1944 980 habet,
1978 918 2190 971 caelitus
2215 933 2243 969 a

683 1007 795 1060 Deo
829 1007 1069 1075 impensa
1102 1008 1210 1061 sint
1241 1024 1256 1061 :
1282 1018 1332 1062 et
1362 1017 1485 1063 ante
1515 1009 1696 1062 omnia
1733 1008 1869 1063 illud
1902 1024 2021 1064 esse
2048 1008 2242 1078 ipsum,

682 1111 789 1161 quo
830 1098 1076 1159 exsistit;
1133 1112 1256 1151 nam
1304 1114 1425 1153 cum
1474 1099 1766 1168 aliquando
1812 1114 1916 1153 non
1960 1108 2123 1164 esset,
2180 1101 2245 1153 ad

684 1186 1056 1241 exsistentiam
1098 1203 1126 1239 a
1180 1186 1289 1241 Deo
1339 1198 1560 1243 evocata
1619 1198 1721 1244 est.
1775 1189 1876 1256 Qui
1924 1204 2055 1258 ergo
2101 1189 2249 1243 dives

684 1289 804 1330 erat
840 1288 894 1331 ut
944 1278 1103 1344 Deus,
1145 1280 1192 1334 is
1228 1288 1418 1349 sponte
1462 1293 1687 1349 egenus,
1731 1282 2011 1350 nostrique
2058 1280 2247 1336 similis

686 1365 860 1421 factus
888 1377 991 1431 est,
1025 1385 1131 1439 quo
1169 1370 1403 1424 humana
1433 1380 1622 1423 natura
1657 1372 1710 1423 in
1742 1371 1853 1435 illo,
1886 1372 1953 1426 ad
1983 1371 2249 1427 excellen-

685 1457 772 1509 tia:
815 1458 1008 1513 divinae
1051 1458 1326 1531 fastigium
1359 1471 1569 1525 evecta,
1602 1463 1933 1530 paupertatis
1969 1462 2241 1517 confusio.

686 1562 806 1601 nem
838 1556 1081 1605 exueret.
1113 1567 1132 1602 ι
1163 1549 1633 1606 Conresuscitavit
1658 1552 1828 1617 enim,
1864 1562 1920 1606 et
1952 1553 2251 1608 consedere

682 1652 783 1691 nos
810 1636 936 1692 fecit
963 1638 1105 1697 Deus
1124 1637 1283 1696 Pater
1304 1642 1358 1695 in
1391 1642 1706 1697 ctrlestibus
1726 1642 1779 1696 in
1801 1643 2017 1699 Christo
2041 1643 2191 1707 Jesu,
2226 1664 2243 1695 ι

686 1737 743 1783 ut
770 1730 1029 1799 scriptum
1053 1740 1135 1785 est
1157 1732 1226 1785 ⁷⁸.
1265 1732 1427 1802 Atqui
1456 1748 1792 1802 nequaquam
1820 1734 1926 1789 huc
1958 1736 2130 1791 evecti
2157 1751 2245 1791 es-

2349 562 2519 630 τούτῳ
2540 560 2635 629 τὴν
2665 561 2863 629 ἀμφοῖν
2891 551 2969 621 είς
2990 561 3214 630 ἑνότητα
3243 560 3531 629 σύμϐασιν,
3563 558 3752 610 ἑαυτὸν
3780 558 3921 610 καθ-

2350 650 2499 712 έντος
2536 652 2615 711 είς
2654 649 2813 702 τοῦτο
2872 649 2965 702 τοῦ
3003 646 3357 715 Μονογενοῦς.
3392 644 3580 715 Οὐδεὶς
3610 646 3715 715 γὰρ
3758 646 3923 713 λόγος

2348 739 2783 810 διερμηνεύσειεν
2812 739 2876 792 ἂν
2906 739 2995 791 τὸν
3024 741 3123 808 τῇς
3152 738 3403 808 θεότητος
3434 736 3660 789 πλοῦτον
3678 751 3693 768 ·
3726 737 3925 805 πτωχὴ

2349 833 2406 884 δὲ
2458 833 2578 885 λίαν
2618 833 2652 902 ή
2696 830 3064 902 ἀνθρωπότης,
3193 828 3368 881 πάντα
3399 826 3516 879 ἐστὶ
3560 826 3814 879 θεόσδοτα
3860 843 3925 877 τε

2352 923 2445 975 καὶ
2470 921 2695 984 ἀνωθεν,
2743 921 2833 972 καὶ
2872 919 3002 973 αὐτὸ
3031 919 3088 972 δὲ
3132 917 3238 988 πρὸ
3276 916 3495 971 πάντων
3523 916 3585 967 τὸ
3626 911 3798 968 εἶναι·
3830 916 3926 968 κέ-

2352 1014 2544 1083 κληται
2574 1012 2681 1082 γὰρ
2711 1012 2858 1082 παρά
2891 1010 2987 1065 τοῦ
3026 1011 3161 1064 Θεοὺ
3188 1011 3323 1080 πρὸς
3354 1008 3603 1079 ὕπαρξιν,
3640 1010 3739 1061 οὐκ
3783 1004 3929 1062 οὖσά

2354 1118 2502 1158 ποτε.
2558 1103 2694 1156 Ἀλλ’
2724 1105 2752 1156 ό
2802 1101 3051 1165 πλούσιος
3094 1101 3169 1165 ὡς
3209 1100 3360 1165 Θεὸς,
3416 1098 3696 1170 ἐθελοντὴς
3740 1098 3926 1152 ἐπτώ-

2352 1209 2533 1263 χευσε,
2565 1194 2659 1247 καὶ⁵
2684 1193 2873 1262 γέγονε
2906 1194 3028 1247 καθ’
3052 1191 3216 1263 ἡμᾶς·
3250 1191 3338 1246 ἵνα
3360 1189 3544 1245 λοιπὸν
3572 1192 3604 1260 ἡ
3635 1189 3925 1261 ἀνθρώπου

2354 1280 2533 1349 φύσις,
2567 1284 2623 1334 ὲν
2650 1284 2762 1344 τοῖς
2784 1282 2882 1350 τῆς
2906 1279 3055 1344 θείας
3091 1279 3363 1351 ὑπεροχῆς
3385 1280 3674 1350 ὑψώμασιν
3704 1279 3761 1332 ὲν
3787 1280 3927 1348 Χριο

2354 1373 2463 1444 στῷ
2504 1374 2788 1444 γενομένη,
2838 1373 2900 1426 τὸ
2939 1372 3039 1443 τῆς
3086 1372 3357 1441 πτωχείας
3387 1367 3572 1441 αἶσχος
3615 1370 3929 1424 ἀποσκευά-

2290 1468 2297 1475 ’
2352 1461 2517 1525 ζοιτο.
2558 1479 2576 1512 ι
2614 1462 2904 1532 Συνήγειρε
2940 1461 3049 1532 γὰρ
3094 1462 3240 1530 ἡμᾶς
3283 1461 3312 1511 ό
3358 1458 3490 1523 Θεὸς
3520 1460 3610 1513 καὶ
3643 1459 3832 1530 Πατὴρ
3867 1462 3926 1513 ὲν

2354 1549 2592 1621 Χριστῷ,
2623 1550 2719 1603 καὶ
2749 1550 3099 1603 συνεκάθισεν
3123 1550 3183 1602 ἐν
3207 1551 3319 1612 τοῖς
3345 1548 3742 1619 ὲπουρανίοις,›
3777 1549 3925 1602 καθά

2352 1643 2678 1713 γέγραπται.
2739 1641 2877 1695 Ἀλλ’
2906 1640 3006 1694 οὔκ
3049 1640 3116 1695 ἂν
3163 1640 3465 1710 γεγόναμεν
3513 1642 3570 1692 ὲν
3611 1639 3842 1704 τούτοις,
3877 1643 3927 1691 εί

2358 1733 2432 1804 μὴ
2464 1732 2562 1802 τὴν
2592 1731 2974 1802 πτωχεύουσαν
3002 1732 3314 1802 ἠμπέσχετο
3333 1730 3497 1799 φύσιν
3518 1730 3549 1782 ό
3566 1730 3816 1793 πλούσιος
3850 1732 3927 1791 ὡς

684 1834 885 1885 seruus,
921 1821 1023 1874 nisi
1053 1822 1206 1876 dives
1240 1834 1299 1876 ut
1328 1822 1490 1887 Deus,
1524 1839 1814 1892 pauperem
1848 1833 2008 1894 atque
2036 1826 2247 1894 inopem

2355 1822 2504 1885 Θεὸς.
2536 1820 2609 1874 Ού
2633 1821 2740 1890 γάρ
2760 1839 2862 1874 που
2884 1824 3249 1892 πτωχεύσειεν
3276 1820 3342 1876 ἂν
3374 1824 3402 1874 ὁ
3427 1821 3569 1874 κατά
3598 1820 3758 1889 φύσιν
3787 1820 3927 1872 ἰδίαν

683 1919 924 1964 nostram
954 1920 1202 1965 naturam
1235 1912 1516 1968 induisset.
1558 1911 1741 1981 Neque
1768 1915 1911 1968 enim
1949 1916 2248 1971 bomocum

684 2011 876 2072 suapte
908 2012 1100 2056 natura
1133 2019 1334 2073 pauper
1364 2006 1457 2071 sit,
1504 2006 1661 2077 inops
1691 2007 1804 2061 ﬁeri
1844 2017 1991 2063 recte
2016 2009 2247 2064 dicitur:

684 2093 787 2145 hoc
816 2103 997 2147 autem
1050 2095 1124 2149 illi
1158 2098 1547 2152 convenienter
1598 2114 1695 2152 usu
1724 2099 1940 2153 venisse
1972 2102 2249 2165 asseritur,

683 2183 774 2251 qui
805 2183 938 2238 citra
979 2200 1198 2241 omnem
1236 2190 1667 2243 controversiam
1710 2191 1857 2244 dives
1889 2201 1992 2254 est,
2030 2192 2130 2245 hoc
2169 2202 2251 2247 est

684 2272 773 2325 Dei
809 2271 982 2327 Patris
1019 2272 1275 2340 Verbum,
1313 2284 1664 2347 posteaquam
1704 2279 1861 2331 homo
1905 2280 2071 2334 nostri
2104 2281 2252 2334 simi-

680 2363 748 2417 lis
777 2364 977 2417 l'actum
1013 2376 1113 2419 est.
1148 2366 1299 2422 Unus
1345 2368 1527 2437 itaque
1573 2379 1655 2423 est
1682 2369 1931 2424 Christus
1967 2379 2019 2423 et
2057 2367 2247 2425 Filius.

745 2452 852 2509 Vll.
901 2472 919 2506 ι
951 2454 1201 2511 Christus
1244 2471 1342 2512 nos
1393 2461 1623 2513 redemit
1664 2464 1727 2513 de
1764 2462 2049 2514 maledicto
2091 2461 2248 2531 legis,

680 2546 857 2598 factus
899 2560 996 2614 pro
1040 2548 1194 2601 nobis
1243 2550 1588 2603 maledictum
1620 2568 1633 2603 :
1662 2552 1783 2616 quia
1823 2553 2080 2619 scriptum
2115 2561 2245 2606 est:

683 2633 993 2689 Maledictus
1026 2638 1204 2691 omnis
1234 2638 1325 2707 qui
1356 2640 1556 2707 pendet
1588 2641 1640 2693 in
1673 2641 1817 2709 ligno
1840 2641 1908 2693 ⁷⁷.
1948 2659 1964 2692 ι
2007 2640 2117 2695 Lex
2157 2655 2249 2697 eos

678 2723 1043 2781 ntaledictioni
1085 2727 1351 2783 obnoxios
1382 2729 1725 2796 decernebat,
1753 2731 1843 2799 qui
1888 2731 1937 2784 in
1967 2741 2247 2799 peccatum

678 2824 770 2869 aut
813 2818 1313 2884 praevaricationem
1356 2819 1736 2874 incurrissent.
1774 2819 1844 2872 At
1886 2835 2014 2873 vero
2045 2820 2247 2887 peccati

678 2904 917 2969 nescius,
967 2906 1071 2960 hoc
1110 2916 1193 2961 est
1236 2907 1505 2972 Christus,
1551 2909 1734 2976 iniqua
1785 2908 2049 2960 sententia
2094 2908 2144 2959 in
2194 2922 2251 2960 se

678 3004 925 3062 excepta,
976 2995 1157 3049 crucis
1202 2996 1524 3064 supplicium
1580 2996 1767 3059 subiit,
1808 3010 1982 3062 eaque
2011 2995 2247 3064 pertulit,

2352 1912 2647 1983 πτωχεύων
2666 1913 2970 1984 ἄνθρωπος.
3000 1913 3171 1968 Πάθοι
3197 1914 3243 1967 δ’
3267 1914 3333 1967 ἀν
3362 1912 3516 1966 τοῦτο
3546 1913 3921 1982 πρεπωδέστε-

2356 2022 2447 2074 ρον
2477 2006 2504 2056 ὁ
2532 2003 2784 2066 πλούσιος
2813 2003 3048 2074 ἀληθῶς,
3075 2005 3352 2058 τουτέστιν
3381 2005 3409 2055 ό
3434 2004 3497 2055 ἐκ
3533 2000 3669 2055 Θεοῦ
3709 2002 3927 2072 [ἰατρὸς

2352 2094 2541 2163 Λόγος,
2572 2096 2661 2149 ὅτε
2690 2095 2879 2163 γέγονε
2913 2094 3033 2149 καθ’
3063 2098 3233 2166 ἡμᾶς.
3262 2092 3358 2160 Εἷς
3398 2086 3494 2148 οὖν
3520 2093 3628 2166 ἄρα
3670 2095 3791 2148 ἐστὶ
3830 2096 3927 2147 καὶ

2353 2184 2587 2259 Χριστὸς
2614 2189 2708 2240 καὶ
2732 2184 2877 2251 Υίός.

2426 2477 2444 2509 ι
2489 2456 2559 2509 Ζ⁸.
2602 2454 2835 2527 Χριστὸς
2864 2457 3015 2525 ἡμᾶς
3058 2453 3394 2526 ἐξηγόρασεν
3434 2453 3499 2507 ἐκ
3546 2454 3642 2523 τῆς
3678 2453 3925 2522 κατάρας

2349 2548 2442 2601 τοὺ
2488 2550 2673 2616 νόμου,
2711 2532 2998 2614 γενόμενος
3050 2545 3192 2615 ὑπὲρ
3245 2544 3401 2615 ήμῶν
3436 2547 3668 2616 κατάρα.
3715 2547 3926 2617 Γέγρα-

2353 2655 2481 2691 πται
2515 2638 2641 2705 γάρ·
2691 2636 3113 2704 Ἐπικατάρατος
3145 2637 3252 2698 πᾶς
3279 2637 3308 2689 ὁ
3337 2636 3679 2707 κρεμάμενος
3710 2636 3806 2697 ἐπὶ
3832 2636 3927 2703 ξύ*

2349 2730 2464 2781 λου.
2501 2745 2519 2778 ι
2553 2725 2656 2778 Τοῦ
2687 2724 2909 2793 νομικοῦ
2939 2725 3265 2797 γράμματος
3297 2726 3568 2798 ιπάρατον
3596 2728 3927 2797 ἀποφαίνον-

2349 2836 2440 2880 τος
2492 2817 2584 2868 τὸν
2634 2817 2690 2867 ὲν
2731 2814 3037 2883 παραϐάσει
3103 2818 3195 2868 καὶ
3245 2817 3508 2886 ἁμαρτίᾳ,
3555 2817 3584 2867 ὁ
3641 2816 3716 2887 μὴ
3768 2815 3927 2878 εἰδὼς

2352 2906 2645 2977 ἁμαρτίαν,
2696 2906 2941 2957 τουτέστι
2990 2906 3243 2975 Χριστὸς,
3282 2908 3637 2976 ὑπενηνεκται
3666 2909 3733 2975 τῇ
3776 2908 3925 2975 δίκῃ,

2351 2995 2531 3067 ψῆφον
2574 2994 2757 3049 ἄδικον
2795 2994 3111 3063 ὑπομείνας,
3158 2995 3252 3047 καὶ
3283 2994 3352 3046 τὰ
3402 2995 3514 3056 τοῖς
3544 2995 3600 3045 ὲν
3634 2994 3744 3064 ἀρᾷ
3790 2995 3929 3064 πρέ-

677 3097 801 3150 quae
855 3084 1145 3139 maledicto
1186 3085 1464 3140 obstrictis
1499 3086 1622 3155 jure
1665 3087 2032 3151 debebantur;
2071 3087 2248 3153 utqui

2355 3104 2522 3140 ποντα
2554 3084 2759 3139 παθώνο
2790 3083 3043 3138 ἴναότῶν
3070 3086 3206 3139 ὅλων
3229 3084 3503 3149 ἀντάξιος,
3538 3084 3676 3152 ὑπὲρ
3708 3085 3931 3139 πάντων

681 3176 1059 3229 universorum
1080 3178 1313 3251 pretium
1333 3177 1673 3246 exaequabat,
1689 3178 2062 3233 universorum
2087 3192 2248 3232 causa

2358 3176 2663 3243 ἀποθανὼν,
2710 3180 2807 3247 τῆς
2839 3177 3096 3231 ἀπάντων
3134 3175 3416 3239 ἀπειθείας
3461 3175 3599 3248 λύσῃ
3631 3178 3698 3227 τά
3732 3175 3934 3244 ἐγκλή-

681 3274 910 3318 mortem
949 3282 1257 3335 perpessus,
1300 3270 1583 3323 universos
1628 3268 1701 3321 ab
1733 3269 2106 3324 iuobedientiae
2153 3270 2254 3324 cri-

680 3355 1177 3423 mineexsolveret,
1213 3368 1267 3413 et
1295 3360 1478 3414 orbem
1505 3359 1823 3415 universum
1858 3376 1957 3416 suo
1989 3362 2252 3431 sanguine

684 3447 997 3503 redimeret.
1026 3448 1297 3507 Caeterum
1329 3452 1559 3522 pretium
1595 3467 1692 3521 pro
1723 3454 2097 3508 universorum
2126 3471 2249 3523 pec-

680 3541 821 3593 catis
847 3556 991 3596 unus
1011 3528 1364 3613 nequaquam
1403 3545 1776 3613 persolvisset,
1818 3546 1864 3600 si
1899 3562 2063 3617 purus
2091 3547 2251 3603 homo

682 3638 891 3685 tantum
946 3635 1267 3689 exstitisset.
1321 3635 1474 3701 Quod
1525 3636 1570 3689 si
1624 3645 1683 3688 ut
1721 3634 1864 3691 Deus
1915 3640 2248 3705 incarnatus,

685 3723 1011 3793 propriaque
1045 3726 1097 3779 in
1131 3740 1305 3780 carne
1323 3738 1551 3784 mortem
1585 3744 1881 3798 perpessus
1911 3739 2089 3782 mente
2116 3744 2250 3784 con-

682 3812 937 3883 cipiatur,
971 3816 1222 3872 universa
1254 3828 1499 3873 creatura
1547 3819 1818 3873 modicum
1848 3822 1973 3888 quid
2011 3822 2113 3874 erit
2150 3822 2247 3889 ipsi

2359 3289 2529 3342 ματα,
2558 3270 2649 3324 καὶ
2676 3270 2925 3341 ἀγοράσῃ
2958 3269 3056 3339 τὴν
3087 3268 3178 3322 ὑπ’
3206 3267 3433 3337 οὐρανὸν
3461 3268 3652 3337 αἵματι
3682 3265 3761 3336 τῷ
3792 3266 3930 3335 ἰδίῳ.

2355 3362 2557 3418 Οὐκ-ἂν
2583 3356 2675 3414 οὖν
2714 3361 2933 3427 γέγονεν
2963 3353 3041 3421 εἷς
3072 3360 3324 3412 ἀπάντων
3370 3356 3636 3421 ἀντάξιος,
3672 3356 3833 3424 εἴπερ
3864 3350 3935 3424 ἦν

2354 3455 2637 3525 ἄνθρωπος
2666 3451 2869 3513 ἁπλῶς.
2911 3452 2973 3503 Εἰ
3000 3451 3055 3503 δὲ
3101 3450 3165 3520 δὴ
3201 3453 3370 3503 νοοῖτο
3413 3450 3542 3512 Θεὸς
3574 3447 3934 3517 ἐνηνθρωπηο

2354 3546 2485 3609 κὼς,
2515 3544 2607 3597 καὶ
2639 3543 2802 3612 σαρκὶ
2826 3544 2892 3611 τῇ
2928 3542 3035 3611 ἰδίᾳ
3078 3540 3285 3606 παθὼν,
3326 3541 3481 3608 ὀλίγη
3522 3540 3657 3609 πρὸς
3690 3538 3853 3590 αὑτὸν
3898 3539 3933 3605 ἠ

2357 3640 2618 3709 σύμπασα
2655 3636 2850 3699 κτίσις,
2887 3636 2979 3688 καὶ
3013 3636 3226 3704 ἀπόχρη
3264 3634 3397 3702 πρὸς
3450 3632 3646 3700 λύτρον
3685 3630 3786 3698 τῆς
3838 3630 3934 3683 ὑπ’

2355 3728 2580 3800 οὐρανὸν
2608 3728 2636 3778 ό
2684 3726 2812 3794 μιᾶς
2843 3725 3044 3794 σαρκὸς
3070 3724 3327 3785 θάνατος·
3372 3724 3478 3775 ἰδία
3507 3723 3615 3792 γὰρ
3642 3717 3710 3791 ἦν
3738 3720 3835 3773 τοῦ
3868 3722 3933 3772 ὲκ

2355 3817 2490 3873 Θεοῦ
2520 3817 2732 3888 Πατρός
2762 3816 2956 3883 φύντος
2988 3817 3184 3883 Λόγου.

681 3913 1025 3971 comparata;
1060 3914 1222 3974 atque
1270 3908 1404 3962 adeo
1441 3908 1509 3961 ad
1553 3908 1773 3961 humani
1847 3909 2063 3977 generis
2128 3910 2503 3965 liberationem
2546 3908 2704 3961 unius
2732 3904 2914 3959 carnis
2944 3920 3091 3959 mors
3159 3902 3371 3959 abunde
3417 3913 3501 3957 sat
3531 3902 3735 3958 fuerit:
3802 3917 3932 3969 pro-

682 3997 799 4063 pria
835 3998 979 4051 enim
1007 4008 1126 4053 erat
1155 4000 1343 4065 Verbi,
1373 4002 1517 4070 quod
1552 4018 1619 4057 ex
1650 4003 1759 4057 Deo
1784 4013 1972 4057 natum
2004 4012 2109 4058 est.

753 4085 889 4142 γιιι.
937 4108 956 4141 ι
988 4089 1123 4143 Eum
1155 4102 1333 4145 autem
1375 4093 1466 4162 qui
1496 4094 1707 4148 modico
1733 4110 1897 4163 quam
1932 4095 2106 4165 angeli
2150 4095 2252 4148 mi-

2438 4112 2457 4144 ι
2502 4094 2583 4146 H'.
2607 4093 2713 4144 Τὸν
2740 4090 2797 4143 δὲ
2831 4090 3001 4162 βραχύ
3025 4108 3075 4144 τι
3102 4088 3231 4160 παρ’
3259 4088 3522 4156 ἀγγέλους
3550 4086 3933 4155 ἠλαττωμένον

684 4184 908 4234 noratus
966 4190 1085 4246 est,
1139 4182 1386 4237 videmus
1433 4181 1615 4238 Jesum
1670 4196 1892 4254 propter
1948 4187 2250 4255 passionem

2362 4186 2631 4257 βλέπομεν
2674 4182 2901 4252 Ἰησοῦν,
2934 4182 3022 4235 διὰ
3049 4182 3110 4235 τὸ
3151 4180 3387 4249 πάθημα
3404 4180 3503 4233 τοῦ
3526 4178 3778 4237 θανάτου,
3804 4175 3934 4246 δόξῃ

687 4270 899 4338 mortis,
931 4272 1100 4341 gloria
1144 4285 1198 4327 et
1228 4274 1435 4330 honore
1470 4287 1826 4335 coronatum:
1871 4288 1927 4332 ut
1957 4277 2129 4348 gratia
2164 4276 2250 4331 Dei

2362 4278 2453 4331 καὶ
2496 4280 2631 4347 τιμῇ
2682 4273 3143 4343 ἐστεφανωμένον,
3188 4272 3333 4335 ὅπως
3382 4272 3564 4341 χάριτι
3615 4267 3747 4322 Θεοῦ
3792 4267 3931 4339 ὑπὲρ

681 4374 783 4432 pro
834 4364 1085 4418 omnibus
1134 4374 1378 4435 gustaret
1406 4366 1562 4437 133
1603 4378 1831 4423 mortem
1856 4370 1923 4422 ⁷⁸.
1960 4388 1979 4421 ι
2034 4368 2250 4423 Divinns

2361 4368 2560 4429 παντὸς
2589 4365 2853 4435 γεύσηται
2881 4362 3132 4418 θανάτου.
3175 4380 3197 4414 ι
3237 4362 3294 4413 ⁸0
3322 4359 3379 4413 δὲ
3408 4360 3692 4423 θεσπέσιος
3724 4357 3936 4420 Παῦλος

686 4450 881 4505 Paulus
931 4453 1042 4507 limo
1091 4469 1305 4507 rursum
1357 4456 1425 4510 de
1467 4457 1685 4511 Christo
1727 4458 1967 4512 omnium
2013 4470 2250 4513 nostrum

2359 4465 2482 4523 τοὺς
2512 4457 2748 4529 περὶτοῦ
2780 4455 2997 4508 πάντων
3024 4454 3181 4525 ἡμῶν
3212 4453 3460 4524 Σωτῆρος
3488 4449 3723 4524 Χριστοῦ
3753 4448 3937 4501 ποιού-

684 4541 968 4595 Salvatore
1004 4557 1395 4599 commemorat
1425 4565 1437 4599 :
1471 4566 1489 4599 ι
1520 4547 1653 4603 Cum
1684 4549 2124 4618 primogenitum,
2158 4553 2253 4616 ait,

686 4634 981 4689 introducit
1015 4635 1066 4687 in
1112 4636 1301 4689 orbem
1332 4646 1509 4702 terra},
1551 4638 1724 4693 dicit:
1766 4639 1833 4693 Et
1864 4640 2090 4693 adorent
2133 4656 2259 4694 eum

684 4739 873 4780 omnes
922 4726 1099 4795 angeli
1147 4727 1240 4780 Dei
1261 4728 1331 4782 ⁷⁸.
1364 4746 1383 4779 ι
1434 4729 1500 4783 Et
1532 4731 1769 4786 iterum:
1806 4748 1826 4783 ι
1858 4732 1957 4799 Qui
2013 4748 2136 4786 cum
2184 4734 2257 4786 sit

687 4815 942 4882 splendor
972 4818 1176 4887 gloriae,
1212 4828 1263 4872 et
1294 4818 1462 4887 figura
1490 4820 1807 4876 substantiae
1835 4823 1974 4892 eius,
2006 4832 2259 4892 portans-

688 4922 795 4975 que
838 4910 1017 4962 omnia
1065 4911 1231 4966 verbo
1275 4913 1497 4966 virtutis
1538 4927 1669 4978 suae,
1718 4916 2093 4984 purgationem
2134 4930 2259 4983 pec—

690 5007 933 5051 catorum
988 5012 1299 5056 nostrorum
1352 5003 1594 5069 faciensl,
1649 5006 1801 5060 sedet
1851 5007 1919 5061 ad
1976 5007 2257 5061 dexteram

696 5088 875 5141 throni
922 5088 1219 5154 majestatis
1266 5094 1319 5147 in
1363 5096 1627 5161 excelsis;
1678 5104 1825 5150 tanto
1863 5096 2053 5149 melior
2099 5111 2256 5167 ange-

697 5177 762 5230 lis
807 5173 1052 5239 el'fectus,
1100 5191 1299 5245 quanto
1354 5182 1691 5240 differentius
1739 5200 1847 5254 prae
1907 5184 2011 5239 illis
2064 5198 2257 5238 nomen

700 5267 1060 5323 luereditavit.
1090 5267 1185 5321 Cui
1216 5274 1357 5325 enim
1404 5277 1539 5330 dixit
1573 5278 1861 5345 aliquando
1900 5276 2213 5347 angelorum
2245 5292 2258 5329 :

696 5360 866 5414 Filius
933 5373 1087 5414 meus
1154 5374 1215 5413 es
1273 5369 1369 5422 tu,
1433 5372 1531 5433 ego
1587 5368 1745 5422 hodie
1802 5370 1958 5439 genui
2022 5378 2070 5420 te
2104 5365 2197 5418 ‘°?
2240 5384 2258 5417 ι

701 5452 928 5514 Quando
987 5465 1119 5518 ergo
1177 5447 1496 5519 Unigenitus
1555 5453 1726 5511 factus
1782 5468 1867 5513 cst
1935 5454 2264 5528 primogeni-

703 5552 810 5602 tus,
859 5553 907 5596 et
958 5558 1095 5597 unus
1139 5557 1170 5597 e
1220 5540 1401 5595 multis
1448 5541 1727 5608 fratribus,
1766 5556 1897 5602 tunc
1953 5562 2005 5602 ct
2051 5549 2101 5601 in
2158 5558 2263 5601 ter-

783 5720 825 5748 ⁷⁸
860 5721 1051 5788 Epims.
1089 5737 1144 5786 ιι,
1170 5724 1223 5777 6.
1300 5722 1343 5753 ⁷⁷
1376 5718 1550 5776 Gnlat.
1588 5735 1667 5787 Ill,
1707 5720 1787 5773 15.
1864 5723 1907 5752 ⁷³
1940 5722 2101 5777 lictu'.
2138 5741 2199 5788 ιι,
2226 5723 2278 5776 9.

2364 4568 2518 4620 μενος
2548 4549 2765 4616 λόγους,
2807 4566 2829 4598 ι
2862 4545 3030 4599 Ὅταν
3058 4545 3115 4599 δὲ
3148 4542 3436 4614 εἰσαγάγῃ,
3464 4543 3615 4612 φησὶ,
3647 4540 3737 4592 τὸν
3779 4555 3933 4607 πρω-

2358 4640 2576 4693 τότοκον
2610 4640 2690 4701 είς
2731 4636 2828 4706 τὴν
2859 4636 3211 4706 οἰκουμένην,
3253 4632 3433 4699 λέγει·
3483 4634 3591 4685 Καὶ
3626 4646 3937 4701 προσκυνη-

2363 4732 2611 4785 σάτωσαν
2649 4727 2795 4797 αὑτῷ
2846 4727 3043 4790 πάντες
3085 4724 3306 4795 ἄγγελοι
3348 4723 3503 4777 Θεοῦ.
3541 4742 3567 4773 »ι
3603 4723 3711 4777 Καὶ
3746 4720 3932 4774 πάλιν·

2370 4844 2390 4877 ε
2436 4826 2531 4885 ’ος
2562 4820 2637 4873 ὢν
2667 4819 3003 4888 ἀπαύγασμα
3044 4818 3143 4888 τῆς
3171 4813 3347 4882 δόξης,
3380 4815 3470 4865 καὶ
3509 4810 3788 4882 χαρακτὴρ
3838 4811 3941 4880 τῆς

2366 4915 2713 4976 ὑποστάσεως
2746 4910 2930 4975 αὑτοῦ,
2974 4910 3156 4981 φέρων
3204 4923 3264 4960 τε
3294 4903 3364 4956 τὰ
3394 4904 3568 4956 πάντα
3607 4901 3683 4969 τῷ
3735 4903 3941 4971 ῥήματι

2365 5008 2463 5077 τῆς
2478 5006 2758 5073 δυνάμεως
2782 5001 2968 5066 αὑτοῦ,
2985 4995 3324 5068 καθαρισμὸν
3344 4993 3452 5045 τῶν
3475 4991 3756 5061 ἁμαρτιῶν
3780 4993 3940 5062 ήμῶν

2365 5096 2751 5166 ποιησάμενος,
2792 5094 3043 5147 ἐκάθισεν
3088 5092 3146 5143 ὲν
3174 5087 3324 5156 δεξιᾷ
3350 5082 3442 5135 τοῦ
3476 5082 3667 5152 θρόνου
3710 5082 3811 5153 τῆς
3842 5101 3941 5152 με-

2364 5185 2681 5255 γαλωσύνης
2727 5186 2782 5236 ὲν
2813 5181 3055 5252 ὑψηλοῖς,
3088 5176 3328 5245 τοσούτῳ
3357 5173 3613 5242 κρείττων
3644 5173 3939 5242 γενόμενος

2366 5276 2473 5328 τῶν
2503 5275 2775 5342 ἀγγέλων,
2821 5275 2930 5341 ὅσῳ
2972 5267 3368 5339 διαφορώτερον
3420 5262 3546 5330 παρ’
3602 5263 3797 5325 αὐτοὺς
3843 5278 3938 5313 κε-

2368 5365 2771 5435 κληρονόμηκεν
2799 5362 2987 5431 ὄνομα.
3019 5361 3135 5413 Τίνι
3168 5358 3276 5427 γὰρ
3305 5350 3423 5407 εἶπέ
3456 5372 3582 5416 ποτε
3622 5354 3732 5407 τῶν
3774 5353 3937 5421 ἀγγέ-

2369 5438 2505 5506 λων·
2545 5451 2668 5513 Υἱός
2699 5467 2798 5511 μου
2827 5444 2877 5501 εἶ
2915 5450 3000 5515 σὺ,
3034 5447 3145 5516 ἐγὼ
3179 5447 3416 5514 σήμερον
3442 5443 3743 5515 γεγέννηκά
3784 5460 3880 5509 σε;
3916 5460 3933 5491 ι

2372 5543 2577 5598 Οὐκοῦν
2607 5543 2694 5595 ὅτε
2722 5542 2909 5610 γέγονε
2951 5539 3289 5598 πρωτότοκος
3323 5534 3351 5586 ὁ
3382 5536 3711 5605 Μονογενὴς,
3742 5535 3837 5589 καὶ
3884 5535 3936 5585 ὲν

2358 5723 2402 5753 ⁷³
2438 5719 2597 5774 Hebr.
2635 5733 2672 5784 I,
2711 5718 2763 5771 6.
2841 5717 2885 5748 ⁸⁸³
2920 5716 3045 5771 ibid.
3082 5712 3201 5769 3-5.
