  <div class='ocr_page' id='page_1' title='image "/cluster/home/n/w/nwhite01/storage/ocr_20150623/76/pst.000005712755/700.png"; bbox 0 0 4092 6334; ppageno 0'>
   <div class='ocr_carea' id='block_1_1' title="bbox 202 407 324 461">
    <p class='ocr_par' dir='ltr' id='par_1_1' title="bbox 202 407 324 461">
     <span class='ocr_line' id='line_1_1' title="bbox 202 407 324 461; baseline 0.008 -2"><span class='ocrx_word' id='word_1_1' title='bbox 202 407 324 461; x_wconf 67' lang='lat'><strong>1315</strong></span> 
     </span>
    </p>
   </div>
   <div class='ocr_carea' id='block_1_2' title="bbox 1002 400 2650 465">
    <p class='ocr_par' dir='ltr' id='par_1_2' title="bbox 1002 400 2650 465">
     <span class='ocr_line' id='line_1_2' title="bbox 1002 400 2650 465; baseline -0.001 -4"><span class='ocrx_word' id='word_1_2' title='bbox 1002 408 1093 461; x_wconf 82' lang='lat' dir='ltr'><strong>AD</strong></span> <span class='ocrx_word' id='word_1_3' title='bbox 1134 409 1430 465; x_wconf 81' lang='lat' dir='ltr'><strong>REGINAS</strong></span> <span class='ocrx_word' id='word_1_4' title='bbox 1472 410 1555 465; x_wconf 80' lang='lat' dir='ltr'><strong>DE</strong></span> <span class='ocrx_word' id='word_1_5' title='bbox 1597 407 1823 465; x_wconf 78' lang='lat' dir='ltr'><strong>RECTA</strong></span> <span class='ocrx_word' id='word_1_6' title='bbox 1862 405 2016 463; x_wconf 78' lang='lat' dir='ltr'><strong>FIDE</strong></span> <span class='ocrx_word' id='word_1_7' title='bbox 2051 403 2312 464; x_wconf 79' lang='lat' dir='ltr'><strong>ORATIO</strong></span> <span class='ocrx_word' id='word_1_8' title='bbox 2349 400 2650 459; x_wconf 78' lang='lat' dir='ltr'><strong>ALTERA.</strong></span> 
     </span>
    </p>
   </div>
   <div class='ocr_carea' id='block_1_3' title="bbox 3294 400 3428 454">
    <p class='ocr_par' dir='ltr' id='par_1_3' title="bbox 3294 400 3428 454">
     <span class='ocr_line' id='line_1_3' title="bbox 3294 400 3428 454; baseline 0 0"><span class='ocrx_word' id='word_1_9' title='bbox 3294 400 3428 454; x_wconf 65' lang='lat'><strong>£516</strong></span> 
     </span>
    </p>
   </div>
   <div class='ocr_carea' id='block_1_4' title="bbox 202 517 1783 600">
    <p class='ocr_par' dir='ltr' id='par_1_4' title="bbox 202 524 1764 600">
     <span class='ocr_line' id='line_1_4' title="bbox 202 524 1764 600; baseline 0.004 -23"><span class='ocrx_word' id='word_1_10' title='bbox 202 526 401 589; x_wconf 69' lang='grc' dir='ltr'>πολλοῖς</span> <span class='ocrx_word' id='word_1_11' title='bbox 428 524 699 597; x_wconf 76' lang='grc' dir='ltr'><strong>ἀδελφοῖς,</strong></span> <span class='ocrx_word' id='word_1_12' title='bbox 727 526 845 579; x_wconf 83' lang='grc' dir='ltr'>τότε</span> <span class='ocrx_word' id='word_1_13' title='bbox 875 527 965 579; x_wconf 73' lang='grc' dir='ltr'><strong>καὶ</strong></span> <span class='ocrx_word' id='word_1_14' title='bbox 987 529 1393 600; x_wconf 82' lang='grc' dir='ltr'>εισκεκομίσθαι</span> <span class='ocrx_word' id='word_1_15' title='bbox 1417 531 1579 599; x_wconf 74' lang='grc' dir='ltr'>φησὶν</span> <span class='ocrx_word' id='word_1_16' title='bbox 1602 529 1764 583; x_wconf 83' lang='grc' dir='ltr'>αὑτὸν</span> 
     </span>
    </p>
   </div>
   <div class='ocr_carea' id='block_1_5' title="bbox 1871 517 3428 600">
    <p class='ocr_par' dir='ltr' id='par_1_5' title="bbox 1871 517 3428 598">
     <span class='ocr_line' id='line_1_5' title="bbox 1871 517 3428 598; baseline -0.008 -18"><span class='ocrx_word' id='word_1_17' title='bbox 1871 542 2049 583; x_wconf 86' lang='lat' dir='ltr'><strong>rarum</strong></span> <span class='ocrx_word' id='word_1_18' title='bbox 2098 540 2312 598; x_wconf 86' lang='lat' dir='ltr'><strong>quoque</strong></span> <span class='ocrx_word' id='word_1_19' title='bbox 2367 524 2554 581; x_wconf 89' lang='lat' dir='ltr'><strong>orbem</strong></span> <span class='ocrx_word' id='word_1_20' title='bbox 2621 519 2961 575; x_wconf 75' lang='lat' dir='ltr'><strong>introductus</strong></span> <span class='ocrx_word' id='word_1_21' title='bbox 3025 517 3224 575; x_wconf 89' lang='lat' dir='ltr'><strong>dicitur</strong></span> <span class='ocrx_word' id='word_1_22' title='bbox 3280 519 3428 586; x_wconf 88' lang='lat' dir='ltr'><strong>(nam</strong></span> 
     </span>
    </p>
   </div>
   <div class='ocr_carea' id='block_1_6' title="bbox 200 615 1759 690">
    <p class='ocr_par' dir='ltr' id='par_1_6' title="bbox 200 615 1759 690">
     <span class='ocr_line' id='line_1_6' title="bbox 200 615 1759 690; baseline 0.003 -23"><span class='ocrx_word' id='word_1_23' title='bbox 200 618 267 679; x_wconf 76' lang='grc' dir='ltr'><strong>εἰς</strong></span> <span class='ocrx_word' id='word_1_24' title='bbox 298 617 396 688; x_wconf 77' lang='grc' dir='ltr'><strong>τήν</strong></span> <span class='ocrx_word' id='word_1_25' title='bbox 423 620 752 688; x_wconf 76' lang='grc' dir='ltr'><strong>οἰκουμένην</strong></span> <span class='ocrx_word' id='word_1_26' title='bbox 775 634 787 646; x_wconf 85' lang='grc'><strong>·</strong></span> <span class='ocrx_word' id='word_1_27' title='bbox 836 616 939 680; x_wconf 68' lang='grc' dir='ltr'>ἔξω</span> <span class='ocrx_word' id='word_1_28' title='bbox 969 618 1075 689; x_wconf 85' lang='grc' dir='ltr'><strong>γάρ</strong></span> <span class='ocrx_word' id='word_1_29' title='bbox 1104 615 1192 690; x_wconf 78' lang='grc' dir='ltr'>ἦν,</span> <span class='ocrx_word' id='word_1_30' title='bbox 1228 620 1369 673; x_wconf 86' lang='grc' dir='ltr'>κατὰ</span> <span class='ocrx_word' id='word_1_31' title='bbox 1409 620 1566 688; x_wconf 82' lang='grc' dir='ltr'>φύσιν</span> <span class='ocrx_word' id='word_1_32' title='bbox 1602 620 1759 684; x_wconf 89' lang='grc' dir='ltr'>ίδίαν,</span> 
     </span>
    </p>
   </div>
   <div class='ocr_carea' id='block_1_7' title="bbox 199 702 1761 778">
    <p class='ocr_par' dir='ltr' id='par_1_7' title="bbox 199 702 1761 778">
     <span class='ocr_line' id='line_1_7' title="bbox 199 702 1761 778; baseline 0.002 -21"><span class='ocrx_word' id='word_1_33' title='bbox 199 706 286 770; x_wconf 81' lang='grc' dir='ltr'>τῆς</span> <span class='ocrx_word' id='word_1_34' title='bbox 318 707 568 769; x_wconf 76' lang='grc' dir='ltr'><strong>κτίσεως,</strong></span> <span class='ocrx_word' id='word_1_35' title='bbox 619 704 698 766; x_wconf 83' lang='grc' dir='ltr'>ὡς</span> <span class='ocrx_word' id='word_1_36' title='bbox 744 702 905 766; x_wconf 85' lang='grc' dir='ltr'>Θεός·</span> <span class='ocrx_word' id='word_1_37' title='bbox 940 710 1060 758; x_wconf 85' lang='grc' dir='ltr'>τότε</span> <span class='ocrx_word' id='word_1_38' title='bbox 1106 707 1197 760; x_wconf 84' lang='grc' dir='ltr'><strong>καὶ</strong></span> <span class='ocrx_word' id='word_1_39' title='bbox 1228 706 1565 775; x_wconf 82' lang='grc' dir='ltr'>ήλαττῶσθαί</span> <span class='ocrx_word' id='word_1_40' title='bbox 1600 724 1761 778; x_wconf 85' lang='grc' dir='ltr'>φησιν</span> 
     </span>
    </p>
   </div>
   <div class='ocr_carea' id='block_1_8' title="bbox 199 796 1762 869">
    <p class='ocr_par' dir='ltr' id='par_1_8' title="bbox 199 796 1762 869">
     <span class='ocr_line' id='line_1_8' title="bbox 199 796 1762 869; baseline 0.002 -20"><span class='ocrx_word' id='word_1_41' title='bbox 199 798 347 849; x_wconf 80' lang='grc' dir='ltr'>αὐτὸν</span> <span class='ocrx_word' id='word_1_42' title='bbox 397 796 551 866; x_wconf 87' lang='grc' dir='ltr'><strong>παρά</strong></span> <span class='ocrx_word' id='word_1_43' title='bbox 598 796 727 858; x_wconf 84' lang='grc' dir='ltr'>τοὺς</span> <span class='ocrx_word' id='word_1_44' title='bbox 776 796 1055 864; x_wconf 77' lang='grc' dir='ltr'><strong>ἀγγέλους,</strong></span> <span class='ocrx_word' id='word_1_45' title='bbox 1102 798 1195 851; x_wconf 89' lang='grc' dir='ltr'><strong>καί</strong></span> <span class='ocrx_word' id='word_1_46' title='bbox 1234 815 1316 851; x_wconf 88' lang='grc' dir='ltr'><strong>τοι</strong></span> <span class='ocrx_word' id='word_1_47' title='bbox 1365 796 1762 869; x_wconf 72' lang='grc' dir='ltr'><strong>διαφορώτερον</strong></span> 
     </span>
    </p>
   </div>
   <div class='ocr_carea' id='block_1_9' title="bbox 200 884 1759 958">
    <p class='ocr_par' dir='ltr' id='par_1_9' title="bbox 200 884 1759 958">
     <span class='ocr_line' id='line_1_9' title="bbox 200 884 1759 958; baseline 0.003 -20"><span class='ocrx_word' id='word_1_48' title='bbox 200 888 317 955; x_wconf 72' lang='grc' dir='ltr'>παρ’</span> <span class='ocrx_word' id='word_1_49' title='bbox 351 886 552 946; x_wconf 83' lang='grc' dir='ltr'>αὐτοὺς</span> <span class='ocrx_word' id='word_1_50' title='bbox 597 884 827 953; x_wconf 79' lang='grc' dir='ltr'><strong>λαχόντα</strong></span> <span class='ocrx_word' id='word_1_51' title='bbox 862 887 922 940; x_wconf 84' lang='grc' dir='ltr'><strong>τὸ</strong></span> <span class='ocrx_word' id='word_1_52' title='bbox 960 888 1149 956; x_wconf 74' lang='grc' dir='ltr'>ὄνομα.</span> <span class='ocrx_word' id='word_1_53' title='bbox 1198 886 1272 939; x_wconf 87' lang='grc' dir='ltr'><strong>Τὸ</strong></span> <span class='ocrx_word' id='word_1_54' title='bbox 1336 885 1436 955; x_wconf 82' lang='grc' dir='ltr'>μὲν</span> <span class='ocrx_word' id='word_1_55' title='bbox 1482 887 1611 958; x_wconf 85' lang='grc' dir='ltr'>γάρ,</span> <span class='ocrx_word' id='word_1_56' title='bbox 1658 887 1759 957; x_wconf 81' lang='grc' dir='ltr'>ἀγ-</span> 
     </span>
    </p>
   </div>
   <div class='ocr_carea' id='block_1_10' title="bbox 201 976 1763 1046">
    <p class='ocr_par' dir='ltr' id='par_1_10' title="bbox 201 976 1763 1046">
     <span class='ocr_line' id='line_1_10' title="bbox 201 976 1763 1046; baseline 0.003 -17"><span class='ocrx_word' id='word_1_57' title='bbox 201 980 364 1045; x_wconf 83' lang='grc' dir='ltr'>γελος,</span> <span class='ocrx_word' id='word_1_58' title='bbox 416 976 755 1046; x_wconf 82' lang='grc' dir='ltr'><strong>λειτουργίας</strong></span> <span class='ocrx_word' id='word_1_59' title='bbox 801 979 917 1031; x_wconf 75' lang='grc' dir='ltr'>ἐστὶ</span> <span class='ocrx_word' id='word_1_60' title='bbox 966 976 1317 1046; x_wconf 81' lang='grc' dir='ltr'>σημαντικὸν,</span> <span class='ocrx_word' id='word_1_61' title='bbox 1358 977 1451 1031; x_wconf 76' lang='grc' dir='ltr'>καὶ</span> <span class='ocrx_word' id='word_1_62' title='bbox 1500 980 1763 1034; x_wconf 81' lang='grc' dir='ltr'>οίκετικδν</span> 
     </span>
    </p>
   </div>
   <div class='ocr_carea' id='block_1_11' title="bbox 200 1068 1764 1141">
    <p class='ocr_par' dir='ltr' id='par_1_11' title="bbox 200 1068 1764 1141">
     <span class='ocr_line' id='line_1_11' title="bbox 200 1068 1764 1141; baseline 0.003 -22"><span class='ocrx_word' id='word_1_63' title='bbox 200 1072 317 1137; x_wconf 76' lang='grc' dir='ltr'>ἡμῖν</span> <span class='ocrx_word' id='word_1_64' title='bbox 350 1069 683 1137; x_wconf 79' lang='grc' dir='ltr'>ὑπεμφαίνει</span> <span class='ocrx_word' id='word_1_65' title='bbox 720 1070 951 1140; x_wconf 80' lang='grc' dir='ltr'>μέτρον·</span> <span class='ocrx_word' id='word_1_66' title='bbox 992 1088 1011 1120; x_wconf 80' lang='grc' dir='ltr'><strong>ι</strong></span> <span class='ocrx_word' id='word_1_67' title='bbox 1062 1068 1504 1123; x_wconf 82' lang='grc' dir='ltr'>’Δποστέλλονται</span> <span class='ocrx_word' id='word_1_68' title='bbox 1533 1074 1642 1141; x_wconf 89' lang='grc' dir='ltr'><strong>γάρ</strong></span> <span class='ocrx_word' id='word_1_69' title='bbox 1685 1074 1764 1135; x_wconf 84' lang='grc' dir='ltr'><strong>είς</strong></span> 
     </span>
    </p>
   </div>
   <div class='ocr_carea' id='block_1_12' title="bbox 200 1158 1764 1234">
    <p class='ocr_par' dir='ltr' id='par_1_12' title="bbox 200 1158 1764 1234">
     <span class='ocr_line' id='line_1_12' title="bbox 200 1158 1764 1234; baseline 0.004 -25"><span class='ocrx_word' id='word_1_70' title='bbox 200 1158 465 1211; x_wconf 77' lang='grc' dir='ltr'><strong>διακονίαν</strong></span> <span class='ocrx_word' id='word_1_71' title='bbox 513 1158 599 1214; x_wconf 80' lang='grc' dir='ltr'>διὰ</span> <span class='ocrx_word' id='word_1_72' title='bbox 656 1163 782 1223; x_wconf 84' lang='grc' dir='ltr'>τοὺς</span> <span class='ocrx_word' id='word_1_73' title='bbox 835 1159 1125 1229; x_wconf 84' lang='grc' dir='ltr'>μέλλοντας</span> <span class='ocrx_word' id='word_1_74' title='bbox 1174 1158 1531 1232; x_wconf 79' lang='grc' dir='ltr'><strong>κληρονομεῖν</strong></span> <span class='ocrx_word' id='word_1_75' title='bbox 1590 1179 1764 1234; x_wconf 80' lang='grc' dir='ltr'>σωτη-</span> 
     </span>
    </p>
   </div>
   <div class='ocr_carea' id='block_1_13' title="bbox 202 1247 1765 1325">
    <p class='ocr_par' dir='ltr' id='par_1_13' title="bbox 202 1247 1765 1325">
     <span class='ocr_line' id='line_1_13' title="bbox 202 1247 1765 1325; baseline 0.003 -24"><span class='ocrx_word' id='word_1_76' title='bbox 202 1247 333 1317; x_wconf 78' lang='grc' dir='ltr'>ρίαν.</span> <span class='ocrx_word' id='word_1_77' title='bbox 377 1266 398 1298; x_wconf 71' lang='grc' dir='ltr'><strong>ι</strong></span> <span class='ocrx_word' id='word_1_78' title='bbox 444 1248 503 1304; x_wconf 84' lang='lat'><strong>&#39;0</strong></span> <span class='ocrx_word' id='word_1_79' title='bbox 529 1250 584 1303; x_wconf 84' lang='grc' dir='ltr'><strong>δέ</strong></span> <span class='ocrx_word' id='word_1_80' title='bbox 634 1267 699 1319; x_wconf 83' lang='grc' dir='ltr'><strong>γε</strong></span> <span class='ocrx_word' id='word_1_81' title='bbox 737 1250 864 1311; x_wconf 77' lang='grc' dir='ltr'>Υίδς</span> <span class='ocrx_word' id='word_1_82' title='bbox 908 1250 1006 1318; x_wconf 86' lang='grc' dir='ltr'>τὴν</span> <span class='ocrx_word' id='word_1_83' title='bbox 1051 1251 1115 1303; x_wconf 76' lang='grc' dir='ltr'>ἐκ</span> <span class='ocrx_word' id='word_1_84' title='bbox 1157 1250 1370 1321; x_wconf 82' lang='grc' dir='ltr'>Πατρδς</span> <span class='ocrx_word' id='word_1_85' title='bbox 1412 1251 1645 1325; x_wconf 77' lang='grc' dir='ltr'>ὕπαρξιν</span> <span class='ocrx_word' id='word_1_86' title='bbox 1676 1253 1765 1306; x_wconf 82' lang='grc' dir='ltr'>οὑ-</span> 
     </span>
    </p>
   </div>
   <div class='ocr_carea' id='block_1_14' title="bbox 202 1336 1766 1413">
    <p class='ocr_par' dir='ltr' id='par_1_14' title="bbox 202 1336 1766 1413">
     <span class='ocr_line' id='line_1_14' title="bbox 202 1336 1766 1413; baseline 0.003 -23"><span class='ocrx_word' id='word_1_87' title='bbox 202 1336 357 1407; x_wconf 83' lang='grc' dir='ltr'>σιὼδη</span> <span class='ocrx_word' id='word_1_88' title='bbox 407 1356 465 1392; x_wconf 90' lang='grc' dir='ltr'><strong>τε</strong></span> <span class='ocrx_word' id='word_1_89' title='bbox 507 1342 599 1395; x_wconf 74' lang='grc' dir='ltr'><strong>καὶ</strong></span> <span class='ocrx_word' id='word_1_90' title='bbox 647 1340 877 1410; x_wconf 69' lang='grc' dir='ltr'>φυοτκὴν</span> <span class='ocrx_word' id='word_1_91' title='bbox 922 1342 1355 1413; x_wconf 88' lang='grc' dir='ltr'>κατασημήνειεν</span> <span class='ocrx_word' id='word_1_92' title='bbox 1400 1342 1489 1407; x_wconf 82' lang='grc' dir='ltr'><strong>ἀν,</strong></span> <span class='ocrx_word' id='word_1_93' title='bbox 1540 1344 1622 1396; x_wconf 81' lang='grc' dir='ltr'>ὅτι</span> <span class='ocrx_word' id='word_1_94' title='bbox 1670 1343 1766 1396; x_wconf 74' lang='grc' dir='ltr'><strong>καὶ</strong></span> 
     </span>
    </p>
   </div>
   <div class='ocr_carea' id='block_1_15' title="bbox 200 1428 1765 1504">
    <p class='ocr_par' dir='ltr' id='par_1_15' title="bbox 200 1428 1765 1504">
     <span class='ocr_line' id='line_1_15' title="bbox 200 1428 1765 1504; baseline 0.005 -24"><span class='ocrx_word' id='word_1_95' title='bbox 200 1428 409 1498; x_wconf 82' lang='grc' dir='ltr'>ἀληθῶς</span> <span class='ocrx_word' id='word_1_96' title='bbox 453 1433 553 1501; x_wconf 81' lang='grc' dir='ltr'>τὴν</span> <span class='ocrx_word' id='word_1_97' title='bbox 596 1432 849 1500; x_wconf 76' lang='grc' dir='ltr'><strong>γέννησιν</strong></span> <span class='ocrx_word' id='word_1_98' title='bbox 884 1432 1195 1503; x_wconf 82' lang='grc' dir='ltr'>πεπρᾶχθαι</span> <span class='ocrx_word' id='word_1_99' title='bbox 1245 1435 1591 1504; x_wconf 82' lang='grc' dir='ltr'>πιστεύομεν.</span> <span class='ocrx_word' id='word_1_100' title='bbox 1642 1434 1765 1497; x_wconf 85' lang='grc' dir='ltr'><strong>Πῶς</strong></span> 
     </span>
    </p>
   </div>
   <div class='ocr_carea' id='block_1_16' title="bbox 201 1519 1765 1597">
    <p class='ocr_par' dir='ltr' id='par_1_16' title="bbox 201 1519 1765 1597">
     <span class='ocr_line' id='line_1_16' title="bbox 201 1519 1765 1597; baseline 0.003 -22"><span class='ocrx_word' id='word_1_101' title='bbox 201 1519 502 1585; x_wconf 69' lang='grc' dir='ltr'>ἠλάττωται</span> <span class='ocrx_word' id='word_1_102' title='bbox 533 1520 681 1591; x_wconf 84' lang='grc' dir='ltr'><strong>παρά</strong></span> <span class='ocrx_word' id='word_1_103' title='bbox 708 1522 833 1584; x_wconf 77' lang='grc' dir='ltr'>τοὺς</span> <span class='ocrx_word' id='word_1_104' title='bbox 861 1522 1125 1590; x_wconf 78' lang='grc' dir='ltr'>ἀγγέλους</span> <span class='ocrx_word' id='word_1_105' title='bbox 1156 1526 1184 1577; x_wconf 92' lang='lat'><strong>6</strong></span> <span class='ocrx_word' id='word_1_106' title='bbox 1226 1526 1359 1594; x_wconf 82' lang='grc' dir='ltr'>παρ’</span> <span class='ocrx_word' id='word_1_107' title='bbox 1390 1526 1568 1579; x_wconf 81' lang='grc' dir='ltr'>αὐτῶν</span> <span class='ocrx_word' id='word_1_108' title='bbox 1599 1542 1765 1597; x_wconf 87' lang='grc' dir='ltr'>προσ-</span> 
     </span>
    </p>
   </div>
   <div class='ocr_carea' id='block_1_17' title="bbox 201 1607 1765 1686">
    <p class='ocr_par' dir='ltr' id='par_1_17' title="bbox 201 1607 1765 1686">
     <span class='ocr_line' id='line_1_17' title="bbox 201 1607 1765 1686; baseline 0.008 -29"><span class='ocrx_word' id='word_1_109' title='bbox 201 1607 542 1676; x_wconf 66' lang='grc' dir='ltr'>κυνούμενος,</span> <span class='ocrx_word' id='word_1_110' title='bbox 572 1611 599 1661; x_wconf 98' lang='lat'><strong>6</strong></span> <span class='ocrx_word' id='word_1_111' title='bbox 625 1609 878 1679; x_wconf 74' lang='grc' dir='ltr'>σύνεδρος</span> <span class='ocrx_word' id='word_1_112' title='bbox 910 1610 987 1680; x_wconf 83' lang='grc' dir='ltr'>τῷ</span> <span class='ocrx_word' id='word_1_113' title='bbox 1022 1612 1196 1682; x_wconf 85' lang='grc' dir='ltr'>Πατρί</span> <span class='ocrx_word' id='word_1_114' title='bbox 1214 1629 1227 1676; x_wconf 88' lang='lat'><strong>;</strong></span> <span class='ocrx_word' id='word_1_115' title='bbox 1270 1612 1409 1665; x_wconf 85' lang='grc' dir='ltr'>Ἀλλ’</span> <span class='ocrx_word' id='word_1_116' title='bbox 1435 1615 1549 1667; x_wconf 78' lang='grc' dir='ltr'>ἔστι</span> <span class='ocrx_word' id='word_1_117' title='bbox 1591 1616 1765 1686; x_wconf 79' lang='grc' dir='ltr'>σαφής</span> 
     </span>
    </p>
   </div>
   <div class='ocr_carea' id='block_1_18' title="bbox 201 1691 1767 1773">
    <p class='ocr_par' dir='ltr' id='par_1_18' title="bbox 201 1691 1767 1773">
     <span class='ocr_line' id='line_1_18' title="bbox 201 1691 1767 1773; baseline 0.008 -29"><span class='ocrx_word' id='word_1_118' title='bbox 201 1698 229 1762; x_wconf 74' lang='grc' dir='ltr'>ἡ</span> <span class='ocrx_word' id='word_1_119' title='bbox 258 1691 551 1764; x_wconf 81' lang='grc' dir='ltr'>πρόφασις.</span> <span class='ocrx_word' id='word_1_120' title='bbox 587 1698 862 1752; x_wconf 74' lang='grc' dir='ltr'>Καθίκετο</span> <span class='ocrx_word' id='word_1_121' title='bbox 899 1699 1007 1769; x_wconf 89' lang='grc' dir='ltr'><strong>γάρ</strong></span> <span class='ocrx_word' id='word_1_122' title='bbox 1049 1701 1107 1752; x_wconf 78' lang='grc' dir='ltr'><strong>ἑν</strong></span> <span class='ocrx_word' id='word_1_123' title='bbox 1139 1704 1251 1765; x_wconf 77' lang='grc' dir='ltr'>τοῖς</span> <span class='ocrx_word' id='word_1_124' title='bbox 1282 1702 1379 1772; x_wconf 86' lang='grc' dir='ltr'>τῆς</span> <span class='ocrx_word' id='word_1_125' title='bbox 1422 1702 1767 1773; x_wconf 87' lang='grc' dir='ltr'>ἀνθρωπότη-</span> 
     </span>
    </p>
   </div>
   <div class='ocr_carea' id='block_1_19' title="bbox 200 1788 1763 1863">
    <p class='ocr_par' dir='ltr' id='par_1_19' title="bbox 200 1788 1763 1863">
     <span class='ocr_line' id='line_1_19' title="bbox 200 1788 1763 1863; baseline 0.006 -26"><span class='ocrx_word' id='word_1_126' title='bbox 200 1803 280 1847; x_wconf 82' lang='grc' dir='ltr'><strong>τος</strong></span> <span class='ocrx_word' id='word_1_127' title='bbox 314 1788 557 1856; x_wconf 76' lang='grc' dir='ltr'>μέτροις,</span> <span class='ocrx_word' id='word_1_128' title='bbox 596 1790 686 1843; x_wconf 84' lang='grc' dir='ltr'>καὶ</span> <span class='ocrx_word' id='word_1_129' title='bbox 714 1789 775 1842; x_wconf 84' lang='grc' dir='ltr'><strong>τδ</strong></span> <span class='ocrx_word' id='word_1_130' title='bbox 804 1789 1169 1861; x_wconf 66' lang='grc' dir='ltr'><strong>ἀποθνήσκειν</strong></span> <span class='ocrx_word' id='word_1_131' title='bbox 1213 1792 1455 1861; x_wconf 78' lang='grc' dir='ltr'>πεφυκὸς</span> <span class='ocrx_word' id='word_1_132' title='bbox 1485 1793 1642 1863; x_wconf 85' lang='grc' dir='ltr'>σῶμα</span> <span class='ocrx_word' id='word_1_133' title='bbox 1671 1794 1763 1852; x_wconf 85' lang='grc' dir='ltr'>λα-</span> 
     </span>
    </p>
   </div>
   <div class='ocr_carea' id='block_1_20' title="bbox 1862 615 3429 685">
    <p class='ocr_par' dir='ltr' id='par_1_20' title="bbox 1862 615 3429 685">
     <span class='ocr_line' id='line_1_20' title="bbox 1862 615 3429 685; baseline -0.009 -12"><span class='ocrx_word' id='word_1_134' title='bbox 1862 617 2159 675; x_wconf 88' lang='lat' dir='ltr'><strong>secundum</strong></span> <span class='ocrx_word' id='word_1_135' title='bbox 2192 615 2465 685; x_wconf 87' lang='lat' dir='ltr'><strong>propriam</strong></span> <span class='ocrx_word' id='word_1_136' title='bbox 2498 621 2745 667; x_wconf 84' lang='lat' dir='ltr'><strong>naturam</strong></span> <span class='ocrx_word' id='word_1_137' title='bbox 2774 620 2926 664; x_wconf 80' lang='lat' dir='ltr'><strong>extra</strong></span> <span class='ocrx_word' id='word_1_138' title='bbox 2953 624 3166 665; x_wconf 91' lang='lat' dir='ltr'><strong>omnem</strong></span> <span class='ocrx_word' id='word_1_139' title='bbox 3207 617 3429 664; x_wconf 87' lang='lat' dir='ltr'><strong>creatu-</strong></span> 
     </span>
    </p>
   </div>
   <div class='ocr_carea' id='block_1_21' title="bbox 1864 697 3432 774">
    <p class='ocr_par' dir='ltr' id='par_1_21' title="bbox 1864 697 3432 774">
     <span class='ocr_line' id='line_1_21' title="bbox 1864 697 3432 774; baseline -0.008 -12"><span class='ocrx_word' id='word_1_140' title='bbox 1864 723 1979 762; x_wconf 86' lang='lat' dir='ltr'><strong>ram</strong></span> <span class='ocrx_word' id='word_1_141' title='bbox 2017 706 2250 774; x_wconf 84' lang='lat' dir='ltr'><strong>degebat</strong></span> <span class='ocrx_word' id='word_1_142' title='bbox 2298 716 2359 759; x_wconf 91' lang='lat' dir='ltr'><strong>ut</strong></span> <span class='ocrx_word' id='word_1_143' title='bbox 2392 703 2555 773; x_wconf 84' lang='lat' dir='ltr'><strong>Deus)</strong></span> <span class='ocrx_word' id='word_1_144' title='bbox 2586 720 2598 755; x_wconf 89' lang='lat'><strong>:</strong></span> <span class='ocrx_word' id='word_1_145' title='bbox 2636 711 2761 757; x_wconf 91' lang='lat' dir='ltr'><strong>tunc</strong></span> <span class='ocrx_word' id='word_1_146' title='bbox 2802 711 2859 755; x_wconf 90' lang='lat' dir='ltr'><strong>et</strong></span> <span class='ocrx_word' id='word_1_147' title='bbox 2891 701 3096 770; x_wconf 87' lang='lat' dir='ltr'><strong>angelis</strong></span> <span class='ocrx_word' id='word_1_148' title='bbox 3144 700 3321 753; x_wconf 90' lang='lat' dir='ltr'><strong>minor</strong></span> <span class='ocrx_word' id='word_1_149' title='bbox 3352 697 3432 750; x_wconf 90' lang='lat' dir='ltr'><strong>fa-</strong></span> 
     </span>
    </p>
   </div>
   <div class='ocr_carea' id='block_1_22' title="bbox 1864 787 3430 861">
    <p class='ocr_par' dir='ltr' id='par_1_22' title="bbox 1864 787 3430 861">
     <span class='ocr_line' id='line_1_22' title="bbox 1864 787 3430 861; baseline -0.009 -8"><span class='ocrx_word' id='word_1_150' title='bbox 1864 808 1983 853; x_wconf 88' lang='lat' dir='ltr'><strong>ctus</strong></span> <span class='ocrx_word' id='word_1_151' title='bbox 2034 796 2321 857; x_wconf 85' lang='lat' dir='ltr'><strong>asseritur,</strong></span> <span class='ocrx_word' id='word_1_152' title='bbox 2377 791 2541 849; x_wconf 88' lang='lat' dir='ltr'><strong>etiam</strong></span> <span class='ocrx_word' id='word_1_153' title='bbox 2593 793 2638 849; x_wconf 81' lang='lat' dir='ltr'><strong>si</strong></span> <span class='ocrx_word' id='word_1_154' title='bbox 2697 789 3067 861; x_wconf 59' lang='lat' dir='ltr'><strong>praestantius,</strong></span> <span class='ocrx_word' id='word_1_155' title='bbox 3123 804 3281 858; x_wconf 87' lang='lat' dir='ltr'><strong>quam</strong></span> <span class='ocrx_word' id='word_1_156' title='bbox 3332 787 3430 853; x_wconf 87' lang='lat' dir='ltr'><strong>illi,</strong></span> 
     </span>
    </p>
   </div>
   <div class='ocr_carea' id='block_1_23' title="bbox 1864 878 3431 952">
    <p class='ocr_par' dir='ltr' id='par_1_23' title="bbox 1864 878 3431 952">
     <span class='ocr_line' id='line_1_23' title="bbox 1864 878 3431 952; baseline -0.008 -9"><span class='ocrx_word' id='word_1_157' title='bbox 1864 900 2062 943; x_wconf 87' lang='lat' dir='ltr'><strong>nomen</strong></span> <span class='ocrx_word' id='word_1_158' title='bbox 2122 884 2196 940; x_wconf 90' lang='lat' dir='ltr'><strong>sit</strong></span> <span class='ocrx_word' id='word_1_159' title='bbox 2248 883 2471 938; x_wconf 84' lang='lat' dir='ltr'><strong>sortitus</strong></span> <span class='ocrx_word' id='word_1_160' title='bbox 2510 882 2824 952; x_wconf 84' lang='lat' dir='ltr'><strong>:siquidem</strong></span> <span class='ocrx_word' id='word_1_161' title='bbox 2878 894 2979 934; x_wconf 77' lang='lat' dir='ltr'><strong>vox</strong></span> <span class='ocrx_word' id='word_1_162' title='bbox 3035 879 3171 941; x_wconf 65' lang='lat' dir='ltr'><strong>haec,</strong></span> <span class='ocrx_word' id='word_1_163' title='bbox 3228 878 3431 945; x_wconf 78' lang='lat' dir='ltr'><strong>angeli,</strong></span> 
     </span>
    </p>
   </div>
   <div class='ocr_carea' id='block_1_24' title="bbox 1866 969 3434 1041">
    <p class='ocr_par' dir='ltr' id='par_1_24' title="bbox 1866 969 3434 1041">
     <span class='ocr_line' id='line_1_24' title="bbox 1866 969 3434 1041; baseline -0.008 -8"><span class='ocrx_word' id='word_1_164' title='bbox 1866 978 2141 1034; x_wconf 85' lang='lat' dir='ltr'><strong>notionem</strong></span> <span class='ocrx_word' id='word_1_165' title='bbox 2178 974 2465 1029; x_wconf 89' lang='lat' dir='ltr'><strong>ministerii</strong></span> <span class='ocrx_word' id='word_1_166' title='bbox 2499 988 2607 1041; x_wconf 66' lang='lat' dir='ltr'><strong>pra:</strong></span> <span class='ocrx_word' id='word_1_167' title='bbox 2642 989 2701 1027; x_wconf 91' lang='lat' dir='ltr'><strong>se</strong></span> <span class='ocrx_word' id='word_1_168' title='bbox 2756 971 2860 1027; x_wconf 92' lang='lat' dir='ltr'><strong>fert</strong></span> <span class='ocrx_word' id='word_1_169' title='bbox 2904 969 3265 1040; x_wconf 82' lang='lat' dir='ltr'><strong>scrvilemque</strong></span> <span class='ocrx_word' id='word_1_170' title='bbox 3300 984 3434 1022; x_wconf 81' lang='lat' dir='ltr'><strong>con-</strong></span> 
     </span>
    </p>
   </div>
   <div class='ocr_carea' id='block_1_25' title="bbox 1866 1058 3433 1131">
    <p class='ocr_par' dir='ltr' id='par_1_25' title="bbox 1866 1058 3433 1131">
     <span class='ocr_line' id='line_1_25' title="bbox 1866 1058 3433 1131; baseline -0.009 -6"><span class='ocrx_word' id='word_1_171' title='bbox 1866 1070 2127 1125; x_wconf 83' lang='lat' dir='ltr'><strong>ditionem</strong></span> <span class='ocrx_word' id='word_1_172' title='bbox 2177 1067 2461 1121; x_wconf 73' lang='lat' dir='ltr'><strong>insinuat:</strong></span> <span class='ocrx_word' id='word_1_173' title='bbox 2500 1082 2518 1116; x_wconf 83' lang='grc' dir='ltr'><strong>ι</strong></span> <span class='ocrx_word' id='word_1_174' title='bbox 2553 1063 2841 1119; x_wconf 77' lang='lat' dir='ltr'><strong>Mittuntur</strong></span> <span class='ocrx_word' id='word_1_175' title='bbox 2879 1068 3113 1131; x_wconf 76' lang='lat' dir='ltr'><strong>namque</strong></span> <span class='ocrx_word' id='word_1_176' title='bbox 3170 1061 3223 1117; x_wconf 91' lang='lat' dir='ltr'><strong>in</strong></span> <span class='ocrx_word' id='word_1_177' title='bbox 3271 1058 3433 1115; x_wconf 90' lang='lat' dir='ltr'><strong>mini-</strong></span> 
     </span>
    </p>
   </div>
   <div class='ocr_carea' id='block_1_26' title="bbox 1866 1153 3433 1230">
    <p class='ocr_par' dir='ltr' id='par_1_26' title="bbox 1866 1153 3433 1230">
     <span class='ocr_line' id='line_1_26' title="bbox 1866 1153 3433 1230; baseline -0.008 -15"><span class='ocrx_word' id='word_1_178' title='bbox 1866 1160 2092 1215; x_wconf 88' lang='lat' dir='ltr'><strong>sterium</strong></span> <span class='ocrx_word' id='word_1_179' title='bbox 2126 1169 2344 1230; x_wconf 84' lang='lat' dir='ltr'><strong>propter</strong></span> <span class='ocrx_word' id='word_1_180' title='bbox 2366 1172 2461 1213; x_wconf 91' lang='lat' dir='ltr'><strong>eos</strong></span> <span class='ocrx_word' id='word_1_181' title='bbox 2485 1155 2576 1226; x_wconf 89' lang='lat' dir='ltr'><strong>qui</strong></span> <span class='ocrx_word' id='word_1_182' title='bbox 2614 1154 2804 1209; x_wconf 88' lang='lat' dir='ltr'><strong>salutis</strong></span> <span class='ocrx_word' id='word_1_183' title='bbox 2838 1153 3209 1211; x_wconf 65' lang='lat' dir='ltr'><strong>hereditatem</strong></span> <span class='ocrx_word' id='word_1_184' title='bbox 3241 1164 3433 1205; x_wconf 86' lang='lat' dir='ltr'><strong>conse-</strong></span> 
     </span>
    </p>
   </div>
   <div class='ocr_carea' id='block_1_27' title="bbox 1867 1241 3433 1312">
    <p class='ocr_par' dir='ltr' id='par_1_27' title="bbox 1867 1241 3433 1312">
     <span class='ocr_line' id='line_1_27' title="bbox 1867 1241 3433 1312; baseline -0.008 -4"><span class='ocrx_word' id='word_1_185' title='bbox 1867 1252 2043 1309; x_wconf 91' lang='lat' dir='ltr'><strong>cuturi</strong></span> <span class='ocrx_word' id='word_1_186' title='bbox 2089 1259 2216 1307; x_wconf 88' lang='lat' dir='ltr'><strong>sunt</strong></span> <span class='ocrx_word' id='word_1_187' title='bbox 2235 1250 2301 1303; x_wconf 76' lang='lat'><strong>“.</strong></span> <span class='ocrx_word' id='word_1_188' title='bbox 2338 1268 2357 1303; x_wconf 74' lang='grc' dir='ltr'><strong>ι</strong></span> <span class='ocrx_word' id='word_1_189' title='bbox 2389 1250 2461 1303; x_wconf 84' lang='lat' dir='ltr'><strong>At</strong></span> <span class='ocrx_word' id='word_1_190' title='bbox 2492 1262 2624 1302; x_wconf 86' lang='lat' dir='ltr'><strong>vero</strong></span> <span class='ocrx_word' id='word_1_191' title='bbox 2662 1246 2805 1301; x_wconf 83' lang='lat' dir='ltr'><strong>filius</strong></span> <span class='ocrx_word' id='word_1_192' title='bbox 2874 1260 2995 1300; x_wconf 92' lang='lat' dir='ltr'><strong>eum</strong></span> <span class='ocrx_word' id='word_1_193' title='bbox 3046 1245 3288 1309; x_wconf 88' lang='lat' dir='ltr'><strong>denotat,</strong></span> <span class='ocrx_word' id='word_1_194' title='bbox 3339 1241 3433 1312; x_wconf 89' lang='lat' dir='ltr'><strong>qui</strong></span> 
     </span>
    </p>
   </div>
   <div class='ocr_carea' id='block_1_28' title="bbox 1868 1330 3434 1404">
    <p class='ocr_par' dir='ltr' id='par_1_28' title="bbox 1868 1330 3434 1404">
     <span class='ocr_line' id='line_1_28' title="bbox 1868 1330 3434 1404; baseline -0.01 -5"><span class='ocrx_word' id='word_1_195' title='bbox 1868 1345 2242 1400; x_wconf 80' lang='lat' dir='ltr'><strong>exsistentiam</strong></span> <span class='ocrx_word' id='word_1_196' title='bbox 2274 1339 2680 1396; x_wconf 88' lang='lat' dir='ltr'><strong>substantialem</strong></span> <span class='ocrx_word' id='word_1_197' title='bbox 2710 1336 3123 1404; x_wconf 88' lang='lat' dir='ltr'><strong>naturalemque</strong></span> <span class='ocrx_word' id='word_1_198' title='bbox 3167 1349 3232 1387; x_wconf 80' lang='lat' dir='ltr'><strong>ex</strong></span> <span class='ocrx_word' id='word_1_199' title='bbox 3260 1330 3434 1385; x_wconf 77' lang='lat' dir='ltr'><strong>fratre</strong></span> 
     </span>
    </p>
   </div>
   <div class='ocr_carea' id='block_1_29' title="bbox 1869 1420 3435 1500">
    <p class='ocr_par' dir='ltr' id='par_1_29' title="bbox 1869 1420 3435 1500">
     <span class='ocr_line' id='line_1_29' title="bbox 1869 1420 3435 1500; baseline -0.01 -12"><span class='ocrx_word' id='word_1_200' title='bbox 1869 1434 2030 1488; x_wconf 81' lang='lat' dir='ltr'><strong>habet</strong></span> <span class='ocrx_word' id='word_1_201' title='bbox 2055 1450 2069 1500; x_wconf 90' lang='lat'><strong>;</strong></span> <span class='ocrx_word' id='word_1_202' title='bbox 2099 1432 2373 1487; x_wconf 87' lang='lat' dir='ltr'><strong>credimus</strong></span> <span class='ocrx_word' id='word_1_203' title='bbox 2398 1441 2631 1498; x_wconf 82' lang='lat' dir='ltr'><strong>namque</strong></span> <span class='ocrx_word' id='word_1_204' title='bbox 2661 1426 2809 1481; x_wconf 90' lang='lat' dir='ltr'><strong>illum</strong></span> <span class='ocrx_word' id='word_1_205' title='bbox 2850 1439 2977 1479; x_wconf 82' lang='lat' dir='ltr'><strong>vere</strong></span> <span class='ocrx_word' id='word_1_206' title='bbox 3007 1438 3070 1477; x_wconf 88' lang='lat' dir='ltr'><strong>ac</strong></span> <span class='ocrx_word' id='word_1_207' title='bbox 3116 1420 3435 1500; x_wconf 74' lang='lat' dir='ltr'><strong>naturaliter</strong></span> 
     </span>
    </p>
   </div>
   <div class='ocr_carea' id='block_1_30' title="bbox 1866 1498 3435 1590">
    <p class='ocr_par' dir='ltr' id='par_1_30' title="bbox 1866 1498 3435 1590">
     <span class='ocr_line' id='line_1_30' title="bbox 1866 1498 3435 1590; baseline -0.009 -10"><span class='ocrx_word' id='word_1_208' title='bbox 1866 1541 1939 1580; x_wconf 81' lang='lat' dir='ltr'><strong>ex-</strong></span> <span class='ocrx_word' id='word_1_209' title='bbox 1985 1498 2147 1579; x_wconf 83' lang='lat' dir='ltr'><strong>Patre</strong></span> <span class='ocrx_word' id='word_1_210' title='bbox 2198 1521 2435 1590; x_wconf 90' lang='lat' dir='ltr'><strong>genitum</strong></span> <span class='ocrx_word' id='word_1_211' title='bbox 2483 1532 2627 1573; x_wconf 90' lang='lat' dir='ltr'><strong>esse.</strong></span> <span class='ocrx_word' id='word_1_212' title='bbox 2673 1516 2743 1570; x_wconf 83' lang='lat' dir='ltr'><strong>At</strong></span> <span class='ocrx_word' id='word_1_213' title='bbox 2786 1514 3056 1585; x_wconf 89' lang='lat' dir='ltr'><strong>quomodo</strong></span> <span class='ocrx_word' id='word_1_214' title='bbox 3111 1511 3158 1567; x_wconf 87' lang='lat' dir='ltr'><strong>is</strong></span> <span class='ocrx_word' id='word_1_215' title='bbox 3211 1498 3435 1584; x_wconf 78' lang='lat' dir='ltr'><strong>(inquis)</strong></span> 
     </span>
    </p>
   </div>
   <div class='ocr_carea' id='block_1_31' title="bbox 1869 1597 3435 1683">
    <p class='ocr_par' dir='ltr' id='par_1_31' title="bbox 1869 1597 3435 1683">
     <span class='ocr_line' id='line_1_31' title="bbox 1869 1597 3435 1683; baseline -0.008 -14"><span class='ocrx_word' id='word_1_216' title='bbox 1869 1616 2073 1683; x_wconf 77' lang='lat' dir='ltr'><strong>angelis</strong></span> <span class='ocrx_word' id='word_1_217' title='bbox 2108 1614 2283 1667; x_wconf 92' lang='lat' dir='ltr'><strong>minor</strong></span> <span class='ocrx_word' id='word_1_218' title='bbox 2305 1612 2500 1673; x_wconf 85' lang='lat' dir='ltr'><strong>evasit,</strong></span> <span class='ocrx_word' id='word_1_219' title='bbox 2532 1610 2627 1678; x_wconf 86' lang='lat' dir='ltr'><strong>qui</strong></span> <span class='ocrx_word' id='word_1_220' title='bbox 2661 1608 2729 1662; x_wconf 89' lang='lat' dir='ltr'><strong>ab</strong></span> <span class='ocrx_word' id='word_1_221' title='bbox 2765 1597 2871 1661; x_wconf 80' lang='lat' dir='ltr'><strong>iliis</strong></span> <span class='ocrx_word' id='word_1_222' title='bbox 2909 1607 3187 1669; x_wconf 88' lang='lat' dir='ltr'><strong>adoratur,</strong></span> <span class='ocrx_word' id='word_1_223' title='bbox 3220 1618 3435 1673; x_wconf 85' lang='lat' dir='ltr'><strong>unaque</strong></span> 
     </span>
    </p>
   </div>
   <div class='ocr_carea' id='block_1_32' title="bbox 1867 1694 3437 1769">
    <p class='ocr_par' dir='ltr' id='par_1_32' title="bbox 1867 1694 3437 1769">
     <span class='ocr_line' id='line_1_32' title="bbox 1867 1694 3437 1769; baseline -0.006 -12"><span class='ocrx_word' id='word_1_224' title='bbox 1867 1718 1991 1757; x_wconf 89' lang='lat' dir='ltr'><strong>cum</strong></span> <span class='ocrx_word' id='word_1_225' title='bbox 2043 1702 2207 1757; x_wconf 86' lang='lat' dir='ltr'><strong>Patre</strong></span> <span class='ocrx_word' id='word_1_226' title='bbox 2251 1699 2403 1769; x_wconf 79' lang='lat' dir='ltr'><strong>regni</strong></span> <span class='ocrx_word' id='word_1_227' title='bbox 2448 1698 2642 1754; x_wconf 82' lang='lat' dir='ltr'><strong>solium</strong></span> <span class='ocrx_word' id='word_1_228' title='bbox 2695 1694 3022 1751; x_wconf 68' lang='lat' dir='ltr'><strong>obtinetiln</strong></span> <span class='ocrx_word' id='word_1_229' title='bbox 3065 1704 3314 1764; x_wconf 89' lang='lat' dir='ltr'><strong>promptu</strong></span> <span class='ocrx_word' id='word_1_230' title='bbox 3351 1702 3437 1748; x_wconf 88' lang='lat' dir='ltr'><strong>est</strong></span> 
     </span>
    </p>
   </div>
   <div class='ocr_carea' id='block_1_33' title="bbox 1872 1788 3436 1861">
    <p class='ocr_par' dir='ltr' id='par_1_33' title="bbox 1872 1788 3436 1861">
     <span class='ocr_line' id='line_1_33' title="bbox 1872 1788 3436 1861; baseline -0.005 -14"><span class='ocrx_word' id='word_1_231' title='bbox 1872 1792 2155 1861; x_wconf 82' lang='lat' dir='ltr'><strong>responsio</strong></span> <span class='ocrx_word' id='word_1_232' title='bbox 2189 1808 2204 1847; x_wconf 90' lang='lat'><strong>:</strong></span> <span class='ocrx_word' id='word_1_233' title='bbox 2234 1806 2357 1845; x_wconf 89' lang='lat' dir='ltr'><strong>nam</strong></span> <span class='ocrx_word' id='word_1_234' title='bbox 2386 1804 2612 1858; x_wconf 90' lang='lat' dir='ltr'><strong>corpore</strong></span> <span class='ocrx_word' id='word_1_235' title='bbox 2645 1790 2787 1857; x_wconf 92' lang='lat' dir='ltr'><strong>quod</strong></span> <span class='ocrx_word' id='word_1_236' title='bbox 2823 1788 2958 1843; x_wconf 92' lang='lat' dir='ltr'><strong>mori</strong></span> <span class='ocrx_word' id='word_1_237' title='bbox 2992 1794 3194 1858; x_wconf 83' lang='lat' dir='ltr'><strong>posset,</strong></span> <span class='ocrx_word' id='word_1_238' title='bbox 3222 1800 3436 1841; x_wconf 81' lang='lat' dir='ltr'><strong>assum-</strong></span> 
     </span>
    </p>
   </div>
   <div class='ocr_carea' id='block_1_34' title="bbox 200 1875 1783 1955">
    <p class='ocr_par' dir='ltr' id='par_1_34' title="bbox 200 1875 1766 1954">
     <span class='ocr_line' id='line_1_34' title="bbox 200 1875 1766 1954; baseline 0.006 -26"><span class='ocrx_word' id='word_1_239' title='bbox 200 1875 324 1941; x_wconf 75' lang='grc' dir='ltr'>εὼν,</span> <span class='ocrx_word' id='word_1_240' title='bbox 362 1878 494 1933; x_wconf 80' lang='grc' dir='ltr'>ῐδιόν</span> <span class='ocrx_word' id='word_1_241' title='bbox 526 1897 583 1933; x_wconf 86' lang='grc' dir='ltr'><strong>τε</strong></span> <span class='ocrx_word' id='word_1_242' title='bbox 611 1880 743 1935; x_wconf 83' lang='grc' dir='ltr'>αὐτὸ</span> <span class='ocrx_word' id='word_1_243' title='bbox 788 1882 1172 1951; x_wconf 82' lang='grc' dir='ltr'><strong>ποιησάμενος,</strong></span> <span class='ocrx_word' id='word_1_244' title='bbox 1207 1886 1266 1937; x_wconf 79' lang='grc' dir='ltr'>έν</span> <span class='ocrx_word' id='word_1_245' title='bbox 1316 1883 1464 1954; x_wconf 86' lang='grc' dir='ltr'>αὑτῷ</span> <span class='ocrx_word' id='word_1_246' title='bbox 1502 1884 1766 1939; x_wconf 84' lang='grc' dir='ltr'>πέπονθεν</span> 
     </span>
    </p>
   </div>
   <div class='ocr_carea' id='block_1_35' title="bbox 1871 1875 3437 1955">
    <p class='ocr_par' dir='ltr' id='par_1_35' title="bbox 1871 1876 3437 1955">
     <span class='ocr_line' id='line_1_35' title="bbox 1871 1876 3437 1955; baseline -0.006 -16"><span class='ocrx_word' id='word_1_247' title='bbox 1871 1894 1983 1955; x_wconf 92' lang='lat' dir='ltr'><strong>pto,</strong></span> <span class='ocrx_word' id='word_1_248' title='bbox 2020 1884 2083 1938; x_wconf 89' lang='lat' dir='ltr'><strong>ad</strong></span> <span class='ocrx_word' id='word_1_249' title='bbox 2116 1883 2365 1937; x_wconf 71' lang='lat' dir='ltr'><strong>humanae</strong></span> <span class='ocrx_word' id='word_1_250' title='bbox 2395 1892 2601 1934; x_wconf 70' lang='lat' dir='ltr'><strong>natura:</strong></span> <span class='ocrx_word' id='word_1_251' title='bbox 2631 1878 2968 1933; x_wconf 84' lang='lat' dir='ltr'><strong>infirmitates</strong></span> <span class='ocrx_word' id='word_1_252' title='bbox 3003 1877 3240 1946; x_wconf 90' lang='lat' dir='ltr'><strong>seipsum</strong></span> <span class='ocrx_word' id='word_1_253' title='bbox 3268 1876 3437 1930; x_wconf 84' lang='lat' dir='ltr'><strong>demi-</strong></span> 
     </span>
    </p>
   </div>
   <div class='ocr_carea' id='block_1_36' title="bbox 200 1969 1767 2044">
    <p class='ocr_par' dir='ltr' id='par_1_36' title="bbox 200 1969 1767 2044">
     <span class='ocr_line' id='line_1_36' title="bbox 200 1969 1767 2044; baseline 0.006 -23"><span class='ocrx_word' id='word_1_254' title='bbox 200 1969 356 2030; x_wconf 82' lang='grc' dir='ltr'>ὲκὼν.</span> <span class='ocrx_word' id='word_1_255' title='bbox 389 1972 485 2029; x_wconf 76' lang='grc' dir='ltr'>καὶ</span> <span class='ocrx_word' id='word_1_256' title='bbox 523 1975 643 2035; x_wconf 79' lang='grc' dir='ltr'>ταῖς</span> <span class='ocrx_word' id='word_1_257' title='bbox 690 1972 951 2027; x_wconf 82' lang='grc' dir='ltr'><strong>ἀνωτάτω</strong></span> <span class='ocrx_word' id='word_1_258' title='bbox 984 1975 1161 2039; x_wconf 79' lang='grc' dir='ltr'>δόξαις</span> <span class='ocrx_word' id='word_1_259' title='bbox 1192 1975 1549 2044; x_wconf 80' lang='grc' dir='ltr'>στεφανοῦται</span> <span class='ocrx_word' id='word_1_260' title='bbox 1579 1976 1664 2031; x_wconf 90' lang='grc' dir='ltr'><strong>διά</strong></span> <span class='ocrx_word' id='word_1_261' title='bbox 1705 1978 1767 2030; x_wconf 77' lang='grc' dir='ltr'>τὸ</span> 
     </span>
    </p>
   </div>
   <div class='ocr_carea' id='block_1_37' title="bbox 204 2063 1767 2137">
    <p class='ocr_par' dir='ltr' id='par_1_37' title="bbox 204 2063 1767 2137">
     <span class='ocr_line' id='line_1_37' title="bbox 204 2063 1767 2137; baseline 0.004 -22"><span class='ocrx_word' id='word_1_262' title='bbox 204 2063 386 2129; x_wconf 80' lang='grc' dir='ltr'>πάθος,</span> <span class='ocrx_word' id='word_1_263' title='bbox 415 2065 494 2128; x_wconf 87' lang='grc' dir='ltr'><strong>ώς</strong></span> <span class='ocrx_word' id='word_1_264' title='bbox 535 2065 602 2119; x_wconf 85' lang='grc' dir='ltr'>δι’</span> <span class='ocrx_word' id='word_1_265' title='bbox 631 2065 796 2119; x_wconf 81' lang='grc' dir='ltr'>αὑτοῦ</span> <span class='ocrx_word' id='word_1_266' title='bbox 844 2068 1198 2137; x_wconf 85' lang='grc' dir='ltr'>καταργήσας</span> <span class='ocrx_word' id='word_1_267' title='bbox 1247 2068 1338 2120; x_wconf 79' lang='grc' dir='ltr'>τὸν</span> <span class='ocrx_word' id='word_1_268' title='bbox 1376 2069 1623 2135; x_wconf 89' lang='grc' dir='ltr'>θάνατον,</span> <span class='ocrx_word' id='word_1_269' title='bbox 1674 2069 1767 2122; x_wconf 76' lang='grc' dir='ltr'>καὶ</span> 
     </span>
    </p>
   </div>
   <div class='ocr_carea' id='block_1_38' title="bbox 200 2154 1769 2230">
    <p class='ocr_par' dir='ltr' id='par_1_38' title="bbox 200 2154 1769 2230">
     <span class='ocr_line' id='line_1_38' title="bbox 200 2154 1769 2230; baseline 0.004 -25"><span class='ocrx_word' id='word_1_270' title='bbox 200 2154 477 2223; x_wconf 78' lang='grc' dir='ltr'>ἄπρακτον</span> <span class='ocrx_word' id='word_1_271' title='bbox 502 2156 787 2225; x_wconf 82' lang='grc' dir='ltr'>ἀποφήνας</span> <span class='ocrx_word' id='word_1_272' title='bbox 816 2156 914 2228; x_wconf 82' lang='grc' dir='ltr'><strong>τήν</strong></span> <span class='ocrx_word' id='word_1_273' title='bbox 949 2157 1174 2229; x_wconf 85' lang='grc' dir='ltr'>φθοράν,</span> <span class='ocrx_word' id='word_1_274' title='bbox 1224 2159 1319 2213; x_wconf 82' lang='grc' dir='ltr'>ἆτε</span> <span class='ocrx_word' id='word_1_275' title='bbox 1358 2159 1422 2230; x_wconf 83' lang='grc' dir='ltr'>δὴ</span> <span class='ocrx_word' id='word_1_276' title='bbox 1464 2160 1557 2213; x_wconf 65' lang='grc' dir='ltr'><strong>καλ⁵</strong></span> <span class='ocrx_word' id='word_1_277' title='bbox 1603 2160 1769 2230; x_wconf 83' lang='grc' dir='ltr'>ὑπάρ·</span> 
     </span>
    </p>
   </div>
   <div class='ocr_carea' id='block_1_39' title="bbox 201 2246 1764 2321">
    <p class='ocr_par' dir='ltr' id='par_1_39' title="bbox 201 2246 1764 2321">
     <span class='ocr_line' id='line_1_39' title="bbox 201 2246 1764 2321; baseline 0.003 -21"><span class='ocrx_word' id='word_1_278' title='bbox 201 2262 300 2312; x_wconf 73' lang='grc' dir='ltr'><strong>κων</strong></span> <span class='ocrx_word' id='word_1_279' title='bbox 330 2246 612 2316; x_wconf 83' lang='grc' dir='ltr'>ἀφθαρσία</span> <span class='ocrx_word' id='word_1_280' title='bbox 653 2252 747 2300; x_wconf 72' lang='grc' dir='ltr'><strong>καὶ</strong></span> <span class='ocrx_word' id='word_1_281' title='bbox 776 2248 909 2318; x_wconf 78' lang='grc' dir='ltr'>ζωή.</span> <span class='ocrx_word' id='word_1_282' title='bbox 943 2249 1107 2302; x_wconf 86' lang='grc' dir='ltr'>Ὅταν</span> <span class='ocrx_word' id='word_1_283' title='bbox 1133 2248 1225 2303; x_wconf 81' lang='grc' dir='ltr'><strong>οὖν</strong></span> <span class='ocrx_word' id='word_1_284' title='bbox 1263 2250 1467 2320; x_wconf 82' lang='grc' dir='ltr'>Ἰησοῦν</span> <span class='ocrx_word' id='word_1_285' title='bbox 1490 2250 1764 2321; x_wconf 75' lang='grc' dir='ltr'><strong>ὀνομάζει,</strong></span> 
     </span>
    </p>
   </div>
   <div class='ocr_carea' id='block_1_40' title="bbox 200 2335 1766 2408">
    <p class='ocr_par' dir='ltr' id='par_1_40' title="bbox 200 2335 1766 2408">
     <span class='ocr_line' id='line_1_40' title="bbox 200 2335 1766 2408; baseline 0.005 -23"><span class='ocrx_word' id='word_1_286' title='bbox 200 2335 288 2386; x_wconf 75' lang='grc' dir='ltr'>καὶ</span> <span class='ocrx_word' id='word_1_287' title='bbox 333 2336 676 2404; x_wconf 73' lang='grc' dir='ltr'>ἠλαττῶσθαι</span> <span class='ocrx_word' id='word_1_288' title='bbox 724 2338 871 2404; x_wconf 82' lang='grc' dir='ltr'>λέγει</span> <span class='ocrx_word' id='word_1_289' title='bbox 917 2339 1064 2408; x_wconf 90' lang='grc' dir='ltr'><strong>παρά</strong></span> <span class='ocrx_word' id='word_1_290' title='bbox 1116 2341 1241 2402; x_wconf 84' lang='grc' dir='ltr'>τοὺς</span> <span class='ocrx_word' id='word_1_291' title='bbox 1279 2339 1542 2407; x_wconf 83' lang='grc' dir='ltr'>ἀγγέλους</span> <span class='ocrx_word' id='word_1_292' title='bbox 1586 2340 1766 2405; x_wconf 83' lang='grc' dir='ltr'>αὑτὸν,</span> 
     </span>
    </p>
   </div>
   <div class='ocr_carea' id='block_1_41' title="bbox 200 2427 1769 2499">
    <p class='ocr_par' dir='ltr' id='par_1_41' title="bbox 200 2427 1769 2499">
     <span class='ocr_line' id='line_1_41' title="bbox 200 2427 1769 2499; baseline 0.004 -25"><span class='ocrx_word' id='word_1_293' title='bbox 200 2427 293 2477; x_wconf 81' lang='grc' dir='ltr'><strong>οὑκ</strong></span> <span class='ocrx_word' id='word_1_294' title='bbox 315 2427 603 2497; x_wconf 79' lang='grc' dir='ltr'>ἄνθρωπον</span> <span class='ocrx_word' id='word_1_295' title='bbox 630 2427 733 2482; x_wconf 82' lang='grc' dir='ltr'>ἁνά</span> <span class='ocrx_word' id='word_1_296' title='bbox 761 2428 925 2499; x_wconf 84' lang='grc' dir='ltr'>μέρος</span> <span class='ocrx_word' id='word_1_297' title='bbox 953 2429 1045 2481; x_wconf 76' lang='grc' dir='ltr'><strong>καὶ</strong></span> <span class='ocrx_word' id='word_1_298' title='bbox 1077 2428 1278 2491; x_wconf 84' lang='grc' dir='ltr'>ίδικῶς,</span> <span class='ocrx_word' id='word_1_299' title='bbox 1308 2428 1421 2480; x_wconf 86' lang='grc' dir='ltr'>ἀλλ’</span> <span class='ocrx_word' id='word_1_300' title='bbox 1443 2430 1604 2481; x_wconf 82' lang='grc' dir='ltr'>αὐτὸν</span> <span class='ocrx_word' id='word_1_301' title='bbox 1628 2428 1769 2481; x_wconf 82' lang='grc' dir='ltr'>νοοῦ-</span> 
     </span>
    </p>
   </div>
   <div class='ocr_carea' id='block_1_42' title="bbox 204 2518 1769 2592">
    <p class='ocr_par' dir='ltr' id='par_1_42' title="bbox 204 2518 1769 2592">
     <span class='ocr_line' id='line_1_42' title="bbox 204 2518 1769 2592; baseline 0.002 -24"><span class='ocrx_word' id='word_1_302' title='bbox 204 2535 312 2585; x_wconf 69' lang='grc' dir='ltr'>μεν*</span> <span class='ocrx_word' id='word_1_303' title='bbox 338 2518 429 2571; x_wconf 84' lang='grc' dir='ltr'>τὸν</span> <span class='ocrx_word' id='word_1_304' title='bbox 477 2520 755 2588; x_wconf 80' lang='grc' dir='ltr'>Μονογενῆ</span> <span class='ocrx_word' id='word_1_305' title='bbox 809 2519 1238 2592; x_wconf 81' lang='grc' dir='ltr'>παραχωροῦντα</span> <span class='ocrx_word' id='word_1_306' title='bbox 1271 2519 1365 2572; x_wconf 82' lang='grc' dir='ltr'>τοῦ</span> <span class='ocrx_word' id='word_1_307' title='bbox 1401 2520 1659 2590; x_wconf 69' lang='grc' dir='ltr'>προῦχειν</span> <span class='ocrx_word' id='word_1_308' title='bbox 1700 2522 1769 2572; x_wconf 81' lang='lat' dir='ltr'><strong>oi-</strong></span> 
     </span>
    </p>
   </div>
   <div class='ocr_carea' id='block_1_43' title="bbox 200 2606 1771 2681">
    <p class='ocr_par' dir='ltr' id='par_1_43' title="bbox 200 2606 1771 2681">
     <span class='ocr_line' id='line_1_43' title="bbox 200 2606 1771 2681; baseline 0.004 -24"><span class='ocrx_word' id='word_1_309' title='bbox 200 2606 503 2675; x_wconf 81' lang='grc' dir='ltr'>κονομικῶς</span> <span class='ocrx_word' id='word_1_310' title='bbox 530 2611 642 2670; x_wconf 85' lang='grc' dir='ltr'>τοῖς</span> <span class='ocrx_word' id='word_1_311' title='bbox 672 2610 849 2677; x_wconf 82' lang='grc' dir='ltr'>ἀγίοις</span> <span class='ocrx_word' id='word_1_312' title='bbox 890 2611 1141 2678; x_wconf 87' lang='grc' dir='ltr'>ἀγγέλοις</span> <span class='ocrx_word' id='word_1_313' title='bbox 1167 2626 1179 2640; x_wconf 92' lang='grc'><strong>·</strong></span> <span class='ocrx_word' id='word_1_314' title='bbox 1231 2612 1310 2664; x_wconf 83' lang='grc' dir='ltr'><strong>δτι</strong></span> <span class='ocrx_word' id='word_1_315' title='bbox 1358 2612 1583 2681; x_wconf 79' lang='grc' dir='ltr'>ἀληθείᾳ</span> <span class='ocrx_word' id='word_1_316' title='bbox 1620 2612 1771 2678; x_wconf 79' lang='grc' dir='ltr'>γέγο-</span> 
     </span>
    </p>
   </div>
   <div class='ocr_carea' id='block_1_44' title="bbox 200 2696 1770 2771">
    <p class='ocr_par' dir='ltr' id='par_1_44' title="bbox 200 2696 1770 2771">
     <span class='ocr_line' id='line_1_44' title="bbox 200 2696 1770 2771; baseline 0.005 -25"><span class='ocrx_word' id='word_1_317' title='bbox 200 2712 282 2746; x_wconf 81' lang='grc' dir='ltr'><strong>νεν</strong></span> <span class='ocrx_word' id='word_1_318' title='bbox 306 2696 593 2766; x_wconf 70' lang='grc' dir='ltr'>ἅνθρωπος</span> <span class='ocrx_word' id='word_1_319' title='bbox 615 2699 643 2751; x_wconf 89' lang='lat'><strong>6</strong></span> <span class='ocrx_word' id='word_1_320' title='bbox 665 2699 761 2769; x_wconf 79' lang='grc' dir='ltr'>τῆς</span> <span class='ocrx_word' id='word_1_321' title='bbox 792 2701 1012 2755; x_wconf 73' lang='grc' dir='ltr'>ἐκείνων</span> <span class='ocrx_word' id='word_1_322' title='bbox 1036 2702 1307 2770; x_wconf 81' lang='grc' dir='ltr'>ὑπεροχῆς</span> <span class='ocrx_word' id='word_1_323' title='bbox 1334 2702 1659 2771; x_wconf 79' lang='grc' dir='ltr'>ἡττώμενος.</span> <span class='ocrx_word' id='word_1_324' title='bbox 1689 2702 1770 2755; x_wconf 86' lang='grc' dir='ltr'><strong>Τά</strong></span> 
     </span>
    </p>
   </div>
   <div class='ocr_carea' id='block_1_45' title="bbox 200 2781 1769 2857">
    <p class='ocr_par' dir='ltr' id='par_1_45' title="bbox 200 2781 1769 2857">
     <span class='ocr_line' id='line_1_45' title="bbox 200 2781 1769 2857; baseline 0.007 -25"><span class='ocrx_word' id='word_1_325' title='bbox 200 2781 249 2833; x_wconf 80' lang='grc' dir='ltr'>δὲ</span> <span class='ocrx_word' id='word_1_326' title='bbox 283 2784 383 2851; x_wconf 79' lang='grc' dir='ltr'>τῆς</span> <span class='ocrx_word' id='word_1_327' title='bbox 415 2785 690 2854; x_wconf 84' lang='grc' dir='ltr'>ὑπεροχῆς</span> <span class='ocrx_word' id='word_1_328' title='bbox 729 2789 838 2849; x_wconf 85' lang='grc' dir='ltr'>τοῖς</span> <span class='ocrx_word' id='word_1_329' title='bbox 883 2788 1057 2853; x_wconf 81' lang='grc' dir='ltr'>ἁγίοις</span> <span class='ocrx_word' id='word_1_330' title='bbox 1090 2789 1361 2857; x_wconf 78' lang='grc' dir='ltr'>ἀγγέλοις,</span> <span class='ocrx_word' id='word_1_331' title='bbox 1408 2791 1489 2843; x_wconf 87' lang='grc' dir='ltr'><strong>ὅτι</strong></span> <span class='ocrx_word' id='word_1_332' title='bbox 1533 2792 1625 2843; x_wconf 75' lang='grc' dir='ltr'><strong>καὶ</strong></span> <span class='ocrx_word' id='word_1_333' title='bbox 1666 2790 1769 2855; x_wconf 71' lang='grc' dir='ltr'><strong>ἔξω</strong></span> 
     </span>
    </p>
   </div>
   <div class='ocr_carea' id='block_1_46' title="bbox 202 2873 1769 2949">
    <p class='ocr_par' dir='ltr' id='par_1_46' title="bbox 202 2873 1769 2949">
     <span class='ocr_line' id='line_1_46' title="bbox 202 2873 1769 2949; baseline 0.008 -28"><span class='ocrx_word' id='word_1_334' title='bbox 202 2873 424 2940; x_wconf 76' lang='grc' dir='ltr'>σαρκὸς;</span> <span class='ocrx_word' id='word_1_335' title='bbox 466 2876 558 2927; x_wconf 76' lang='grc' dir='ltr'>καὶ</span> <span class='ocrx_word' id='word_1_336' title='bbox 601 2875 688 2927; x_wconf 69' lang='grc' dir='ltr'>τοῦ</span> <span class='ocrx_word' id='word_1_337' title='bbox 734 2876 981 2932; x_wconf 73' lang='grc' dir='ltr'>τεθνάναι</span> <span class='ocrx_word' id='word_1_338' title='bbox 1012 2881 1290 2949; x_wconf 82' lang='grc' dir='ltr'>κρείττους</span> <span class='ocrx_word' id='word_1_339' title='bbox 1324 2883 1451 2933; x_wconf 72' lang='grc' dir='ltr'>εἰσί*</span> <span class='ocrx_word' id='word_1_340' title='bbox 1486 2882 1769 2949; x_wconf 90' lang='grc' dir='ltr'>γεγονότος</span> 
     </span>
    </p>
   </div>
   <div class='ocr_carea' id='block_1_47' title="bbox 200 2962 1767 3035">
    <p class='ocr_par' dir='ltr' id='par_1_47' title="bbox 200 2962 1767 3035">
     <span class='ocr_line' id='line_1_47' title="bbox 200 2962 1767 3035; baseline 0.008 -25"><span class='ocrx_word' id='word_1_341' title='bbox 200 2962 250 3011; x_wconf 81' lang='grc' dir='ltr'><strong>ὲν</strong></span> <span class='ocrx_word' id='word_1_342' title='bbox 273 2962 484 3026; x_wconf 87' lang='grc' dir='ltr'>τούτοις</span> <span class='ocrx_word' id='word_1_343' title='bbox 510 2964 603 3015; x_wconf 79' lang='grc' dir='ltr'>τοῦ</span> <span class='ocrx_word' id='word_1_344' title='bbox 635 2964 763 3017; x_wconf 81' lang='grc' dir='ltr'>Υίοῦ</span> <span class='ocrx_word' id='word_1_345' title='bbox 792 2967 881 3018; x_wconf 82' lang='grc' dir='ltr'>διὰ</span> <span class='ocrx_word' id='word_1_346' title='bbox 916 2969 1012 3035; x_wconf 84' lang='grc' dir='ltr'>τὴν</span> <span class='ocrx_word' id='word_1_347' title='bbox 1044 2969 1291 3023; x_wconf 80' lang='grc' dir='ltr'>ἑκούσιον</span> <span class='ocrx_word' id='word_1_348' title='bbox 1324 2972 1571 3023; x_wconf 83' lang='grc' dir='ltr'>κένωσιν.</span> <span class='ocrx_word' id='word_1_349' title='bbox 1630 2970 1767 3022; x_wconf 82' lang='grc' dir='ltr'>Ἀλλ’</span> 
     </span>
    </p>
   </div>
   <div class='ocr_carea' id='block_1_48' title="bbox 200 3050 1767 3131">
    <p class='ocr_par' dir='ltr' id='par_1_48' title="bbox 200 3050 1767 3131">
     <span class='ocr_line' id='line_1_48' title="bbox 200 3050 1767 3131; baseline 0.01 -31"><span class='ocrx_word' id='word_1_350' title='bbox 200 3052 222 3099; x_wconf 77' lang='grc' dir='ltr'><strong>ό</strong></span> <span class='ocrx_word' id='word_1_351' title='bbox 259 3050 435 3121; x_wconf 77' lang='grc' dir='ltr'>βραχὺ</span> <span class='ocrx_word' id='word_1_352' title='bbox 470 3056 599 3123; x_wconf 82' lang='grc' dir='ltr'>παρ’</span> <span class='ocrx_word' id='word_1_353' title='bbox 644 3056 909 3123; x_wconf 80' lang='grc' dir='ltr'>ἀγγέλους</span> <span class='ocrx_word' id='word_1_354' title='bbox 950 3058 1329 3129; x_wconf 79' lang='grc' dir='ltr'>ὴλαττωμένος</span> <span class='ocrx_word' id='word_1_355' title='bbox 1357 3062 1445 3114; x_wconf 90' lang='grc' dir='ltr'><strong>διά</strong></span> <span class='ocrx_word' id='word_1_356' title='bbox 1492 3078 1553 3126; x_wconf 92' lang='grc' dir='ltr'><strong>γε</strong></span> <span class='ocrx_word' id='word_1_357' title='bbox 1582 3062 1639 3115; x_wconf 76' lang='grc' dir='ltr'><strong>τὸ</strong></span> <span class='ocrx_word' id='word_1_358' title='bbox 1671 3062 1767 3131; x_wconf 84' lang='grc' dir='ltr'><strong>τῆς</strong></span> 
     </span>
    </p>
   </div>
   <div class='ocr_carea' id='block_1_49' title="bbox 200 3142 1766 3222">
    <p class='ocr_par' dir='ltr' id='par_1_49' title="bbox 200 3142 1766 3222">
     <span class='ocr_line' id='line_1_49' title="bbox 200 3142 1766 3222; baseline 0.005 -26"><span class='ocrx_word' id='word_1_359' title='bbox 200 3142 613 3213; x_wconf 84' lang='grc' dir='ltr'>ἀνθρωπότητος</span> <span class='ocrx_word' id='word_1_360' title='bbox 668 3147 898 3216; x_wconf 89' lang='grc' dir='ltr'>μέτρον,</span> <span class='ocrx_word' id='word_1_361' title='bbox 952 3150 1009 3201; x_wconf 80' lang='grc' dir='ltr'><strong>έν</strong></span> <span class='ocrx_word' id='word_1_362' title='bbox 1058 3150 1295 3221; x_wconf 80' lang='grc' dir='ltr'>ὑπεροχῇ</span> <span class='ocrx_word' id='word_1_363' title='bbox 1355 3152 1605 3222; x_wconf 80' lang='grc' dir='ltr'>θεότητος</span> <span class='ocrx_word' id='word_1_364' title='bbox 1650 3154 1766 3217; x_wconf 82' lang='grc' dir='ltr'>ὢν,</span> 
     </span>
    </p>
   </div>
   <div class='ocr_carea' id='block_1_50' title="bbox 1870 1971 3433 2041">
    <p class='ocr_par' dir='ltr' id='par_1_50' title="bbox 1870 1971 3433 2041">
     <span class='ocr_line' id='line_1_50' title="bbox 1870 1971 3433 2041; baseline -0.008 -10"><span class='ocrx_word' id='word_1_365' title='bbox 1870 1976 1961 2038; x_wconf 84' lang='lat' dir='ltr'><strong>sit,</strong></span> <span class='ocrx_word' id='word_1_366' title='bbox 2014 1975 2068 2027; x_wconf 90' lang='lat' dir='ltr'><strong>iu</strong></span> <span class='ocrx_word' id='word_1_367' title='bbox 2116 1987 2291 2041; x_wconf 92' lang='lat' dir='ltr'><strong>eoque</strong></span> <span class='ocrx_word' id='word_1_368' title='bbox 2332 1972 2497 2026; x_wconf 91' lang='lat' dir='ltr'><strong>veluti</strong></span> <span class='ocrx_word' id='word_1_369' title='bbox 2551 1971 2771 2040; x_wconf 89' lang='lat' dir='ltr'><strong>proprio</strong></span> <span class='ocrx_word' id='word_1_370' title='bbox 2816 1978 3166 2037; x_wconf 86' lang='lat' dir='ltr'><strong>spontaneam</strong></span> <span class='ocrx_word' id='word_1_371' title='bbox 3206 1976 3433 2023; x_wconf 88' lang='lat' dir='ltr'><strong>mortem</strong></span> 
     </span>
    </p>
   </div>
   <div class='ocr_carea' id='block_1_51' title="bbox 1870 2060 3433 2129">
    <p class='ocr_par' dir='ltr' id='par_1_51' title="bbox 1870 2060 3433 2129">
     <span class='ocr_line' id='line_1_51' title="bbox 1870 2060 3433 2129; baseline -0.007 -10"><span class='ocrx_word' id='word_1_372' title='bbox 1870 2064 2148 2119; x_wconf 86' lang='lat' dir='ltr'><strong>sustinuit.</strong></span> <span class='ocrx_word' id='word_1_373' title='bbox 2198 2061 2279 2116; x_wconf 81' lang='grc' dir='ltr'>οι)</span> <span class='ocrx_word' id='word_1_374' title='bbox 2328 2076 2448 2115; x_wconf 88' lang='lat' dir='ltr'><strong>eam</strong></span> <span class='ocrx_word' id='word_1_375' title='bbox 2490 2074 2655 2129; x_wconf 86' lang='lat' dir='ltr'><strong>porro</strong></span> <span class='ocrx_word' id='word_1_376' title='bbox 2706 2069 2937 2115; x_wconf 91' lang='lat' dir='ltr'><strong>mortem</strong></span> <span class='ocrx_word' id='word_1_377' title='bbox 2985 2067 3040 2114; x_wconf 91' lang='lat' dir='ltr'><strong>et</strong></span> <span class='ocrx_word' id='word_1_378' title='bbox 3091 2060 3433 2127; x_wconf 86' lang='lat' dir='ltr'><strong>passionem,</strong></span> 
     </span>
    </p>
   </div>
   <div class='ocr_carea' id='block_1_52' title="bbox 1869 2150 3435 2224">
    <p class='ocr_par' dir='ltr' id='par_1_52' title="bbox 1869 2150 3435 2224">
     <span class='ocr_line' id='line_1_52' title="bbox 1869 2150 3435 2224; baseline -0.006 -13"><span class='ocrx_word' id='word_1_379' title='bbox 1869 2170 2095 2211; x_wconf 79' lang='lat' dir='ltr'><strong>summae</strong></span> <span class='ocrx_word' id='word_1_380' title='bbox 2156 2154 2339 2224; x_wconf 66' lang='lat' dir='ltr'><strong>gloriae</strong></span> <span class='ocrx_word' id='word_1_381' title='bbox 2387 2166 2640 2205; x_wconf 86' lang='lat' dir='ltr'><strong>coronam</strong></span> <span class='ocrx_word' id='word_1_382' title='bbox 2703 2151 3037 2221; x_wconf 88' lang='lat' dir='ltr'><strong>promeruit;</strong></span> <span class='ocrx_word' id='word_1_383' title='bbox 3100 2150 3297 2220; x_wconf 90' lang='lat' dir='ltr'><strong>quippe</strong></span> <span class='ocrx_word' id='word_1_384' title='bbox 3343 2150 3435 2217; x_wconf 90' lang='lat' dir='ltr'><strong>qui</strong></span> 
     </span>
    </p>
   </div>
   <div class='ocr_carea' id='block_1_53' title="bbox 1872 2244 3437 2317">
    <p class='ocr_par' dir='ltr' id='par_1_53' title="bbox 1872 2244 3437 2317">
     <span class='ocr_line' id='line_1_53' title="bbox 1872 2244 3437 2317; baseline -0.004 -17"><span class='ocrx_word' id='word_1_385' title='bbox 1872 2250 2003 2317; x_wconf 89' lang='lat' dir='ltr'><strong>ipse,</strong></span> <span class='ocrx_word' id='word_1_386' title='bbox 2045 2256 2229 2316; x_wconf 90' lang='lat' dir='ltr'><strong>utpote</strong></span> <span class='ocrx_word' id='word_1_387' title='bbox 2258 2244 2363 2298; x_wconf 90' lang='lat' dir='ltr'><strong>vita</strong></span> <span class='ocrx_word' id='word_1_388' title='bbox 2409 2253 2463 2296; x_wconf 92' lang='lat' dir='ltr'><strong>et</strong></span> <span class='ocrx_word' id='word_1_389' title='bbox 2514 2244 2847 2312; x_wconf 87' lang='lat' dir='ltr'><strong>mcorruptio</strong></span> <span class='ocrx_word' id='word_1_390' title='bbox 2878 2244 3168 2308; x_wconf 79' lang='lat' dir='ltr'><strong>cxsistens,</strong></span> <span class='ocrx_word' id='word_1_391' title='bbox 3200 2252 3255 2298; x_wconf 93' lang='lat' dir='ltr'><strong>et</strong></span> <span class='ocrx_word' id='word_1_392' title='bbox 3290 2257 3437 2295; x_wconf 88' lang='lat' dir='ltr'><strong>mor-</strong></span> 
     </span>
    </p>
   </div>
   <div class='ocr_carea' id='block_1_54' title="bbox 1872 2332 3434 2407">
    <p class='ocr_par' dir='ltr' id='par_1_54' title="bbox 1872 2332 3434 2407">
     <span class='ocr_line' id='line_1_54' title="bbox 1872 2332 3434 2407; baseline -0.006 -14"><span class='ocrx_word' id='word_1_393' title='bbox 1872 2349 2095 2407; x_wconf 86' lang='lat' dir='ltr'><strong>temper</strong></span> <span class='ocrx_word' id='word_1_394' title='bbox 2126 2338 2269 2391; x_wconf 88' lang='lat' dir='ltr'><strong>illam</strong></span> <span class='ocrx_word' id='word_1_395' title='bbox 2301 2333 2621 2399; x_wconf 80' lang='lat' dir='ltr'><strong>aboleverit,</strong></span> <span class='ocrx_word' id='word_1_396' title='bbox 2658 2343 2712 2387; x_wconf 92' lang='lat' dir='ltr'><strong>et</strong></span> <span class='ocrx_word' id='word_1_397' title='bbox 2743 2333 3142 2404; x_wconf 83' lang='lat' dir='ltr'><strong>corruptionem</strong></span> <span class='ocrx_word' id='word_1_398' title='bbox 3170 2332 3434 2385; x_wconf 91' lang='lat' dir='ltr'><strong>nullarum</strong></span> 
     </span>
    </p>
   </div>
   <div class='ocr_carea' id='block_1_55' title="bbox 1871 2423 3440 2493">
    <p class='ocr_par' dir='ltr' id='par_1_55' title="bbox 1871 2423 3440 2493">
     <span class='ocr_line' id='line_1_55' title="bbox 1871 2423 3440 2493; baseline -0.008 -8"><span class='ocrx_word' id='word_1_399' title='bbox 1871 2433 2066 2485; x_wconf 73' lang='lat' dir='ltr'><strong>virium</strong></span> <span class='ocrx_word' id='word_1_400' title='bbox 2119 2444 2243 2483; x_wconf 87' lang='lat' dir='ltr'><strong>esse</strong></span> <span class='ocrx_word' id='word_1_401' title='bbox 2284 2427 2665 2482; x_wconf 87' lang='lat' dir='ltr'><strong>declaraverit.</strong></span> <span class='ocrx_word' id='word_1_402' title='bbox 2703 2424 2837 2479; x_wconf 89' lang='lat' dir='ltr'><strong>Cum</strong></span> <span class='ocrx_word' id='word_1_403' title='bbox 2869 2423 3049 2479; x_wconf 84' lang='lat' dir='ltr'><strong>Jesum</strong></span> <span class='ocrx_word' id='word_1_404' title='bbox 3098 2438 3225 2493; x_wconf 90' lang='lat' dir='ltr'><strong>ergo</strong></span> <span class='ocrx_word' id='word_1_405' title='bbox 3264 2425 3440 2476; x_wconf 87' lang='lat' dir='ltr'><strong>uomi-</strong></span> 
     </span>
    </p>
   </div>
   <div class='ocr_carea' id='block_1_56' title="bbox 1871 2517 3439 2589">
    <p class='ocr_par' dir='ltr' id='par_1_56' title="bbox 1871 2517 3439 2589">
     <span class='ocr_line' id='line_1_56' title="bbox 1871 2517 3439 2589; baseline -0.005 -12"><span class='ocrx_word' id='word_1_406' title='bbox 1871 2533 1983 2589; x_wconf 90' lang='lat' dir='ltr'><strong>nat,</strong></span> <span class='ocrx_word' id='word_1_407' title='bbox 2018 2530 2074 2578; x_wconf 90' lang='lat' dir='ltr'><strong>et</strong></span> <span class='ocrx_word' id='word_1_408' title='bbox 2110 2521 2314 2589; x_wconf 77' lang='lat' dir='ltr'><strong>angelis</strong></span> <span class='ocrx_word' id='word_1_409' title='bbox 2356 2520 2618 2573; x_wconf 89' lang='lat' dir='ltr'><strong>minorem</strong></span> <span class='ocrx_word' id='word_1_410' title='bbox 2659 2517 2937 2586; x_wconf 71' lang='lat' dir='ltr'><strong>praedicat,</strong></span> <span class='ocrx_word' id='word_1_411' title='bbox 2973 2532 3078 2570; x_wconf 92' lang='lat' dir='ltr'><strong>non</strong></span> <span class='ocrx_word' id='word_1_412' title='bbox 3110 2518 3309 2570; x_wconf 90' lang='lat' dir='ltr'><strong>nudum</strong></span> <span class='ocrx_word' id='word_1_413' title='bbox 3343 2532 3439 2569; x_wconf 86' lang='lat' dir='ltr'><strong>nos</strong></span> 
     </span>
    </p>
   </div>
   <div class='ocr_carea' id='block_1_57' title="bbox 1872 2609 3440 2678">
    <p class='ocr_par' dir='ltr' id='par_1_57' title="bbox 1872 2609 3440 2678">
     <span class='ocr_line' id='line_1_57' title="bbox 1872 2609 3440 2678; baseline -0.006 -9"><span class='ocrx_word' id='word_1_414' title='bbox 1872 2615 2168 2676; x_wconf 85' lang='lat' dir='ltr'><strong>hominem,</strong></span> <span class='ocrx_word' id='word_1_415' title='bbox 2212 2624 2567 2678; x_wconf 86' lang='lat' dir='ltr'><strong>seorsumque</strong></span> <span class='ocrx_word' id='word_1_416' title='bbox 2618 2625 2683 2663; x_wconf 92' lang='lat' dir='ltr'><strong>ac</strong></span> <span class='ocrx_word' id='word_1_417' title='bbox 2724 2623 2819 2677; x_wconf 87' lang='lat' dir='ltr'><strong>per</strong></span> <span class='ocrx_word' id='word_1_418' title='bbox 2872 2624 2930 2664; x_wconf 89' lang='lat' dir='ltr'><strong>se</strong></span> <span class='ocrx_word' id='word_1_419' title='bbox 2969 2609 3206 2677; x_wconf 87' lang='lat' dir='ltr'><strong>positum</strong></span> <span class='ocrx_word' id='word_1_420' title='bbox 3260 2621 3440 2662; x_wconf 87' lang='lat' dir='ltr'><strong>mente</strong></span> 
     </span>
    </p>
   </div>
   <div class='ocr_carea' id='block_1_58' title="bbox 1873 2699 3438 2772">
    <p class='ocr_par' dir='ltr' id='par_1_58' title="bbox 1873 2699 3438 2772">
     <span class='ocr_line' id='line_1_58' title="bbox 1873 2699 3438 2772; baseline -0.006 -13"><span class='ocrx_word' id='word_1_421' title='bbox 1873 2704 2243 2772; x_wconf 87' lang='lat' dir='ltr'><strong>concipimus;</strong></span> <span class='ocrx_word' id='word_1_422' title='bbox 2274 2701 2366 2755; x_wconf 89' lang='lat' dir='ltr'><strong>sed</strong></span> <span class='ocrx_word' id='word_1_423' title='bbox 2400 2700 2695 2767; x_wconf 91' lang='lat' dir='ltr'><strong>ipsummet</strong></span> <span class='ocrx_word' id='word_1_424' title='bbox 2733 2699 3075 2767; x_wconf 86' lang='lat' dir='ltr'><strong>Unigenitum</strong></span> <span class='ocrx_word' id='word_1_425' title='bbox 3103 2707 3323 2768; x_wconf 86' lang='lat' dir='ltr'><strong>pr0pter</strong></span> <span class='ocrx_word' id='word_1_426' title='bbox 3357 2699 3438 2751; x_wconf 90' lang='lat' dir='ltr'><strong>in-</strong></span> 
     </span>
    </p>
   </div>
   <div class='ocr_carea' id='block_1_59' title="bbox 1873 2789 3438 2862">
    <p class='ocr_par' dir='ltr' id='par_1_59' title="bbox 1873 2789 3438 2862">
     <span class='ocr_line' id='line_1_59' title="bbox 1873 2789 3438 2862; baseline -0.003 -14"><span class='ocrx_word' id='word_1_427' title='bbox 1873 2793 2212 2848; x_wconf 81' lang='lat' dir='ltr'><strong>carnationis</strong></span> <span class='ocrx_word' id='word_1_428' title='bbox 2255 2791 2500 2845; x_wconf 90' lang='lat' dir='ltr'><strong>ordinem</strong></span> <span class='ocrx_word' id='word_1_429' title='bbox 2543 2793 2781 2859; x_wconf 89' lang='lat' dir='ltr'><strong>potiores</strong></span> <span class='ocrx_word' id='word_1_430' title='bbox 2828 2800 3011 2859; x_wconf 88' lang='lat' dir='ltr'><strong>partes</strong></span> <span class='ocrx_word' id='word_1_431' title='bbox 3049 2789 3255 2862; x_wconf 86' lang='lat' dir='ltr'><strong>angelis</strong></span> <span class='ocrx_word' id='word_1_432' title='bbox 3288 2789 3438 2843; x_wconf 81' lang='lat' dir='ltr'><strong>defe-</strong></span> 
     </span>
    </p>
   </div>
   <div class='ocr_carea' id='block_1_60' title="bbox 1874 2879 3439 2949">
    <p class='ocr_par' dir='ltr' id='par_1_60' title="bbox 1874 2879 3439 2949">
     <span class='ocr_line' id='line_1_60' title="bbox 1874 2879 3439 2949; baseline -0.004 -11"><span class='ocrx_word' id='word_1_433' title='bbox 1874 2894 2099 2938; x_wconf 91' lang='lat' dir='ltr'><strong>rentem.</strong></span> <span class='ocrx_word' id='word_1_434' title='bbox 2135 2881 2266 2934; x_wconf 83' lang='lat' dir='ltr'><strong>Nam</strong></span> <span class='ocrx_word' id='word_1_435' title='bbox 2305 2881 2396 2949; x_wconf 91' lang='lat' dir='ltr'><strong>qui</strong></span> <span class='ocrx_word' id='word_1_436' title='bbox 2439 2880 2770 2934; x_wconf 62' lang='lat' dir='ltr'><strong>excellentia:</strong></span> <span class='ocrx_word' id='word_1_437' title='bbox 2818 2879 3028 2933; x_wconf 90' lang='lat' dir='ltr'><strong>illorum</strong></span> <span class='ocrx_word' id='word_1_438' title='bbox 3071 2879 3262 2933; x_wconf 85' lang='lat' dir='ltr'><strong>cedere</strong></span> <span class='ocrx_word' id='word_1_439' title='bbox 3303 2894 3439 2948; x_wconf 79' lang='lat' dir='ltr'><strong>prae-</strong></span> 
     </span>
    </p>
   </div>
   <div class='ocr_carea' id='block_1_61' title="bbox 1872 2969 3434 3040">
    <p class='ocr_par' dir='ltr' id='par_1_61' title="bbox 1872 2969 3434 3040">
     <span class='ocr_line' id='line_1_61' title="bbox 1872 2969 3434 3040; baseline -0.003 -13"><span class='ocrx_word' id='word_1_440' title='bbox 1872 2972 2111 3037; x_wconf 88' lang='lat' dir='ltr'><strong>dicatur,</strong></span> <span class='ocrx_word' id='word_1_441' title='bbox 2142 2975 2187 3027; x_wconf 92' lang='lat' dir='ltr'><strong>is</strong></span> <span class='ocrx_word' id='word_1_442' title='bbox 2217 2987 2340 3026; x_wconf 70' lang='lat' dir='ltr'><strong>rere</strong></span> <span class='ocrx_word' id='word_1_443' title='bbox 2366 2971 2524 3025; x_wconf 88' lang='lat' dir='ltr'><strong>homo</strong></span> <span class='ocrx_word' id='word_1_444' title='bbox 2555 2969 2725 3024; x_wconf 83' lang='lat' dir='ltr'><strong>factus</strong></span> <span class='ocrx_word' id='word_1_445' title='bbox 2753 2970 3105 3040; x_wconf 85' lang='lat' dir='ltr'><strong>dignoscitur.</strong></span> <span class='ocrx_word' id='word_1_446' title='bbox 3133 2969 3223 3022; x_wconf 87' lang='lat' dir='ltr'><strong>illa</strong></span> <span class='ocrx_word' id='word_1_447' title='bbox 3255 2978 3434 3024; x_wconf 86' lang='lat' dir='ltr'><strong>autem</strong></span> 
     </span>
    </p>
   </div>
   <div class='ocr_carea' id='block_1_62' title="bbox 1873 3059 3437 3129">
    <p class='ocr_par' dir='ltr' id='par_1_62' title="bbox 1873 3059 3437 3129">
     <span class='ocr_line' id='line_1_62' title="bbox 1873 3059 3437 3129; baseline 0.001 -14"><span class='ocrx_word' id='word_1_448' title='bbox 1873 3068 2184 3115; x_wconf 86' lang='lat' dir='ltr'><strong>sanctorum</strong></span> <span class='ocrx_word' id='word_1_449' title='bbox 2228 3059 2539 3128; x_wconf 84' lang='lat' dir='ltr'><strong>angelorum</strong></span> <span class='ocrx_word' id='word_1_450' title='bbox 2574 3060 2861 3113; x_wconf 84' lang='lat' dir='ltr'><strong>eminentia</strong></span> <span class='ocrx_word' id='word_1_451' title='bbox 2905 3060 2956 3112; x_wconf 92' lang='lat' dir='ltr'><strong>in</strong></span> <span class='ocrx_word' id='word_1_452' title='bbox 2998 3059 3099 3114; x_wconf 92' lang='lat' dir='ltr'><strong>hoc</strong></span> <span class='ocrx_word' id='word_1_453' title='bbox 3132 3059 3301 3129; x_wconf 87' lang='lat' dir='ltr'><strong>posita</strong></span> <span class='ocrx_word' id='word_1_454' title='bbox 3333 3075 3437 3123; x_wconf 77' lang='lat' dir='ltr'><strong>est.</strong></span> 
     </span>
    </p>
   </div>
   <div class='ocr_carea' id='block_1_63' title="bbox 1872 3149 3440 3223">
    <p class='ocr_par' dir='ltr' id='par_1_63' title="bbox 1872 3149 3440 3223">
     <span class='ocr_line' id='line_1_63' title="bbox 1872 3149 3440 3223; baseline -0.004 -15"><span class='ocrx_word' id='word_1_455' title='bbox 1872 3163 1929 3208; x_wconf 91' lang='lat' dir='ltr'><strong>et</strong></span> <span class='ocrx_word' id='word_1_456' title='bbox 1956 3154 2099 3223; x_wconf 89' lang='lat' dir='ltr'><strong>quod</strong></span> <span class='ocrx_word' id='word_1_457' title='bbox 2130 3168 2156 3205; x_wconf 90' lang='lat' dir='ltr'><strong>a</strong></span> <span class='ocrx_word' id='word_1_458' title='bbox 2191 3166 2354 3205; x_wconf 91' lang='lat' dir='ltr'><strong>carne</strong></span> <span class='ocrx_word' id='word_1_459' title='bbox 2381 3161 2506 3204; x_wconf 91' lang='lat' dir='ltr'><strong>sunt</strong></span> <span class='ocrx_word' id='word_1_460' title='bbox 2532 3151 2819 3214; x_wconf 86' lang='lat' dir='ltr'><strong>immunes,</strong></span> <span class='ocrx_word' id='word_1_461' title='bbox 2845 3159 2898 3204; x_wconf 92' lang='lat' dir='ltr'><strong>ct</strong></span> <span class='ocrx_word' id='word_1_462' title='bbox 2920 3149 3062 3219; x_wconf 89' lang='lat' dir='ltr'><strong>quod</strong></span> <span class='ocrx_word' id='word_1_463' title='bbox 3097 3163 3267 3205; x_wconf 88' lang='lat' dir='ltr'><strong>morte</strong></span> <span class='ocrx_word' id='word_1_464' title='bbox 3295 3154 3440 3205; x_wconf 75' lang='lat' dir='ltr'><strong>exsi-</strong></span> 
     </span>
    </p>
   </div>
   <div class='ocr_carea' id='block_1_64' title="bbox 201 3238 1783 3313">
    <p class='ocr_par' dir='ltr' id='par_1_64' title="bbox 201 3238 1770 3313">
     <span class='ocr_line' id='line_1_64' title="bbox 201 3238 1770 3313; baseline 0.008 -27"><span class='ocrx_word' id='word_1_465' title='bbox 201 3240 580 3303; x_wconf 84' lang='grc' dir='ltr'>προσκυνεῖται</span> <span class='ocrx_word' id='word_1_466' title='bbox 612 3238 739 3308; x_wconf 87' lang='grc' dir='ltr'>παρ’</span> <span class='ocrx_word' id='word_1_467' title='bbox 768 3239 967 3303; x_wconf 83' lang='grc' dir='ltr'>αὐτῶν,</span> <span class='ocrx_word' id='word_1_468' title='bbox 1000 3241 1091 3293; x_wconf 77' lang='grc' dir='ltr'><strong>καὶ</strong></span> <span class='ocrx_word' id='word_1_469' title='bbox 1128 3242 1395 3313; x_wconf 76' lang='grc' dir='ltr'>ἐνίδρυται</span> <span class='ocrx_word' id='word_1_470' title='bbox 1435 3242 1650 3308; x_wconf 84' lang='grc' dir='ltr'>θώκοις,</span> <span class='ocrx_word' id='word_1_471' title='bbox 1679 3244 1770 3308; x_wconf 78' lang='grc' dir='ltr'><strong>οὓς</strong></span> 
     </span>
    </p>
   </div>
   <div class='ocr_carea' id='block_1_65' title="bbox 1871 3238 3441 3313">
    <p class='ocr_par' dir='ltr' id='par_1_65' title="bbox 1876 3243 3441 3311">
     <span class='ocr_line' id='line_1_65' title="bbox 1876 3243 3441 3311; baseline -0.005 -12"><span class='ocrx_word' id='word_1_472' title='bbox 1876 3253 2025 3299; x_wconf 89' lang='lat' dir='ltr'><strong>stunt</strong></span> <span class='ocrx_word' id='word_1_473' title='bbox 2058 3244 2369 3311; x_wconf 80' lang='lat' dir='ltr'><strong>superiores</strong></span> <span class='ocrx_word' id='word_1_474' title='bbox 2400 3262 2411 3297; x_wconf 74' lang='grc' dir='ltr'><strong>ε</strong></span> <span class='ocrx_word' id='word_1_475' title='bbox 2445 3243 2685 3310; x_wconf 87' lang='lat' dir='ltr'><strong>utrisque</strong></span> <span class='ocrx_word' id='word_1_476' title='bbox 2718 3250 2896 3295; x_wconf 89' lang='lat' dir='ltr'><strong>autem</strong></span> <span class='ocrx_word' id='word_1_477' title='bbox 2939 3251 3162 3311; x_wconf 85' lang='lat' dir='ltr'><strong>propter</strong></span> <span class='ocrx_word' id='word_1_478' title='bbox 3193 3243 3441 3297; x_wconf 58' lang='lat' dir='ltr'><strong>volunta.</strong></span> 
     </span>
    </p>
   </div>
   <div class='ocr_carea' id='block_1_66' title="bbox 201 3330 1775 3397">
    <p class='ocr_par' dir='ltr' id='par_1_66' title="bbox 201 3330 1775 3397">
     <span class='ocr_line' id='line_1_66' title="bbox 201 3330 1775 3397; baseline 0.008 -20"><span class='ocrx_word' id='word_1_479' title='bbox 201 3332 541 3397; x_wconf 78' lang='grc' dir='ltr'>περιιστᾶσιν</span> <span class='ocrx_word' id='word_1_480' title='bbox 593 3330 787 3383; x_wconf 82' lang='grc' dir='ltr'>ὲκείνοι</span> <span class='ocrx_word' id='word_1_481' title='bbox 818 3330 1220 3397; x_wconf 83' lang='grc' dir='ltr'>δοξολογοῦντες</span> <span class='ocrx_word' id='word_1_482' title='bbox 1248 3334 1355 3397; x_wconf 86' lang='grc' dir='ltr'>ἀεὶ,</span> <span class='ocrx_word' id='word_1_483' title='bbox 1384 3335 1478 3389; x_wconf 77' lang='grc' dir='ltr'><strong>καὶ</strong></span> <span class='ocrx_word' id='word_1_484' title='bbox 1497 3335 1604 3389; x_wconf 87' lang='grc' dir='ltr'>τῶν</span> <span class='ocrx_word' id='word_1_485' title='bbox 1621 3336 1775 3389; x_wconf 56' lang='grc' dir='ltr'>δυνά,</span> 
     </span>
    </p>
   </div>
   <div class='ocr_carea' id='block_1_67' title="bbox 201 3420 1184 3492">
    <p class='ocr_par' dir='ltr' id='par_1_67' title="bbox 201 3420 1184 3492">
     <span class='ocr_line' id='line_1_67' title="bbox 201 3420 1184 3492; baseline 0.006 -21"><span class='ocrx_word' id='word_1_486' title='bbox 201 3436 344 3489; x_wconf 85' lang='grc' dir='ltr'>μεων</span> <span class='ocrx_word' id='word_1_487' title='bbox 382 3420 545 3472; x_wconf 68' lang='grc' dir='ltr'>αὑτὸν</span> <span class='ocrx_word' id='word_1_488' title='bbox 573 3420 927 3489; x_wconf 74' lang='grc' dir='ltr'>ὀνομάζοντες</span> <span class='ocrx_word' id='word_1_489' title='bbox 963 3422 1184 3492; x_wconf 83' lang='grc' dir='ltr'>Κύριον.</span> 
     </span>
    </p>
   </div>
   <div class='ocr_carea' id='block_1_68' title="bbox 1876 3332 3441 3399">
    <p class='ocr_par' dir='ltr' id='par_1_68' title="bbox 1876 3332 3441 3399">
     <span class='ocr_line' id='line_1_68' title="bbox 1876 3332 3441 3399; baseline 0.001 -10"><span class='ocrx_word' id='word_1_490' title='bbox 1876 3337 2011 3389; x_wconf 87' lang='lat' dir='ltr'><strong>riam</strong></span> <span class='ocrx_word' id='word_1_491' title='bbox 2064 3335 2486 3389; x_wconf 79' lang='lat' dir='ltr'><strong>exinanitionem</strong></span> <span class='ocrx_word' id='word_1_492' title='bbox 2547 3333 2821 3399; x_wconf 87' lang='lat' dir='ltr'><strong>subjectus</strong></span> <span class='ocrx_word' id='word_1_493' title='bbox 2870 3332 2968 3387; x_wconf 90' lang='lat' dir='ltr'><strong>fuit</strong></span> <span class='ocrx_word' id='word_1_494' title='bbox 3008 3333 3196 3388; x_wconf 82' lang='lat' dir='ltr'><strong>Filius.</strong></span> <span class='ocrx_word' id='word_1_495' title='bbox 3244 3333 3441 3390; x_wconf 84' lang='lat' dir='ltr'><strong>Verum</strong></span> 
     </span>
    </p>
   </div>
   <div class='ocr_carea' id='block_1_69' title="bbox 1874 3423 3441 3491">
    <p class='ocr_par' dir='ltr' id='par_1_69' title="bbox 1874 3423 3441 3491">
     <span class='ocr_line' id='line_1_69' title="bbox 1874 3423 3441 3491; baseline 0.003 -14"><span class='ocrx_word' id='word_1_496' title='bbox 1874 3423 2153 3477; x_wconf 83' lang='lat' dir='ltr'><strong>enimvero</strong></span> <span class='ocrx_word' id='word_1_497' title='bbox 2188 3424 2276 3490; x_wconf 89' lang='lat' dir='ltr'><strong>qui</strong></span> <span class='ocrx_word' id='word_1_498' title='bbox 2310 3433 2527 3491; x_wconf 87' lang='lat' dir='ltr'><strong>propter</strong></span> <span class='ocrx_word' id='word_1_499' title='bbox 2554 3423 2801 3476; x_wconf 77' lang='lat' dir='ltr'><strong>luunauae</strong></span> <span class='ocrx_word' id='word_1_500' title='bbox 2838 3431 3045 3477; x_wconf 87' lang='lat' dir='ltr'><strong>naturae</strong></span> <span class='ocrx_word' id='word_1_501' title='bbox 3075 3424 3441 3482; x_wconf 89' lang='lat' dir='ltr'><strong>conditionem</strong></span> 
     </span>
    </p>
   </div>
   <div class='ocr_carea' id='block_1_70' title="bbox 199 3510 3446 3583">
    <p class='ocr_par' dir='ltr' id='par_1_70' title="bbox 199 3510 3446 3583">
     <span class='ocr_line' id='line_1_70' title="bbox 199 3510 3446 3583; baseline 0.002 -21"><span class='ocrx_word' id='word_1_502' title='bbox 199 3510 472 3577; x_wconf 73' lang='lat' dir='ltr'><strong>paululum</strong></span> <span class='ocrx_word' id='word_1_503' title='bbox 508 3512 574 3564; x_wconf 90' lang='lat' dir='ltr'><strong>ab</strong></span> <span class='ocrx_word' id='word_1_504' title='bbox 607 3511 764 3581; x_wconf 66' lang='grc'><strong>134</strong></span> <span class='ocrx_word' id='word_1_505' title='bbox 791 3512 997 3583; x_wconf 84' lang='lat' dir='ltr'><strong>angelis</strong></span> <span class='ocrx_word' id='word_1_506' title='bbox 1032 3514 1331 3570; x_wconf 87' lang='lat' dir='ltr'><strong>minoratus</strong></span> <span class='ocrx_word' id='word_1_507' title='bbox 1375 3515 1595 3581; x_wconf 89' lang='lat' dir='ltr'><strong>dicitur,</strong></span> <span class='ocrx_word' id='word_1_508' title='bbox 1628 3516 1673 3571; x_wconf 91' lang='lat' dir='ltr'><strong>ls</strong></span> <span class='ocrx_word' id='word_1_509' title='bbox 1714 3516 1766 3569; x_wconf 92' lang='lat' dir='ltr'><strong>in</strong></span> <span class='ocrx_word' id='word_1_510' title='bbox 1807 3514 2025 3569; x_wconf 83' lang='lat' dir='ltr'><strong>deitatis</strong></span> <span class='ocrx_word' id='word_1_511' title='bbox 2089 3513 2411 3568; x_wconf 80' lang='lat' dir='ltr'><strong>excellentia</strong></span> <span class='ocrx_word' id='word_1_512' title='bbox 2478 3513 2744 3566; x_wconf 78' lang='lat' dir='ltr'><strong>exsistens</strong></span> <span class='ocrx_word' id='word_1_513' title='bbox 2774 3514 2841 3565; x_wconf 88' lang='lat' dir='ltr'><strong>ab</strong></span> <span class='ocrx_word' id='word_1_514' title='bbox 2872 3512 2975 3565; x_wconf 87' lang='lat' dir='ltr'><strong>illis</strong></span> <span class='ocrx_word' id='word_1_515' title='bbox 3004 3514 3277 3578; x_wconf 87' lang='lat' dir='ltr'><strong>adoratur,</strong></span> <span class='ocrx_word' id='word_1_516' title='bbox 3305 3529 3446 3568; x_wconf 84' lang='lat' dir='ltr'><strong>con-</strong></span> 
     </span>
    </p>
   </div>
   <div class='ocr_carea' id='block_1_71' title="bbox 200 3602 3441 3675">
    <p class='ocr_par' dir='ltr' id='par_1_71' title="bbox 200 3602 3441 3675">
     <span class='ocr_line' id='line_1_71' title="bbox 200 3602 3441 3675; baseline 0.002 -23"><span class='ocrx_word' id='word_1_517' title='bbox 200 3602 445 3671; x_wconf 85' lang='lat' dir='ltr'><strong>sidetque</strong></span> <span class='ocrx_word' id='word_1_518' title='bbox 490 3604 541 3655; x_wconf 93' lang='lat' dir='ltr'><strong>in</strong></span> <span class='ocrx_word' id='word_1_519' title='bbox 581 3605 645 3658; x_wconf 89' lang='lat' dir='ltr'><strong>iis</strong></span> <span class='ocrx_word' id='word_1_520' title='bbox 692 3606 990 3674; x_wconf 85' lang='lat' dir='ltr'><strong>majestatis</strong></span> <span class='ocrx_word' id='word_1_521' title='bbox 1064 3608 1295 3671; x_wconf 90' lang='lat' dir='ltr'><strong>thronis,</strong></span> <span class='ocrx_word' id='word_1_522' title='bbox 1365 3621 1500 3675; x_wconf 88' lang='lat' dir='ltr'><strong>quos</strong></span> <span class='ocrx_word' id='word_1_523' title='bbox 1552 3606 1625 3660; x_wconf 90' lang='lat' dir='ltr'><strong>illi</strong></span> <span class='ocrx_word' id='word_1_524' title='bbox 1699 3606 2055 3674; x_wconf 72' lang='lat' dir='ltr'><strong>undequaque</strong></span> <span class='ocrx_word' id='word_1_525' title='bbox 2090 3605 2334 3673; x_wconf 88' lang='lat' dir='ltr'><strong>cingunt,</strong></span> <span class='ocrx_word' id='word_1_526' title='bbox 2379 3603 2651 3657; x_wconf 85' lang='lat' dir='ltr'><strong>indefesso</strong></span> <span class='ocrx_word' id='word_1_527' title='bbox 2689 3602 2905 3658; x_wconf 86' lang='lat' dir='ltr'><strong>laudum</strong></span> <span class='ocrx_word' id='word_1_528' title='bbox 2978 3604 3248 3671; x_wconf 63' lang='lat' dir='ltr'><strong>praeconio</strong></span> <span class='ocrx_word' id='word_1_529' title='bbox 3294 3605 3441 3660; x_wconf 83' lang='lat' dir='ltr'><strong>illum</strong></span> 
     </span>
    </p>
   </div>
   <div class='ocr_carea' id='block_1_72' title="bbox 198 3694 1746 3768">
    <p class='ocr_par' dir='ltr' id='par_1_72' title="bbox 198 3694 1746 3768">
     <span class='ocr_line' id='line_1_72' title="bbox 198 3694 1746 3768; baseline 0.005 -22"><span class='ocrx_word' id='word_1_530' title='bbox 198 3694 539 3755; x_wconf 81' lang='lat' dir='ltr'><strong>extollentes,</strong></span> <span class='ocrx_word' id='word_1_531' title='bbox 595 3710 659 3749; x_wconf 90' lang='lat' dir='ltr'><strong>ac</strong></span> <span class='ocrx_word' id='word_1_532' title='bbox 704 3698 962 3751; x_wconf 90' lang='lat' dir='ltr'><strong>virtutum</strong></span> <span class='ocrx_word' id='word_1_533' title='bbox 1009 3699 1296 3753; x_wconf 82' lang='lat' dir='ltr'><strong>Dominum</strong></span> <span class='ocrx_word' id='word_1_534' title='bbox 1340 3699 1671 3768; x_wconf 88' lang='lat' dir='ltr'><strong>appellantes</strong></span> <span class='ocrx_word' id='word_1_535' title='bbox 1697 3696 1746 3729; x_wconf 82' lang='grc'>⁸⁸</span> 
     </span>
    </p>
   </div>
   <div class='ocr_carea' id='block_1_73' title="bbox 266 3782 1771 3859">
    <p class='ocr_par' dir='ltr' id='par_1_73' title="bbox 266 3782 1771 3859">
     <span class='ocr_line' id='line_1_73' title="bbox 266 3782 1771 3859; baseline 0.002 -21"><span class='ocrx_word' id='word_1_536' title='bbox 266 3785 345 3839; x_wconf 88' lang='grc' dir='ltr'>Θ’.</span> <span class='ocrx_word' id='word_1_537' title='bbox 392 3802 409 3835; x_wconf 84' lang='grc' dir='ltr'><strong>ι</strong></span> <span class='ocrx_word' id='word_1_538' title='bbox 444 3786 619 3842; x_wconf 65' lang='grc' dir='ltr'>,Ἑπεί</span> <span class='ocrx_word' id='word_1_539' title='bbox 654 3782 745 3840; x_wconf 80' lang='grc' dir='ltr'>οὖν</span> <span class='ocrx_word' id='word_1_540' title='bbox 780 3787 848 3840; x_wconf 86' lang='grc' dir='ltr'>τὰ</span> <span class='ocrx_word' id='word_1_541' title='bbox 894 3789 1078 3843; x_wconf 83' lang='grc' dir='ltr'>παιδία</span> <span class='ocrx_word' id='word_1_542' title='bbox 1106 3789 1502 3857; x_wconf 84' lang='grc' dir='ltr'>κεκοινώνηκεν</span> <span class='ocrx_word' id='word_1_543' title='bbox 1542 3790 1771 3859; x_wconf 80' lang='grc' dir='ltr'>αἵματος</span> 
     </span>
    </p>
   </div>
   <div class='ocr_carea' id='block_1_74' title="bbox 200 3881 1769 3952">
    <p class='ocr_par' dir='ltr' id='par_1_74' title="bbox 200 3881 1769 3952">
     <span class='ocr_line' id='line_1_74' title="bbox 200 3881 1769 3952; baseline -0.001 -18"><span class='ocrx_word' id='word_1_544' title='bbox 200 3882 288 3934; x_wconf 73' lang='grc' dir='ltr'><strong>καὶ</strong></span> <span class='ocrx_word' id='word_1_545' title='bbox 339 3881 571 3951; x_wconf 87' lang='grc' dir='ltr'>σαρκὸς,</span> <span class='ocrx_word' id='word_1_546' title='bbox 618 3883 711 3934; x_wconf 80' lang='grc' dir='ltr'><strong>καὶ</strong></span> <span class='ocrx_word' id='word_1_547' title='bbox 752 3882 915 3945; x_wconf 76' lang='grc' dir='ltr'>αὐτὸς</span> <span class='ocrx_word' id='word_1_548' title='bbox 949 3882 1343 3952; x_wconf 77' lang='grc' dir='ltr'>παραπλησίως</span> <span class='ocrx_word' id='word_1_549' title='bbox 1392 3882 1617 3951; x_wconf 86' lang='grc' dir='ltr'>μετέσχε</span> <span class='ocrx_word' id='word_1_550' title='bbox 1661 3881 1769 3933; x_wconf 86' lang='grc' dir='ltr'><strong>τῶν</strong></span> 
     </span>
    </p>
   </div>
   <div class='ocr_carea' id='block_1_75' title="bbox 199 3972 1769 4045">
    <p class='ocr_par' dir='ltr' id='par_1_75' title="bbox 199 3972 1769 4045">
     <span class='ocr_line' id='line_1_75' title="bbox 199 3972 1769 4045; baseline 0.003 -23"><span class='ocrx_word' id='word_1_551' title='bbox 199 3972 397 4036; x_wconf 84' lang='grc' dir='ltr'>αὐτῶν,</span> <span class='ocrx_word' id='word_1_552' title='bbox 437 3972 521 4024; x_wconf 72' lang='grc' dir='ltr'>ἵνα</span> <span class='ocrx_word' id='word_1_553' title='bbox 545 3972 635 4025; x_wconf 86' lang='grc' dir='ltr'><strong>διὰ</strong></span> <span class='ocrx_word' id='word_1_554' title='bbox 661 3972 755 4026; x_wconf 83' lang='grc' dir='ltr'>τοῦ</span> <span class='ocrx_word' id='word_1_555' title='bbox 805 3973 1035 4027; x_wconf 83' lang='grc' dir='ltr'>θανάτου</span> <span class='ocrx_word' id='word_1_556' title='bbox 1063 3976 1386 4045; x_wconf 83' lang='grc' dir='ltr'>καταργήσῃ</span> <span class='ocrx_word' id='word_1_557' title='bbox 1415 3973 1505 4025; x_wconf 88' lang='grc' dir='ltr'><strong>τὸν</strong></span> <span class='ocrx_word' id='word_1_558' title='bbox 1537 3973 1598 4025; x_wconf 82' lang='grc' dir='ltr'>τὸ</span> <span class='ocrx_word' id='word_1_559' title='bbox 1641 3974 1769 4043; x_wconf 80' lang='grc' dir='ltr'>κρά-</span> 
     </span>
    </p>
   </div>
   <div class='ocr_carea' id='block_1_76' title="bbox 197 4064 1770 4132">
    <p class='ocr_par' dir='ltr' id='par_1_76' title="bbox 197 4064 1770 4132">
     <span class='ocr_line' id='line_1_76' title="bbox 197 4064 1770 4132; baseline 0.003 -18"><span class='ocrx_word' id='word_1_560' title='bbox 197 4080 285 4125; x_wconf 90' lang='grc' dir='ltr'><strong>τος</strong></span> <span class='ocrx_word' id='word_1_561' title='bbox 324 4064 515 4132; x_wconf 81' lang='grc' dir='ltr'>ἔχοντα</span> <span class='ocrx_word' id='word_1_562' title='bbox 546 4064 638 4116; x_wconf 79' lang='grc' dir='ltr'>τοῦ</span> <span class='ocrx_word' id='word_1_563' title='bbox 681 4064 935 4129; x_wconf 89' lang='grc' dir='ltr'>θανάτου,</span> <span class='ocrx_word' id='word_1_564' title='bbox 970 4067 1213 4119; x_wconf 83' lang='grc' dir='ltr'>τουτέστι</span> <span class='ocrx_word' id='word_1_565' title='bbox 1243 4067 1333 4120; x_wconf 76' lang='grc' dir='ltr'>τὸν</span> <span class='ocrx_word' id='word_1_566' title='bbox 1370 4066 1645 4120; x_wconf 75' lang='grc' dir='ltr'>διάϐολον·</span> <span class='ocrx_word' id='word_1_567' title='bbox 1675 4067 1770 4120; x_wconf 78' lang='grc' dir='ltr'>καὶ</span> 
     </span>
    </p>
   </div>
   <div class='ocr_carea' id='block_1_77' title="bbox 197 4153 1768 4227">
    <p class='ocr_par' dir='ltr' id='par_1_77' title="bbox 197 4153 1768 4227">
     <span class='ocr_line' id='line_1_77' title="bbox 197 4153 1768 4227; baseline 0.002 -21"><span class='ocrx_word' id='word_1_568' title='bbox 197 4154 485 4226; x_wconf 78' lang='grc' dir='ltr'>ἀπαλλάξῃ</span> <span class='ocrx_word' id='word_1_569' title='bbox 508 4153 751 4218; x_wconf 85' lang='grc' dir='ltr'>τούτους,</span> <span class='ocrx_word' id='word_1_570' title='bbox 772 4157 885 4208; x_wconf 82' lang='grc' dir='ltr'>ὅσοι</span> <span class='ocrx_word' id='word_1_571' title='bbox 910 4157 1058 4227; x_wconf 77' lang='grc' dir='ltr'><strong>φόϐῳ</strong></span> <span class='ocrx_word' id='word_1_572' title='bbox 1078 4157 1309 4212; x_wconf 84' lang='grc' dir='ltr'>θανάτου</span> <span class='ocrx_word' id='word_1_573' title='bbox 1336 4158 1433 4227; x_wconf 84' lang='grc' dir='ltr'>μὲν</span> <span class='ocrx_word' id='word_1_574' title='bbox 1460 4158 1659 4221; x_wconf 77' lang='grc' dir='ltr'>παντὸς</span> <span class='ocrx_word' id='word_1_575' title='bbox 1677 4157 1768 4210; x_wconf 83' lang='grc' dir='ltr'>τοῦ</span> 
     </span>
    </p>
   </div>
   <div class='ocr_carea' id='block_1_78' title="bbox 199 4240 1767 4316">
    <p class='ocr_par' dir='ltr' id='par_1_78' title="bbox 199 4240 1767 4316">
     <span class='ocr_line' id='line_1_78' title="bbox 199 4240 1767 4316; baseline 0.003 -21"><span class='ocrx_word' id='word_1_576' title='bbox 199 4245 298 4313; x_wconf 78' lang='grc' dir='ltr'>ζῇν</span> <span class='ocrx_word' id='word_1_577' title='bbox 316 4244 488 4313; x_wconf 77' lang='grc' dir='ltr'>ἔνοχοι</span> <span class='ocrx_word' id='word_1_578' title='bbox 509 4240 648 4315; x_wconf 77' lang='grc' dir='ltr'>ἦσαν</span> <span class='ocrx_word' id='word_1_579' title='bbox 664 4245 927 4309; x_wconf 86' lang='grc' dir='ltr'>δουλείας.</span> <span class='ocrx_word' id='word_1_580' title='bbox 941 4266 959 4297; x_wconf 72' lang='grc' dir='ltr'><strong>ι</strong></span> <span class='ocrx_word' id='word_1_581' title='bbox 979 4248 1057 4299; x_wconf 88' lang='grc' dir='ltr'><strong>Τά</strong></span> <span class='ocrx_word' id='word_1_582' title='bbox 1080 4247 1267 4300; x_wconf 89' lang='grc' dir='ltr'>παιδία</span> <span class='ocrx_word' id='word_1_583' title='bbox 1285 4248 1448 4316; x_wconf 79' lang='grc' dir='ltr'>φησὶν</span> <span class='ocrx_word' id='word_1_584' title='bbox 1471 4248 1527 4298; x_wconf 83' lang='grc' dir='ltr'><strong>ὲν</strong></span> <span class='ocrx_word' id='word_1_585' title='bbox 1540 4246 1767 4308; x_wconf 84' lang='grc' dir='ltr'>τούτοις,</span> 
     </span>
    </p>
   </div>
   <div class='ocr_carea' id='block_1_79' title="bbox 196 4334 1770 4407">
    <p class='ocr_par' dir='ltr' id='par_1_79' title="bbox 196 4334 1770 4407">
     <span class='ocr_line' id='line_1_79' title="bbox 196 4334 1770 4407; baseline 0.001 -21"><span class='ocrx_word' id='word_1_586' title='bbox 196 4334 345 4403; x_wconf 78' lang='grc' dir='ltr'>ἡμᾶς</span> <span class='ocrx_word' id='word_1_587' title='bbox 375 4334 617 4403; x_wconf 79' lang='grc' dir='ltr'>δηλονότι</span> <span class='ocrx_word' id='word_1_588' title='bbox 664 4335 789 4397; x_wconf 80' lang='grc' dir='ltr'>τοὺς</span> <span class='ocrx_word' id='word_1_589' title='bbox 819 4335 975 4398; x_wconf 73' lang='grc' dir='ltr'>ὄντας</span> <span class='ocrx_word' id='word_1_590' title='bbox 1006 4337 1099 4390; x_wconf 74' lang='grc' dir='ltr'><strong>ἐπὶ</strong></span> <span class='ocrx_word' id='word_1_591' title='bbox 1138 4338 1234 4407; x_wconf 80' lang='grc' dir='ltr'>τῆς</span> <span class='ocrx_word' id='word_1_592' title='bbox 1266 4337 1385 4405; x_wconf 82' lang='grc' dir='ltr'>γῆς,</span> <span class='ocrx_word' id='word_1_593' title='bbox 1433 4336 1575 4390; x_wconf 88' lang='grc' dir='ltr'>κατά</span> <span class='ocrx_word' id='word_1_594' title='bbox 1606 4352 1667 4403; x_wconf 90' lang='grc' dir='ltr'><strong>γε</strong></span> <span class='ocrx_word' id='word_1_595' title='bbox 1710 4336 1770 4388; x_wconf 83' lang='grc' dir='ltr'><strong>τὸ</strong></span> 
     </span>
    </p>
   </div>
   <div class='ocr_carea' id='block_1_80' title="bbox 1956 3787 3441 3856">
    <p class='ocr_par' dir='ltr' id='par_1_80' title="bbox 1956 3787 3441 3856">
     <span class='ocr_line' id='line_1_80' title="bbox 1956 3787 3441 3856; baseline 0.003 -16"><span class='ocrx_word' id='word_1_596' title='bbox 1956 3788 2044 3842; x_wconf 80' lang='lat' dir='ltr'><strong>IX.</strong></span> <span class='ocrx_word' id='word_1_597' title='bbox 2094 3807 2113 3839; x_wconf 86' lang='grc'><strong><em>‹</em></strong></span> <span class='ocrx_word' id='word_1_598' title='bbox 2146 3787 2279 3853; x_wconf 85' lang='lat' dir='ltr'><strong>Quia</strong></span> <span class='ocrx_word' id='word_1_599' title='bbox 2328 3802 2457 3856; x_wconf 89' lang='lat' dir='ltr'><strong>ergo</strong></span> <span class='ocrx_word' id='word_1_600' title='bbox 2508 3788 2657 3856; x_wconf 90' lang='lat' dir='ltr'><strong>pueri</strong></span> <span class='ocrx_word' id='word_1_601' title='bbox 2712 3788 3248 3843; x_wconf 84' lang='lat' dir='ltr'><strong>communicaverunt</strong></span> <span class='ocrx_word' id='word_1_602' title='bbox 3291 3792 3441 3845; x_wconf 85' lang='lat' dir='ltr'><strong>carni</strong></span> 
     </span>
    </p>
   </div>
   <div class='ocr_carea' id='block_1_81' title="bbox 1877 3879 3437 3949">
    <p class='ocr_par' dir='ltr' id='par_1_81' title="bbox 1877 3879 3437 3949">
     <span class='ocr_line' id='line_1_81' title="bbox 1877 3879 3437 3949; baseline 0.001 -16"><span class='ocrx_word' id='word_1_603' title='bbox 1877 3888 1931 3933; x_wconf 93' lang='lat' dir='ltr'><strong>et</strong></span> <span class='ocrx_word' id='word_1_604' title='bbox 1974 3879 2241 3947; x_wconf 75' lang='lat' dir='ltr'><strong>sanguini,</strong></span> <span class='ocrx_word' id='word_1_605' title='bbox 2280 3886 2334 3933; x_wconf 92' lang='lat' dir='ltr'><strong>et</strong></span> <span class='ocrx_word' id='word_1_606' title='bbox 2378 3879 2493 3947; x_wconf 90' lang='lat' dir='ltr'><strong>ipse</strong></span> <span class='ocrx_word' id='word_1_607' title='bbox 2520 3879 2772 3932; x_wconf 89' lang='lat' dir='ltr'><strong>similiter</strong></span> <span class='ocrx_word' id='word_1_608' title='bbox 2812 3879 3156 3949; x_wconf 89' lang='lat' dir='ltr'><strong>participavit</strong></span> <span class='ocrx_word' id='word_1_609' title='bbox 3205 3880 3437 3940; x_wconf 84' lang='lat' dir='ltr'><strong>iisdem:</strong></span> 
     </span>
    </p>
   </div>
   <div class='ocr_carea' id='block_1_82' title="bbox 1878 3972 3442 4039">
    <p class='ocr_par' dir='ltr' id='par_1_82' title="bbox 1878 3972 3442 4039">
     <span class='ocr_line' id='line_1_82' title="bbox 1878 3972 3442 4039; baseline 0.003 -16"><span class='ocrx_word' id='word_1_610' title='bbox 1878 3981 1935 4025; x_wconf 91' lang='lat' dir='ltr'><strong>ut</strong></span> <span class='ocrx_word' id='word_1_611' title='bbox 1965 3986 2061 4039; x_wconf 92' lang='lat' dir='ltr'><strong>per</strong></span> <span class='ocrx_word' id='word_1_612' title='bbox 2095 3981 2325 4023; x_wconf 91' lang='lat' dir='ltr'><strong>mortem</strong></span> <span class='ocrx_word' id='word_1_613' title='bbox 2358 3974 2661 4024; x_wconf 86' lang='lat' dir='ltr'><strong>destrueret</strong></span> <span class='ocrx_word' id='word_1_614' title='bbox 2684 3986 2829 4033; x_wconf 90' lang='lat' dir='ltr'><strong>eum,</strong></span> <span class='ocrx_word' id='word_1_615' title='bbox 2861 3972 2950 4039; x_wconf 86' lang='lat' dir='ltr'><strong>qui</strong></span> <span class='ocrx_word' id='word_1_616' title='bbox 2987 3972 3211 4027; x_wconf 85' lang='lat' dir='ltr'><strong>habebat</strong></span> <span class='ocrx_word' id='word_1_617' title='bbox 3252 3975 3442 4027; x_wconf 90' lang='lat' dir='ltr'><strong>mortis</strong></span> 
     </span>
    </p>
   </div>
   <div class='ocr_carea' id='block_1_83' title="bbox 1878 4061 3444 4133">
    <p class='ocr_par' dir='ltr' id='par_1_83' title="bbox 1878 4061 3444 4133">
     <span class='ocr_line' id='line_1_83' title="bbox 1878 4061 3444 4133; baseline 0.002 -17"><span class='ocrx_word' id='word_1_618' title='bbox 1878 4062 2182 4132; x_wconf 89' lang='lat' dir='ltr'><strong>imperium,</strong></span> <span class='ocrx_word' id='word_1_619' title='bbox 2226 4062 2327 4115; x_wconf 87' lang='lat' dir='ltr'><strong>hoc</strong></span> <span class='ocrx_word' id='word_1_620' title='bbox 2357 4071 2439 4115; x_wconf 90' lang='lat' dir='ltr'><strong>est</strong></span> <span class='ocrx_word' id='word_1_621' title='bbox 2483 4061 2793 4127; x_wconf 87' lang='lat' dir='ltr'><strong>diabolum;</strong></span> <span class='ocrx_word' id='word_1_622' title='bbox 2825 4072 2878 4115; x_wconf 89' lang='lat' dir='ltr'><strong>et</strong></span> <span class='ocrx_word' id='word_1_623' title='bbox 2910 4063 3163 4117; x_wconf 87' lang='lat' dir='ltr'><strong>liberaret</strong></span> <span class='ocrx_word' id='word_1_624' title='bbox 3199 4079 3313 4129; x_wconf 89' lang='lat' dir='ltr'><strong>eos,</strong></span> <span class='ocrx_word' id='word_1_625' title='bbox 3352 4066 3444 4133; x_wconf 86' lang='lat' dir='ltr'><strong>qui</strong></span> 
     </span>
    </p>
   </div>
   <div class='ocr_carea' id='block_1_84' title="bbox 1878 4152 3443 4222">
    <p class='ocr_par' dir='ltr' id='par_1_84' title="bbox 1878 4152 3443 4222">
     <span class='ocr_line' id='line_1_84' title="bbox 1878 4152 3443 4222; baseline 0.003 -18"><span class='ocrx_word' id='word_1_626' title='bbox 1878 4154 2072 4205; x_wconf 88' lang='lat' dir='ltr'><strong>timore</strong></span> <span class='ocrx_word' id='word_1_627' title='bbox 2109 4156 2295 4205; x_wconf 87' lang='lat' dir='ltr'><strong>mortis</strong></span> <span class='ocrx_word' id='word_1_628' title='bbox 2330 4166 2427 4222; x_wconf 88' lang='lat' dir='ltr'><strong>per</strong></span> <span class='ocrx_word' id='word_1_629' title='bbox 2458 4160 2625 4203; x_wconf 87' lang='lat' dir='ltr'><strong>totam</strong></span> <span class='ocrx_word' id='word_1_630' title='bbox 2655 4152 2819 4205; x_wconf 87' lang='lat' dir='ltr'><strong>vitam</strong></span> <span class='ocrx_word' id='word_1_631' title='bbox 2842 4153 3061 4207; x_wconf 77' lang='lat' dir='ltr'><strong>obnoxii</strong></span> <span class='ocrx_word' id='word_1_632' title='bbox 3092 4164 3245 4207; x_wconf 88' lang='lat' dir='ltr'><strong>erant</strong></span> <span class='ocrx_word' id='word_1_633' title='bbox 3275 4157 3443 4209; x_wconf 66' lang='lat' dir='ltr'><strong>servi-</strong></span> 
     </span>
    </p>
   </div>
   <div class='ocr_carea' id='block_1_85' title="bbox 1882 4238 3450 4311">
    <p class='ocr_par' dir='ltr' id='par_1_85' title="bbox 1882 4238 3450 4311">
     <span class='ocr_line' id='line_1_85' title="bbox 1882 4238 3450 4311; baseline 0.004 -20"><span class='ocrx_word' id='word_1_634' title='bbox 1882 4242 1999 4293; x_wconf 88' lang='lat' dir='ltr'><strong>tuti.</strong></span> <span class='ocrx_word' id='word_1_635' title='bbox 2022 4240 2067 4269; x_wconf 85' lang='grc'><strong>⁸³</strong></span> <span class='ocrx_word' id='word_1_636' title='bbox 2104 4258 2120 4290; x_wconf 77' lang='grc' dir='ltr'><strong>ι</strong></span> <span class='ocrx_word' id='word_1_637' title='bbox 2163 4238 2365 4293; x_wconf 86' lang='lat' dir='ltr'><strong>Pueros</strong></span> <span class='ocrx_word' id='word_1_638' title='bbox 2394 4240 2496 4293; x_wconf 87' lang='lat' dir='ltr'><strong>hoc</strong></span> <span class='ocrx_word' id='word_1_639' title='bbox 2524 4239 2640 4294; x_wconf 91' lang='lat' dir='ltr'><strong>loco</strong></span> <span class='ocrx_word' id='word_1_640' title='bbox 2664 4256 2763 4294; x_wconf 90' lang='lat' dir='ltr'><strong>nos</strong></span> <span class='ocrx_word' id='word_1_641' title='bbox 2794 4242 3047 4310; x_wconf 85' lang='lat' dir='ltr'><strong>appellat,</strong></span> <span class='ocrx_word' id='word_1_642' title='bbox 3080 4245 3168 4311; x_wconf 87' lang='lat' dir='ltr'><strong>qui</strong></span> <span class='ocrx_word' id='word_1_643' title='bbox 3202 4244 3254 4297; x_wconf 94' lang='lat' dir='ltr'><strong>in</strong></span> <span class='ocrx_word' id='word_1_644' title='bbox 3287 4246 3450 4299; x_wconf 82' lang='lat' dir='ltr'><strong>terris</strong></span> 
     </span>
    </p>
   </div>
   <div class='ocr_carea' id='block_1_86' title="bbox 1880 4330 3448 4403">
    <p class='ocr_par' dir='ltr' id='par_1_86' title="bbox 1880 4330 3448 4403">
     <span class='ocr_line' id='line_1_86' title="bbox 1880 4330 3448 4403; baseline 0.005 -18"><span class='ocrx_word' id='word_1_645' title='bbox 1880 4334 2043 4385; x_wconf 88' lang='lat' dir='ltr'><strong>vitam</strong></span> <span class='ocrx_word' id='word_1_646' title='bbox 2086 4331 2353 4400; x_wconf 84' lang='lat' dir='ltr'><strong>degimns,</strong></span> <span class='ocrx_word' id='word_1_647' title='bbox 2381 4330 2537 4397; x_wconf 78' lang='lat' dir='ltr'><strong>juxta</strong></span> <span class='ocrx_word' id='word_1_648' title='bbox 2583 4333 2710 4386; x_wconf 91' lang='lat' dir='ltr'><strong>illud</strong></span> <span class='ocrx_word' id='word_1_649' title='bbox 2762 4332 3063 4388; x_wconf 73' lang='lat' dir='ltr'><strong>Psalmista:</strong></span> <span class='ocrx_word' id='word_1_650' title='bbox 3110 4338 3161 4387; x_wconf 92' lang='lat' dir='ltr'><strong>in</strong></span> <span class='ocrx_word' id='word_1_651' title='bbox 3212 4351 3448 4403; x_wconf 73' lang='lat' dir='ltr'><strong>persona</strong></span> 
     </span>
    </p>
   </div>
   <div class='ocr_carea' id='block_1_87' title="bbox 197 4416 1783 4493">
    <p class='ocr_par' dir='ltr' id='par_1_87' title="bbox 197 4422 1771 4493">
     <span class='ocr_line' id='line_1_87' title="bbox 197 4422 1771 4493; baseline 0.003 -20"><span class='ocrx_word' id='word_1_652' title='bbox 197 4423 253 4473; x_wconf 78' lang='grc' dir='ltr'><strong>ἰν</strong></span> <span class='ocrx_word' id='word_1_653' title='bbox 306 4422 555 4492; x_wconf 80' lang='grc' dir='ltr'>Ψαλμοῖς</span> <span class='ocrx_word' id='word_1_654' title='bbox 614 4422 950 4493; x_wconf 82' lang='grc' dir='ltr'>ὑμνούμενον</span> <span class='ocrx_word' id='word_1_655' title='bbox 1006 4424 1081 4487; x_wconf 89' lang='grc' dir='ltr'><strong>ώς</strong></span> <span class='ocrx_word' id='word_1_656' title='bbox 1125 4426 1187 4477; x_wconf 83' lang='grc' dir='ltr'>ὲκ</span> <span class='ocrx_word' id='word_1_657' title='bbox 1251 4424 1543 4493; x_wconf 82' lang='grc' dir='ltr'>προσώπου</span> <span class='ocrx_word' id='word_1_658' title='bbox 1598 4424 1771 4477; x_wconf 76' lang='grc' dir='ltr'>Θεοῠο</span> 
     </span>
    </p>
   </div>
   <div class='ocr_carea' id='block_1_88' title="bbox 1871 4416 3449 4493">
    <p class='ocr_par' dir='ltr' id='par_1_88' title="bbox 1881 4416 3449 4491">
     <span class='ocr_line' id='line_1_88' title="bbox 1881 4416 3449 4491; baseline 0.005 -17"><span class='ocrx_word' id='word_1_659' title='bbox 1881 4421 1970 4474; x_wconf 83' lang='lat' dir='ltr'><strong>Dei</strong></span> <span class='ocrx_word' id='word_1_660' title='bbox 2000 4416 2343 4478; x_wconf 83' lang='lat' dir='ltr'><strong>decantatum</strong></span> <span class='ocrx_word' id='word_1_661' title='bbox 2380 4440 2394 4472; x_wconf 73' lang='grc' dir='ltr'>ε</span> <span class='ocrx_word' id='word_1_662' title='bbox 2432 4438 2450 4471; x_wconf 86' lang='grc' dir='ltr'><strong>ι</strong></span> <span class='ocrx_word' id='word_1_663' title='bbox 2480 4422 2611 4489; x_wconf 74' lang='lat' dir='ltr'><strong>Ego,</strong></span> <span class='ocrx_word' id='word_1_664' title='bbox 2660 4424 2854 4491; x_wconf 91' lang='lat' dir='ltr'><strong>inquit,</strong></span> <span class='ocrx_word' id='word_1_665' title='bbox 2898 4423 3007 4476; x_wconf 84' lang='lat' dir='ltr'><strong>dixi</strong></span> <span class='ocrx_word' id='word_1_666' title='bbox 3037 4440 3050 4476; x_wconf 90' lang='lat'><strong>:</strong></span> <span class='ocrx_word' id='word_1_667' title='bbox 3091 4423 3172 4477; x_wconf 90' lang='lat' dir='ltr'><strong>Dii</strong></span> <span class='ocrx_word' id='word_1_668' title='bbox 3201 4426 3358 4490; x_wconf 81' lang='lat' dir='ltr'><strong>estis,</strong></span> <span class='ocrx_word' id='word_1_669' title='bbox 3392 4436 3449 4485; x_wconf 82' lang='lat' dir='ltr'><strong>et</strong></span> 
     </span>
    </p>
   </div>
   <div class='ocr_carea' id='block_1_89' title="bbox 202 4508 1769 4583">
    <p class='ocr_par' dir='ltr' id='par_1_89' title="bbox 202 4508 1769 4583">
     <span class='ocr_line' id='line_1_89' title="bbox 202 4508 1769 4583; baseline -0.001 -20"><span class='ocrx_word' id='word_1_670' title='bbox 202 4532 221 4563; x_wconf 82' lang='grc' dir='ltr'><strong>ι</strong></span> <span class='ocrx_word' id='word_1_671' title='bbox 269 4513 413 4581; x_wconf 82' lang='grc' dir='ltr'><strong>Ἐγὼ</strong></span> <span class='ocrx_word' id='word_1_672' title='bbox 443 4508 606 4566; x_wconf 77' lang='grc' dir='ltr'>εἶπα*</span> <span class='ocrx_word' id='word_1_673' title='bbox 661 4513 784 4567; x_wconf 89' lang='grc' dir='ltr'>Θεοί</span> <span class='ocrx_word' id='word_1_674' title='bbox 841 4516 1001 4573; x_wconf 83' lang='grc' dir='ltr'>ὲστε,</span> <span class='ocrx_word' id='word_1_675' title='bbox 1057 4515 1149 4567; x_wconf 78' lang='grc' dir='ltr'><strong>καὶ</strong></span> <span class='ocrx_word' id='word_1_676' title='bbox 1193 4516 1298 4566; x_wconf 76' lang='grc' dir='ltr'>υἱοὶ</span> <span class='ocrx_word' id='word_1_677' title='bbox 1334 4515 1589 4583; x_wconf 65' lang='grc' dir='ltr'>Ὑψίστου</span> <span class='ocrx_word' id='word_1_678' title='bbox 1636 4516 1769 4568; x_wconf 61' lang='lat' dir='ltr'><strong>“xiv.</strong></span> 
     </span>
    </p>
   </div>
   <div class='ocr_carea' id='block_1_90' title="bbox 196 4591 1767 4676">
    <p class='ocr_par' dir='ltr' id='par_1_90' title="bbox 196 4591 1767 4676">
     <span class='ocr_line' id='line_1_90' title="bbox 196 4591 1767 4676; baseline 0.002 -20"><span class='ocrx_word' id='word_1_679' title='bbox 196 4621 304 4667; x_wconf 86' lang='grc' dir='ltr'>τες.</span> <span class='ocrx_word' id='word_1_680' title='bbox 346 4624 364 4656; x_wconf 71' lang='grc' dir='ltr'><strong>ι</strong></span> <span class='ocrx_word' id='word_1_681' title='bbox 405 4606 569 4660; x_wconf 86' lang='grc' dir='ltr'>Ὅσον</span> <span class='ocrx_word' id='word_1_682' title='bbox 599 4604 707 4674; x_wconf 82' lang='grc' dir='ltr'><strong>γάρ</strong></span> <span class='ocrx_word' id='word_1_683' title='bbox 763 4600 897 4676; x_wconf 79' lang='grc' dir='ltr'>ἧκεν</span> <span class='ocrx_word' id='word_1_684' title='bbox 928 4607 1007 4668; x_wconf 84' lang='grc' dir='ltr'>εἰς</span> <span class='ocrx_word' id='word_1_685' title='bbox 1053 4606 1113 4658; x_wconf 83' lang='grc' dir='ltr'><strong>τὸ</strong></span> <span class='ocrx_word' id='word_1_686' title='bbox 1142 4604 1218 4675; x_wconf 80' lang='grc' dir='ltr'>τῷ</span> <span class='ocrx_word' id='word_1_687' title='bbox 1271 4606 1390 4675; x_wconf 87' lang='grc' dir='ltr'><strong>Θεῷ</strong></span> <span class='ocrx_word' id='word_1_688' title='bbox 1419 4591 1627 4671; x_wconf 79' lang='grc' dir='ltr'>δοκοῦν,</span> <span class='ocrx_word' id='word_1_689' title='bbox 1673 4608 1767 4659; x_wconf 79' lang='grc' dir='ltr'><strong>καὶ</strong></span> 
     </span>
    </p>
   </div>
   <div class='ocr_carea' id='block_1_91' title="bbox 198 4696 1766 4767">
    <p class='ocr_par' dir='ltr' id='par_1_91' title="bbox 198 4696 1766 4767">
     <span class='ocr_line' id='line_1_91' title="bbox 198 4696 1766 4767; baseline 0 -18"><span class='ocrx_word' id='word_1_690' title='bbox 198 4699 272 4759; x_wconf 89' lang='grc' dir='ltr'>εἰς</span> <span class='ocrx_word' id='word_1_691' title='bbox 302 4698 400 4767; x_wconf 83' lang='grc' dir='ltr'><strong>τὴν</strong></span> <span class='ocrx_word' id='word_1_692' title='bbox 431 4696 653 4749; x_wconf 80' lang='grc' dir='ltr'>ἐνοῦσαν</span> <span class='ocrx_word' id='word_1_693' title='bbox 672 4698 989 4767; x_wconf 81' lang='grc' dir='ltr'>ἡμερότητα</span> <span class='ocrx_word' id='word_1_694' title='bbox 1018 4698 1159 4750; x_wconf 83' lang='grc' dir='ltr'>κατὰ</span> <span class='ocrx_word' id='word_1_695' title='bbox 1188 4698 1347 4765; x_wconf 85' lang='grc' dir='ltr'>φύσιν</span> <span class='ocrx_word' id='word_1_696' title='bbox 1378 4697 1544 4765; x_wconf 83' lang='grc' dir='ltr'>αὐτῷ,</span> <span class='ocrx_word' id='word_1_697' title='bbox 1566 4698 1766 4759; x_wconf 87' lang='grc' dir='ltr'>πάντες</span> 
     </span>
    </p>
   </div>
   <div class='ocr_carea' id='block_1_92' title="bbox 198 4784 1764 4859">
    <p class='ocr_par' dir='ltr' id='par_1_92' title="bbox 198 4784 1764 4859">
     <span class='ocr_line' id='line_1_92' title="bbox 198 4784 1764 4859; baseline 0.001 -19"><span class='ocrx_word' id='word_1_698' title='bbox 198 4789 259 4840; x_wconf 80' lang='grc' dir='ltr'><strong>ἂν</strong></span> <span class='ocrx_word' id='word_1_699' title='bbox 292 4784 436 4857; x_wconf 78' lang='grc' dir='ltr'>ἦμεν</span> <span class='ocrx_word' id='word_1_700' title='bbox 464 4789 647 4852; x_wconf 86' lang='grc' dir='ltr'>τέκνα,</span> <span class='ocrx_word' id='word_1_701' title='bbox 683 4790 776 4843; x_wconf 72' lang='grc' dir='ltr'>καὶ</span> <span class='ocrx_word' id='word_1_702' title='bbox 825 4789 1131 4841; x_wconf 86' lang='grc' dir='ltr'>ἀπώλισθεν</span> <span class='ocrx_word' id='word_1_703' title='bbox 1190 4790 1254 4841; x_wconf 85' lang='grc' dir='ltr'><strong>ἂν</strong></span> <span class='ocrx_word' id='word_1_704' title='bbox 1285 4790 1457 4851; x_wconf 73' lang='grc' dir='ltr'>οὐδεὶς</span> <span class='ocrx_word' id='word_1_705' title='bbox 1486 4790 1583 4858; x_wconf 81' lang='grc' dir='ltr'>τῆς</span> <span class='ocrx_word' id='word_1_706' title='bbox 1608 4794 1611 4795; x_wconf 62' lang='grc'><strong><em>⁷</em></strong></span> <span class='ocrx_word' id='word_1_707' title='bbox 1633 4790 1764 4859; x_wconf 76' lang='grc' dir='ltr'>πρὸς</span> 
     </span>
    </p>
   </div>
   <div class='ocr_carea' id='block_1_93' title="bbox 200 4875 1769 4951">
    <p class='ocr_par' dir='ltr' id='par_1_93' title="bbox 200 4875 1769 4951">
     <span class='ocr_line' id='line_1_93' title="bbox 200 4875 1769 4951; baseline 0.003 -23"><span class='ocrx_word' id='word_1_708' title='bbox 200 4878 358 4929; x_wconf 78' lang='grc' dir='ltr'>αὑτὸν</span> <span class='ocrx_word' id='word_1_709' title='bbox 389 4879 735 4947; x_wconf 63' lang='grc' dir='ltr'>οἰκειότητος.</span> <span class='ocrx_word' id='word_1_710' title='bbox 769 4879 908 4931; x_wconf 75' lang='grc' dir='ltr'>Ἀλλ’</span> <span class='ocrx_word' id='word_1_711' title='bbox 1005 4896 1167 4949; x_wconf 85' lang='grc' dir='ltr'>φησιν</span> <span class='ocrx_word' id='word_1_712' title='bbox 1195 4882 1222 4933; x_wconf 89' lang='grc' dir='ltr'>ὁ</span> <span class='ocrx_word' id='word_1_713' title='bbox 1252 4880 1433 4942; x_wconf 82' lang='grc' dir='ltr'>Δαυῖδ,</span> <span class='ocrx_word' id='word_1_714' title='bbox 1462 4880 1537 4942; x_wconf 83' lang='grc' dir='ltr'>ὡς</span> <span class='ocrx_word' id='word_1_715' title='bbox 1567 4879 1769 4950; x_wconf 85' lang='grc' dir='ltr'>ἀνθρω-</span> 
     </span>
    </p>
   </div>
   <div class='ocr_carea' id='block_1_94' title="bbox 200 4964 1769 5039">
    <p class='ocr_par' dir='ltr' id='par_1_94' title="bbox 200 4964 1769 5039">
     <span class='ocr_line' id='line_1_94' title="bbox 200 4964 1769 5039; baseline 0.001 -19"><span class='ocrx_word' id='word_1_716' title='bbox 200 4986 286 5020; x_wconf 86' lang='grc' dir='ltr'><strong>ποι</strong></span> <span class='ocrx_word' id='word_1_717' title='bbox 316 4968 754 5037; x_wconf 86' lang='grc' dir='ltr'>ἀποθνήσκομεν,</span> <span class='ocrx_word' id='word_1_718' title='bbox 788 4972 879 5021; x_wconf 76' lang='grc' dir='ltr'>καὶ</span> <span class='ocrx_word' id='word_1_719' title='bbox 906 4970 979 5031; x_wconf 86' lang='grc' dir='ltr'><strong>ώς</strong></span> <span class='ocrx_word' id='word_1_720' title='bbox 1011 4964 1090 5033; x_wconf 72' lang='grc' dir='ltr'><strong>εἷς</strong></span> <span class='ocrx_word' id='word_1_721' title='bbox 1134 4970 1241 5021; x_wconf 83' lang='grc' dir='ltr'><strong>τῶν</strong></span> <span class='ocrx_word' id='word_1_722' title='bbox 1270 4970 1545 5039; x_wconf 86' lang='grc' dir='ltr'>ἀρχόντων</span> <span class='ocrx_word' id='word_1_723' title='bbox 1575 4970 1769 5022; x_wconf 86' lang='grc' dir='ltr'>πίπτο-</span> 
     </span>
    </p>
   </div>
   <div class='ocr_carea' id='block_1_95' title="bbox 204 5059 1772 5130">
    <p class='ocr_par' dir='ltr' id='par_1_95' title="bbox 204 5059 1772 5130">
     <span class='ocr_line' id='line_1_95' title="bbox 204 5059 1772 5130; baseline -0.001 -17"><span class='ocrx_word' id='word_1_724' title='bbox 204 5079 318 5129; x_wconf 87' lang='grc' dir='ltr'>μεν,</span> <span class='ocrx_word' id='word_1_725' title='bbox 341 5064 453 5122; x_wconf 88' lang='grc' dir='ltr'>τοῖς</span> <span class='ocrx_word' id='word_1_726' title='bbox 482 5060 578 5130; x_wconf 83' lang='grc' dir='ltr'><strong>τῆς</strong></span> <span class='ocrx_word' id='word_1_727' title='bbox 606 5059 803 5129; x_wconf 74' lang='grc' dir='ltr'>σαρκὸς</span> <span class='ocrx_word' id='word_1_728' title='bbox 835 5060 1031 5113; x_wconf 81' lang='grc' dir='ltr'>πάθεσι</span> <span class='ocrx_word' id='word_1_729' title='bbox 1060 5061 1151 5113; x_wconf 83' lang='grc' dir='ltr'><strong>τὸν</strong></span> <span class='ocrx_word' id='word_1_730' title='bbox 1181 5064 1378 5113; x_wconf 78' lang='grc' dir='ltr'>οἰκεῖον</span> <span class='ocrx_word' id='word_1_731' title='bbox 1409 5060 1772 5127; x_wconf 83' lang='grc' dir='ltr'>ὑποφέροντες</span> 
     </span>
    </p>
   </div>
   <div class='ocr_carea' id='block_1_96' title="bbox 197 5150 1771 5223">
    <p class='ocr_par' dir='ltr' id='par_1_96' title="bbox 197 5150 1771 5223">
     <span class='ocr_line' id='line_1_96' title="bbox 197 5150 1771 5223; baseline -0.001 -17"><span class='ocrx_word' id='word_1_732' title='bbox 197 5157 339 5209; x_wconf 77' lang='grc' dir='ltr'>νοῦν.</span> <span class='ocrx_word' id='word_1_733' title='bbox 392 5154 524 5217; x_wconf 82' lang='grc' dir='ltr'><strong>-Πῶς</strong></span> <span class='ocrx_word' id='word_1_734' title='bbox 578 5150 671 5207; x_wconf 80' lang='grc' dir='ltr'>οὖν</span> <span class='ocrx_word' id='word_1_735' title='bbox 722 5154 829 5223; x_wconf 79' lang='grc' dir='ltr'><strong>ἀρα</strong></span> <span class='ocrx_word' id='word_1_736' title='bbox 873 5154 1347 5222; x_wconf 82' lang='grc' dir='ltr'>κεκοινωνήκαμεν</span> <span class='ocrx_word' id='word_1_737' title='bbox 1392 5153 1623 5220; x_wconf 86' lang='grc' dir='ltr'>αἵματος</span> <span class='ocrx_word' id='word_1_738' title='bbox 1678 5152 1771 5204; x_wconf 73' lang='grc' dir='ltr'>καὶ</span> 
     </span>
    </p>
   </div>
   <div class='ocr_carea' id='block_1_97' title="bbox 204 5245 1769 5321">
    <p class='ocr_par' dir='ltr' id='par_1_97' title="bbox 204 5245 1769 5321">
     <span class='ocr_line' id='line_1_97' title="bbox 204 5245 1769 5321; baseline -0.002 -22"><span class='ocrx_word' id='word_1_739' title='bbox 204 5250 427 5321; x_wconf 88' lang='grc' dir='ltr'>σαρκός;</span> <span class='ocrx_word' id='word_1_740' title='bbox 447 5249 606 5318; x_wconf 80' lang='grc' dir='ltr'>Ψυχὴ</span> <span class='ocrx_word' id='word_1_741' title='bbox 638 5248 746 5317; x_wconf 84' lang='grc' dir='ltr'>γὰρ</span> <span class='ocrx_word' id='word_1_742' title='bbox 777 5249 807 5315; x_wconf 81' lang='grc' dir='ltr'>ἡ</span> <span class='ocrx_word' id='word_1_743' title='bbox 838 5247 1149 5317; x_wconf 83' lang='grc' dir='ltr'>ἀνθρωπίνη</span> <span class='ocrx_word' id='word_1_744' title='bbox 1174 5247 1331 5314; x_wconf 87' lang='grc' dir='ltr'>φύσιν</span> <span class='ocrx_word' id='word_1_745' title='bbox 1352 5245 1543 5314; x_wconf 75' lang='grc' dir='ltr'>ἑτέραν</span> <span class='ocrx_word' id='word_1_746' title='bbox 1575 5245 1769 5313; x_wconf 73' lang='grc' dir='ltr'>ἔχουσα</span> 
     </span>
    </p>
   </div>
   <div class='ocr_carea' id='block_1_98' title="bbox 196 5334 1762 5408">
    <p class='ocr_par' dir='ltr' id='par_1_98' title="bbox 196 5334 1762 5408">
     <span class='ocr_line' id='line_1_98' title="bbox 196 5334 1762 5408; baseline -0.003 -18"><span class='ocrx_word' id='word_1_747' title='bbox 196 5339 346 5408; x_wconf 82' lang='grc' dir='ltr'><strong>παρά</strong></span> <span class='ocrx_word' id='word_1_748' title='bbox 386 5338 483 5407; x_wconf 82' lang='grc' dir='ltr'>τὴν</span> <span class='ocrx_word' id='word_1_749' title='bbox 528 5338 725 5406; x_wconf 84' lang='grc' dir='ltr'>σάρκα,</span> <span class='ocrx_word' id='word_1_750' title='bbox 758 5339 822 5405; x_wconf 83' lang='grc' dir='ltr'>τῇ</span> <span class='ocrx_word' id='word_1_751' title='bbox 856 5337 988 5406; x_wconf 85' lang='grc' dir='ltr'>πρὸς</span> <span class='ocrx_word' id='word_1_752' title='bbox 1024 5335 1190 5404; x_wconf 74' lang='grc' dir='ltr'>αὐτὴν</span> <span class='ocrx_word' id='word_1_753' title='bbox 1222 5335 1367 5385; x_wconf 87' lang='grc' dir='ltr'>θέσει</span> <span class='ocrx_word' id='word_1_754' title='bbox 1400 5334 1519 5385; x_wconf 88' lang='grc' dir='ltr'>καθ’</span> <span class='ocrx_word' id='word_1_755' title='bbox 1552 5334 1762 5396; x_wconf 73' lang='grc' dir='ltr'>ἕνωσιν,</span> 
     </span>
    </p>
   </div>
   <div class='ocr_carea' id='block_1_99' title="bbox 200 5426 1765 5495">
    <p class='ocr_par' dir='ltr' id='par_1_99' title="bbox 200 5426 1765 5495">
     <span class='ocr_line' id='line_1_99' title="bbox 200 5426 1765 5495; baseline -0.001 -16"><span class='ocrx_word' id='word_1_756' title='bbox 200 5431 257 5479; x_wconf 55' lang='grc' dir='ltr'>τὸ</span> <span class='ocrx_word' id='word_1_757' title='bbox 299 5431 356 5481; x_wconf 76' lang='grc' dir='ltr'>ἓν</span> <span class='ocrx_word' id='word_1_758' title='bbox 396 5445 453 5481; x_wconf 89' lang='grc' dir='ltr'><strong>τε</strong></span> <span class='ocrx_word' id='word_1_759' title='bbox 505 5432 597 5481; x_wconf 76' lang='grc' dir='ltr'>καὶ</span> <span class='ocrx_word' id='word_1_760' title='bbox 641 5429 853 5495; x_wconf 82' lang='grc' dir='ltr'>λογικὸν</span> <span class='ocrx_word' id='word_1_761' title='bbox 891 5428 1177 5481; x_wconf 84' lang='grc' dir='ltr'>ἀπετέλεσε</span> <span class='ocrx_word' id='word_1_762' title='bbox 1220 5426 1374 5489; x_wconf 76' lang='grc' dir='ltr'>ζῶον,</span> <span class='ocrx_word' id='word_1_763' title='bbox 1406 5429 1647 5478; x_wconf 84' lang='grc' dir='ltr'>τουτέστι</span> <span class='ocrx_word' id='word_1_764' title='bbox 1676 5426 1765 5477; x_wconf 83' lang='grc' dir='ltr'><strong>τὸν</strong></span> 
     </span>
    </p>
   </div>
   <div class='ocr_carea' id='block_1_100' title="bbox 202 5516 1759 5587">
    <p class='ocr_par' dir='ltr' id='par_1_100' title="bbox 202 5516 1759 5587">
     <span class='ocr_line' id='line_1_100' title="bbox 202 5516 1759 5587; baseline -0.002 -16"><span class='ocrx_word' id='word_1_765' title='bbox 202 5522 499 5587; x_wconf 76' lang='grc' dir='ltr'>ἄνθρωπον.</span> <span class='ocrx_word' id='word_1_766' title='bbox 541 5519 696 5573; x_wconf 76' lang='grc' dir='ltr'>Οὕτω</span> <span class='ocrx_word' id='word_1_767' title='bbox 726 5518 1014 5587; x_wconf 74' lang='grc' dir='ltr'>τοιγαροῦν</span> <span class='ocrx_word' id='word_1_768' title='bbox 1054 5520 1145 5570; x_wconf 74' lang='grc' dir='ltr'><strong>καὶ</strong></span> <span class='ocrx_word' id='word_1_769' title='bbox 1202 5522 1227 5569; x_wconf 90' lang='grc' dir='ltr'><strong>ό</strong></span> <span class='ocrx_word' id='word_1_770' title='bbox 1256 5517 1348 5569; x_wconf 82' lang='grc' dir='ltr'>τοῦ</span> <span class='ocrx_word' id='word_1_771' title='bbox 1392 5516 1529 5568; x_wconf 77' lang='grc' dir='ltr'>Θεοῦ</span> <span class='ocrx_word' id='word_1_772' title='bbox 1572 5518 1759 5583; x_wconf 83' lang='grc' dir='ltr'>Λόγος,</span> 
     </span>
    </p>
   </div>
   <div class='ocr_carea' id='block_1_101' title="bbox 202 5605 1764 5680">
    <p class='ocr_par' dir='ltr' id='par_1_101' title="bbox 202 5605 1764 5680">
     <span class='ocr_line' id='line_1_101' title="bbox 202 5605 1764 5680; baseline -0.002 -21"><span class='ocrx_word' id='word_1_773' title='bbox 202 5612 562 5680; x_wconf 49' lang='grc' dir='ltr'>ὲιιλζυχωμένῃ</span> <span class='ocrx_word' id='word_1_774' title='bbox 596 5611 776 5679; x_wconf 67' lang='grc' dir='ltr'>σαρκὶ,</span> <span class='ocrx_word' id='word_1_775' title='bbox 810 5610 900 5660; x_wconf 72' lang='grc' dir='ltr'><strong>καὶ</strong></span> <span class='ocrx_word' id='word_1_776' title='bbox 931 5609 1029 5660; x_wconf 72' lang='grc' dir='ltr'><strong>οὐκ</strong></span> <span class='ocrx_word' id='word_1_777' title='bbox 1060 5607 1249 5676; x_wconf 62' lang='grc' dir='ltr'>ἀψύχῳ</span> <span class='ocrx_word' id='word_1_778' title='bbox 1281 5605 1420 5659; x_wconf 89' lang='grc' dir='ltr'>κατά</span> <span class='ocrx_word' id='word_1_779' title='bbox 1449 5622 1616 5669; x_wconf 79' lang='grc' dir='ltr'>τινας,</span> <span class='ocrx_word' id='word_1_780' title='bbox 1648 5607 1764 5657; x_wconf 79' lang='grc' dir='ltr'>ἐαυ-</span> 
     </span>
    </p>
   </div>
   <div class='ocr_carea' id='block_1_102' title="bbox 267 5764 688 5820">
    <p class='ocr_par' dir='ltr' id='par_1_102' title="bbox 267 5764 688 5820">
     <span class='ocr_line' id='line_1_102' title="bbox 267 5764 688 5820; baseline -0.005 -3"><span class='ocrx_word' id='word_1_781' title='bbox 267 5766 309 5797; x_wconf 79' lang='grc'>⁸¹</span> <span class='ocrx_word' id='word_1_782' title='bbox 347 5768 501 5817; x_wconf 61' lang='lat' dir='ltr'><strong>lixlu&#39;.</strong></span> <span class='ocrx_word' id='word_1_783' title='bbox 541 5764 688 5820; x_wconf 64' lang='lat'><strong>1.21.</strong></span> 
     </span>
    </p>
   </div>
   <div class='ocr_carea' id='block_1_103' title="bbox 1875 4512 3443 4582">
    <p class='ocr_par' dir='ltr' id='par_1_103' title="bbox 1875 4512 3443 4582">
     <span class='ocr_line' id='line_1_103' title="bbox 1875 4512 3443 4582; baseline 0.003 -17"><span class='ocrx_word' id='word_1_784' title='bbox 1875 4514 1968 4566; x_wconf 82' lang='lat' dir='ltr'><strong>lilii</strong></span> <span class='ocrx_word' id='word_1_785' title='bbox 2004 4513 2211 4565; x_wconf 63' lang='grc' dir='ltr'><strong>Εἰρειεί</strong></span> <span class='ocrx_word' id='word_1_786' title='bbox 2244 4526 2433 4565; x_wconf 87' lang='lat' dir='ltr'><strong>omnes</strong></span> <span class='ocrx_word' id='word_1_787' title='bbox 2454 4512 2521 4565; x_wconf 75' lang='lat'><strong>“.</strong></span> <span class='ocrx_word' id='word_1_788' title='bbox 2554 4530 2573 4563; x_wconf 75' lang='grc' dir='ltr'><strong>ι</strong></span> <span class='ocrx_word' id='word_1_789' title='bbox 2628 4512 2760 4566; x_wconf 81' lang='lat' dir='ltr'><strong>Nam</strong></span> <span class='ocrx_word' id='word_1_790' title='bbox 2803 4516 2945 4582; x_wconf 91' lang='lat' dir='ltr'><strong>quod</strong></span> <span class='ocrx_word' id='word_1_791' title='bbox 2998 4515 3192 4569; x_wconf 86' lang='lat' dir='ltr'><strong>attinet</strong></span> <span class='ocrx_word' id='word_1_792' title='bbox 3238 4517 3304 4570; x_wconf 86' lang='lat' dir='ltr'><strong>ad</strong></span> <span class='ocrx_word' id='word_1_793' title='bbox 3350 4517 3443 4570; x_wconf 85' lang='lat' dir='ltr'><strong>Dei</strong></span> 
     </span>
    </p>
   </div>
   <div class='ocr_carea' id='block_1_104' title="bbox 1874 4608 3443 4679">
    <p class='ocr_par' dir='ltr' id='par_1_104' title="bbox 1874 4608 3443 4679">
     <span class='ocr_line' id='line_1_104' title="bbox 1874 4608 3443 4679; baseline 0.002 -18"><span class='ocrx_word' id='word_1_794' title='bbox 1874 4609 2245 4667; x_wconf 88' lang='lat' dir='ltr'><strong>voluntatem,</strong></span> <span class='ocrx_word' id='word_1_795' title='bbox 2316 4609 2895 4673; x_wconf 89' lang='lat' dir='ltr'><strong>mansuetudinemque</strong></span> <span class='ocrx_word' id='word_1_796' title='bbox 2961 4608 3281 4664; x_wconf 90' lang='lat' dir='ltr'><strong>naturaliter</strong></span> <span class='ocrx_word' id='word_1_797' title='bbox 3341 4611 3443 4679; x_wconf 80' lang='lat' dir='ltr'><strong>ipsi</strong></span> 
     </span>
    </p>
   </div>
   <div class='ocr_carea' id='block_1_105' title="bbox 1872 4698 3446 4773">
    <p class='ocr_par' dir='ltr' id='par_1_105' title="bbox 1872 4698 3446 4773">
     <span class='ocr_line' id='line_1_105' title="bbox 1872 4698 3446 4773; baseline 0.003 -23"><span class='ocrx_word' id='word_1_798' title='bbox 1872 4698 2114 4759; x_wconf 89' lang='lat' dir='ltr'><strong>insitam,</strong></span> <span class='ocrx_word' id='word_1_799' title='bbox 2148 4698 2214 4750; x_wconf 89' lang='lat' dir='ltr'><strong>ad</strong></span> <span class='ocrx_word' id='word_1_800' title='bbox 2240 4712 2402 4750; x_wconf 90' lang='lat' dir='ltr'><strong>unum</strong></span> <span class='ocrx_word' id='word_1_801' title='bbox 2440 4712 2630 4752; x_wconf 91' lang='lat' dir='ltr'><strong>omnes</strong></span> <span class='ocrx_word' id='word_1_802' title='bbox 2666 4713 2913 4753; x_wconf 86' lang='lat' dir='ltr'><strong>essemus</strong></span> <span class='ocrx_word' id='word_1_803' title='bbox 2942 4699 3057 4763; x_wconf 86' lang='lat' dir='ltr'><strong>lilii,</strong></span> <span class='ocrx_word' id='word_1_804' title='bbox 3100 4715 3274 4773; x_wconf 88' lang='lat' dir='ltr'><strong>neque</strong></span> <span class='ocrx_word' id='word_1_805' title='bbox 3296 4704 3446 4770; x_wconf 86' lang='lat' dir='ltr'><strong>quis-</strong></span> 
     </span>
    </p>
   </div>
   <div class='ocr_carea' id='block_1_106' title="bbox 1876 4789 3446 4856">
    <p class='ocr_par' dir='ltr' id='par_1_106' title="bbox 1876 4789 3446 4856">
     <span class='ocr_line' id='line_1_106' title="bbox 1876 4789 3446 4856; baseline 0.006 -17"><span class='ocrx_word' id='word_1_806' title='bbox 1876 4804 2035 4856; x_wconf 87' lang='lat' dir='ltr'><strong>quam</strong></span> <span class='ocrx_word' id='word_1_807' title='bbox 2083 4790 2322 4840; x_wconf 89' lang='lat' dir='ltr'><strong>omnium</strong></span> <span class='ocrx_word' id='word_1_808' title='bbox 2367 4789 2433 4841; x_wconf 90' lang='lat' dir='ltr'><strong>ab</strong></span> <span class='ocrx_word' id='word_1_809' title='bbox 2488 4789 2633 4845; x_wconf 89' lang='lat' dir='ltr'><strong>illius</strong></span> <span class='ocrx_word' id='word_1_810' title='bbox 2690 4790 3059 4847; x_wconf 82' lang='lat' dir='ltr'><strong>familiaritate</strong></span> <span class='ocrx_word' id='word_1_811' title='bbox 3104 4804 3159 4846; x_wconf 93' lang='lat' dir='ltr'><strong>et</strong></span> <span class='ocrx_word' id='word_1_812' title='bbox 3204 4795 3446 4848; x_wconf 79' lang='lat' dir='ltr'><strong>amicitia</strong></span> 
     </span>
    </p>
   </div>
   <div class='ocr_carea' id='block_1_107' title="bbox 1875 4880 3443 4952">
    <p class='ocr_par' dir='ltr' id='par_1_107' title="bbox 1875 4880 3443 4952">
     <span class='ocr_line' id='line_1_107' title="bbox 1875 4880 3443 4952; baseline 0.004 -20"><span class='ocrx_word' id='word_1_813' title='bbox 1875 4880 2083 4933; x_wconf 89' lang='lat' dir='ltr'><strong>alienus</strong></span> <span class='ocrx_word' id='word_1_814' title='bbox 2119 4880 2256 4933; x_wconf 90' lang='lat' dir='ltr'><strong>foret</strong></span> <span class='ocrx_word' id='word_1_815' title='bbox 2292 4898 2306 4933; x_wconf 88' lang='lat'><strong>:</strong></span> <span class='ocrx_word' id='word_1_816' title='bbox 2345 4896 2533 4935; x_wconf 86' lang='lat' dir='ltr'><strong>verum</strong></span> <span class='ocrx_word' id='word_1_817' title='bbox 2577 4883 2720 4950; x_wconf 89' lang='lat' dir='ltr'><strong>quod</strong></span> <span class='ocrx_word' id='word_1_818' title='bbox 2777 4893 3011 4937; x_wconf 91' lang='lat' dir='ltr'><strong>mentem</strong></span> <span class='ocrx_word' id='word_1_819' title='bbox 3056 4885 3443 4952; x_wconf 87' lang='lat' dir='ltr'><strong>cupiditatibus</strong></span> 
     </span>
    </p>
   </div>
   <div class='ocr_carea' id='block_1_108' title="bbox 1876 4971 3435 5041">
    <p class='ocr_par' dir='ltr' id='par_1_108' title="bbox 1876 4971 3435 5041">
     <span class='ocr_line' id='line_1_108' title="bbox 1876 4971 3435 5041; baseline 0.003 -17"><span class='ocrx_word' id='word_1_820' title='bbox 1876 4982 1929 5024; x_wconf 89' lang='lat' dir='ltr'><strong>et</strong></span> <span class='ocrx_word' id='word_1_821' title='bbox 1957 4971 2199 5039; x_wconf 81' lang='lat' dir='ltr'><strong>corporis</strong></span> <span class='ocrx_word' id='word_1_822' title='bbox 2225 4972 2725 5037; x_wconf 89' lang='lat' dir='ltr'><strong>perturbationibus</strong></span> <span class='ocrx_word' id='word_1_823' title='bbox 2757 4974 2900 5027; x_wconf 87' lang='lat' dir='ltr'><strong>ultro</strong></span> <span class='ocrx_word' id='word_1_824' title='bbox 2925 4974 3327 5041; x_wconf 89' lang='lat' dir='ltr'><strong>submittamus,</strong></span> <span class='ocrx_word' id='word_1_825' title='bbox 3359 4976 3435 5037; x_wconf 87' lang='lat' dir='ltr'><strong>iit.</strong></span> 
     </span>
    </p>
   </div>
   <div class='ocr_carea' id='block_1_109' title="bbox 1875 5061 3443 5131">
    <p class='ocr_par' dir='ltr' id='par_1_109' title="bbox 1875 5061 3443 5131">
     <span class='ocr_line' id='line_1_109' title="bbox 1875 5061 3443 5131; baseline 0.003 -17"><span class='ocrx_word' id='word_1_826' title='bbox 1875 5071 2165 5115; x_wconf 86' lang='lat' dir='ltr'><strong>attestante</strong></span> <span class='ocrx_word' id='word_1_827' title='bbox 2202 5063 2423 5124; x_wconf 85' lang='lat' dir='ltr'><strong>Davide,</strong></span> <span class='ocrx_word' id='word_1_828' title='bbox 2464 5072 2520 5114; x_wconf 93' lang='lat' dir='ltr'><strong>ut</strong></span> <span class='ocrx_word' id='word_1_829' title='bbox 2554 5061 2718 5115; x_wconf 84' lang='lat' dir='ltr'><strong>veluti</strong></span> <span class='ocrx_word' id='word_1_830' title='bbox 2762 5062 3007 5116; x_wconf 88' lang='lat' dir='ltr'><strong>homines</strong></span> <span class='ocrx_word' id='word_1_831' title='bbox 3039 5064 3357 5131; x_wconf 84' lang='lat' dir='ltr'><strong>moriamur,</strong></span> <span class='ocrx_word' id='word_1_832' title='bbox 3389 5076 3443 5119; x_wconf 85' lang='lat' dir='ltr'><strong>et</strong></span> 
     </span>
    </p>
   </div>
   <div class='ocr_carea' id='block_1_110' title="bbox 1873 5152 3441 5224">
    <p class='ocr_par' dir='ltr' id='par_1_110' title="bbox 1873 5152 3441 5224">
     <span class='ocr_line' id='line_1_110' title="bbox 1873 5152 3441 5224; baseline 0.003 -18"><span class='ocrx_word' id='word_1_833' title='bbox 1873 5154 2013 5206; x_wconf 89' lang='lat' dir='ltr'><strong>sicut</strong></span> <span class='ocrx_word' id='word_1_834' title='bbox 2067 5169 2204 5207; x_wconf 85' lang='lat' dir='ltr'><strong>unus</strong></span> <span class='ocrx_word' id='word_1_835' title='bbox 2257 5156 2322 5209; x_wconf 86' lang='lat' dir='ltr'><strong>de</strong></span> <span class='ocrx_word' id='word_1_836' title='bbox 2367 5152 2703 5223; x_wconf 86' lang='lat' dir='ltr'><strong>principibus</strong></span> <span class='ocrx_word' id='word_1_837' title='bbox 2748 5154 3005 5209; x_wconf 86' lang='lat' dir='ltr'><strong>cadamus</strong></span> <span class='ocrx_word' id='word_1_838' title='bbox 3030 5156 3096 5208; x_wconf 84' lang='grc'><strong>⁸⁵.</strong></span> <span class='ocrx_word' id='word_1_839' title='bbox 3151 5155 3255 5209; x_wconf 90' lang='lat' dir='ltr'><strong>Sed</strong></span> <span class='ocrx_word' id='word_1_840' title='bbox 3307 5171 3441 5224; x_wconf 85' lang='lat' dir='ltr'><strong>quo-</strong></span> 
     </span>
    </p>
   </div>
   <div class='ocr_carea' id='block_1_111' title="bbox 1875 5240 3443 5310">
    <p class='ocr_par' dir='ltr' id='par_1_111' title="bbox 1875 5240 3443 5310">
     <span class='ocr_line' id='line_1_111' title="bbox 1875 5240 3443 5310; baseline 0 -17"><span class='ocrx_word' id='word_1_841' title='bbox 1875 5242 2032 5295; x_wconf 90' lang='lat' dir='ltr'><strong>modo</strong></span> <span class='ocrx_word' id='word_1_842' title='bbox 2066 5243 2215 5295; x_wconf 83' lang='lat' dir='ltr'><strong>carni</strong></span> <span class='ocrx_word' id='word_1_843' title='bbox 2264 5254 2317 5295; x_wconf 90' lang='lat' dir='ltr'><strong>et</strong></span> <span class='ocrx_word' id='word_1_844' title='bbox 2360 5240 2605 5310; x_wconf 82' lang='lat' dir='ltr'><strong>sanguini</strong></span> <span class='ocrx_word' id='word_1_845' title='bbox 2640 5242 3200 5295; x_wconf 88' lang='lat' dir='ltr'><strong>communicavimus?</strong></span> <span class='ocrx_word' id='word_1_846' title='bbox 3245 5242 3443 5294; x_wconf 75' lang='lat' dir='ltr'><strong>Anima</strong></span> 
     </span>
    </p>
   </div>
   <div class='ocr_carea' id='block_1_112' title="bbox 1875 5336 3437 5399">
    <p class='ocr_par' dir='ltr' id='par_1_112' title="bbox 1875 5336 3437 5399">
     <span class='ocr_line' id='line_1_112' title="bbox 1875 5336 3437 5399; baseline 0.002 -15"><span class='ocrx_word' id='word_1_847' title='bbox 1875 5336 2103 5385; x_wconf 85' lang='lat' dir='ltr'><strong>humana</strong></span> <span class='ocrx_word' id='word_1_848' title='bbox 2154 5336 2417 5386; x_wconf 84' lang='lat' dir='ltr'><strong>diversam</strong></span> <span class='ocrx_word' id='word_1_849' title='bbox 2468 5352 2493 5384; x_wconf 90' lang='lat' dir='ltr'><strong>a</strong></span> <span class='ocrx_word' id='word_1_850' title='bbox 2542 5349 2703 5388; x_wconf 82' lang='lat' dir='ltr'><strong>carne</strong></span> <span class='ocrx_word' id='word_1_851' title='bbox 2745 5336 2932 5387; x_wconf 85' lang='lat' dir='ltr'><strong>sortita</strong></span> <span class='ocrx_word' id='word_1_852' title='bbox 2983 5346 3249 5399; x_wconf 86' lang='lat' dir='ltr'><strong>naturam,</strong></span> <span class='ocrx_word' id='word_1_853' title='bbox 3288 5337 3437 5388; x_wconf 88' lang='lat' dir='ltr'><strong>carui</strong></span> 
     </span>
    </p>
   </div>
   <div class='ocr_carea' id='block_1_113' title="bbox 1876 5425 3439 5497">
    <p class='ocr_par' dir='ltr' id='par_1_113' title="bbox 1876 5425 3439 5497">
     <span class='ocr_line' id='line_1_113' title="bbox 1876 5425 3439 5497; baseline 0.004 -23"><span class='ocrx_word' id='word_1_854' title='bbox 1876 5426 2049 5481; x_wconf 85' lang='lat' dir='ltr'><strong>unita.</strong></span> <span class='ocrx_word' id='word_1_855' title='bbox 2084 5441 2267 5488; x_wconf 88' lang='lat' dir='ltr'><strong>unttm,</strong></span> <span class='ocrx_word' id='word_1_856' title='bbox 2311 5434 2365 5478; x_wconf 87' lang='lat' dir='ltr'><strong>et</strong></span> <span class='ocrx_word' id='word_1_857' title='bbox 2404 5426 2528 5484; x_wconf 86' lang='lat' dir='ltr'><strong>illud</strong></span> <span class='ocrx_word' id='word_1_858' title='bbox 2560 5425 2777 5492; x_wconf 89' lang='lat' dir='ltr'><strong>quidem</strong></span> <span class='ocrx_word' id='word_1_859' title='bbox 2812 5442 2904 5495; x_wconf 84' lang='lat' dir='ltr'><strong>per</strong></span> <span class='ocrx_word' id='word_1_860' title='bbox 2926 5428 3003 5480; x_wconf 86' lang='lat' dir='ltr'><strong>sui</strong></span> <span class='ocrx_word' id='word_1_861' title='bbox 3039 5427 3439 5497; x_wconf 77' lang='lat' dir='ltr'><strong>adjuuctionent</strong></span> 
     </span>
    </p>
   </div>
   <div class='ocr_carea' id='block_1_114' title="bbox 1875 5517 3439 5583">
    <p class='ocr_par' dir='ltr' id='par_1_114' title="bbox 1875 5517 3439 5583">
     <span class='ocr_line' id='line_1_114' title="bbox 1875 5517 3439 5583; baseline 0.003 -17"><span class='ocrx_word' id='word_1_862' title='bbox 1875 5517 2081 5567; x_wconf 83' lang='lat' dir='ltr'><strong>ratione</strong></span> <span class='ocrx_word' id='word_1_863' title='bbox 2131 5518 2410 5583; x_wconf 73' lang='lat' dir='ltr'><strong>przeiiituin</strong></span> <span class='ocrx_word' id='word_1_864' title='bbox 2466 5520 2666 5571; x_wconf 85' lang='lat' dir='ltr'><strong>animal</strong></span> <span class='ocrx_word' id='word_1_865' title='bbox 2712 5518 2953 5571; x_wconf 84' lang='lat' dir='ltr'><strong>absolvit.</strong></span> <span class='ocrx_word' id='word_1_866' title='bbox 3010 5520 3109 5571; x_wconf 83' lang='lat' dir='ltr'><strong>huc</strong></span> <span class='ocrx_word' id='word_1_867' title='bbox 3154 5529 3236 5572; x_wconf 89' lang='lat' dir='ltr'><strong>est</strong></span> <span class='ocrx_word' id='word_1_868' title='bbox 3275 5520 3439 5571; x_wconf 85' lang='lat' dir='ltr'><strong>homi-</strong></span> 
     </span>
    </p>
   </div>
   <div class='ocr_carea' id='block_1_115' title="bbox 1872 5608 3437 5679">
    <p class='ocr_par' dir='ltr' id='par_1_115' title="bbox 1872 5608 3437 5679">
     <span class='ocr_line' id='line_1_115' title="bbox 1872 5608 3437 5679; baseline 0.003 -20"><span class='ocrx_word' id='word_1_869' title='bbox 1872 5622 2013 5660; x_wconf 82' lang='lat' dir='ltr'><strong>nem.</strong></span> <span class='ocrx_word' id='word_1_870' title='bbox 2064 5608 2142 5660; x_wconf 86' lang='lat' dir='ltr'><strong>Ad</strong></span> <span class='ocrx_word' id='word_1_871' title='bbox 2188 5623 2308 5661; x_wconf 89' lang='lat' dir='ltr'><strong>enm</strong></span> <span class='ocrx_word' id='word_1_872' title='bbox 2347 5611 2525 5675; x_wconf 80' lang='lat' dir='ltr'><strong>itaque</strong></span> <span class='ocrx_word' id='word_1_873' title='bbox 2565 5612 2776 5662; x_wconf 88' lang='lat' dir='ltr'><strong>tnodnm</strong></span> <span class='ocrx_word' id='word_1_874' title='bbox 2835 5622 2883 5663; x_wconf 81' lang='lat' dir='ltr'><strong>et</strong></span> <span class='ocrx_word' id='word_1_875' title='bbox 2918 5611 3005 5664; x_wconf 81' lang='lat' dir='ltr'><strong>Dei</strong></span> <span class='ocrx_word' id='word_1_876' title='bbox 3044 5610 3268 5665; x_wconf 73' lang='lat' dir='ltr'><strong>Verbum</strong></span> <span class='ocrx_word' id='word_1_877' title='bbox 3304 5625 3437 5679; x_wconf 90' lang='lat' dir='ltr'><strong>quo-</strong></span> 
     </span>
    </p>
   </div>
   <div class='ocr_carea' id='block_1_116' title="bbox 767 5760 1783 5826">
    <p class='ocr_par' dir='ltr' id='par_1_116' title="bbox 767 5760 1769 5826">
     <span class='ocr_line' id='line_1_116' title="bbox 767 5760 1769 5826; baseline -0.004 -9"><span class='ocrx_word' id='word_1_878' title='bbox 767 5768 810 5795; x_wconf 69' lang='lat'>“</span> <span class='ocrx_word' id='word_1_879' title='bbox 843 5766 940 5817; x_wconf 76' lang='lat' dir='ltr'><strong>lsa.</strong></span> <span class='ocrx_word' id='word_1_880' title='bbox 977 5780 1047 5823; x_wconf 69' lang='grc' dir='ltr'><strong>γι,</strong></span> <span class='ocrx_word' id='word_1_881' title='bbox 1082 5764 1133 5815; x_wconf 81' lang='grc'><strong>’5.</strong></span> <span class='ocrx_word' id='word_1_882' title='bbox 1211 5762 1255 5791; x_wconf 83' lang='grc'>⁸³</span> <span class='ocrx_word' id='word_1_883' title='bbox 1289 5760 1449 5815; x_wconf 83' lang='lat' dir='ltr'><strong>Hebr.</strong></span> <span class='ocrx_word' id='word_1_884' title='bbox 1483 5776 1538 5826; x_wconf 85' lang='lat' dir='ltr'><strong>ll,</strong></span> <span class='ocrx_word' id='word_1_885' title='bbox 1568 5760 1652 5825; x_wconf 76' lang='grc' dir='ltr'>Η,</span> <span class='ocrx_word' id='word_1_886' title='bbox 1688 5760 1769 5826; x_wconf 44' lang='grc' dir='ltr'><strong>15η.</strong></span> 
     </span>
    </p>
   </div>
   <div class='ocr_carea' id='block_1_117' title="bbox 1871 5760 2743 5826">
    <p class='ocr_par' dir='ltr' id='par_1_117' title="bbox 1873 5761 2743 5823">
     <span class='ocr_line' id='line_1_117' title="bbox 1873 5761 2743 5823; baseline 0.001 -11"><span class='ocrx_word' id='word_1_887' title='bbox 1873 5763 1889 5791; x_wconf 65' lang='grc'><strong>³</strong></span> <span class='ocrx_word' id='word_1_888' title='bbox 1924 5761 2064 5815; x_wconf 82' lang='lat' dir='ltr'><strong>Psal.</strong></span> <span class='ocrx_word' id='word_1_889' title='bbox 2100 5778 2284 5823; x_wconf 61' lang='lat' dir='ltr'><strong>hum,</strong></span> <span class='ocrx_word' id='word_1_890' title='bbox 2327 5764 2377 5815; x_wconf 74' lang='grc'>0.</span> <span class='ocrx_word' id='word_1_891' title='bbox 2456 5765 2498 5793; x_wconf 69' lang='grc'><strong>⁸⁵</strong></span> <span class='ocrx_word' id='word_1_892' title='bbox 2528 5763 2655 5817; x_wconf 72' lang='lat' dir='ltr'><strong>iliitl.</strong></span> <span class='ocrx_word' id='word_1_893' title='bbox 2698 5766 2743 5815; x_wconf 80' lang='lat'><strong>7.</strong></span> 
     </span>
    </p>
   </div>
  </div>
