4092 6334
620 367 752 419 1517

1593 364 1648 419 S.
1691 362 1964 418 CYRILH
2003 359 2468 417 ALEXANDRINI
2511 361 2820 418 ARCHIEP.

3697 368 3846 420 1548

615 499 719 551 que
776 495 880 535 non
926 478 1192 545 inanime,
1244 489 1303 534 ut
1355 481 1567 549 quidam
1614 480 1816 547 opinati
1869 492 2028 543 sunt,
2074 481 2167 534 sed

2297 481 2362 533 ’ὸν
2393 482 2715 553 ἀπορρήτως
2753 480 2974 544 ένὼσας,
3011 482 3268 552 μετέσχεν
3306 481 3531 553 αἵματος
3576 482 3669 535 καὶ
3699 500 3844 552 σαρ-

615 574 862 627 animata!
894 571 1068 633 carni,
1100 571 1260 626 modo
1294 587 1450 640 quem
1492 572 1721 623 humana
1753 586 1905 625 mens
1947 588 2050 625 non
2083 587 2168 625 ca-

616 665 714 730 pit,
740 661 978 728 seipsum
1012 661 1224 725 uniens,
1269 672 1557 727 ortumque
1583 675 1647 712 ex
1685 659 1910 714 muliere
1945 661 2166 724 ducens,

613 751 760 806 carni
801 759 856 805 et
897 752 1143 822 sanguini
1176 753 1392 822 perinde
1441 766 1503 803 ac
1539 766 1677 805 unus
1725 767 1791 806 ex
1835 753 1987 807 nobis
2023 768 2168 806 com—

615 843 929 898 municavit.
969 845 1143 913 Atque
1190 844 1261 896 ita
1314 856 1452 894 unus
1493 842 1755 896 duntaxat
1801 854 1884 896 est
1915 843 2170 896 Dominus

611 931 768 988 Jesus
817 934 1085 988 Christus.
1137 933 1268 985 Nam
1319 933 1420 984 etsi
1469 931 1561 986 Dei
1606 930 1840 987 Verbum
1883 935 2168 988 humanam

615 1031 859 1077 naturam
887 1024 988 1078 sibi
1019 1022 1296 1084 asciverit,
1333 1023 1500 1076 nihilo
1535 1033 1714 1078 tarneu
1753 1027 1928 1079 secius
1960 1025 2009 1078 id
2031 1023 2170 1092 quod

614 1124 734 1168 erat
760 1112 1080 1182 permansit.
1110 1112 1261 1178 Quod
1286 1112 1331 1166 si
1365 1114 1554 1169 mortis
1587 1115 1868 1182 imperium
1897 1126 1952 1168 ut
1988 1114 2091 1167 vita
2120 1123 2174 1168 et

617 1205 756 1259 Deus
787 1204 1043 1267 abolevit,
1079 1202 1445 1258 necessarium
1475 1213 1578 1269 est,
1611 1214 1670 1258 ut
1702 1205 1752 1259 id
1774 1203 1912 1272 quod
1948 1212 2172 1256 mortem

617 1296 855 1366 pertulit,
898 1296 1070 1366 ipsius
1097 1296 1375 1366 proprium
1432 1297 1702 1350 exstiterit
1732 1313 1744 1349 :
1777 1309 1884 1364 quo
1922 1294 2171 1347 nimirum

619 1386 756 1439 idem
785 1385 900 1453 ipse
927 1402 993 1439 ex
1024 1388 1256 1440 mortuis
1295 1387 1363 1440 ad
1407 1388 1573 1440 vitam
1606 1386 1839 1448 rediens,
1873 1384 2176 1451 corruptio-

617 1490 738 1529 nem
779 1489 808 1529 e
839 1475 1018 1528 medio
1064 1475 1371 1538 sustulisse,
1419 1474 1940 1544 iucorruptiouisque
1979 1474 2179 1528 benefl-

615 1565 755 1620 cimu
816 1566 869 1620 in
926 1577 1094 1621 totum
1143 1582 1312 1636 genus
1368 1575 1612 1621 nostrum
1655 1564 2020 1620 transmisisse
2074 1565 2178 1620 diri

617 1667 803 1725 queat.
843 1681 859 1708 ι
896 1657 1066 1711 Sicuti
1107 1658 1250 1712 enim
1291 1657 1344 1710 in
1375 1656 1545 1709 Adam
1574 1669 1762 1710 omnes
1799 1656 2078 1723 morimur,
2107 1658 2178 1710 ita

615 1759 804 1800 omnes
856 1745 908 1798 in
957 1745 1174 1800 Christo
1223 1743 1619 1799 viviﬁcabimur
1639 1743 1707 1798 δ’.
1741 1762 1759 1797 ι
1822 1743 1887 1798 Et
1935 1747 2177 1799 iterum:

2271 573 2364 636 κὸς
2411 576 2802 646 παραπλησίως
2839 577 2990 643 ἡμῖν,
3031 575 3116 627 διὰ
3158 578 3455 645 γεννήσεως
3492 575 3548 627 δὲ
3594 574 3846 643 δηλονότι

2271 662 2368 729 τῆς
2400 665 2462 716 ἐκ
2511 664 2786 732 γυναικός.
2832 658 2926 726 Εἷς
2955 660 3047 716 οῦν
3075 664 3183 734 ἄρα
3213 666 3414 737 Κύριος
3453 663 3657 733 Ἰησοῦς
3695 665 3843 735 Χρι-

2274 747 2416 810 στὸς,
2449 749 2523 814 ὡς
2568 749 2865 812 ἐνώσαντος
2896 750 2991 817 μὲν
3021 750 3197 819 ἑαυτῷ
3249 752 3346 805 τοῦ
3392 751 3526 806 Θεοῦ
3573 751 3747 818 Λόγου
3777 753 3847 803 τὸ

2271 836 2627 908 ἀνθρώπινον,
2679 838 3041 909 μεμενηκότος
3069 839 3124 892 δὲ
3154 842 3248 892 καὶ
3290 843 3461 906 οὕτως
3489 843 3624 912 ὅπερ
3652 838 3740 911 ἦν.
3776 841 3846 894 Εἰ

2271 925 2326 977 δέ
2353 928 2515 991 αὐτὸς
2543 931 2855 1000 κατήργηκε
2884 927 2977 980 τοῦ
3009 929 3240 981 θανάτου
3269 932 3331 983 τὸ
3369 934 3587 1003 κράτος,
3619 934 3693 997 ὡς
3724 931 3847 1001 ζωὴ

2276 1015 2368 1067 καὶ
2407 1015 2559 1081 Θεὸς,
2593 1019 2722 1072 ῐδιον
2762 1014 2924 1071 αὐτοῦ
2967 1017 3202 1069 νοεῖσθαι
3232 1018 3429 1087 πρέπει
3472 1020 3532 1072 τὸ
3575 1018 3852 1080 πεπονθὸς

2273 1105 2363 1158 τὸν
2407 1106 2653 1161 θάνατον·
2686 1109 2773 1162 ἵνα
2811 1108 2886 1171 ὡς
2923 1105 3086 1170 αὐτὸς
3127 1106 3362 1170 ἀναστὰς
3391 1110 3728 1180 καταργῆσαι
3758 1108 3853 1158 λέ-

2273 1212 2422 1264 γοιτο
2457 1199 2556 1270 τὴν
2597 1200 2824 1272 φθορὰν,
2854 1198 2950 1253 καὶ
2985 1198 3065 1261 εἰς
3105 1198 3248 1251 ἅπαν
3287 1197 3445 1268 ἡμῶν
3483 1201 3853 1269 παραπέμψαι

2273 1287 2336 1340 τὸ
2355 1287 2511 1355 γένος
2531 1290 2628 1360 τῆς
2648 1289 2954 1361 ἀφθαρσίας
2982 1288 3079 1358 τὴν
3107 1288 3534 1360 χάριν.‹Ὤσπερ
3556 1289 3663 1359 γὰρ
3691 1291 3748 1341 ἐν
3770 1289 3856 1357 τῷ

2289 1374 2461 1446 Ἀδὰμ
2483 1376 2681 1442 πάντες
2709 1377 3143 1446 ἀποθνήσκομεν,
3163 1375 3306 1430 οὕτω
3331 1375 3424 1429 καὶ
3444 1377 3502 1429 ἐν
3529 1376 3607 1446 τῷ
3625 1378 3856 1447 Χριστῷ

2280 1471 2480 1534 πάντες
2510 1469 3102 1543 ζωοποιη[θη]σόμεθα.
3155 1470 3304 1525 »Καὶ
3344 1470 3537 1526 πάλινο
3575 1490 3593 1523 ι
3639 1472 3854 1540 Ὥσπερ

2278 1558 2387 1630 γὰρ
2425 1560 2494 1613 δι’
2531 1563 2817 1634 ἀνθρώπου
2858 1563 3104 1627 θάνατος,
3142 1563 3283 1617 οὕτω
3327 1564 3420 1618 καὶ
3460 1565 3526 1618 δι’
3562 1564 3855 1636 ἀνθρώπου

2281 1650 2580 1718 ἀνάστασις
2630 1653 2858 1726 νεκρῶν.
2899 1671 2916 1703 ι
2962 1653 3180 1721 Ἐπειδὴ
3207 1652 3264 1705 δέ
3293 1654 3407 1705 ἐστι
3437 1654 3544 1707 τῶν
3585 1654 3686 1724 τῆς
3723 1653 3856 1707 καθ’

2282 1743 2428 1813 ἡμᾶς
2455 1745 2749 1815 νοουμένης
2777 1742 3194 1814 ἀνθρωπότητος
3234 1743 3491 1796 ἐπέκεινα
3532 1745 3743 1815 μέτρων
3791 1745 3858 1797 τὸ

623 1852 641 1886 ι
671 1833 806 1888 Nam
859 1843 919 1889 ut
971 1849 1068 1904 per
1118 1835 1393 1889 hominem
1441 1849 1610 1898 mors,
1653 1834 1725 1888 ita
1775 1848 1870 1902 per
1913 1834 2180 1888 hominem

2297 1834 2529 1903 πατῆσαι
2563 1834 2809 1901 θάνατον,
2835 1833 3022 1888 ἐνώσει
3053 1834 3253 1904 φαμὲν,
3289 1835 3453 1906 ἤγουν
3481 1839 3753 1907 κοινωνίᾳ,
3785 1839 3855 1906 τῇ

619 1941 832 1981 rursum
888 1936 970 1981 est
1033 1927 1356 1981 resurrectio
1423 1934 1756 1981 mortuorum
1794 1925 1863 1978 ⁸⁷.
1909 1943 1929 1977 ι
1990 1925 2183 1980 Verum

617 2015 759 2082 quod
811 2025 1038 2071 mortem
1086 2025 1381 2084 proterere,
1428 2029 1515 2069 res
1562 2025 1646 2068 est
1685 2015 1937 2068 humanae
1981 2023 2186 2068 natura:

622 2105 926 2159 facultatem
971 2105 1264 2170 excedens,
1298 2104 1455 2176 135
1481 2113 1766 2175 propterea
1810 2103 1903 2158 Dei
1949 2102 2182 2160 Verbum

2291 1922 2430 1995 πρὸς
2471 1927 2650 1994 σάρκα
2677 1943 2736 1978 τε
2776 1926 2867 1979 καὶ
2906 1920 3045 1995 αἷμα
3074 1925 3166 1978 τὸν
3208 1925 3302 1980 τοῦ
3340 1924 3472 1980 Θεοῦ
3502 1927 3674 1995 Λόγον
3702 1928 3858 1996 γενέ-

2292 2015 2414 2069 σθαι
2455 2015 2577 2070 καθ’
2616 2019 2763 2086 ἡμᾶς
2791 2016 3108 2087 ἄνθρωπον*
3154 2016 3636 2088 ἀπομεμενηκέναι
3673 2017 3730 2070 δὲ
3760 2020 3863 2071 καὶ

2288 2107 2431 2160 οὕτω
2458 2106 2690 2161 Θανάτου
2719 2109 3020 2180 κρείττονα·
3057 2107 3188 2172 Θεὸς
3215 2110 3321 2181 γὰρ
3348 2105 3414 2180 ἧν
3443 2111 3502 2161 ἐν
3532 2109 3714 2178 σαρκί.

621 2200 837 2265 unione,
876 2199 978 2256 hoc
1007 2211 1111 2264 est,
1178 2216 1300 2254 cum
1367 2214 1532 2255 carne
1567 2207 1623 2255 et
1689 2199 1956 2268 sanguine
2018 2201 2528 2267 communicatione,
2579 2204 2741 2258 homo
2795 2203 2948 2258 nobis
2990 2202 3183 2258 similis
3228 2187 3477 2258 effectum
3525 2212 3647 2257 est:
3678 2202 3753 2256 ita
3805 2202 3860 2255 id

622 2308 823 2359 tamen,
869 2304 929 2348 ut
979 2305 1154 2350 morte
1197 2296 1444 2365 superior
1481 2294 1839 2360 remanserit;
1883 2304 2002 2349 erat
2033 2297 2176 2350 enim
2213 2299 2348 2352 Deus
2385 2295 2439 2350 in
2475 2310 2659 2350 carne.

697 2385 766 2440 Χ.
818 2378 1157 2456 (Nusquam
1205 2385 1348 2440 enim
1389 2385 1608 2456 angelos
1657 2385 2031 2455 apprehendit,
2090 2389 2186 2442 sed

621 2490 803 2530 semen
834 2475 1065 2530 Abraba:
1093 2474 1465 2544 apprehendit.
1541 2472 1694 2528 Unde
1721 2473 1907 2528 debuit
1938 2489 2033 2544 per
2063 2489 2186 2528 om-

625 2568 710 2630 nia
739 2566 969 2621 fatribus
999 2565 1328 2630 assimilari;
1357 2575 1417 2619 ut
1442 2565 1754 2620 misericors
1785 2565 1938 2620 fieret
1971 2576 2025 2620 et
2051 2566 2185 2621 fide-

626 2661 690 2712 lis
721 2656 959 2726 pontifex
994 2655 1063 2711 ad
1090 2658 1280 2721 Deum,
1332 2667 1392 2710 ut
1424 2656 1803 2726 repropitiaret
1849 2656 2042 2711 delicta
2091 2672 2188 2724 po-

626 2750 756 2817 puli.
776 2746 834 2803 In
861 2763 968 2818 quo
990 2747 1135 2803 enim
1165 2761 1357 2816 passus
1380 2754 1463 2801 est
1489 2746 1604 2816 ipse
1625 2757 1678 2800 et
1702 2753 1959 2806 tentatus.
1997 2757 2189 2814 potens

624 2847 707 2892 est
735 2847 788 2891 et
813 2836 893 2892 eis
927 2836 1017 2905 qui
1043 2844 1342 2901 tentantur,
1375 2835 1626 2889 auxiliari
1647 2834 1715 2889 ⁸⁸.
1758 2854 1778 2888 ι
1817 2835 1911 2890 Dei
1955 2834 2188 2888 Verbum

628 2929 857 2982 Abrahae
886 2941 1070 2983 semen
1099 2926 1523 2997 apprchendisse
1572 2927 1890 2982 asserimus.
1953 2927 2193 2983 Namese-

637 3017 868 3074 cundum
896 3033 1113 3074 carnem
1147 3032 1214 3073 ex
1238 3016 1439 3072 Iudaeis
1470 3026 1647 3072 ortum
1690 3026 1792 3080 est,
1832 3027 1888 3072 et
1938 3017 2194 3072 fratribus

2362 2388 2417 2440 I'.
2460 2405 2477 2439 ι
2504 2387 2578 2439 Οὐ
2609 2386 2717 2456 γὰρ
2747 2387 2919 2457 δήπου
2947 2386 3193 2455 ἀγγέλων
3237 2385 3687 2456 ἐπιλαμϐάνεται,
3717 2382 3860 2436 ἀλλᾶ

2296 2478 2608 2549 σπέρματος
2664 2477 2915 2548 Ἀδραάμ
2961 2477 3413 2548 ἐπιλαμϐάνεται.
3442 2478 3604 2532 Ὀθεν
3655 2474 3858 2543 ὤφειλε

2293 2570 2433 2624 κατά
2477 2572 2653 2625 πάντα
2681 2572 2792 2634 τοῖς
2826 2570 3070 2640 ἀδελφοῖς
3096 2571 3446 2641 ὁμοιωθῆναι·
3487 2571 3572 2624 ἵνα
3610 2569 3862 2640 ἐλεήμων

2292 2660 2515 2730 γένηται
2541 2663 2634 2713 καὶ
2667 2662 2854 2724 πιστὸς
2881 2662 3168 2733 ἀρχιερεὺς
3203 2661 3272 2714 τά
3310 2661 3446 2732 πρὸς
3477 2661 3566 2713 τὸν
3597 2661 3748 2724 Θεὸν,
3778 2661 3862 2722 εἰς

2289 2747 2351 2799 τὸ
2379 2745 2692 2802 ἱλάσκεσθαι
2735 2751 2854 2812 ταῖς
2884 2749 3176 2819 ἁμαρτίαις
3217 2748 3394 2819 ἡμῶν.
3431 2748 3520 2802 Ἐν
3545 2742 3589 2816 ᾧ
3618 2749 3726 2819 γάρ
3759 2749 3863 2802 πέ-

2292 2837 2488 2893 πονθεν
2523 2837 2684 2900 αὐτὸς
2724 2839 3070 2909 πειρασθεὶς,
3120 2838 3341 2892 δύναται
3377 2839 3489 2902 τοῖς
3531 2838 3866 2908 πειραζομέ-

2293 2944 2404 2990 νοις
2451 2927 2732 2998 βοηθῆσαι.
2761 2946 2780 2980 a
2831 2929 3148 2998 Σπέρματος
3197 2928 3446 3000 Ἀϐραάμ
3495 2929 3864 2999 ἐπιλαμσάνε-

2296 3016 2419 3071 σθαί
2448 3035 2624 3088 φαμεν
2651 3017 2742 3072 τὸν
2768 3017 2863 3071 τοῦ
2903 3017 3035 3070 Θεοῦ
3067 3018 3266 3086 Λόγονσ
3299 3020 3465 3088 ἀνέφυ
3497 3021 3604 3090 γάρ
3629 3019 3687 3084 ἐξ
3731 3021 3869 3072 Ἰου-

632 3126 727 3179 per
780 3109 961 3164 omnia
1015 3108 1403 3171 assimilatum;
1453 3109 1555 3163 hoc
1601 3118 1719 3175 est,
1766 3108 1945 3163 servili
1991 3108 2193 3170 forma,

2297 3109 2462 3162 δαίων
2486 3110 2547 3163 τὸ
2571 3109 2708 3164 κατὰ
2738 3109 2934 3181 σάρκα,
2963 3111 3057 3163 καὶ
3081 3110 3337 3180 ὡμοιώθη
3368 3111 3507 3166 κατά
3540 3113 3717 3166 πάντα
3748 3114 3870 3172 τοῖς

627 3205 776 3272 juxta
808 3200 1046 3272 Apostoli
1076 3198 1376 3258 doctrinam
1400 3199 1467 3266 ⁸⁸,
1495 3209 1732 3271 sumpta,
1758 3199 1983 3255 aliorum
2015 3200 2193 3255 homi-

641 3309 766 3348 num
809 3307 961 3348 more
989 3292 1142 3348 nasci
1175 3292 1517 3360 dedignatum
1549 3308 1654 3347 non
1687 3300 1790 3346 est.
1835 3291 1946 3346 Hac
1965 3293 2110 3345 enim
2134 3290 2199 3345 de

641 3399 804 3441 causa
832 3391 887 3439 et
914 3383 1084 3440 Filius
1130 3382 1368 3438 hominis
1407 3383 1640 3447 exstitit,
1673 3391 1730 3436 et
1771 3397 1956 3438 eorum
1987 3383 2078 3452 qui
2128 3396 2193 3436 ex

632 3478 842 3533 semine
891 3475 1123 3532 Abrahae
1169 3474 1504 3546 prodierant,
1537 3478 1640 3531 hoc
1689 3482 1793 3540 est,
1852 3489 1919 3529 ex
1949 3489 2115 3529 carne
2143 3482 2197 3528 et

634 3569 897 3638 sanguine
920 3567 1362 3630 constitutorum,
1388 3566 1556 3621 frater
1573 3565 1821 3622 effectum
1853 3573 1957 3619 est.
1979 3563 2200 3633 Ecqua:-

637 3677 760 3715 nam
795 3662 988 3715 horum
1035 3674 1199 3714 causa
1226 3659 1470 3714 exstitit?
1517 3658 1634 3713 Non
1668 3657 1771 3711 alia
1805 3656 2069 3727 profecto,
2103 3655 2200 3722 ait,

635 3767 796 3820 quam
842 3761 932 3805 (ιιι
967 3751 1280 3806 misericors
1318 3750 1599 3820 lidelisque
1621 3749 1864 3820 pontifex
1903 3749 1959 3802 in
1985 3749 2051 3802 iis
2079 3760 2202 3815 qua:

637 3851 762 3897 sunt
788 3840 853 3896 ad
874 3841 1057 3908 Deum,
1092 3840 1293 3895 fieret.»
1334 3839 1584 3896 Christus
1618 3853 1850 3907 namque
1879 3837 2190 3906 pontificem

639 3947 799 4002 supra
833 3934 1045 3985 modum
1082 3932 1372 3997 benignum
1413 3940 1470 3986 et
1504 3931 1916 3985 misericordem
1959 3942 2018 3982 se
2044 3926 2204 3981 nobis

639 4026 904 4080 exhibuit.
939 4025 1149 4080 Etenim
1203 4040 1326 4080 cum
1366 4023 1501 4095 legis
1535 4023 1712 4077 littera
1739 4022 1977 4090 peccatis
1997 4019 2203 4076 obstri-

640 4124 754 4166 ctos
788 4113 1133 4179 condemnet,
1159 4113 1597 4182 gravissimaque
1634 4125 1791 4180 paena
1835 4111 1957 4165 illos
1984 4110 2073 4178 qui
2111 4109 2204 4163 Dei

645 4203 959 4258 mandatum
987 4203 1304 4269 violassent,
1332 4203 1644 4272 plectendos
1676 4201 1934 4256 decernat
1966 4217 1978 4252 :
2020 4217 2037 4249 ι
2081 4199 2207 4252 lrri-

648 4309 754 4348 tam
786 4296 928 4350 enim
957 4296 1079 4364 quis
1105 4295 1309 4350 faciens
1342 4295 1514 4365 legem
1548 4293 1776 4364 Moysis,
1807 4293 1925 4346 sine
1973 4290 2077 4345 ulla
2106 4290 2205 4343 Illi-‘-

2299 3200 2566 3269 ἀδελφοῖς,
2595 3202 2734 3256 κατά
2760 3219 2822 3270 γε
2849 3202 2908 3254 τὸ
2933 3201 3264 3271 ἀνασχέσθαι
3287 3201 3471 3253 λαϐεῖν
3493 3202 3593 3270 τὴν
3622 3202 3715 3254 τοῦ
3745 3201 3872 3254 δού-

2299 3292 2392 3344 λου
2428 3292 2658 3363 μορφὴν,
2692 3294 2784 3346 καὶ
2823 3294 2878 3345 ἐν
2905 3291 3207 3362 ὁμοιώματι
3245 3290 3544 3359 ἀνθρώπων
3579 3291 3867 3358 γενέσθαι,

2302 3384 2446 3438 καθά
2483 3402 2648 3454 φησιν
2675 3386 2704 3438 ὁ
2745 3383 3014 3455 μακάριος
3052 3382 3277 3444 Παῦλος.
3324 3382 3707 3452 Κεχρημάτικε
3755 3382 3872 3452 γὰρ

2301 3474 2443 3529 οῦτω
2489 3476 2618 3540 Υἱὸς
2667 3454 3101 3547 ἀνθρώπου,’καὶ
3132 3474 3355 3541 γέγονεν
3374 3473 3604 3540 ἀδελφὸς
3649 3475 3760 3534 τοῖς
3805 3475 3874 3526 ἐκ

2303 3567 2613 3637 σπέρματος
2646 3565 2913 3635 Ἀϐραὰμ,
2941 3565 3105 3634 ἧγουν
3129 3566 3239 3625 τοῖς
3264 3564 3319 3614 ἐν
3343 3562 3535 3634 αἵματι
3561 3563 3652 3616 καὶ
3679 3560 3871 3632 σαρκί.

2303 3659 2399 3721 Τίς
2427 3655 2520 3712 οὖν
2550 3657 2658 3729 ἄρα
2679 3657 2824 3710 ἐστὶν
2846 3658 2879 3727 ἠ
2905 3655 3056 3709 τοῦδε
3088 3655 3392 3726 πρόφασιςς
3422 3655 3567 3707 «Ἵνα
3600 3654 3874 3724 ἐλεήμων,

2305 3750 2458 3820 φησὶ,
2507 3750 2751 3820 γένηται,
2797 3748 2891 3801 καὶ
2938 3747 3127 3810 πιστὸς
3170 3748 3461 3818 ἀρχιερεὺς
3498 3747 3565 3800 τά
3607 3746 3741 3816 πρὸς
3776 3747 3875 3798 τὸν

2306 3841 2457 3894 Θεόν.
2489 3859 2510 3893 ι
2532 3840 2808 3910 Ἐλεήμων
2839 3838 2939 3909 μὲν
2970 3837 3078 3908 γὰρ
3113 3837 3404 3908 ἀρχιερεὺς
3435 3839 3513 3898 εἰς
3546 3837 3692 3906 ἡμᾶς
3714 3835 3878 3901 γέγο-

2307 3949 2395 3985 νεν
2419 3932 2448 3984 ὁ
2474 3933 2728 4002 Χριστὸς,
2758 3932 2834 3993 ὠς
2869 3928 2963 3982 τοῦ
2992 3927 3218 3998 νομικοῦ
3249 3927 3574 3998 γράμματος
3606 3926 3876 3996 κατακρί-

2308 4040 2488 4085 νοντος
2503 4023 2626 4085 τοὺς
2647 4020 3050 4092 ἡμαρτηκότας,
3070 4019 3164 4072 καὶ⁵
3180 4018 3279 4090 τὴν
3297 4016 3391 4070 τοῦ
3427 4016 3748 4080 κολάζεσθαι
3765 4016 3881 4069 δεῖν

2308 4114 2658 4184 ἐπιφέροντος
2695 4112 2877 4182 ψῆφον
2913 4115 3026 4174 τοῖς
3065 4109 3162 4182 τὴν
3201 4110 3348 4163 θείαν
3389 4109 3746 4180 ἀτιμάζουσιν
3788 4109 3881 4161 ἐν-

2310 4206 2491 4277 τολήν.
2538 4224 2556 4256 ι
2598 4204 2893 4274 Ἀθετήσας
2931 4203 3039 4273 γάρ
3073 4219 3156 4264 τις
3199 4202 3361 4272 νόμον
3403 4201 3675 4265 Μωσέως,
3711 4205 3885 4271 χωρὶς

2312 4296 2612 4369 οἰκτιρμῶν
2638 4297 2731 4350 ἐπὶ
2757 4294 2908 4348 δυσὶν
2937 4294 2970 4363 ἢ
3002 4293 3150 4364 τρισὶ
3177 4294 3444 4363 μάρτυσιν
3466 4292 3797 4362 ἀποθνήσκει
3817 4309 3831 4321 ·
3859 4311 3879 4343 ι

645 4389 941 4451 seratione,
973 4386 1185 4440 duobus
1215 4385 1298 4440 vel
1339 4384 1517 4438 tribus
1547 4384 1775 4438 testibus
1804 4382 2034 4436 moritur
2061 4381 2108 4411 ’°
2134 4397 2148 4434 :
2187 4398 2193 4431 l

2313 4388 2512 4442 δικαιοῖ
2549 4405 2612 4454 γε
2659 4387 2764 4457 μὴν
2793 4386 2851 4439 ἐν
2880 4384 3062 4438 πίστει
3088 4384 3341 4456 Χριστὸς,
3372 4384 3466 4436 καὶ
3495 4382 3603 4436 τῶν
3635 4383 3887 4451 ἀρχαίων

645 4477 892 4531 Christus
956 4491 1052 4545 per
1117 4476 1276 4530 fidem
1335 4475 1612 4543 justiticat.
1672 4487 1872 4542 eosque
1928 4472 2018 4541 qui
2075 4471 2187 4540 laps

2319 4478 2657 4550 αἱτιαμάτων
2689 4479 2872 4548 ἀνίησι
2903 4477 3030 4539 τοὺς
3061 4474 3448 4545 ἠσθενηκότας.
3477 4474 3676 4541 Γέγονε
3705 4474 3888 4526 τοίνυν

645 4577 790 4634 sunt,
819 4582 848 4619 a
885 4567 1158 4622 veteribus
1187 4568 1362 4636 culpis
1390 4565 1644 4620 absolvit.
1679 4564 1879 4618 Factus
1905 4571 1987 4616 est
2031 4563 2215 4629 itaque

653 4659 963 4711 misericors
987 4657 1253 4727 pontifex,
1282 4667 1468 4724 utpote
1503 4655 1730 4724 legalem
1763 4655 1909 4709 illam
1940 4653 2212 4709 severita-

651 4761 752 4801 tem
777 4749 977 4803 diutius
995 4748 1176 4802 valere
1197 4764 1304 4804 non
1328 4748 1532 4802 sitiens.

720 4840 809 4893 XI.
854 4839 1053 4893 Fidelis
1104 4853 1234 4893 vero
1283 4838 1558 4907 pontifex;
1617 4837 1871 4907 quoniam
1928 4845 2218 4905 perpetuus

652 4947 712 4985 ac
747 4937 1023 4990 constans,
1061 4927 1521 4996 dignissimusque
1577 4927 1733 4996 cujus
1779 4926 2060 4996 promissis
2091 4924 2220 4978 fides

656 5021 934 5072 habeatur.
998 5017 1072 5072 De
1102 5016 1366 5085 legalibus
1419 5026 1598 5069 autem
1643 5016 2015 5070 sacerdotibus
2066 5015 2223 5080 longe

656 5111 835 5174 aliter,
859 5108 1116 5176 Apostolo
1171 5118 1333 5172 teste,
1394 5122 1480 5161 res
1513 5108 1698 5162 habet.
1742 5127 1758 5158 ι
1805 5107 1873 5161 Ει
1901 5108 1989 5161 alii
2024 5107 2220 5178 (inquit

659 5203 722 5270 is)
756 5201 943 5269 plures
982 5199 1106 5254 lacti
1141 5209 1267 5254 sunt
1295 5200 1630 5264 sacerdotes,
1662 5199 1862 5253 idcirco
1902 5201 2042 5267 quod
2079 5214 2222 5252 mor-

659 5302 707 5346 te
745 5291 1162 5364 prohiberentur
1222 5305 1577 5360 permanere:
1632 5291 1718 5344 hic
1767 5300 1943 5344 autem
1985 5305 2049 5345 eo
2081 5291 2221 5358 quod

660 5390 872 5434 maneat
913 5380 963 5434 iu
985 5390 1267 5444 aeternum,
1303 5381 1688 5449 sempiternum
1748 5379 1909 5433 habet
1962 5382 2219 5434 sacerdo-

658 5473 816 5526 tium.
840 5469 993 5525 Unde
1019 5471 1231 5526 salvare
1255 5472 1307 5526 iu
1333 5483 1645 5542 perpetuum
1679 5482 1854 5539 potest
1903 5471 2224 5525 accedentes

662 5576 756 5630 per
785 5563 956 5631 ipsum
983 5565 1048 5616 ad
1077 5562 1285 5626 Deum;
1343 5578 1558 5632 semper
1612 5564 1797 5618 vivens
1851 5565 1917 5617 ad
1965 5565 2223 5634 interpel-

731 5738 778 5769 ⁸⁸
803 5737 824 5793 ι
849 5739 975 5794 Cor.
1005 5754 1090 5804 xv,
1114 5737 1204 5791 ἓξ.
1284 5739 1326 5769 ⁸⁷
1365 5739 1492 5792 ibid.
1519 5739 1603 5791 “2|.

1688 5741 1730 5769 ⁸⁵
1769 5739 1928 5794 ilehr.
1963 5755 2023 5803 ιι,
2061 5738 2242 5793 lli-l8.

2319 4571 2565 4640 ἐλεήμων
2603 4570 2919 4640 ἀρχιερεὺς,
2948 4565 3129 4620 οὐκέτι
3174 4565 3270 4628 τάς
3315 4565 3546 4635 νομικὰς
3579 4565 3888 4635 ἀποτομίας

2321 4664 2543 4734 κρατεῖν
2572 4661 2901 4732 ἐπιτρέπων.

2384 4841 2488 4894 IA'.
2525 4839 2723 4903 Πιστὸς
2763 4840 2854 4904 δέ,
2901 4840 2983 4893 ὅτι
3025 4840 3270 4911 μόνιμος,
3331 4841 3426 4893 καὶ
3469 4838 3758 4909 διηνεκὴς,
3797 4845 3893 4893 καὶ

2319 4931 2612 5002 ἀξιόχρεως
2639 4932 2718 4993 εἰς
2746 4931 2928 4984 πίστιν
2952 4931 3059 4984 τῶν
3087 4930 3528 5002 ἐπηγγελμένων.
3546 4930 3634 4992 Ὠς
3662 4931 3773 4999 γάρ
3799 4931 3893 4982 αὐ-

2319 5023 2410 5086 τός
2444 5041 2547 5074 που
2585 5022 2746 5075 πάλιν
2783 5021 2946 5092 φησὶν
2986 5023 3014 5074 ὁ
3044 5021 3330 5085 θεσπέσιος
3369 5020 3582 5083 Παῦλος
3614 5021 3744 5090 περὶ
3778 5021 3890 5072 τῶν

2327 5113 2468 5167 κατὰ
2513 5114 2709 5183 νόμους
2756 5113 2981 5182 ἱερέων,
3032 5130 3049 5162 ι
3083 5111 3193 5164 Καὶ
3224 5113 3274 5163 οἱ
3313 5110 3412 5181 μὲν
3460 5110 3703 5172 πλείονες
3754 5110 3898 5162 εἰσὶν

2331 5206 2494 5275 ἱερεῖς
2531 5204 2830 5273 γεγονότες,
2866 5203 2954 5256 διὰ
2982 5204 3043 5256 τὸ
3073 5202 3151 5273 τῷ
3195 5202 3410 5272 θανάτῳ
3443 5200 3750 5254 κωλύεσθαι
3787 5219 3896 5253 πα-

2334 5295 2619 5367 ραμένειν
2649 5297 2678 5348 ὁ
2707 5296 2763 5348 δὲ
2795 5294 2882 5348 διὰ
2927 5294 2987 5347 τὸ
3017 5295 3198 5362 μένειν
3226 5294 3387 5348 αὐτὸν
3429 5294 3507 5357 εἰς
3555 5294 3646 5346 τὸν
3691 5294 3898 5356 αἰῶνα,

2332 5388 2682 5458 ἀπαράϐατον
2721 5387 2832 5457 ἔχει
2882 5387 2982 5457 τὴν
3024 5387 3352 5458 ἱερωσύνην·
3400 5387 3521 5440 ὅθεν
3560 5387 3654 5439 καὶ
3705 5386 3901 5450 σώζειν

2334 5479 2412 5539 εἰς
2436 5477 2496 5529 τὸ
2525 5477 2781 5538 παντελὲς
2811 5475 3030 5528 δύναται
3058 5475 3182 5539 τοὺς
3211 5476 3681 5547 προσερχομένους
3711 5474 3779 5529 δι’
3809 5476 3902 5528 αὖε

2333 5568 2425 5620 τοῦ
2468 5567 2546 5638 τῷ
2575 5567 2714 5637 Θεῷ,
2748 5568 2975 5621 πάντοτε
3015 5566 3124 5630 ζῶν
3152 5569 3232 5630 εις
3274 5568 3336 5620 τὸ
3375 5567 3720 5636 ἐντυγχάνειν
3762 5567 3902 5636 ὑπὲρ

2322 5741 2366 5771 θ’
2397 5739 2626 5811 Philipp.
2664 5759 2722 5804 ll,
2761 5745 2809 5797 7.
2888 5745 2933 5775 ⁹⁰
2969 5744 3130 5799 Hebr.
3165 5743 3327 5807 πλε.
