4092 6334
230 360 385 415 1549

1055 364 1143 416 AD
1184 362 1480 416 REGNAS
1521 362 1606 414 DE
1646 360 1871 415 liEC'I'A
1911 358 2064 413 FIDE
2101 356 2355 413 ORATIO
2396 357 2687 413 ALTERA.

3344 358 3479 413 1550

231 482 444 533 αὐτῶν.
475 502 491 531 ι
532 483 720 551 Ἀθρει
764 484 846 547 δὲ,
879 484 1022 546 ὅπως
1075 486 1170 535 οὐκ
1208 486 1287 545 είς
1338 484 1657 553 κατάκρισιν
1708 483 1816 535 τῶν

1920 482 2137 536 landum
2176 499 2272 551 pro
2302 483 2379 535 eis
2413 482 2477 535 ⁹¹.
2511 498 2529 531 ι
2577 479 2816 533 Observa
2847 480 2954 543 hic,
2979 480 3250 548 quomodo
3277 497 3381 536 non
3402 482 3468 534 ad

231 571 645 639 ἡμαρτηκότων
692 574 913 640 γέγονεν
959 576 1263 644 ἀρχιερεὺς,
1294 578 1371 637 εἰς
1400 576 1460 627 τὸ
1503 574 1813 627 ἱλάσκεσθαι

229 661 290 711 δὲ
324 662 533 729 μᾶλλον
569 666 685 726 ταῖς
730 666 1023 735 ἁμαρτίαις
1054 664 1249 718 αὐτῶν.
1290 667 1347 719 '0
1379 666 1433 719 δέ
1473 685 1535 734 γε
1568 666 1658 719 τοῦ
1693 683 1811 719 πει-

234 751 463 819 ρασμοῦ
496 754 589 804 καὶ
621 754 720 822 τῆς
751 755 940 818 θυσίας
977 757 1156 817 ὁποῖος
1195 756 1260 808 ἂν
1290 757 1375 825 εἴη
1406 757 1631 827 τρόπος;
1669 774 1688 809 ι
1730 757 1815 809 Ἐν

232 836 307 906 ᾧ,
359 843 526 909 φησι,
573 845 838 897 πέπονθεν
870 844 1029 907 αὑτὸς
1074 846 1412 914 πειρασθείς,
1447 847 1665 901 δύναται
1705 847 1815 908 τοῖς

237 926 670 1003 πειραζομένοις
737 936 829 987 καὶ
875 934 1202 1005 βοηθῆσαι.»
1254 939 1651 1009 Διεκαρτέρησε
1708 938 1814 1007 γὰρ

234 1022 668 1093 πειραζόμενος,
700 1026 792 1077 καὶ
827 1026 1083 1095 ὑπέμεινε
1113 1028 1361 1097 σταυρόν.
1396 1029 1541 1098 Πλὴν
1572 1027 1762 1081 ἑαυτὸν
1787 1029 1816 1080 ὁ

238 1112 378 1175 Υἱὸς
418 1114 494 1177 ὡς
524 1115 753 1184 ἄμωμον
788 1117 980 1183 ἱερεῖον
1009 1118 1413 1189 προσκεκόμικε
1451 1119 1528 1187 τῷ
1561 1118 1678 1187 Θεῷ
1723 1118 1815 1172 καὶ

238 1205 449 1274 Πατρὶ,
496 1206 578 1258 ἵνα
604 1205 691 1257 διὰ
724 1205 823 1274 τῆς
853 1207 1047 1261 ἑαυτοῦ
1079 1210 1280 1279 σαρκός
1310 1210 1550 1282 βοηθήσῃ
1580 1213 1692 1273 τοῖς
1718 1210 1815 1263 κά-

241 1312 445 1363 μνουσι
486 1295 577 1347 καὶ
611 1296 1045 1367 πειραζομένοις.
1083 1320 1101 1352 ι
1130 1304 1246 1373 Μιᾷ
1275 1302 1381 1373 γὰρ
1408 1303 1689 1371 προσφορᾷ
1731 1318 1816 1353 τε-

238 1385 534 1439 τελείωκεν
576 1386 656 1449 είς
695 1388 753 1440 τὸ
785 1388 1028 1460 διηνεκὲς
1056 1395 1182 1457 τοὺς
1215 1394 1629 1464 ἁγιαζομένους.
1656 1412 1673 1442 ι
1707 1394 1815 1445 AO-

238 1476 336 1534 τὸς
366 1471 459 1528 οὖν
482 1477 588 1546 ἄρα
616 1478 835 1545 γέγονεν
862 1482 1148 1553 ἀρχιερεὺς
1176 1486 1315 1537 κατὰ
1344 1486 1403 1537 τὸ
1456 1484 1813 1554 ἀνθρώπινον,

240 1566 422 1619 καίτοι
465 1568 614 1638 παρὰ
675 1571 891 1623 πάντων
929 1573 1028 1636 τὰς
1062 1574 1252 1638 θυσίας
1287 1575 1568 1645 δεχόμενος
1596 1574 1809 1636 θεῖκῶς-

239 1659 417 1720 Αὐτὸς
445 1658 504 1710 τὸ
542 1659 686 1728 θῦμα
714 1661 856 1713 κατά
880 1662 978 1732 τὴν
1009 1665 1205 1735 σάρκα.
1235 1667 1402 1729 Αὐτὸς
1431 1667 1460 1718 ὁ
1494 1667 1611 1727 ταῖς
1637 1665 1816 1734 ἁμαρ-

242 1751 387 1811 τίαις
426 1750 585 1818 ἡμῶν
632 1750 979 1821 ἱλασκόμενος
1011 1756 1151 1808 κατά
1180 1774 1243 1823 γε
1276 1758 1376 1827 τὴν
1433 1756 1683 1827 θεότητος
1720 1754 1812 1808 δύ-

243 1858 408 1908 ναμιν
438 1850 482 1892 P.
518 1836 609 1902 Εἷς
641 1836 732 1892 οὖν
772 1841 878 1910 ἄρα
914 1842 1117 1914 Κύριος
1155 1846 1358 1916 Ἰησοῦς
1384 1847 1636 1918 Χριστός.

1918 589 2101 628 earum
2132 574 2219 641 qui
2246 573 2478 642 peccatis
2510 587 2568 625 se
2626 571 3028 625 obstrinxerant
3080 572 3479 625 condemnatio-

1919 678 2040 717 nem
2068 664 2306 732 pontifex
2352 662 2524 717 factus
2556 663 2649 728 sit,
2681 665 2775 719 sed
2837 663 3015 731 potius
3051 663 3115 716 ad
3158 662 3475 716 delictorum

1918 757 2227 808 eorumdem
2281 756 2651 822 purgationem
2706 769 2769 807 ac
2814 754 3264 823 propitiationem.
3321 752 3479 823 136

1918 845 2027 900 Sed
2061 845 2261 914 qualis,
2289 860 2497 913 quaeso,
2547 860 2666 898 cum
2700 846 3035 907 tentationis,
3073 853 3185 897 tum
3216 846 3474 899 sacrificii

1913 951 2130 1005 quoque
2167 937 2308 991 illius
2351 938 2539 991 modus
2591 937 2845 991 exstitit?
2903 938 2991 989 Ait
3028 952 3293 1004 namque:
3346 957 3364 989 ι
3420 935 3475 988 Id

1916 1042 2022 1095 quo
2046 1042 2237 1095 passus
2254 1038 2333 1081 est
2355 1029 2465 1095 ipse
2490 1039 2538 1080 et
2572 1039 2829 1090 tentatus,
2863 1038 3051 1096 potens
3075 1038 3160 1084 est
3188 1039 3243 1083 et
3262 1030 3343 1083 eis
3382 1029 3476 1098 qui

1916 1130 2212 1180 tentantur,
2240 1118 2499 1171 auxiliari
2532 1120 2599 1171 θ’.
2643 1137 2661 1169 ι
2717 1120 2861 1173 Sane
2919 1128 3157 1175 tentatus
3208 1118 3467 1189 perstitit,

1916 1216 1970 1262 et
2002 1208 2180 1263 crucis
2214 1207 2534 1276 supplicium
2582 1207 2850 1276 patienter
2893 1208 3172 1262 sustinuit.
3207 1208 3475 1264 Caeterum

1917 1296 2084 1351 Filius
2118 1296 2225 1350 Deo
2257 1306 2311 1349 et
2347 1296 2489 1350 Patri
2536 1297 2867 1365 impollutum
2916 1298 3244 1352 sacrificium
3281 1307 3479 1355 semet-

1917 1386 2091 1454 ipsum
2145 1389 2373 1452 obtulit;
2423 1403 2611 1457 nempe
2656 1402 2763 1456 quo
2813 1404 2908 1458 per
2939 1389 3207 1459 propriam
3257 1404 3478 1446 carnem

1917 1492 2072 1545 Opem
2111 1479 2216 1533 illis
2250 1478 2392 1531 ferre
2424 1488 2625 1545 posset,
2657 1480 2746 1547 qui
2778 1495 2897 1533 cum
2929 1478 3188 1535 molestiis
3215 1491 3267 1534 et
3297 1488 3475 1536 tenta-

1919 1568 2155 1623 tionibus
2180 1568 2577 1622 conﬂictantur.
2616 1586 2635 1619 ι
2690 1568 2806 1623 Una
2849 1569 2990 1622 enim
3028 1570 3298 1627 oblatione
3342 1587 3477 1627 cou-

1918 1660 2208 1713 summavit
2260 1661 2312 1712 in
2346 1660 2733 1727 sempiternum
2778 1660 3227 1717 sanctificatos”.
3269 1682 3289 1715 ι
3354 1662 3473 1734 Ipse

1917 1750 2142 1819 proinde
2193 1752 2489 1804 secundum
2556 1751 2846 1805 humanam
2898 1764 3141 1807 naturam
3196 1754 3367 1809 factus
3394 1763 3481 1811 est

1917 1842 2177 1913 pontifex,
2213 1858 2543 1912 quanquam,
2601 1855 2657 1899 ut
2700 1847 2837 1900 Deus
2869 1855 2978 1908 est,
3010 1846 3075 1899 ah
3110 1846 3361 1902 omnibus
3400 1847 3479 1901 illi

243 1936 606 1989 sacrificetur;
632 1936 746 2003 Ipse
810 1948 911 2003 est,
966 1941 1055 2007 qui
1116 1945 1409 1996 secundum
1442 1958 1660 1997 carnem
1714 1942 1887 1996 factus
1922 1949 2006 1993 est
2035 1930 2276 1994 victima.
2311 1939 2427 2008 Ipse
2469 1941 2607 1994 idem
2661 1954 2874 1994 rursum
2899 1951 3006 2007 est,
3035 1942 3125 2010 qui
3185 1944 3478 1996 secundum

242 2028 546 2082 divinitatis
584 2028 984 2097 auctoritatem,
1015 2038 1256 2102 peccatis
1290 2037 1489 2090 nostris
1530 2037 1793 2106 propitius
1831 2052 1891 2091 ac
1917 2035 2157 2090 clemens
2185 2043 2288 2089 est.
2320 2034 2468 2089 Unus
2502 2045 2585 2088 est
2640 2048 2768 2104 ergo
2828 2034 3087 2105 Dominus
3142 2035 3298 2091 Jesus
3320 2037 3483 2092 Chri-

242 2134 381 2173 ειυς.

317 2214 415 2268 IB'.
467 2233 486 2268 ι
529 2216 718 2287 Ὑμεῖς
775 2222 1131 2290 προσκυνεῖτε
1179 2220 1237 2272 ὃν
1266 2220 1365 2272 οὑκ
1409 2220 1621 2271 οἴδατεο
1650 2221 1813 2289 ἡμεῖς

241 2306 659 2378 προσκυνοῦμεν
702 2310 760 2363 ὃν
799 2312 1061 2382 οῖδαμεν·
1114 2312 1195 2363 ὅτι
1244 2312 1277 2379 ὴ
1317 2310 1559 2380 σωτηρία
1607 2312 1669 2363 ὲκ
1707 2310 1812 2362 τῶν

255 2398 528 2451 Ἰουδαίων
558 2401 728 2454 ἐστί.»
758 2401 896 2472 Φαίη
920 2419 1003 2464 τις
1031 2401 1096 2454 ἂν
1126 2402 1277 2464 ἴσως,
1305 2401 1645 2471 ἀνάρμοστον
1674 2395 1811 2453 εἶναι

239 2490 311 2558 τῇ
348 2488 467 2559 θεία
498 2491 590 2543 καὶ
622 2492 880 2545 ἀνωτάτω
908 2492 1000 2544 τοῦ
1043 2492 1215 2559 Λόγου
1262 2490 1421 2559 φύσει
1463 2490 1523 2543 τὸ
1568 2507 1811 2562 προσκυ-

240 2582 377 2632 νεῖν.
405 2577 539 2634 Είτα
580 2581 717 2645 πῶς,
748 2583 905 2652 εἴπερ
932 2584 1048 2635 ἐστὶ
1077 2583 1207 2645 Θεὸς
1248 2582 1463 2652 άληθῶς
1499 2584 1526 2633 ὁ
1560 2582 1814 2651 Χριστὸς,

240 2669 438 2723 laurei:
466 2673 577 2731 τοῖς
627 2672 902 2738 ὀφείλουσι
950 2676 1276 2741 προσκυνεῖν
1316 2674 1508 2743 ὁρᾶται
1557 2690 1813 2725 συντετα-

241 2758 393 2825 χιῖ›ς;
430 2759 495 2809 Τί
542 2757 635 2811 οὖν
668 2760 773 2830 ἄρα
805 2761 938 2831 πρὸς
968 2762 1125 2812 τοῦτό
1154 2779 1330 2829 φαμεν
1357 2781 1371 2827 ;
1401 2763 1463 2814 El
1505 2762 1603 2830 μὲν
1633 2764 1810 2831 γυμνῇ

242 2852 314 2918 τῇ
354 2850 567 2918 θεότητι
620 2850 711 2903 τὸν
758 2852 821 2902 ὲκ
876 2850 1011 2903 Θεοῦ
1060 2851 1272 2921 Πατρὸς
1321 2851 1597 2919 πεφηνότα
1643 2852 1812 2916 Λόγον

242 2938 473 3009 ἀφῖχθαι
508 2939 833 3010 πιστεύομεν
881 2941 961 3002 είς
1005 2940 1155 2992 τόνδε
1183 2939 1273 2992 τὸν
1312 2940 1534 3010 κόσμον,
1566 2941 1812 3012 ἀνάρμο-

244 3048 369 3081 στον
407 3030 598 3101 κομιδῇ
632 3031 699 3083 τὸ
728 3031 914 3101 χρῆμα.
951 3030 1125 3099 αὐτῷ’
1157 3033 1539 3102 προσκυνεῖται
1576 3032 1631 3083 δὲ
1675 3031 1811 3102 μᾶλ-

1993 2219 2089 2272 ΧΙΙ
2122 2239 2138 2270 ι
2183 2220 2288 2274 Vos
2324 2220 2563 2274 adoratis
2589 2233 2746 2288 quem
2784 2220 3037 2287 nescitis;
3063 2236 3163 2276 nos
3193 2224 3482 2279 adoramus

1918 2326 2077 2380 quem
2111 2314 2338 2376 scimus;
2374 2314 2497 2378 quia
2540 2313 2687 2365 salus
2717 2327 2782 2365 ex
2809 2311 3006 2367 Iudaeis
3034 2326 3114 2368 est
3143 2316 3210 2369 ".
3244 2336 3262 2367 ι
3314 2317 3477 2387 Obje-

1919 2402 2053 2455 cerit
2092 2402 2337 2454 fortassis
2388 2403 2473 2455 hic
2529 2402 2816 2469 quispiam,
2867 2403 3094 2457 alterum
3136 2406 3361 2461 adorare
3423 2411 3477 2463 in

1917 2507 2220 2561 supremam
2280 2494 2423 2545 illam
2453 2493 2797 2560 divinumque
2851 2494 3006 2547 Verbi
3042 2504 3284 2550 naturam
3316 2500 3477 2553 mini-

1919 2597 2005 2635 me
2055 2585 2365 2637 convenire.
2400 2582 2456 2636 Si
2508 2598 2636 2649 ergo
2690 2583 2940 2639 Christus
2982 2600 3142 2640 verus
3188 2587 3327 2642 Deus
3374 2601 3478 2656 est,

1916 2672 2187 2744 quomodo
2235 2676 2374 2728 inter
2420 2690 2511 2729 eos
2559 2690 2677 2727 sese
2706 2686 3083 2741 connumerat,
3122 2679 3213 2745 qui
3250 2682 3478 2736 adorare

1918 2767 2147 2819 debent?
2178 2766 2341 2829 Quid,
2363 2781 2564 2833 qureso,
2599 2768 2663 2819 ad
2698 2767 2837 2819 istud
2874 2769 3350 2835 respondebimus?
3416 2770 3477 2828 Si

1914 2855 2059 2907 enim
2099 2855 2189 2907 Dei
2215 2855 2391 2908 Patris
2422 2854 2657 2907 Verbum
2682 2871 2803 2909 eum
2840 2857 2978 2908 nuda
3021 2858 3241 2926 solaque
3273 2860 3471 2915 divini-

1913 2952 2026 2997 tate
2059 2944 2110 2997 iu
2146 2944 2402 2997 mundum
2446 2945 2768 3012 apparuisse
2798 2944 3091 3011 credimus,
3139 2948 3285 3000 nullo
3316 2951 3475 3004 modo

1916 3037 2143 3092 alterum
2178 3036 2404 3090 adorare
2452 3036 2524 3089 illi
2567 3037 2876 3091 conveniet.
2912 3035 3090 3105 lpstun
3124 3054 3353 3107 namque
3380 3044 3475 3095 ad-

243 3121 357 3183 λον,
385 3121 529 3190 ἤπερ
555 3122 714 3184 αὑτὸς
743 3124 912 3193 ἑτέρῳ
954 3126 1259 3194 προσκυνεῖ.
1288 3124 1349 3176 El
1373 3123 1429 3176 δὲ
1460 3123 1671 3195 μορφὴν
1696 3124 1815 3177 δού-

1916 3134 2104 3176 oratur
2155 3123 2356 3187 verius,
2424 3137 2583 3192 quam
2622 3124 2785 3177 alittm
2843 3140 3216 3195 quemcunque
3265 3131 3474 3185 adorat.

243 3212 340 3262 λου
373 3211 572 3276 λαϐὼν,
607 3214 698 3265 καὶ
742 3213 843 3279 τῆς
871 3214 1280 3283 προσκυνοῦσης
1313 3213 1725 3284 άνθρωπότητος
1752 3215 1813 3267 τὸ

248 3306 447 3373 μέτρον
479 3306 578 3356 οὐκ
614 3304 906 3373 ἀτιμάσας,
935 3306 1335 3375 κεχρημάτικεν
1366 3308 1477 3369 υἱὸς
1502 3306 1808 3375 ἀνθρώπου·

246 3397 283 3463 ἡ
317 3394 683 3464 προσκύνησις
723 3394 871 3446 ἔσται
904 3394 1002 3463 τῆς
1034 3396 1371 3465 οἰκονομίας,
1403 3398 1494 3447 καὶ
1532 3396 1815 3465 πρέπουσα

253 3486 450 3553 μᾶλλον
490 3487 602 3547 τοῖς
633 3487 731 3554 τῆς
770 3484 1050 3545 κενώσεως
1096 3485 1334 3557 μέτροις,
1359 3487 1457 3538 οὑκ
1495 3487 1628 3555 αὑτῇ
1676 3488 1814 3539 κατὰ

252 3580 418 3647 μόνας
454 3580 522 3648 τῇ
566 3576 723 3644 φύσει
752 3576 844 3629 τοῦ
873 3577 1067 3644 Λόγου.
1110 3577 1261 3629 Ἐπεὶ
1299 3577 1415 3640 πῶς
1450 3580 1512 3629 ὲκ
1539 3574 1647 3629 τῶν
1680 3578 1811 3628 Ἰου-

246 3670 408 3721 δαίων
452 3669 601 3721 ὲστὶν
646 3670 681 3738 ἡ
717 3668 984 3739 σωτηρία;
1016 3668 1089 3721 Οὑ
1133 3668 1242 3738 γάρ
1284 3685 1385 3720 που
1420 3667 1551 3737 φαίη
1591 3684 1673 3729 τις
1721 3665 1811 3729 ἂν,

252 3757 383 3810 καθὸ
412 3760 614 3812 νοεῖται
653 3759 747 3811 καὶ
790 3758 904 3810 ἐστι
932 3758 1122 3824 Λόγος,
1159 3756 1218 3820 ἐξ
1250 3755 1517 3808 Ἰουδαίων
1551 3755 1813 3825 ὑπάρχειν

251 3851 407 3902 αὐτόν
429 3867 443 3878 ν
482 3849 616 3902 ἀλλὰ
656 3850 896 3920 καθόπερ
927 3850 1043 3902 ἐστὶ
1078 3852 1185 3912 τοῖς
1218 3850 1276 3904 ὲν
1310 3849 1473 3919 σαρκὶ
1502 3849 1594 3901 καὶ
1623 3848 1813 3917 αἵματι

250 3941 486 4006 γεγονὼς
525 3938 767 4005 ἀδελφὸς,
795 3938 883 3989 διά
918 3956 999 3989 τοι
1030 3937 1089 3990 τὸ
1118 3937 1466 3991 ἐπιλαϐέσθαι
1509 3936 1814 4006 σπέρματος

264 4030 533 4099 Ἀϐραάμ.
564 4024 657 4093 Εἷς
687 4026 783 4085 οὖν
812 4029 919 4098 ἄρα
951 4029 1204 4097 Χριστὸς,
1238 4028 1343 4079 κᾶν
1378 4030 1699 4097 προσκυνεῖν
1727 4026 1812 4078 Λέ-

251 4139 407 4191 γηται
435 4122 524 4175 διά
554 4132 581 4172 q
611 4122 670 4175 τὸ
695 4118 1053 4191 ἀνθρώπινον,
1096 4117 1274 4170 καίτοι
1305 4118 1454 4187 παρὰ
1493 4117 1673 4187 πάσης
1714 4116 1814 4185 τῆς

250 4216 476 4277 κτίσεως
513 4212 980 4284 προσκυνούμενος
1006 4209 1080 4272 ὼς
1106 4208 1254 4271 Θεός.

319 4395 417 4447 II".
442 4412 461 4453 t
486 4392 605 4444 Ἐτι
620 4390 812 4461 μικρὸν
830 4388 1016 4461 χρόνον
1036 4387 1154 4458 μεθ’
1176 4385 1326 4456 ὑμῶν
1345 4387 1479 4453 είμι,
1502 4384 1595 4437 καὶ
1617 4383 1811 4452 ὑπάγω

1916 3214 2063 3279 Quod
2131 3214 2175 3267 si
2246 3214 2432 3269 forma:
2470 3228 2629 3284 quam
2687 3224 3021 3286 susceperat,
3084 3218 3471 3288 humilitatem,

1914 3305 2293 3371 adorantisque
2324 3314 2527 3357 natura:
2582 3305 2917 3359 conditiones
2975 3321 3079 3360 non
3129 3320 3461 3374 aversatum,

1916 3392 2148 3446 hominis
2171 3392 2309 3446 filius
2337 3391 2583 3446 effectum
2633 3402 2737 3458 est,
2770 3393 2877 3462 iam
2905 3411 3036 3449 sane
3082 3398 3324 3452 adoratio
3371 3402 3477 3454 dis~

1914 3485 2245 3553 pensationis
2274 3484 2471 3549 ordini,
2505 3485 2993 3552 exinanitionisque
3020 3486 3318 3541 conditioni
3339 3503 3472 3543 can-

1913 3588 2102 3645 gruet;
2144 3577 2296 3629 Verbi
2326 3588 2505 3630 autem
2536 3587 2740 3631 natura:
2763 3590 3006 3630 seorsum
3051 3593 3147 3645 per
3186 3594 3245 3632 se
3292 3582 3473 3634 consi-

1913 3667 2134 3731 tleraue,
2178 3682 2538 3734 nequaquam.
2574 3667 2703 3720 Nam
2738 3670 2840 3722 nisi
2870 3670 2970 3723 hoc
3019 3678 3309 3731 statuatur,
3337 3686 3475 3739 quo-

1914 3757 2072 3808 modo
2099 3756 2243 3809 salus
2270 3770 2336 3809 ex
2366 3754 2563 3811 Judaeis
2603 3772 2724 3811 esse
2754 3758 2974 3824 intelligi
3034 3760 3243 3825 potest?
3274 3758 3461 3828 Neque

1913 3846 2053 3897 enim
2081 3845 2259 3899 dicere
2280 3845 2361 3899 fas
2392 3857 2494 3908 est,
2528 3847 2759 3901 Verbum
2793 3849 3088 3902 secundum
3118 3849 3257 3915 quod
3287 3865 3381 3917 per
3405 3865 3471 3905 se

1914 3929 2309 3992 consideratur,
2329 3946 2393 3983 ex
2422 3929 2620 3985 Iudaeis
2663 3945 2831 3985 esse:
2887 3940 2971 3984 est
3022 3943 3199 3986 autem
3240 3949 3305 3986 ex
3343 3934 3470 3999 illis,

1913 4032 2179 4090 quatenus
2213 4037 2397 4075 eorum
2456 4023 2545 4091 qui
2582 4037 2745 4076 carne
2794 4032 2846 4076 et
2887 4023 3149 4093 sanguine
3194 4033 3466 4091 constant,

1917 4114 2085 4167 frater
2108 4112 2356 4166 elfectum
2386 4123 2487 4174 est,
2516 4113 2853 4183 Ahrahmquc
2886 4114 3075 4167 semini
3104 4115 3472 4183 coniunctum.

1915 4204 2067 4258 Unus
2102 4204 2282 4271 itaque
2304 4213 2385 4257 est
2413 4204 2681 4266 Christus,
2712 4204 2801 4270 qui
2832 4205 3044 4271 quidem
3076 4213 3132 4257 ut
3182 4206 3340 4258 homo
3381 4208 3473 4258 ad-

1913 4303 2065 4357 orat;
2094 4302 2151 4346 ut
2170 4302 2346 4346 autem
2369 4292 2528 4356 Deus,
2556 4292 2623 4345 ah
2644 4292 2889 4345 universa
2916 4302 3163 4345 creatura
3194 4295 3470 4346 aduratur.

1982 4382 2117 4436 Xlll.
2167 4401 2185 4433 ι
2225 4382 2415 4436 Adhuc
2438 4382 2707 4437 modicum
2750 4394 2958 4449 tempus
2999 4384 3277 4437 vobiscum
3329 4401 3470 4450 sum,

250 4486 382 4554 πρὸς
418 4485 510 4535 τὸν
540 4482 829 4552 πέμψαντά
875 4498 963 4551 με.
991 4500 1007 4530 ι
1046 4478 1156 4532 Ποῦ
1187 4478 1295 4547 γὰρ
1322 4476 1422 4528 οὐκ
1469 4476 1617 4527 ἔστιν
1660 4475 1688 4526 ὁ
1718 4473 1809 4525 τοῦ

1915 4486 1968 4530 et
2004 4476 2137 4529 vado
2165 4475 2229 4529 ad
2261 4488 2381 4528 eum
2416 4476 2505 4543 qui
2536 4474 2679 4528 misit
2710 4489 2795 4528 me
2816 4474 2881 4527 ⁹⁸.
2917 4494 2933 4525 ι
2968 4474 3022 4527 Si
3057 4475 3354 4529 divinitatis
3379 4491 3474 4527 na-

250 4572 381 4625 θεοῦ
414 4572 617 4639 Λόγος,
663 4573 709 4623 εἰ
758 4571 957 4639 πληροῖ
1000 4570 1066 4622 τὰ
1108 4568 1285 4621 πάντα
1324 4569 1388 4636 τῇ
1422 4565 1521 4633 τῆς
1564 4563 1811 4631 θεότητος

252 4665 442 4734 φύσει;
475 4662 594 4724 Πῶς
640 4660 733 4714 οὖν
776 4663 1051 4731 πέμπεται
1096 4660 1247 4729 παρὰ
1277 4658 1370 4711 τοῦ
1412 4656 1657 4726 Πατρός;
1696 4654 1812 4715 πῶς

250 4759 303 4809 δὲ
350 4757 443 4810 καὶ
492 4753 689 4821 ὑπάγει
740 4753 875 4822 πρὸς
909 4752 1102 4815 αὑτόν;
1144 4751 1349 4804 Οὐκοῦν
1386 4750 1661 4817 πέμπεται
1712 4746 1810 4815 μὲν

251 4847 604 4921 ἀνθρωπίνως
631 4844 772 4897 κατά
800 4859 862 4910 γε
891 4843 980 4895 τὸν
1010 4843 1109 4910 τῆς
1132 4842 1433 4910 ἀποστολῆς
1470 4840 1668 4911 τρόπον
1717 4838 1810 4890 καὶ

250 4945 424 5011 λόγον,
457 4943 541 4995 ἴνα
576 4937 786 5008 κηρύξῃ
832 4934 929 5003 μὲν
963 4931 1322 5001 αἰχμαλώτοις
1354 4932 1564 4999 ἄφεσιν,
1593 4929 1809 4998 τυφλοῖς

249 5037 301 5089 δὲ
328 5035 639 5103 ἁνάὸλεῷιν.
664 5029 891 5095 Ὑπάγει
919 5042 979 5095 γε
1010 5025 1114 5094 μὴν
1140 5024 1274 5092 πρὸς
1299 5023 1388 5074 τὸν
1412 5023 1631 5091 Πατέρα
1656 5022 1806 5083 Θεὸν,

250 5127 349 5177 οὐκ
376 5128 455 5177 ἔτι
490 5124 633 5177 κατὰ
657 5123 744 5174 τὸν
774 5121 884 5171 ἴσον
914 5117 1131 5188 τρόπον,
1168 5113 1280 5166 ἀλλ’
1314 5106 1422 5165 οἷον
1450 5115 1506 5164 ἐν
1547 5112 1754 5180 σώματι
1782 5122 1802 5149 τ

251 5220 612 5288 αναφοιτὴσας
647 5218 725 5279 εἰς
751 5213 999 5287 οὐρανὸν,
1028 5210 1115 5262 ἶνα
1144 5205 1282 5275 ὑπὲρ
1310 5205 1465 5272 ἡμῶν
1492 5203 1682 5256 ἑαυτὸν
1710 5204 1806 5270 ὲμ-

323 5371 364 5399 νι
400 5367 560 5423 llebr,
604 5384 675 5430 vt,
705 5367 896 5421 25-25.
976 5366 1019 5395 ”
1053 5364 1212 5417 llehr.
1252 5375 1307 5425 tt,
1344 5356 1428 5408 18.
1507 5354 1551 5386 ³³
1585 5352 1744 5406 llcbr.
1777 5369 1828 5418 κ,
1860 5356 1944 5406 14.

253 5441 315 5501 'l;
346 5437 472 5490 Luc.
518 5452 592 5501 tv,
631 5438 715 5491 l9.

1916 4577 2031 4623 tura
2065 4566 2246 4620 omnia
2280 4564 2487 4634 implet,
2528 4565 2640 4630 ubi,
2689 4580 2897 4634 qumso,
2935 4565 3026 4617 Dei
3084 4563 3315 4618 Verbum
3368 4580 3471 4619 n0u

1914 4658 2173 4712 exsistit?
2201 4657 2314 4724 Qua
2367 4657 2529 4726 igitur
2581 4656 2788 4710 ratione
2818 4656 3053 4709 mittitur
3077 4672 3103 4707 a
3143 4655 3339 4709 Patre?
3365 4656 3474 4709 Aut

1914 4764 2019 4816 quo
2046 4763 2255 4801 rursum
2291 4748 2452 4801 modo
2476 4746 2541 4799 ad
2565 4761 2684 4799 eum
2707 4746 3036 4800 revertitur?
3081 4746 3311 4799 Mittitur
3362 4748 3467 4799 ita-

1916 4853 2020 4906 que
2051 4837 2342 4890 seeundum
2373 4835 2662 4890 humanam
2690 4845 2959 4898 naturam,
2992 4836 3283 4903 prmdicare
3303 4837 3472 4903 capti-

1920 4929 1997 4982 vis
2026 4928 2420 4992 remissionem,
2448 4927 2601 4996 137
2636 4935 2690 4980 et
2734 4927 2892 4979 caecis
2944 4924 3334 4979 restitutionem
3388 4927 3470 4980 vi—

1916 5032 2007 5073 sus
2038 5019 2083 5050 ⁹⁸
2115 5037 2129 5072 :
2161 5018 2260 5071 hoc
2283 5020 2426 5071 enim
2484 5016 2759 5069 missionis
2816 5014 2959 5067 illitis
3022 5013 3157 5067 ratio
3184 5025 3239 5066 et
3284 5017 3472 5071 modus

1916 5110 2184 5179 exigebat.
2219 5107 2322 5162 Sed
2356 5118 2409 5160 et
2440 5108 2578 5160 idem
2619 5117 2830 5171 quoque
2861 5103 3006 5155 vadit
3061 5102 3126 5156 ειιί
3173 5105 3337 5158 Deum
3367 5106 3466 5158 Pa-

1916 5213 2087 5255 trem:
2122 5214 2305 5253 vernm
2339 5211 2444 5250 non
2467 5195 2579 5264 pari
2608 5193 2829 5246 omnino
2875 5195 3052 5248 modo.
3108 5194 3269 5250 Vadit
3325 5198 3468 5250 enim

2038 5356 2082 5385 ⁸³
2108 5352 2261 5405 Juau.
2300 5364 2373 5415 tv,
2404 5350 2493 5404 9.9..
2569 5351 2613 5381 ⁸⁵
2647 5350 2801 5407 Joan.
2834 5367 2929 5416 vn,
2954 5352 3041 5405 ⁸55.
3151 5351 3194 5383 ³⁸
3222 5350 3323 5406 lsa.
3359 5366 3468 5418 ut,

1339 5578 1505 5630 Varia:
1540 5576 1792 5630 lectiones
1819 5574 2021 5630 codicis
2050 5573 2406 5643 Seguieriani.

328 5736 353 5773 ν
383 5725 645 5789 ἐξουσίαν.
722 5735 746 5774 ‘l
780 5725 937 5775 κατά.
1021 5733 1039 5759 τ
1074 5724 1133 5773 ὲκ
1164 5720 1427 5789 σώματος.
