4092 6334
599 370 732 425 4551

1570 358 1626 413 S.
1667 356 1939 414 CYRILLI
1980 352 2454 410 ALEXANDle
2494 352 2811 409 ARCHIEP.

3699 357 3846 413 1552

601 495 787 557 utpote
814 485 866 539 in
898 496 1128 554 corpore
1153 481 1220 537 ad
1281 480 1479 536 coelum
1535 481 1773 543 rediens,
1807 488 1865 532 ut
1916 478 2171 531 nimirum

2290 474 2478 544 ρανίσῃ
2519 475 2598 545 τῷ
2634 476 2908 545 προσώπῳ
2944 476 3038 529 τοῦ
3068 477 3299 548 Πατρδς,
3331 476 3471 530 καθά
3509 477 3843 546 γέγραπται.

602 591 828 648 paterno
849 576 1016 631 vultui
1048 590 1145 645 pro
1168 574 1344 636 nobis,
1390 574 1532 628 sicut
1582 572 1843 640 scriptum
1874 581 1958 623 est
1977 570 2044 634 ’⁷,
2079 584 2175 636 ap-

612 677 819 737 pareat.
858 668 1011 735 Quod
1033 667 1231 737 siquis
1267 665 1533 719 missionis
1566 662 1888 717 vocabulum
1950 662 2014 716 de
2057 662 2172 727 ipso

603 776 817 832 quoque
850 759 1021 815 Verbo
1055 761 1258 815 dictum
1288 759 1538 827 accipiat,
1574 757 1847 811 neminem
1886 752 1937 808 id
1971 752 2167 807 turbet:

604 854 870 922 siquidem
927 850 1221 919 Scriptura:
1266 849 1522 903 divinitus
1589 847 1865 916 inspirata
1923 859 2038 898 mos
2093 855 2174 898 est

608 943 915 999 istiusmodi
952 941 1314 995 locutionibus
1348 950 1733 1007 nonnunquam
1768 938 2003 1003 uti;non
2030 938 2173 1007 quod

606 1034 842 1088 divinam
880 1022 1027 1087 illam
1074 1028 1462 1098 ctelestemque
1514 1038 1764 1083 naturam
1792 1028 1911 1082 loco
1942 1028 2174 1082 circum-

604 1123 851 1181 scribere
882 1132 975 1182 aut
1007 1122 1237 1178 definire
1259 1121 1389 1177 velit
1421 1121 1593 1191 (novit
1623 1121 1767 1175 enim
1801 1118 1944 1173 illam
1976 1134 2167 1188 corpo-

608 1215 684 1269 ris
707 1223 1006 1280 expertem,
1043 1212 1298 1281 omnique
1336 1213 1568 1269 termino
1600 1220 1653 1265 et
1686 1210 1805 1265 loco
1834 1212 2168 1281 superiorem

608 1304 774 1372 esse),
804 1303 897 1359 sed
933 1303 1076 1372 quod
1104 1302 1370 1369 ejusmodi
1412 1300 1666 1356 humanis
1709 1302 1935 1356 vocibus
1989 1318 2051 1356 ea
2081 1317 2176 1356 no-

609 1396 692 1450 bis
723 1394 1075 1452 manifestare
1095 1395 1411 1459 contendat,
1439 1407 1559 1461 qua:
1605 1393 1801 1447 mentis
1845 1392 2042 1462 alioqui
2080 1409 2175 1449 no-

607 1498 735 1541 strae
765 1493 978 1554 captum
1013 1487 1301 1544 excedunt,
1345 1483 1479 1536 Nam
1515 1492 1569 1537 et
1594 1484 1708 1551 ipse
1743 1498 1956 1552 quoque
1991 1485 2178 1539 Salva-

611 1589 697 1633 Ior
731 1576 1074 1632 Paracletum
1116 1590 1239 1630 sese
1262 1576 1327 1631 ad
1363 1589 1460 1631 nos
1494 1575 1785 1628 missurum
1828 1576 2175 1642 promittit",

2280 569 2343 620 El
2379 568 2437 621 δὲ
2478 568 2540 638 δὴ
2582 570 2676 621 καὶ
2715 570 2801 620 ἐπ’
2831 569 2993 622 αὐτοῦ
3023 570 3117 635 τοῦ
3157 570 3328 637 Λόγου
3367 569 3426 622 τὸ
3469 569 3847 623 ἀπεστάλθαι

2280 660 2626 730 λαμϐάνοιτο,
2651 661 3021 730 χαλεπαινὰω
3053 662 3269 732 μηδείς·
3304 661 3421 725 ἔθος
3466 661 3572 731 γὰρ
3609 663 3675 732 τῇ
3722 659 3849 712 θεο-

2282 749 2528 819 πνεύστῳ
2551 751 2739 821 Γραφῇ
2766 753 2861 805 καὶ⁹
2884 754 3001 814 ταῖς
3017 752 3293 816 τοιαύταις
3308 751 3416 805 ἐσθ’
3432 752 3519 804 ὅτε
3544 749 3853 822 κεχρῆσθαι

2284 846 2513 911 φωναῖς,
2553 844 2645 896 καὶ
2683 845 2743 897 οὐ
2788 845 2974 907 τόποις
3013 845 3107 897 καὶ
3150 847 3514 915 περιγραφαῖς
3551 834 3649 912 τὴν
3694 841 3852 894 θείαν

2280 953 2338 989 τε
2368 936 2460 988 καὶ
2493 937 2855 1008 ὑπερκόσμιον
2881 939 3171 1009 ὑποφέρειν
3192 937 3353 1006 φύσιν
3393 931 3524 1006 (οἶδε
3548 935 3655 1004 γὰρ
3681 930 3854 987 οὖσαν

2280 1026 2591 1095 ἀσώματον,
2626 1030 2717 1084 καὶ
2764 1028 3138 1098 περιορισμῶν
3192 1028 3505 1089 ὲπέκεινακ
3529 1026 3622 1082 καὶ
3663 1024 3759 1076 τοῦ
3791 1025 3855 1075 ὲν

2278 1118 2427 1187 τόπῳ
2460 1119 2691 1174 νοεῖσθαι
2726 1122 2994 1191 μακράν)·
3029 1121 3233 1187 φωναῖς
3257 1119 3313 1171 δὲ
3362 1117 3558 1186 μᾶλλον
3595 1118 3712 1178 ταῖς
3754 1114 3855 1166 ἀν-

2279 1207 2577 1279 θρωπίναις
2619 1210 2688 1265 τὰ
2714 1212 2855 1283 ὑπὲρ
2884 1211 3007 1265 νοῦν
3048 1210 3176 1264 ὄντα
3215 1210 3307 1262 τὸν
3336 1210 3393 1261 ὲν
3436 1210 3565 1278 ἡμῖν
3591 1206 3857 1279 πειρᾶται

2274 1300 2628 1371 καταδηλοῦν.
2647 1305 2798 1357 Ἐπεὶ
2824 1306 2924 1358 καϊ
2936 1303 3095 1367 αὐτὸς
3119 1322 3146 1355 ο
3170 1301 3359 1372 Σωτὴρ
3383 1300 3621 1370 πέμπειν
3644 1297 3858 1366 ἔφασκε

2276 1392 2410 1462 πρὸς
2441 1395 2589 1462 ἡμᾶς
2636 1396 2727 1449 τὸν
2762 1395 3139 1466 Παράκλητον,
3190 1394 3368 1447 καίτοι
3403 1387 3735 1462 πληροῦντος
3780 1389 3859 1441 τὰ

2276 1484 2453 1537 πάντα
2498 1486 2591 1540 τοῦ
2620 1488 2775 1555 ἀγίου
2803 1489 3118 1558 Πνεύματος
3138 1504 3151 1519 ·
3184 1506 3201 1538 ι
3232 1485 3457 1556 Πνεῦμα
3486 1484 3595 1553 γὰρ
3621 1482 3858 1555 Κυρίου.

2276 1582 2436 1651 φησὶ,
2471 1579 2799 1651 πεπλήρωκε
2831 1581 2927 1649 τὴν
2958 1580 3300 1649 οἰκουμένην.
3323 1596 3342 1628 ι

611 1683 730 1725 cum
788 1677 964 1721 tamen
1018 1666 1255 1735 Spiritus
1293 1676 1515 1722 sanctus
1562 1668 1743 1720 omnia
1798 1667 2036 1732 impleat,
2093 1668 2248 1736 juxta
2322 1672 2497 1727 illud:
2567 1692 2585 1725 ι
2623 1674 2858 1742 Spiritus
2921 1673 3133 1726 Domini
3196 1670 3422 1740 replevit
3465 1667 3650 1724 orbem
3682 1676 3869 1720 terra-

612 1776 730 1814 rum
750 1761 839 1815 "2
875 1780 891 1811 ρ

684 1852 823 1907 XIV.
873 1872 890 1904 ι
925 1852 1057 1906 Cum
1116 1851 1484 1904 exultaveritis
1515 1850 1709 1905 Filium
1760 1852 2015 1918 hominis,
2052 1864 2178 1911 tunc

2355 1858 2449 1910 IA'.
2494 1876 2510 1906 ι
2541 1858 2707 1911 Ὅταν
2739 1856 2988 1928 ὑψώσητε
3015 1857 3105 1909 τὸν
3132 1856 3259 1908 Υἱὸν
3281 1851 3372 1906 τοῦ
3400 1849 3707 1922 ἀνθρώπου,
3735 1849 3863 1903 τότε

613 1943 952 2011 cognoscetis
984 1942 1111 2010 quia
1172 1955 1271 2009 ego
1306 1956 1424 1995 sum
1450 1942 1519 1996 ".
1570 1961 1589 1993 ι
1645 1941 1881 1999 Judaicze
1934 1946 2181 2010 insaniae,

614 2051 719 2103 qua
755 2035 806 2087 in
838 2033 1113 2087 Christum
1150 2033 1537 2098 ell'erebantur,
1576 2050 1771 2090 causas
1800 2037 1990 2090 beatus
2017 2036 2182 2092 Joan-

616 2140 712 2179 nes
733 2139 1031 2192 exponens,
1070 2126 1141 2176 ita
1178 2124 1364 2179 scribit
1398 2138 1412 2177 :
1445 2143 1463 2175 ι
1504 2124 1799 2193 Propterea
1853 2128 2019 2179 Judaei
2061 2142 2186 2195 per-

613 2216 981 2285 seqnchantur
1021 2213 1225 2279 Jesum,
1262 2215 1385 2283 quia
1420 2229 1526 2267 non
1559 2215 1729 2269 solum
1769 2214 2016 2269 solvebat
2048 2214 2186 2268 Sab-

616 2314 819 2370 batum,
853 2310 946 2363 sed
1009 2317 1063 2361 et
1092 2306 1310 2360 Patrem
1339 2323 1497 2361 suum
1532 2308 1745 2361 dicebat
1782 2306 1975 2371 Deum,
2005 2322 2187 2377 aequa-

617 2400 717 2453 lem
751 2398 955 2452 faciens
986 2413 1046 2451 se
1079 2398 1188 2451 Deo
1224 2400 1262 2450 ⁸.
1298 2416 1316 2448 ι
1360 2397 1497 2451 Alibi
1529 2399 1748 2452 eosdem
1798 2399 1987 2451 isthmc
2026 2398 2189 2465 impie

615 2498 925 2543 evomentes
949 2488 1152 2541 inducit
1182 2505 1195 2540 :
1236 2506 1252 2537 ι
1290 2488 1361 2539 De
1387 2487 1528 2540 bono
1548 2501 1713 2555 Opere
1745 2503 1848 2540 non
1885 2487 2189 2555 lapidamus

620 2589 690 2642 te,
718 2581 809 2633 sed
838 2579 903 2631 de
932 2578 1262 2644 blasphemia
1287 2594 1300 2633 :
1337 2578 1462 2643 quia
1493 2587 1544 2630 tu
1588 2579 1750 2630 homo
1779 2593 1900 2629 cum
1924 2580 2018 2641 sis,
2058 2578 2190 2630 facis

620 2670 847 2736 teipsum
904 2667 1144 2720 Deum’.
1179 2686 1197 2718 ›
1244 2668 1412 2736 Igitur
1464 2668 1515 2721 in
1570 2666 1716 2720 illum
1767 2668 1990 2722 credere
2045 2666 2187 2724 nulla

617 2761 828 2815 ratione
878 2758 1148 2822 volebant,
1212 2758 1647 2827 quandoquidem
1725 2774 1918 2828 purum
1976 2769 2183 2813 tantum

620 2850 1003 2918 vulgaremqne
1030 2849 1304 2904 hominem
1332 2864 1454 2904 esse
1490 2851 1791 2920 putabant;
1827 2853 1993 2922 ignari
2023 2853 2188 2907 Deum

623 2934 852 2988 Verbum
880 2948 1065 2988 semen
1108 2934 1342 2988 Abrahae
1375 2938 1819 3003 apprchendisse,
1848 2940 2110 3006 carniqne
2137 2947 2191 2991 et

618 3025 869 3097 sanguini
913 3026 1139 3095 perinde
1168 3041 1231 3079 ac
1256 3040 1353 3079 nos
1392 3028 1823 3081 communicasse
1853 3028 1894 3092 ³,
1941 3028 2190 3094 quamvis

618 3118 689 3168 ob
717 3116 769 3168 id
798 3114 940 3168 Dens
962 3129 1083 3168 esse
1114 3130 1218 3166 non
1256 3114 1539 3167 desiisset:
1591 3116 1858 3181 siquidem
1892 3117 2188 3169 secundum

2285 1947 2557 2015 γνώσεσθε
2596 1950 2683 2001 ὅτι
2713 1948 2822 2016 ἐγώ
2855 1950 2986 2017 είμι.
3021 1966 3038 1998 ›
3087 1947 3197 2016 Τῆς
3236 1943 3532 2011 Ἰουδαϊκῆς
3565 1942 3822 2001 ἀπονοίας
3844 1978 3861 2001 ,

2285 2042 2350 2111 ἣν
2375 2042 2464 2093 ἐπὶ
2499 2039 2725 2110 Χριστῷ
2749 2039 3093 2108 πεποίηνται,
3122 2036 3219 2099 τὰς
3246 2036 3423 2097 αἰτίας
3451 2030 3811 2101 ἐξηγούμενος
3834 2031 3867 2081 ὁ

2289 2134 2554 2202 μακάριος
2577 2144 2598 2170 ⁸
2638 2131 2891 2199 Ἰωάννης
2914 2171 2927 2193 ,
2961 2148 2977 2179 ι
3012 2129 3110 2181 Διά
3137 2127 3312 2191 τοῦτο,
3343 2126 3523 2195 φησὶν,
3559 2123 3780 2175 ἐδίωκον
3810 2123 3865 2172 οἱ

2298 2226 2537 2279 Ἰουδαῖοι
2569 2226 2659 2278 τὸν
2694 2224 2949 2295 Χριστὸν,
2995 2224 3077 2275 ὅτι
3105 2222 3165 2273 οὑ
3200 2221 3356 2287 μόνον
3388 2219 3508 2270 ἔλυε
3540 2216 3600 2269 τὸ
3644 2213 3863 2268 Σάϐϐα-

2284 2334 2396 2379 τον,
2428 2316 2561 2369 ἀλλὰ
2589 2315 2681 2368 καὶ
2710 2315 2928 2383 Πατέρα
2955 2313 3084 2369 ι’διον
3114 2311 3267 2375 ἔλεγε
3296 2309 3385 2362 τὸν
3412 2308 3563 2370 Θεὸν,
3596 2307 3707 2359 ἴσον
3736 2307 3867 2357 ἑαυ-

2285 2408 2373 2460 τὸν
2405 2407 2571 2461 ποιῶν
2606 2406 2682 2473 τῷ
2715 2405 2850 2475 Θεῷ.
2889 2425 2906 2455 ›
2930 2404 3291 2471 Εξσκεκόμικε
3323 2401 3379 2453 δέ
3406 2418 3505 2452 που
3538 2400 3629 2451 καὶ
3664 2398 3867 2459 αὐτοὺς

2286 2497 2540 2564 λέγοντας
2566 2496 2822 2558 ἀνοσίως·
2862 2516 2878 2547 ι
2914 2495 3050 2564 Περὶ
3079 2492 3245 2546 καλοῦ
3274 2492 3434 2562 ἔργου
3469 2490 3529 2543 οὐ
3568 2488 3866 2555 λιθάζομέν

2291 2606 2380 2654 σε,
2425 2588 2563 2642 ἀλλά
2616 2588 2744 2655 περὶ
2793 2586 3171 2656 βλασφημίας’
3204 2585 3285 2636 ὅτι
3326 2585 3387 2637 σὺ
3440 2582 3723 2651 ἄνθρωπος
3764 2579 3864 2643 ὢν,

2290 2683 2463 2741 ποιεῖς
2494 2681 2715 2733 σεαυτὸν
2746 2680 2895 2732 Θεόν.
2926 2698 2943 2728 ι
2992 2675 3200 2729 Οὐκοῦν
3241 2675 3631 2754 ἀπαρὰδεκτον.
3645 2672 3742 2742 τὴν
3776 2670 3867 2725 ἐπ’

2291 2772 2438 2842 αὑτῷ
2467 2774 2793 2840 πεποίηνται
2832 2772 3034 2834 πίστιν,
3064 2768 3349 2841 ἄνθρωπον
3387 2767 3484 2837 μὲν
3518 2761 3654 2818 εἶναι
3706 2764 3866 2831 νομί-

2290 2868 2475 2930 ζοντες
2511 2866 2643 2919 αὐτὸ
2672 2866 2734 2935 δὴ
2776 2864 2932 2917 τοῦτο
2960 2864 3133 2933 ψιλὸν,
3175 2862 3503 2931 ἠγνοηκότες
3526 2858 3581 2925 δὲ
3621 2858 3702 2909 ὅτι
3732 2856 3869 2918 Θεὸς

2291 2958 2365 3012 ὢν
2406 2961 2434 3011 ὁ
2467 2958 2638 3024 Λόγος
2669 2956 2961 3010 ἐπελάϐετο
2993 2954 3302 3025 σπέρματος
3340 2950 3611 3019 Ἀϐραὰμ,
3648 2947 3741 3000 καὶ
3771 2962 3869 2997 κεν

2293 3050 2621 3118 κοινώνηκεν
2650 3050 2877 3118 αἵματος
2910 3045 3002 3098 καὶ
3035 3045 3236 3114 σαρκὸς
3269 3038 3663 3112 παραπλησίως
3696 3040 3829 3108 ἡμῖν
3854 3053 3865 3065 '

2295 3140 2433 3208 πλὴν
2460 3140 2559 3192 οὐκ
2584 3139 2794 3207 ἀπέστη
2821 3136 2914 3189 τοῦ
2948 3132 3084 3189 εἶναι
3105 3134 3264 3199 Θεός·
3303 3135 3567 3204 ἄτρεπτος
3590 3130 3698 3200 γὰρ
3724 3127 3873 3181 κατὰ

623 3203 1272 3267 naturamimmutabilis,
1326 3212 1694 3271 perpetuoque
1745 3206 1859 3270 ipse
1914 3206 2053 3258 idem
2086 3214 2187 3258 est.

2295 3203 2455 3299 φύσιν
2474 3230 2609 3291 ἐστὶ,
2633 3229 2725 3285 καὶ
2747 3203 3005 3297 διηνεκῶς
3030 3228 3057 3278 ὁ
3086 3227 3268 3289 αὐτός.
3305 3203 3647 3293 (Ὅτανρῦν,
3677 3239 3747 3291 φη
3761 3222 3870 3284 σιν,

622 3295 713 3348 Ait
774 3309 935 3364 ergo:
984 3311 1002 3344 ι
1054 3292 1188 3348 Cum
1243 3294 1615 3351 exaltavcritis
1691 3293 1885 3348 Filium
1938 3295 2191 3361 hominis,

624 3401 755 3441 tunc
804 3386 1140 3457 cognoscetis
1165 3387 1289 3457 quia
1321 3401 1422 3455 ego
1446 3403 1564 3441 sum
1593 3387 1637 3443 ι.
1673 3408 1692 3440 ι
1730 3387 1986 3455 Quamvis
2046 3389 2193 3444 enim

624 3479 916 3534 secundum
985 3479 1275 3534 humanam
1343 3490 1588 3533 naturam
1640 3481 1818 3536 crucis
1868 3482 2192 3551 Supplicium

627 3573 868 3647 pertulit,
897 3573 1074 3627 divina
1114 3583 1290 3627 tamen
1344 3575 1542 3628 virtute
1588 3578 1904 3630 resurrexit.
1964 3577 2194 3647 Propter

629 3664 1081 3719 resurrectionem
1109 3676 1284 3718 antem
1317 3674 1372 3719 et
1401 3680 1557 3719 verus
1595 3667 1751 3731 Deus,
1789 3678 1844 3721 et
1868 3684 2028 3722 verus
2075 3684 2195 3723 rur-

626 3772 744 3812 sum
778 3756 870 3813 Dei
899 3756 1068 3812 Filius
1094 3759 1334 3811 creditus
1358 3767 1463 3812 est.
1499 3760 1653 3825 Quod
1688 3759 1731 3812 si
1757 3775 1878 3813 eum
1924 3777 2028 3815 non
2059 3762 2195 3816 alte-

628 3864 745 3904 rum
767 3850 1156 3915 exsuscitasse,
1189 3852 1281 3904 sed
1307 3851 1479 3918 ipsum
1507 3854 1872 3907 resurrexissc
1900 3856 2194 3921 credimus,

626 3957 824 4011 corpus
851 3942 1056 4011 utique,
1086 3947 1229 4011 quod
1258 3956 1485 3999 mortem
1540 3960 1853 4016 perpessum
1897 3959 2004 4013 est,
2060 3965 2186 4019 pro-

625 4034 801 4100 prium
834 4034 992 4087 illius
1019 4036 1417 4102 dispensatoris
1460 4038 1735 4090 exstitisse
1784 4048 2088 4093 statuamus
2125 4056 2188 4094 o-

630 4133 849 4199 portet:
884 4124 1045 4197 138
1074 4140 1179 4193 quo
1241 4127 1342 4179 hac
1392 4128 1646 4182 nimirum
1703 4131 1916 4183 ratione
1972 4142 2027 4185 et
2079 4132 2197 4201 ipse

628 4232 863 4286 quoque,
899 4218 1025 4271 licet
1046 4230 1237 4287 suapte
1268 4230 1457 4272 natura
1486 4222 1806 4276 immortalis
1851 4223 1920 4276 sit
1946 4234 2003 4277 ut
2028 4223 2195 4288 Deus,

630 4310 995 4367 resnrrexisse
1036 4310 1165 4365 dicit
1196 4321 1380 4381 queat.
1432 4311 1603 4367 Unius
1658 4314 1803 4367 enim
1848 4316 2198 4386 ejusdemque

626 4401 831 4455 Christi
869 4413 917 4455 et
949 4402 1069 4455 Filii
1116 4413 1343 4458 mortem
1373 4406 1779 4471 annuntiantes,
1830 4418 1881 4461 et
1950 4424 2196 4463 resurre-

625 4492 861 4546 ctionem
897 4493 1243 4558 conﬁtentes,
1272 4496 1636 4563 jnstilicamnr
1683 4514 1777 4567 per
1813 4499 1991 4553 fidem.
2050 4500 2197 4556 Unus

628 4583 791 4651 igitur
821 4584 1069 4652 idemque
1096 4594 1149 4639 et
1169 4588 1315 4641 solus
1347 4587 1597 4643 Christus
1616 4588 1793 4657 Jesus,
1839 4601 1895 4646 ut
1920 4593 2080 4647 homo
2107 4609 2194 4648 se-
2229 4570 2272 4623 υ

626 4674 863 4728 cundum
890 4690 1106 4729 carnem
1139 4686 1415 4745 mortuus;
1477 4689 1532 4733 ul
1564 4682 1706 4736 Deus
1751 4692 1931 4740 autem
1960 4691 2013 4738 et
2061 4685 2190 4749 vita,

626 4767 991 4820 resurrexisse
1027 4767 1243 4822 dicitur.

701 4852 819 4907 XV.
883 4875 901 4908 ι
930 4856 1422 4912 Circumdederunt
1454 4874 1584 4928 ergo
1612 4876 1732 4914 eum
1769 4862 1958 4928 Judaei,
1979 4874 2032 4917 ct
2056 4865 2198 4918 dice—

628 4946 759 4998 bant
779 4948 857 4999 ei:
886 4948 1177 5018 Quousque
1212 4952 1449 5004 animam
1486 4960 1723 5007 nostram
1753 4956 1932 5009 tollis?
1968 4956 2024 5007 Si
2061 4966 2114 5007 tu
2139 4971 2198 5008 es

626 5036 897 5104 Christus,
929 5040 1015 5095 dic
1063 5044 1218 5097 nobis
1242 5042 1439 5111 palam.
1508 5042 1806 5110 Respondit
1856 5046 1963 5100 illis
1992 5044 2147 5099 Jesus
2180 5058 2196 5097 :

626 5126 868 5182 Locutus
909 5142 1025 5181 sum
1054 5134 1230 5199 vobis,
1284 5146 1339 5189 et
1394 5152 1498 5189 non
1545 5136 1805 5190 creditis:
1867 5152 2029 5205 opera
2081 5151 2200 5203 qua?

627 5232 724 5288 ego
756 5218 895 5272 facio
927 5220 978 5271 in
1015 5224 1228 5277 nomine
1263 5226 1440 5282 Patris
1475 5228 1603 5293 mei,
1651 5228 1764 5283 hunc
1830 5229 2198 5281 testimonium

693 5402 739 5435 "
780 5402 921 5455 llelir

625 5472 646 5502 ⁸
679 5474 839 5526 llebr.
879 5490 937 5534 ll,
979 5472 1066 5525 14.
1144 5475 1163 5503 ⁴⁵
1202 5471 1356 5525 Joan.
1402 5491 1492 5526 un
1520 5516 1533 5537 ,
1576 5479 1666 5536 “28.

2299 3318 2549 3388 ὑψώσητε
2586 3321 2676 3373 τὸν
2702 3319 2828 3374 Υίὸν
2858 3318 2957 3371 τοῦ
2990 3318 3310 3389 ἀνθρώπου,
3332 3317 3451 3370 τότε
3481 3314 3751 3383 γνώσεσθε
3784 3314 3872 3370 ὅτι

2296 3412 2405 3481 ἐγώ
2444 3415 2578 3482 είμι.
2617 3431 2634 3463 ›
2671 3410 3018 3483 Ἐσταυρώοη
3064 3410 3161 3479 μὲν
3195 3411 3300 3477 γὰρ
3339 3406 3720 3477 ἀνθρωπίνως,
3771 3407 3871 3458 ἀν-

2297 3504 2427 3557 εϐίω
2454 3504 2511 3563 δὲ
2540 3504 2753 3567 θεῖκῶς·
2774 3505 2865 3556 κα)⁴
2898 3504 3252 3557 πεπίστευται
3278 3500 3365 3553 διὰ
3393 3500 3489 3569 τῆς
3521 3500 3876 3559 ἀναστάσεως

2296 3595 2376 3648 ὅτι
2410 3596 2505 3647 καὶ
2534 3594 2664 3657 Θεός
2709 3597 2845 3657 ἐστι,
2892 3593 2983 3646 καὶ
3016 3590 3150 3645 Θεοῦ
3194 3591 3313 3643 κατ’
3338 3588 3595 3657 ἀλήθειαν
3625 3587 3768 3649 Υίός,
3810 3589 3874 3642 El

2294 3686 2349 3739 δὲ
2383 3686 2738 3739 πεπίστευται
2774 3685 2910 3755 πρὸς
2958 3683 3112 3752 ἡμῶν
3155 3682 3252 3751 οὐχ
3292 3681 3367 3743 ὡς
3407 3680 3591 3749 ἕτερον
3628 3679 3874 3747 ἀναστή-

2298 3793 2415 3838 σας,
2438 3777 2804 3846 ἐγηγερμένος
2825 3774 2879 3825 δὲ
2910 3774 3103 3841 μᾶλλον
3128 3774 3287 3835 αὑτός
3305 3790 3316 3800 ·
3346 3770 3496 3823 πᾶσά
3521 3787 3635 3832 πως
3655 3769 3871 3840 ἀνάγκη

2296 3866 2384 3918 διὰ
2409 3866 2507 3937 τὴν
2537 3865 2847 3935 οἰκονομίαν
2875 3865 3006 3919 ἴδιον
3036 3864 3197 3916 αὑτοῦ
3227 3864 3387 3934 σῶμα
3412 3861 3648 3937 νοεῖσθαι
3675 3860 3734 3914 τὸ
3771 3878 3875 3915 πε-

2297 3936 2491 4019 πονθὸς
2535 3959 2626 4010 τὸν
2676 3958 2924 4011 θάνατον’
2971 3956 3057 4009 ἵνα
3092 3956 3185 4009 καὶ
3227 3956 3387 4016 αὐτδς
3434 3936 3728 4021 ἀναστῆναι
3775 3954 3873 4007 λέ-

2296 4066 2464 4118 γοιτο,
2507 4049 2682 4107 καίτοι
2708 4048 2806 4119 τὴν
2834 4048 2993 4117 φύσιν
3024 4046 3289 4109 ἀθάνατος
3314 4044 3391 4100 ὢν
3426 4046 3500 4108 ὠς
3529 4046 3680 4108 Θεός.
3720 4046 3876 4110 Ἐνὸς

2296 4144 2404 4216 γὰρ
2438 4142 2672 4215 Χριστοῦ
2701 4144 2795 4197 κοιλ⁵
2822 4141 2952 4195 Υίοῦ
2985 4142 3076 4195 τὸν
3110 4140 3337 4195 θάνατον
3386 4139 3873 4207 καταγγέλλοντες,

2299 4239 2393 4289 καὶ
2454 4234 2844 4312 ὁμολογοῦντες
2919 4233 3015 4301 τὴν
3106 4233 3443 4295 ἀνάστασιν,
3499 4226 3875 4312 ⁹δικαιούιηιεθα.

2297 4329 2384 4381 διὰ
2419 4304 2672 4389 πίστεως.
2715 4304 2922 4379 Οῦκοῦν
2960 4325 2987 4377 ὁ
3021 4324 3179 4387 αὐτὸς
3224 4325 3298 4387 ὡς
3336 4320 3415 4387 εἷς
3462 4304 3523 4375 τὲ
3568 4323 3660 4377 καὶ
3708 4326 3874 4393 μόνος

2300 4398 2579 4491 ὑπάρχων.
2607 4420 2839 4490 Χριστὸς
2876 4416 3109 4488 Ἰησοῦς,
3139 4416 3426 4470 ἀποθανεῖν
3456 4416 3559 4484 μὲν
3588 4414 3874 4484 ὀινθρωπί⁴

2300 4531 2407 4574 νως
2446 4511 2585 4564 κατά
2621 4511 2717 4582 τὴν
2770 4513 2946 4582 σάρκα
2976 4510 3220 4579 λέγεται,
3262 4500 3555 4579 ὲγηγέρθαι
3582 4508 3637 4561 δὲ
3674 4508 3870 4571 είκὸςι

2302 4604 2376 4667 ὡς
2406 4597 2539 4675 ζωή.

2376 4861 2475 4913 IE'.
2526 4879 2541 4908 ι
2580 4859 2895 4928 Προσῄεσάν
2928 4874 3059 4913 ποτε
3088 4858 3164 4929 τῷ
3201 4860 3419 4930 Χριστῷ
3465 4860 3712 4927 λέγοντες
3748 4859 3879 4911 Ἰου-

2303 4951 2459 5003 δαῖοι·
2487 4951 2632 5012 Ἕως
2662 4950 2792 5001 πότε
2818 4948 2914 5020 τὴν
2948 4948 3125 5021 ψυχὴν
3152 4951 3309 5021 ἡμῶν
3336 4953 3545 5021 αίρεις;
3573 4950 3634 5001 El.
3666 4950 3729 5001 σὺ
3770 4948 3826 5003 εἶ
3854 4954 3879 5002 ὀ

2301 5042 2564 5112 Χριστὸς,
2616 5042 2738 5093 είπὲ
2786 5041 2916 5111 ἡμῖν
2950 5043 3248 5113 παρρησίᾳ.
3288 5041 3585 5113 Ἀπεκρίθη
3620 5044 3807 5106 αὐτοῖς
3852 5046 3877 5096 ὁ

2314 5134 2553 5202 Ἰησοῦς”
2593 5129 2755 5189 Εἶπον
2791 5136 2936 5205 ὑμῖν,
2984 5136 3077 5188 καὶ
3115 5138 3176 5187 οὐ
3224 5134 3529 5188 πιστεύετε.
3577 5134 3657 5188 Τὰ
3704 5134 3873 5203 ἔργα,

2302 5229 2337 5281 ἂ
2365 5226 2475 5294 ἐγὼ
2508 5225 2643 5279 ποιῶ
2678 5228 2734 5281 ἐν
2770 5229 2847 5297 τῷ
2884 5228 3105 5298 ὀνόματι
3137 5227 3231 5294 τοῦ
3277 5228 3489 5299 Πατρός
3536 5244 3658 5299 μου,
3700 5226 3877 5279 ταῦτα

980 5416 1050 5478 {'13
1081 5400 1173 5478 24.
1212 5403 1287 5478 _’°
1321 5402 1471 5458 Joan.
1506 5424 1648 5469 χχιι,
1683 5409 1771 5464 26.
1847 5408 1916 5443 ⁹⁸”
1959 5409 2082 5478 Sap.
2127 5424 2165 5468 ι,

2342 5406 2388 5437 θ’
2430 5405 2585 5460 Joan.
2619 5423 2733 5470 \‘lll,
2766 5408 2853 5462 9.8.
2929 5409 2944 5440 ¹
2980 5406 3133 5463 Joan.
3178 5424 3229 5474 ι’,
3289 5410 3373 5464 18.
3451 5412 3471 5441 ¹
3499 5405 3655 5461 Joan.
3691 5421 3752 5473 ι,
3790 5408 3871 5468 55.

1734 5636 1900 5689 Varia:
1929 5638 2185 5692 lectiones
2214 5636 2414 5692 codicis
2458 5635 2811 5708 Seguieriuni.

694 5775 717 5805 ⁸
749 5764 1049 5825 θεσπέσιος.
1135 5769 1151 5801 ι
1187 5765 1405 5830 θεῐκώς.
