4092 6334
160 411 286 470 i555

962 412 1052 466 AD
1091 407 1390 467 REGiNAS
1431 410 1514 464 DE
1555 409 1780 465 RECTA
1820 408 1974 466 FIDE
2013 409 2270 466 ORATIO
2311 410 2607 466 ALTERA.

3248 408 3386 464 1354

161 523 428 596 μαρτυρεῖ,
463 521 592 592 περὶ
625 521 782 593 ἐμοῦ.
810 540 828 574 ι
862 523 926 575 Τί
965 524 1028 594 δὴ
1058 524 1164 594 ἄρα
1210 526 1315 576 κάν
1345 521 1518 594 τούτῳ
1549 522 1714 591 φασὶν

1821 522 2108 589 perhibent
2135 521 2202 577 de
2233 538 2317 578 me
2347 522 2392 576 ⁵.
2435 540 2452 573 ι
2487 520 2692 588 Ecquid
2746 519 2854 581 hic,
2889 532 3072 585 qust
3094 558 3108 578 ,
3175 481 3382 587 dicunt,

156 620 196 673 οί
230 615 552 688 διορίζοντες
593 615 822 686 ἀμαθῶς
858 617 935 678 εἰς
975 615 1107 669 υίῶν
1145 616 1337 677 δυάδα,
1370 617 1465 669 καὶ
1506 617 1586 678 είς
1622 613 1714 667 δύο

156 711 445 780 Χριστοὺς,
490 710 580 762 τὸν
629 710 727 762 ’ἐνα
768 709 968 780 Κύριον
1007 709 1212 780 Ἰησοῦν
1258 710 1531 780 Χριστόνς
1582 708 1717 778 Περὶ

155 805 281 864 τίνος
311 801 550 869 ἔφασκον
571 802 620 854 oi
653 801 896 856 Ἰουδαῖοι
915 817 926 830 ’
960 821 977 852 ι
1002 804 1063 854 Et
1093 804 1156 856 σὺ
1185 796 1237 854 εἶ
1261 806 1288 856 ό
1314 804 1565 874 Χριστὸς,
1593 801 1712 854 εἰπὲ

156 895 272 961 ἡμῖν
303 893 625 964 παῤῥησίᾳ;
660 911 677 943 ι
709 893 804 955 Τίς
829 892 884 945 δὲ
909 895 936 945 ὁ
962 893 1164 959 λέγων·
1199 913 1216 945 ι
1246 894 1328 946 Τὰ
1363 893 1517 964 ἔργα,
1548 893 1582 946 ἃ
1608 890 1718 959 ἐγὼ

156 983 280 1035 ποιῶ
316 984 374 1034 ἐν
409 982 487 1052 τῷ
527 983 749 1053 ὀνόματι
781 982 872 1036 τοῦ
928 985 1136 1054 Πατρός
1186 1002 1311 1053 μου,
1355 984 1526 1037 ταῦτα
1575 1000 1716 1054 μαρ-

155 1075 297 1143 τυρεῖ
333 1075 466 1144 περ)⁴
506 1073 675 1143 spei};
706 1094 725 1125 ι
761 1075 919 1138 Τίνος
951 1071 1088 1129 εἷναί
1126 1093 1309 1147 φαμεν
1341 1076 1470 1130 ίδιον
1498 1075 1716 1145 Πατέρα

154 1167 235 1217 τὸν
270 1165 440 1231 Θεόν;
488 1161 597 1234 ἆρα
646 1165 738 1219 τοῦ
775 1169 835 1219 ὲκ
871 1167 1127 1234 γυναικὸς
1175 1168 1279 1222 ἀνὰ
1331 1169 1497 1240 μέρος
1530 1186 1587 1222 τε
1627 1169 1718 1222 καὶ

157 1259 326 1320 ἱδικῶς
367 1259 660 1327 νοουμένου
680 1298 694 1321 ,
724 1260 755 1329 ἢ
789 1260 880 1312 τοῦ
919 1261 1290 1328 Μονογενοῦς;
1324 1263 1516 1317 Καίτοι
1547 1263 1608 1316 τὸ
1635 1262 1720 1316 δύ-

153 1349 333 1402 νασθαι
370 1349 670 1420 κατορθοῦν
707 1351 776 1403 τὰ
807 1351 905 1420 τῆς
939 1351 1192 1423 θεότητος
1224 1353 1382 1424 ἔργα,
1425 1354 1624 1424 πρέποι
1651 1353 1718 1407 ἂν

154 1441 239 1492 οὒκ
263 1439 583 1511 ἀνθρωπεία
607 1441 764 1508 φύσει
798 1444 988 1497 ποθέν·
1018 1445 1213 1498 πολλοῦ
1241 1464 1303 1514 γε
1343 1447 1471 1502 δεῖν.
1501 1446 1717 1518 Ἐπειδὴ

152 1532 198 1583 δὲ
228 1531 466 1603 ἐπλήρου
512 1534 744 1602 Χριστὸς
772 1535 842 1587 τὰ
870 1534 1007 1606 ἔργα
1047 1536 1144 1590 τοῦ
1195 1539 1440 1609 Πατρὸς,
1485 1543 1585 1593 οὐκ
1623 1541 1715 1594 ᾰνο

155 1621 358 1690 θρωπος
396 1621 461 1673 ἂν
495 1625 668 1674 νοοῖτο
709 1621 892 1691 ψιλὸς,
932 1624 1062 1687 Θεὸς
1096 1624 1151 1676 δὲ
1191 1627 1392 1695 μᾶλλον
1433 1629 1490 1679 ὲν
1522 1628 1717 1696 αἵματι

155 1711 234 1764 καὶ
266 1711 449 1782 σαρκὶ,
487 1711 814 1782 μεμενηκὼς
843 1710 980 1786 ὅπερ
1004 1711 1092 1785 ἦν.
1129 1718 1464 1788 Ἰσουργήσει
1495 1721 1602 1789 γὰρ
1629 1720 1719 1772 οῦ-

154 1820 247 1866 τως
292 1803 432 1870 ἔχων
461 1803 540 1871 τῷ
592 1804 706 1874 ίδίῳ
739 1807 779 1858 Γ
781 1808 1027 1878 εννήτορι
1052 1821 1067 1838 ⁶
1108 1807 1321 1861 καὶτὸν
1362 1809 1455 1862 τοῦ
1509 1828 1716 1880 μυστη-

1818 613 1910 681 qui
1961 628 2127 666 unum
2165 613 2450 666 Dominum
2504 624 2744 664 nostrum
2787 607 2970 663 Jcsum
3024 609 3298 663 Christum
3333 612 3383 664 iu

1817 705 1949 758 duos
1981 705 2142 769 tilios,
2173 703 2502 771 totidemque
2561 700 2810 754 Cbristos
2867 701 3027 754 stulte
3092 699 3387 753 divelluut?

1819 795 1892 848 De
1920 794 2229 849 utroJudaai
2272 795 2520 848 aiebant:
2583 812 2600 842 ι
2639 791 2693 844 Si
2755 800 2806 843 tu
2859 806 2917 845 es
2965 789 3234 854 Chrisms,
3295 792 3386 846 die

1819 886 1973 940 nobis
2009 887 2216 954 palam?
2241 905 2259 938 ι
2331 884 2460 940 liter
2495 898 2708 936 rursum
2774 881 2986 935 illormn
3018 881 3382 948 praedicabat:

1822 995 1841 1028 ι
1877 976 2052 1047 Opera
2083 993 2203 1047 quae
2241 993 2340 1046 ego
2373 975 2512 1030 facio
2569 974 2620 1027 in
2653 973 2874 1027 nomine
2903 971 3078 1026 Patris
3113 974 3236 1039 mei,
3295 973 3382 1026 illa

1819 1069 2189 1122 testimonium
2219 1067 2503 1136 perhibent
2531 1065 2594 1118 de
2631 1062 2750 1116 me?
2775 1081 2793 1113 ι
2831 1060 3017 1116 Utrius
3044 1062 3256 1116 tandem
3289 1062 3389 1116 Pa-

1818 1165 1952 1210 trem
1979 1157 2142 1212 Deum
2173 1171 2295 1214 esse
2342 1153 2678 1211 statuemus?
2708 1152 2895 1222 ejusne
2931 1153 3021 1222 qui
3055 1167 3120 1207 ex
3162 1151 3388 1206 muliere

1817 1260 1993 1303 ortum
2027 1250 2194 1312 ducit,
2251 1258 2309 1302 ut
2344 1263 2586 1303 seorsum
2622 1261 2718 1314 per
2747 1261 2805 1302 se
2838 1247 3020 1300 animo
3046 1244 3385 1313 concipitur,

1819 1357 1887 1396 an
1942 1356 2071 1396 vero
2125 1342 2296 1411 ipsius
2325 1340 2640 1410 Uuigeniti?
2686 1341 2846 1410 Atqui
2889 1339 3067 1393 divina
3115 1353 3277 1407 opera
3334 1338 3383 1391 vi

1819 1433 2032 1502 propria
2067 1441 2303 1502 patrare,
2333 1448 2420 1488 res
2446 1443 2527 1487 est
2547 1447 2664 1501 quae
2687 1432 2936 1486 humanae
2971 1441 3178 1484 natura:
3217 1429 3384 1494 vires,

1819 1525 2168 1593 ejusdemque
2215 1525 2529 1578 facultatem
2594 1524 2750 1592 longe
2802 1523 3135 1591 multmuque
3196 1519 3384 1573 vincit.

1821 1617 1954 1682 Quia
1976 1631 2102 1686 ergo
2127 1615 2372 1671 Christus
2401 1617 2586 1671 eadem
2614 1632 2733 1686 quae
2756 1614 2920 1670 Pater
2949 1628 3110 1683 opera
3141 1611 3391 1681 perficie-

1823 1713 1947 1774 bat,
1984 1712 2168 1779 utique
2200 1725 2304 1765 non
2329 1719 2445 1764 erat
2464 1720 2630 1779 purus
2679 1709 2864 1774 homo,
2921 1707 3013 1762 sed
3047 1707 3185 1760 Deus
3231 1721 3394 1760 carne

1823 1802 2156 1871 etsanguine
2182 1801 2430 1868 vestitus,
2459 1810 2519 1853 ut
2549 1799 2793 1870 profecto
2821 1806 3063 1852 maneret
3084 1797 3224 1865 quod
3248 1807 3392 1849 erat.

158 1895 259 1963 ρίου
308 1892 467 1961 λόγον
508 1899 975 1969 καταμωμήσαιτο
1023 1897 1088 1952 ἂν
1117 1900 1290 1964 οὐδεὶς
1332 1901 1439 1953 τῶν
1481 1877 1540 1954 εῦ
1589 1877 1721 1971 φρό-

1825 1893 1904 1947 Ad
1938 1897 2080 1948 hunc
2104 1907 2233 1962 ergo
2259 1892 2474 1948 modum
2525 1890 2776 1954 affectus,
2827 1890 2975 1958 paria
3005 1904 3126 1944 cum
3161 1904 3257 1943 suo
3288 1888 3395 1941 Ge-

155 1987 399 2046 νούντων.

212 2251 328 2318 IG”.
355 2268 374 2301 ι
396 2250 470 2303 Τὸ
491 2249 548 2303 δὲ
576 2250 787 2304 παιδίον
815 2249 1036 2322 ηὔξανε,
1064 2252 1159 2304 καὶ
1187 2248 1542 2321 ἐκραταιοῦτο
1557 2249 1721 2302 πνεύ-

155 2358 270 2410 ματι
293 2382 308 2405 ,
361 2341 736 2411 πληρούμενον
771 2343 960 2411 σοφίας
984 2359 999 2375 ·
1033 2344 1126 2396 καὶ
1163 2342 1320 2414 χάρις
1363 2341 1494 2394 Θεοῦ
1526 2337 1592 2410 ἦν
1634 2342 1720 2394 ἐπ’

152 2433 344 2504 αὐτῷ.»
380 2435 489 2487 Καὶ
519 2435 711 2488 πάλιν·
745 2452 763 2486 ι
795 2434 1000 2505 Ἰησοῦς
1038 2435 1372 2506 προέκοπτεν
1407 2433 1595 2505 ἡλικίᾳ
1630 2434 1723 2487 καὶ

153 2527 302 2598 σοφίᾳ
326 2527 425 2580 καὶ
448 2527 629 2596 χάριτι
655 2527 808 2598 παρὰ
829 2526 949 2598 Θεῷ
974 2528 1068 2580 καὶ
1094 2526 1448 2596 ἀνθρώποις.»
1479 2527 1614 2579 Ἕνα
1639 2526 1722 2578 λέ-

151 2635 324 2684 γοντες
357 2619 447 2671 τὸν
479 2619 680 2690 Κύριον
708 2620 865 2689 ἡμῶν
900 2619 1103 2688 Ἰησοῦν
1139 2620 1392 2690 Χριστὸν,
1437 2619 1530 2672 καὶ
1581 2619 1726 2689 αὑτῴ

150 2709 538 2778 προσνέμοντες
579 2710 649 2761 τά
686 2726 744 2760 τε
785 2709 1099 2778 ἀνθρώπινα
1129 2713 1222 2762 καὶ⁵
1272 2709 1581 2776 θεοπρεπῆ,
1613 2712 1725 2772 τοῖς

154 2798 241 2867 μὲν
286 2800 391 2869 τῆς
445 2788 726 2862 κενώσεως
776 2801 993 2870 μέτροις
1022 2800 1252 2870 πρέπειν
1299 2801 1513 2869 ἀληθῶς
1542 2801 1723 2854 διαδε-

153 2887 446 2958 ϐαιούμεθα
474 2887 532 2940 τό
554 2905 615 2941 τε
637 2887 734 2960 τὴν
764 2890 1080 2959 σωματικὴν
1100 2888 1325 2960 αὔξησιν
1355 2891 1721 2959 ἐπιδέχεσθαι,

152 2979 234 3030 καὶ
281 2979 391 3049 μὴν
448 2979 539 3032 καὶ
582 2979 644 3031 τὸ
693 2978 1114 3049 κραταιοῦσθαι,
1167 2981 1276 3033 τῶν
1329 2981 1423 3033 τοῦ
1474 2983 1724 3050 σώματος

151 3072 522 3143 ἁόρυνομένων
565 3073 768 3144 μορίων
809 3073 953 3127 κατὰ
1013 3073 1185 3145 βραχύ
1212 3089 1225 3103 °
1266 3076 1360 3128 καὶ
1393 3075 1525 3129 αὐτὸ
1563 3076 1618 3129 δὲ
1663 3077 1724 3130 τὸ

151 3163 313 3217 δοκεῖν
366 3164 707 3235 πληροῦσθαι
757 3165 984 3236 σοφίας,
1040 3167 1128 3221 διά
1171 3183 1233 3235 γε
1267 3165 1329 3220 τὸ
1372 3168 1534 3220 οἱονεὶ⁸
1584 3168 1720 3239 πρὸς
1749 3203 1793 3265 c

150 3261 381 3314 ἐπίδοσιν
415 3265 480 3331 τῇ
509 3261 602 3314 τοῦ
633 3260 880 3332 σώματος
913 3262 1100 3333 ἡλικίᾳ
1136 3263 1593 3334 πρεπωδεστάτην
1623 3265 1719 3334 τῆς

151 3354 373 3423 ἐνούσης
442 3353 590 3422 αὐτῷ
652 3354 840 3420 σοφίας
911 3355 1208 3425 ἀναφοιτᾷν
1262 3355 1358 3426 τὴν
1419 3355 1716 3424 ἕκφανσιν·

151 3449 233 3498 καὶ
263 3445 425 3498 ταυτὶ
463 3446 578 3514 μὲν,
611 3444 684 3506 ὡς
726 3445 880 3515 ἔφην,
911 3449 976 3516 τῇ
1030 3445 1166 3516 μετὰ
1202 3447 1400 3517 σαρκὸς
1440 3447 1720 3518 οἰκονομίᾳ

151 3536 345 3605 πρέποι
383 3519 468 3601 έιν,
501 3536 594 3588 καὶ
634 3536 746 3597 τοῖς
788 3537 887 3604 τῆς
918 3537 1165 3604 ὑφέσεως
1194 3537 1431 3607 μέτροις.
1462 3539 1540 3608 Τῇ
1571 3538 1627 3590 δέ
1656 3555 1719 3605 γε

151 3629 300 3698 φύσει
323 3628 414 3682 τοῦ
432 3628 604 3696 Λόγου
629 3629 828 3700 πρέποι
853 3629 916 3681 ἂν
941 3629 1101 3681 πάλιν
1122 3629 1182 3681 τὸ
1205 3630 1291 3681 ἀεὶ
1311 3629 1530 3691 τελείως
1552 3630 1716 3700 ἔχειν,

150 3723 234 3775 καί
272 3722 416 3775 εἶναι
467 3712 676 3791 σοφίαν.
706 3720 878 3774 Αὐτοῦ
927 3719 1213 3792 τοιγαροῦν
1263 3721 1616 3791 ἀνθρωπίνως
1659 3722 1720 3773 τὸ

149 3812 214 3876 ὡς
247 3815 307 3866 ἐν
337 3812 562 3866 κενώσει
589 3812 749 3882 τυχὸν
783 3812 1099 3881 ὑφειμένον·
1133 3811 1296 3864 αὑτοῦ
1329 3812 1386 3864 δὲ
1419 3813 1618 3881 ὁμοίως
1652 3812 1720 3865 τὰ

152 3903 447 3974 θεοπρεπῆ,
477 3904 689 3967 θεῖκῶς.
734 3907 774 3957 0
804 3905 911 3973 γάρ
941 3921 1002 3957 το
1051 3905 1145 3974 τῆς
1185 3904 1320 3974 μετὰ
1343 3904 1544 3973 σαρκὸς
1576 3905 1719 3956 οίκοο

150 3994 337 4064 νομίας
369 3995 569 4066 τρόπος
602 4011 662 4045 τε
708 3994 801 4045 καὶ
846 3994 1000 4060 λόγος
1049 3991 1186 4045 οἶδεν
1220 3995 1347 4046 ὄντα
1395 3995 1555 4046 αὑτὸν
1598 3994 1718 4046 καθ’

148 4088 308 4156 ἡμᾶς,
341 4088 436 4140 καὶ
465 4087 602 4156 ὑπὲρ
636 4087 801 4156 ἡμᾶς.
821 4085 1184 4155 ’Υπερέχοντα
1218 4087 1314 4152 μὲν
1342 4085 1449 4136 τῶν
1479 4087 1574 4153 τῆς
1609 4086 1720 4137 κτί-

151 4193 278 4242 σεως
311 4179 524 4249 μέτρων
558 4177 632 4240 ὡς
660 4177 816 4229 Θεόνο
847 4175 1040 4228 ἑαυτοῦ
1073 4177 1130 4228 δέ
1161 4194 1273 4239 πως
1310 4177 1592 4246 μονονουχὶ
1626 4179 1718 4229 καὶ

149 4269 478 4340 ἡττώμενον,
508 4269 643 4323 καθὸ
677 4269 918 4340 πέφηνεν
946 4269 1250 4341 ἄνθρωπος.
1280 4271 1388 4322 Ποῦ
1419 4272 1524 4340 γὰρ
1555 4273 1585 4339 ἡ
1621 4288 1716 4323 τα·

149 4362 421 4424 πείνωπις,
465 4363 532 4432 ἢν
578 4362 864 4431 ὑπέμεινεν
897 4361 1055 4427 ἑκὼν,
1087 4364 1136 4414 εί
1167 4365 1481 4432 παραιτοῖτο
1514 4362 1581 4414 τὰ
1621 4363 1716 4415 ἀν-

149 4450 430 4521 Θρώπινα;
475 4455 621 4523 Πλὴν
661 4454 760 4507 οὐκ
799 4457 856 4506 ὲν
893 4456 1075 4518 αὐτοῖς
1111 4455 1142 4524 ἡ
1194 4454 1286 4508 τοῦ
1321 4453 1481 4522 λόγου
1518 4457 1716 4507 νοεῖται

1826 1985 1997 2036 nitore
2025 1983 2298 2051 praestabit
2330 2000 2344 2036 :
2387 1983 2737 2052 mysteriique
2759 1980 2919 2050 hujus
2943 1980 3082 2034 ratio
3119 1981 3188 2033 ita
3219 1981 3393 2049 expli-

1824 2085 1965 2139 cata,
2003 2075 2431 2144 reprehensione
2491 2073 2634 2144 apud
2695 2087 2842 2128 sanas
2902 2073 3098 2128 mentis
3148 2073 3396 2127 homines

1823 2177 1996 2220 νοροι.

1893 2256 2032 2312 XVI.
2081 2278 2099 2310 ι
2146 2257 2287 2311 Puer
2309 2267 2490 2311 autem
2521 2256 2824 2320 crescebat,
2879 2265 2932 2309 et
2980 2257 3396 2310 contorlabatur

1823 2347 2046 2414 spiritu,
2103 2350 2293 2417 plenus
2345 2349 2650 2416 sapientia;
2699 2356 2755 2401 et
2801 2348 2974 2415 gratia
3022 2345 3112 2400 Dei
3169 2355 3287 2400 erat
3339 2347 3392 2399 in

1828 2441 1989 2508 illo';
2027 2459 2045 2493 ι
2082 2451 2138 2494 et
2175 2439 2314 2495 infra
2349 2457 2360 2492 :
2402 2457 2420 2490 ι
2457 2437 2614 2493 Jesus
2666 2437 2980 2508 proficiebat
3023 2439 3286 2505 sapientia
3335 2448 3392 2491 et

1827 2544 1986 2589 attate
2014 2533 2256 2602 etgratia
2291 2531 2430 2602 apud
2465 2532 2630 2585 Deum
2659 2541 2713 2585 et
2745 2531 3080 2586 bomiues'.)
3110 2532 3394 2585 Dominum

1826 2635 2068 2680 nostrum
2093 2625 2275 2681 Jesum
2308 2625 2584 2681 Christum
2630 2637 2796 2677 unum
2849 2623 3071 2677 omnino
3103 2637 3221 2676 esse
3252 2621 3396 2675 aliir-

1825 2727 2056 2777 mantes,
2089 2719 2434 2785 humanaque
2459 2729 2522 2768 ac
2554 2715 2732 2768 divina
2765 2729 2831 2780 ex
2887 2729 3042 2782 aequo
3093 2714 3269 2767 cidem
3297 2713 3394 2766 tri-

1824 2803 2070 2870 buentes,
2103 2805 2460 2859 exiuanitioni
2496 2805 2713 2874 quidem
2767 2819 2894 2858 vere
2923 2806 3212 2858 convenire
3244 2819 3395 2858 asse-

1825 2897 1994 2952 rimus
2018 2913 2138 2952 cum
2167 2898 2410 2965 corporei
2448 2897 2766 2951 incrementi
2819 2898 3240 2965 susceptionem,
3277 2907 3388 2950 tum

1825 2990 2264 3058 corpulentarum
2288 3004 2502 3059 quoque
2531 2989 2763 3056 partium
2807 2989 3171 3042 successivam
3204 3003 3395 3042 conso-

1825 3083 2136 3137 lidationem
2162 3091 2216 3136 et
2251 3080 2751 3142 confirmationem;
2797 3089 2906 3132 tum
2941 3080 3040 3134 hoc
3091 3079 3262 3146 ipsum
3302 3079 3394 3134 de-

1827 3174 2008 3243 nique,
2043 3173 2185 3242 quod
2221 3172 2485 3241 sapientia
2533 3168 2740 3238 impleri
2797 3169 3107 3224 videretur:
3145 3168 3394 3238 quando-

1823 3268 2038 3335 quidem
2066 3280 2171 3318 uua
2193 3280 2313 3319 cum
2340 3265 2673 3317 incremento
2701 3261 2945 3331 corporis
2969 3276 3064 3330 per
3088 3276 3394 3331 congruen-

1823 3366 1904 3412 tes
1927 3358 2090 3412 veluti
2134 3370 2472 3426 progressus,
2519 3355 2783 3422 sapientia
2831 3354 2972 3407 illius
3012 3355 3251 3423 quotidie
3282 3369 3395 3406 ma.

1821 3451 1904 3520 gis
1949 3452 2228 3519 magisque
2260 3448 2391 3501 foris
2427 3462 2546 3501 sese
2568 3447 2850 3514 prodebat.
2887 3445 2950 3498 Et
2983 3446 3096 3500 haec
3144 3446 3394 3514 quidem,

1822 3552 1882 3595 ut
1914 3541 2045 3604 dixi,
2073 3542 2252 3594 carnis
2281 3541 2694 3610 dispensationi,
2739 3541 2897 3611 139
2957 3549 3010 3593 et
3068 3541 3395 3596 Immiliatio-

1825 3635 1910 3688 nis
1961 3633 2256 3687 conditioni
2311 3634 2706 3703 competebant.
2755 3636 2824 3686 At
2894 3647 3021 3686 vero
3075 3644 3389 3700 perpetuam

1819 3736 2273 3796 Constantemque
2305 3726 2691 3794 perfectionem
2732 3726 2999 3788 obtinere,
3041 3742 3249 3780 necnon
3302 3742 3392 3780 sa-

1822 3820 2076 3890 pientiam
2138 3834 2280 3884 esse,
2311 3821 2362 3873 id
2418 3822 2470 3872 in
2507 3819 2676 3888 ipsius
2726 3817 2889 3873 Verbi
2945 3830 3193 3875 naturam
3258 3836 3386 3888 qua«

1822 3915 1960 3968 drat.
1997 3912 2126 3965 Tam
2161 3928 2221 3967 ea
2260 3913 2423 3982 igitur
2457 3913 2598 3966 illius
2631 3921 2754 3966 sunt
2787 3927 2906 3981 qua:
2960 3915 3024 3966 ad
3059 3913 3389 3966 exinanitio-

1822 4020 1943 4058 nem
1979 4005 2266 4071 pertinent,
2294 4020 2455 4072 quam
2513 4020 2579 4057 ea
2643 4018 2884 4068 rursum,
2932 4019 3050 4071 qum
3090 4005 3153 4057 ad
3195 4005 3393 4060 divina:

1822 4108 2026 4152 naturae
2055 4099 2426 4151 excellentiam
2454 4105 2720 4166 spectant.
2756 4098 2965 4151 Etenim
2999 4100 3133 4151 ratio
3165 4103 3388 4155 ηιοιΙιιει-

1821 4205 1926 4260 que
1989 4190 2404 4258 dispensationis
2460 4205 2581 4242 eum
2632 4205 2794 4244 carne
2829 4194 3077 4249 eumdem
3133 4202 3184 4247 et
3235 4195 3388 4247 nobis

1820 4287 2073 4349 similem,
2131 4294 2184 4341 et
2238 4287 2390 4340 nobis
2450 4302 2664 4341 rursum
2731 4285 3062 4354 superiorem
3120 4289 3385 4352 agnoscit.

1819 4377 2276 4444 Quemadmodum
2301 4378 2448 4430 enim
2479 4380 2651 4432 omnis
2692 4389 2954 4432 creatura:
3019 4378 3384 4434 conditionem

1822 4468 2003 4522 multis
2046 4469 2290 4535 partibus
2334 4467 2547 4521 excellit
2581 4477 2640 4521 ut
2677 4467 2847 4531 Deus;
2890 4469 2960 4520 ita
2991 4477 3048 4520 ut
3100 4469 3259 4521 homo
3295 4485 3386 4522 se-

149 4544 331 4608 φύσις,
375 4545 670 4596 οἰκειοῦται
709 4546 765 4597 δὲ
819 4545 1018 4613 μᾶλλον
1071 4548 1209 4599 αὐτὰ
1261 4548 1395 4615 μετὰ
1429 4546 1526 4614 τῆς
1580 4548 1712 4608 ίδίας

1821 4562 2044 4628 metipso
2076 4561 2471 4626 quodammodo
2495 4559 2670 4612 minor
2687 4559 2922 4613 exsistit.
2943 4557 3211 4623 Quorsum
3238 4561 3380 4613 cnim

149 4633 372 4703 σαρκός·
404 4633 653 4702 καθάπερ
699 4635 889 4697 ἀμέλει
923 4637 1017 4686 καὶ
1058 4638 1118 4687 τὸ
1162 4641 1351 4704 πεινῇν
1401 4640 1493 4688 καὶ
1529 4637 1706 4705 διψῆν,

148 4725 242 4776 καὶ·
256 4722 320 4775 τὸ
349 4721 599 4788 λέγεσθαι
627 4725 821 4790 καμεῖν
853 4726 916 4775 ὲκ
944 4724 1043 4790 τῆς
1067 4726 1390 4795 ὁδοιπορίας.
1422 4727 1589 4777 Ὅταν
1619 4725 1712 4780 οὖν

150 4819 348 4889 ἀκούῃς
376 4833 388 4842 ·
428 4834 446 4867 ι
476 4816 548 4867 Τὸ
585 4814 642 4867 δὲ
691 4815 898 4866 παιδίον
945 4814 1178 4882 ηὔξανε,
1223 4817 1314 4868 καὶ
1357 4817 1714 4884 ἐκραταιοῦτο

149 4909 433 4980 πνεύματι,
466 4906 836 4977 πληρούμενον
867 4903 1083 4972 σοφίας·
1121 4925 1137 4952 ι
1171 4905 1322 4974 δέχου
1354 4908 1484 4976 πρὸς
1519 4908 1708 4962 ἀπολο-

148 5003 260 5069 γίαν
293 5004 393 5073 τῆς
427 5001 563 5070 μετὰ
593 4997 789 5070 σαρκὴς
815 4997 1123 5065 οἰκονομίας
1151 5000 1212 5050 τὸ
1242 5001 1557 5068 μυστήριον.
1587 5000 1710 5053 Ὅτι

147 5095 246 5162 γὰρ
277 5091 348 5162 ἦν
389 5093 522 5155 Θεὸς
560 5095 616 5145 ὲν
652 5093 848 5163 σαρκὶ,
885 5089 1214 5142 πιστώσεται
1261 5092 1430 5160 λέγων
1490 5096 1648 5158 αὐτὸς
1689 5098 1715 5147 ό

152 5186 412 5254 μακάριος
456 5186 844 5253 εὐαγγελιστής
872 5203 885 5217 ·
930 5204 946 5235 ι
980 5184 1097 5236 Ὀτι
1149 5184 1303 5253 χάρις
1342 5185 1577 5257 Θεοῦῆν
1623 5190 1713 5241 ἐπ’

149 5275 310 5343 αὐτῷ.
338 5295 354 5324 ι
385 5277 459 5327 Οὐ
490 5278 597 5347 γὰρ
625 5279 696 5341 ὡς
729 5279 884 5346 χάριν
914 5278 1032 5348 ἕχον
1061 5277 1186 5348 παρ’
1211 5277 1398 5346 ἑτέρου
1426 5279 1580 5344 Θεοῦ,
1617 5283 1714 5348 χά-

153 5383 224 5430 ριν
263 5367 410 5435 ἔχειν
439 5369 655 5435 λέγεται
689 5371 844 5432 Θεοῦ,
876 5372 987 5423 ἀλλ’
1015 5373 1095 5424 ὅτι
1135 5371 1292 5439 χάριν
1338 5365 1449 5439 εἶχε
1491 5372 1550 5423 τὸ
1582 5391 1710 5424 παι-

149 5456 272 5518 δίον,
303 5456 448 5523 ῆπερ
478 5455 542 5505 ἂν
576 5457 760 5528 πρέπῃ
799 5459 935 5528 Θεῷ.
968 5455 1081 5512 Καὶ
1111 5461 1218 5527 γὰρ
1261 5453 1327 5528 ἦν
1361 5477 1416 5510 τε
1455 5463 1546 5513 καὶ
1595 5462 1708 5515 ἔστι

149 5545 267 5607 Θεὸς
295 5547 323 5597 ὁ
351 5546 544 5608 Λόγος,
579 5547 673 5598 καὶ
703 5550 758 5598 ἐν
799 5553 961 5619 σαρκὶ
999 5548 1275 5619 πεφηνὼς,
1312 5553 1591 5605 τουτέστιν
1620 5556 1711 5606 ἄν-

151 5635 355 5709 θρωπος
391 5636 510 5687 καθ’
542 5638 705 5705 ἡμᾶς.
759 5641 816 5690 Et
866 5641 919 5692 δὲ
968 5642 1030 5712 δὴ
1079 5643 1286 5709 λέγοιτο
1338 5644 1496 5713 χάριν
1542 5647 1705 5715 ἔχειν,

214 5813 235 5846 ³
267 5811 426 5869 Joan.
481 5824 531 5872 χ,
584 5807 674 5872 24,
722 5807 813 5862 25.
889 5812 909 5841 ⁸
944 5814 1071 5868 Luc.
1105 5833 1163 5881 rt,
1205 5817 1293 5874 40.
1371 5821 1388 5850 ⁷
1424 5821 1553 5876 ibid.
1609 5824 1696 5878 52.

458 5902 728 5966 PA'mOL.
775 5906 884 5966 Gn.
934 5907 1184 5969 LXXVI.

1819 4651 2139 4712 humiliatio,
2174 4651 2224 4702 in
2262 4666 2420 4718 quam
2452 4651 2589 4704 ultro
2614 4666 2673 4704 se
2699 4651 2936 4716 demisit,
2972 4653 3014 4706 si
3050 4667 3167 4718 qum
3197 4653 3386 4704 Imma-

1816 4757 1897 4794 nre
1925 4751 2128 4795 natura:
2158 4751 2283 4794 sunt
2319 4743 2532 4808 propria
2561 4759 2665 4797 non
2709 4745 2990 4812 agnoscit?
3051 4744 3161 4796 Non
3206 4753 3384 4797 tamen

1816 4831 1868 4884 iu
1902 4831 2358 4901 ipsisagnoscitur
2391 4831 2548 4888 Verbi
2601 4843 2830 4899 natura;
2897 4837 2989 4888 sed
3047 4834 3224 4900 potius
3278 4852 3381 4888 uua

1817 4937 1937 4978 Cum
1967 4926 2178 4994 propria
2200 4941 2362 4978 carne
2398 4941 2457 4980 ea
2482 4928 2658 4980 omnia
2690 4928 2788 4979 sibi
2833 4927 3045 4987 ascivit,
3075 4926 3380 4995 cuiusmodi

1822 5027 1968 5079 sunt,
1993 5018 2218 5079 esurire,
2256 5018 2425 5083 sitire,
2449 5027 2501 5071 et
2538 5017 2748 5070 itineris
2781 5017 2963 5070 labore
2999 5017 3198 5088 frangi.
3243 5020 3376 5074 Cum

1825 5111 1984 5179 igitur
2018 5109 2172 5160 audis
2206 5129 2216 5161 :
2257 5127 2274 5157 ι
2309 5109 2446 5161 Puer
2477 5118 2653 5162 autem
2687 5113 2989 5176 crescebat,
3020 5122 3070 5171 et
3101 5114 3379 5168 conforta—

1820 5199 1975 5252 batur
2031 5197 2239 5263 spiritu,
2308 5197 2492 5263 plenus
2540 5200 2839 5266 sapientia;
2894 5221 2911 5251 ι
2971 5205 3386 5272 dispensationis

1822 5303 1942 5342 cum
1991 5301 2152 5337 carne
2179 5288 2492 5353 mysterium
2522 5288 2570 5338 in
2605 5304 2778 5342 causa:
2828 5293 3188 5357 patrocinium
3226 5310 3382 5347 assu-

1823 5393 1924 5431 me.
1950 5375 2099 5442 Quod
2129 5387 2305 5428 autcm
2339 5378 2473 5430 Deus
2505 5390 2615 5430 erat
2645 5380 2697 5432 in
2725 5397 2908 5446 carne,
2969 5384 3016 5432 id
3049 5385 3385 5452 evangelista

1821 5470 1917 5520 bac
1950 5467 2156 5518 ratione
2191 5467 2474 5520 confirmat
2505 5486 2518 5522 :
2567 5488 2583 5520 ι
2621 5470 2904 5536 Quoniam,
2968 5473 3165 5537 inquit,
3198 5478 3374 5541 gratia

1822 5559 1911 5610 Dei
1945 5567 2058 5610 erat
2092 5558 2140 5608 iu
2170 5557 2277 5613 illo.
2309 5578 2325 5609 ι
2368 5559 2475 5614 Nee
2501 5563 2642 5614 enim
2665 5565 2754 5616 Dei
2791 5566 3015 5628 gratiam
3073 5564 3275 5620 habere
3298 5568 3380 5619 di-

1821 5650 1958 5701 citur
1987 5688 2000 5713 ,
2030 5651 2182 5717 quasi
2213 5651 2277 5705 ab
2299 5654 2401 5706 alio
2436 5654 2540 5707 Deo
2573 5655 2713 5707 illam
2751 5664 3023 5710 mutuatus
3077 5655 3258 5722 fuerit,
3287 5659 3382 5714 sed

2916 5923 2988 5983 43
