4092 6334
697 397 832 452 4555

1678 397 1735 447 S.
1783 389 2055 448 CYRILLI
2093 388 2557 446 ALEXANDRINI
2597 387 2911 444 ARCHIEP.

3795 390 3941 446 1356

691 518 856 584 quod.
893 529 1011 569 cum
1043 527 1174 584 puer
1197 523 1358 579 esset,
1383 513 1646 582 ejusmodi
1669 513 1840 582 gratia
1863 519 2087 565 ornatus
2117 521 2253 572 erat,

2363 511 2522 579 ῆγουν
2569 508 2898 576 προκόπτειν
2944 509 2998 560 ὲν
3034 510 3211 580 χάριτι
3248 511 3395 581 παρά
3439 529 3495 563 τε
3532 511 3648 580 Θεῷ
3697 511 3790 563 καὶ
3823 511 3941 562 ἀνο

691 623 792 675 qua
848 607 1008 660 Deum
1065 606 1329 660 decebat:
1371 603 1801 672 quandoquidem
1846 603 1986 656 Deus
2027 601 2258 656 Verbum

690 708 826 758 erat,
856 709 908 750 et
944 708 1047 760 est,
1086 698 1300 751 etiamsi
1335 697 1386 748 in
1416 710 1578 749 carne
1609 696 1940 761 apparuerit,
1995 693 2260 760 nobisque

689 788 884 840 similis
911 789 1133 840 eﬂ'ectus
1191 788 1280 839 sit.
1308 785 1450 838 Nihil
1486 784 1706 852 proinde
1734 785 1971 847 absurdi,
2003 791 2142 834 auta
2180 795 2265 832 ra-

687 878 832 932 tione
863 878 1095 931 alienum
1124 878 1406 939 asseritur,
1456 877 1500 929 si
1546 877 1710 930 etiam
1763 875 1995 944 gratiam
2043 873 2268 934 habere,

2367 599 2634 670 θρώποις,
2683 599 2742 652 τὸ
2789 601 3011 662 ἀπεικὸς
3041 601 3190 653 οὐδέν
3217 618 3230 633 ο
3263 603 3310 653 εί
3360 603 3452 655 καὶ
3495 603 3654 664 αὐτὸς
3681 603 3710 652 ὁ
3744 601 3941 670 Πατὴρ

2361 689 2655 757 ἀπεδέχετο
2683 689 2780 758 τὴν
2813 691 3143 758 οἰκονομίαν,
3179 692 3274 744 καὶ
3303 693 3466 744 αὐτὸν
3490 693 3544 744 δὲ
3579 691 3668 743 τὴν
3701 691 3828 743 Υίὸν
3858 694 3942 742 oi-

2357 779 2677 847 κειούμενον
2706 778 2772 830 τὰ
2804 780 3061 848 σαρκικὰ,
3088 780 3179 833 διὰ
3207 782 3270 834 τὸ
3295 781 3371 850 τῷ
3403 781 3684 852 μυστηρίῳ
3721 782 3942 851 πρέπον

2362 887 2421 922 τε
2451 870 2586 938 ὁμοῦ
2619 871 2713 922 καὶ
2743 871 2802 921 τὸ
2835 873 3120 942 χρήσιμον.

687 972 784 1024 hoc
817 982 899 1024 est
935 971 1108 1040 gratia
1136 973 1270 1039 apud
1296 972 1458 1024 Deum
1494 980 1545 1024 et
1576 971 1818 1024 homines
1879 969 2139 1037 prolicere
2187 966 2430 1019 dicatur:
2483 980 2604 1018 nam
2648 968 2759 1032 ipse
2797 966 2955 1018 Pater
3022 977 3129 1020 tam
3181 966 3353 1035 ipsam
3408 969 3590 1022 carnis
3645 969 3944 1037 dispensa-

689 1066 908 1128 tionem,
935 1079 1092 1132 quam
1124 1064 1297 1132 ipsum
1326 1064 1486 1116 etiam
1521 1062 1714 1115 Filium
1755 1077 1875 1130 qure-
1927 1060 2108 1114 carnis
2174 1069 2298 1112 sunt
2335 1059 2574 1126 pr0pria,
2609 1066 2824 1128 propter
2889 1059 3170 1113 utilitatem
3215 1059 3566 1129 ntysteriique
3616 1062 3945 1114 convenien-

688 1160 816 1210 tiam
850 1158 949 1209 sibi
984 1158 1355 1221 asciscentetn,
1384 1167 1601 1224 accepta
1628 1157 1874 1210 habebat.

757 1247 914 1300 XVII.
945 1266 962 1298 ι
991 1249 1063 1301 De
1082 1251 1166 1302 die
1187 1259 1363 1302 autem
1390 1250 1476 1302 illa
1501 1259 1554 1303 et
1586 1251 1716 1303 hora
1750 1265 1906 1303 nemo
1932 1251 2054 1315 scit,
2075 1262 2249 1316 neque

687 1341 860 1406 angeli
898 1340 1180 1403 caelorum,
1210 1355 1384 1408 neque
1410 1340 1598 1406 Filius,
1630 1341 1730 1394 nisi
1768 1341 1916 1395 solus
1943 1340 2104 1393 Pater
2143 1341 2184 1393 ⁸.
2226 1359 2245 1391 ι

688 1433 742 1485 Si
776 1432 1053 1486 Christum
1091 1448 1253 1485 unum
1289 1434 1579 1502 (objiciunt
1611 1435 1729 1503 illi),
1753 1435 1853 1489 hoc
1888 1444 1969 1488 est
2001 1435 2092 1487 Dei
2118 1433 2253 1487 Ver-

687 1526 812 1576 bum
873 1524 1240 1586 incarnatum,
1293 1525 1345 1576 id
1404 1537 1487 1578 est
1554 1527 1826 1579 hominem
1877 1525 2082 1579 factum
2132 1538 2254 1580 esse

687 1623 842 1667 certo
882 1617 1144 1682 statuitis,
1196 1616 1471 1683 quomodo
1509 1617 1552 1669 is
1584 1616 2078 1670 consummationis
2108 1617 2250 1670 diem

687 1706 1007 1776 ignoravit?
1063 1706 1474 1776 Respondemus
1542 1709 1848 1764 divinorum
1917 1719 2250 1762 secretorum

2432 1249 2528 1302 IZ'.
2573 1266 2592 1298 ι
2621 1246 2756 1316 Περὶ
2785 1245 2840 1297 δὲ
2867 1245 2965 1314 τῆς
2995 1245 3211 1315 ἡμέρας
3252 1244 3468 1314 ἐκείνης
3515 1244 3608 1296 καὶ
3650 1244 3750 1314 τῆς
3785 1244 3943 1314 ὧρας

2360 1339 2533 1400 οὐδεὶς
2578 1334 2737 1401 οἶδεν,
2781 1336 2922 1390 οὕτε.
2947 1340 2995 1389 οἱ
3035 1338 3257 1405 ἄγγελοι
3297 1337 3406 1390 τῶν
3432 1337 3696 1409 οὐρανῶν,
3733 1336 3858 1390 οὔτε
3911 1339 3943 1388 ὁ

2361 1431 2510 1494 Υἱὸς,
2545 1431 2592 1480 εί
2626 1429 2697 1499 μὴ
2729 1432 2755 1481 ὁ
2790 1430 2995 1499 Πατήρ.
3024 1447 3041 1479 ι
3076 1431 3137 1482 El
3177 1430 3412 1498 Χριστὸν
3439 1429 3554 1491 ἕνα,
3590 1429 3777 1496 φασὶν,
3799 1433 3939 1498 ὀμο-

2359 1523 2539 1590 λογείν
2598 1519 2874 1587 ἐγνώκατε
2928 1521 3018 1572 τὸν
3069 1520 3205 1573 Θεοῦ
3257 1521 3426 1588 Λόγον
3491 1522 3945 1590 σεσαρκωμένον,

2358 1615 2524 1684 ἧγουν
2573 1611 3057 1682 ένηνθρωπηκὸτα,
3091 1613 3207 1673 πῶς
3258 1611 3492 1679 ἠγνόησε
3523 1611 3619 1682 τὴν
3667 1616 3764 1678 τῆς
3806 1629 3944 1662 συν-

2358 1703 2570 1765 τελείας
2599 1701 2847 1772 ἡμέραν;
2878 1701 3060 1770 Φαμὲν
3089 1697 3201 1765 οὖν,
3247 1689 3326 1753 ὅτι
3358 1701 3417 1754 τὸ
3463 1703 3724 1770 ἀγνοῆσαι
3769 1701 3942 1770 τυχὸν

687 1800 1078 1866 ignorationem
1149 1813 1321 1867 neque
1381 1802 1699 1867 probrosam
1764 1814 1885 1854 esse
1947 1807 2252 1862 creaturae,

2363 1795 2421 1846 τὰ
2451 1796 2507 1846 ὲν
2533 1793 2653 1862 Θεῷ
2698 1795 2990 1864 μυστήρια,
3026 1791 3149 1844 οὕτε
3184 1792 3449 1863 ἀσύνηθες
3475 1832 3490 1854 ,
3517 1792 3639 1844 οὒτε
3673 1796 3778 1862 μὴν
3809 1794 3928 1844 ἑτέ-

686 1903 859 1958 neque
913 1889 1088 1942 eidem
1139 1902 1356 1957 quoque
1415 1890 1752 1942 inusitatam.
1825 1889 2099 1956 Scriptum
2171 1897 2254 1941 est

695 1978 876 2029 enim:
920 1995 938 2028 ι
976 1975 1108 2043 Quis
1149 1977 1296 2029 novit
1342 1986 1574 2030 mentem
1619 1977 1919 2033 Domini’?
1955 1996 1974 2028 ›
2014 1977 2068 2031 Si
2127 1991 2254 2045 ergo

685 2068 876 2129 Filius,
915 2075 1186 2136 quatenus
1233 2068 1394 2121 homo
1425 2065 1600 2121 factus
1654 2079 1759 2135 est,
1809 2087 1828 2118 ι
1884 2069 2156 2138 paululum
2186 2067 2258 2119 ab

687 2161 890 2228 angelis
924 2160 1226 2212 minoratus
1270 2177 1288 2209 ι
1327 2157 1527 2212 dicitur
1554 2159 1595 2190 ¹⁰
1636 2159 1781 2230 (nam
1815 2171 1873 2213 ιιι
1911 2162 2089 2226 Deus,
2135 2161 2256 2213 uni-

687 2267 856 2305 versae
885 2263 1148 2305 creaturae
1188 2253 1457 2318 praestat),
1499 2252 1626 2320 quid
1666 2254 1858 2305 mirum
1895 2263 1995 2315 est,
2027 2254 2068 2306 si
2105 2268 2255 2321 atque

687 2353 852 2410 atque
905 2343 1102 2412 angeli,
1158 2342 1250 2397 Dei
1327 2353 1536 2399 secreta
1594 2344 1846 2414 ignorare
1895 2345 2251 2414 perhibetur;

686 2436 813 2488 licet
861 2435 906 2490 is
956 2436 1045 2489 Dei
1101 2435 1278 2489 Patris
1326 2435 1589 2505 sapientia
1628 2447 1681 2489 et
1701 2439 1872 2490 virtus
1918 2439 1989 2492 sit
2029 2439 2068 2469 “
2101 2438 2122 2491 ?
2161 2438 2254 2491 Dei

684 2537 812 2575 vero
839 2522 1016 2577 Patris
1039 2524 1304 2591 sapientia
1339 2542 1442 2578 non
1483 2535 1660 2593 potest
1693 2541 1754 2579 ea
1792 2529 2026 2590 nescire,
2055 2544 2173 2598 quae
2196 2529 2248 2581 in

687 2618 802 2682 ipso
851 2615 1030 2668 abdita
1077 2615 1260 2668 latent.
1303 2610 1463 2686 140
1489 2614 1542 2668 Si
1580 2617 1722 2668 enim
1766 2615 2000 2685 Spiritus
2045 2620 2250 2681 omnia,

687 2707 852 2760 etiam
907 2705 1167 2775 profunda
1219 2705 1313 2760 Dei
1369 2716 1644 2760 scrutatur
1687 2706 1764 2770 υ,
1811 2717 1865 2760 et
1909 2708 1996 2760 ille
2051 2708 2252 2762 Christi

689 2797 923 2866 Spiritus
974 2806 1080 2860 est,
1129 2799 1402 2867 quomodo
1458 2799 1510 2850 id
1581 2798 1853 2864 nesciret,
1915 2801 2055 2866 quod
2111 2801 2256 2853 illius

691 2890 925 2958 Spiritus
984 2898 1175 2942 exacte
1223 2890 1422 2942 callet?
1457 2889 1635 2954 Quare
1693 2889 1821 2942 licet
1874 2900 1932 2943 ut
1967 2893 2125 2944 homo
2155 2892 2255 2944 ali-

689 2981 817 3049 quid
851 2977 1147 3034 ncscivisse
1172 2981 1403 3041 dicatur,
1446 2993 1503 3030 ut
1543 2981 1680 3032 Deus
1715 2989 1891 3032 tamen
1932 2979 2113 3032 omnia
2157 2994 2256 3032 no-

699 3082 803 3125 rat.
838 3071 950 3124 Etsi
982 3085 1110 3139 ergo
1139 3079 1197 3122 ut
1225 3070 1386 3123 homo
1410 3071 1798 3138 ignoratiooem
1833 3086 1940 3139 prae
1967 3084 2026 3125 se
2070 3069 2255 3134 ferret,

688 3164 816 3217 dum
860 3163 926 3217 de
968 3161 1200 3224 Lazaro,
1251 3179 1270 3212 ι
1296 3162 1397 3216 Ubi
1440 3163 1691 3228 posuistis
1717 3177 1837 3215 eum
1867 3162 1949 3214 “‘2
1978 3180 1994 3212 ι
2034 3177 2259 3230 percon-

692 3264 919 3318 taretur,
971 3269 1093 3308 mox
1129 3266 1328 3316 tamen,
1364 3255 1485 3307 dum
1525 3254 1726 3322 potenti
1776 3255 1974 3307 virtute
2003 3269 2070 3307 ex
2109 3270 2255 3309 mor-

694 3349 800 3400 tuis
855 3346 1001 3399 illum
1045 3346 1375 3408 exsuscitat,
1420 3346 1584 3398 Deum
1614 3361 1671 3399 se
1702 3361 1822 3400 esse
1860 3356 2044 3414 aperte
2075 3345 2254 3399 decla-

693 3447 798 3489 rat.
849 3435 1168 3490 Tribuenles
1211 3435 1373 3504 igitur
1418 3435 1812 3487 incarnationis
1860 3434 2250 3503 dispensationi

2359 1902 2465 1952 ρως
2493 1884 2742 1955 ἀπρεπὲς
2770 1884 2835 1936 ἂν
2869 1883 2955 1952 εἴη
2987 1885 3055 1952 τῇ
3081 1883 3274 1935 κτίσει.
3308 1902 3325 1933 ι
3363 1884 3458 1946 Τίς
3481 1883 3590 1955 γὰρ
3623 1883 3762 1950 έγνω
3799 1881 3932 1933 νοῦν

2357 1979 2597 2050 Κυρίου;
2644 1998 2660 2029 ι
2715 1979 2856 2031 κατὰ
2894 1977 2952 2029 τὸ
3004 1977 3404 2046 γεγραμμένον.
3460 1978 3565 2030 Καὶ
3612 1980 3660 2030 εἰ
3713 1977 3962 2042 λέγεταιν

2359 2069 2531 2140 βραχὺ
2563 2071 2690 2140 παρ’
2722 2069 2988 2137 ἀγγέλους
3017 2069 3364 2138 ἡλαττῶσθαι
3399 2073 3427 2122 ὁ
3463 2069 3619 2133 Υἱὸς,
3667 2069 3802 2122 καθὸ
3843 2070 3940 2136 γέ-

2356 2179 2512 2229 γονεν
2560 2161 2845 2231 ἄνθρωπος
2893 2159 3158 2230 δηλονότι,
3209 2161 3385 2213 καίτοι
3432 2162 3655 2224 κτίσεως
3707 2161 3935 2230 ἀπάσης

2357 2250 2432 2304 ὢν
2463 2252 2724 2304 ἐπέκεινα
2758 2250 2982 2313 θεῖκῶς”
3037 2251 3088 2302 τί
3137 2249 3197 2302 τὸ
3245 2249 3450 2318 θαῦμα,
3498 2250 3597 2303 κᾶν
3646 2252 3785 2319 ὁμοῦ
3816 2254 3937 2309 τοῖς

2357 2347 2610 2415 ἀγγέλοις
2633 2346 2844 2414 ἀγνοεῖν
2874 2344 3099 2415 λέγηται
3127 2343 3187 2396 τὸ
3217 2345 3272 2395 ὲν
3305 2341 3422 2412 Θεῷ
3454 2343 3775 2412 μυστήριον,
3799 2342 3941 2393 καί-

2359 2455 2442 2491 τοι
2477 2438 2638 2506 σοφία
2669 2437 2762 2489 καὶ
2783 2436 3010 2505 δύναμις
3039 2435 3297 2504 ὑπάρχων
3329 2434 3493 2486 αὑτοῦ
3519 2453 3531 2496 ;
3562 2430 3697 2486 Εἶτα
3727 2433 3845 2494 πῶς
3872 2431 3941 2484 ἆυ
3968 2443 3975 2451 ”

2356 2530 2630 2600 ἠγνόησεν
2671 2531 2704 2598 ἡ
2755 2527 2912 2595 σοφία
2939 2526 3035 2578 τοῦ
3084 2526 3292 2595 Πατρὸς
3321 2527 3394 2577 τὰ
3423 2527 3478 2577 ὲν
3509 2525 3658 2594 αὑτῷ
3692 2541 3942 2594 κεκρυμ-

2364 2623 2534 2691 μένα;
2574 2623 2682 2673 Καὶ
2715 2621 2761 2671 εἰ
2801 2621 2861 2671 τὸ
2918 2617 3140 2687 Πνεῦμα
3189 2618 3412 2683 λέγεται
3460 2617 3640 2668 πάντα
3681 2619 3941 2686 ἐρευνᾷν,

2358 2712 2452 2765 καὶ
2474 2714 2541 2765 τὰ
2566 2710 2704 2780 βάθη
2727 2709 2819 2762 τοῦ
2851 2709 3006 2773 Θεοῦ,
3029 2708 3252 2777 Πνεῦμα
3277 2707 3332 2759 δέ
3360 2709 3476 2758 ἐστι
3507 2706 3599 2760 τοῦ
3631 2707 3869 2778 Χριστοῦ
3889 2719 3944 2768 υ,

2359 2802 2476 2866 πῶς
2523 2803 2587 2855 ἂν
2636 2801 2795 2863 αὐτὸς
2849 2800 3139 2869 ἠγνόησεν,
3186 2799 3327 2869 ἆπερ
3383 2795 3523 2851 οἶδεν
3582 2798 3829 2868 ἀκριόῶς
3879 2799 3942 2849 τὺ

2359 2893 2584 2960 Πνεῦμα
2615 2891 2810 2953 αὑτοῦ;
2840 2889 3047 2942 Οὐκοῦν
3081 2890 3180 2943 κᾶν
3209 2891 3421 2956 ἀγνοεῖν
3459 2889 3812 2957 ἀνθρωπίνως
3844 2889 3943 2940 λέ-

2361 2997 2543 3049 γηται,
2590 2980 2702 3031 ἀλλ’
2736 2975 2845 3030 οἶδε
2883 2978 3096 3041 θεῐκῶς.
3131 2978 3242 3030 Καὶ
3283 2976 3434 3044 γοῦν,
3495 2995 3512 3027 ι
3554 2978 3663 3031 Ποῦ
3700 2978 3942 3031 τέθειται

2363 3071 2644 3136 Λάζαρος;
2675 3087 2691 3119 ι
2715 3068 2951 3140 ἐρωτῶν,
2974 3069 3048 3131 ὠς
3075 3067 3191 3130 ἐξὸν
3222 3067 3368 3137 αὐτῷ
3391 3068 3463 3139 μὴ
3490 3068 3683 3121 εἰδέναι
3711 3071 3852 3122 κατᾶ
3879 3071 3943 3122 τὸ

2364 3160 2722 3231 ἀνθρώπινον,
2771 3162 3043 3230 ὲνήργηκε
3090 3160 3304 3223 θεῖκῶς,
3334 3160 3641 3231 ἀναστήσας
3675 3161 3840 3212 αὐτὸν
3875 3163 3942 3214 ὲκ

2367 3251 2596 3323 νεκρῶν.
2640 3251 3027 3313 Ἀπονέμοντες
3055 3250 3230 3303 τοίνυν
3263 3253 3328 3321 τῇ
3379 3251 3514 3321 μετὰ
3549 3253 3751 3322 σαρκὸς
3793 3255 3943 3305 οἰκο-

2363 3345 2525 3413 νομίᾳ
2557 3343 2624 3396 τὰ
2655 3342 2970 3414 ἀνθρώπινα
2990 3382 3006 3408 ,
3034 3345 3364 3412 τηρήσωμεν
3393 3343 3631 3405 εὐσεϐῶς
3664 3347 3757 3396 καὶ
3811 3345 3945 3398 καθ’

2361 3435 2506 3503 ἡμᾶς
2538 3433 2780 3501 γεγονότι
2811 3433 2886 3502 τῷ
2916 3436 2980 3485 ὲκ
3005 3433 3140 3486 Θεοῦ
3181 3432 3339 3499 φύντι
3363 3433 3518 3503 Λόγῳ
3542 3434 3606 3486 τά
3633 3433 3939 3505 θεοπρεπῆ.

691 3547 752 3582 ea
784 3545 902 3597 qua:
935 3528 1166 3582 hominis
1217 3535 1371 3590 sunt,
1423 3539 1700 3580 servemus
1764 3526 1951 3592 etiam,
2001 3542 2105 3594 qua
2145 3528 2299 3581 decet
2337 3528 2560 3596 pietate,
2610 3527 2684 3581 illi
2729 3527 2822 3596 qui
2882 3527 3053 3581 instar
3102 3528 3270 3580 nostri
3338 3525 3513 3579 laetus
3541 3539 3624 3580 est
3657 3528 3841 3590 homo,
3872 3542 3940 3582 ex

695 3620 804 3673 Deo
827 3619 1005 3684 genito
1036 3615 1236 3678 Verbo,
1270 3630 1388 3683 quae
1414 3615 1512 3682 ipsi
1550 3626 1606 3667 ut
1634 3615 1742 3670 Deo
1773 3618 2119 3671 conveniunt.

765 3708 950 3764 XVIII.
995 3727 1011 3758 ι
1065 3709 1326 3762 Clamavit
1377 3706 1536 3761 Jesus
1582 3723 1714 3761 voce
1758 3725 1978 3778 magna,
2011 3711 2202 3764 dicens
2241 3727 2255 3764 :

696 3800 840 3854 Deus
891 3815 1080 3863 meus,
1133 3798 1272 3853 Deus
1331 3814 1516 3861 meus,
1587 3799 1777 3866 utquid
1821 3817 1905 3853 me
1959 3802 2252 3870 dereliqui-

695 3895 760 3947 sti
797 3891 877 3965 9?
910 3910 927 3943 ι
959 3891 1205 3959 Nunquid
1249 3891 1421 3958 ipsmn
1459 3904 1674 3959 quoque
1713 3889 1967 3955 Verbum,
2013 3893 2155 3960 quod
2192 3907 2259 3946 ex

694 3986 806 4038 Deo
833 3983 990 4036 Patre
1015 3992 1196 4035 natum
1237 3990 1338 4043 est,
1391 3981 1575 4034 divino
1608 3981 1809 4034 auxilio
1850 3981 2148 4050 indiguisse
2182 3985 2262 4036 di—

695 4075 921 4132 cemus?
956 4074 1024 4126 At
1053 4073 1177 4140 quid
1201 4088 1263 4126 eo
1291 4072 1394 4125 dici
1425 4081 1600 4140 potest
1631 4073 1883 4126 stultius?
1922 4074 2117 4126 Annon
2152 4090 2256 4127 una

695 4186 814 4223 cum
853 4168 960 4220 Deo
1005 4167 1163 4219 Patre
1200 4166 1572 4218 universorum
1613 4164 1871 4219 Dominus
1903 4176 2016 4228 est,
2052 4181 2260 4236 suoque

696 4261 898 4330 Spiritu
932 4262 1125 4314 caelum
1161 4260 1361 4320 lirmat,
1396 4273 1459 4311 ac
1488 4259 1752 4310 virtutum
1789 4259 2044 4312 Dominus
2078 4260 2260 4328 appel-

2434 3711 2541 3763 lH'.
2586 3729 2602 3762 ι
2651 3710 2874 3780 Ἐὂόησε
2908 3710 2966 3762 δὲ
3011 3713 3159 3779 φωνῇ
3209 3708 3421 3779 μεγάλῃ
3467 3710 3494 3761 ὁ
3553 3708 3792 3776 Ἰησοῦς⁸
3836 3709 3941 3761 Θεέ

2369 3821 2492 3873 μου,
2525 3802 2624 3854 Θεέ
2659 3819 2783 3871 μου,
2819 3801 2909 3854 ἴνα
2955 3800 3008 3852 τί
3055 3818 3123 3871 με
3176 3801 3561 3868 έγκατέλιπες;
3598 3819 3615 3851 ι
3649 3797 3795 3869 τΑρα
3846 3796 3942 3852 οὖν

2365 3897 2457 3946 καὶ
2503 3895 2661 3947 αὐτὸν
2703 3893 3022 3964 ἐπικουρίας
3048 3892 3146 3961 τῆς
3178 3893 3382 3945 ἄνωθέν
3427 3909 3606 3962 φαμεν
3655 3891 3941 3961 δεδεῆσθαι

2364 3984 2455 4036 τὸν
2489 3987 2550 4037 ὲκ
2584 3982 2718 4036 Θεοῦ
2766 3980 2976 4055 Πάτρὸς
3006 3983 3211 4050 Λόγον;
3242 3983 3433 4037 Καίτοι
3468 3985 3578 4046 πῶς
3604 3982 3760 4036 τοῦτό
3789 3986 3941 4035 ἐστιν

2366 4077 2465 4129 οὐκ
2513 4074 2706 4146 εὔηθες
2752 4076 2977 4146 κομιδῇ;
3010 4075 3387 4145 Συγκατάρχει
3419 4076 3524 4147 γὰρ
3552 4075 3660 4126 τῶν
3689 4074 3829 4126 ὅλων
3863 4074 3941 4143 τῷ

2368 4167 2486 4237 Θεῴ
2520 4169 2610 4219 καὶ
2642 4168 2818 4236 Πατρὶ
2843 4207 2857 4231 ,
2893 4168 2987 4219 καὶ
3035 4171 3244 4238 στερεοῖ
3279 4169 3376 4238 μὲν
3404 4166 3662 4237 οὐρανοὺς
3695 4165 3770 4234 τῷ
3827 4166 3942 4234 ἰδίῳ

2369 4257 2671 4326 Πνεῦματι,
2699 4258 2902 4327 Κύριος
2933 4257 2989 4310 δὲ
3018 4259 3125 4310 τῶν
3152 4259 3432 4328 δυνάμεων
3483 4256 3807 4328 ὀνομάζεται
3849 4259 3941 4309 καὶ

696 4352 858 4418 latur,
893 4360 946 4404 et
972 4360 1054 4403 est
1083 4350 1184 4404 hoc
1218 4350 1396 4418 ipsum
1434 4361 1556 4402 vere
1587 4348 1672 4400 '5?
1707 4348 1958 4416 Nunquid
1993 4365 2122 4419 ergo
2169 4352 2257 4403 ad-

2370 4347 2482 4399 ἔστι
2524 4349 2665 4400 κατὰ
2711 4349 2987 4418 ἀλήθειαν.
3035 4350 3174 4401 Ἀλλ’
3218 4351 3476 4422 ὴτόνησεν
3522 4352 3627 4421 ἄρα
3671 4352 3809 4420 πρὸς
3842 4352 3941 4414 τὰς

695 4457 888 4497 versus
920 4440 1232 4494 Judaeorum
1259 4442 1482 4495 insidias
1503 4440 1773 4511 elanguit?
1801 4439 2056 4510 Nunquid
2085 4442 2260 4495 cruci-

699 4533 977 4602 ligentium
1011 4545 1202 4584 manus
1224 4531 1494 4584 debellare
1523 4547 1627 4584 non
1661 4533 1832 4599 potuit
1854 4532 1876 4584 ?
1898 4534 2058 4599 Atqui
2086 4532 2251 4586 Isaias

695 4622 960 4693 propheta
992 4619 1069 4673 sic
1104 4620 1209 4673 ait:
1255 4637 1272 4669 ι
1313 4620 1367 4671 Si
1391 4635 1579 4673 omnes
1608 4632 1794 4689 gentes
1834 4624 1984 4690 quasi
2010 4623 2150 4675 stilla
2193 4624 2259 4677 de

697 4712 879 4775 situla,
924 4718 979 4764 et
1019 4708 1171 4777 quasi
1203 4717 1534 4761 momentum
1565 4719 1784 4763 staterae
1811 4723 2072 4779 reputatae
2111 4723 2257 4776 sunt,

697 4813 752 4858 et
773 4803 924 4873 quasi
977 4800 1140 4856 saliva
1199 4798 1648 4868 reputabuntur:
1709 4803 1793 4854 cui
1845 4817 1972 4872 ergo
2028 4804 2259 4857 similem

699 4887 904 4942 fecistis
931 4885 1139 4942 Deum?
1167 4894 1260 4938 aut
1287 4883 1374 4938 cui
1401 4882 1623 4950 imagini
1642 4885 1994 4950 comparastis
2014 4901 2134 4939 eum
2154 4887 2261 4939 “‘3:

701 4977 1012 5031 Meminisse
1070 4978 1172 5032 hoc
1223 4976 1342 5032 loco
1407 4982 1623 5043 oportet
1680 4970 1915 5027 Judaicae
1979 4974 2271 5044 Synagogae

702 5065 1050 5121 administros
1091 5082 1210 5119 cunt
1258 5066 1490 5119 militum
1523 5063 1780 5126 cohorte,
1816 5062 1948 5114 duce
1975 5063 2266 5129 proditore,

701 5159 929 5214 irruisse
955 5158 1006 5210 in
1026 5155 1209 5212 Jesum
1243 5177 1256 5212 :
1293 5160 1490 5227 quibus
1509 5165 1704 5210 uteum
1747 5155 2274 5220 comprehenderent

701 5249 1092 5320 quaerentibus,
1137 5249 1373 5301 occurrit
1414 5249 1524 5314 ille,
1582 5247 1807 5303 dicens:
1848 5262 1866 5296 ι
1907 5242 2074 5309 Quem
2127 5260 2271 5312 quae-

773 5411 794 5442 ⁸
835 5407 1020 5461 Matth.
1055 5416 1201 5465 χχιιι,
1233 5398 1299 5452 56

705 5479 747 5510 ³⁸
777 5479 962 5541 Matth.
995 5489 1162 5539 χχιιι,
1194 5471 1282 5526 46.

1411 5401 1431 5428 ⁹
1473 5399 1574 5455 lsa.
1616 5419 1702 5466 χι,
1747 5401 1831 5454 l3.

1363 5470 1404 5501 ”
1435 5469 1574 5524 Psal.
1613 5488 1777 5538 χχχιι,
1811 5469 1862 5535 6,
1899 5470 1984 5525 10.

1914 5400 1956 5430 ¹⁰
2000 5399 2161 5455 llebr.
2214 5415 2269 5467 ιι,
2309 5401 2357 5455 7.

2367 4436 2474 4488 τῶν
2515 4437 2783 4490 Ἰουδαίων
2833 4439 3145 4506 ἐπιϐουλὰς,
3179 4441 3272 4491 καὶ
3305 4441 3514 4510 ἄμαχος
3541 4437 3608 4510 ἧν
3639 4440 3790 4510 αὐτῷ
3830 4441 3940 4493 τῶν

2369 4526 2746 4594 σταυροῦντων
2799 4531 2831 4598 ἡ
2884 4530 3025 4600 χείρ.
3096 4530 3289 4582 Καίτοι
3349 4532 3513 4600 φησὶν
3572 4532 3599 4582 ὁ
3653 4534 3942 4601 προφήτης

2378 4617 2604 4680 Ἡσαΐας
2628 4635 2640 4648 ο
2679 4639 2696 4670 ι
2735 4621 2794 4673 Εἰ
2841 4622 3015 4675 πάντα
3053 4621 3121 4674 τὰ
3148 4621 3274 4694 ἔθνη
3307 4621 3380 4685 ὡς
3416 4621 3628 4688 σταγὼν
3671 4621 3780 4676 ἀπὸ
3809 4623 3941 4676 κάδ-

2367 4709 2456 4761 δου
2478 4752 2490 4775 ,
2522 4713 2613 4764 καὶ
2639 4712 2712 4775 ὼς
2743 4712 2882 4782 ῥοπὴ
2917 4712 3081 4780 ζυγοῦ
3117 4713 3494 4782 ἐλογίσθησαν,
3537 4715 3627 4766 καὶ
3657 4714 3730 4776 ὡς
3761 4714 3942 4775 σίελος

2375 4800 2816 4869 λογισθήσονται·
2850 4803 2955 4855 τίνι
2976 4803 3293 4872 ὡμοιώσατε
3319 4807 3408 4857 τὸν
3441 4805 3641 4873 Κύριον
3666 4823 3680 4868 ;
3719 4806 3816 4855 καὶ
3838 4805 3942 4856 τίνι

2378 4886 3014 4956 ὁμοιώματιὼμοιώσατε
3032 4891 3193 4943 αὐτόν
3210 4909 3224 4955 ;
3241 4911 3256 4942 ι
3279 4894 3475 4946 ’ἰστέον
3495 4893 3570 4954 δὲ,
3586 4894 3666 4944 ὅτι
3683 4893 3943 4963 παρῆσαν

2372 4976 2468 5042 μὲν
2500 4976 2548 5025 oi
2577 4976 2673 5043 τῆς
2717 4976 2987 5029 Ἰουδαίων
3020 4979 3340 5047 συναγωγῆς
3371 4981 3660 5051 ὑπηρέται,
3696 4983 3800 5050 τὴν
3835 4982 3942 5034 τῶν

2372 5065 2722 5134 στρατιωτῶν
2748 5067 2962 5138 ἔχοντες
2997 5071 3245 5138 σπεῖραν,
3281 5071 3579 5139 ἡγούμενον
3606 5071 3661 5124 δὲ
3689 5072 3782 5124 τὸν
3813 5091 3945 5146 προ-

2370 5155 2547 5226 δότην.
2592 5157 2806 5229 Ἐπειδὴ
2841 5159 2896 5212 δὲ
2929 5157 3154 5230 ἐζήτουν
3198 5161 3359 5214 αὑτὸν
3405 5162 3798 5228 συλλαϐέσθαι,
3838 5169 3942 5219 ἀπ-

2375 5249 2505 5318 ήντα
2542 5249 2741 5316 λέγων·
2779 5273 2795 5303 ι
2828 5252 2960 5304 Τίνα
2996 5251 3241 5321 ζητεῖτε;
3273 5255 3333 5307 Οἱ
3362 5254 3415 5308 δὲ
3452 5258 3585 5327 πρὸς
3615 5257 3773 5309 τοῦτο
3810 5260 3940 5324 ἐερσ-

2459 5404 2699 5483 ¹¹Ᾱῌῖοικ
2742 5408 2891 5474 ι,24.
2971 5409 3012 5438 ¹²
3042 5407 3204 5464 lCor.
3235 5411 3406 5483 ιιῌθ.
3485 5411 3706 5466 ¹³³εἰτιιι
3755 5432 3815 5478 ιι,
3857 5417 3938 5469 δι-

2063 5471 2106 5502 ¹⁸
2131 5468 2231 5524 lsa.
2270 5489 2356 5538 χι,
2390 5474 2589 5538 15,18.

1792 5626 1961 5684 Variae
2000 5628 2257 5683 lectiones
2287 5629 2489 5683 codicis
2519 5629 2872 5698 Seguieriani.

779 5800 806 5826 ιι
829 5788 985 5844 Θεοῦ.
