4092 6334
182 415 282 471 1557

939 417 1028 470 AD
1069 411 1367 469 BEGlNAS
1405 413 1489 468 DE
1528 413 1757 469 RECTA
1801 414 1955 468 FIDE
1995 411 2249 469 ORATIO
2288 411 2585 466 ALTERA.

3215 419 3350 473 1558

179 545 279 580 σαν·
318 527 517 599 Ἰησοῦν
557 527 648 581 τὸν
696 529 1030 601 Ναζωραῖον.
1082 528 1212 582 Εἶτα
1256 529 1388 601 πρὸς
1433 531 1627 593 αὑτοὺς
1668 534 1694 585 ὁ
1729 539 1756 594 Α

1814 532 1956 585 ritis?
2007 531 2082 584 llli
2133 541 2311 584 autem
2380 530 2685 584 dixerunt:
2750 531 2932 586 .lesum
2991 531 3348 589 Nazarenum.

180 620 357 690 Σωτήρ·
392 618 532 686 Ἐγώ
565 621 701 688 ειμι.
746 622 851 675 Καὶ
899 622 1138 692 ἀπῆλθον
1168 623 1244 682 είς
1280 622 1347 673 τὰ
1375 621 1566 686 όπίσω,
1601 625 1694 675 καὶ

179 712 328 762 ἔπεσον
369 708 562 778 χαμαί.
598 728 615 759 ι
653 706 782 763 Εἶτα.
821 713 936 774 πῶς
973 713 1039 765 ἂν
1081 711 1342 779 ὴτόνησεν
1375 715 1402 764 ὁ
1435 715 1527 766 καὶ
1560 715 1694 782 μόνῃ

179 803 225 869 τῇ
241 802 368 867 amvi“
387 797 484 866 τὴν
513 799 622 850 τῶν
650 802 1105 855 ἐπιϐουλευόντων
1134 800 1357 868 ἐλέγξας
1381 803 1691 864 ἀσθένειανς

179 891 225 940 Τί
258 885 336 940 οὖν
371 887 478 957 ἄρα.
524 889 771 958 βούλεται
810 893 1015 958 λέγων·
1063 910 1078 941 ι
1117 892 1215 943 Θεέ
1258 910 1379 962 μου,
1424 894 1522 946 Θεέ
1570 909 1693 962 μου,

180 976 244 1027 ἵνα
264 975 306 1025 τί
335 993 398 1044 με
426 977 818 1043 ὲγκατέλιπες;
850 1001 867 1030 t
900 981 1082 1049 Φαμὲν
1109 981 1307 1044 τοίνυν,
1340 983 1420 1036 ὄτι
1446 983 1538 1034 τοῦ
1569 999 1699 1050 προ-

179 1067 373 1134 πάτορος
411 1068 583 1138 Ἀδὰμ
617 1072 716 1138 τὴν
764 1070 1010 1123 δοθεῖσαν
1042 1072 1188 1142 αὑτῷ
1233 1075 1572 1144 πατήσαντος
1613 1075 1699 1124 ὲν-

179 1155 320 1226 τολὴν,
358 1160 449 1210 καὶ
480 1159 576 1212 τοῦ
609 1160 752 1212 θείου
780 1161 1144 1231 άλογήσαντος
1190 1165 1377 1233 νόμου,
1408 1163 1701 1230 ἐγκαταλέ-

179 1244 353 1298 λειπται
402 1265 518 1310 πως
563 1251 594 1318 ή
644 1249 928 1318 ἀνθρώπου
979 1251 1138 1320 φύσις
1193 1253 1343 1324 παρὰ
1387 1252 1479 1304 τοῦ
1530 1251 1696 1304 Θεοῦ·

178 1335 332 1401 γέγονε
356 1337 408 1388 δὲ
447 1339 722 1407 ἐπάρατος
747 1338 834 1390 διὰ
873 1341 1048 1406 τοῦτο,
1081 1344 1174 1396 καὶ
1203 1343 1418 1412 Θανάτῳ
1451 1343 1698 1412 κάτοχος.

187 1427 369 1498 Ἐπειδὴ
391 1429 447 1480 δὲ
475 1428 538 1481 τὸ
571 1431 874 1494 πεπονθὸςν
905 1433 1365 1503 ἀναστοιχειὼσων
1389 1437 1466 1499 είς
1494 1437 1702 1505 ἀφθαρ-

179 1519 272 1570 σίαν
291 1519 630 1588 ἐπεδήμησεν
660 1521 687 1570 ὁ
720 1524 1007 1594 μονογενὴς
1035 1524 1125 1577 τοῦ
1153 1525 1286 1577 Θεοῦ
1305 1527 1493 1594 Λόγος,
1512 1528 1702 1580 ἐπελάο

179 1608 272 1659 ϐετό
320 1624 375 1659 τε
439 1609 754 1678 σπέρματος
816 1613 1086 1684 Ἀϐραὰμ,
1141 1615 1235 1668 καὶ
1287 1614 1542 1685 ὡμοιώθη
1596 1619 1704 1678 τοῖς

182 1695 390 1761 ἀδελιροῑς
413 1734 427 1758 ,
466 1695 578 1748 ἔδει
613 1699 747 1765 μετά
783 1701 878 1769 τῆς
924 1703 1154 1769 ἀρχαίας
1195 1703 1406 1772 ἐκείνης
1437 1705 1574 1773 ἀρᾶς
1613 1704 1706 1756 καὶ

177 1787 249 1854 τῆς
276 1787 594 1838 ἐπεισάκτου
622 1788 822 1859 φθορᾶς
851 1791 1146 1859 καταλῆξαι
1180 1792 1276 1861 τὴν
1301 1793 1702 1862 ἐγκατάλειψιν,

1799 624 1934 676 Dicit
1967 624 2044 676 eis
2077 621 2268 676 Jesus:
2306 623 2417 692 Ego
2450 636 2590 676 sum.
2629 621 2695 674 Et
2741 622 2989 677 abierunt
3033 635 3351 688 retrorsum.

1795 722 1848 766 et
1878 712 2183 765 ceciderunt
2205 714 2256 766 itt
2283 723 2476 768 terram
2510 713 2646 766 ¹⁷·¹⁸.
2688 730 2705 763 ι
2739 711 2853 766 Jam
2887 717 3154 780 quomodo
3193 718 3348 768 intir-

1800 819 1916 856 ntus
1940 804 2043 857 dici
2077 813 2268 871 potest,
2300 806 2387 872 qni
2424 805 2503 859 vel
2542 802 2653 858 sola
2690 819 2816 857 voce
2855 804 3229 857 insoltantinm
3271 805 3353 857 in-

1801 893 2106 946 ﬁrmitatem
2142 896 2425 948 ostendit?
2464 896 2662 965 Ecquid
2708 908 2839 962 ergo
2879 895 2980 948 sibi
3033 896 3142 948 vult
3216 897 3355 957 quod

1800 985 1894 1048 ait,
1928 1004 1946 1036 c
1995 984 2137 1039 Deus
2198 1001 2366 1048 meus,
2411 987 2548 1039 Deus
2592 1001 2765 1048 meus,
2803 985 2987 1052 utquid
3020 986 3354 1055 dereliquisti

1800 1076 1929 1129 me?
1963 1096 1981 1128 ι
2019 1075 2256 1130 Dicimus
2312 1075 2493 1144 igitur,
2524 1091 2642 1126 cum
2693 1074 2896 1142 primus
2955 1088 3146 1140 parens
3179 1083 3360 1128 noster

1800 1165 1967 1220 Adam
1994 1167 2300 1218 mandatum
2343 1164 2481 1232 quod
2529 1175 2806 1233 acceperat
2853 1165 3230 1227 maculonsset,
3282 1163 3361 1217 di-

1803 1257 2089 1322 vinamque
2135 1257 2301 1324 legent
2349 1254 2606 1323 ueglectui
2649 1255 2928 1307 habuisset
2957 1254 3020 1315 ¹⁹,
3066 1254 3355 1306 humanam

1804 1355 2050 1399 naturam
2086 1345 2252 1398 fuisse
2316 1345 2706 1410 quodammodo
2741 1343 3071 1407 derelictam,
3119 1358 3362 1396 exsecra-

1805 1435 2072 1503 bilemque
2111 1444 2165 1486 et
2202 1433 2357 1487 morti
2416 1432 2698 1485 obnoxiam
2755 1432 2996 1486 eﬂ‘ectam
3035 1452 3045 1485 :
3089 1439 3141 1484 at
3203 1431 3361 1485 simul

1807 1538 1966 1594 atque
2029 1525 2345 1594 Unigenitus
2380 1524 2494 1588 Dei,
2538 1524 2588 1577 id
2620 1525 2760 1592 quod
2790 1524 3100 1592 prolapsum
3138 1534 3276 1588 erat,
3307 1524 3358 1576 in

1807 1617 2263 1683 incorruptionem
2302 1615 2704 1669 instauraturus
2743 1616 2999 1679 advenit,
3049 1615 3365 1682 sentineqne

1805 1710 2035 1762 Abrahae
2090 1708 2456 1775 apprehenso,
2534 1704 2799 1758 fratribus
2856 1705 2968 1758 suis
3030 1703 3364 1758 assimilatus

1809 1797 1907 1850 fuit
1938 1796 2022 1860 ‘°;
2057 1805 2183 1847 tunc
2229 1808 2333 1846 una
2383 1807 2502 1846 cum
2543 1791 2768 1859 antiquo
2803 1791 2894 1843 illo
2936 1789 3089 1860 14],
3135 1789 3353 1842 maledi-

176 1878 224 1944 ἣν
252 1878 531 1946 ὑπέμεινεν
561 1881 621 1931 ὲν
647 1881 841 1950 ἀρχαῖς
882 1883 914 1950 ή
946 1881 1039 1932 τοῦ
1069 1881 1356 1951 ἀνθρώπου
1403 1884 1582 1952 φύσις.
1613 1885 1703 1946 Ὠς
1735 1877 1756 1933 1

1814 1896 1924 1950 cto,
1979 1885 2303 1951 inductaque
2350 1881 2737 1949 corruptione,
2787 1880 3150 1932 desertionem
3203 1894 3363 1945 quam

177 1963 246 2019 οὖν
272 1961 341 2030 εἷς
370 1969 630 2039 ὑπάρχων
678 1971 786 2022 τῶν
819 1971 1409 2042 ὲγκαταλελειμμένων,
1448 1974 1582 2026 καθὸ
1611 1976 1703 2026 καὶ

177 2058 303 2119 αὐτὸς
359 2061 758 2129 παραπλησίως
828 2062 958 2129 ἡμῖν
1012 2063 1270 2132 μετέσχεν
1330 2064 1556 2134 αἵματος
1612 2067 1704 2117 καὶ

179 2152 375 2220 σαρκὸς,
419 2152 513 2214 τὸ,
567 2169 584 2202 ι
627 2151 743 2204 Ἵνα
785 2152 837 2204 τί
889 2170 955 2224 με
996 2153 1382 2221 ὲγκατέλιπες;
1425 2174 1443 2204 t
1494 2155 1656 2224 φησίν
1691 2172 1701 2184 ·

177 2242 282 2310 ὅπερ
306 2237 368 2311 ἦν
395 2241 615 2303 λύοντος
640 2243 885 2314 ἐναργῶς
915 2244 1012 2314 τὴν
1049 2245 1334 2315 συμϐᾶσαν
1377 2246 1508 2314 ἡμῖν
1538 2247 1706 2312 ὲγκα-

176 2332 404 2400 τὰλειψιν,
475 2333 572 2384 καὶ
619 2330 727 2384 οἷον
775 2335 1214 2396 ὲκδυσωποῦντος
1257 2335 1343 2403 ἐφ’
1397 2334 1572 2402 ἐαυτῷ
1620 2334 1708 2384 τὸν

178 2421 392 2491 Πατέρα,
426 2424 522 2474 καὶ
550 2422 840 2484 καλοῦντος
880 2423 960 2485 είς
1007 2423 1292 2492 εὐμένειαν
1323 2422 1422 2492 τὴν
1461 2423 1546 2489 ἐφ’
1580 2423 1709 2489 ήμῖν

176 2510 231 2571 ὡς
257 2514 332 2579 ἐφ’
361 2513 540 2581 ἐαυτῷ
568 2513 661 2564 καὶ
691 2512 888 2583 πρώτῳ
907 2529 920 2543 ⁸
953 2515 1150 2576 παντὸς
1193 2513 1301 2583 γὰρ
1336 2515 1464 2582 ἡμῖν
1491 2512 1710 2580 γέγονεν

175 2603 425 2672 ὁΧριστὺς
455 2605 664 2673 ἀγαθοῦ
696 2607 789 2658 καὶ
818 2605 959 2676 ἀρχὴ
996 2607 1087 2658 καὶ
1117 2605 1392 2675 πρόξενος.
1418 2605 1579 2655 Ὥστε
1611 2603 1710 2655 κᾶν

177 2694 275 2744 ait:
301 2695 513 2762 λέγοιτο
544 2694 727 2748 λαϐεῖν
752 2695 1106 2764 ἀνθρωπίνως
1147 2696 1297 2767 παρὰ
1340 2695 1431 2748 τοῦ
1477 2697 1707 2765 Πατρὸς,

176 2784 305 2835 τοῦτο
345 2789 408 2854 τῇ
456 2786 703 2855 ἡμετέρα
737 2787 1069 2856 προύξένησε
1112 2786 1296 2855 φύσει,
1348 2788 1560 2856 πλήρης
1611 2788 1713 2839 ὑπ-

177 2874 327 2944 άρχων
358 2879 383 2928 ό
407 2877 594 2941 αὐτὸς,
639 2877 732 2930 καὶ
763 2878 973 2940 οὐδενὸς
1014 2879 1338 2949 τοπαράπαν
1402 2880 1606 2948 ἐνδεὴς,
1637 2879 1712 2941 ὡς

177 2964 301 3028 Θεός.

230 3227 319 3280 ΙΘ¹.
356 3247 373 3279 ι
413 3227 586 3281 Τοῦτο
619 3228 882 3298 φρονείτω
927 3228 1155 3290 ἕκαστος
1201 3230 1258 3280 ἐν
1292 3228 1419 3297 ὑμῖν
1450 3229 1651 3289 αὑτοῖς,

178 3319 253 3369 καὶ
278 3321 330 3372 ἐν
366 3320 588 3390 Χριστῷ
625 3319 828 3389 Ἰησοῦ·
860 3319 917 3383 ὃς
947 3321 1004 3372 ὲν
1038 3323 1216 3390 μορφῇ
1251 3319 1383 3372 Θεοῦ
1435 3319 1712 3388 ὑπάρχων,

178 3410 254 3478 οὐχ
283 3412 568 3481 ἁρπαγμὸν
601 3412 840 3482 ἡγήσατο
889 3411 950 3463 τὸ
980 3407 1118 3463 εἶναι
1153 3413 1239 3463 ἴσα
1271 3411 1416 3479 Θεῷ·
1446 3410 1558 3463 ἀλλ’
1591 3412 1717 3461 ἑαυ-

177 3499 247 3550 τὸν
284 3502 536 3566 ὲκένωσε,
594 3505 804 3573 μορφὴν
843 3503 1028 3555 δούλου
1074 3502 1282 3567 λαϐὼν,
1319 3505 1375 3554 ὲν
1411 3501 1716 3572 ὁμοιώματι

177 3589 452 3659 ἀνθρώπων
485 3596 796 3663 γενόμενος,
841 3596 932 3646 καὶ
965 3597 1202 3665 σχήματι
1250 3595 1492 3664 εὑρεθεὶς
1522 3596 1594 3656 ὡς
1625 3595 1717 3647 ἄν·

179 3679 402 3748 Θρωπος·
452 3683 814 3734 ἐταπείνωσεν
868 3686 1089 3748 ἑαυτὸν,
1138 3685 1425 3754 γενόμενος
1482 3686 1716 3748 ὑπήκοος

181 3772 318 3840 μέχρι
357 3774 608 3835 θανάτου,
649 3774 876 3825 θανάτου
912 3774 967 3825 δὲ
1008 3774 1262 3844 σταυροῦ.
1296 3776 1384 3826 Διὸ
1410 3776 1501 3827 καὶ
1537 3777 1563 3825 ὁ
1588 3774 1718 3834 Θεὸς

179 3862 314 3915 αὑτὸν
367 3865 718 3935 ὑπερύψωσε,
775 3867 868 3917 καὶ
911 3865 1201 3936 ἐχαρίσατο
1247 3865 1394 3934 αὐτῷ
1443 3867 1614 3930 ὄνομα
1657 3865 1718 3918 τὸ

180 3953 298 4022 ὑπὲρ
343 3959 450 4008 πᾶν
502 3957 706 4026 ϐνομα·
765 3957 849 4008 ἵνα
898 3957 952 4008 ἐν
996 3956 1072 4026 τῷ
1125 3957 1345 4027 ὀνόματι
1404 3957 1570 4025 Ἰησοῦ
1615 3958 1717 4008 πᾶν

178 4043 284 4108 γόνυ
332 4045 529 4115 κάμψῃ
576 4048 927 4117 ἐπουρανίων,
971 4049 1062 4099 καὶ
1110 4049 1386 4115 ἐπιγείων,
1429 4049 1520 4099 καὶ
1550 4063 1715 4099 κατα.-

178 4135 412 4201 χθονίων·
466 4137 564 4188 καὶ
620 4141 767 4189 πᾶσα
829 4139 1044 4204 γλῶσσα
1103 4139 1593 4208 ἐξομολογήσηται,
1635 4141 1716 4190 ὄτι

179 4225 357 4295 Κύριος
399 4228 607 4298 Ἰησοῦς
649 4228 878 4297 Χριστὸς
925 4233 1001 4289 εἰς
1036 4229 1191 4292 δόξαν
1235 4229 1369 4280 Θεοῦ
1417 4231 1646 4298 Πατρός.
1693 4248 1709 4278 ι

187 4315 300 4369 Ἰδοὺ
343 4319 405 4388 δὴ
454 4319 641 4387 σαφῶς
673 4319 760 4371 τὸν
790 4323 845 4372 ὲν
876 4323 1052 4390 μορφῇ
1084 4321 1174 4372 καὶ
1214 4321 1415 4389 ἰσότητι
1456 4321 1548 4371 τοῦ
1582 4319 1716 4372 Θεοῦ

177 4409 256 4459 καὶ
299 4410 513 4480 Πατρὸς
555 4409 682 4461 Θεὸν
729 4411 901 4477 Λόγον
943 4413 1038 4479 οὑχ
1095 4413 1382 4480 ἁρπαγμὸν
1417 4411 1718 4480 ἡγήσασθαί

1685 3198 1783 3278 δι]

1808 1976 2042 2028 humana
2091 1981 2283 2024 natura
2327 1971 2376 2023 in
2414 1986 2510 2024 suo
2551 1970 2814 2038 principio
2865 1967 3116 2038 perpessa
3151 1967 3365 2032 .fuerat,

1808 2065 2186 2135 conquiescere
2232 2062 2488 2131 oportuit.
2538 2061 2724 2127 Itaque
2775 2061 2927 2127 quasi
2981 2058 3362 2113 derelictorum

1809 2171 1947 2209 unus
1968 2154 2258 2218 exsistens,
2289 2161 2554 2221 quatenus
2576 2159 2628 2204 et
2662 2151 2776 2219 ipse
2805 2149 3056 2203 similiter
3078 2149 3361 2205 nobiscum

1810 2248 2077 2317 particeps
2115 2244 2420 2298 fuitcarnis
2469 2251 2522 2296 et
2563 2241 2840 2311 sanguinis
2890 2241 2957 2303 “,
2995 2241 3172 2294 dixit:
3210 2259 3228 2290 ι
3271 2238 3367 2292 Ut-

1810 2337 1936 2404 quid
1979 2335 2313 2403 dereliquisti
2366 2349 2452 2387 me
2479 2334 2501 2385 ?
2533 2352 2551 2384 ι
2605 2332 2734 2397 Qua:
2763 2346 2893 2385 sane
2931 2347 3029 2384 vox
3065 2340 3183 2385 erat
3215 2346 3368 2401 ever-

1814 2427 1976 2481 tentis
2025 2427 2191 2490 illam,
2229 2440 2348 2494 qua:
2399 2424 2551 2477 nobis
2602 2424 2892 2485 acciderat,
2937 2423 3364 2483 derelictionem,

1814 2517 2132 2586 Patremque
2158 2520 2225 2570 ob
2251 2515 2521 2583 loquentis
2556 2515 2870 2583 dignitatem
2910 2514 2960 2566 itt
2993 2529 3051 2568 se
3083 2512 3370 2576 ﬂectentis,

1814 2624 2020 2663 necnon
2056 2609 2119 2660 ad
2152 2605 2581 2660 benevolentiam
2627 2619 2754 2674 erga
2797 2619 2893 2657 nos
2931 2613 3186 2672 tanquam
3239 2619 3371 2671 erga

1814 2702 2048 2766 seipsum
2100 2706 2153 2752 et
2197 2698 2425 2764 primunt
2493 2695 2882 2762 provocantis:
2935 2695 3369 2763 quandoquidem

1815 2790 2066 2842 Christus
2096 2789 2338 2840 omnium
2376 2789 2638 2841 honorum
2669 2786 2890 2852 largitor
2921 2794 2973 2838 et
3002 2794 3190 2838 auctor
3219 2785 3374 2837 nobis

1814 2881 2041 2934 exstitit.
2082 2877 2230 2932 Unde
2271 2879 2432 2932 etiam
2471 2880 2513 2931 si
2560 2877 2834 2945 quidpiam
2871 2885 2929 2928 ιιι
2963 2875 3121 2944 hpmo
3151 2889 3179 2926 a
3217 2875 3376 2928 Patre

1816 2971 2091 3037 accepisse
2127 2970 2344 3033 dicitur,
2390 2971 2489 3022 hoc
2522 2968 2692 3036 ipsum
2727 2975 2892 3020 totum
2930 2968 2981 3019 in
3013 2979 3249 3020 nostram
3285 2983 3376 3019 na-

1819 3069 1992 3113 turam
2023 3061 2299 3127 erogavit;
2346 3073 2467 3111 cum
2503 3059 2617 3126 ipso
2653 3066 2709 3110 ιιι
2743 3056 2883 3111 Deus
2921 3057 3132 3126 plenus,
3173 3057 3374 3110 nullius

1817 3151 2036 3205 omnino
2070 3149 2192 3203 boni
2225 3150 2477 3217 indigeat.

1891 3240 2031 3294 XIX.
2071 3259 2089 3292 ι
2137 3239 2248 3294 Hoc
2274 3240 2419 3294 enim
2482 3240 2678 3294 sentite
2721 3238 2774 3292 in
2823 3239 2996 3304 vobis,
3039 3239 3179 3308 quod
3229 3249 3282 3292 et
3325 3240 3375 3291 in

1820 3333 2042 3388 Christo
2093 3332 2256 3387 Jesu:
2310 3332 2549 3400 quicum
2601 3331 2653 3385 in
2702 3330 2879 3385 forma
2927 3330 3020 3384 Dei
3068 3339 3234 3393 esset,
3271 3346 3378 3384 non

1821 3425 2065 3494 rapinam
2101 3424 2398 3478 arbitratus
2425 3431 2509 3476 est
2555 3436 2678 3476 esse
2719 3437 2778 3476 se
2820 3422 3079 3490 aequalem
3111 3421 3240 3483 Deo,
3285 3421 3376 3474 sed

1818 3516 2170 3584 semetipsum
2213 3512 2535 3578 exinauivit,
2593 3513 2821 3566 formam
2871 3511 3014 3566 servi
3076 3512 3373 3580 accipiens,

1821 3607 1871 3660 in
1903 3604 2314 3660 similitudinem
2355 3603 2628 3658 hominum
2669 3601 2863 3664 factus,
2897 3608 2949 3654 et
2972 3600 3156 3654 habitu
3192 3602 3380 3653 inven-

1818 3705 1904 3748 tus
1947 3705 2004 3746 ιιι
2037 3694 2216 3746 homo.
2276 3690 2595 3744 l-lumiliavit
2645 3687 3018 3756 semetipsum,
3051 3686 3225 3740 factus
3252 3686 3380 3738 obe-

1819 3785 1972 3839 diens
2015 3797 2184 3852 usque
2236 3783 2300 3835 ad
2351 3789 2602 3842 mortem,
2662 3787 2888 3833 mortem
2941 3787 3115 3831 autem
3175 3777 3376 3830 crucis.

1820 3876 2044 3944 Propter
2094 3874 2234 3941 quod
2277 3880 2330 3925 et
2380 3871 2518 3924 Deus
2556 3868 2812 3922 exaltavit
2857 3867 3032 3932 illum,
3079 3877 3133 3920 et
3160 3867 3381 3921 donavit

1821 3968 1896 4021 illi
1928 3980 2120 4020 nomen
2149 3964 2291 4033 quod
2323 3973 2407 4017 est
2440 3977 2500 4015 su
2521 3976 2614 4029 per
2643 3973 2802 4015 omne
2832 3973 3063 4012 nomen:
3107 3967 3162 4010 ut
3195 3959 3244 4010 in
3287 3971 3381 4010 no-

1823 4064 1964 4114 mine
1999 4061 2125 4115 .Iesu
2161 4073 2321 4113 omne
2351 4072 2488 4127 genu
2521 4054 2789 4117 ﬂectatur,
2844 4052 3164 4113 caelestium,
3210 4061 3379 4104 terre-

1821 4153 2034 4210 strium.
2077 4160 2130 4204 et
2173 4147 2550 4211 infernorum;
2598 4154 2652 4199 et
2689 4143 2867 4198 omnis
2918 4143 3094 4211 lingua
3125 4140 3381 4194 conﬁtea-

1823 4253 1931 4305 tur,
1995 4242 2120 4309 quia
2167 4239 2425 4294 Dominus
2473 4235 2628 4289 Jcsus
2677 4233 2927 4288 Christus
2979 4233 3031 4286 iit
3095 4232 3259 4301 gloria
3301 4244 3384 4285 εει

1822 4334 1914 4387 Dei
1958 4332 2132 4385 Patris
2171 4333 2238 4381 υ.
2294 4347 2310 4378 ι
2363 4328 2439 4380 Εη
2491 4326 2724 4380 dilucide
2780 4327 2877 4378 hoc
2927 4324 3044 4376 loco
3090 4321 3383 4388 exponitur

1823 4424 1989 4478 Deum
2041 4422 2300 4482 Verbum,
2357 4416 2500 4486 quod
2548 4417 2600 4469 in
2656 4416 2826 4470 forma
2855 4425 2904 4468 et
2945 4413 3249 4482 aequalitate
3286 4412 3380 4465 Dei

179 4515 292 4567 φησι
319 4501 378 4552 τὸ
414 4497 555 4552 εἶναι
602 4501 690 4552 ἴσα
717 4501 862 4570 Θεῷ·
895 4502 1229 4554 κεκενῶσθαι
1259 4503 1313 4554 δὲ
1358 4503 1555 4571 μᾶλλον
1608 4503 1717 4554 ἐθεο
1749 4521 1756 4574 1

1821 4513 2001 4567 Patris
2032 4521 2169 4577 erat,
2228 4527 2331 4565 non
2384 4511 2628 4579 rapinam
2677 4508 2998 4562 arbitratum
3046 4507 3381 4575 aequiparare

177 4587 340 4661 λοντὴν
392 4592 605 4663 μορφὴν
640 4593 826 4644 δούλου
882 4593 1131 4654 λαϐόντα,
1188 4595 1280 4644 καὶ
1322 4596 1376 4644 ἐν
1410 4594 1712 4663 ὁμοιώματι

177 4682 455 4752 ἀνθρώπων
502 4686 806 4754 γενόμενον.
842 4686 1181 4753 ιῐροσεπάγει
1215 4685 1290 4742 δὲ,
1330 4687 1407 4737 ὅτι
1461 4685 1714 4738 τεταπεί-

177 4762 326 4825 ειιωλὶεν
377 4776 587 4839 ἑαυτὸν,
630 4776 915 4845 γενόμενος
967 4777 1200 4844 ὑπήκοος
1243 4778 1403 4847 μέχρι
1458 4777 1709 4841 θανάτου,

178 4862 384 4918 θανάτου
419 4866 476 4918 δὲ
513 4867 765 4937 σταυροῦ.
806 4867 973 4936 Εἴπερ
1022 4863 1112 4918 οὖν
1167 4866 1460 4937 διαιρετέον
1509 4870 1586 4930 εἰς
1624 4868 1715 4919 δύο

177 4954 420 5024 Χριστοὺς
448 4961 541 5010 καὶ
581 4959 746 5022 υἱοὺς,
789 4959 878 5010 τὸν
906 4960 997 5010 ἕνα
1027 4959 1119 5010 καὶ
1151 4960 1309 5028 μόνον
1353 4960 1585 5028 Χριστὸν
1624 4959 1718 5011 καὶ

179 5047 378 5117 Κύριον,
407 5050 505 5103 καὶ
529 5049 669 5101 κατὰ
691 5067 752 5117 γε
781 5050 840 5101 τό
872 5067 976 5102 τισι
1005 5050 1214 5114 δοκοῦν,
1247 5050 1335 5103 τὸν
1364 5052 1426 5101 ἐκ
1458 5051 1714 5116 γυναικὸς

177 5138 439 5209 ἄνθρωπον
469 5141 728 5210 τετίμηκε
770 5142 868 5210 μὲν
906 5142 1109 5209 ἰσότητι
1143 5142 1250 5193 τῶν
1297 5142 1441 5194 ίδίων
1476 5141 1716 5212 ἀξιωμά-

178 5243 266 5284 των
293 5233 320 5284 ό
347 5233 441 5284 τοῦ
470 5231 603 5285 Θεοῦ
634 5231 822 5298 Λόγος,
853 5233 945 5284 καὶ
977 5232 1208 5302 συνῆψεν
1241 5232 1417 5303 ἐαυτῷ
1453 5234 1590 5285 κατὰ
1629 5232 1718 5283 τὸν

239 5402 524 5461 "'“Joan.
580 5419 734 5469 xvnt,
789 5405 838 5458 5.
919 5404 1123 5460 "Gen.
1156 5421 1235 5472 Ill,
1281 5406 1305 5457 1
1358 5419 1508 5473 ερίιίιο

1598 5405 1641 5435 ²⁰
1668 5403 1831 5458 Hebr.
1879 5420 1937 5470 tt,
1979 5405 2064 5469 16,
2106 5407 2189 5460 17.
2292 5409 2332 5439 ¹¹

1823 4618 1880 4657 se
1907 4602 2013 4656 Deo
2040 4619 2050 4662 ;
2081 4600 2197 4663 sed,
2233 4598 2410 4654 servili
2441 4597 2610 4653 forma
2645 4607 2913 4664 suscepta,
2941 4595 3078 4648 ultro
3109 4609 3165 4648 sc
3195 4595 3383 4648 exina-

1827 4694 2028 4746 nivisse
2095 4692 2480 4757 hominumque
2541 4687 2945 4740 similitudinem
2992 4687 3240 4742 subiisse.
3275 4685 3383 4738 Ad-

1824 4784 1900 4837 dit
1939 4792 2198 4850 prazterea
2245 4781 2480 4847 seipsum
2532 4778 2860 4840 Inttniliasse,
2908 4775 3380 4842 obedientiamque

1831 4874 1894 4925 ad
1923 4881 2143 4925 mortem
2183 4884 2350 4936 usque
2391 4869 2730 4937 prmstitisse,
2778 4875 3001 4920 mortem
3035 4875 3210 4917 autem
3254 4878 3380 4916 cru-

1829 4963 1928 5016 cis.
1963 4961 2017 5014 Si
2055 4975 2215 5013 unum
2262 4974 2389 5028 ergo
2420 4967 2473 5012 et
2503 4957 2678 5012 solum
2708 4957 2980 5012 Christum
3009 4964 3061 5007 et
3094 4954 3380 5008 Dominum

1835 5053 1886 5104 iu
1939 5052 2072 5106 duos
2107 5050 2350 5105 Cltristos
2401 5058 2453 5104 et
2498 5050 2653 5113 lilios,
2710 5058 2764 5101 ut
2816 5046 3132 5115 quibusdam
3188 5046 3383 5112 placet.

1829 5141 2002 5194 divelli
2038 5149 2286 5208 oportet;
2334 5152 2493 5209 atque
2554 5140 2640 5192 Dei
2702 5137 2934 5191 Verbum
2991 5137 3261 5189 hominem
3308 5149 3376 5187 ex

1831 5233 2052 5287 muliere
2097 5244 2272 5286 ortum
2308 5235 2540 5302 propria:
2591 5231 2885 5298 majestatis
2937 5229 3245 5298 aequalitate
3290 5229 3382 5280 dc-

2393 5407 2520 5461 ibitl.
2589 5407 2673 5460 Η.
2782 5407 2825 5438 ²²
2863 5405 3086 5474 Philipp.
3123 5421 3180 5468 ιι,
3224 5402 3380 5457 5-11.

1249 5578 1420 5636 Variae
1457 5580 1711 5637 lectiones
1731 5582 1931 5636 codicis
1958 5581 2307 5651 Seguieriani.

241 5771 266 5799 ν
293 5760 595 5823 πεπτωκός.
