4092 6334
679 401 814 456 1555
1483 413 1486 415 ‘
1660 401 1717 451 S.
1764 393 2036 451 CYRILLI
2075 392 2538 450 ALEXANDRINI
2579 392 2892 447 ARCIIIEP.
3775 395 3917 451 I356

673 521 837 588 quod,
875 533 992 572 eum
1025 532 1156 588 puer
1179 527 1339 583 esset,
1365 517 1628 586 ejusmodi
1651 516 1822 586 gratia
1844 524 2068 569 ornatus
2098 525 2234 576 erat.

2344 515 2504 583 ῆγουν
2550 513 2880 580 προκόπτειν
2925 513 2980 565 ἐν
3016 515 3193 585 χάριτι
3229 516 3376 585 παρά
3420 533 3477 568 τε
3513 515 3630 584 θεῷ
3677 516 3770 568 καὶ
3803 516 3917 567 ἀν·-

672 627 773 680 qna
829 611 990 664 Deum
1046 610 1310 664 decebat:
1353 607 1783 676 quandoquidem
1826 608 1967 660 Deus
2007 605 2236 660 Verbum

2349 604 2615 674 θρώποις,
2664 604 2723 656 τὸ
2771 605 2992 666 ἀπεικὸς
3023 605 3171 657 οὐδέν
3197 623 3210 638 ⁸
3245 608 3291 657 εί
3340 607 3433 659 καὶ
3476 607 3636 669 αὐτὸς
3663 607 3691 657 6
3725 605 3917 674 Πατὴρ

671 712 808 763 erat,
837 712 890 754 et
926 712 1029 764 est,
1067 703 1281 755 etiamsi
1317 701 1368 752 in
1397 714 1560 753 carne
1591 699 1921 765 apparuerit,
1976 697 2236 764 nobisque

2344 693 2636 762 ἀπεδέχετο
2664 693 2761 762 τὴν
2795 694 3125 762 οἰκονομίαν,
3161 696 3255 749 καὶ
3283 697 3446 749 αὐτὸν
3471 697 3525 748 δέ
3561 696 3650 747 τὸν
3682 695 3808 747 Υίδν
3838 699 3918 747 οὶ-

671 792 866 844 similis
893 792 1115 844 effectus
1173 791 1261 844 sit.
1290 789 1431 842 Nihil
1467 789 1687 856 proinde
1715 789 1952 852 absurdi,
1985 795 2077 839 aut
2097 801 2123 837 a
2161 800 2236 836 ra-

2344 783 2658 852 Scatou'pevov
2687 782 2753 834 τὰ
2785 785 3042 853 σαρκικὰ,
3069 785 3161 838 διά
3188 786 3252 838 τὸ
3275 785 3352 855 τῷ
3385 785 3665 856 μυστηρίῳ
3702 786 3918 855 πρέπον

670 883 814 936 tione
844 882 1076 935 alienum
1106 882 1388 943 asseritnr,
1438 881 1481 933 si
1528 881 1692 934 etiam
1745 879 1976 948 gratiam
2024 877 2236 938 habere1

2344 891 2402 926 τε
2433 875 2567 943 ὁμοῦ
2600 875 2694 926 καὶ
2724 875 2783 925 τὸ
2816 877 3101 946 χρήσιμον.

669 976 766 1028 hoc
799 986 881 1029 est
916 976 1090 1044 gratia
1118 978 1252 1043 apud
1278 976 1439 1028 Deum
1475 985 1527 1028 et
1557 976 1800 1028 homines
1861 974 2120 1041 prolicere
2167 970 2411 1024 dicatur:
2464 985 2585 1023 nam
2629 972 2740 1037 ipse
2778 970 2936 1023 Pater
3004 980 3110 1023 tam
3162 970 3333 1040 ipsam
3389 973 3570 1027 carnis
3627 973 3920 1042 dispensao

671 1070 890 1132 tionem,
916 1083 1074 1136 quam
1106 1067 1278 1137 ipsum
1307 1068 1468 1120 etiam
1503 1066 1696 1119 Filium
1737 1081 1856 1134 quzc
1908 1065 2089 1118 carnis
2155 1072 2279 1116 sunt
2316 1064 2555 1131 prepria,
2590 1071 2806 1132 propter
2870 1064 3151 1117 utilitatem
3196 1064 3547 1133 niysteriiqne
3598 1067 3921 1118 convenien-

670 1164 797 1213 tiam
832 1162 930 1213 sibi
965 1161 1336 1225 asciscentem,
1365 1171 1582 1229 accepta
1609 1161 1855 1214 habebat.

740 1251 896 1304 XVII.
927 1270 943 1302 ι
973 1253 1045 1305 [)ε
1064 1255 1148 1306 die
1169 1264 1345 1306 autem
1372 1254 1458 1306 illa
1482 1264 1535 1307 et
1566 1256 1697 1307 hora
1732 1269 1887 1307 nemo
1914 1255 2035 1320 scit,
2057 1267 2230 1321 neque

669 1344 842 1411 angeli
879 1344 1161 1407 caelorum,
1192 1359 1365 1412 neque
1392 1344 1578 1410 Filius,
1611 1345 1711 1399 nisi
1750 1345 1897 1399 solus
1925 1344 2086 1397 Pater
2125 1345 2166 1397 ⁸.
2207 1363 2226 1395 ›

669 1437 724 1488 Si
757 1436 1035 1490 Christum
1073 1452 1235 1489 unum
1270 1438 1560 1506 (objiciunt
1591 1439 1710 1507 illi),
1735 1440 1834 1492 hoc
1869 1449 1950 1492 est
1983 1439 2073 1491 Dei
2100 1437 2234 1491 Ver-

669 1530 793 1580 bum
855 1527 1221 1589 incarnatum,
1275 1530 1326 1580 id
1385 1541 1468 1582 est
1535 1531 1807 1583 hominem
1858 1529 2062 1583 factum
2114 1542 2235 1584 esse

668 1627 824 1672 certo
864 1620 1126 1686 statuitis,
1178 1620 1452 1687 quomodo
1490 1621 1532 1673 is
1565 1620 2060 1674 consummationis
2089 1621 2230 1674 diem

669 1710 990 1780 ignoravit?
1045 1710 1455 1779 Respondemus
1523 1713 1830 1768 divinorum
1898 1723 2231 1766 secretorum

2413 1253 2509 1306 IZ'.
2553 1271 2572 1302 ι
2603 1251 2737 1320 Περὶ⁹
2765 1250 2821 1302 δὲ
2848 1249 2946 1319 τῆς
2975 1249 3192 1319 ἡμέρας
3233 1249 3447 1318 ἐκείνης
3495 1249 3590 1300 καὶ
3631 1248 3730 1319 τῆς
3765 1248 3920 1318 ὥρας

2341 1343 2513 1405 οὐδεὶς
2559 1338 2718 1404 οἶδεν,
2761 1340 2902 1394 οὔτε.
2929 1345 2977 1393 oi
3016 1342 3238 1409 ἄγγελοι
3278 1341 3387 1394 τῶν
3413 1341 3678 1414 οὐρανῶν,
3714 1340 3838 1394 οὔτε
3889 1343 3920 1392 6

2342 1435 2490 1498 Υἱὸς,
2525 1435 2573 1484 εί
2607 1434 2679 1503 μὴ
2709 1436 2736 1485 ὁ
2771 1435 2977 1503 Πατήρ.
3005 1451 3022 1483 ι
3058 1435 3118 1486 Ei
3158 1433 3393 1503 Χριστὸν
3419 1433 3534 1495 ἕνα,
3571 1434 3916 1503 φασὶν,ὀμο-

2340 1528 2520 1594 λογεῖν
2579 1523 2855 1590 ἐγνώκατε
2910 1526 2999 1576 τὸν
3050 1525 3184 1578 Θεοῦ
3238 1526 3408 1592 Λόγον
3471 1526 3921 1594 σεσαρκωμένον,

2339 1619 2505 1688 ήγουν
2553 1615 3037 1687 ἐνηνθρωπηκὸτα,
3072 1617 3188 1678 πῶς
3239 1616 3473 1683 ἠγνόησε
3503 1615 3600 1686 τὴν
3647 1621 3746 1683 τῆς
3787 1633 3921 1667 συν-ι

2339 1707 2550 1770 τελείας
2579 1705 2827 1776 ἡμέραν;
2860 1705 3040 1774 Φαμὲν
3070 1701 3182 1770 οὖν,
3228 1693 3307 1757 ὅτι
3339 1705 3397 1758 τὸ
3443 1707 3705 1775 ἀγνοῆσαι
3750 1706 3920 1774 τυχὸν

670 1804 1060 1869 ignorationem
1131 1817 1302 1871 neque
1363 1805 1679 1871 probrosam
1745 1818 1866 1858 esse
1928 1812 2232 1867 creaturas,

2344 1799 2402 1850 τὰ
2431 1800 2488 1850 ἐν
2514 1798 2634 1866 Θεῷ
2678 1799 2970 1868 μυστήρια,
3007 1795 3130 1849 οὔτε
3165 1797 3430 1867 ἀσύνηθες
3456 1837 3471 1858 ,
3498 1796 3620 1850 οὔτε
3653 1801 3758 1866 μὴν
3789 1798 3906 1848 ἑτέ-

669 1907 841 1961 neque
895 1893 1070 1946 eidem
1121 1907 1338 1961 quoque
1396 1893 1734 1946 inusitatam.
1807 1893 2080 1960 Scriptum
2152 1901 2235 1945 est

677 1981 857 2033 enim:
902 1999 919 2032 ι
957 1979 1090 2047 Quis
1131 1981 1277 2034 novit
1323 1990 1555 2034 mentem
1600 1981 1900 2036 Domini”?
1936 2000 1954 2032 ›
1995 1981 2049 2035 Si
2108 1995 2236 2049 ergo

667 2072 859 2132 Filius,
897 2079 1168 2140 quatenus
1215 2072 1375 2125 homo
1407 2069 1582 2125 factus
1635 2082 1740 2139 est,
1791 2092 1810 2122 ι
1865 2072 2136 2141 paululum
2167 2071 2238 2123 ab

669 2164 872 2232 angelis
906 2163 1206 2216 minoratus
1251 2181 1270 2213 ι
1308 2161 1508 2215 dicitur
1535 2163 1576 2194 ¹⁰
1617 2163 1762 2234 (nam
1796 2175 1854 2217 ut
1892 2165 2069 2230 Deus,
2117 2165 2237 2217 uni-

669 2270 838 2309 versa:
867 2266 1129 2308 creaturae
1170 2255 1438 2322 praestat),
1480 2256 1606 2324 quid
1647 2257 1839 2309 mirum
1876 2268 1976 2318 est.
2008 2258 2048 2310 si
2086 2271 2236 2325 atque

669 2357 834 2413 atque
886 2347 1083 2416 angeli,
1139 2346 1231 2401 Dei
1307 2357 1516 2402 secreta
1575 2348 1826 2418 ignorare
1876 2349 2232 2417 perhibetur;

669 2440 795 2492 licet
843 2439 887 2494 is
938 2440 1027 2493 Dei
1083 2439 1259 2493 Patris
1307 2439 1570 2508 sapientia
1609 2451 1661 2492 et
1681 2442 1853 2494 virtus
1899 2442 1970 2495 sit
2009 2443 2048 2472 “
2082 2441 2103 2494 ?
2142 2441 2234 2494 Dei

665 2541 794 2578 vero
821 2525 997 2581 Patris
1020 2529 1285 2595 sapientia
1321 2546 1422 2582 non
1465 2538 1641 2597 potest
1674 2544 1735 2583 ea
1773 2533 2007 2594 nescire,
2035 2547 2153 2601 quae
2177 2533 2229 2585 in

669 2621 784 2685 ipso
832 2619 1011 2671 abdita
1058 2619 1241 2672 latent.
1284 2613 1444 2689 140
1469 2618 1523 2672 Si
1560 2620 1702 2672 enim
1746 2619 1981 2688 Spiritus
2025 2623 2231 2685 omnia,

668 2710 834 2763 etiam
888 2708 1148 2779 profunda
1200 2709 1294 2763 Dei
1351 2719 1625 2764 scrutatur
1667 2709 1745 2775 “,
1792 2720 1846 2764 et
1891 2711 1977 2764 ille
2031 2711 2232 2766 Christi

670 2800 904 2869 Spiritus
955 2810 1062 2864 est,
1110 2803 1383 2870 quomodo
1439 2803 1490 2854 id
1562 2802 1833 2868 nesciret,
1896 2806 2036 2870 quod
2091 2804 2237 2857 illius

672 2893 906 2962 Spiritus
965 2902 1156 2946 exacte
1205 2893 1404 2946 callet?
1437 2893 1616 2957 Quare
1674 2893 1802 2946 licet
1855 2904 1913 2947 ut
1947 2897 2106 2948 homo
2136 2896 2236 2948 ali-

670 2985 798 3053 quid
833 2981 1128 3038 nescivisse
1152 2985 1384 3046 dicatur,
1427 2997 1484 3034 ut
1524 2985 1661 3036 Dens
1696 2993 1872 3036 tamen
1913 2983 2094 3037 onmia
2137 2998 2236 3036 no-

680 3085 784 3129 rat.
819 3075 930 3128 Etsi
962 3089 1090 3143 ergo
1121 3082 1178 3126 ut
1207 3073 1366 3127 homo
1391 3075 1779 3141 ignorationem
1814 3090 1920 3142 prae
1947 3088 2006 3128 se
2051 3074 2236 3138 ferret,

669 3167 796 3221 dum
841 3166 906 3221 de
949 3164 1181 3228 Lazaro,
1232 3183 1250 3215 ι
1277 3165 1379 3220 Ubi
1421 3167 1672 3232 posuistis
1697 3181 1817 3218 eum
1848 3165 1929 3217 Ia?
1958 3184 1974 3216 ι
2015 3180 2240 3234 percon-

672 3268 900 3321 taretur,
952 3273 1074 3312 mox
1110 3269 1308 3319 tamen,
1344 3258 1466 3311 dum
1506 3258 1706 3326 potenti
1757 3258 1954 3311 virtute
1983 3273 2050 3310 ex
2089 3274 2236 3312 mor-

674 3352 782 3404 tuis
836 3349 982 3403 illmn
1026 3350 1356 3412 exsuscitat,
1401 3350 1565 3402 Deum
1595 3364 1652 3402 se
1682 3364 1802 3402 esse
1841 3359 2025 3417 aperte
2055 3349 2233 3403 decla-

673 3450 779 3493 rat.
830 3439 1148 3493 Tribuentes
1192 3439 1354 3507 igitur
1399 3439 1792 3490 incarnationis
1841 3437 2231 3506 dispensationi

2340 1906 2446 1957 ρως
2474 1888 2723 1959 ἀπρεπὲς
2751 1889 2816 1940 ἂν
2851 1887 2936 1956 εἴη
2969 1889 3036 1957 τῇ
3062 1887 3255 1940 κτίσει.
3289 1906 3305 1938 ι
3343 1888 3439 1950 Τίς
3462 1888 3570 1959 γὰρ
3604 1888 3742 1954 ἔγνω
3778 1886 3910 1938 νοῦν

2337 1983 2578 2054 κυρίους
2625 2002 2642 2033 ι
2696 1982 2837 2034 κατὰ
2876 1982 2933 2034 τὸ
2984 1982 3386 2050 γεγραμμένον.
3441 1983 3546 2035 Καὶ
3593 1985 3641 2033 εἰ
3693 1981 3940 2046 λέγεταιο

2340 2073 2512 2144 βραχὺ
2544 2075 2671 2143 παρ’
2704 2073 2968 2141 ἀγγέλους
2998 2073 3345 2142 ὴλαττῶσθαι
3380 2077 3408 2126 6
3443 2074 3600 2137 Υἱὸς,
3647 2074 3780 2125 καθὸ
3821 2075 3918 2139 γέ-

2337 2183 2493 2233 γονεν
2541 2165 2826 2235 ἅνθρωπος
2874 2163 3139 2234 δηλονότι,
3190 2166 3365 2217 καίτοι
3412 2167 3636 2228 κτίσεως
3687 2165 3914 2234 ἀπάσης

2337 2254 2412 2308 ὢν
2445 2255 2704 2308 ἐπέκεινα
2739 2254 2964 2317 θεῖκῶς⁶
3017 2255 3069 2305 τί
3118 2253 3177 2306 τὸ
3225 2254 3430 2322 θαῦμα,
3478 2254 3577 2307 κᾶν
3626 2255 3764 2323 ὁμοῦ
3794 2257 3917 2314 τοῖς

2337 2351 2591 2418 ἀγγέλοις
2613 2350 2825 2417 ἀγνοεῖν
2855 2348 3080 2419 λέγηται
3107 2348 3167 2400 τὸ
3197 2349 3252 2400 ἐν
3286 2345 3402 2416 Θεῷ
3434 2348 3754 2416 μυστήριον,
3777 2346 3920 2396 καί-

2339 2459 2422 2494 τοι
2457 2442 2619 2509 σοφία
2649 2441 2743 2493 καὶ
2764 2440 2992 2509 δύναμις
3019 2439 3278 2507 ὑπάρχων
3309 2438 3473 2490 αὑτοῦ
3499 2456 3512 2500 ;
3543 2434 3677 2490 Εἶτα
3707 2437 3822 2498 πῶς
3852 2437 3920 2488 ἂν
3945 2447 3954 2454 ·

2337 2534 2611 2603 ἠγνόησεν
2651 2534 2684 2602 ή
2736 2531 2892 2598 σοφία
2921 2530 3015 2583 τοῦ
3065 2530 3271 2599 Πατρὸς
3301 2530 3374 2581 τά
3403 2531 3458 2581 ὲν
3489 2529 3638 2598 αὑτῷ
3672 2545 3921 2598 κεκρυμ-

2345 2627 2514 2695 μένα;
2555 2626 2663 2677 Καὶ
2696 2625 2742 2675 εἰ
2782 2625 2842 2674 τὸ
2899 2621 3121 2690 Πνεῦμα
3170 2621 3391 2687 λέγεται
3441 2621 3621 2673 πάντα
3661 2623 3922 2690 ἐρευνᾷν,

2338 2716 2432 2769 καὶ
2455 2718 2522 2769 τὰ
2547 2714 2684 2784 βάθη
2708 2713 2799 2766 τοῦ
2831 2713 2987 2776 Θεοῦ,
3009 2711 3233 2781 Πνεῦμα
3257 2710 3312 2762 δέ
3341 2713 3456 2762 ἐστι
3486 2710 3579 2764 τοῦ
3611 2711 3850 2782 Χριστοῦ
3869 2724 3924 2772 υ,

2340 2806 2457 2869 πῶς
2504 2806 2568 2859 ἂν
2617 2805 2776 2867 αὐτὸς
2830 2805 3119 2872 ἠγνόησεν,
3167 2803 3308 2873 ἅπερ
3364 2799 3503 2855 οἶδεν
3562 2802 3808 2873 ἀκριϐῶς
3859 2804 3923 2854 τὸ

2340 2897 2565 2964 Πνεῦμα
2596 2894 2791 2956 aureo;
2821 2893 3028 2945 Οὐκοῦν
3061 2895 3161 2947 κᾶν
3191 2895 3401 2960 ἀγνοεῖν
3439 2893 3792 2961 ἀνθρωπίνως
3825 2893 3924 2944 λέ-

2341 3001 2524 3052 γηται,
2571 2983 2683 3035 ἀλλ’
2716 2979 2826 3034 οἶδε
2863 2981 3077 3044 θεῐκῶς.
3112 2983 3222 3033 Καὶ
3263 2980 3414 3047 γοῦν,
3475 2999 3492 3030 ι
3536 2981 3644 3034 Ποῦ
3680 2982 3924 3035 τέθειται

2343 3074 2624 3140 Λάζαρος;
2655 3091 2672 3122 ι
2696 3072 2932 3143 ἐρωτῶν,
2955 3072 3028 3134 ὡς
3056 3071 3172 3134 ἐξὸν
3202 3071 3348 3141 αὐτῷ
3370 3072 3443 3143 μὴ
3470 3072 3664 3126 εἰδέναι
3692 3075 3833 3126 κατὰ
3859 3075 3925 3126 τὸ

2344 3163 2702 3234 ἀνθρώπινον,
2751 3166 3023 3234 ἐνήργηκε
3071 3163 3285 3227 θεῖκῶς,
3314 3164 3622 3235 ἀναστήσας
3655 3165 3822 3217 αὑτὸν
3855 3167 3923 3218 ἐκ

2347 3255 2576 3327 νεκρῶν.
2620 3255 3008 3318 Ἀπονέμοντες
3036 3254 3210 3307 τοίνυν
3244 3257 3309 3325 τῇ
3359 3256 3494 3326 μετά
3530 3257 3731 3326 σαρκὸς
3774 3259 3925 3309 οίκο-

2343 3348 2506 3417 νομίᾳ.
2537 3347 2604 3400 τὰ
2636 3346 2986 3418 ἀνθρώπινα,
3015 3349 3344 3416 τηρήσωμεν
3373 3348 3610 3410 εὐσεϐῶς
3645 3352 3739 3400 καὶ
3792 3350 3928 3402 καθ’

2341 3439 2486 3507 ἡμᾶς
2519 3437 2760 3505 γεγονότι
2792 3437 2867 3506 τῷ
2897 3440 2960 3489 ἐκ
2985 3437 3121 3490 Θεοῦ
3143 3437 3318 3504 ,φύντι
3342 3437 3498 3507 Λόγῳ
3522 3439 3586 3490 τά
3613 3438 3921 3510 θεοπρεπῆ.

672 3550 732 3586 ea
765 3548 883 3601 qnaa
915 3531 1147 3585 hominis
1198 3539 1352 3592 sunt,
1403 3543 1681 3583 servemus
1744 3530 1932 3596 etiam,
1982 3545 2086 3598 qua
2125 3532 2279 3585 decet
2317 3532 2540 3600 pietate,
2591 3531 2665 3585 illi
2709 3531 2802 3599 qui
2863 3531 3034 3585 instar
3083 3532 3250 3584 nostri
3319 3528 3493 3584 factus
3522 3543 3604 3584 est
3637 3532 3820 3595 homo,
3851 3546 3924 3586 ex

675 3624 784 3677 Deo
807 3622 987 3688 genito
1017 3618 1217 3682 Verbo,
1250 3635 1368 3687 qua:
1395 3619 1493 3685 ipsi
1531 3630 1587 3671 ut
1615 3618 1723 3673 Deo
1754 3622 2099 3674 conveniunt.

746 3712 930 3768 XVIII.
975 3730 992 3762 ι
1045 3712 1307 3766 Clamavit
1358 3709 1516 3765 Jesus
1563 3726 1695 3765 voce
1738 3729 1959 3781 magna,
1991 3714 2182 3768 dicens
2221 3731 2236 3767 :

677 3803 820 3858 Deus
871 3819 1061 3867 meus,
1114 3802 1252 3857 Deus
1312 3817 1497 3866 meus,
1567 3802 1757 3870 utquid
1801 3820 1886 3857 me
1939 3806 2232 3874 dereliqui-

675 3899 740 3950 Sli
777 3895 858 3969 9?
891 3913 908 3946 ι
939 3895 1186 3962 Nunquid
1230 3895 1401 3962 ipsum
1439 3907 1655 3963 quoque
1693 3892 1947 3959 Verbum,
1993 3896 2135 3963 quod
2172 3911 2240 3950 ex

674 3989 786 4042 Deo
813 3987 971 4039 Patre
996 3995 1176 4038 natum
1217 3994 1319 4047 est,
1371 3984 1554 4038 divino
1588 3984 1790 4038 auxilio
1829 3985 2129 4054 indiguisse
2162 3988 2243 4040 di-

675 4078 902 4136 cemus?
936 4077 1004 4130 At
1033 4077 1158 4144 quid
1181 4091 1244 4129 eo
1271 4076 1374 4129 dici
1405 4084 1580 4144 potest
1612 4076 1863 4130 stultius?
1901 4078 2097 4130 Annon
2132 4093 2236 4131 una

675 4189 795 4226 enm
832 4171 940 4224 Deo
985 4170 1143 4223 Patre
1181 4169 1552 4222 universorum
1593 4167 1851 4222 Dominus
1883 4180 1996 4232 est,
2031 4185 2240 4239 suoque

676 4264 879 4334 Spiritu
913 4265 1105 4318 cmlum
1142 4263 1342 4324 lirmat,
1377 4276 1439 4316 ac
1469 4263 1732 4315 virtutum
1769 4262 2024 4315 Dominus
2058 4263 2240 4332 appel-

2415 3715 2522 3768 IH'.
2566 3733 2583 3765 ι
2632 3714 2854 3784 Ἐϐόήσε
2889 3714 2946 3767 δὲ
2991 3717 3140 3783 φωνῇ
3189 3712 3402 3783 μεγάλῃ
3447 3714 3475 3765 ὁ
3534 3711 3773 3780 Ἰησοῦς·
3815 3713 3924 3766 Θεέ

2349 3825 2473 3877 μου,
2506 3806 2605 3857 Θεέ
2640 3823 2764 3874 μου,
2800 3806 2889 3858 ἵνα
2936 3804 2988 3856 τί
3037 3822 3103 3874 με
3157 3805 3543 3872 ἐγκατέλιπες;
3578 3823 3596 3855 ι
3630 3800 3776 3873 Ἀρα
3824 3800 3925 3857 οῦν

2345 3901 2438 3950 καὶ
2483 3897 2642 3950 αὑτὸν
2683 3897 3003 3967 ἐπικουρίας
3028 3895 3126 3965 τῆς
3157 3896 3362 3949 ἄνωθέν
3407 3913 3587 3966 φαμεν
3635 3895 3925 3965 δεδεῆσθαι

2345 3989 2435 4040 τὸν
2469 3990 2530 4041 ἐκ
2565 3986 2698 4040 Θεοῦ
2746 3984 2956 4058 Πάτρὸς
2987 3987 3192 4055 Λόγον;
3221 3987 3413 4041 Καίτοι
3448 3989 3558 4050 πῶς
3585 3986 3741 4040 τοῦτό
3770 3991 3926 4040 ἐστιν

2347 4081 2446 4132 οὐκ
2493 4078 2686 4150 εὔηθες
2732 4080 2958 4150 κομιδῇ;
2991 4079 3368 4149 Συγκατάρχει
3400 4080 3505 4151 γὰρ
3532 4078 3640 4130 τῶν
3671 4079 3809 4131 ὅλων
3843 4079 3926 4148 τῷ

2348 4171 2466 4240 Θεῴ
2501 4173 2592 4223 καὶ
2623 4173 2799 4240 Πατρὶ
2824 4211 2838 4235 ,
2874 4172 2968 4223 καὶ
3015 4175 3224 4242 στερεοί
3258 4172 3356 4242 μὲν
3384 4171 3642 4241 οὐρανοὺς
3675 4169 3752 4238 τῷ
3806 4171 3928 4238 ἰδίῳ

2349 4261 2652 4330 Πνεύματι,
2680 4262 2882 4330 Κύριος
2913 4261 2970 4313 δὲ
2998 4263 3105 4314 τῶν
3132 4263 3412 4332 δυνάμεων
3463 4260 3787 4332 ὀνομάζεται
3827 4263 3927 4314 καὶ

677 4356 838 4422 latur,
873 4363 1034 4408 etest
1063 4354 1164 4407 hoc
1199 4353 1376 4422 ipsum
1415 4365 1536 4406 vere
1566 4352 1653 4404 "‘I
1687 4351 1938 4420 Nunquid
1973 4367 2102 4422 ergo
2149 4355 2236 4407 ad-

2351 4351 2463 4403 ἔστι
2505 4353 2645 4404 κατὰ
2691 4352 2967 4423 ἀλήθειαν.
3015 4354 3154 4405 Ἀλλ’
3198 4355 3456 4426 ήτόνήσεν
3502 4356 3607 4425 ἄρα
3652 4355 3788 4424 πρὸς
3821 4357 3927 4419 τὰς

675 4460 869 4500 versus
900 4443 1212 4498 Judmorum
1239 4445 1462 4498 insidias
1483 4444 1752 4514 elanguit?
1779 4442 2036 4513 Nunquid
2065 4446 2240 4499 cruei-

679 4536 957 4605 ﬁgentium
991 4549 1182 4587 manus
1204 4534 1474 4587 debellare
1503 4550 1607 4588 non
1641 4536 1812 4602 potuit
1833 4535 1856 4587 ?
1877 4538 2038 4603 Atqui
2067 4535 2231 4589 Isaias

675 4627 940 4696 propheta
972 4622 1049 4676 sic
1083 4623 1189 4676 ait:
1235 4639 1253 4672 ι
1293 4623 1347 4674 Si
1372 4638 1559 4676 omnes
1589 4635 1774 4692 gentes
1813 4628 1964 4694 quasi
1990 4627 2130 4679 stilla
2174 4627 2240 4681 de

677 4716 860 4778 situla,
904 4722 959 4768 et
998 4711 1151 4780 quasi
1183 4720 1514 4765 momentum
1546 4722 1764 4766 staterae
1791 4727 2052 4782 reputatae
2091 4727 2237 4780 sunt,

677 4806 904 4876 etquasi
956 4804 1120 4860 saliva
1179 4802 1626 4872 reputabuntur:
1688 4806 1773 4857 cui
1824 4821 1952 4876 ergo
2008 4808 2239 4860 similem

679 4891 884 4946 fecistis
911 4889 1118 4946 Deum?
1146 4898 1239 4942 aut
1267 4888 1354 4942 cui
1381 4886 1603 4954 imagini
1622 4890 1974 4954 comparastis
1994 4905 2114 4943 eum
2135 4891 2241 4943 ΨΒ»

680 4981 991 5034 Meminisse
1050 4981 1151 5035 hoc
1203 4981 1323 5035 loco
1387 4986 1603 5047 oportet
1659 4974 1896 5031 Judaicaa
1958 4978 2252 5048 Synagoga:

681 5069 1030 5124 administros
1071 5085 1190 5123 cum
1239 5070 1470 5123 militum
1502 5067 1759 5129 cohorte,
1796 5066 1928 5118 duce
1955 5067 2246 5133 proditore,

2347 4440 2455 4492 τῶν
2495 4441 2764 4494 Ἰουδαίων
2815 4443 3125 4510 ἐπιϐουλὰς,
3160 4445 3252 4495 καὶ
3285 4445 3494 4514 ἄμαχος
3521 4440 3588 4514 ἦν
3619 4444 3770 4514 αὑτῷ
3809 4446 3926 4498 τῶν

2350 4529 2727 4598 σταυροῦντων
2779 4535 2812 4602 ή
2865 4533 3006 4604 χείρ.
3077 4534 3270 4586 Καίτοι
3330 4537 3493 4604 φησὶν
3551 4535 3579 4586 ὁ
3633 4538 3929 4604 προφήτης

2358 4621 2586 4684 Ἡσαΐας
2608 4638 2620 4652 ·
2659 4643 2676 4673 ι
2716 4624 2775 4676 Εἰ
2822 4626 2996 4679 πάντα
3034 4625 3101 4678 τὰ
3129 4625 3255 4698 ἔθνη
3287 4625 3360 4689 ὡς
3396 4625 3609 4692 σταγὼν
3652 4625 3760 4680 ἀπὸ
3787 4628 3928 4680 κάδ-

2347 4712 2436 4765 δου
2458 4755 2472 4779 ,
2502 4717 2594 4768 καὶ
2619 4716 2692 4778 ὡς
2723 4717 2862 4786 ῥοπὴ
2898 4716 3062 4783 ζυγοῦ
3097 4717 3474 4787 ἐλογίσθησαν,
3516 4719 3607 4770 καὶ
3637 4718 3710 4780 ὼς
3742 4718 3930 4780 σίελος

2355 4804 2797 4873 λογισθήσονται·
2831 4807 2936 4858 τίνι
2957 4807 3273 4876 ὼμοιώσατε
3299 4811 3389 4861 τὸν
3420 4809 3622 4877 Κύριον
3647 4826 3660 4872 ;
3699 4810 3792 4859 καὶ
3813 4810 3930 4861 τίνι

2358 4890 2665 4961 ὁμοιώματι
2678 4892 2995 4960 ὡμοιώσατε
3013 4895 3173 4947 αὐτόν
3190 4913 3204 4960 ;
3221 4915 3237 4946 ι
3259 4898 3455 4950 ’ἰστέον
3475 4897 3550 4958 δὲ,
3566 4899 3646 4949 ὅτι
3664 4897 3932 4966 παρῆσαν

2353 4980 2448 5046 μὲν
2480 4980 2529 5029 οι
2557 4980 2654 5048 τῆς
2697 4980 2967 5034 Ἰουδαίων
3000 4983 3321 5051 συναγωγῆς
3351 4985 3639 5055 ὑπηρέται,
3677 4988 3776 5056 τὴν
3813 4988 3931 5040 τῶν

2353 5069 2702 5138 στρατιωτῶν
2728 5071 2942 5142 ἔχοντες
2977 5075 3226 5143 σπεῖραν,
3261 5075 3559 5144 ἡγούμενον
3586 5076 3642 5128 δὲ
3669 5077 3762 5129 τὸν
3793 5096 3933 5152 προ-

681 5163 909 5218 irruisse
935 5158 1189 5216 inlesum
1224 5181 1236 5215 :
1274 5164 1471 5230 quibus
1490 5169 1685 5214 uteum
1727 5159 2225 5224 comprehenderen

2350 5159 2527 5229 δότην.
2572 5161 2787 5233 Ἐπειδὴ
2822 5163 2877 5216 δὲ
2909 5162 3134 5234 ἐζήτουν
3179 5165 3339 5218 αὐτὸν
3385 5167 3776 5232 συλλαϐέσθαι,
3817 5174 3931 5225 ἀττ-

681 5253 1072 5324 ίιιιεειειιιὶιιιιε,
1117 5253 1353 5304 occurrit
1394 5252 1504 5318 ille,
1561 5251 1787 5306 dicens:
1828 5266 1846 5300 ι
1886 5246 2053 5313 Quem
2107 5264 2251 5316 qua:-

1392 5404 1411 5430 ‘
1453 5403 1554 5459 Isa.
1597 5423 1682 5469 XL,
1727 5405 1812 5457 I3.

1343 5473 1384 5504 ¹⁵
1416 5473 1554 5528 Psal.
1593 5491 1758 5541 χχχιι,
1791 5473 1843 5538 6,
1879 5474 1964 5528 10.

753 5415 774 5446 ⁸
815 5410 1000 5464 Matth.
1035 5419 1181 5468 χχιιι,
1213 5401 1280 5455 ’56

685 5483 727 5513 ⁸⁸
758 5483 942 5544 Matth.
976 5492 1142 5543 χχιιι,
1174 5474 1262 5530 46.

1894 5403 1936 5434 ¹⁰
1980 5403 2141 5459 llebr.
2194 5419 2249 5459 ιι.
2289 5405 2337 5459 7.

2044 5474 2086 5506 ιο
2111 5472 2210 5528 lsa.
2237 5448 2336 5542 ’xc,
2370 5478 2454 5542 ιδ,
2487 5478 2569 5532 l8.

2355 5253 2485 5322 ήντα
2523 5253 2722 5320 λέγων·
2759 5276 2776 5307 ι
2809 5257 2941 5308 Τίνα
2976 5255 3221 5325 (quin;
3254 5259 3314 5312 Οί
3342 5259 3395 5312 δέ
3433 5261 3566 5331 πρὸς
3596 5261 3752 5313 τοῦτο
3788 5264 3930 5330 ἐσα-

2439 5407 2679 5488 ¹¹ιίϐοικ
2722 5411 2871 5476 ι,24.
2951 5413 2993 5442 ¹⁹
3022 5410 3184 5469 lCor.
3215 5415 3386 5488 11,110.

3466 5415 3684 5470 ".I..an.
3731 5435 3796 5482 ιι,
3841 5422 3930 5475 Si.

1772 5630 1941 5688 Variae
1980 5632 2236 5687 lectiones
2267 5633 2469 5687 codicis
2499 5633 2852 5702 Segnior-iani.
