4092 6334
156 393 292 450 I357
965 397 1053 450 AD
1094 391 1392 448 DEGINAS
1430 391 1514 446 DE
1553 391 1782 448 RECTA
1826 393 1981 447 FIDE
2020 390 2275 447 ORATIO
2314 390 2610 445 ALTERA.
3240 396 3374 451 I358

154 523 290 560 σαν·
338 507 542 578 Ἰησοῦν
583 507 674 560 τὸν
721 509 1055 581 Ναζωραῖον.
1107 507 1237 561 Εἶτα
1281 509 1414 580 πρὸς
1457 511 1653 573 αὐτοὺς
1693 513 1720 564 6
1755 520 1770 573 Λ

1755 518 1796 573 Α
1827 511 1981 565 ritis?
2032 509 2107 563 Illi
2158 521 2336 563 autem
2405 509 2710 562 dixerunt:
2775 508 2956 564 Jesum
3015 509 3371 566 Nazarenum.

157 599 380 669 Σωτήρ·
417 598 558 667 Ἐγώ
591 601 726 668 είμι.
770 602 877 654 Καὶ
925 601 1163 670 ἀπῆλθον
1193 602 1269 661 είς
1305 601 1372 652 τὰ
1401 601 1591 665 ὀπίσω,
1626 603 1719 655 καὶ

1824 603 1960 655 Dicit
1993 603 2070 654 eis
2103 599 2294 654 Jesus:
2330 601 2443 670 Ego
2475 614 2616 653 sum.
2654 598 2720 652 Et
2766 600 3013 655 abierunt
3057 613 3375 666 retrorsum,

158 690 351 742 ἔπεσον
394 688 588 758 χαμαί.
624 708 642 740 ι
677 686 807 743 Εἶτα
847 693 962 754 πῶς
999 693 1064 744 ἂν
1107 691 1367 758 ήτόνησεν
1401 693 1427 744 6
1461 694 1553 746 καὶ
1585 693 1719 762 μόνῃ

1821 701 1874 744 et
1903 691 2209 744 ceciderunt
2231 693 2281 744 in
2309 701 2501 746 terram
2535 691 2671 744 ¹⁷·¹⁸.
2713 708 2731 741 ι
2764 689 2877 743 Jam
2912 694 3179 758 ψιοιιιοιιο
3217 696 3371 746 inlir-

159 783 223 850 τῇ
244 782 394 848 φωνῇ
415 777 512 846 τὴν
541 779 647 830 τῶν
675 782 1130 834 ἐπιϐουλευόντων
1160 779 1383 847 ἐλέγξας
1407 783 1718 844 ἀσθένειαν;

1825 797 1942 835 mus
1967 782 2068 835 dici
2103 791 2294 850 potest,
2326 783 2413 849 qui
2449 783 2529 837 vel
2567 780 2678 836 sola
2715 796 2841 834 voce
2880 781 3254 834 insultantium
3296 783 3377 834 in—

160 869 224 920 Τί
268 864 361 920 οὖν
399 867 508 938 ἄρα
552 869 796 938 βούλεται
835 872 1041 938 λέγων’
1089 889 1104 921 ι
1143 871 1240 922 Θεέ
1284 889 1405 942 μου,
1450 874 1548 925 Θεέ
1595 888 1718 941 μου,

1826 872 2132 926 ﬁrmitatem
2168 874 2450 926 ostendit?
2489 874 2688 943 Ecquid
2734 886 2864 939 ergo
2903 873 3004 924 sibi
3058 873 3167 925 vult
3241 874 3378 935 quod

163 957 250 1007 ἵνα
275 955 326 1006 τί
360 973 428 1025 με
457 958 844 1024 ἐγκατέλιπες;
876 980 893 1010 ι
926 960 1107 1029 Φαμὲν
1135 961 1333 1024 τοίνυν,
1365 963 1446 1014 ὅτι
1472 962 1564 1014 τοῦ
1595 978 1724 1028 προ·-

1825 965 1920 1027 ait,
1955 983 1972 1014 ι
2021 963 2162 1018 Deus
2223 979 2392 1025 meus.
2437 965 2573 1017 Deus
2617 979 2790 1026 mens,
2828 963 3012 1030 utquid
3046 965 3377 1032 dereliquisti

163 1047 401 1116 πάτορος
441 1049 610 1118 Ἀδάμ
644 1051 741 1118 τήν
789 1049 1037 1102 δοθεῖσαν
1067 1051 1214 1122 αὐτῷ
1259 1055 1599 1123 πατήσαντος
1639 1053 1725 1102 ἐν-

1826 1055 1955 1108 me?
1989 1075 2007 1106 ›
2045 1054 2281 1109 Dicimus
2337 1054 2518 1122 igitur,
2549 1069 2668 1104 cum
2719 1052 2922 1120 primus
2980 1066 3171 1119 parens
3203 1061 3383 1105 noster

164 1136 342 1206 τολήν,
386 1140 480 1192 καὶ
510 1141 602 1192 τοῦ
635 1140 778 1192 θείου
806 1140 1171 1210 άλογήσαντος
1216 1144 1404 1212 νόμου,
1435 1141 1727 1209 ἐγκαταλέ-

1825 1145 1993 1199 Adam
2020 1145 2326 1197 mandatum
2369 1143 2507 1210 quod
2555 1153 2831 1210 acceperat
2878 1142 3255 1205 procuICusseI,
3307 1141 3385 1194 di-

166 1224 381 1279 λειπταί
432 1245 547 1290 πως
589 1231 621 1298 ή
670 1229 954 1298 ἀνθρώπου
1005 1231 1164 1299 φύσις
1219 1233 1370 1303 παρὰ
1413 1230 1506 1283 τοῦ
1556 1230 1722 1283 6:06-

1829 1236 2115 1301 vinamque
2161 1235 2328 1302 legem
2375 1233 2632 1301 neglectui
2675 1233 2954 1285 habuisset
2982 1232 3045 1292 ‘9,
3091 1231 3380 1284 humanam

166 1316 357 1382 γέγονε
384 1317 438 1369 δὲ
479 1319 748 1387 ἐπάρατος
772 1318 860 1370 διὰ
899 1321 1075 1386 τοῦτο,
1108 1323 1200 1375 καὶ
1229 1322 1444 1391 Θανάτῳ
1477 1322 1724 1391 κάτοχος.

1830 1333 2075 1377 naturam
2113 1323 2278 1376 fuisse
2342 1323 2732 1388 quodammodo
2767 1321 3096 1385 derelictam,
3144 1335 3387 1374 exsecra-

179 1408 399 1478 Ἐπειδὴ
421 1409 478 1460 δέ
506 1409 565 1460 τὸ
598 1410 900 1474 πεπονθὸςν
931 1413 1391 1482 ἀναστοιχειώσων
1415 1417 1492 1478 είς
1520 1416 1729 1484 ἀφθαρ-

1832 1415 2098 1481 bilemque
2137 1422 2192 1464 et
2229 1411 2382 1465 morti
2442 1411 2724 1463 obnoxiam
2781 1410 3022 1464 eﬂ'cctam
3060 1429 3071 1463 :
3115 1417 3167 1461 at
3229 1408 3385 1462 simul

170 1500 287 1551 σίαν
311 1500 656 1568 ἐπεδήμησεν
685 1501 713 1551 6
746 1503 1034 1574 μονογενὴς
1061 1505 1152 1556 τοῦ
1179 1504 1313 1557 Θεοῦ
1332 1506 1518 1574 Λόγος,
1539 1507 1729 1558 ἐπελά-

1833 1517 1992 1573 atque
2055 1503 2372 1572 Unigenitus
2406 1502 2520 1566 Dei,
2565 1501 2613 1555 id
2646 1503 2786 1570 quod
2816 1501 3126 1569 prolapsum
3163 1511 3301 1565 erat,
3332 1500 3383 1553 in

168 1589 288 1640 ϐετό
345 1604 405 1639 τε
471 1589 781 1658 σπέρματος
843 1593 1112 1663 Ἀϐραὰμ,
1167 1595 1260 1647 καὶ
1314 1593 1568 1664 ὡμοιώθη
1622 1598 1731 1657 τοῖς

1834 1595 2290 1662 incorruptionem
2329 1593 2730 1646 iustauraturus
2770 1593 3024 1655 advenit,
3075 1592 3389 1659 semineque

174 1676 420 1742 ἀδελφοῖς
445 1714 459 1738 ,
498 1675 604 1728 ἔδει
640 1679 774 1745 μετὰ
810 1681 905 1748 τῆς
951 1683 1180 1749 ἀρχαίας
1221 1681 1432 1752 ἐκείνης
1463 1684 1600 1752 ἀρᾶς
1640 1682 1732 1735 καὶ

1832 1687 2062 1740 Abrahae
2117 1685 2482 1752 apprehenso,
2561 1682 2825 1735 fratribus
2881 1683 2994 1735 suis
3056 1681 3389 1735 assitnilatus

169 1768 262 1835 τῆς
292 1768 621 1818 ἐπεισάκτου
648 1768 848 1839 φθορᾶς
878 1771 1173 1839 καταλῆξαι
1207 1771 1303 1840 τὴν
1328 1772 1729 1841 ἐγκατάλειψιν,

1835 1775 1934 1828 fuit
1965 1775 2050 1838 ‘°;
2084 1783 2210 1826 tunc
2255 1785 2359 1824 uua
2409 1785 2528 1824 cum
2570 1769 2794 1837 antiquo
2829 1768 2920 1821 illo
2961 1767 3115 1837 14],
3161 1766 3378 1819 maledi-

168 1859 230 1927 ῆν
266 1859 559 1926 ὑπέμεινεν
588 1860 648 1910 ἐν
673 1860 867 1930 ἀρχαῖς
909 1863 940 1930 ή
972 1860 1066 1911 τοῦ
1096 1861 1382 1930 ἀνθρώπου
1430 1863 1609 1930 φύσις.
1640 1864 1729 1925 Ὠς
1762 1855 1784 1912 1

1771 1855 1804 1912 Β
1834 1874 1950 1927 cto,
2006 1864 2330 1929 inductaque
2377 1858 2763 1927 corruptione,
2813 1857 3176 1910 desertionem
3228 1870 3387 1922 quam

169 1945 257 2000 οὖν
289 1942 370 2011 εἷς
401 1950 656 2018 ὑπάρχων
705 1951 813 2001 τῶν
846 1950 1436 2021 ἐγκαταλελειμμένων,
1475 1953 1608 2005 καθὸ
1637 1955 1730 2005 καὶ

1835 1954 2068 2006 humana
2118 1959 2310 2002 natura
2353 1949 2403 2000 in
2440 1964 2537 2002 suo
2576 1948 2840 2015 principio
2891 1960 3142 2015 perpessa
3177 1944 3389 2008 luerat,

172 2039 326 2100 αὐτὸς
390 2040 784 2110 παραπλησίως
855 2041 985 2109 ἡμῖν
1039 2041 1297 2110 μετέσχεν
1357 2043 1583 2112 αἵματος
1639 2045 1731 2096 καὶ

1834 2043 2213 2113 conquiescere
2259 2039 2514 2109 oportuit.
2565 2039 2750 2105 Itaque
2801 2038 2953 2104 quasi
3007 2035 3387 2090 derelictorum

174 2132 406 2201 σαρκὸς,
451 2131 542 2194 τὸ,
594 2149 610 2181 ι
653 2131 770 2184 Ἵνα
812 2132 864 2182 τί
917 2149 982 2202 με
1023 2132 1408 2200 ἐγκατέλιπες;
1453 2153 1469 2183 ι
1521 2135 1683 2203 φησίν
1717 2150 1728 2162 ·

1836 2149 1974 2187 unus
1995 2132 2285 2195 exsistens,
2315 2139 2580 2199 quatenus
2603 2137 2654 2181 et
2689 2129 2802 2197 ipse
2831 2126 3081 2180 similiter
3105 2126 3385 2182 nobiscum

170 2224 302 2292 ὅπερ
331 2218 400 2291 ἦν
427 2221 642 2282 λύοντος
667 2221 912 2292 ἐναργῶς
942 2223 1040 2294 τὴν
1076 2224 1361 2293 συμϐᾶσαν
1405 2225 1535 2293 ἡμῖν
1565 2226 1732 2290 ἐγκα-

1837 2226 2104 2295 particeps
2143 2222 2447 2275 fuitcarnis
2496 2228 2549 2274 et
2590 2219 2866 2289 sanguinis
2917 2218 2984 2280 “,
3021 2218 3198 2271 dixit:
3236 2235 3254 2267 ι
3297 2215 3392 2269 Ut-

171 2312 434 2380 τάλειψιν,
506 2313 599 2364 καὶ
646 2309 754 2363 οἷον
803 2313 1240 2375 ἐκδυσωποῦντος
1284 2314 1370 2380 ἐφ’
1424 2313 1599 2381 ἐαυτῷ
1647 2313 1735 2362 τὸν

1837 2316 1963 2382 quid
2007 2313 2340 2380 dereliquisti
2393 2312 2528 2365 me?
2560 2329 2577 2362 ι
2632 2309 2761 2374 Qua;
2789 2323 2919 2362 sane
2957 2324 3056 2362 vox
3092 2317 3209 2362 erat
3241 2322 3393 2362 ever-

174 2403 424 2471 ιιατέρα,
458 2404 550 2453 καὶ
577 2401 867 2464 καλοῦντος
907 2403 986 2464 εἰς
1035 2402 1320 2471 εὐμένειαν
1350 2400 1449 2470 τὴν
1488 2401 1573 2466 ἐφ’
1607 2401 1736 2468 ἡμῖν

1840 2405 2003 2459 tentis
2052 2405 2219 2468 illam,
2256 2418 2375 2472 qua:
2425 2402 2578 2454 nobis
2629 2401 2918 2462 acciderat,
2963 2400 3390 2459 derelictionem,

173 2492 244 2553 ὡς
275 2494 361 2559 ἐφ’
392 2493 568 2560 ἐαυτῴ
595 2493 689 2543 καὶ
718 2491 915 2562 πρώτῳ
934 2508 947 2522 ⁸
980 2493 1176 2554 παντὸς
1221 2491 1328 2561 γάρ
1363 2493 1492 2560 ήμῖν
1519 2491 1737 2558 γέγονεν

1841 2495 2160 2564 Patremque
2185 2498 2252 2547 ob
2278 2493 2548 2561 loquentis
2583 2491 2896 2560 dignitatem
2937 2491 2986 2542 in
3020 2505 3078 2544 se
3110 2489 3396 2552 ﬂectentis,

173 2585 198 2634 6
226 2584 457 2652 Χριστὸς
487 2584 691 2652 ἀγαθοῦ
723 2585 816 2637 καὶ
845 2584 986 2654 ἁρχὴ
1023 2585 1114 2636 καὶ
1144 2584 1419 2653 πρόξενος.
1445 2583 1606 2634 Ὥστε
1639 2582 1738 2633 κᾶν

1841 2602 2048 2641 necnon
2083 2587 2146 2638 ad
2179 2583 2609 2638 benevolentiam
2654 2596 2781 2650 erga
2825 2596 2920 2634 nos
2958 2590 3213 2649 tauquam
3266 2595 3397 2648 erga

177 2676 223 2724 εί
246 2691 296 2725 τι
327 2675 541 2741 λέγοιτο
571 2673 755 2727 λαϐεῖν
780 2675 1133 2742 ἀνθρωπίνως
1175 2675 1325 2745 παρά
1367 2673 1459 2726 τοῦ
1505 2675 1736 2743 Πατρὸς,

1842 2679 2076 2744 seipsum
2127 2684 2181 2730 et
2225 2675 2452 2742 primum
2520 2672 2908 2740 provocantis:
2962 2671 3394 2740 quandoquidem

176 2765 330 2815 τοῦτο
376 2769 440 2834 τῇ
487 2765 730 2834 ἡμετέρᾳ.
764 2766 1096 2835 προύξένησε
1139 2765 1324 2833 φύσει,
1375 2766 1588 2835 πλήρης
1639 2766 1740 2818 ὑπ-

1844 2768 2094 2820 Cbristus
2123 2767 2366 2818 omnium
2404 2766 2666 2819 bonorum
2697 2763 2918 2830 largitor
2947 2771 3001 2815 et
3029 2771 3216 2814 auctor
3246 2761 3400 2814 nobis

179 2857 356 2925 ἅρχων
389 2859 415 2907 6
439 2856 622 2920 αὐτὸς,
666 2856 759 2909 καὶ
791 2857 1000 2918 οὐδενὸς
1041 2857 1365 2927 τοπαράπαν
1429 2858 1634 2926 ἐνδεὴς,
1665 2857 1740 2920 ὡς

1842 2859 2069 2911 exstitit.
2110 2855 2258 2910 Unde
2299 2856 2460 2910 etiam
2499 2857 2541 2908 si
2587 2854 2860 2922 quidpiam
2898 2861 2956 2905 ιιι
2991 2852 3148 2920 Ιιριηο
3179 2866 3206 2903 a
3244 2851 3402 2904 Patre

179 2947 327 3009 Θεὸς.
1844 2949 2119 3016 accepisse
2155 2948 2372 3010 dicitur,
2417 2949 2517 3000 hoc
2549 2945 2720 3013 ipsum
2754 2953 2920 2997 totum
2957 2945 3008 2996 iu
3040 2955 3276 2997 nostram
3312 2960 3403 2996 ua-

1847 3048 2019 3090 turarn
2051 3038 2327 3104 erogavit;
2374 3051 2494 3089 cum
2529 3036 2644 3103 ipse
2679 3043 2736 3086 ιιι
2771 3033 2911 3088 Deus
2948 3033 3159 3102 plenus,
3201 3034 3401 3086 nullius

1845 3129 2064 3183 omnino
2099 3127 2221 3181 boni
2253 3128 2504 3195 indigeat.

248 3209 348 3262 19’.
389 3227 406 3258 ι
445 3207 614 3260 Τοῦτο
648 3208 910 3277 φρονείτω
955 3207 1183 3269 ἕκαστος
1229 3209 1286 3259 ἐν
1320 3207 1447 3275 ὑμῖν
1478 3207 1679 3268 αὑτοῖς,
1714 3204 1741 3256 ὃ
1770 3176 1812 3232 C
1851 3176 1864 3183 ἡ

1785 3176 1809 3196 η
1851 3176 2060 3183 -__--___-_
2099 3176 2221 3181 η---

1785 3210 1812 3232 “⁴
1919 3218 2059 3272 XIX.
2099 3237 2116 3270 ι
2164 3217 2276 3272 lloc
2303 3218 2447 3272 enim
2510 3217 2705 3271 sentite
2748 3216 2801 3269 in
2850 3215 3023 3282 vobis,
3066 3216 3207 3284 quod
3257 3225 3309 3269 et
3352 3216 3401 3268 iu

185 3301 274 3352 καὶ
302 3302 361 3351 ἐν
398 3299 616 3369 Χριστῷ
653 3298 856 3368 ’1ησοῦ’
888 3299 945 3362 ὃς
975 3300 1032 3351 ἐν
1065 3301 1245 3368 μορφῇ
1279 3297 1412 3350 Θεοῦ
1463 3297 1740 3367 ὑπάρχων,

1847 3311 2070 3366 Christo
2122 3309 2284 3364 Jesu:
2338 3309 2578 3378 quicum
2629 3309 2681 3362 in
2731 3307 2906 3362 forma
2955 3307 3048 3361 Dei
3095 3316 3261 3370 esset,
3298 3322 3403 3361 non

186 3393 276 3459 οὐχ
307 3392 596 3460 ἁρπαγμὸν
629 3393 868 3461 ἡγήσατο
917 3390 978 3442 τὸ
1007 3387 1146 3442 εἶναι
1181 3391 1268 3442 ίσα
1299 3389 1443 3458 Θεῷ⁸
1474 3388 1586 3442 ἀλλ’
1619 3390 1745 3439 ἐαυ-

1849 3404 2094 3472 rapinam
2129 3403 2426 3456 arbitratus
2453 3408 2536 3453 est
2583 3414 2706 3454 esse
2748 3414 2805 3453 se
2848 3399 3106 3467 aequalem
3138 3398 3268 3460 Deo,
3311 3399 3403 3450 sed

187 3482 268 3533 τὴν
308 3481 566 3544 ἐκένωσε,
623 3484 833 3552 μορφὴν
871 3482 1056 3534 δούλου
1102 3481 1310 3545 λαϐὼν,
1348 3483 1403 3532 ἐν
1439 3479 1744 3550 ὁμοιώματι

1846 3495 2198 3562 semetipsum
2242 3490 2563 3554 exinanivit,
2620 3490 2848 3543 formam
2899 3489 3042 3542 servi
3104 3489 3399 3557 accipiens,

189 3571 484 3640 ἀνθρώπων
516 3575 824 3642 γενόμενος,
869 3575 960 3625 καὶ
993 3576 1230 3643 σχήματι
1279 3573 1520 3642 εὑρεθεὶς
1551 3574 1623 3635 ὡς
1653 3573 1745 3625 ἄν·

1849 3585 1900 3638 in
1932 3581 2342 3638 similitudinem
2384 3580 2656 3635 hominum
2697 3579 2891 3641 factus,
2924 3585 2977 3631 et
3000 3577 3184 3630 habitu
3221 3579 3407 3629 iuven—

191 3662 434 3731 θρωπος’
484 3662 843 3713 ἐταπείνωσεν
897 3665 1118 3724 ἐαυτὸν,
1167 3665 1454 3733 γενόμενος
1510 3664 1744 3727 ὑπήκοος

1847 3683 1933 3726 tus
1976 3683 2032 3724 ut
2066 3672 2244 3724 homo.
2305 3667 2623 3721 IIumiliavit
2674 3664 3046 3733 semetipsum,
3079 3662 3253 3716 factus
3279 3662 3406 3715 obe-

194 3754 347 3822 μέχρι
389 3753 637 3814 θανάτου,
677 3753 905 3804 θανάτου
941 3753 996 3804 δέ
1037 3753 1290 3823 σταυροῦ.
1324 3754 1412 3805 Διὸ
1439 3755 1530 3805 καὶ
1566 3755 1592 3804 6
1617 3753 1747 3812 Θεὸς

1847 3763 2000 3816 diens
2044 3775 2212 3830 usque
2265 3760 2328 3813 ad
2380 3766 2630 3820 mortem,
2691 3764 2916 3810 mortem
2969 3763 3143 3808 autem
3204 3754 3402 3808 crucis.

192 3845 342 3896 αὑτὸν
399 3843 747 3914 ὑπερύψωσε,
805 3847 897 3896 καὶ
940 3844 1230 3915 ἐχαρίσατο
1276 3845 1423 3913 αὐτῷ
1472 3845 1642 3908 ὄνομα
1686 3843 1746 3896 τὸ

1848 3855 2073 3922 Propter
2123 3851 2263 3919 quod
2305 3857 2358 3903 et
2409 3848 2547 3901 Deus
2584 3845 2840 3899 exaltavit
2886 3844 3060 3908 illum,
3107 3853 3161 3897 et
3189 3844 3407 3897 donavit

195 3935 324 4004 ὑπὲρ
374 3938 481 3988 πᾶν
532 3936 736 4004 ὃνυμα·
794 3936 878 3986 ἵνα
927 3937 981 3987 ἐν
1025 3935 1102 4005 τῷ
1153 3936 1374 4005 ὀνόματι
1432 3935 1600 4003 Ἰησοῦ
1644 3936 1747 3986 πᾶν

1849 3946 1925 3999 illi
1957 3958 2149 3999 nomen
2177 3942 2319 4010 quod
2351 3949 2435 3994 est
2468 3953 2643 4006 super
2671 3950 2831 3992 omne
2860 3950 3051 3988 nomen
3078 3951 3091 3986 :
3135 3943 3190 3987 ut
3222 3935 3272 3987 in
3314 3948 3407 3986 no-

193 4026 308 4092 γόνυ
362 4026 557 4095 κάμψῃ
605 4027 957 4096 ἐπουρανίων,
1000 4028 1091 4078 καὶ
1139 4029 1414 4094 ἐπιγείων,
1458 4027 1549 4078 καὶ
1579 4042 1743 4077 κατα·
1851 4042 1992 4093 mine
2028 4038 2153 4093 Jesu
2189 4051 2350 4090 omne
2379 4049 2518 4104 gen“
2550 4031 2818 4094 αραιςιιιιτ,
2872 4029 3192 4090 ςωιεειίυη]’
3238 4037 3408 4080 εει-το.

193 4117 444 4184 χθονίων·
498 4117 594 4168 καὶ
650 4119 796 4168 πᾶσα
857 4118 1073 4184 γλῶσσα
1132 4118 1622 4186 ἐξομολογήσηται,
1665 4119 1745 4169 ὅτι

1850 4131 2063 4188 strium.
2105 4137 2158 4182 et
2201 4125 2578 4188 infernarum;
2627 4132 2679 4176 et
2718 4120 2895 4175 omnis
2946 4120 3122 4188 lingua
3153 4116 3407 4171 conﬁtea-

194 4208 389 4277 Κύριος
431 4207 635 4277 Ἰησοῦς
679 4207 907 4276 Χριστὸς
955 4211 1031 4268 είς
1065 4208 1220 4270 δόξαν
1265 4207 1398 4259 Θεοῦ
1445 4209 1676 4276 Πατρός.
1723 4226 1738 4257 ι

1852 4232 1961 4283 tur,
2024 4220 2150 4287 quia
2195 4217 2454 4272 Dominus
2502 4213 2657 4267 Jesus
2707 4211 2955 4266 Christus
3008 4210 3060 4262 in
3123 4209 3287 4277 gloria
3329 4221 3411 4261 est

204 4299 328 4350 Ἰδοὺ
375 4299 438 4367 δὴ
487 4298 671 4366 σαφῶς
702 4299 789 4351 τὸν
820 4302 875 4351 ἐν
905 4302 1081 4369 μορφῇ
1114 4300 1203 4350 καὶ
1243 4300 1445 4368 ἰσότητι
1486 4299 1577 4350 τοῦ
1611 4297 1745 4350 Θεοῦ

1851 4312 1944 4365 Dei
1988 4309 2162 4363 Patris
2199 4310 2267 4359 ".
2323 4325 2339 4356 ι
2392 4305 2468 4358 En
2519 4303 2753 4357 dilucide
2809 4303 2906 4356 hoc
2955 4300 3072 4353 loco
3119 4299 3411 4365 exponitur

195 4392 279 4442 καὶ
327 4389 542 4459 Πατρὸς
584 4389 713 4440 Θεὸν
759 4391 930 4456 Λόγον
973 4391 1068 4458 οὐχ
1125 4391 1412 4458 ἁρπαγμὸν
1447 4389 1747 4458 ἡγήσασθαί

1853 4402 2017 4455 Deum
2071 4399 2328 4459 Verbum,
2386 4393 2529 4463 quod
2577 4395 2629 4446 in
2685 4393 2854 4447 forma
2884 4401 2932 4445 et
2973 4390 3278 4458 mqualitale
3315 4389 3407 4442 Dei

198 4497 318 4550 φησι
348 4480 409 4532 τὸ
447 4476 584 4533 εἶναι
632 4481 720 4532 ἴσα
747 4481 893 4550 Θεῷ·
924 4481 1259 4533 κεκενῶσθαι
1289 4481 1342 4532 δέ
1387 4481 1584 4548 μᾶλλον
1637 4481 1746 4533 5.05-
1779 4499 1814 4552 ι]

1793 4500 1820 4552 D
1850 4491 2030 4544 Patris
2061 4499 2198 4554 erat,
2258 4504 2360 4542 non
2413 4487 2657 4556 rapinam
2706 4485 3028 4538 arbitratum
3075 4483 3409 4552 aequiparare

195 4571 372 4642 λοντὴν
425 4571 636 4641 μορφὴν
670 4572 855 4624 δούλου
911 4572 1160 4632 λαϐόντα,
1218 4573 1310 4623 καὶ
1351 4575 1406 4623 ἐν
1439 4572 1741 4641 ὁμοιώματι

1852 4596 1908 4634 se
1936 4580 2042 4633 Deo
2069 4597 2080 4638 ;
2110 4577 2226 4640 sed,
2262 4575 2438 4631 servili
2470 4574 2639 4629 forma
2673 4583 2942 4641 suscepta,
2969 4572 3108 4625 ultro
3139 4586 3194 4625 se
3224 4571 3410 4624 exina-

197 4663 488 4735 ἀνθρώπων
532 4665 836 4734 γενόμενον.
872 4665 1210 4732 Ιιροσεπάγει
1245 4664 1320 4721 δὲ,
1359 4665 1437 4716 ὅτι
1491 4663 1743 4716 τεταπεί-

1856 4672 2056 4724 nivisse
2124 4669 2508 4734 hominumque
2569 4665 2974 4716 similitudinem
3021 4663 3268 4718 subiisse.
3303 4662 3410 4714 Ad—

199 4745 356 4806 γωκεν
410 4756 617 4819 ἑαυτὸν,
659 4756 946 4824 γενόμενος
996 4756 1230 4823 ὑπήκοος
1273 4756 1432 4825 μέχρι
1488 4755 1739 4819 θανάτου,

1853 4762 1929 4814 dit
1969 4769 2228 4828 praeterea
2274 4757 2509 4824 seipsum
2561 4755 2889 4816 hnmiliasse,
2936 4751 3409 4818 obedientiatnque

202 4846 417 4899 θανάτου
451 4845 506 4897 δέ
543 4845 795 4917 σταυροῦ.
837 4845 1003 4915 Εἴπερ
1052 4841 1142 4897 οὖν
1197 4845 1490 4915 διαιρετέον
1539 4848 1616 4908 εἰς
1654 4846 1744 4897 δύο

1861 4851 1924 4902 ad
1953 4858 2172 4902 mortem
2211 4861 2379 4914 usque
2421 4845 2759 4914 prmstitisse,
2807 4852 3030 4897 mortem
3064 4852 3240 4893 autem
3283 4855 3407 4892 cru-

203 4938 453 5005 Χριστοὺς
481 4941 570 4989 καὶ
610 4938 776 5001 υἱοὺς,
819 4938 908 4988 τὸν
936 4939 1027 4989 ἕνα
1057 4938 1148 4989 καὶ
1181 4939 1338 5006 μόνον
1383 4938 1615 5006 Χριστὸν
1654 4937 1748 4988 καὶ

1858 4940 1957 4994 eis.
1992 4938 2047 4991 Si
2083 4953 2244 4990 unum
2291 4951 2418 5005 ergo
2449 4944 2502 4989 et
2532 4934 2707 4989 solum
2737 4934 3009 4988 Christum
3038 4941 3090 4984 et
3124 4931 3408 4984 Dominum

205 5030 411 5098 Κύριον,
441 5029 534 5081 καὶ
559 5029 699 5080 κατά
721 5045 782 5095 γε
810 5029 870 5080 τό
902 5046 1006 5080 τισι
1035 5029 1244 5093 δοκοῦν,
1277 5029 1365 5081 τὸν
1394 5030 1456 5080 ἐκ
1489 5029 1743 5094 γυναικὸς

1865 5029 1915 5081 ἱιι
1968 5029 2102 5083 duos
2137 5027 2379 5082 Christos
2431 5035 2482 5081 et
2527 5026 2682 5090 lilios,
2739 5034 2793 5078 nt
2845 5023 3161 5091 quibusdam
3217 5022 3410 5088 placet,

211 5120 471 5189 ἂνθρωπον
500 5120 759 5189 τετίμηκε
801 5121 898 5188 μὲν
936 5122 1139 5188 ἰσότητι
1173 5121 1281 5172 τῶν
1327 5120 1471 5172 ἰδίων
1506 5119 1746 5189 ἀξιωμά-

1858 5118 2032 5171 divelli
2068 5126 2315 5186 oportet;
2364 5129 2522 5186 atque
2583 5117 2669 5169 Dei
2731 5113 2963 5168 Verbum
3021 5113 3290 5166 hominem
3337 5125 3404 5162 ex

215 5225 302 5264 των
327 5213 354 5263 ὁ
381 5211 472 5263 τοῦ
501 5211 634 5264 Θεοῦ
665 5210 853 5277 Λόγος,
883 5213 976 5263 καὶ
1008 5211 1237 5280 συνῆψεν
1271 5211 1447 5280 ἐαυτῴ
1483 5211 1619 5262 κατὰ
1659 5210 1749 5261 τὸν

1860 5211 2081 5263 muliere
2126 5221 2301 5263 ortum
2338 5212 2570 5280 proprice
2621 5208 2914 5276 maiestatis
2967 5206 3274 5275 aequalitate
3319 5204 3411 5256 dc-

279 5382 553 5440 ""‘Joan.
609 5398 764 5449 xvtu,
819 5384 869 5437 5.
950 5385 988 5416 ¹⁹
1019 5383 1153 5439 Gen.
1186 5400 1265 5450 tu,
1310 5384 1335 5436 1
1388 5397 1537 5451 scqq.
1628 5381 1861 5435 "Hebr-

1792 5397 1861 5435 π.
1909 5397 1966 5448 ιι,
2010 5382 2094 5446 16,
2137 5384 2219 5437 17.
2321 5386 2362 5416 ¹¹
2423 5383 2550 5438 ibid.
2619 5383 2702 5438 Η.
2811 5384 2854 5414 “
2893 5381 3115 5450 Philipp.
3153 5397 3210 5444 ιι,
3253 5378 3408 5433 5-H.

1277 5557 1449 5614 Varia:
1487 5558 1740 5615 lectiones
1761 5559 1960 5614 codicis
1988 5559 2337 5628 Seguieriani.

276 5753 296 5782 τ
321 5740 625 5802 πεπτωκός.
