4092 6334
677 435 812 493 1359

1661 431 1715 482 S.
1758 426 2029 482 CYRILLI
2073 422 2531 479 ALEXANDRINI
2570 422 2887 478 ARCIIIEP.

3764 424 3906 479 156')

676 558 977 622 cnravit,et
1006 555 1159 621 juxta
1205 553 1545 607 auctoritatis
1582 552 1885 612 rationem,
1925 548 2232 602 liliationis-

2340 547 2436 615 τῆς
2481 542 2765 607 αὑθεντίας
2812 543 3030 616 τρόπον,
3071 542 3166 594 καὶ
3210 543 3351 596 κατὰ
3388 543 3486 614 τὴν
3522 544 3618 613 τῆς
3651 542 3904 613 υίότητος

676 660 782 713 que
842 639 1296 703 communionem,
1346 641 1447 695 sibi
1499 638 1651 708 quasi
1701 637 1952 699 alterum,
2016 637 2117 691 hoc
2152 646 2235 689 est

675 750 703 787 ε
739 748 797 787 se
838 731 1133 793 diversum,
1161 728 1327 783 Filius
1387 726 1632 796 adjumit
1661 744 1673 779 :
1721 726 1844 794 quis
1869 726 1958 779 ille
1991 740 2119 794 ergo
2154 732 2238 779 est

677 826 766 895 qui
803 822 1155 891 semetipsum
1184 821 1511 884 cxinanivit;
1545 826 1763 885 antqua
1795 819 2006 873 tandem
2029 818 2236 872 ratione

675 913 1099 970 exinanitionem
1123 913 1329 965 subiit?
1350 910 1478 963 Nam
1504 911 1575 972 si,
1609 919 1665 963 ut
1688 910 1762 962 illi
1788 919 2055 975 statuunt,
2078 912 2236 964 homo

676 1020 843 1074 purus
884 1003 977 1071 qui
1030 1017 1093 1054 ex
1132 999 1354 1053 muliere
1400 1000 1665 1065 prodiisse
1712 998 2056 1068 intelligitur,
2091 994 2233 1049 istud

676 1110 966 1165 perpessus
985 1102 1093 1155 est,
1156 1089 1311 1162 142
1346 1089 1638 1157 quomodo,
1676 1098 1768 1142 aut
1804 1104 1906 1156 qua
1936 1087 2141 1141 ratione
2180 1084 2232 1136 in

675 1184 1101 1239 exinanilionem
1150 1180 1390 1246 dejectns
1445 1177 1566 1231 est?
1627 1177 1759 1231 Nam
1803 1176 2073 1246 quomodo
2105 1174 2150 1227 is
2181 1172 2233 1225 in

674 1272 1031 1330 humilitatem
1070 1268 1369 1333 descendit,
1422 1269 1513 1335 qui
1562 1277 1705 1319 tanta
1748 1282 1867 1319 cum
1914 1264 2006 1317 Dei
2059 1261 2237 1314 Verbo

676 1366 935 1419 societate
961 1372 1014 1416 et
1048 1360 1310 1415 allinitate
1345 1359 1665 1425 coniunctus
1698 1367 1777 1411 est
1799 1396 1814 1419 ,
1844 1366 1903 1409 ut
1935 1354 2079 1423 paris
2113 1368 2235 1406 cum

678 1458 770 1512 illo
801 1454 1087 1525 dignitatis
1113 1463 1167 1505 et
1198 1452 1542 1505 auctoritatis
1571 1466 1689 1505 esse
1724 1446 2057 1503 censeatur?
2085 1445 2237 1511 Quod

675 1552 717 1605 si
750 1547 1045 1604 exinanitio
1096 1545 1184 1598 illa
1219 1544 1286 1598 de
1321 1543 1407 1596 Dei
1459 1542 1635 1596 Verbo
1682 1551 1739 1593 ut
1770 1554 2013 1594 seorsum
2058 1547 2111 1591 et
2146 1552 2240 1604 per

674 1654 732 1695 se
762 1639 1034 1693 intellecto
1084 1634 1223 1689 Filio
1266 1634 1610 1702 praedicetur,
1662 1634 1934 1699 quomodo
1976 1631 2020 1684 is
2054 1628 2239 1683 exina-

675 1732 819 1784 nitus
863 1738 967 1792 est,
1014 1728 1102 1796 qui
1156 1726 1409 1789 alterum,
1447 1724 1611 1778 utjlli
1642 1724 1815 1789 aiunt,
1869 1724 2072 1776 honore
2105 1718 2235 1774 atTe-

673 1821 767 1884 cit,
799 1818 1143 1889 propriisque
1185 1815 1357 1869 titulis
1412 1824 1466 1868 et
1510 1815 1865 1884 dignitatibus
1914 1809 2239 1866 exornavit?

671 1880 951 1977 Quomodo
982 1880 1070 1960 ille
1106 1905 1417 1959 humiliatus
1466 1880 1592 1958 dici‘
1612 1915 1811 1972 patest,
1870 1902 1959 1971 qui
2005 1901 2235 1970 propria:
2269 1880 2311 1936 Β

671 2014 781 2057 sua:
811 1999 998 2067 gloria:
1039 1997 1313 2065 fastigium
1364 1995 1521 2048 alteri
1579 1994 1680 2048 sibi
1740 1992 2011 2047 associato
2042 1992 2239 2059 imper-

674 2095 802 2146 titus
830 2090 953 2146 est?
980 2087 1112 2143 Nam
1159 2089 1204 2142 si
1250 2102 1375 2141 eum
1416 2086 1689 2140 humiliari
1721 2086 1806 2141 vel
1841 2084 2108 2139 exinaniri
2136 2094 2240 2137 sta-

672 2191 849 2245 tuant,
885 2182 1025 2249 quod
1072 2180 1299 2233 alterum
1348 2177 1514 2246 gloria
1565 2175 1750 2241 allicit,
1788 2174 2027 2247 profecto
2050 2176 2239 2229 absur-

670 2275 796 2329 dum
829 2287 934 2327 non
955 2271 1063 2325 erit
1086 2270 1247 2323 etiam
1279 2266 1583 2336 intelligere
1626 2267 1878 2335 injuriam
1912 2265 2235 2320 inferentem

668 2361 916 2417 exaltari.
950 2359 1311 2425 Quamobrem
1342 2371 1473 2410 vera
1503 2368 1557 2410 et
1594 2358 1903 2410 necessaria
1941 2354 2079 2410 ratio
2105 2370 2235 2410 sua-

667 2455 777 2516 det,
818 2460 874 2505 et
915 2457 1119 2504 tantum
1166 2463 1271 2501 non
1319 2447 1621 2515 compellit,
1661 2449 1905 2515 utipsam
1944 2446 2237 2516 plenitudi-

668 2557 789 2596 nem
813 2540 1237 2594 exiuanitionem
1271 2552 1515 2607 passam,
1553 2538 1681 2591 illud
1714 2553 1926 2591 rursum
1970 2552 2073 2590 non
2094 2537 2238 2605 quod

667 2642 858 2702 suapte
890 2640 1083 2684 natura
1114 2644 1328 2683 servum
1360 2637 1462 2693 est,
1498 2630 1605 2682 imo
1630 2642 1757 2682 vero
1786 2628 1932 2681 omni
1961 2628 2237 2681 servitutis

667 2725 978 2781 conditione
1020 2722 1287 2792 superius,
1339 2720 1523 2775 servili
1554 2719 1727 2774 forma
1760 2735 1819 2775 se
1853 2721 2140 2785 vestiisse;
2183 2729 2237 2772 et

669 2816 721 2869 in
744 2811 1150 2869 similitudinem
1177 2809 1454 2863 hominum
1481 2809 1628 2862 illum
1668 2808 1894 2875 factum,
1925 2810 2016 2879 qui
2044 2822 2234 2864 natura

667 2905 791 2959 talis
845 2918 953 2957 non
1013 2910 1166 2966 erat,
1216 2899 1528 2971 priusquam
1574 2899 1737 2954 homo
1803 2900 2006 2965 fieret,
2060 2902 2233 2968 ipsam

668 2996 899 3064 denique
935 2991 1277 3048 altitudinem
1328 3005 1386 3044 se
1419 2990 1737 3044 humiliasse
1766 2989 2140 3045 existimemus
2183 3000 2237 3045 et

668 3086 1043 3155 praedicemus.
1081 3084 1262 3150 Ipsum
1312 3080 1496 3150 itaque
1528 3080 1620 3135 Dei
1656 3079 1891 3135 Verbum
1939 3083 2233 3136 secundum

670 3187 917 3231 naturam
953 3175 1246 3228 humanam
1296 3182 1487 3240 sponte
1537 3174 1603 3225 ad
1661 3172 1847 3226 istliaac
1881 3184 2107 3243 propter
2132 3188 2235 3228 nos

670 3283 790 3323 sese
816 3266 1119 3331 demisisse,
1151 3275 1202 3317 et
1233 3266 1287 3318 in
1319 3264 1551 3332 propriae
1584 3264 1940 3319 nihilominus
1964 3266 2228 3322 excellen-

672 3362 757 3413 tia:
806 3357 1041 3412 culmine
1081 3359 1376 3410 semiudum
1420 3356 1656 3408 divinam
1711 3365 1959 3410 naturam
1993 3372 2238 3427 perman-

669 3452 808 3504 sisse
845 3448 1135 3501 credimus.
1173 3444 1285 3500 llac
1336 3446 1543 3499 ratione
1577 3455 1631 3500 et
1660 3448 2091 3517 superexaltatus
2122 3465 2240 3506 esse

670 3540 890 3602 dicitur,
919 3547 972 3592 et
1001 3540 1275 3608 accepisse
1326 3553 1520 3592 nomen
1567 3539 1708 3608 quod
1756 3549 1839 3593 est
1870 3557 2035 3609 super
2078 3559 2239 3599 onme

671 3647 888 3695 nomen,
925 3631 1068 3684 etab
1097 3631 1354 3683 omnibus
1388 3630 1626 3692 adorari,
1656 3640 1819 3699 atque
1851 3634 1903 3686 in
1934 3633 2025 3687 Dei
2059 3632 2237 3691 Patris

672 3722 896 3792 gloriam
956 3720 1213 3775 Dominus
1264 3718 1553 3773 nominari.
1591 3718 1725 3773 Nam
1785 3723 1886 3777 etsi
1950 3724 2003 3776 in
2060 3723 2237 3780 Patris

669 3814 960 3868 eminentia
1014 3822 1069 3866 et
1128 3810 1491 3880 inexplicabili
1554 3812 1835 3879 majestate
1899 3817 2235 3873 constitutus

666 3913 833 3969 esset,
861 3903 948 3957 ubi
980 3911 1158 3957 tamen
1191 3901 1257 3954 ad
1291 3900 1713 3955 exinanitionem
1756 3918 1815 3957 se
1840 3903 2077 3970 demisit,
2115 3922 2236 3962 sera

664 3996 867 4065 vilique
911 3994 1081 4048 forma
1131 4007 1191 4047 se
1241 3992 1554 4046 humiliatus
1610 3994 1805 4058 induit,
1845 4005 1898 4050 et
1933 4012 2120 4053 rursus
2148 4014 2239 4053 na-

666 4099 802 4143 turae
864 4085 966 4141 sibi
1030 4085 1212 4147 unitas,
1259 4085 1362 4138 lioc
1413 4095 1496 4137 est
1552 4086 1826 4149 lmmanae,
1867 4101 2236 4158 paupertatem

667 4179 1077 4242 transcenderis,
1104 4177 1167 4229 ad
1204 4175 1448 4245 proprias
1471 4177 1687 4231 divitias
1713 4183 1987 4236 ascendit:
2020 4183 2120 4239 hac
2153 4200 2240 4240 ra-

667 4272 814 4325 tione
852 4270 1150 4325 secundmn
1200 4278 1451 4320 naturam
1514 4267 1808 4324 hmnanam
1859 4272 1911 4326 id
1957 4276 2241 4345 accepisse

667 4364 884 4425 dicitur,
950 4360 1094 4428 quod
1165 4368 1424 4428 perpetuo
1470 4368 1894 4431 constanterque
1960 4365 2011 4419 in
2062 4368 2241 4436 seipso

670 4454 929 4520 possidet,
968 4465 1166 4518 nempe
1226 4450 1392 4503 Deum
1429 4462 1481 4504 et
1529 4451 1907 4508 universorum
1948 4456 2239 4515 Dominum

2339 637 2675 705 ὁμωνυμίαν,
2705 636 2777 699 ώς
2804 635 2990 707 ἕτερος
3036 631 3112 685 ὣν
3163 633 3345 697 ίδικῶς
3390 637 3520 706 παρ’
3545 634 3703 688 αὐτὸν
3736 633 3863 694 Υἱός
3884 649 3900 662 θ

2334 726 2416 788 τίς
2443 727 2550 793 ἄρα
2579 729 2606 778 ό
2630 725 2871 788 κενώσας
2897 723 3083 778 ἑαυτόν
3106 723 3170 793 ri}
3202 725 3324 777 τίνα
3354 729 3650 779 κεκένωται
3671 724 3902 794 τρόπον;

2337 817 2398 868 Εἰ
2434 816 2533 885 μὲν
2558 818 2687 887 γὰρ,
2724 819 2798 881 ὡς
2833 816 2984 870 αὐτοί
3014 831 3196 885 φασιν,
3241 816 3269 867 ὁ
3306 815 3371 868 ὲκ
3418 817 3673 883 γυναικὸς
3716 812 3907 875 ίδικῶς

2335 905 2623 973 νοούμενος
2667 907 2949 978 ἄνθρωπος
2981 906 3136 960 τοῦτο
3181 905 3399 973 λέγεται
3445 907 3659 973 παθεῖν,
3703 906 3822 967 πῶς
3870 904 3906 974 ἤ

2335 997 2455 1049 τίνα
2495 998 2789 1051 κεκένωται
2820 1002 3050 1070 τρόπον;
3083 996 3285 1066 κατέϐη
3317 996 3371 1049 δὲ
3404 998 3553 1061 ὅπως
3590 1001 3670 1063 είς
3710 998 3909 1051 ταπεί-

2335 1105 2498 1139 νωσιν
2539 1091 2565 1140 ό
2617 1088 2675 1139 ἐν
2729 1089 2933 1159 ἰσότητι
2986 1088 3224 1159 γεγονὼς
3269 1090 3336 1158 τῇ
3384 1089 3521 1159 πρὸς
3563 1090 3694 1141 Θεὸν
3734 1090 3912 1157 Λόγον

2336 1180 2480 1231 κατά
2528 1195 2591 1247 γε
2637 1178 2729 1231 τὸν
2767 1178 2868 1248 τῆς
2905 1181 3082 1247 ἀξίας,
3132 1181 3299 1252 ἡγουν
3323 1180 3629 1244 αύθεντίας,
3680 1182 3910 1251 τρόπον,

2338 1279 2433 1331 καὶ
2474 1278 2674 1348 ταύτην
2713 1277 2850 1347 ἔχων
2884 1280 3022 1349 πρὸς
3055 1279 3217 1333 αὐτὸν
3247 1280 3345 1349 τὴν
3378 1276 3711 1341 συνάφειανς
3757 1274 3819 1325 El
3850 1274 3911 1324 δὲ

2338 1371 2423 1422 ἐπ’
2457 1370 2617 1423 αὐτοῦ
2650 1369 2743 1421 τοῦ
2779 1368 2913 1421 Θεοῦ
2956 1371 3157 1438 Λόγου,
3184 1368 3471 1441 νοουμένου
3516 1367 3677 1420 πάλιν
3719 1365 3910 1427 ἱδικῶς

2338 1465 2433 1517 καὶ
2484 1466 2586 1517 ἀνὰ
2636 1463 2801 1533 μέρος
2844 1462 2998 1527 Υἱοῦ,
3031 1463 3092 1515 τὸ
3132 1462 3467 1517 κεκενῶσθαι
3510 1459 3749 1526 λέγοιτο,
3790 1454 3915 1517 πῶς

2339 1556 2638 1609 κεκένωται
2662 1553 2905 1623 τιμήσας
2932 1553 3138 1623 ἕτερον,
3171 1552 3314 1606 καθά
3344 1570 3504 1621 φασιν
3551 1551 3771 1610 ἐκεῖνοι,
3811 1546 3915 1599 καὶ

2338 1648 2449 1699 τοῖς
2484 1645 2631 1706 ἰδίοις
2670 1641 2831 1697 αὑτὸν
2881 1641 3155 1713 ἀξιώμασι
3189 1643 3530 1712 περιϐαλών;
3562 1641 3915 1719 Τεαξαττείνω⁴

2338 1753 2427 1790 ται
2472 1737 2527 1789 δὲ
2548 1736 2669 1789 τίνα
2711 1736 2909 1805 τρόπον
2938 1737 2965 1789 ὁ
3005 1734 3105 1804 τῆς
3147 1734 3311 1789 αὑτοῦ
3348 1734 3505 1803 δόξης
3528 1733 3590 1785 τὸ
3645 1733 3776 1801 ὕψος
3830 1729 3918 1800 τῷ

2342 1828 2667 1897 συναφθέντι
2717 1826 2927 1891 διδούς;
2980 1827 3043 1879 El
3073 1825 3181 1896 γὰρ
3218 1824 3283 1895 δὴ
3331 1828 3507 1894 φαῖεν,
3542 1825 3624 1878 ὅτι
3670 1825 3917 1887 δοξάζων

2340 1918 2526 1989 ἕτερον
2580 1916 2741 1979 αὐτὸς
2771 1917 3036 1984 ὑπομένει
3081 1917 3178 1988 τὴν
3208 1916 3555 1981 ταπείνωσιν,
3604 1917 3772 1985 ἡγουν
3810 1916 3918 1985 τὴν

2338 2012 2585 2073 κένωσιν,
2635 2009 2803 2070 οὐδὲν.
2853 2010 2929 2073 ὡς
2962 2009 3126 2075 ἔοικε,
3165 2009 3272 2062 τῶν
3319 2008 3538 2062 ἀτόπων
3577 2008 3775 2059 ἐννοεῖν
3815 2008 3904 2058 ὅτι

2338 2103 2432 2156 καὶ
2462 2102 2698 2170 ὑϐρίζων
2740 2099 2989 2170 ὑψοῦται.
3042 2101 3366 2170 Ἀναγκαίου
3411 2097 3703 2169 τοιγαροῦν
3736 2098 3915 2167 ἡμᾶς,

2338 2192 2431 2247 καὶ
2459 2193 2644 2263 μέντοι
2674 2192 2768 2244 καὶ
2791 2190 3024 2263 ἀληθοῐές
3043 2193 3326 2262 μονονουχὶ
3360 2191 3730 2254 συνωθοῦντος
3749 2190 3919 2259 λόγου

2337 2261 2475 2356 πρός
2501 2302 2564 2354 γε
2591 2286 2649 2337 τὸ
2682 2284 2887 2337 οἴεσθαι
2914 2261 3026 2336 δεῖν
3050 2284 3133 2336 ὅτι
3175 2261 3424 2337 κενοῢται
3454 2284 3517 2338 τὸ
3556 2285 3785 2356 πλῆρες,
3815 2284 3919 2336 καὶ

2336 2376 2394 2428 ἐν
2422 2374 2607 2428 δούλου
2654 2375 2831 2443 μορφῇ
2866 2372 3060 2439 γένοιτ’
3091 2372 3177 2433 ἂν,
3220 2372 3282 2424 ού
3309 2372 3371 2423 τὸ
3398 2374 3464 2441 τῇ
3494 2372 3652 2440 φύσει
3700 2373 3916 2437 δοῦλον,

2338 2464 2475 2518 ἀλλά
2503 2465 2564 2516 τὸ
2590 2463 2699 2516 τῶν
2731 2466 2831 2533 τῆς
2864 2461 3108 2525 δουλείας
3137 2461 3393 2514 ἐπέκεινα
3429 2462 3663 2533 μέτρων.
3695 2463 3919 2517 Γίνεται

2335 2556 2392 2607 δὲ
2436 2556 2529 2609 καὶ
2560 2557 2615 2607 ἐν
2647 2553 2951 2624 ὁμοιώματι
2999 2552 3320 2623 ἀνθρώπων,
3357 2553 3420 2607 τὸ
3449 2555 3524 2624 μὴ
3557 2553 3737 2619 οὕτως
3783 2556 3913 2626 ἕχον

2334 2644 2475 2696 κατὰ
2520 2644 2680 2711 φύσιν
2728 2645 2857 2714 πρὶν
2906 2644 3156 2716 γένηται.
3204 2645 3312 2696 Καὶ
3343 2643 3425 2696 ὅτι
3460 2645 3813 2699 ταπεινοῦται
3850 2648 3919 2703 τὸ

2336 2736 2558 2806 ὑψηλὸν,
2590 2735 2753 2788 αὑτὸν
2795 2736 3126 2806 πιστεύομεν
3170 2734 3262 2788 τὸν
3307 2735 3402 2788 τοῦ
3439 2735 3572 2789 Θεοῦ
3613 2738 3787 2806 Λόγον
3817 2740 3920 2793 ἀν.-

2336 2826 2623 2897 ορωπίνως
2653 2828 2709 2880 ἐν
2742 2824 2954 2889 τούτοις
3000 2826 3256 2894 γενέσθαι
3280 2864 3296 2892 ,
3333 2829 3457 2879 κατ’
3504 2827 3640 2881 ίδίαν
3688 2828 3916 2900 θέλησιν

2336 2917 2477 2988 ὑπὲρ
2526 2916 2717 2988 ἡμῶν·
2757 2916 3123 2986 μεμενηκέναι
3173 2916 3229 2969 δὲ
3285 2917 3482 2981 θεῖκῶς
3527 2920 3584 2971 ἐν
3636 2923 3749 2983 τοῖς
3807 2921 3919 2991 τῆς

2340 3007 2477 3070 ἰδίας
2502 3006 2777 3078 ὑπεροχῆς
2805 3005 3082 3077 ὑψώμασι.
3099 3006 3283 3080 Ταύτῃ
3298 3025 3380 3061 τοι
3402 3009 3495 3061 καὶ
3518 3009 3920 3081 ὑπερυψῶσθαι

2336 3098 2579 3166 λέγεται,
2616 3100 2709 3152 καὶ
2749 3099 2933 3153 λαϐεῖν
2974 3100 3036 3153 τὸ
3078 3101 3247 3171 ὄνομα
3279 3101 3338 3154 τὸ
3381 3101 3520 3171 ὑπὲρ
3562 3104 3670 3155 πᾶν
3717 3104 3917 3173 ὄνομα,

2342 3191 2764 3262 προσκυνεῖσθαί
2791 3210 2851 3244 τε
2890 3192 3042 3263 παρὰ
3069 3194 3310 3256 πάντων,
3349 3192 3442 3245 καὶ
3478 3194 3557 3256 είς
3592 3192 3749 3264 δόξαν
3777 3193 3921 3247 Θεοῦ

2342 3281 2552 3350 Harpe;
2585 3280 2944 3353 ὀνομάζεσθαι
2965 3296 2991 3323 κ
3023 3267 3249 3353 Κύριοςί
3280 3284 3470 3338 Καίτοι
3506 3286 3613 3354 γὰρ
3652 3285 3924 3355 ὑπάρχων

2339 3374 2400 3427 ἐν
2424 3377 2491 3444 τῇ
2518 3373 2612 3427 τοῦ
2649 3374 2864 3443 Πατρὸς
2897 3377 2995 3427 ύπε
3007 3378 3162 3445 ροχῇ,
3188 3376 3280 3428 καὶ
3311 3377 3369 3428 ἐν
3396 3377 3656 3447 ἀρρήτοις
3687 3376 3924 3445 {id/diua-

2342 3482 2425 3517 σιν
2446 3483 2458 3496 ·
2503 3464 2689 3533 ἐπειδὴ
2731 3465 2973 3536 καθῆκεν
3011 3466 3203 3519 ἐαυτὸν
3237 3469 3316 3528 είς
3347 3467 3596 3531 κένωσιν,
3632 3469 3727 3521 καὶ
3759 3486 3924 3523 τετα-

2341 3553 2637 3607 πεινῶσθαι
2664 3554 2902 3622 λέγεται,
2942 3555 3156 3627 μορφὴν
3194 3557 3380 3610 δούλου
3412 3557 3591 3611 λαϐών
3612 3574 3625 3588 ο
3654 3559 3824 3629 ἀνέϐη
3862 3561 3924 3614 δὲ

2345 3646 2505 3699 πάλιν
2552 3648 2632 3709 είς
2678 3646 2769 3699 τὸν
2807 3646 2939 3700 ῐδιον
2996 3646 3243 3713 πλοῦτον,
3280 3649 3379 3718 τῆς
3427 3648 3721 3719 ἐνωθείσης
3767 3652 3924 3722 αὐτῷ

2345 3737 2582 3804 φύσεως,
2605 3737 2763 3807 δῆλον
2795 3737 2852 3790 δὲ
2882 3740 2964 3791 ὅτι
2997 3741 3093 3809 τῆς
3124 3739 3609 3811 ἀνθρωπίνης,τὴν
3641 3741 3923 3810 πτωχείαν

2345 3828 2729 3901 ὑπερδραμὼν,
2762 3829 2935 3902 ταύτῃ
2978 3847 3061 3883 τοι
3095 3830 3277 3883 λαϐεῖν
3312 3832 3666 3900 ἀνθρωπίνως
3698 3821 3924 3900 λέγεται

2342 3919 2403 3973 τὸ
2427 3919 2514 3972 ἀεί
2540 3938 2599 3973 τε
2629 3922 2725 3974 καὶ
2756 3920 3147 3991 ἀναποϐλήτως
3195 3921 3498 3993 ἐνυπάρχον
3542 3922 3711 3993 αὐτῷ,
3756 3941 3924 3977 τουτ-

2345 4012 2462 4065 έστι
2492 4013 2553 4065 τὸ
2585 4008 2721 4065 εἶναι
2750 4013 2882 4077 Θεὸς
2911 4014 3005 4067 καὶ
3038 4014 3149 4067 τῶν
3188 4014 3325 4068 ὅλων
3356 4016 3578 4086 Κύριος.
3609 4018 3718 4071 Καὶ
3756 4020 3925 4090 εῐπερ

2342 4103 2491 4156 ἐστὶν
2524 4102 2741 4167 εὐκλεὲς
2768 4103 2847 4174 τῷ
2893 4105 3067 4175 Πατρὶ
3106 4104 3167 4158 τὸ
3212 4105 3414 4176 Κύριον
3461 4106 3603 4176 ἔχειν
3640 4107 3749 4161 τῶν
3778 4109 3924 4162 ὅλων

2342 4196 2436 4248 τὸν
2472 4194 2603 4248 [διον
2625 4195 2771 4260 Υἱὸν,
2800 4196 2918 4259 πῶς
2938 4195 3037 4249 οὐκ
3067 4196 3264 4264 ἀληθὲς
3294 4200 3585 4265 είπεῖν,ὄτι
3616 4200 3922 4270 τετήρηται

2344 4288 2507 4342 πάλιν
2541 4288 2712 4359 αὐτῷ,
2751 4290 2843 4341 καὶ⁵
2870 4288 2968 4359 τὴν
2999 4288 3093 4343 τοῦ
3120 4290 3309 4343 δούλου
3342 4291 3561 4345 λαϐόντι
3595 4293 3832 4364 μορφὴν,
3856 4295 3925 4347 τὸ

2344 4379 2627 4450 ἐλεύθερον
2675 4380 2768 4432 καὶ
2801 4379 2899 4449 τῆς
2938 4380 3080 4433 κατά
3114 4382 3330 4435 πάντων
3379 4383 3698 4455 κυριότητός
3732 4401 3791 4437 τε
3823 4387 3924 4437 καὶ

2345 4467 2591 4533 ἐξουσίας
2613 4470 2673 4523 τὸ
2696 4471 3003 4541 ὑπερφερές
3038 4470 3251 4541 ἀξίωμα
3272 4490 3287 4539 ;

671 4561 809 4599 esse.
854 4545 1094 4611 Denique
1132 4544 1174 4597 si
1223 4542 1366 4597 Patri
1400 4544 1751 4599 honoriﬁcum
1788 4557 1871 4601 est
1936 4550 2130 4608 Filium
2196 4554 2400 4615 habere
2462 4562 2553 4629 qui
2604 4561 2654 4615 in
2701 4576 2889 4616 omnes
2936 4573 2991 4616 et
3031 4564 3211 4616 omnia
3282 4566 3577 4621 dominium
3636 4572 3923 4639 obtineat;

671 4636 753 4689 εύί
783 4637 1153 4735 (Ιιξὺὶυιιὶ-εεεεξ
1186 4643 1383 4735 Ροξεεξν
1436 4637 1566 4735 quin
1628 4637 1703 4690 illi
1752 4639 1916 4693 etiam
1961 4653 2082 4710 post
2126 4648 2266 4701 servi
2310 4650 2536 4707 formam
2617 4662 2895 4721 acceptam
2947 4653 3193 4722 libertas,
3242 4661 3775 4732 supernaturalisque
3825 4636 3922 4735 po;

674 4729 885 4786 testatis
914 4738 967 4781 et
1004 4726 1391 4781 dominationis
1435 4728 1486 4781 in
1523 4744 1711 4784 omnes
1750 4733 1984 4803 dignitas
2026 4738 2238 4810 integra
2281 4744 2351 4798 sit
2377 4745 2697 4801 asservata?

740 4839 861 4894 XX.
892 4858 911 4892 ι
945 4838 1161 4893 Gratias
1187 4851 1409 4909 agentes
1438 4839 1608 4905 Patri,
1646 4845 1737 4910 qui
1772 4846 1960 4917 dignos
1987 4868 2084 4908 nos
2114 4853 2239 4912 fecit

2414 4859 2498 4914 ις’.
2551 4879 2568 4910 ι
2608 4857 3068 4930 Εὐχαριστοῦντες
3116 4862 3197 4933 τῷ
3243 4865 3417 4937 Ila-cpi
3457 4868 3533 4939 τῷ
3592 4872 3927 4932 ἱκανώσαντι

672 4935 724 4986 in
755 4942 963 5002 partem
1013 4932 1173 4985 sortis
1222 4940 1533 4984 sanctorum
1565 4933 1723 5005 143
1774 4938 1823 4990 in
1866 4940 2109 4998 lumine:
2150 4949 2242 5015 qui

672 5022 873 5091 eripuit
903 5034 1002 5075 nos
1036 5022 1099 5074 de
1136 5028 1401 5088 potestate
1430 5022 1800 5091 tenebrarum,
1862 5040 1915 5084 ει
1971 5037 2247 5091 transtuli;

2352 4951 2497 5020 ἡμᾶς
2521 4953 2601 5014 εἰς
2629 4950 2728 5021 τὴν
2774 4952 2965 5022 μερίδα
3003 4952 3096 5007 τοῦ
3151 4956 3351 5027 κλήρου
3393 4960 3502 5013 τῶν
3533 4962 3702 5029 ἁγίων
3750 4968 3809 5019 ὲν
3843 4972 3927 5040 τῷ

2352 5041 2522 5110 φωτί’
2556 5041 2613 5105 ὃς
2652 5042 2921 5111 ἐρρύσατο
2946 5044 3093 5115 ἡμᾶς
3145 5046 3210 5100 ἐκ
3237 5049 3335 5118 τῆς
3377 5050 3619 5117 ἐξουσίας
3662 5055 3757 5107 τοῦ
3798 5061 3929 5112 σκόο

674 5114 731 5168 in
753 5128 973 5183 regnum
1027 5113 1148 5167 Filii
1204 5114 1510 5171 dilectionis
1545 5134 1689 5187 suas;
1732 5122 1782 5175 in
1834 5139 1943 5192 quo
1986 5128 2239 5185 habemus

2348 5149 2492 5196 τους,
2524 5134 2618 5185 καὶ
2649 5113 3088 5207 μετέστησενήείς
3110 5138 3208 5210 τὴν
3240 5113 3517 5210 βασιλείαν
3544 5113 3638 5198 τοῦ
3672 5146 3800 5200 Υἱοῦ
3822 5154 3930 5219 τῆς

676 5207 1141 5274 redemptionem,
1190 5216 1243 5260 et
1297 5209 1671 5265 remissionem
1708 5222 2103 5280 peccatorum:
2156 5222 2247 5289 qui

676 5304 759 5350 est
814 5296 987 5365 imago
1050 5296 1146 5351 Dei
1219 5297 1548 5365 invisibilis,
1612 5302 2002 5370 primogenitus
2073 5311 2247 5365 omnis

677 5398 937 5441 creaturae
972 5405 984 5440 :
1022 5388 1276 5456 quoniam
1319 5390 1371 5443 in
1397 5390 1512 5459 ipso
1565 5394 1777 5447 condita
1829 5408 1954 5449 sunt
1996 5400 2246 5455 universa

679 5479 732 5533 in
780 5478 931 5559 caelis
977 5488 1031 5533 et
1087 5479 1140 5534 in
1193 5488 1363 5545 terra,
1399 5483 1630 5537 visibilia
1683 5496 1735 5540 et
1785 5488 2096 5555 invisibilia,
2134 5494 2247 5550 sive

2348 5222 2568 5294 ἀγάπης
2600 5225 2787 5289 αὑτοῦ,
2834 5228 2891 5279 ἐν
2937 5219 2981 5295 ᾧ
3012 5227 3209 5301 ἔχομεν
3249 5233 3349 5302 τὴν
3387 5236 3784 5308 ἀπολύτρωσιν,
3825 5244 3929 5313 τὴν

2353 5314 2548 5382 ἄφεσιν
2604 5315 2711 5368 τῶν
2749 5318 3065 5391 ἁμαρτιῶν·
3090 5322 3148 5385 ὃς
3180 5325 3329 5375 ἐστιν
3358 5324 3517 5378 είκὼν
3544 5326 3636 5379 τοῦ
3665 5327 3801 5382 Θεοῦ
3830 5334 3929 5385 τοῦ

2351 5407 2605 5477 ἀοράτου,
2648 5409 2992 5480 πρωτότοκος
3040 5414 3220 5484 πάσης
3265 5415 3490 5481 κτίσεως
3515 5435 3527 5448 ο
3556 5419 3637 5472 ὅτι
3676 5421 3736 5475 ὲν
3778 5424 3931 5493 αὐτῷ

2354 5498 2575 5568 ἐκτίσθη
2603 5498 2669 5553 τὰ
2701 5500 2876 5554 πάντα
2917 5503 2974 5556 ὲν
3008 5507 3118 5569 τοῖς
3154 5496 3399 5579 οὐρανοῖς
3433 5510 3525 5563 καὶ
3552 5512 3643 5564 ἐπὶ
3667 5513 3765 5584 τῆς
3799 5517 3928 5586 γῆς,

1769 5666 1938 5723 Variae
1966 5668 2219 5728 lectiones
2251 5673 2449 5731 codicis
2485 5675 2843 5748 Seguieriani.

748 5826 779 5859 ι
811 5818 1140 5890 ὠνομάσθαι.
