4092 6334
196 380 315 434 1361

1000 382 1091 438 ΑΙ)
1132 384 1426 440 llEGlNAS
1467 385 1552 441 DE
1594 385 1817 442 RECTA
1858 383 2015 440 FIDE
2053 384 2314 441 ORATIO
2351 384 2650 440 ALTERA.

3287 380 3429 437 1362

188 499 247 549 τὰ
274 497 455 566 ὁρατὰ
496 498 592 552 καὶ
622 498 690 552 τὰ
733 498 960 571 άόρατα,
992 499 1102 553 εἴτε
1133 502 1321 571 Θρόνοι
1342 543 1357 567 ,
1406 504 1515 556 εῐτε
1547 504 1750 572 Κυριό-

1856 501 2058 556 Throni
2083 542 2098 561 .
2151 502 2266 556 sive
2298 500 2724 565 Dominationes,
2764 500 2880 554 sive
2914 498 3275 568 Principatus,
3307 497 3424 551 sive

184 603 364 655 τητες,
414 588 527 642 εῖτε
579 590 789 661 ’Δρχαὶ,
839 590 945 643 εῐτε
986 578 1289 655 ’ἐξουσίαν
1343 594 1411 647 τὰ
1460 594 1637 647 πάντα
1685 595 1752 646 δι’

184 678 350 731 αὑτοῦ
396 680 493 734 καὶ
543 681 623 743 εἰς
656 681 816 735 αὐτὸν
848 680 1119 736 ἔκτισται·
1151 685 1246 736 καὶ
1293 684 1456 747 αὐτός
1495 686 1611 737 ἔστι
1649 685 1755 755 πρὸ

184 771 428 833 πάντων,
478 771 574 824 καὶ
615 771 685 824 τὰ
741 771 916 825 πάντα
964 773 1023 825 εν
1069 773 1218 845 αὐτῷ
1272 775 1589 844 συνέστηκε.
1644 776 1756 829 Καὶ

183 860 345 922 αὐτός
382 862 531 914 ἐστιν
559 863 592 931 ἡ
626 861 835 931 κεφαλὴ
864 862 957 915 τοῦ
986 861 1237 933 σώματος
1269 864 1365 935 τῆς
1405 864 1753 935 Ἐκκλησίας,

184 952 238 1013 ὅς
270 953 425 1004 ἐστιν
458 952 623 1021 ἀρχὴ,
660 952 1003 1022 πρωτότοκος
1047 952 1113 1005 ὲκ
1140 954 1251 1007 τῶν
1272 952 1500 1023 νεκρῶν,
1534 954 1620 1007 (va
1662 953 1756 1021 γέ-

184 1059 343 1113 νηται
376 1044 434 1096 ὲν
465 1045 630 1097 πᾶσιν
662 1042 825 1106 αὐτὸς
858 1043 1153 1114 πρωτεύων
1173 1062 1186 1075 ·
1228 1046 1311 1100 ὅτι
1340 1047 1398 1099 ιν
1427 1044 1575 1115 αὐτῷ
1606 1044 1754 1099 εὑδό-

184 1147 320 1199 κησε
376 1133 486 1184 πᾶν
518 1131 580 1184 τὸ
628 1131 902 1201 πλήρωμα
946 1134 1289 1203 κατοικῆσαι,
1340 1135 1435 1187 καὶ
1474 1134 1546 1186 δι’
1591 1132 1754 1187 αὐτοῦ

184 1221 631 1287 ἀποκαταλλάξαι
673 1223 741 1276 τά
786 1224 965 1277 πάντα
996 1225 1077 1287 εἰς
1105 1224 1297 1278 αὐτόν’
1342 1226 1756 1297 εἰρηνοποιήσας

183 1311 267 1363 διὰ
295 1312 389 1364 τοῦ
410 1312 639 1381 αἵματος
668 1312 763 1366 τοῦ
796 1312 1033 1383 σταυροῦ
1062 1314 1251 1378 αὑτοῦ,
1292 1315 1399 1367 εῖτε
1430 1314 1501 1368 τὰ
1538 1316 1631 1368 ἐπὶ
1656 1316 1756 1384 τῆς

182 1402 304 1468 γῆς,
352 1403 463 1455 εἴτε
508 1404 575 1458 τὰ
611 1406 669 1456 ἑν
714 1406 826 1467 τοῖς
866 1406 1135 1474 οὐρανοῖς.
1185 1424 1205 1458 ι
1246 1406 1444 1461 Εἰκόνα
1482 1408 1616 1477 φησί
1660 1407 1754 1460 τοῦ

181 1491 423 1562 ἀοράτου
455 1493 592 1547 Θεοῦ
626 1495 715 1548 τὸν
758 1494 817 1559 ἐξ
858 1493 1022 1549 αὐτοῦ
1056 1495 1381 1567 γεννηθέντα
1414 1496 1552 1551 κατά
1597 1496 1756 1565 φύσιν

181 1585 333 1651 Υἱὸν,
363 1587 611 1642 τουτέστι
641 1588 734 1642 τὸν
772 1588 905 1641 Θεὸν
932 1588 1108 1656 Λόγον
1126 1600 1140 1616 ⁶
1177 1589 1273 1642 καί⁵
1320 1589 1426 1658 μὴν
1450 1590 1533 1641 ὅτι
1562 1588 1627 1642 δι’
1657 1590 1755 1643 αὑ-

179 1678 271 1730 τοῦ
308 1678 379 1732 τὰ
407 1680 588 1735 πάντα
620 1678 872 1750 παρήχθη
901 1679 1037 1750 πρὸς
1061 1679 1299 1747 γένεσιν,
1330 1679 1441 1733 εἴτε
1468 1680 1538 1734 τὰ
1562 1680 1755 1752 ὁρατὰ,

179 1768 290 1822 εἴτε
332 1770 401 1822 τά
430 1770 657 1841 ἀόρατα,
695 1770 751 1823 ἐν
784 1788 844 1824 τε
872 1770 1087 1841 οὐρανῷ
1118 1773 1214 1825 καὶ
1237 1772 1329 1831 ἐπὶ
1364 1773 1466 1842 τῆς
1494 1771 1597 1842 γῆς
1620 1790 1633 1803 ·
1660 1775 1755 1827 καὶ

1856 590 2176 654 Potestates,
2206 590 2383 643 omnia
2410 605 2504 658 per
2529 590 2703 656 ipsum
2724 599 2777 644 et
2811 591 2864 642 in
2905 588 3023 658 ipso
3052 596 3237 641 creata
3255 596 3415 640 sunt:

1855 690 1907 735 et
1941 681 2055 749 ipse
2082 688 2166 734 est
2194 690 2319 734 ante
2343 694 2564 743 omnes,
2595 688 2652 733 et
2688 678 2867 735 omnia
2902 678 2954 731 in
2993 679 3109 746 ipso
3138 684 3415 730 constant.

1855 771 1922 827 Et
1954 773 2068 841 ipse
2096 780 2181 827 est
2204 779 2368 842 caput
2403 771 2646 839 corporis
2678 770 2958 836 Ecclesiae,
3012 770 3104 837 qui
3148 777 3232 822 est
3268 767 3419 835 prin-

1856 864 2080 931 cipium,
2115 862 2511 933 printogenitus
2554 876 2622 915 ει
2667 862 2925 927 mortuis,
2984 870 3044 915 ut
3094 861 3165 915 sit
3214 860 3327 928 ipse
3369 860 3420 911 in

1854 954 2103 1009 omnibus
2132 954 2421 1022 primatum
2476 961 2665 1007 tenens
2704 971 2717 1005 :
2754 952 2881 1020 quia
2933 950 2987 1005 in
3030 952 3147 1019 ipso
3180 946 3421 1017 compla-

1854 1044 1970 1099 cuit
1992 1058 2210 1099 omnem
2266 1042 2653 1112 plenitudinem
2699 1042 3029 1107 inhabitare,
3077 1050 3132 1095 et
3178 1055 3271 1109 per
3297 1052 3420 1093 eum

1855 1136 2036 1192 omnia
2069 1136 2423 1192 reconciliare
2477 1137 2530 1190 in
2574 1136 2748 1204 ipsum
2777 1148 2795 1187 :
2831 1134 3127 1202 paciﬁcans
3162 1146 3256 1201 per
3291 1145 3421 1184 san-

1856 1228 2073 1297 guinem
2116 1228 2296 1283 crucis
2331 1228 2448 1297 ejus
2484 1228 2600 1282 sive
2630 1240 2747 1293 qua:
2777 1225 2830 1280 in
2865 1226 3047 1288 terris,
3075 1227 3191 1277 sive
3216 1238 3335 1290 qua:
3366 1221 3419 1275 in

1856 1319 2007 1373 caelis
2044 1327 2167 1374 sunt
2194 1318 2260 1373 ".
2297 1337 2317 1372 ι
2351 1319 2581 1373 Docetur
2610 1316 2723 1379 hic,
2764 1316 2853 1370 Dei
2902 1316 3154 1379 Verbum,
3210 1314 3310 1368 hoc
3343 1302 3425 1368 est

1856 1407 2051 1462 Filium
2103 1408 2423 1462 naturaliter
2472 1422 2537 1461 ex
2590 1407 2682 1461 illo
2724 1415 2935 1468 natum,
2996 1405 3280 1459 invisibilis
3327 1402 3420 1457 Dei

1858 1496 2146 1566 imaginem
2173 1512 2335 1552 esse:
2377 1498 2561 1551 adhaic
2599 1498 2777 1550 omnia
2818 1495 3048 1550 visibilia
3081 1506 3136 1549 et
3173 1494 3421 1548 invisibi-

1858 1587 1951 1651 lia,
1982 1587 2097 1643 sive
2132 1589 2182 1643 in
2218 1589 2392 1651 caelis,
2424 1589 2535 1642 sive
2570 1588 2622 1641 in
2651 1587 2836 1651 terris,
2870 1600 2966 1655 per
2992 1586 3167 1653 ipsum
3199 1584 3419 1639 condita

1857 1692 2016 1733 esse:
2047 1679 2217 1747 ipsum
2251 1690 2511 1748 praeterea
2540 1680 2720 1733 omnia
2757 1678 3075 1732 antecedere
3107 1679 3152 1746 (ι
3185 1676 3241 1730 In
3270 1679 3420 1745 prin-

1858 1772 1999 1840 cipio
2022 1771 2165 1827 enim
2190 1785 2309 1825 erat
2331 1771 2563 1827 Verbum
2581 1772 2708 1839 ﬁt),
2727 1770 3154 1837 saeculorumque
3179 1770 3422 1823 condito-

178 1861 260 1913 ὅτι
283 1862 392 1932 πρὸ
415 1833 807 1917 πάντων-εστὶν
829 1833 990 1926 αὐτὸς
1008 1833 1164 1931 (ι”Εν
1186 1864 1324 1935 ἀρχῇ
1491 1833 1615 1935 ἦντὸ
1652 1866 1743 1917 Λόη

1860 1877 1971 1917 rem
2020 1877 2182 1918 esse:
2222 1863 2597 1918 exsistenliam
2654 1872 2927 1932 postremo
2979 1861 3125 1916 omni
3183 1869 3427 1929 tempore

179 1956 355 2019 γοςι),
374 1954 469 2007 καὶ
494 1955 655 2017 αὐτός
680 1957 826 2009 ἔστιν
854 1955 883 2008 ό
908 1953 1019 2007 τῶν
1051 1955 1262 2009 αἰώνων
1290 1956 1635 2027 δημιουργὸς,
1658 1958 1753 2011 καὶ

184 2044 381 2110 χρόνου
449 2044 652 2108 παντὸς
700 2044 1078 2117 πρεσϐυτέραν
1132 2044 1271 2115 ῐχων
1336 2047 1435 2117 τὴν
1496 2047 1749 2119 ὕπαρξιν.

193 2133 353 2187 Ἀλλὰ
382 2135 475 2187 τὸν
502 2134 675 2200 οὕτως
700 2136 894 2207 έχοντα
937 2136 1078 2190 κατά
1126 2138 1287 2205 φύσιν
1332 2138 1470 2191 ἰδίαν
1506 2138 1751 2193 δεδόσθαι

182 2224 316 2291 φησὶ
359 2226 513 2294 παρά
553 2226 649 2280 τοῦ
695 2227 907 2296 Πατρὸς
943 2226 1185 2297 κεφαλὴν
1227 2224 1323 2279 τοῦ
1364 2226 1615 2298 σώματος
1652 2228 1751 2298 τῆς

192 2313 543 2385 Ἑκκλησίας,
589 2318 751 2372 αὐτόν
782 2336 843 2372 τε
886 2314 1023 2371 εἶναι
1053 2316 1144 2371 τὸν
1172 2318 1514 2389 πρωτότοκον
1543 2321 1607 2373 ὲκ
1642 2320 1753 2374 τῶν

182 2404 415 2475 νεκρῶν.
441 2402 576 2461 Εἶτα
600 2408 717 2472 πῶς
751 2408 1010 2480 ὑπάρχων
1039 2409 1126 2462 ἀεὶ
1151 2409 1285 2472 Θεὸς
1310 2409 1503 2487 Λόγος,
1535 2412 1593 2463 ιν
1618 2404 1663 2479 ᾧ
1683 2411 1751 2465 τά

182 2500 359 2553 πάντα
394 2502 712 2573 συνέστηκε,
742 2505 1081 2575 πρωτότοκος
1109 2504 1219 2558 τῶν
1260 2504 1469 2577 νεκρῶν
1497 2506 1751 2575 γενέσθαι

180 2585 425 2655 λέγεται,
456 2590 552 2645 καὶ
581 2594 805 2665 ἀπαρχὴ
834 2593 943 2647 τῶν
976 2594 1413 2665 κεκοιμημένων,
1432 2597 1479 2649 εἰ
1506 2597 1580 2667 μή
1602 2599 1750 2651 ἐστιν

179 2679 345 2732 αὑτοῦ
374 2680 516 2734 κατὰ
542 2683 800 2747 ἀλήθειαν
836 2683 965 2736 ῖδιον
999 2684 1159 2753 σῶμα
1190 2685 1250 2737 τὸ
1276 2686 1406 2755 παρ’
1448 2686 1613 2739 αὑτοῦ
1656 2687 1751 2754 λη-

191 2768 345 2835 φθὲν,
378 2764 439 2823 οὗ
468 2771 789 2834 πεπονθότος
824 2774 915 2825 τὸν
957 2773 1207 2837 θάνατον,
1256 2775 1417 2839 αὐτὸς
1465 2776 1533 2829 ἂν
1580 2779 1749 2830 νοοῖτο

182 2860 409 2924 παθεῖνς
442 2860 540 2912 οὐκ
583 2861 843 2917 ἀπίθανον
868 2862 1081 2932 ἔχοντος
1120 2863 1277 2931 λόγον
1326 2866 1384 2917 ὲν
1439 2865 1617 2937 ἑαυτῷ
1652 2865 1747 2920 τοῦ

182 2947 626 3021 συμϐεϐηκότος·
661 2950 896 3004 πέπονθε
949 2952 1057 3024 γὰρ
1100 2952 1161 3006 τὸ
1207 2953 1337 3007 ῖδιον
1362 2954 1563 3008 αὐτοῦ·
1604 2956 1749 3012 οὕτω

180 3040 383 3091 νοεῖται
410 3038 755 3110 πρωτότοκος
792 3043 857 3095 ὲκ
894 3041 1003 3094 τῶν
1032 3042 1262 3114 νεκρῶν,
1293 3044 1470 3098 καίτοι
1502 3046 1602 3118 τὴν
1640 3047 1743 3116 φύ-

1854 1955 2217 2023 antiquiorem
2267 1954 2484 2009 habere.
2547 1953 2820 2021 Ejusmodi
2885 1960 3066 2006 autem
3125 1952 3285 2005 honis
3337 1965 3422 2005 se-

1854 2048 2091 2099 cundum
2145 2045 2420 2114 propriam
2471 2055 2721 2099 naturam
2766 2044 3121 2104 cumulatum,
3154 2043 3424 2112 primoge-

1854 2136 2023 2190 nitum
2062 2151 2126 2190 ex
2168 2137 2423 2199 mortuis,
2462 2144 2513 2190 et
2565 2145 2729 2205 caput
2780 2136 3025 2203 corporis
3077 2134 3335 2189 Ecclesia:
3389 2152 3418 2187 a

1853 2227 1962 2282 Deo
1985 2225 2146 2281 Patre
2174 2227 2357 2281 datum
2402 2242 2523 2281 esse
2566 2226 2819 2280 atlirmat.
2866 2224 2983 2280 Jam
3019 2228 3286 2294 quomodo
3329 2227 3430 2293 qui

1854 2316 1945 2371 Dei
1977 2317 2153 2372 Patris
2197 2312 2431 2371 Verbum
2475 2327 2583 2381 est,
2621 2332 2938 2386 semperque
2972 2318 3103 2381 l‘uit,
3135 2333 3231 2386 per
3259 2333 3418 2387 quem

1851 2407 2032 2462 omnia
2079 2414 2349 2471 constant,
2403 2406 2800 2474 primogenitus
2848 2422 2915 2459 ex
2972 2408 3223 2475 mortuis,
3290 2410 3420 2462 dor~

1853 2497 2241 2566 mientiumque
2289 2496 2543 2566 primitiae
2585 2497 2905 2567 appellatur,
2956 2499 2998 2553 si
3038 2514 3236 2568 corpus
3278 2505 3420 2566 quod

1852 2586 2149 2654 assumpsit
2175 2601 2301 2639 vere
2334 2586 2475 2638 illius
2509 2587 2782 2654 proprium
2820 2603 2923 2641 non
2948 2597 3086 2650 erat,
3120 2604 3226 2655 quo
3259 2589 3417 2641 nimi-

1852 2693 1969 2731 rum
2017 2678 2107 2730 illo
2164 2686 2392 2731 mortem
2442 2676 2708 2731 subeunte
2751 2680 2867 2745 ipse
2918 2687 3146 2733 mortem
3181 2681 3417 2732 subiisse

1852 2766 2224 2835 intelligatur?
2272 2766 2458 2835 Neque
2519 2768 2663 2822 enim
2714 2769 2848 2821 citra
2882 2769 3083 2836 justam
3112 2786 3332 2825 causam
3367 2768 3427 2824 id

1849 2856 1927 2910 illi
1962 2856 2226 2911 accidisse
2266 2857 2489 2923 dicitur,
2539 2861 2679 2925 quod
2724 2862 2960 2927 corpori,
3006 2863 3150 2931 quod
3200 2878 3415 2931 passum

1848 2958 1950 3011 est,
1977 2956 2032 3002 et
2053 2947 2197 3002 illius
2231 2950 2503 3017 proprium
2537 2959 2675 3015 erat,
2720 2953 2988 3007 accidisse
3021 2955 3290 3008 novimus.
3329 2956 3407 3007 Ad

1848 3038 1992 3092 hunc
2043 3038 2225 3106 itaque
2280 3040 2494 3091 modum
2553 3042 2767 3096 etiamsi
2818 3044 3112 3098 secundum
3167 3053 3419 3100 naturam

182 3143 269 3181 σιν
292 3128 562 3195 ἀθάνατος
597 3131 697 3197 ὢν,
736 3134 829 3186 καὶ
857 3134 1019 3197 αὐτὸς
1052 3135 1404 3206 χρηματίξων
1446 3136 1582 3210 ζωή.
1618 3139 1747 3193 Ὅτε

1854 3128 2201 3195 immortalis,
2235 3138 2290 3183 et
2314 3131 2421 3183 vita
2474 3146 2571 3200 per
2627 3134 2918 3187 essentiam
2968 3137 3219 3198 exsistat,
3269 3152 3415 3189 mor-

178 3220 359 3271 τοίνυν
388 3221 597 3277 δέδοται
628 3226 835 3294 κεφαλὴ
863 3225 957 3279 τοῦ
986 3226 1235 3297 σώματος
1258 3228 1358 3300 τῆς
1396 3229 1744 3303 Ἐκκλησίας,

181 3307 369 3370 καθεὶς
415 3310 603 3364 ἑαυτὸν
634 3313 714 3373 εἰς
742 3313 992 3379 κένωσιν,
1026 3316 1146 3368 τότε
1175 3316 1388 3384 λέγεται
1418 3320 1513 3371 καὶ
1542 3320 1748 3373 ἀποθα-

183 3401 293 3451 νεῖν
324 3399 681 3472 ἀνθρωπίνως
708 3403 846 3475 ὑπὲρ
876 3406 1055 3476 ἡμῶν,
1075 3408 1104 3459 ὁ
1127 3408 1319 3464 παθεῖν
1347 3410 1447 3464 οὐκ
1476 3411 1631 3475 εἰδὼς
1657 3414 1748 3465 τὸν

182 3486 413 3546 θάνατον
442 3491 517 3557 ὡς
545 3492 697 3559 Θεός.

250 3673 386 3731 KA’.
423 3674 683 3747 Λέγοντος
726 3676 785 3731 δὲ
833 3678 929 3732 τοῦ
982 3680 1248 3749 μακαρίου
1288 3681 1523 3746 Παύλου,
1569 3684 1651 3737 ὅτι
1688 3686 1747 3738 ὲν

182 3765 327 3836 αὐτῷ
354 3768 641 3839 κατῴκησε
667 3772 773 3825 πᾶν
792 3772 851 3824 τὸ
880 3770 1172 3844 πλήρωμα,
1208 3775 1365 3842 φαῖεν
1397 3774 1463 3827 ἂν
1497 3775 1626 3839 ῖσως
1663 3794 1741 3829 τι·

181 3858 296 3920 νές·
337 3857 467 3911 ’ἰδοῦ
496 3860 730 3931 Χριστὸν
762 3862 845 3915 ἓτε
857 3880 947 3933 ρον
975 3859 1113 3917 οἶδεν
1143 3864 1325 3927 ἰδικῶς
1349 3864 1440 3919 τὸν
1466 3870 1528 3920 ἐκ
1556 3884 1745 3935 γυναι-

183 3946 274 4008 κὸς
300 3945 604 4015 ἄνθρωπον,
648 3951 705 4002 ὲν
729 3944 774 4018 ᾧ
807 3952 1129 4024 κατῴκησεν
1158 3954 1232 4020 ὡς
1262 3955 1449 4025 ἔτερος
1492 3960 1622 4028 παρ’
1649 3959 1745 4011 αὺ-

181 4035 269 4088 τὸν
308 4036 563 4106 Χριστὸς,
615 4041 709 4091 καὶ
758 4041 940 4105 ἰδικῶς
977 4044 1005 4094 ό
1043 4044 1231 4111 Λόγος,
1266 4047 1385 4114 ἦτοι
1430 4048 1649 4116 Πνεῦμα
1686 4050 1747 4103 τὸ

181 4126 455 4199 πλήρωμα
498 4130 599 4199 τῆς
647 4129 898 4201 θεότητος
955 4135 1298 4203 σωματικῶς.
1358 4139 1503 4208 Πρὸς
1560 4141 1622 4209 δὴ
1676 4142 1746 4194 τὰ

179 4222 353 4275 τοιάδε
402 4223 602 4293 φαμὲν,
649 4223 729 4276 ὅτι
781 4223 874 4277 δύο
920 4225 1187 4295 Χριστοὺς
1234 4229 1262 4280 ὁ
1305 4231 1746 4301 πνευματοφόρος

181 4312 276 4365 οὐκ
309 4308 471 4376 οἶδεν,
504 4312 620 4366 ἀλλ’
671 4313 768 4368 ἕνα
796 4314 1074 4384 κηρύττει,
1125 4316 1379 4386 καθάπερ
1422 4320 1612 4389 ἀμέλει
1652 4323 1745 4375 καὶ

178 4402 275 4458 ἵνα
299 4404 546 4476 Πατέρα.
582 4424 601 4457 ι
642 4406 803 4475 Ἡμῖν
832 4407 959 4478 γὰρ,
990 4408 1173 4477 φησιν,
1203 4403 1282 4471 εἷς
1310 4409 1442 4475 Θεὸς
1469 4412 1498 4463 ὁ
1532 4413 1741 4482 Πατὴρ,

1854 3230 2066 3274 tuorum
2129 3221 2515 3291 primogenitus
2569 3235 2690 3276 esse
2749 3226 3121 3293 cognoscitur.
3187 3226 3417 3293 Quando

1850 3312 2017 3381 Igitur
2045 3312 2201 3366 datus
2230 3322 2315 3366 est
2352 3322 2512 3382 caput
2544 3316 2789 3384 corporis
2821 3314 3084 3373 Ecclesiae
3115 3322 3415 3389 semetipso

1850 3402 1913 3454 ad
1967 3401 2389 3454 exinanitionem
2447 3404 2701 3468 demisso,
2755 3407 2923 3460 nostri
2977 3422 3135 3461 causa
3184 3421 3418 3463 mortem

1848 3490 2140 3545 secundum
2195 3501 2442 3544 naturam
2500 3494 2786 3548 humanam
2842 3499 3137 3565 oppetiisse
3188 3499 3408 3565 dicitur,

1846 3580 1936 3649 qui
1960 3588 2015 3631 nt
2048 3580 2191 3634 Deus
2224 3581 2410 3634 mortis
2442 3582 2666 3636 omnino
2698 3585 2919 3651 ignarus
2952 3593 3089 3639 erat.

1938 3670 2078 3725 XXI.
2126 3672 2393 3727 Ceterum
2452 3674 2593 3743 quod
2664 3675 2853 3730 beatus
2930 3676 3128 3732 Paulus
3198 3694 3413 3733 onmem

1848 3764 2237 3832 plenitudinem
2272 3765 2322 3817 in
2348 3766 2463 3833 ipso
2496 3765 2831 3822 inhabitasse
2863 3778 3095 3834 asserat,
3125 3770 3283 3843 144
3307 3789 3413 3826 ηοιι

1847 3856 2074 3911 deerunt
2106 3857 2361 3912 fortassis
2409 3859 2498 3927 qui
2527 3859 2614 3912 hic
2662 3858 2735 3913 ita
2787 3860 3046 3930 olijiciant
3079 3881 3092 3917 :
3120 3864 3196 3917 En
3236 3867 3411 3919 Immi-

1847 3962 1968 4001 nem
2021 3962 2087 4002 cx
2132 3948 2357 4003 muliere
2406 3959 2608 4013 ortum,
2660 3952 2932 4005 Christum
2961 3953 3190 4007 alterum
3228 3970 3323 4022 per
3354 3971 3415 4012 se

1848 4049 1902 4092 et
1942 4038 2237 4092 secundum
2262 4052 2322 4092 se
2346 4040 2644 4106 exstitisse,
2676 4042 2896 4106 indicat,
2931 4042 2985 4097 in
3013 4058 3121 4113 quo
3156 4045 3415 4112 Verbum,

1850 4127 1951 4180 hoc
1975 4136 2061 4180 est
2103 4126 2361 4194 Spiritus,
2390 4129 2801 4199 divinitatisque
2834 4132 3130 4200 plenitudo,
3156 4144 3409 4206 tanquam

1847 4218 1983 4271 alter
2013 4218 2229 4286 quidam
2261 4218 2508 4273 Christus
2541 4236 2784 4277 seorsum
2823 4228 2892 4281 ab
2932 4228 3104 4283 altero
3130 4229 3219 4283 illo
3244 4268 3259 4292 ,
3289 4244 3417 4283 cor-

1847 4306 2106 4374 poraliter
2156 4306 2489 4359 inhabitat-it.
2547 4309 2627 4363 Ad
2677 4312 2791 4366 haec
2842 4330 2975 4369 sane
3024 4319 3413 4385 respondemus

1847 4399 2069 4454 Paulum
2102 4402 2190 4456 Dei
2226 4402 2429 4477 Spiritu
2458 4406 2691 4459 alllatutn
2725 4421 3064 4475 nequaquam
3093 4409 3227 4464 duos
3255 4426 3419 4479 agno-

181 4490 236 4559 ἒξ
267 4491 329 4549 οὗ
358 4497 426 4549 τὰ
452 4497 752 4561 πάντα,καὶ
781 4499 941 4568 ἡμεῖς
974 4501 1053 4564 εἰς
1085 4499 1271 4556 αὐτόν.
1293 4502 1402 4555 Καὶ
1430 4498 1513 4565 εἷς
1540 4504 1742 4574 Κύριος

1851 4491 1991 4544 visse
2035 4489 2302 4558 Christus,
2366 4494 2458 4547 sed
2517 4510 2679 4547 unum
2736 4498 3128 4564 annnntiasse;
3181 4500 3321 4553 sicut
3363 4510 3418 4554 et

189 4585 397 4656 Ἰησοῦς
428 4588 682 4657 Χριστὸς,
712 4589 778 4641 δι’
810 4583 870 4643 οὗ
904 4590 973 4643 τὰ
996 4591 1194 4655 πάντα,
1234 4595 1327 4645 καὶ
1353 4595 1519 4663 ἡμεῖς
1543 4595 1609 4648 δι’
1643 4596 1742 4647 αὐ-

176 4674 290 4728 τοῦ.
328 4694 346 4725 ι
398 4676 552 4729 Ἐπεὶ
586 4678 740 4746 φέρε,
788 4678 1206 4749 διασκεψώμεθα
1236 4683 1631 4751 παρατιθέντες
1661 4688 1742 4747 εἰς

176 4765 407 4834 βάσανον
436 4759 542 4818 τῶν
569 4768 871 4837 εἰρημένων
895 4770 992 4840 τὴν
1020 4771 1266 4842 δύναμιν·
1296 4776 1406 4844 Τὴν
1436 4777 1619 4828 εἰκόνα
1647 4776 1740 4827 τοῦ

170 4858 305 4912 Θεοῦ
330 4857 425 4911 τοῦ
458 4859 711 4927 ἀοράτου,
741 4858 831 4912 τὸν
871 4860 937 4912 δι’
964 4856 1023 4914 οὗ
1055 4864 1149 4915 καὶ
1177 4864 1235 4915 ὲν
1267 4858 1309 4931 ᾧ
1332 4865 1397 4917 τὰ
1426 4866 1622 4925 πάντα,
1648 4866 1740 4918 τὸν

176 4949 499 5021 προαιώνιον
529 4950 677 5013 Υἰὸν,
722 4951 821 5021 τὴν
851 4952 959 5004 τῶν
993 4952 1126 5004 ὅλων
1161 4952 1441 5017 σύστασιν,
1493 4954 1739 5009 δεδόσθαι

169 5042 307 5111 φησὶ
354 5042 418 5111 τῇ
472 5038 767 5111 ’ἰσῖκκλησίᾳ
802 5039 1075 5111 κεφαλὴν,
1115 5040 1207 5094 καὶ
1254 5041 1359 5114 μὴν
1402 5043 1481 5095 ὅτι
1529 5046 1742 5113 γένοιτο

177 5134 519 5203 πρωτότοκος
561 5134 625 5187 ὲκ
668 5133 888 5203 νεκρῶν.
936 5132 1151 5205 Ἐπειδὴ
1178 5132 1234 5185 δέ
1281 5136 1396 5186 ἐστι
1438 5134 1536 5207 τὴν
1574 5138 1741 5206 φύσιν

174 5223 458 5287 ἀθάνατος,
496 5224 645 5278 πᾶσά
680 5242 795 5287 πως
820 5223 1031 5292 ἀνάγκη
1060 5222 1194 5293 πρὸς
1228 5223 1421 5277 ἕνωσιν
1451 5226 1732 5299 οἰκονομι-

176 5312 276 5379 κήν
306 5329 364 5365 τε
394 5314 489 5366 καὶ
520 5314 692 5385 άληθῆ
737 5318 803 5385 τῇ
850 5315 971 5368 καθ’
1012 5316 1157 5386 ἡμᾶς
1188 5315 1566 5388 άνθρωπότητι
1607 5336 1737 5371 συν-

177 5401 457 5470 ενεχθῆναι
486 5403 665 5471 λέγειν
693 5405 781 5457 τὸν
816 5406 880 5458 ἐκ
912 5404 1046 5459 Θεοῦ
1081 5406 1290 5476 Πατρὸς
1326 5406 1513 5474 Λόγον,
1543 5408 1638 5461 ἕνα
1676 5426 1738 5465 τε

178 5489 346 5554 οὕτως
375 5498 506 5562 ἡμῖν
536 5496 914 5567 ἀναδειχθῆναι
963 5498 1215 5569 Χριστὸν,
1271 5500 1363 5551 τὸν
1393 5500 1554 5553 αὑτὸν
1603 5502 1738 5570 ὁμοῦ

176 5580 305 5635 Θεὸν
344 5584 470 5637 ὄντα
500 5590 591 5640 καὶ
623 5589 925 5659 ἄνθρωπον.
968 5591 1055 5643 Ἐν
1084 5590 1187 5641 τίνι
1234 5590 1298 5660 δὴ
1326 5588 1417 5644 οὖν
1448 5590 1736 5662 κατῴκησε

248 5739 292 5773 ³³
318 5738 517 5797 Coloss.
567 5761 603 5810 ι,
656 5744 842 5800 l'l-z‘ll.
918 5746 962 5778 π’
1003 5746 1153 5801 Joan.
1203 5761 1236 5811 ι,
1286 5746 1363 5799 li.

1851 4598 2016 4635 unum
2062 4598 2276 4652 quoque
2322 4584 2580 4639 Patrem:
2627 4603 2646 4637 ι
2695 4583 2860 4640 Nobis
2903 4586 3099 4657 (inquit
3142 4587 3252 4657 ille)
3278 4606 3415 4644 unus

1849 4682 1934 4728 est
1970 4674 2113 4729 Dens
2159 4674 2339 4740 Pater,
2385 4692 2451 4729 ex
2494 4691 2599 4744 quo
2634 4678 2839 4742 omnia,
2884 4688 2937 4732 et
2985 4696 3080 4733 nos
3111 4680 3161 4733 in
3193 4681 3411 4749 ipsum:

1848 4772 1903 4814 et
1941 4778 2077 4816 unus
2108 4761 2363 4817 Dominus
2392 4762 2548 4819 Jesus
2576 4764 2855 4832 Christus,
2889 4784 2985 4837 per
3014 4785 3176 4838 quem
3206 4776 3413 4841 omnia,

1850 4862 1903 4906 et
1935 4868 2029 4905 nos
2070 4868 2164 4921 per
2196 4856 2368 4924 ipsum
2404 4856 2471 4911 ⁸⁸.
2513 4876 2531 4910 ι
2569 4857 2674 4914 Sed
2725 4860 2948 4928 agedum
2991 4862 3278 4917 verborum
3327 4867 3414 4920 hic

1849 4947 2245 5015 propositorum
2278 4952 2380 5001 vim
2411 4951 2475 5003 ad
2496 4965 2700 5017 mquam
2728 4952 2980 5002 trutinam
3009 4957 3409 5023 expendamus.

1849 5038 2042 5092 Filium
2069 5052 2349 5105 mternum,
2383 5041 2434 5092 in
2461 5056 2563 5106 quo
2582 5040 2785 5101 omnia,
2815 5050 2868 5093 et
2895 5057 2991 5108 per
3020 5061 3179 5113 quem
3205 5051 3406 5115 omnia,

1848 5131 2134 5185 invisibilis
2163 5132 2251 5182 Dei
2288 5130 2596 5194 imaginem,
2632 5131 3125 5204 universorumque
3166 5140 3412 5193 condito-

1850 5238 1962 5277 rem
1994 5237 2057 5274 ac
2084 5221 2500 5289 primogenitum
2547 5221 2688 5276 inter
2738 5237 2997 5288 mortuos,
3035 5228 3293 5283 Ecclesia:
3322 5248 3414 5285 ca-

1850 5326 1941 5381 put
1972 5314 2154 5365 datum
2183 5312 2456 5379 prazdicat.
2481 5314 2615 5380 Quia
2658 5331 2785 5386 ergo
2816 5319 2904 5371 Dei
2956 5317 3187 5373 Verbum
3224 5332 3412 5389 suapte

1850 5414 2039 5465 natura
2067 5404 2254 5458 mortis
2285 5419 2476 5475 expers
2505 5417 2605 5469 est,
2646 5423 2749 5462 non
2800 5424 3081 5475 possumus
3122 5411 3249 5465 illud
3287 5428 3410 5465 vera

1848 5494 2195 5564 perfectaque
2238 5498 2436 5554 unione
2473 5516 2593 5553 cum
2649 5503 2878 5553 humana
2930 5511 3120 5557 natura
3176 5504 3408 5575 conjun-

1851 5600 1995 5645 ctum
2023 5591 2195 5647 fuisse
2219 5607 2322 5647 non
2352 5609 2626 5659 asserere;
2656 5595 2893 5662 adeoque
2920 5610 3084 5650 unum
3112 5598 3406 5663 Christum,

1443 5746 1487 5776 "
1518 5743 1557 5797 ll
1600 5746 1723 5802 Cor.
1765 5762 1885 5809 'vm,
1938 5748 1991 5805 6.
