4092 6334
638 352 779 409 1365

1554 352 1612 410 S.
1643 351 1920 409 CYRILLI
1958 350 2425 406 ALEXANDRINI
2463 350 2787 408 ARCHIEP.

3710 355 3852 408 1364

637 464 728 532 qui
762 464 903 519 idem
936 463 1078 520 Deus
1127 466 1286 521 simul
1328 467 1400 522 sit
1428 476 1484 523 et
1527 468 1710 535 homo,
1750 471 1906 527 nobis
1933 484 2036 522 non
2065 483 2182 536 pro-

2300 471 2405 522 πᾶν
2429 468 2488 522 τὸ
2516 470 2789 539 πλήρωμα
2817 468 2913 539 τῆς
2955 468 3207 540 θεότητος
3252 469 3605 540 σωματικῶς;
3648 470 3856 533 Ἰδικῶς

634 569 859 620 ponere.
885 554 955 608 At
983 556 1035 609 in
1067 570 1175 626 quo
1216 556 1378 626 igitur
1398 558 1576 613 omnis
1597 560 1895 615 divinitatis
1916 559 2191 629 plenitudo

634 645 962 701 inhabitavit
992 649 1347 718 corporaliter
1382 648 1471 703 “il
1499 650 1639 705 Sane
1662 650 1914 705 arbitrari
1937 652 1991 705 in
2025 649 2189 706 Verbi

636 750 877 792 seorsum
906 753 1003 807 per
1027 754 1084 793 se
1129 739 1454 795 considerati
1499 750 1745 795 naturam
1778 742 1879 796 hoc
1905 742 2188 805 accidisse,

633 826 853 880 omnino
884 827 1273 895 perabsurdum
1315 826 1506 883 fuerit:
1548 829 1767 899 perinde
1798 844 2027 899 namque
2052 829 2194 883 istud

640 926 784 971 esset
839 932 901 972 ac
962 918 1004 972 si
1054 918 1397 987 Unigenitum
1457 920 1510 974 in
1578 921 1866 991 semetipso
1919 921 2195 974 habitasse

633 1007 954 1062 diceremus.
993 1008 1286 1065 Credentes
1335 1011 1515 1079 itaque
1557 1011 1791 1066 Verbum
1826 1025 2044 1065 carnem
2088 1024 2193 1065 non

631 1109 730 1164 per
761 1095 995 1165 aliquam
1050 1098 1129 1151 sui
1178 1101 1675 1153 transmutationem
1725 1109 1816 1153 aut
1871 1100 2191 1164 versionem,

632 1187 725 1239 sed
798 1202 895 1254 per
947 1204 1127 1243 veram
1177 1190 1357 1260 templi
1413 1193 1639 1261 proprii,
1692 1192 1794 1245 hoc
1836 1201 1920 1245 est
1957 1191 2195 1260 corporis

634 1276 814 1330 anima
867 1278 1101 1333 humana
1154 1280 1401 1349 perfecti,
1456 1283 1709 1337 unionem
1769 1282 1822 1335 in
1862 1281 2014 1335 nobis
2044 1282 2196 1336 habi-

636 1375 797 1431 tasse,
838 1369 924 1437 pie
965 1380 1215 1441 recteque
1263 1387 1657 1437 asseveramus,
1700 1374 1825 1425 dum
1859 1387 2081 1439 magnus
2106 1371 2193 1425 ille

634 1455 831 1510 Paulus
871 1473 1085 1511 omnem
1143 1460 1446 1514 divinitatis
1522 1460 1914 1528 plenitudinem
1970 1460 2023 1513 in
2080 1461 2195 1528 ipso

635 1546 966 1601 inhabitasse
1013 1548 1227 1613 scribit,
1283 1564 1387 1602 non
1436 1550 1648 1617 quidem
1706 1564 1798 1618 per
1826 1548 2195 1618 participatio-

635 1654 780 1701 nem,
824 1650 914 1691 aut
944 1638 1334 1702 habitudinem,
1390 1650 1481 1692 aut
1532 1639 1717 1707 gratiae
1756 1640 2199 1694 communicatio-

636 1744 780 1793 nem,
822 1730 917 1783 sed
965 1729 1338 1796 corporaliter,
1389 1730 1492 1783 hoc
1548 1738 1631 1783 est
1678 1730 2055 1793 essentialiter,
2107 1745 2199 1798 per

2298 560 2395 629 μὲν
2428 555 2520 612 οὖν
2548 561 2642 613 καὶ
2672 560 2811 612 κατά
2844 559 3007 629 μόνας
3036 561 3091 611 ὲν
3111 562 3177 631 τῇ
3203 563 3297 616 τοῦ
3322 561 3492 628 Λόγου
3515 562 3671 629 φύσει
3692 560 3857 613 τοῦτο

2295 649 2605 719 πεπρᾶχθαι
2626 650 2886 720 νομίζειν,
2917 648 3108 719 εὔηθες
3133 649 3325 721 κομιδῇ
3348 665 3359 678 ·
3389 649 3498 701 ἴσον
3524 650 3630 720 γὰρ
3653 651 3854 714 είπεῖν,

2294 738 2369 801 ὡς
2419 739 2580 802 αὐτὸς
2622 739 2680 791 ὲν
2723 737 2900 809 ἑαυτῷ
2946 738 3261 809 κατῴκησεν
3306 741 3335 792 ό
3379 740 3705 810 Μονογενής.
3757 740 3859 791 Πι-

2299 828 2581 892 στεύοντας
2620 828 2675 881 δὲ
2725 829 2807 881 ὅτι
2857 830 3045 897 γέγονε
3099 829 3233 898 σὰρξ
3277 828 3306 879 ὁ
3359 830 3549 897 Λόγος,
3599 830 3658 881 οὐ
3709 829 3861 881 κατά

2298 920 2629 989 μετάστασιν
2676 918 2708 988 ἢ
2752 920 2959 990 τροπὴν
2983 960 2997 984 ,
3051 920 3167 972 ἀλλ’
3197 920 3278 971 ὅτι
3315 918 3511 988 μᾶλλον
3546 908 3859 988 ἐσκήνωσεν

2294 1010 2351 1060 ὲν
2384 1010 2533 1079 ⁴ἡμῖν,
2578 1010 2671 1061 καὶ
2703 1009 2826 1061 ναὸν
2870 1006 2999 1061 τδιον
3038 1008 3329 1077 ἐποιήσατο
3368 1009 3427 1059 τὸ
3470 1007 3665 1059 ένωθὲν
3706 1004 3860 1075 αὐτῷ

2294 1100 2432 1153 κατά
2454 1099 2707 1170 ἀλήθειαν
2734 1099 2911 1168 σῶμα,
2944 1099 3119 1170 ψυχὴν
3148 1100 3268 1170 ἔχον
3294 1100 3389 1169 τὴν
3418 1098 3661 1169 λογικὴν,
3694 1099 3861 1149 εὐσε-

2294 1186 2385 1241 ϐὲς
2410 1191 2598 1242 εἰπεῖν·
2631 1191 2710 1243 ὅτι
2736 1189 2831 1259 τὴν
2859 1192 2916 1243 ὲν
2946 1193 3010 1260 τῇ
3036 1190 3167 1259 ἀγίᾳ
3196 1190 3359 1259 σαρκὶ
3388 1188 3482 1242 τοῦ
3511 1189 3683 1255 Λόγου
3711 1204 3854 1240 κατ-

2294 1277 2527 1347 οίκησιν,
2564 1277 2727 1347 ἡγουν
2758 1277 2955 1330 ἕνωσιν
2992 1276 3166 1347 ἀληθῆ
3199 1277 3621 1346 κατασημαίνων
3656 1278 3790 1346 ἡμῖν
3823 1275 3859 1328 6

2298 1367 2585 1429 θεσπέσιος
2616 1368 2845 1431 Παῦλος,
2880 1370 2936 1419 ὲν
2965 1367 3114 1436 αὐτῷ
3143 1384 3275 1436 φησι
3307 1366 3623 1435 κατοικῆσαι
3657 1366 3763 1419 πᾶν
3794 1365 3861 1417 τὸ

2298 1459 2569 1529 πλήρωμα
2599 1458 2699 1527 τῆς
2725 1458 2995 1528 θεότητος,
3028 1458 3088 1511 οὺ
3118 1457 3392 1527 μεθεκτῶς
3416 1457 3634 1527 μᾶλλον,
3660 1457 3691 1525 ἢ
3727 1473 3860 1525 σχε-

2302 1546 2489 1613 τικῶς,
2521 1548 2685 1618 ἤγουν
2718 1548 2791 1609 ώς
2822 1549 2878 1599 ὲν
2899 1547 3039 1600 δόσει
3074 1548 3313 1616 χάριτος,
3339 1546 3472 1599 ἀλλὰ
3504 1545 3858 1617 σωματικῶς,

2299 1640 2326 1692 ὅ
2361 1641 2507 1691 ἐστιν
2536 1638 2806 1700 οὺσιωδῶς
2826 1655 2838 1667 ’
2864 1638 2939 1701 ώς
2976 1638 3040 1690 ἂν
3062 1640 3109 1690 εί
3139 1637 3232 1689 καὶ
3263 1639 3319 1689 ὲν
3340 1636 3610 1707 ἀνθρώπῳ
3640 1635 3859 1702 λέγοιτο

2305 1729 2576 1781 κατοικεῖν
2620 1727 2679 1779 τὸ
2720 1725 2933 1796 πνεῦμα
2965 1726 3147 1790 αὐτοῦ,
3176 1725 3272 1794 οὐχ
3307 1722 3572 1793 ἓτερονηδν
3607 1723 3732 1791 παρ’
3764 1721 3865 1773 αὑ-

632 1821 1079 1875 inhabitationem
1122 1820 1268 1873 illam
1304 1820 1449 1873 aliud
1484 1820 1616 1874 nihil
1648 1820 1921 1875 insinuare
1941 1821 2195 1882 voluisse,

2300 1817 2407 1871 τόν.
2451 1815 2566 1884 Ἐφ’
2597 1816 2714 1878 ἑνὸς
2761 1816 2817 1868 δὲ
2864 1815 3153 1885 προσώπου
3205 1814 3459 1875 πολλάκις
3509 1812 3861 1881 διπρόσωπον

632 1923 794 1977 quam
827 1922 1004 1960 veram
1047 1906 1455 1975 naturalemque
1487 1905 1646 1961 Verbi
1690 1921 1809 1960 cum
1841 1921 1997 1961 sacra
2034 1921 2196 1961 carne

634 1996 913 2049 unionem.
944 1995 1414 2061 Quemadmodum
1468 1996 1591 2050 licet
1628 1996 1861 2051 hominis
1890 1995 2111 2064 spiritus
2143 1996 2195 2047 in

634 2089 751 2157 ipso
783 2088 1031 2142 habitare
1062 2087 1296 2151 dicatur,
1328 2103 1433 2141 non
1472 2087 1609 2142 alius
1635 2096 1809 2143 tamen
1835 2097 1925 2141 aut
1948 2088 2194 2141 diversus

635 2180 701 2231 ab
736 2178 823 2230 illo
858 2178 1151 2247 judicatur.
1185 2176 1273 2231 Fit
1320 2178 1486 2241 enim,
1534 2189 1593 2231 ut
1623 2178 1885 2232 orationis
1913 2177 2193 2231 schemate

634 2266 703 2318 de
731 2280 835 2317 una
871 2280 1097 2333 persona
1148 2266 1377 2334 duplicis
1427 2266 1747 2335 quandoque
1782 2281 2025 2336 personae
2060 2267 2197 2321 ratio

636 2354 792 2407 nobis
824 2353 1104 2419 oll‘eratur,
1142 2371 1316 2425 neque
1345 2357 1414 2410 ob
1459 2357 1510 2411 id
1543 2367 1720 2410 tamen
1759 2357 1961 2411 veritas
2001 2357 2109 2410 ulla
2131 2371 2196 2410 ex

637 2455 788 2513 parte
835 2446 1088 2500 Ιιειιίιυτε
1150 2456 1208 2500 ut
1261 2463 1419 2511 cum,
1471 2449 1700 2515 exempli
1746 2464 1945 2513 causa,
2009 2449 2188 2501 divina

639 2535 917 2604 Scriptura
950 2536 1017 2589 de
1060 2537 1166 2589 Deo
1200 2536 1497 2605 prmdicat:
1544 2554 1562 2588 ι
1600 2537 1702 2601 Qui
1755 2537 1906 2603 tingit
1948 2537 2197 2604 spiritum

639 2624 878 2677 hominis
928 2625 981 2677 in
1035 2625 1151 2694 ipso
1184 2625 1269 2689 ’7;
1308 2642 1327 2675 ›
1377 2625 1525 2689 atqui
1580 2624 1825 2691 spiritum
1877 2624 2110 2676 hominis
2145 2623 2197 2675 in

608 2717 758 2782 ipso
814 2713 1099 2766 formatum
1156 2718 1221 2767 ab
1267 2713 1384 2783 ipso
1434 2710 1591 2783 145
1637 2712 1855 2766 homine
1902 2711 2048 2765 aliud
2093 2726 2199 2765 non

636 2817 786 2869 esse,
818 2805 1067 2858 oinnibus
1096 2806 1437 2874 perspicuum
1471 2817 1570 2859 est.
1605 2802 1723 2858 Huc
1751 2814 1805 2857 et
1831 2803 1961 2857 illud
1991 2818 2203 2872 quoque

637 2895 783 2948 beati
825 2894 998 2950 David
1035 2896 1205 2949 tendit
1244 2913 1257 2949 :
1300 2914 1319 2947 ι
1350 2894 1522 2950 Nocte
1556 2912 1677 2950 cum
1707 2895 1869 2950 corde
1900 2909 2019 2949 meo
2045 2910 2201 2948 exer-

640 2986 865 3050 citabar,
908 2998 961 3041 et
1017 2987 1281 3040 mmrebat
1329 2988 1560 3055 spiritus
1610 3002 1763 3042 meus
1809 2986 1874 3040 ’⁸.
1918 3004 1937 3038 ›
1982 2986 2199 3055 Ecquis,

643 3088 848 3142 quasso,
877 3087 1015 3143 erat,
1054 3078 1145 3145 qui
1176 3091 1298 3131 cum
1328 3090 1430 3131 suo
1455 3076 1617 3131 corde
1649 3077 2030 3142 exercebatur,
2072 3093 2199 3145 pro-

2296 1910 2428 1977 ἡμῖν
2468 1908 2771 1977 εἰσφέρεται
2809 1906 2965 1975 λόγου
2996 1906 3200 1976 σχῆμα,
3228 1903 3322 1957 καὶ
3371 1904 3491 1955 κατ’
3522 1902 3708 1953 οὐδένα
3728 1898 3862 1968 τρό-

2299 2014 2399 2050 πον
2426 1998 2597 2051 ἀδικεῖ
2628 1997 2724 2068 τὴν
2752 1996 3025 2067 ἀλήθειαν.
3062 1992 3185 2049 Οἷον
3211 1995 3342 2066 φέρε
3369 1996 3560 2057 εἰπεῖν,
3595 1990 3669 2053 ώς
3692 1992 3739 2043 εί
3774 1988 3862 2040 λέ-

2296 2106 2445 2159 γοιτο
2492 2090 2619 2158 περὶ
2666 2087 2799 2141 Θεοῦ
2852 2088 3003 2158 παρά
3047 2088 3147 2155 τῆς
3195 2084 3550 2139 θεοπνεύστου
3599 2080 3859 2150 Γραφῆς⁶

2308 2200 2326 2233 ι
2375 2182 2433 2235 '0
2472 2181 2724 2234 πλάσσων
2758 2178 2971 2248 πνεῦμα
2998 2178 3283 2248 ἀνθρώπου
3308 2178 3364 2231 ὲν
3399 2175 3566 2245 αὐτῷ.
3604 2192 3623 2226 ι
3662 2170 3858 2224 Καίτοι

2298 2272 2414 2333 πῶς
2439 2273 2536 2342 οὐχ
2566 2272 2769 2325 ἆπασιν
2795 2270 3043 2341 ἐναργὲς,
3062 2270 3135 2331 ώς
3164 2271 3264 2321 οὐκ
3289 2267 3353 2321 ἀν
3374 2268 3541 2319 νοοῖτο
3573 2262 3699 2335 περὶ
3715 2271 3744 2311 1
3764 2260 3861 2313 τὸν

2298 2363 2581 2432 ἄνθρωπον
2639 2361 2824 2432 ἕτερον
2896 2364 2988 2414 ὲν*
3024 2360 3198 2428 ἑαυτῷ
3264 2357 3629 2426 πλαττόμενον
3692 2348 3860 2405 αὐτοῦ

2300 2449 2543 2517 πνεῦμα;
2569 2451 2705 2519 Φησὶ
2746 2449 2801 2501 δέ
2834 2465 2935 2501 που
2967 2450 3061 2500 καὶ
3093 2451 3119 2501 ὁ
3148 2447 3414 2518 μακάριος
3441 2442 3605 2496 Δαυῒδ
3626 2459 3637 2472 ·
3686 2459 3703 2491 ι
3741 2440 3860 2492 Νυ-

2299 2541 2425 2602 κτὸς
2454 2541 2589 2609 μετά
2628 2540 2727 2606 τῆς
2757 2540 2983 2609 καρδίας
3014 2538 3355 2610 ὴδολέσχουν,
3409 2534 3501 2587 καὶ
3533 2530 3760 2602 ἤσχαλλε
3797 2528 3864 2581 τὸ

2302 2630 2515 2699 πνεῦμά
2547 2646 2669 2699 μου.
2708 2646 2727 2680 ι
2760 2626 2890 2681 Είτα
2925 2629 3007 2690 τίς
3039 2624 3132 2680 οὖν
3162 2629 3189 2679 ό
3222 2626 3356 2696 μετά
3387 2625 3484 2693 τῆς
3508 2620 3733 2692 καρδίας
3757 2618 3863 2671 ab-

2299 2720 2392 2773 τοῦ
2424 2718 2741 2789 ἀδολεσχῶν,
2778 2720 2871 2771 καὶ¹
2899 2717 2960 2771 τὸ
2993 2718 3121 2770 ίδιον
3147 2714 3363 2784 πνεῦμα
3394 2712 3657 2781 ἀσχάλλον
3684 2709 3860 2779 ἔχωνς

2298 2810 2418 2883 Χρὴ
2449 2812 2628 2865 τοίνυν
2670 2810 2739 2864 τὰ
2780 2812 2876 2880 μὲν
2911 2809 3019 2862 τῶν
3064 2809 3236 2876 λόγων
3268 2808 3519 2877 σχήματα
3551 2803 3624 2873 μὴ
3655 2800 3864 2869 σφόδρα

2302 2902 2648 2972 φιλοκρινεῖν,
2673 2902 2881 2972 ἀφορᾷν
2925 2901 2983 2953 δὲ
3021 2900 3218 2971 μᾶλλον
3252 2902 3328 2961 είς
3360 2896 3527 2958 αὑτὰς
3573 2895 3679 2946 τῶν
3718 2907 3867 2959 πρα-

2302 2993 2527 3062 γμάτων
2556 2991 2655 3055 τὰς
2696 2990 2883 3059 φύσεις
2905 3031 2919 3054 ,
2950 2991 3043 3044 καὶ
3081 2990 3140 3054 ὲξ
3180 2989 3355 3042 αὐτῶν
3392 2987 3455 3054 δὴ
3488 2984 3683 3054 μᾶλλον
3728 2979 3865 3032 ποδ-

2305 3080 2639 3153 ηγουμένους
2666 3080 2750 3132 ἐπ’
2778 3080 2944 3151 αὐτὴν
2977 3082 3111 3135 ἰέναι
3135 3079 3231 3150 τὴν
3261 3077 3541 3147 ἀλήθειαν.

641 3166 926 3236 priumque
965 3168 1212 3235 spiritum
1260 3176 1583 3222 maerentem
1629 3170 1910 3224 habebat?
1981 3170 2200 3240 Oportet
2245 3174 2426 3243 itaque
2487 3173 2818 3227 locutionum
2884 3157 3141 3226 formulas
3184 3188 3287 3225 non
3330 3184 3500 3236 usque
3532 3164 3666 3221 adeo
3696 3164 3865 3217 anxie

640 3270 915 3325 excutere,
958 3261 1053 3315 sed
1090 3260 1235 3329 ipsas
1276 3277 1456 3318 rerum
1486 3274 1711 3317 naturas
1751 3264 1930 3333 potius
1988 3267 2359 3337 contemplari,
2420 3281 2713 3336 earumque
2766 3267 2924 3320 ductu
2962 3266 3027 3319 ad
3079 3267 3246 3335 ipsam
3298 3263 3579 3317 veritatem
3628 3265 3865 3314 conten-

640 3350 791 3407 dere.

1112 3490 1190 3544 De
1217 3490 1413 3544 Christi
1442 3493 1752 3547 obedientia.

718 3635 739 3672 ι
770 3620 937 3689 Igitur
977 3621 1117 3674 sicut
1168 3635 1267 3689 per
1312 3621 1481 3675 unius
1524 3622 1775 3677 delictum
1803 3624 1853 3676 in
1884 3639 2068 3680 omnes
2110 3626 2205 3679 ho-

651 3712 828 3767 mines
875 3711 927 3764 in
969 3710 1483 3765 condemnationem
1516 3729 1528 3765 :
1570 3714 1647 3767 sic
1666 3724 1717 3767 et
1743 3728 1835 3781 per
1864 3716 2019 3768 unius
2042 3713 2203 3783 justi-

642 3804 770 3857 tiam
823 3803 873 3856 in
928 3817 1120 3857 omnes
1163 3803 1409 3857 homines
1473 3804 1527 3857 in
1581 3804 2017 3873 justilicationem
2061 3806 2199 3860 vita).

642 3894 956 3951 Sicutenim
1005 3911 1100 3965 per
1139 3896 1567 3950 inobedientiam
1624 3898 1781 3952 unius
1821 3898 2051 3952 hominis
2082 3913 2202 3966 pec-

641 3997 858 4039 catores
890 3987 1169 4040 constituti
1205 3997 1331 4040 sunt
1368 3988 1556 4053 multi;
1588 3988 1657 4040 ita
1685 3998 1738 4042 et
1768 4002 1862 4055 per
1888 3988 2045 4041 unius
2075 3989 2199 4041 obe—

640 4076 1073 4144 ditionem,jnsti
1123 4076 1528 4129 constituentur
1572 4077 1720 4129 multi
1759 4079 1826 4131 '9.
1864 4094 1882 4127 ι
1922 4076 2052 4129 Cum
2105 4078 2202 4129 hu-

645 4182 801 4221 mana
830 4177 1021 4220 natura
1061 4168 1131 4221 ob
1169 4166 1491 4235 protoplasti
1544 4168 1966 4221 inobedientiam
2032 4168 2200 4223 male—

640 4260 1125 4327 dicto-mortisque
1158 4260 1441 4313 sententiae
1466 4260 1725 4314 obstricta
1753 4260 2005 4326 haereret,
2041 4274 2201 4326 opor-

640 4348 744 4401 tuit
773 4353 841 4401 ad
869 4349 1147 4416 antiquum
1200 4358 1399 4402 statum
1462 4348 1606 4401 illam
1655 4348 1830 4403 denuo
1877 4348 2061 4403 reduci
2107 4365 2201 4418 per

642 4438 969 4506 inculpatam
1040 4439 1357 4492 obedientiae
1430 4439 1972 4493 demonstrationem.
2035 4439 2199 4507 Atqui

642 4528 790 4582 istud
827 4530 1079 4584 humanas
1126 4540 1331 4583 natura:
1391 4530 1680 4585 facultates
1742 4531 1923 4584 multis
1960 4532 2202 4600 partibus

641 4620 936 4674 excedebat
972 4633 987 4673 :
1038 4633 1212 4688 neque
1250 4620 1392 4672 enim
1442 4619 1579 4671 ullus
1627 4636 1655 4672 a
1693 4631 1912 4687 peccato
1950 4622 2201 4676 immunis

647 4719 785 4762 erat.
821 4708 954 4763 Nam
995 4726 1114 4765 cum
1146 4726 1207 4763 ea
1240 4709 1405 4764 semel
1439 4710 1489 4763 in
1524 4726 1717 4764 noxam
1743 4728 2094 4780 erroremque
2123 4718 2201 4766 in-

2573 3494 2712 3564 Περὶ
2742 3492 2847 3563 τῆς
2872 3492 3145 3560 ὑπακοῆς
3171 3491 3275 3545 τοῦ
3300 3486 3574 3559 Χριστοῦ.

2380 3648 2397 3679 ‹
2438 3630 2555 3698 'Ap‘
2585 3622 2676 3681 οὖν
2700 3626 2775 3687 ώς
2820 3624 2886 3678 δι’
2934 3623 3049 3686 ἐνὸς
3091 3621 3484 3692 ἁμαρτήματος
3528 3618 3607 3679 είς
3650 3614 3869 3677 πάντας

2303 3718 2642 3789 ἀνθρώπους,
2696 3717 2776 3778 εἰς
2814 3715 3162 3782 κατάκριμαο
3204 3710 3346 3761 οὕτω
3375 3707 3469 3759 καὶ
3498 3704 3564 3757 δι’
3614 3702 3732 3765 ἐνὸς
3783 3702 3870 3755 διο

2306 3810 2624 3880 καιώματος
2657 3809 2737 3870 είς
2786 3806 2991 3867 πάντας
3044 3800 3383 3871 ἀνθρώπους,
3417 3798 3496 3860 είς
3530 3793 3799 3863 δικαίωμα
3839 3802 3863 3856 3'

2303 3902 2467 3969 ζωῆς.
2515 3901 2722 3967 Ὥσπερ
2757 3897 2864 3964 γὰρ
2894 3894 2982 3946 διὰ
3011 3893 3108 3961 τῆς
3156 3888 3435 3961 παρακοῆς
3474 3884 3567 3939 τοῦ
3607 3884 3725 3947 ἑνὸς
3766 3885 3867 3937 ἀν-

2304 3993 2519 4063 θρώπου
2554 3987 2865 4058 ἁμαρτωλοὶ
2903 3984 3312 4053 κατεστάθημεν
3359 3983 3406 4034 οἱ
3457 3978 3667 4041 πολλοὶ,
3716 3972 3865 4027 οὕτω

2302 4083 2394 4135 καὶ
2425 4081 2513 4133 διὰ
2542 4079 2640 4145 τῆς
2667 4076 2910 4145 ὑπακοῆς
2939 4075 3031 4127 τοῦ
3073 4074 3188 4134 ἑνὸς
3215 4070 3500 4140 ἀνθρώπου
3538 4068 3735 4119 δίκαιοι
3757 4082 3864 4117 κα-

2300 4172 2658 4241 ταστήσονται
2706 4178 2732 4207 ι
2766 4167 2815 4219 οί
2857 4165 3057 4218 πολλοί.
3094 4183 3112 4215 ›
3148 4162 3258 4230 Τῆς
3304 4160 3591 4230 ἀνθρώπου
3644 4157 3865 4224 φύσεως

2302 4264 2411 4333 ἀρᾷ
2440 4262 2532 4315 καὶ
2566 4260 2690 4331 δίκῃ
2710 4258 2939 4312 θανάτου
2971 4252 3500 4322 καταδεδικασμένης
3528 4250 3614 4303 διὰ
3644 4250 3742 4318 τὴν
3763 4248 3862 4300 τοῦ

2308 4350 2731 4422 πρωτοπλάστου
2758 4346 3061 4417 παρακοὴν,
3085 4346 3191 4397 ἔδει
3217 4343 3377 4397 πάλιν
3400 4340 3703 4409 ἀνασφῆλαι
3724 4337 3867 4408 πρὸς

2301 4444 2361 4495 τὸ
2394 4445 2451 4494 ὲν
2498 4442 2692 4511 ἀρχαῖς
2736 4438 2902 4508 αὐτὴν
2948 4437 3346 4508 ἀνεπίπληκτον
3378 4432 3568 4502 κομιδῇ
3616 4430 3715 4498 τῆς
3760 4430 3865 4480 ὑπ-

2302 4531 2470 4600 ακοῆς
2500 4528 2830 4599 ποιουμένην
2860 4526 2955 4597 τὴν
2980 4526 3223 4591 ἔνδειξιν.
3256 4523 3392 4577 Ἀλλ’
3411 4523 3509 4593 ήδη
3531 4519 3688 4573 τοῦτο
3723 4519 3862 4571 πολὺ

2304 4624 2397 4677 καὶ
2431 4622 2551 4675 λίαν
2598 4620 2855 4673 ἐπέκεινα
2884 4616 2993 4671 τῶν
3020 4618 3120 4687 τῆς
3156 4615 3572 4685 ἀνθρωπότητος
3605 4610 3816 4680 μέτρων
3846 4625 3859 4637 ·

2309 4712 2544 4783 καθαρὸς
2562 4711 2669 4781 γὰρ
2694 4710 2867 4771 οὐδεὶς
2891 4709 2996 4761 ἀπὺ
3020 4707 3324 4778 ἁμαρτιῶν.
3352 4703 3604 4758 Παθοῦσα
3633 4702 3688 4754 δὲ
3715 4700 3864 4766 ἂπαξ

640 4802 882 4863 cidisset,
925 4801 1299 4870 intestinisque
1328 4802 1731 4855 infirmitatibus
1774 4804 1911 4855 victa
1954 4813 2196 4871 prostra-

2304 4805 2364 4857 τὸ
2407 4800 2747 4870 πλημμελὲς,
2779 4798 2871 4849 καὶ
2918 4800 3036 4860 ταῖς
3070 4797 3279 4850 οἴκοθεν
3328 4794 3630 4853 ἀσθενείαις
3662 4808 3864 4860 κεκραο

643 4901 803 4957 taque
832 4890 1061 4958 jaceret,
1114 4901 1167 4946 et
1206 4893 1347 4946 intra
1393 4893 1665 4961 pr0priam
1702 4905 1916 4944 carnem
1951 4893 2199 4957 nequitia:

642 4982 881 5037 radicem
929 4983 1170 5048 haberet,
1213 5000 1275 5039 ac
1312 4984 1577 5040 infrenem
1613 4982 1821 5051 peccati
1855 4982 2023 5049 legem
2060 4981 2199 5033 intra

643 5088 738 5127 sua
772 5073 976 5125 viscera
1024 5084 1280 5140 perpetuo
1332 5086 1591 5144 gestaret,
1651 5074 1921 5143 quomodo
1984 5086 2199 5125 omnem

642 5164 865 5217 ottniino
904 5162 1108 5231 lapsum
1139 5165 1423 5218 evaderet?
1454 5186 1475 5220 ι
1522 5166 1653 5220 Nam
1688 5164 1960 5235 sapientia
1994 5164 2194 5223 carnis,

648 5254 850 5323 inquit,
876 5256 1097 5308 omnino
1122 5250 1401 5306 inimicitia
1436 5266 1517 5308 est
1556 5258 1605 5309 in
1640 5256 1805 5310 Deum
1846 5273 1859 5308 :
1907 5254 2007 5322 legi
2051 5254 2193 5307 enim

714 5406 757 5436 “
788 5404 995 5461 Coloss.
1039 5419 1099 5466 ιι,
1132 5403 1184 5458 9.
1262 5401 1303 5431 ³⁷
1338 5400 1500 5454 Zach.
1537 5418 1629 5469 xu,
1670 5404 1719 5458 l.

2306 4894 2534 4960 τημένη,
2571 4891 2665 4942 καὶ
2715 4892 2771 4941 ὲν
2817 4888 2922 4959 ίδίᾳ
2957 4888 3120 4959 σαρκὶ
3158 4888 3256 4959 τὴν
3288 4888 3386 4955 τῆς
3416 4885 3743 4955 φαυλότητος
3773 4892 3865 4933 vo-

2311 4981 2477 5031 σοῦσα
2510 4980 2723 5046 γένεσιν
2765 4979 2811 5043 ιι,
2847 4980 3195 5050 ἀγριαίνοντά
3239 4995 3298 5030 τε
3332 4978 3424 5029 τὸν
3466 4975 3559 5042 τῆς
3592 4970 3863 5040 ἁμαρτίας

2308 5066 2569 5120 ὠδίνουσα
2596 5067 2778 5137 νόμον,
2804 5069 2917 5131 πῶς
2948 5069 3012 5122 ἂν
3038 5067 3223 5136 διέδρα
3249 5062 3526 5123 παντελῶς
3548 5076 3562 5123 ς
3598 5077 3615 5110 ι
3656 5058 3728 5110 Τὸ
3752 5057 3864 5129 γὰρ

2306 5159 2560 5229 φρόνημα
2600 5161 2698 5230 τῆς
2731 5160 2928 5231 σαρκὸς
2979 5157 3258 5220 παντελῶς
3308 5153 3509 5225 ἔχθρα.
3546 5151 3729 5222 φησὶν,
3781 5152 3864 5215 εἰς

2304 5250 2436 5303 Θεόν
2461 5268 2473 5280 ·
2509 5251 2584 5322 τῷ
2613 5253 2721 5324 γὰρ
2744 5252 2893 5322 νόμῳ
2913 5250 3007 5304 τοῦ
3034 5251 3167 5305 Θεοῦ
3193 5248 3289 5321 οὐχ
3321 5245 3713 5304 ὑποτάσσεται·
3742 5243 3866 5302 οὐδὲ

1794 5404 1839 5433 ’⁸
1882 5404 2017 5461 Psal.
2052 5402 2306 5467 Lxxv1,7.
2383 5402 2427 5431 "
2472 5400 2625 5453 Rom.
2674 5417 2726 5465 ν,
2770 5400 2856 5466 18,
2907 5400 2992 5455 19.

1730 5556 1899 5609 Variae
1929 5558 2182 5611 lectiones
2211 5556 2410 5613 codicis
2433 5556 2789 5628 Seguieriani.

708 5728 737 5772 γ
771 5720 934 5793 παρὰ.
1017 5728 1035 5753 ι
1063 5717 1363 5773 δικαῖωσιν.
1442 5724 1463 5751 ο
1494 5708 2006 5778 κατασταθήσονται.

2086 5711 2112 5748 '0
2142 5711 2368 5765 σύνεσιν.
