4092 6334
221 368 368 425 I365

1042 372 1133 427 AD
1172 372 1475 429 REGINAS
1514 372 1600 429 DE
1639 368 1867 426 RECTA
1906 366 2063 424 FIDE
2099 367 2356 425 ORATIO
2395 365 2689 422 ALTERA.

3325 358 3461 416 I366

222 490 335 557 γὰρ
384 488 625 544 δύναται.
681 510 698 541 ι
745 491 1082 561 Εὑμηχάνως
1146 492 1436 563 τοιγαροῦν
1466 495 1494 547 6
1535 493 1664 557 Θεὸς
1705 491 1799 546 καὶ

1906 489 1996 545 Dei
2021 504 2129 545 non
2158 498 2243 546 est
2278 489 2557 558 subjecta;
2594 501 2692 540 nec
2720 485 2865 540 enim
2906 485 3085 555 potest
3115 482 3183 536 “.
3220 499 3239 532 ι
3275 481 3461 549 Itaque

224 578 426 649 Πατὴρ
456 580 1028 650 άνακεφαλαιούμενος
1056 584 1125 638 τά
1155 585 1333 639 πάντα
1361 586 1417 636 ἐν
1447 584 1523 654 τῷ
1550 582 1790 655 Χριστῷ,

222 673 318 723 καὶ
394 675 459 725 ἐκ
520 673 717 741 πολλῆς
779 670 917 740 ἄγαν
974 675 1307 745 ἡμερότητος
1368 677 1433 744 τῇ
1510 672 1794 746 ἅνθρώπου

222 763 757 831 πραγματευόμενος
794 762 952 830 φύσει
980 765 1080 833 τὴν
1126 766 1205 829 είς
1234 767 1373 836 ὅπερ
1407 760 1473 834 ἦν
1515 764 1792 829 ἐπάνοδον,

219 853 394 921 ἧγουν
444 851 797 923 ἀνακομιδὴν,
858 872 878 905 ‹
916 854 1262 919 ἐξαπέστειλε
1305 856 1396 908 τὸν
1435 854 1561 907 Υίὸν
1595 853 1790 917 αὐτοῦ,

218 942 517 1008 γενόμενον
550 940 612 991 ὲκ
651 943 930 1008 γυναικὸς,
972 962 990 994 ι
1024 943 1111 996 ἵνα
1144 944 1206 995 τὸ
1250 946 1433 1013 ὅμοιον
1461 944 1591 1012 ἡμῖν
1635 943 1793 1013 σῶμα

216 1026 427 1092 λαϐὼν,
478 1028 571 1081 καὶ
605 1031 736 1085 ῐδιον
771 1032 937 1085 αὐτοῦ
984 1034 1372 1103 ποιησάμενος,
1404 1031 1480 1096 ὡς
1513 1032 1794 1105 ἄνθρωπος

220 1119 321 1169 ἐπὶ
361 1119 462 1186 γῆς
492 1121 689 1192 εὑρεθῇ
721 1124 749 1175 6
805 1122 879 1191 μὴ
912 1121 1065 1186 εἰδὼς
1117 1124 1408 1194 ἁμαρτίαν,
1453 1123 1592 1176 οῦτω
1622 1141 1680 1177 τε
1715 1124 1793 1187 είς

216 1208 374 1258 ἅπαν
402 1210 671 1279 κατήκοος
699 1209 940 1277 γεγονὼς
960 1211 1036 1281 τῷ
1052 1212 1171 1282 Θεῷ
1192 1212 1284 1265 καὶ
1308 1212 1501 1282 Πατρὶ,
1526 1212 1790 1283 δικαιώσῃ

213 1294 321 1363 τὴν
358 1297 645 1367 ἀνθρώπου
688 1296 850 1365 φύσιν
903 1300 961 1352 ἐν
995 1300 1193 1371 ὲαυτῷ,
1230 1301 1458 1355 καὶτῶν
1489 1302 1581 1355 τοῦ
1627 1303 1791 1357 θανά-

212 1402 314 1437 του
347 1388 567 1457 δεσμῶν
606 1388 878 1455 ἐξέληται,
912 1390 1131 1458 φύλλοις
1162 1405 1185 1432 ε
1213 1394 1632 1464 άναμαρτησίας
1672 1411 1792 1447 στε-

215 1479 564 1546 φανούμενος
597 1478 619 1516 d
658 1478 808 1549 παρὰ
850 1481 943 1533 τοῦ
978 1483 1113 1536 Θεοῦ
1146 1486 1242 1539 καὶ
1283 1486 1513 1555 Πατρός.
1548 1486 1655 1539 Καὶ
1683 1485 1790 1555 γάρ

214 1569 341 1620 ἐστι
371 1568 479 1619 τῶν
531 1568 747 1621 ἀτόπων
770 1608 785 1632 ,
836 1570 1202 1643 κληρονόμους
1258 1573 1355 1644 μὲν
1390 1574 1535 1643 ἡμᾶς
1565 1574 1665 1642 τῆς
1698 1574 1788 1627 τοῦ

211 1660 437 1729 πρώτου
476 1660 729 1726 γενέσθαι
778 1663 954 1734 δίκης,
1007 1665 1239 1728 ἐνιέντος
1266 1666 1333 1735 τῇ
1369 1665 1545 1737 φθορᾷ
1575 1664 1663 1719 διὰ
1690 1667 1789 1736 τῆς

215 1750 507 1819 παρακοῆς
529 1753 653 1821 ’τῆς
675 1754 731 1805 δὲ
762 1753 852 1806 τοῦ
880 1754 1131 1826 δευτέρου
1154 1756 1498 1826 δικαιοσύνης
1524 1756 1597 1827 μὴ
1622 1774 1787 1827 μετα-

212 1844 427 1911 )εαχείν,
474 1843 896 1913 ἀνακομίζοντος
946 1847 1027 1910 είς
1062 1848 1205 1918 ζωὴν
1248 1847 1337 1901 διὰ
1380 1850 1477 1919 τῆς
1525 1850 1603 1911 είς
1643 1847 1788 1902 ἅπαν

212 1933 488 2000 ὑπακοῆς.
542 1935 711 1987 Ὅταν
738 1931 833 1989 οὖν
872 1936 1003 2008 λέγῃ
1042 1938 1103 1990 τὸ
1146 1939 1383 2009 Γράμμα
1424 1938 1483 1991 τὸ
1508 1939 1677 2009 ἱερὸν,
1721 1939 1787 1991 δι’

215 2023 472 2092 ὑπακοῆς
500 2026 621 2089 ἐνὸς
659 2028 1041 2081 δεδικαιῶσθαι
1083 2030 1332 2095 πολλοὺς,
1376 2031 1475 2083 οὐκ
1504 2030 1787 2101 ἄνθρωπον

208 2112 402 2178 ἁπλῶς
448 2116 544 2168 ἕνα
579 2118 687 2170 τῶν
726 2118 847 2171 καθ’
892 2121 1040 2190 ἡμᾶς
1074 2123 1153 2183 είς
1180 2121 1337 2174 τοῦτο
1369 2120 1787 2191 παραληφθῆναι

209 2222 423 2275 φαμεν,
464 2208 930 2283 ὲνηνθρωπηκότα
978 2211 1034 2264 δὲ
1088 2212 1288 2281 μᾶλλον
1332 2214 1423 2267 τὸν
1478 2213 1781 2282 Μονογενῆ,

209 2298 311 2349 καὶ
362 2299 603 2368 ὑπήκοον
637 2301 776 2371 ὑπὲρ
811 2302 969 2370 ήμῶν
1014 2303 1276 2370 γεγονότα
1315 2302 1392 2373 τῷ
1420 2302 1611 2373 Πατρί.
1651 2321 1670 2353 ι
1707 2303 1781 2354 Οὐ

208 2388 325 2457 γὰρ
359 2390 621 2460 ἐποίησεν
660 2393 958 2461 ἁμαρτίαν,
1001 2395 1123 2447 οὐδὲ
1171 2394 1366 2467 εὑρέθη
1415 2396 1566 2458 δόλος
1617 2396 1674 2449 ἐν
1705 2393 1782 2464 τῷ

207 2479 441 2550 στόματι
477 2480 663 2549 αὑτοῦ,
708 2501 727 2535 ι
768 2482 913 2539 καθὰ
944 2484 1273 2556 γέγραπται.

279 2755 413 2809 Kl".
454 2774 471 2806 ι
527 2755 688 2824 Λέγω
736 2756 842 2827 γὰρ
878 2756 1114 2826 Χριστὸν
1160 2757 1406 2811 διάκονον
1451 2758 1779 2830 γεγενῆσθαι

207 2848 514 2916 περιτομῆς
543 2846 683 2913 ὑπὲρ
710 2848 969 2917 ἀληθείας
985 2847 1142 2911 Θεοῦ,
1176 2850 1255 2910 είς
1280 2849 1341 2900 τὸ
1372 2848 1664 2918 βεϐαιῶσαι
1683 2851 1780 2915 τὰς

208 2938 547 3005 ἐπαγγελίας
578 2938 683 2990 τῶν
726 2940 1009 3011 πατέρων·
1056 2942 1121 2995 τὰ
1167 2941 1224 2995 δὲ
1252 2942 1378 3012 ἔθνη
1433 2944 1572 3015 ὑπὲρ
1598 2944 1780 3005 ἐλέους

204 3028 432 3092 δοξάσαι
459 3026 551 3079 τὸν
582 3029 731 3080 Θεόν.
775 3048 792 3079 ι
837 3029 1102 3085 Ἰουδαίων
1149 3029 1286 3085 εἶναι
1313 3033 1411 3095 τὰς
1449 3033 1779 3101 ἐπαγγελίας

1901 580 2045 637 Deus
2097 579 2257 637 Pater
2306 582 2442 635 mira
2486 578 2717 649 quadam
2767 576 3086 631 dexteritate
3128 574 3308 631 omnia
3365 588 3460 642 per

1898 669 2173 725 Christum
2220 669 2648 729 instauraturus,
2703 666 3056 733 humanaque
3106 674 3310 719 natura:
3372 676 3461 715 re-

1898 774 2176 831 gressum,
2234 761 2338 816 hoc
2387 768 2469 814 est
2515 756 3028 827 redintegrationem
3080 756 3147 809 ad
3206 756 3258 809 id
3314 755 3456 823 quod

1897 849 2190 920 aliquando
2233 851 2442 915 fuerat,
2496 848 2733 902 maxima
2766 844 3095 915 benignitate
3128 844 3455 898 conciliatu-

1897 956 2011 1006 rus,
2048 958 2067 991 ι
2104 940 2252 994 misit
2283 940 2473 994 Filium
2506 954 2660 994 suum
2705 937 2904 990 factum
2943 950 3007 988 ex
3041 934 3263 988 muliere
3296 933 3334 963 ³¹
3365 951 3377 996 ;
3432 952 3451 982 ι

1895 1045 2002 1099 quo
2048 1030 2303 1083 nimirum
2361 1045 2555 1099 corpus
2604 1038 2788 1082 nostro
2841 1027 3038 1091 simile,
3084 1025 3295 1092 sibique
3336 1039 3458 1091 pro-

1894 1122 2070 1191 prium
2104 1120 2303 1175 factum
2350 1136 2655 1183 assumens,
2709 1131 2961 1187 tanquam
3013 1119 3175 1173 homo
3206 1120 3259 1171 in
3300 1117 3460 1171 terris

1896 1221 2179 1282 appareret
2226 1212 2317 1281 qui
2370 1221 2455 1267 est
2499 1213 2675 1267 omnis
2734 1212 2938 1282 peccati
2997 1212 3256 1281 ignarus;
3297 1220 3459 1279 atque

1896 1304 1965 1357 ita
2004 1306 2111 1359 Deo
2139 1303 2284 1357 Patri
2330 1319 2425 1373 per
2463 1304 2643 1358 omnia
2688 1304 2996 1364 obsecutus,
3033 1303 3324 1356 humanam
3356 1316 3456 1353 na-

1896 1403 2068 1447 turam
2095 1395 2145 1448 in
2187 1395 2478 1462 semetipso
2513 1395 2859 1463 justificaret,
2898 1394 3197 1462 mortisque
3228 1391 3457 1446 vinculis

1892 1486 2177 1549 eximeret,
2208 1484 2371 1556 146
2401 1484 2721 1539 innocentia:
2751 1486 2885 1539 stola
2909 1501 2937 1537 a
2976 1484 3082 1540 Deo
3115 1483 3274 1538 Patre
3307 1498 3459 1537 coro-

1895 1577 2146 1629 nandam.
2200 1576 2412 1631 Etenim
2450 1577 2840 1646 perabsurdum
2882 1576 3063 1642 fuerit,
3124 1590 3218 1644 per
3272 1575 3459 1629 inohe—

1893 1667 2151 1721 dientiam
2202 1669 2402 1736 prioris
2445 1668 2574 1723 Adae
2607 1668 2674 1722 ad
2706 1679 2934 1723 mortem
2962 1678 3015 1723 et
3048 1667 3454 1737 corruptionem

1892 1756 2298 1824 praecipitantis,
2335 1756 2701 1812 damnationis
2734 1759 2975 1812 heredes
3005 1757 3329 1813 constitutos
3356 1770 3455 1811 nos

1820 1826 1860 1881 Β
1889 1861 2050 1911 esse;
2097 1845 2318 1912 iustitia:
2353 1861 2484 1902 vero
2523 1848 2839 1917 posterioris
2886 1860 2981 1917 per
3021 1855 3453 1902 consummatam

1890 1938 2032 1991 illam
2087 1938 2448 1992 obedientiam
2500 1939 2555 1993 in
2604 1940 2769 1993 vitam
2827 1940 3155 2004 reducentis,
3209 1947 3454 1993 exsortes

1888 2044 1988 2083 nos
2018 2045 2257 2083 manere.
2315 2030 2450 2084 Cum
2500 2031 2681 2101 itaque
2724 2031 2906 2085 divina
2940 2030 3220 2099 Scriptura
3253 2028 3452 2083 multos

1885 2134 1982 2188 per
2032 2120 2191 2173 unius
2249 2121 2612 2176 obeditionem
2672 2122 2998 2189 justiticatos
3063 2121 3279 2183 asserit,
3343 2134 3449 2173 non

1885 2210 2181 2278 simplicem
2212 2210 2465 2280 aliquem,
2489 2222 2794 2280 nostraeque
2819 2210 3145 2266 conditionis
3178 2209 3448 2263 hominem

1886 2302 1951 2354 ad
1981 2302 2082 2355 hoc
2109 2311 2442 2370 assumptum
2490 2302 2730 2372 cogitare
2775 2302 3032 2357 debemus
3062 2318 3075 2366 ;
3108 2300 3199 2353 sed
3238 2301 3446 2369 ipsum-

1884 2402 1994 2446 met
2028 2392 2372 2462 Unigenitum
2403 2394 2675 2447 hominem
2708 2392 2932 2455 factum,
2964 2394 3052 2459 qui
3088 2390 3446 2445 obedientiam

1883 2486 2026 2540 Patri
2075 2501 2172 2555 pro
2217 2484 2469 2539 omnibus
2512 2484 2782 2553 praestitit.
2820 2484 2867 2538 Is
2895 2485 3037 2538 enim
3061 2492 3167 2546 est,
3208 2482 3323 2551 qui,
3367 2491 3450 2533 at-

1882 2586 2116 2631 testante
2166 2575 2467 2645 Scriptura,
2537 2593 2554 2625 ι
2604 2585 2883 2641 peccatum
2937 2590 3041 2626 non
3090 2573 3239 2635 fecit,
3274 2585 3447 2639 neque

1879 2668 2035 2723 dolus
2059 2668 2309 2721 inventus
2336 2676 2418 2722 est
2447 2668 2498 2719 iu
2529 2681 2622 2719 ore
2652 2666 2769 2733 ejus
2793 2666 2858 2719 “.
2890 2685 2909 2718 ι

1951 2757 2138 2811 XXIII.
2177 2776 2195 2808 ι
2239 2757 2367 2810 Dico
2397 2757 2538 2810 enim
2572 2756 2851 2811 Christum
2902 2756 3086 2810 Iesum
3137 2758 3456 2813 ministrum.

1878 2847 2047 2903 fuisse
2101 2847 2529 2902 circumeisionis
2581 2857 2799 2916 propter
2854 2849 3134 2903 veritatem
3194 2850 3303 2913 Dei,
3366 2854 3434 2905 ad

1878 2938 2278 2993 coniirmandas
2330 2939 2717 3006 promissiones
2749 2951 2958 3007 patrum
3004 2958 3018 2994 :
3051 2951 3238 3009 gentes
3265 2951 3441 2997 autem

1877 3042 2036 3095 Super
2060 3028 2430 3081 misericordia
2467 3028 2734 3081 honorare
2763 3028 2926 3082 Deum
2966 3030 3028 3084 ³³.
3073 3048 3089 3080 ι
3122 3030 3442 3085 Promissio-

204 3119 307 3183 τὰς
340 3122 451 3181 τοῖς
477 3120 715 3190 πατράσι
738 3120 941 3191 δεδωρη
953 3122 1116 3190 μένας
1137 3126 1165 3176 6
1197 3124 1480 3189 Θεσπέσιος
1508 3126 1609 3195 ἔφη
1631 3126 1771 3178 Παῦ-

1881 3133 1971 3169 nes
2009 3117 2252 3186 patribus
2302 3117 2469 3170 factas
2516 3118 2582 3170 ad
2632 3116 2844 3173 Judaaos
2886 3120 3157 3188 pertinere
3190 3123 3445 3189 pmdicat

206 3205 324 3270 λος.
363 3209 944 3279 Προανεκεκράγεισαν
982 3212 1037 3265 δὲ
1070 3213 1162 3265 καὶ
1194 3216 1241 3266 οἱ
1270 3216 1523 3284 μακάριοι
1563 3216 1774 3286 προφῆ-

206 3314 301 3351 ται
326 3300 455 3369 περὶ
484 3299 745 3369 Χριστοῦ,
777 3301 858 3353 ὅτι
882 3300 1040 3363 αὐτὸς
1075 3301 1225 3355 ἔσται
1254 3304 1549 3373 προσδοκία
1584 3305 1769 3359 ἐθνῶν.

209 3387 421 3441 Οὐκοῦν
472 3391 500 3441 6
554 3390 760 3459 Κύριος
809 3391 967 3462 ἡμῶν
1018 3392 1224 3462 Ἰησοῦς
1269 3394 1501 3465 Χριστὸς
1536 3398 1642 3458 τοῖς
1680 3394 1773 3448 τοῦ

209 3478 426 3550 Πατρὸς
458 3480 687 3549 νεύμασι
724 3482 1005 3548 συναινῶν,
1032 3483 1221 3551 γέγονε
1254 3485 1351 3555 μὲν
1377 3488 1440 3555 τῇ
1482 3488 1773 3556 περιτομῇ,

206 3571 455 3623 τουτέστι
482 3575 593 3634 τοῖς
618 3573 912 3640 Ἰουδαίοις,
945 3575 1209 3639 διάκονος,
1244 3577 1323 3639 εἰς
1355 3576 1643 3646 βεϐαίωσιν
1667 3578 1775 3630 τῶν

206 3660 269 3711 ἐν
298 3662 410 3723 τοῖς
452 3662 727 3732 Πατράσιν
767 3666 1222 3734 ἐπηγγελμένων
1278 3667 1462 3737 εἴρητο
1504 3668 1642 3739 γὰρ,
1693 3668 1772 3721 ὅτι

214 3769 235 3801 ι
288 3751 342 3802 '0
374 3751 583 3813 δίκαιος
619 3754 683 3805 ἐκ
717 3753 950 3818 πίστεως
988 3756 1239 3827 ζήσεται·
1292 3778 1310 3808 ι
1354 3761 1466 3821 τοίς
1490 3775 1551 3825 γε
1580 3759 1687 3828 μὴν
1715 3758 1773 3821 ἐξ

210 3842 379 3895 ἐθνῶν
412 3843 635 3911 εὐλογία
682 3850 1026 3917 πνευματικὴ
1060 3849 1153 3900 καὶ
1186 3848 1462 3912 ξωοποιὸς,
1497 3850 1635 3903 ὥστε
1678 3849 1773 3903 καὶ

211 3932 409 3996 αὐτοὺς
466 3934 798 4006 ὴλεημένους
843 3938 931 3992 διὰ
976 3939 1076 4008 τῆς
1130 3940 1383 4003 πίστεως,
1427 3940 1773 4009 δοξολογῆσαι

207 4022 363 4076 Θεόν.
427 4026 561 4079 Ἀλλ’
617 4030 665 4081 εἰ
726 4030 820 4082 καὶ
867 4031 1057 4099 γέγονε
1096 4031 1341 4095 διάκονος
1394 4032 1769 4102 ἀνθρωπίνως,

210 4114 320 4166 ἀλλ’
344 4110 441 4168 οὖν
475 4116 552 4180 ὠς
585 4118 718 4181 Θεὸς
750 4120 1079 4190 κηρύττεται
1115 4124 1231 4185 τοῖς
1263 4139 1321 4176 τε
1360 4123 1423 4174 ἐκ
1452 4123 1768 4192 περιτομῆς,

209 4205 303 4256 καὶ
335 4206 519 4273 μέντοι
547 4210 658 4269 τοῖς
692 4207 751 4271 ἐξ
787 4208 985 4261 ἐθνῶν·
1031 4210 1323 4281 κέκληνται
1354 4211 1461 4281 γὰρ
1491 4215 1570 4273 εὶς
1600 4211 1767 4279 ζωὴν,

209 4295 306 4364 οὐχ
331 4294 405 4357 ὼς
431 4297 512 4357 εἰς
532 4296 628 4349 ἕνα
656 4296 763 4348 τῶν
788 4298 911 4351 καθ’
939 4301 1083 4370 ἡμᾶς
1107 4300 1392 4370 ἄνθρωπον
1426 4299 1629 4362 ἁπλῶς,
1655 4299 1769 4352 ἀλλ’

206 4383 282 4446 ὡς
311 4386 389 4447 είς
418 4384 550 4438 Θεὸν
586 4386 975 4452 πιστεύσαντες
1004 4391 1083 4453 εἰς
1118 4392 1350 4461 Χριστόν
1372 4408 1385 4421 °
1420 4391 1515 4443 καὶ
1542 4391 1640 4443 οὐκ
1666 4388 1769 4455 ἔξω

1884 3207 2097 3260 divinus
2150 3206 2366 3261 Paulus.
2416 3207 2482 3260 At
2532 3209 2807 3277 prophetae
2862 3210 3134 3264 Christum
3200 3214 3439 3279 gentium

1880 3298 2336 3365 exspectationem
2364 3297 2499 3363 fore,
2529 3298 2640 3367 jam
2669 3298 2869 3352 dudum
2901 3308 3025 3353 ante
3047 3302 3431 3367 praedixerant.

1879 3390 2063 3457 Itaque
2093 3390 2348 3443 Dominus
2379 3400 2564 3444 noster
2596 3389 2757 3445 Jesus
2782 3389 3033 3446 Christus
3062 3391 3242 3446 Patris
3286 3394 3438 3446 nutui

1876 3494 1996 3535 sese
2018 3479 2382 3545 conlormans,
2407 3480 2859 3546 circumcisiouis,
2880 3482 2980 3536 hoc
3006 3490 3108 3548 est,
3135 3480 3437 3536 Judzeorum

1876 3568 2122 3623 minister
2155 3568 2327 3621 iactus
2357 3578 2459 3631 εει,
2492 3568 2557 3621 ad
2584 3570 2999 3637 promissionum
3034 3584 3151 3638 quae
3200 3572 3441 3639 patrihus

1874 3659 2029 3714 factae
2064 3659 2280 3715 fuerant
2311 3660 2835 3715 corroborationem.
2874 3660 3091 3716 Dictum
3148 3664 3291 3716 enim
3327 3661 3439 3715 fuc-

1875 3761 1997 3805 rat:
2044 3769 2063 3801 ι
2100 3750 2289 3806 Justus
2338 3766 2405 3805 ex
2448 3752 2551 3806 {ide
2586 3754 2731 3807 vivet
2756 3752 2801 3787 ”
2835 3770 2849 3805 :
2886 3772 2906 3804 ι
2956 3754 3207 3823 gentibus
3258 3765 3436 3808 autem

1876 3842 2086 3894 viviﬁca
2133 3852 2186 3897 et
2216 3841 2478 3911 spiritalis
2510 3844 2837 3909 benedictio,
2869 3854 2928 3898 ut
2955 3856 3009 3899 et
3048 3845 3178 3913 ipsa:
3225 3861 3441 3915 quoque

1873 3948 1971 4001 per
2028 3933 2183 3987 ﬁdem
2234 3943 2464 3997 vocatae,
2521 3949 2584 3988 ac
2632 3936 3063 3991 misericordiam
3113 3948 3439 4001 consecutae,

1875 4024 2041 4075 Deum
2078 4022 2399 4091 glorificent.
2439 4021 2925 4079 Verumenimvero
2968 4026 3095 4079 licet
3140 4030 3438 4080 secundum

1874 4113 2163 4167 humanam
2215 4124 2465 4167 naturam
2519 4114 2693 4167 lactus
2751 4115 2821 4169 sit
2877 4116 3145 4180 minister,
3201 4128 3437 4170 attamen

1876 4214 1982 4257 tam
2024 4203 2088 4257 iis
2121 4204 2210 4273 qui
2246 4219 2311 4258 ex
2361 4204 2782 4260 circumcisione
2826 4216 2969 4272 sunt,
3023 4222 3183 4275 quam
3230 4209 3441 4262 caeteris

1872 4309 2083 4363 quoque
2144 4295 2234 4362 qui
2311 4310 2377 4349 ex
2433 4298 2700 4363 gentibus,
2746 4298 3116 4351 annuntiatur
3161 4308 3218 4352 ut
3275 4299 3437 4354 Deus.

1877 4384 2096 4454 Utrique
2126 4386 2267 4438 enim
2303 4387 2354 4438 in
2404 4385 2677 4439 Christum
2712 4402 2818 4442 non
2848 4398 3099 4457 tanquam
3126 4391 3182 4443 in
3219 4405 3438 4458 purum,

209 4472 429 4540 σαρκὸς,
450 4473 615 4541 ήγουν
642 4474 1076 4546 άνθρωπότητος,
1092 4478 1181 4529 τὸν
1202 4478 1266 4530 ὲκ
1289 4477 1423 4530 Θεοῦ
1449 4478 1616 4545 Λόγον
1638 4481 1767 4548 ὁμο-

1881 4485 2179 4543 nostrmque
2213 4477 2376 4529 sortis
2406 4478 2700 4543 hominem,
2735 4479 2829 4533 sed
2864 4489 3116 4549 tanquam
3169 4481 3221 4533 in
3272 4482 3438 4535 Deum

208 4561 486 4629 λογοῦντες
522 4563 807 4635 ὑπάρχειν,
843 4569 1260 4639 σεσαργωμένον
1281 4568 1336 4621 δὲ
1370 4568 1461 4622 καὶ
1498 4568 1767 4639 ὲνανθρω-

206 4653 452 4725 ίδεήσαντα
477 4657 904 4725 προσκυνοῦντες
928 4659 1109 4715 αὐτόν.

280 4919 405 4975 KA'.
445 4940 463 4973 ι
500 4922 573 4975 Τὸ
599 4924 709 4994 γάρ
741 4940 822 4976 τοι
850 4922 999 4994 ῥῆμα
1022 4922 1121 4993 τῆς
1148 4923 1401 4988 πίστεως,
1428 4922 1455 4974 ὃ
1496 4922 1765 4993 κηρύσσο-

214 5031 331 5084 μεν,
374 5013 647 5084 διατρανοῖ
677 5015 847 5082 λέγων
885 5018 911 5067 6
944 5015 1207 5085 μακάριος
1248 5014 1477 5080 Παῦλος,
1511 5016 1634 5068 Ὀτι
1671 5016 1765 5068 ἐὰν

215 5107 370 5177 εἴπῃς
408 5109 465 5159 ἐν
497 5106 574 5177 τῷ
608 5108 834 5178 στόματί
881 5126 995 5172 σου,
1030 5107 1231 5177 Κύριος
1281 5106 1508 5177 Ἰησοῦς,
1552 5107 1645 5160 καὶ
1675 5126 1765 5160 πι-

218 5199 441 5269 στεύσῃς
481 5200 537 5251 ἐν
566 5201 632 5268 τῇ
673 5199 868 5271 καρδία
892 5210 1008 5265 σου,
1037 5200 1119 5251 ὅτι
1140 5201 1167 5251 ὁ
1195 5198 1324 5261 Θεὸς
1352 5198 1513 5251 αὑτὸν
1546 5199 1765 5269 ἤγειρεν

215 5291 277 5341 ἐκ
303 5290 530 5360 νεκρῶν,
555 5290 795 5362 σωθήσῃ.
832 5309 849 5342 ι
883 5287 1015 5344 Εἶτα
1037 5290 1154 5354 πῶς
1181 5290 1245 5343 ἂν
1270 5293 1333 5343 ὲκ
1361 5290 1572 5361 νεκρῶν
1605 5292 1763 5357 ἐγερ-

282 5426 324 5457 ³⁶
363 5425 518 5481 Rom.
555 5443 675 5493 vm,
701 5428 752 5481 7.
862 5428 902 5459 "
936 5426 1107 5483 Galat.
1138 5441 1212 5492 tv,
1251 5427 1307 5482 4.

216 5512 269 5562 κ,
295 5496 347 5561 7,
390 5499 441 5551 8.

1414 5425 1501 5480 ³⁸1
1533 5424 1679 5480 Petr.
1707 5439 1767 5489 ιι,
1796 5422 1885 5477 22.
1962 5422 2009 5454 ³³
2035 5420 2193 5477 Rom.
2233 5439 2325 5489 xv,
2380 5426 2431 5492 8,
2466 5428 2518 5483 9.

1873 4569 2193 4632 credentes;
2244 4580 2414 4635 neque
2461 4567 2554 4621 Dei
2596 4568 2827 4623 Verbum
2863 4580 3015 4625 extra
3039 4586 3281 4635 carnem,
3336 4575 3438 4627 hoc

1873 4666 1955 4711 est
2012 4657 2305 4710 humanam
2353 4666 2624 4723 naturam,
2673 4659 2909 4727 positum
2963 4662 3311 4729 proﬁtentes,
3343 4668 3436 4717 sed

1876 4747 2231 4810 incarnatum,
2292 4762 2524 4816 vereque
2579 4750 2849 4805 hominem
2893 4751 3095 4805 factum
3124 4756 3432 4817 adorantes,

1872 4837 2047 4891 vocati
2087 4847 2212 4893 sunt
2239 4839 2305 4892 ad
2331 4840 2515 4893 vitam.

1941 4926 2129 4982 XXIV.
2170 4946 2188 4979 ι
2228 4926 2455 4983 Verbum
2491 4940 2667 4984 autem
2719 4930 2840 4987 ﬁdei
2893 4934 3032 5002 quod
3077 4936 3449 5002 pra-dicamus.

1873 5018 2172 5086 (inquiebat
2198 5019 2526 5088 Apostolus),
2566 5022 2665 5075 hoc
2702 5032 2782 5076 est
2814 5040 2827 5076 :
2872 5024 3005 5089 Quia
3041 5026 3083 5078 si
3125 5028 3440 5083 conﬁtearis

1870 5108 1922 5161 in
1940 5121 2033 5162 ore
2055 5116 2144 5161 tuo
2167 5109 2447 5163 Dominum
2464 5112 2670 5175 Jesum,
2694 5123 2745 5166 et
2766 5113 2816 5165 iu
2843 5115 3003 5167 corde
3022 5125 3114 5168 tuo
3138 5118 3435 5172 credideris

1868 5199 2007 5265 quod
2027 5198 2167 5252 Deus
2193 5198 2335 5251 illum
2367 5202 2689 5255 suseitavita
2707 5205 2953 5269 mortuis,
2978 5205 3155 5259 salvus
3185 5207 3292 5261 eris
3312 5208 3377 5261 ".
3406 5229 3427 5260 ι

1864 5286 1981 5342 Iam
2020 5302 2141 5342 cum
2184 5287 2322 5344 Deus
2357 5301 2540 5359 suapte
2569 5302 2757 5345 natura
2782 5294 2851 5347 sit
2888 5294 3223 5360 immortalis,
3284 5298 3429 5351 siin-

2634 5428 2679 5460 “
2709 5428 2870 5485 Hebr.
2917 5448 2969 5494 χ,
3024 5433 3112 5489 58.
3192 5434 3236 5467 ⁸⁸
3268 5435 3426 5499 Rom.

1294 5610 1465 5667 Varia:
1493 5608 1748 5666 lectiones
1772 5606 1975 5665 codicis
2001 5608 2353 5680 Seguicriani.

222 5747 244 5775 ε
274 5734 469 5804 ἄθλοις,
494 5738 530 5808 ἣ
563 5737 792 5805 στολαῖς.
867 5739 891 5781 ἀ
922 5742 1353 5816 στεφανουμένην
