4092 6334
671 368 811 427 136⁸1

1684 372 1739 428 S.
1766 371 2038 428 CYRILLI
2074 369 2537 427 ALEXANDRINI
2577 372 2897 431 ARCIIIEP.

3768 377 3915 434 {568

667 488 1001 544 cat-nationis
1019 487 1322 543 doctrinam
1348 505 1451 544 non
1468 490 1820 554 admittimus,
1854 489 2008 560 147
2024 504 2232 557 corpus-

2346 486 2503 556 θῆναι
2555 488 2787 559 λέγοιτο,
2836 489 3013 543 καίτοι
3059 488 3156 557 τὴν
3204 489 3364 558 φύσιν
3407 489 3670 553 ἀθάνατος
3716 490 3791 545 ὣν
3834 493 3919 555 ὡς

667 592 773 648 que
788 580 929 648 quod
959 577 1093 632 mori
1131 587 1333 647 posset,
1359 580 1459 634 sibi
1488 580 1762 649 proprium
1798 578 1993 634 fecisse
2030 579 2238 635 inlicia-

667 686 808 735 mur,
834 669 1105 739 quomodo
1136 685 1200 724 ex
1236 672 1463 726 mortuis
1502 669 1861 725 t'esurrexisse
1886 681 2034 728 recte
2056 672 2238 727 dicere

667 765 991 835 poterimus?
1008 762 1063 817 lu
1086 767 1322 822 luuuano
1343 769 1522 834 itaque
1540 780 1769 834 corpore
1782 767 1922 836 quod
1938 780 2240 836 assumpse-

670 864 1013 923 rat,mortem
1038 861 1317 915 sustinuit:
1336 858 1513 911 divina
1536 866 1716 913 autem
1738 860 1960 927 virtute,
1983 870 2234 929 tanquam

666 950 779 1003 vita
807 958 861 1002 et
892 950 1226 1020 iucorruptio
1244 950 1533 1016 exsistens,
1565 964 1629 1006 ex
1655 953 1885 1007 mortuis
1917 954 2232 1006 resurrexit.

740 1038 902 1097 XXV.
947 1062 965 1095 ι
1004 1042 1135 1097 Nam
1166 1057 1316 1095 arma
1352 1040 1559 1097 militia:
1600 1052 1797 1099 nostra:
1839 1060 1943 1100 non
1993 1044 2234 1099 carnalia

664 1142 814 1198 sunt,
839 1135 932 1188 sed
964 1134 1199 1201 potentia
1252 1133 1387 1197 Deo,
1418 1135 1485 1189 ad
1528 1136 1953 1191 destructionem
1977 1136 2235 1191 munitio-

666 1238 815 1285 num,
861 1223 1087 1277 consilia
1135 1234 1470 1290 evertentes,
1520 1236 1574 1281 et
1626 1242 1841 1281 omnem
1892 1225 2233 1281 altitudinem

664 1313 1010 1369 extollentem
1052 1329 1112 1369 se
1142 1317 1408 1372 adversus
1431 1318 1793 1386 cognitionem
1827 1317 1951 1382 Dei;
1976 1327 2031 1373 et
2062 1320 2235 1387 capti-

661 1413 852 1459 vantes
900 1420 1116 1460 omnem
1170 1407 1503 1462 intellectum
1550 1409 1604 1463 in
1657 1409 2019 1465 obedientiam
2070 1410 2235 1467 Chri-

662 1494 733 1548 sti
762 1492 825 1548 ³⁸.
870 1512 889 1546 ι
926 1492 1132 1550 Bellum
1160 1499 1302 1566 quod
1346 1499 1521 1552 sancti
1571 1509 1786 1568 gerunt,
1834 1514 1943 1555 non
1972 1511 2055 1558 est
2084 1518 2235 1558 cras-

662 1601 782 1643 sum
828 1598 923 1643 aut
975 1590 1259 1658 corporale
1290 1631 1304 1657 ,
1352 1592 1445 1645 sed
1489 1592 1689 1647 subtile
1741 1600 1796 1648 et
1849 1594 2113 1665 spiritale.
2154 1594 2233 1651 illi

662 1680 806 1734 enim
853 1683 1222 1737 commendari
1284 1683 1460 1737 solent
1510 1699 1574 1739 ac
1628 1685 1914 1755 celebrari,
1950 1704 2056 1745 non
2107 1691 2233 1759 quia

659 1771 959 1839 corporalia
987 1772 1202 1828 vibrcut
1233 1788 1405 1837 arma,
1437 1786 1531 1830 aut
1561 1775 1873 1833 laucearum
1896 1782 2231 1851 cuspidibus,

662 1860 745 1915 vel
805 1862 1033 1917 telorum
1088 1864 1329 1934 jactihus
1385 1876 1511 1935 apte
1577 1876 1848 1923 utantur:
1904 1872 1997 1925 sed
2057 1873 2235 1940 potius

661 1953 786 2023 quia
819 1954 1064 2010 veritatis
1124 1954 1291 2010 armis
1343 1957 1614 2025 instructi,
1649 1958 1970 2027 spiritaliter
2001 1960 2233 2032 intrepi-

663 2044 836 2113 deque
865 2044 930 2100 iis
964 2060 1083 2101 sese
1112 2047 1394 2117 objiciant,
1438 2050 1528 2120 qui
1578 2051 1884 2104 divinorum
1920 2052 2230 2123 dogmatum

665 2135 1047 2192 rectitudinem
1076 2140 1407 2205 adulterare,
1450 2158 1511 2198 ac
1541 2143 1832 2197 temerario
1868 2158 2002 2199 ausu
2037 2148 2103 2201 ad
2136 2162 2230 2202 sua

660 2226 863 2295 placita.
888 2238 1201 2298 pervertere
1234 2233 1475 2289 student.
1507 2232 1623 2287 Non
1645 2233 1810 2305 igitur
1835 2236 2074 2291 carnalia
2107 2248 2233 2294 sunt

660 2328 973 2373 sanctorum
1022 2335 1207 2389 arma,
1260 2323 1353 2377 sed
1396 2322 1449 2377 in
1500 2324 1608 2381 Deo
1661 2334 1716 2380 et
1758 2341 1856 2395 pro
1887 2326 1998 2382 Deo
2032 2330 2229 2384 valida.

663 2408 1039 2465 Demoliuntur
1084 2413 1226 2466 enim
1284 2414 1561 2470 hominum
1612 2427 1940 2483 commenta,
1997 2435 2117 2490 quas
2175 2422 2231 2477 in

662 2502 953 2557 absurdum
980 2503 1214 2573 aliquem
1245 2519 1462 2559 sensum
1499 2508 1861 2575 abstrahunt;
1910 2525 2084 2581 neque
2127 2514 2233 2566 mi-

660 2595 779 2649 uori
813 2594 991 2650 studio
1030 2612 1090 2649 ea
1126 2610 1158 2650 0
1185 2597 1363 2651 medio
1396 2597 1587 2652 tollere
1625 2600 1891 2663 nituntur,
1921 2616 2083 2669 quam
2112 2603 2231 2656 exi-

663 2685 820 2740 tiales
856 2686 1114 2754 quosdam
1145 2687 1430 2750 barbaros.
1458 2689 1549 2758 qui
1579 2692 1740 2759 regia:
1773 2692 2045 2761 majestati
2071 2707 2223 2762 aper-

662 2786 776 2833 tum
806 2778 1003 2833 bellum
1038 2778 1303 2834 indicunt.
1346 2780 1497 2846 Quod
1529 2781 1573 2834 si
1612 2783 1883 2852 quispiam
1914 2797 1980 2837 ex
2016 2782 2230 2837 illorum

660 2886 846 2942 grege,
896 2873 990 2941 qui
1028 2874 1366 2942 iniquitatem
1408 2884 1599 2929 contra
1648 2876 1813 2930 Deum
1851 2876 1993 2945 loqui
2027 2878 2227 2942 solent,

661 2979 865 3021 cornua
910 2965 961 3018 iu
1011 2964 1178 3022 altum
1232 2967 1513 3020 sustulerit
1540 2967 1608 3033 ",
1648 2983 1771 3021 eum
1806 2969 1894 3023 ille
1921 2968 2088 3023 veluti
2125 2984 2231 3022 cae-

660 3060 853 3113 dentes
877 3066 1036 3111 rectm
1063 3058 1186 3111 lidei
1215 3060 1521 3123 sententiis,
1564 3066 1827 3113 retortum
1875 3061 1941 3115 ad
1984 3059 2233 3114 veritatis

661 3150 961 3206 doctrinam
995 3164 1119 3205 mox
1159 3150 1464 3204 traducunt.
1510 3148 1658 3220 Opus
1689 3152 1871 3221 itaque
1914 3161 2229 3205 sanctorum
2259 3176 2301 3233 ο

662 3240 930 3295 industria
966 3255 1091 3294 vere
1122 3240 1364 3309 dignum,
1399 3239 1616 3308 Deoque
1645 3254 1767 3293 cum
1800 3239 1990 3308 primis
2020 3248 2230 3308 gratum

661 3330 846 3390 fuerit,
889 3344 952 3383 ea
997 3329 1064 3383 ad
1101 3329 1522 3398 dispensationis
1567 3342 1689 3382 cum
1740 3343 1906 3383 carne
1953 3330 2219 3383 rationem

663 3422 984 3485 transferre,
1032 3434 1152 3488 qua:
1191 3434 1312 3472 cum
1358 3418 1559 3473 Christi
1596 3418 1764 3487 gloria
1794 3434 1898 3473 non
1938 3423 2070 3475 satis
2104 3436 2234 3475 con-

660 3509 847 3563 venire
886 3508 1158 3563 videntur.
1204 3505 1341 3561 Nam
1385 3523 1506 3562 cum
1539 3506 1777 3563 Verbum
1813 3509 1951 3565 Deus
1984 3519 2150 3575 esset,
2179 3520 2230 3567 et

660 3600 714 3654 in
737 3609 962 3667 paterna
991 3598 1161 3652 l'oruna
1214 3606 1269 3652 et
1305 3597 1617 3665 aequalitate
1666 3600 1973 3663 exsisteret,
1995 3601 2227 3672 seipsum

660 3689 727 3743 ad
757 3688 1181 3744 exinanitionem
1213 3689 1445 3755 demisit,
1468 3699 1519 3742 et
1548 3690 1614 3742 ad
1647 3698 1873 3742 mortem
1904 3704 2075 3759 usque
2096 3692 2231 3748 obe-

660 3782 917 3837 dientiam
971 3780 1313 3851 praestitit".
1342 3779 1567 3834 Omnem
1617 3781 1844 3849 proinde
1902 3782 2228 3835 contrarium

662 3873 990 3928 intellectum
1044 3874 1326 3926 commode
1369 3880 1633 3935 evertere,
1674 3882 1728 3927 et
1763 3873 1914 3942 quasi
1962 3874 2228 3941 captivum

661 3967 714 4020 in
768 3964 967 4021 Christi
1028 3964 1390 4020 obedientiam
1445 3964 1661 4019 trahere
1701 3975 1929 4033 oportet.
1981 3964 2131 4032 Quod
2186 3966 2231 4021 si

658 4056 863 4127 aliquid
918 4057 1207 4113 humanam
1246 4055 1612 4111 infirmitatem
1643 4058 1861 4127 sapiens
1891 4059 1955 4111 de
1986 4074 2051 4114 eo
2086 4060 2234 4113 dica-

661 4160 781 4212 tur,
831 4147 883 4201 id
922 4147 1080 4202 Verbi
1130 4159 1357 4211 naturae,
1406 4148 1448 4202 si
1477 4148 1747 4202 hominem
1800 4150 1967 4203 nostri
2001 4153 2229 4207 similem

658 4239 862 4291 factum
897 4238 1203 4299 credamus,
1248 4237 1447 4289 nullam
1486 4237 1709 4292 omnino
1750 4248 1931 4293 notam
1960 4250 2230 4310 asperget.

659 4327 871 4383 Etenim
910 4327 1032 4383 licet
1069 4326 1356 4382 humanam
1406 4336 1655 4381 naturam
1683 4332 2058 4397 assumpserit,
2085 4343 2138 4386 et
2169 4334 2234 4387 ad

2338 576 2489 644 Θεὸς,
2527 580 2576 632 εξ
2606 580 2682 653 μὴ
2716 579 3124 653 πρωισδὲξαιτό
3142 597 3225 644 τις
3253 583 3378 648 τοὺς
3410 583 3543 654 περὶ
3560 581 3917 654 ένανθρωπή-

2340 685 2476 733 σεως
2515 671 2736 741 λόγους,
2770 671 3042 742 διατεθείη
3067 688 3149 739 τε,
3184 672 3265 727 ὅτι
3293 674 3356 727 τὸ
3388 673 3632 745 πεφυκὸς
3657 671 3909 745 ἀποθνή-

2339 779 2488 816 σκειν
2536 765 2666 819 ίδιον
2709 766 3005 836 ἐποιήσατο
3038 764 3234 835 σῶμα;
3282 768 3392 821 Kal
3428 768 3685 839 ὑπέμεινε
3726 766 3826 835 μὲν
3851 769 3915 821 ὲν

2336 852 2483 923 αὐτῷ
2503 856 2595 909 τὸν
2622 856 2847 912 θάνατον
2867 855 3239 927 ἀνθρωπίνως,
3270 858 3471 912 ἀνεϐίω
3498 860 3556 913 δὲ
3585 856 3804 923 θεῖκῶς,
3833 858 3915 922 ὡς

2335 946 2613 1016 ἀφθαρσία
2642 952 2736 1004 καὶ
2764 950 2896 1019 ζωή.

2408 1038 2539 1093 KE'.
2580 1059 2599 1091 ι
2630 1042 2710 1095 Τά
2752 1043 2860 1112 γάρ
2888 1040 3028 1095 ὅπλα
3055 1040 3152 1111 τῆς
3184 1040 3472 1112 στρατείας
3499 1042 3654 1112 ἡμῶν
3683 1044 3743 1097 οὐ
3774 1059 3914 1115 σαρ-

2336 1128 2487 1190 κικά,
2519 1130 2655 1184 ἀλλά
2693 1132 2893 1187 δυνατά
2933 1130 3011 1201 τῷ
3036 1131 3154 1201 Θεῷ
3188 1132 3325 1202 πρὸς
3352 1131 3669 1201 καθαίρεσιν
3700 1135 3915 1207 ὀχυρω-

2338 1219 2548 1290 μάτων,
2596 1221 2894 1296 λογισμοὺς
2958 1221 3349 1293 καθαιροῦντα,
3402 1224 3496 1276 καὶ⁵
3544 1226 3654 1276 πᾶν
3707 1224 3914 1296 ὕψωμα

2334 1313 2696 1385 ἐπαιρόμενον
2727 1316 2868 1371 κατά
2905 1316 3002 1385 τῆς
3025 1313 3280 1382 γνώσεως
3308 1314 3403 1368 τοῦ
3426 1313 3561 1367 Θεοῦ
3581 1355 3597 1380 ,
3618 1314 3714 1367 καὶ
3737 1318 3911 1385 αἰχμο

2332 1404 2667 1469 αλωτίζοντα
2689 1411 2795 1462 πᾶν
2811 1409 2987 1478 νόημα
3021 1408 3101 1469 είς
3117 1404 3215 1478 τὴν
3233 1407 3477 1478 ὑπακοὴν
3493 1406 3584 1460 τοῦ
3604 1407 3866 1477 Χριστοῦ.
3883 1428 3904 1460 ι

2334 1494 2409 1548 Οὐ
2437 1496 2613 1565 παχὺς
2643 1499 2738 1551 καὶ
2771 1498 3102 1569 σωματικὸς,
3143 1497 3323 1567 ἰσχνὸς
3346 1499 3403 1552 δὲ
3436 1496 3633 1570 μᾶλλον
3670 1496 3765 1549 καὶ
3785 1513 3912 1567 νοη-

2332 1585 2423 1648 τὸς
2453 1583 2560 1639 τῶν
2601 1588 2770 1655 ἀγίων
2795 1593 2823 1643 ό
2867 1588 3124 1659 πόλεμος.
3162 1586 3401 1641 Είώθασι
3435 1589 3541 1661 γὰρ
3575 1588 3907 1656 εὐδοκιμεῖν,

2333 1676 2430 1746 οὐχ
2459 1677 2599 1730 ὅπλα
2634 1680 2911 1745 κινοῦντες
2956 1679 3217 1751 σαρκικὰ,
3252 1682 3346 1733 καὶ
3376 1685 3496 1744 ταῖς
3527 1681 3637 1735 τῶν
3662 1677 3911 1749 δοράτων

2334 1768 2560 1836 ἀκμαῖς,
2593 1770 2760 1841 ἤγουν
2782 1776 2901 1836 ταῖς
2919 1772 3027 1826 τῶν
3057 1771 3224 1842 βελῶν
3247 1773 3572 1844 εὐστοχίαις,
3605 1770 3905 1843 χρώμενοι,

2264 1835 2307 1891 Β
2336 1835 2472 1912 ἀλλά
2498 1835 2742 1932 τοῖςΠτῆς
2771 1862 3029 1935 ἀληθείας
3057 1835 3243 1927 όπλοις
3286 1835 3700 1935 ἐνηρμοσμένοι,
3729 1835 3907 1914 *πνευ-

2335 1949 2579 2020 ματικῶς
2610 1952 3067 2025 άντανιστάμενοί
3101 1969 3162 2006 τε
3200 1956 3294 2007 καὶ
3328 1957 3474 2026 μάλα
3502 1953 3767 2015 νεανικῶς
3792 1954 3909 2015 τοῖς

2331 2042 2575 2098 ἐθέλουσι
2603 2061 2823 2117 παραση
2834 2047 3045 2118 μαίνειν
3065 2047 3257 2116 αὐτὴν,
3283 2048 3500 2102 καὶτῶν
3528 2047 3687 2100 θείων
3704 2043 3910 2113 δογμάοσ

2330 2154 2437 2189 των
2470 2136 2567 2207 τὴν
2603 2136 2869 2209 ὀρθότητα
2908 2137 3349 2210 παρατρέπουσιν
3387 2138 3479 2191 ὲπί
3530 2155 3594 2207 γε
3633 2136 3693 2189 τὸ
3721 2134 3909 2197 αὐτοῖς

2331 2229 2751 2299 ἀπερισκέπτως
2799 2229 3006 2287 δοκοῦν.
3061 2230 3134 2283 Οὐ
3173 2229 3283 2299 γὰρ
3326 2229 3568 2301 σαρκικὰ
3616 2224 3907 2297 τοιγαροῦν

2330 2320 2438 2374 τῶν
2470 2319 2640 2387 ἁγίων
2662 2320 2733 2375 τά
2763 2321 2922 2388 ὅπλα,
2948 2321 3149 2374 δυνατά
3172 2319 3230 2373 δὲ
3263 2319 3463 2391 μᾶλλον
3486 2320 3564 2391 τῷ
3586 2320 3724 2391 Θεῷ.
3752 2315 3907 2371 Καθ-

2333 2412 2547 2485 αιροῦσι
2596 2412 2705 2484 γὰρ
2760 2414 3057 2485 λογισμοὺς
3118 2413 3247 2475 τοὺς
3292 2414 3372 2476 είς
3436 2413 3701 2475 ὲκτόπους
3756 2411 3908 2481 ἡμᾶς

2333 2507 2539 2568 ἐννοίας
2568 2505 3025 2577 ἀποκομίζοντας.
3062 2504 3173 2559 Kal
3193 2498 3283 2559 οἷά
3301 2521 3457 2568 τινας
3483 2503 3590 2558 τῶν
3610 2501 3909 2574 ἀλιτηρίων

2336 2597 2649 2669 βαρϐάρων,
2680 2601 2747 2668 τῇ
2777 2597 3040 2668 βασιλέως
3071 2596 3198 2669 δόξῃ
3221 2597 3544 2666 φιλονεικεῖν
3577 2595 3907 2663 ἐγνωκότας,

2334 2692 2398 2743 ὲκ
2427 2688 2592 2759 μέσου
2642 2692 2866 2759 ποιῆσαι
2903 2687 3290 2750 σπουδάζουσι·
3323 2688 3427 2742 κᾶν
3470 2690 3521 2742 εῖ
3546 2704 3630 2751 τις
3659 2689 3740 2749 είς
3774 2684 3911 2757 ὕψος

2334 2780 2551 2851 ὲπαίροι
2577 2779 2639 2833 τὸ
2682 2779 2849 2851 κέρας
2874 2778 2985 2832 τῶν
3015 2778 3287 2831 εἰωθότων
3313 2780 3494 2832 λαλεῖν
3532 2778 3742 2832 ἀδικίαν
3766 2776 3912 2829 κατά

2334 2873 2489 2938 Θεοῦ,
2529 2871 2718 2925 τοῦτον
2754 2870 2987 2933 ὲννοίαις
3028 2871 3151 2932 ταῖς
3198 2870 3277 2932 είς
3315 2868 3585 2941 ὀρθότητα
3624 2864 3913 2940 μονονουχὶ

2335 2964 2719 3025 καταπαίουσι,
2752 2959 3131 3031 μετατιθέντες
3158 2960 3241 3022 είς
3264 2958 3326 3011 τὸ
3356 2960 3508 3025 εὐθὺ,
3544 2963 3639 3013 καὶ
3668 2960 3781 3018 τοῖς
3806 2956 3913 3028 τῆς

2334 3057 2590 3123 ἀληθείας
2636 3051 3023 3125 ὲμδισάξοντες
3075 3050 3273 3119 λόγοις.
3320 3050 3618 3120 Εὐτεχνίας
3661 3046 3754 3103 οὖν
3798 3048 3911 3121 ἀρα

2334 3150 2432 3217 τῆς
2478 3145 2696 3216 ἀληθῶς
2763 3139 3134 3213 ἀγιοπρεποῦς
3185 3140 3347 3211 ἔργον
3404 3138 3470 3193 ἂν
3520 3142 3753 3208 γένοιτο,
3814 3139 3912 3193 καὶ

2335 3238 2569 3310 ἀρέσκον
2592 3236 2733 3307 Θεῷ,
2763 3236 2837 3297 τὸ,
2852 3238 2969 3297 τοῖς
3006 3233 3107 3303 τῆς
3142 3230 3459 3302 οἰκονομίας
3489 3231 3669 3298 λόγοις
3707 3229 3900 3299 ὑποφέ-

2339 3346 2452 3401 ρειν
2491 3330 2576 3381 ἀεὶ
2604 3329 2665 3381 τὸ
2700 3322 3081 3394 ἀντιτετάχθαι
3127 3322 3320 3376 δοκοῦν
3358 3325 3427 3393 τῇ
3469 3320 3594 3393 δόξῃ
3648 3319 3908 3394 Χριστοῦ.

2336 3422 2466 3485 Θεὸς
2500 3421 2609 3492 γάρ
2639 3421 2714 3473 ὢν
2746 3422 2774 3473 ὁ
2794 3420 2987 3485 Λόγος,
3018 3415 3111 3469 καὶ
3143 3416 3202 3467 ὲν
3236 3416 3419 3485 μορφῇ
3452 3413 3546 3467 καὶ
3572 3412 3778 3483 ἰσότητι
3811 3412 3909 3465 τοῦ

2336 3512 2571 3583 Πατρὸς,
2610 3511 2802 3565 ἑαυτὸν
2848 3508 3089 3577 καθῆκεν
3141 3507 3221 3568 είς
3258 3506 3507 3565 κένωσιν.
3550 3503 3646 3557 καὶ
3687 3502 3912 3572 γέγονεν

2337 3608 2577 3674 ὑπήκοος
2607 3606 2769 3675 μέχρι
2811 3602 3063 3657 θανάτου.
3086 3602 3177 3652 Δεῖ
3204 3598 3385 3652 τοίνυν
3413 3599 3521 3650 πᾶν
3552 3597 3727 3667 νόημα
3754 3611 3913 3665 περι-

2336 3699 2559 3770 τρέπειν
2602 3697 2854 3759 ἀστείως,
2922 3694 3016 3747 καὶ
3052 3687 3162 3746 οἷον
3214 3691 3637 3761 αἱχμαλωτίζειν
3680 3690 3760 3752 είς
3810 3686 3914 3759 τὴν

2338 3786 2581 3857 ὑπακοὴν
2606 3786 2792 3840 αὐτοῦ.
2825 3783 3011 3854 Είγάρ
3041 3782 3103 3853 δή
3130 3799 3184 3834 τι
3215 3780 3427 3849 λέγοιτο
3452 3782 3547 3833 καὶ
3571 3781 3677 3833 τῶν
3700 3779 3914 3848 ἀνθρω-

2338 3877 2529 3942 πίνων,
2571 3878 2689 3929 κατ’
2744 3874 2938 3929 οὐδένα
2977 3872 3178 3942 τρόπον
3210 3870 3516 3940 ἀδικήσειεν
3567 3870 3631 3922 ἂν
3675 3868 3775 3938 τὴν
3814 3867 3911 3920 τοῦ

2340 3969 2514 4036 Λόγου
2566 3967 2729 4038 φύσιν
2757 3967 2818 4019 τὸ
2856 3968 2914 4018 ὲν
2948 3962 3328 4033 ἀνθρωπότητι
3379 3960 3812 4032 σμικροπρεπὲς,
3862 3959 3913 4013 εί

2336 4059 2642 4112 πιστεύοιτο
2662 4058 2788 4111 καθ’
2820 4058 2968 4127 ἡμᾶς
2991 4053 3277 4125 ἄνθρωπος
3300 4068 3568 4120 γεγονως·
3603 4050 3697 4104 καὶ
3727 4049 3788 4103 οὗ
3828 4049 3913 4104 τοί

2337 4170 2439 4206 που
2471 4152 2531 4205 τὸ
2564 4146 2703 4204 εἶναι
2739 4148 2871 4211 Θεὸς
2910 4145 3326 4217 αποὸεὸληκὼς,
3354 4145 3489 4198 ἀλλὰ
3517 4143 3652 4216 μετὰ
3678 4144 3773 4197 τοῦ
3804 4144 3915 4213 μεῖ-

2337 4262 2423 4297 ναι
2454 4242 2609 4306 Θεὸς,
2644 4237 2966 4311 προσλαϐὼν
3003 4237 3066 4290 τὸ
3109 4235 3480 4307 ἀνθρώπινον,
3530 4237 3626 4288 καὶ
3668 4235 3913 4306 ὑπήκοος

2338 4335 2625 4404 γενόμενος
2661 4332 2819 4403 μέχρι
2851 4330 3081 4383 θανάτου
3114 4327 3256 4382 κατά
3292 4328 3391 4398 τὴν
3428 4326 3623 4397 σάρκα.

661 4429 891 4474 mortent
949 4432 1120 4487 usque
1154 4421 1719 4475 secundnmocarnem
1774 4422 1846 4475 sit
1893 4422 2065 4479 factus
2095 4428 2374 4486 obediens,
2414 4426 2575 4499 148
2614 4425 2810 4479 nullam
2868 4433 3047 4477 tamen
3117 4420 3412 4476 divinitatis
3471 4435 3581 4475 sua:
3634 4418 3909 4489 jacturam

659 4515 827 4570 fecit:
868 4512 1066 4567 mansit
1096 4513 1238 4567 enim
1278 4512 1415 4567 Deus
1448 4521 1504 4566 ut
1528 4522 1663 4568 erat.

728 4606 922 4664 XXVI.
963 4624 982 4657 ι
1026 4603 1198 4671 Unde,
1228 4602 1420 4658 lratres
1464 4605 1658 4668 sancti,
1716 4608 2015 4664 vocationis
2044 4626 2231 4680 super-

2405 4612 2516 4678 KC,‘
2536 4651 2549 4664 .
2590 4631 2609 4662 ι
2651 4609 2835 4672 Ὅθεν,
2868 4606 3089 4676 ἀδελφοὶ
3110 4606 3278 4674 ἅγιοι,
3306 4603 3549 4675 κλήσεως
3582 4601 3911 4674 ἐπουρανίου

657 4698 896 4757 ctelestis
934 4696 1246 4767 participes,
1279 4696 1615 4750 considerate
1648 4700 1947 4764 apostolum
1992 4711 2052 4756 et
2091 4718 2227 4771 pon-

661 4791 859 4847 tiﬁcem
904 4784 1265 4841 confessionis
1308 4794 1505 4839 nostra:
1551 4784 1753 4851 Jesum,
1803 4789 1895 4857 qui
1939 4789 2109 4845 ﬁdens
2148 4803 2230 4846 es;

658 4882 732 4946 ei,
769 4878 861 4949 qui
912 4877 1040 4933 fecit
1084 4876 1255 4942 illum,
1287 4876 1431 4930 sicut
1462 4885 1518 4930 et
1550 4876 1759 4948 Moyses
1794 4880 1845 4933 in
1873 4881 2016 4936 omni
2070 4882 2231 4938 domo

659 4972 798 5041 ejus.
832 4968 1125 5039 Amplioris
1156 4968 1297 5021 enim
1329 4967 1513 5037 gloriae
1540 4970 1641 5024 iste
1682 4986 1791 5039 prae
1825 4971 2007 5043 Moyse
2041 4975 2231 5042 dignus

659 5074 745 5120 est
790 5062 1050 5128 habitus,
1108 5070 1309 5129 quanto
1372 5059 1690 5129 ampliorem
1754 5062 2011 5115 honorem
2074 5066 2233 5118 habet

659 5158 846 5217 domo,
895 5153 987 5222 qui
1022 5151 1306 5207 fabricavit
1337 5150 1505 5207 illam.
1539 5151 1727 5208 Omnis
1775 5170 2007 5224 namque
2042 5158 2233 5211 domus

660 5245 959 5299 fabricatur
1015 5245 1081 5298 ab
1129 5244 1355 5311 aliquo:
1415 5242 1505 5313 qui
1562 5254 1743 5299 autem
1791 5247 1970 5301 omnia
2003 5249 2229 5313 creavit,

657 5339 803 5395 Deus
854 5347 955 5392 est.
1004 5336 1068 5392 Et
1124 5334 1336 5408 Moyses
1388 5338 1600 5407 quidem
1652 5337 1825 5392 ﬁdelis
1873 5348 1992 5393 erat
2029 5339 2083 5393 in
2120 5348 2229 5394 tota

658 5434 819 5487 domo
850 5430 987 5498 ejus,
1033 5437 1285 5497 tanquam
1337 5428 1590 5495 famulus,
1649 5430 1700 5483 in
1732 5430 2096 5486 testimonium
2132 5446 2229 5485 eo-

663 5541 780 5578 rum
815 5540 935 5595 qua:
984 5525 1207 5578 dicenda
1260 5531 1458 5579 erant:
1501 5522 1749 5578 Christus
1792 5536 1921 5577 vero
1977 5532 2229 5590 tanquam

659 5614 834 5675 Filius
856 5614 911 5669 in
942 5612 1105 5668 domo
1151 5628 1269 5679 sua,
1314 5627 1433 5682 qua:
1483 5612 1675 5666 domus
1713 5627 1897 5666 sumus
1958 5628 2055 5667 nos
2092 5614 2161 5667 ”.
2205 5632 2224 5665 ι

734 5772 779 5804 ³⁸
811 5770 998 5828 llCor.
1036 5784 1199 5836 Lux,
1242 5769 1295 5836 4,
1350 5769 1401 5823 5.

2341 4701 2581 4770 μέτοχοι,
2618 4702 2987 4769 κατανοήσατε
3029 4696 3121 4749 τὸν
3168 4696 3464 4748 ἀπόστολον
3508 4693 3601 4747 καὶ
3646 4693 3912 4763 ἀρχιερέα

2336 4792 2433 4860 τῆς
2472 4786 2765 4860 ὁμολογίας
2808 4788 2963 4859 ήμῶν
3003 4786 3231 4857 Ἰησοῦν,
3269 4785 3459 4839 πιστὸν
3488 4784 3613 4838 ὄντα
3638 4783 3715 4854 τῷ
3748 4785 3914 4853 ποιή-

2339 4900 2489 4935 σαντι
2523 4881 2704 4942 αὐτὸν,
2737 4880 2814 4942 ὼς
2858 4881 2951 4933 καὶ
2986 4880 3189 4949 Μωσῆς
3233 4879 3292 4930 ὲν
3322 4876 3426 4946 ὅλῳ
3453 4876 3530 4946 τῷ
3551 4877 3683 4945 οῖκῳ
3714 4875 3909 4929 αὑτοῦ.

2331 4974 2580 5035 Πλείονος
2623 4972 2730 5043 γὰρ
2774 4965 2926 5034 οὗτος
2971 4970 3129 5040 δόξης
3176 4967 3326 5039 παρά
3370 4967 3611 5036 Μωῦσῆν
3652 4964 3907 5034 ἠξίωται,

2331 5063 2562 5119 καθόσον
2585 5063 2803 5118 πλείονα
2818 5062 2912 5116 τοῦ
2940 5061 3090 5115 οἴκου
3114 5062 3280 5131 τιμὴν
3306 5060 3416 5129 ἔχει
3434 5062 3461 5111 ὁ
3487 5058 3911 5122 κατασκευάσας

2331 5155 2510 5208 αὐτόν.
2542 5155 2659 5217 Πᾶς
2704 5156 2811 5226 γὰρ
2845 5149 2993 5217 οἶκος
3023 5151 3495 5216 κατασκευάζεται
3528 5152 3633 5203 ὐπό
3673 5167 3820 5213 τινος
3842 5168 3853 5179 ·
3882 5153 3912 5204 ό

2336 5246 2393 5301 δὲ
2436 5248 2503 5301 τά
2535 5247 2712 5301 πάντα
2751 5247 3190 5308 κατασκευάσας,
3236 5244 3387 5306 Θεός.
3422 5242 3530 5297 Kal
3562 5243 3770 5311 Μωσῆς
3808 5243 3909 5311 μὲν

2338 5339 2529 5403 πιστὸς
2559 5339 2633 5391 ὢν
2664 5338 2737 5401 ὡς
2774 5337 3049 5408 θεράπων,
3089 5338 3146 5389 ὲν
3188 5336 3294 5406 ὅλῳ
3323 5333 3404 5403 τῷ
3432 5334 3563 5403 οίκῳ
3594 5333 3782 5398 αὐτοῦ,
3827 5335 3910 5398 είς

2341 5430 2637 5502 μαρτύριον
2663 5431 2772 5484 τῶν
2796 5427 3275 5501 λαληθησομένων·
3324 5425 3557 5497 Χριστὸς
3587 5425 3645 5477 δὲ
3676 5426 3751 5489 ὡς
3776 5426 3909 5489 Υἱὸς

2337 5524 2429 5576 ἐπὶ
2456 5524 2544 5576 τὸν
2588 5518 2733 5576 οἶκον
2766 5521 2953 5587 αὐτοῦ,
2986 5515 3047 5575 οὗ
3090 5516 3237 5581 οἶκός
3262 5520 3427 5588 ἐσμεν
3455 5518 3635 5586 ἡμεῖς.
3674 5537 3690 5568 ι
3738 5517 3903 5570 Ἀπό-

2339 5614 2522 5677 στολος
2553 5612 2645 5667 καὶ
2671 5612 2962 5683 ἀρχιερεὺς
2999 5610 3097 5681 τῆς
3122 5607 3413 5680 ὁμολογίας
3443 5605 3599 5680 ἡμῶν
3631 5604 3782 5676 παρά
3807 5604 3903 5658 τοῦ

1479 5768 1521 5800 ³⁷
1560 5767 1699 5823 Psal.
1748 5784 1857 5835 xw,
1900 5766 1951 5822 6.
2028 5769 2071 5800 ³³
2106 5768 2332 5840 Philipp.
2378 5786 2436 5833 li,
2480 5768 2595 5825 6-8.
2672 5768 2715 5800 ³³
2758 5765 2919 5825 Hebr.
2974 5781 3053 5832 ιιι,
3102 5765 3216 5819 1-6.
