4092 6334
206 366 346 423 I569
1014 377 1104 431 AD
1144 374 1441 432 IIEGINAS
1480 376 1567 430 DE
1607 376 1833 433 RECTA
1870 380 2023 437 FIDE
2062 386 2322 444 ORATIO
2362 388 2662 445 ALTERA.
3307 396 3450 457 15⁸10

204 481 341 537 Θεοῦ
381 485 477 538 καὶ
510 487 724 557 Πατρὸς
753 488 975 555 γέγονεν
1011 491 1241 561 Ἰησοῦς,
1268 491 1543 545 τουτέστιν
1565 493 1760 565 ἄνθρω-

1878 500 2247 558 Confessionis
2298 514 2497 560 nostra:
2556 504 2831 574 apostolus
2879 512 2935 560 et
2990 502 3231 574 pontifex
3272 520 3303 561 a
3335 505 3449 565 Deo

204 593 306 639 ττος
337 577 600 650 πεφηνὼς
628 580 655 630 ὁ
690 579 753 631 ὲκ
778 578 913 632 Θεοῦ
947 582 1121 651 Λόγος
1144 601 1156 613 ·
1182 583 1303 637 τότε
1332 582 1441 653 γὰρ
1466 582 1755 654 ὠνόμαστα

1879 589 2040 649 Patre
2087 594 2362 653 institutus
2407 608 2492 651 est
2547 594 2723 662 Iesus,
2775 596 2874 651 hoc
2932 606 3016 653 est
3074 596 3168 654 Dei
3210 595 3449 654 Verbum

206 669 300 723 καὶ
338 668 547 741 Ἰησοῦς
571 670 659 722 διὰ
686 672 783 740 τῆς
814 671 909 725 τοῦ
948 676 1180 743 ἀγγέλου
1216 678 1420 744 φωνῆς.
1446 677 1555 729 Καὶ
1584 679 1760 749 μικρὸε

1881 683 2240 741 incarnatmn.
2294 688 2445 743 Tune
2488 690 2630 743 enim
2662 686 2789 741 Iesu
2829 690 3043 743 nomine
3070 705 3167 759 per
3194 690 3447 761 angelum

209 761 307 829 μὲν
336 761 530 831 κομιδῇ
549 763 616 829 τῇ
646 760 738 814 τοῦ
766 763 939 832 Λόγου
964 766 1123 834 φύσει
1149 766 1210 820 τό
1240 782 1300 819 τε
1328 767 1427 836 τῆς
1454 768 1774 840 ἱερωσύνης,

207 850 296 901 καὶ
328 848 389 900 τὸ
424 847 525 915 τῆς
555 848 856 923 ἀποστολῆς
884 854 1055 925 ὄνομα
1080 873 1139 909 τε
1167 856 1261 910 καὶ
1291 856 1482 927 χρῆμα
1503 874 1515 886 ·
1556 862 1664 923 τοῖς
1711 876 1776 929 γε

209 939 315 1008 μὴν
345 937 447 1006 τῆς
472 938 895 1013 ἁνθρωπότητος
938 946 1159 1017 μέτροις
1188 947 1273 1015 εἴη
1305 948 1370 999 ἂν
1396 948 1496 1002 οὐκ
1539 951 1779 1021 ἀνάρμο-

208 1045 347 1081 στον.
404 1030 493 1092 Ὠς
518 1030 627 1103 γὰρ
657 1035 819 1098 αὑτός
849 1036 952 1089 πού
994 1055 1178 1107 φησιν,
1211 1058 1228 1089 ι
1278 1038 1337 1091 '0
1363 1038 1491 1102 Υἱὸς
1523 1040 1621 1093 οὐκ
1645 1037 1775 1111 ἦλθε

203 1119 611 1191 διακονηθῆναι,
632 1124 767 1177 ἀλλὰ
792 1126 1130 1197 διακονῆσαι,
1154 1130 1246 1183 καὶ
1266 1130 1448 1183 δοῦναι
1477 1131 1575 1203 τὴν
1599 1132 1775 1203 ψυχὴν

203 1208 363 1261 αὐτοῦ
397 1212 714 1284 ἀντίλυτρον
737 1216 876 1284 ὑπὲρ
904 1218 1129 1275 πολλῶν.
1176 1239 1193 1272 ι
1224 1221 1297 1273 Τὸ
1330 1221 1426 1291 μὲν
1453 1222 1561 1293 γὰρ
1590 1223 1776 1277 διακο-

202 1303 407 1358 νεῖσθαι
438 1307 592 1377 παρὰ
614 1309 713 1377 τῆς
745 1307 995 1377 κτίσεως,
1020 1313 1221 1383 πρέποι
1246 1312 1311 1366 ἂν
1341 1313 1487 1385 αὑτῷ
1506 1316 1599 1369 καὶ
1631 1316 1775 1387 μάλα

202 1393 447 1458 εἰκότως,
483 1396 673 1466 ὥσπερ
723 1396 841 1467 Θεῷ
887 1400 981 1452 καὶ
1011 1404 1275 1473 Δεσπότῃ,
1314 1404 1405 1457 καὶ
1451 1406 1556 1459 ὑπὸ
1608 1405 1774 1469 πόδας

202 1483 373 1552 ἔχοντι
416 1488 525 1540 πᾶν
576 1489 712 1558 ὅπερ
749 1489 865 1542 ἐστὶ
898 1494 1146 1562 γενητόν.
1187 1495 1259 1547 Τὸ
1297 1494 1355 1548 δέ
1386 1511 1447 1564 γε
1486 1497 1771 1562 διακονεῖν,

199 1573 536 1645 ἀνθρώπινον
573 1578 672 1647 μέν
693 1592 705 1608 ·
736 1579 883 1651 ’πλὴν
916 1581 1040 1635 ὅσον
1074 1578 1208 1654 ἧκεν
1240 1586 1320 1648 είς
1340 1587 1464 1649 τοὺς
1493 1591 1594 1658 τῆς
1635 1590 1772 1658 μετὰ

204 1668 407 1736 σαρκὸς
429 1670 742 1739 οἰκονομίας
774 1671 988 1740 λόγους,
1028 1676 1128 1729 οὐκ
1157 1676 1417 1740 ἀπεοικὸς
1446 1678 1522 1749 τῷ
1545 1697 1607 1748 γε
1636 1680 1772 1743 ὅλως

200 1755 393 1810 ἑαυτὸν
418 1757 638 1813 καθέντι
668 1761 804 1832 πρὸς
841 1762 913 1816 τὰ
939 1764 1277 1834 ἀνθρώπινα.
1315 1767 1503 1839 Ἀθρει
1525 1771 1581 1823 δὲ
1622 1772 1770 1835 ὅπως

200 1845 467 1916 ίερατεύει
501 1849 600 1917 μὲν
627 1850 1003 1922 ἀνθρωπίνως,
1025 1857 1118 1910 καὶ
1137 1858 1365 1929 μεσίτης
1385 1837 1614 1916 τέθειται
1630 1863 1765 1917 Θεοῦ
1799 1837 1842 1896 Β

198 1936 288 1988 καὶ
320 1935 654 2005 ἀνθρώπων
696 1944 976 2012 μεσιτεύει
1025 1945 1134 2015 γὰρ
1179 1949 1287 2010 πᾶς
1340 1948 1548 2019 ἱερεύς·
1584 1950 1675 2004 τὸν
1709 1952 1765 2006 δὲ

197 2025 293 2094 τῆς
342 2025 535 2091 θυσίας
564 2030 764 2101 τρόπον
794 2034 895 2087 οὐκ
935 2034 1016 2089 ἔτι
1042 2035 1165 2090 καθ’
1198 2037 1295 2094 ἕνα
1331 2040 1441 2093 τῶν
1470 2041 1594 2095 καθ’
1618 2045 1765 2113 ἡμᾶς

197 2118 387 2187 ίερὲων
422 2123 783 2193 προσκομίζει
824 2125 1226 2197 δουλοπρεπῶς,
1262 2131 1411 2184 οὐδὲν
1448 2131 1609 2197 αὐτὸς
1643 2136 1763 2188 ἑπι-

195 2209 470 2263 κοινωνῶν
501 2214 582 2275 είς
603 2213 666 2267 τὸ
704 2214 892 2268 λαϐεῖν
915 2218 1084 2290 αὐτήν
1104 2236 1115 2248 ·
1147 2220 1260 2272 ἀλλ’
1300 2223 1475 2294 ἑαυτῷ
1501 2242 1762 2295 πραγμα-

192 2299 430 2365 τεύεται,
466 2304 560 2356 καὶ
592 2304 660 2357 δι’
706 2307 873 2361 αὑτοῦ
916 2326 975 2362 τε
1012 2311 1106 2363 καὶ
1154 2313 1212 2364 ὲν
1261 2314 1410 2383 αὺτῷ
1442 2315 1519 2386 τῷ
1564 2318 1759 2387 Πατρί.

200 2390 498 2463 Ὶερουργεϊ
540 2397 650 2467 γὰρ
689 2397 849 2467 ἡμῶν
898 2400 996 2471 τὴν
1024 2402 1335 2473 ὁμολογίαν,
1380 2408 1628 2461 τουτέστι
1663 2409 1762 2481 τὴν

193 2482 396 2549 πίστιν,
446 2484 514 2555 ἢν
561 2486 657 2539 καὶ
704 2489 879 2560 ὀρθῶς
911 2493 1298 2564 κατειθίσμεθα
1344 2499 1631 2562 ποιεῖσθαι,
1671 2500 1759 2552 is.

193 2586 416 2639 γοντες·
459 2593 476 2625 ι
510 2573 845 2647 Πιστεύομεν
882 2581 962 2646 είς
1003 2581 1097 2633 ἕνα
1128 2581 1258 2635 Θεὸν
1299 2584 1519 2656 Πατέρα
1556 2604 1759 2641 παντο.

194 2663 441 2733 κράτορα
469 2680 485 2695 ·
519 2667 615 2719 καὶ
644 2669 724 2730 είς
758 2667 854 2720 ἕνα
893 2669 1099 2741 Κύριον
1142 2674 1346 2742 Ἰησοῦν
1383 2676 1615 2747 Χριστὸν
1668 2679 1759 2732 τὸν

189 2753 317 2805 Υίὸν
349 2754 546 2808 αὐτοῦ’
577 2756 672 2809 καὶ
701 2758 783 2821 είς
812 2758 873 2812 τὸ
905 2756 1129 2831 Πνεῦμα
1167 2762 1228 2814 τὸ
1263 2764 1439 2832 ἆγιον.
1475 2784 1493 2816 ι
1527 2768 1755 2834 Οὐκοῦν,

188 2844 291 2897 κᾶν
340 2846 643 2915 ἱερατεύειν
677 2849 1031 2919 ἀνθρωπίνως
1076 2852 1323 2923 λέγηται,
1370 2855 1505 2910 ἀλλὰ
1543 2858 1756 2928 δέχεται

185 2936 282 3005 τὴν
320 2936 511 2991 Θυσίαν
541 2938 703 3002 αὐτὸς
740 2940 956 3005 θεῖκῶς,
978 2944 1005 2994 ό
1035 2943 1196 3007 αὐτὸς
1228 2943 1302 2996 ὢν
1330 2947 1465 3016 όμοῦ
1498 2947 1628 3013 Θεὸς
1662 2950 1757 3003 καὶ

183 3026 493 3096 ἄνθρωπος.
519 3028 749 3098 Εἴρηται
779 3029 835 3083 δὲ
865 3032 1073 3095 πιστὸς,
1110 3031 1197 3085 διὰ
1228 3033 1289 3086 τὸ
1321 3035 1407 3089 ἀεὶ
1455 3035 1645 3101 σώζειν
1667 3038 1756 3092 δύ-

185 3118 382 3171 νασθαι
405 3118 530 3181 τοὺς
550 3120 1021 3191 προσερχομένους
1038 3123 1104 3175 δι’
1122 3124 1379 3195 αὑτοῦ,τῷ
1395 3126 1532 3197 Θεῷ.
1560 3112 1755 3194 Πιστὸς

183 3206 239 3261 δὲ
270 3208 589 3280 ὠνόμασται
626 3211 720 3264 καὶ
745 3212 907 3275 αὐτὸς
932 3213 961 3265 ὁ
994 3215 1205 3284 Πατήρ.
1239 3216 1670 3290 Συγκρινόμενος
1696 3221 1752 3275 δέ

184 3314 302 3363 πως
330 3304 397 3371 τῇ
434 3304 678 3366 Μωσέως
703 3302 948 3374 διακονίᾳ
977 3304 1120 3358 κατὰ
1141 3305 1201 3359 τὸ
1227 3306 1587 3378 ἀνθρώπινον,
1620 3313 1753 3381 ὅσην

184 3390 295 3460 ἔχει
321 3392 420 3463 τὴν
453 3393 726 3467 ὑπεροχὴν
759 3398 902 3448 κατά
926 3413 987 3463 γε
1019 3396 1081 3449 τὸ
1112 3393 1252 3451 εἶναι
1287 3398 1441 3463 Θεὸς,
1481 3402 1753 3475 ἀναμάθοι

182 3498 266 3546 τις
300 3485 390 3547 ἂν,
429 3487 523 3540 καὶ
554 3488 613 3539 οὐ
643 3488 738 3541 σὺν
767 3487 951 3556 ἱδρῶτι
980 3488 1197 3559 μακρῷ,
1232 3488 1448 3558 ἐννοῶν,
1475 3494 1556 3545 ὅτι
1588 3495 1616 3547 ό
1654 3494 1754 3565 μὲν

183 3573 256 3637 ὡς
277 3576 494 3645 οἰκέτης
524 3577 583 3631 ὲν
613 3579 691 3649 τῷ
720 3581 852 3651 οἴκῳ
884 3582 1091 3644 πιστὸς,
1115 3582 1143 3633 ὁ
1175 3581 1233 3634 δὲ
1262 3580 1336 3644 ὡς
1352 3584 1630 3655 Δεσπότης
1659 3586 1754 3639 ἐπὶ

184 3666 277 3718 τὸν
313 3665 465 3721 οἷκον
508 3669 697 3728 αὐτοῦ.
729 3674 840 3726 Καὶ
864 3674 947 3726 ὅτι
972 3671 1067 3725 τοῦ
1109 3671 1260 3725 οῐκου
1304 3678 1754 3748 κατασκευαστὴς

185 3761 278 3811 καὶ
296 3760 626 3830 δημιουργὸς
645 3766 673 3816 ό
705 3764 1059 3834 Ἐμμανουήλ
1078 3780 1089 3793 ’
1118 3756 1178 3816 οὗ
1206 3759 1351 3828 οἶκός
1378 3768 1543 3835 ἐσμεν
1569 3770 1747 3837 ἡμεῖς.

197 3850 553 3922 Ἀσὺγκριτος
573 3853 629 3906 δὲ
656 3854 888 3924 Ποιητοῦ
918 3856 1055 3925 πρὸς
1084 3858 1144 3909 τὸ
1175 3856 1397 3926 ποιηθὲν
1431 3859 1465 3927 ὴ
1494 3842 1747 3928 διαφορὰ,

184 3942 275 3996 καὶ
310 3942 407 3995 τοῦ
438 3944 580 3997 κατά
610 3944 770 4012 φύσιν
797 3948 1067 4002 Δεσπότου
1096 3947 1235 4019 πρὸς
1261 3946 1323 3999 τὸ
1350 3946 1537 4001 δοῦλον
1561 3959 1583 3987 ο
1618 3949 1752 4021 ἀλη-

185 4032 288 4096 θῶς
316 4034 409 4087 καὶ
442 4036 499 4088 ἐν
536 4036 720 4104 ὑφέσει
751 4038 1060 4109 νοούμενον.

1878 773 2200 841 appellatum
2229 788 2334 832 est.
2391 778 2456 830 Et
2504 777 2721 846 quidem
2772 778 3062 832 sacerdotii
3088 788 3144 833 et
3178 777 3449 847 apostola-

1880 874 1965 917 tus
2014 880 2204 920 nomen
2233 878 2286 923 et
2323 883 2434 933 res,
2471 869 2761 939 perexigua
2793 876 2940 933 sunt,
2971 868 3016 924 si
3048 867 3213 923 Verbi
3241 878 3450 923 naturas

1877 956 2262 1022 attribuantur,
2291 969 2663 1014 verumtamen
2701 960 2952 1014 humana:
2994 967 3199 1013 naturae
3229 958 3449 1013 modqu

1878 1062 1983 1101 non
2011 1046 2304 1120 incongrue
2331 1052 2707 1117 adaptautum
2738 1049 2870 1105 Nam
2902 1047 3070 1105 Filius
3094 1052 3179 1119 (ut
3212 1050 3326 1118 ipse
3343 1049 3448 1104 ali-

1876 1139 1997 1193 cubi
2022 1143 2269 1211 testatur)
2296 1156 2400 1195 non
2418 1151 2638 1196 venerat
2658 1142 2977 1207 ministrari,
2998 1142 3090 1196 sed
3114 1141 3448 1207 ministrare,

1874 1242 1929 1288 et
1950 1233 2079 1287 dare
2102 1234 2337 1287 animam
2362 1247 2515 1288 suam
2547 1232 2964 1301 redemptionem
3008 1248 3108 1301 pro
3136 1231 3317 1286 multis
3338 1230 3440 1287 δ’.»

1876 1323 2028 1390 Quod
2070 1322 2230 1393 igitur
2262 1335 2632 1379 creaturarum
2665 1323 2907 1378 omnium
2972 1324 3273 1378 ministerio
3323 1321 3448 1391 jure

1874 1416 2068 1470 merito
2099 1417 2357 1485 potiatur,
2380 1417 2482 1471 hoe
2517 1416 2639 1473 inde
2672 1416 2855 1483 habet,
2883 1416 3011 1486 quia
3036 1416 3176 1471 Deus
3201 1424 3306 1481 est,
3335 1415 3446 1472 Do-

1874 1508 2051 1562 minus
2088 1516 2175 1563 est
2205 1517 2481 1577 totumque
2514 1508 2656 1575 quod
2706 1518 2883 1563 ortum
2917 1508 3107 1577 quovis
3135 1507 3293 1563 modo
3323 1522 3445 1563 sor-

1875 1598 2028 1653 titum
2066 1606 2168 1660 est,
2212 1599 2437 1666 pedibus
2468 1598 2610 1652 illius
2642 1598 2976 1653 substratum
3006 1607 3094 1654 est
3124 1616 3140 1653 :
3170 1598 3314 1667 quod
3346 1612 3446 1652 au-

1875 1696 1979 1741 tem
2017 1689 2310 1753 ministrat,
2336 1690 2436 1743 hoc
2460 1698 2667 1743 natura
2693 1688 2939 1742 humanas
2964 1696 3069 1742 est.
3094 1686 3282 1757 Neque
3313 1687 3440 1752 hoc,

1872 1778 1917 1831 si
1952 1778 2366 1847 dispensationis
2406 1794 2527 1833 cum
2580 1793 2745 1833 carne
2798 1776 3064 1833 rationem
3115 1784 3350 1846 spectes,
3378 1776 3443 1830 il-

1871 1869 1982 1923 Ium
2034 1870 2282 1935 dedecet,
2332 1871 2422 1939 qui
2470 1885 2529 1924 se
2578 1870 2747 1923 semel
2806 1872 2872 1923 ad
2930 1870 3163 1923 humana
3198 1867 3437 1924 demisit.

1872 1958 2007 2014 Vide
2028 1960 2162 2028 jam,
2194 1961 2464 2029 quomodo
2496 1961 2793 2015 secundum
2852 1962 3143 2014 Immauam
3186 1968 3440 2013 naturam

1869 2053 2153 2109 sacerdmii
2211 2069 2408 2107 munus
2462 2052 2641 2118 obeat,
2696 2052 3063 2122 mediatorque
3092 2052 3236 2107 Inter
3264 2050 3434 2105 Deum

1866 2153 1923 2197 et
1952 2144 2198 2198 homines
2244 2144 2477 2197 exsistat
2503 2160 2518 2197 :
2553 2143 2733 2199 omnis
2763 2144 2907 2198 enim
2939 2143 3198 2199 sacerdos
3226 2142 3438 2197 media-

1872 2235 2003 2291 toris
2036 2235 2210 2291 oﬂicio
2242 2235 2483 2306 fungitur
2514 2253 2529 2302 ;
2565 2246 2935 2291 verumtamen
2974 2233 3229 2289 sacriﬁcii
3270 2233 3435 2288 ritum

1868 2342 1975 2382 non
2006 2328 2121 2383 obit
2147 2327 2413 2382 serviliter
2438 2328 2780 2383 sacerdotum
2812 2328 2980 2383 nostri
3013 2326 3225 2381 ordinis
3255 2339 3433 2391 more,

1866 2418 2019 2486 quasi
2054 2419 2168 2485 ipse
2203 2434 2306 2472 non
2341 2420 2414 2473 sit
2447 2420 2532 2473 cui
2563 2419 2728 2473 etiam
2782 2418 3114 2474 sacriﬁcium
3165 2415 3434 2471 oﬁ'ertur:

1866 2507 1962 2561 sed
2014 2508 2199 2577 sibipsi
2244 2520 2460 2578 quoque
2509 2508 2818 2575 sacriﬁcat,
2864 2517 2919 2564 et
2946 2523 3044 2579 per
3079 2507 3341 2579 seipsum,
3380 2513 3439 2560 et

1864 2594 1920 2649 in
1960 2595 2136 2661 seipso
2176 2595 2282 2649 Deo
2324 2598 2491 2650 Patri.
2552 2596 2723 2651 Oﬁ'ert
2781 2609 2960 2652 autem
3014 2606 3254 2652 nostram
3303 2610 3438 2650 con-

1865 2687 2181 2751 fessionem,
2226 2687 2330 2741 hoc
2377 2699 2461 2741 eet
2504 2687 2708 2752 ﬁdem;
2740 2703 2899 2757 quam
2941 2687 3043 2742 rite
3091 2686 3272 2741 facere
3300 2700 3434 2741 con-

1864 2777 2159 2844 suevimus,
2214 2778 2457 2832 dicentes
2490 2796 2505 2834 :
2535 2797 2555 2829 σ
2590 2779 2875 2833 Credimus
2921 2781 2973 2833 in
3001 2778 3170 2833 Deum
3214 2771 3433 2831 Patrem

1862 2870 2284 2938 omnipotentem
2312 2886 2327 2933 ;
2358 2880 2412 2922 et
2441 2870 2492 2923 in
2528 2886 2694 2924 unum
2743 2872 3031 2925 Dominum
3058 2868 3241 2924 Iesum
3270 2868 3432 2924 Chri-

1864 2968 2007 3013 stum
2036 2960 2227 3014 Filium
2261 2960 2397 3029 ejus,
2428 2970 2476 3015 et
2511 2962 2560 3015 in
2594 2960 2854 3033 Spiritum
2891 2970 3161 3015 sanctum.
3199 2978 3219 3011 ι
3247 2960 3433 3030 Itaque

1862 3052 1962 3107 etsi
1988 3053 2290 3107 sacerdotio
2352 3052 2497 3121 fungi
2564 3052 2764 3107 dicitur
2820 3053 3113 3107 secundum
3180 3060 3429 3105 naturam

1865 3143 2177 3204 humanam,
2214 3143 2538 3196 sacriﬁcium
2574 3153 2752 3198 tamen
2779 3143 3018 3198 oblatum
3056 3141 3306 3211 suscipit,
3337 3156 3427 3198 se-

1860 3236 2092 3287 cundum
2144 3233 2420 3287 divinam:
2468 3242 2555 3287 est
2604 3233 2747 3287 enim
2800 3234 2940 3288 idem
2986 3234 3125 3287 Deus
3171 3232 3334 3287 simul
3373 3240 3432 3287 et

1860 3326 2041 3381 homo.
2081 3324 2394 3394 Appellatns
2421 3335 2504 3379 est
2529 3334 2710 3379 autem
2745 3324 2938 3388 ﬁdelis,
2977 3334 3258 3393 propterea
3285 3324 3430 3391 quod

1859 3433 2072 3487 semper
2102 3418 2312 3472 salvare
2340 3426 2501 3485 queat
2536 3431 2651 3481 eos,
2703 3415 2795 3487 qui
2827 3429 2922 3485 per
2954 3415 3127 3484 ipsum
3156 3415 3220 3467 ad
3251 3412 3425 3467 Deum

1861 3509 2143 3563 accedunt.
2201 3505 2359 3577 149
2404 3505 2543 3572 Quin
2588 3516 2643 3562 et
2682 3506 2796 3575 ipse
2818 3522 3035 3576 quoque
3059 3504 3223 3559 Pater
3249 3502 3425 3558 ﬁdelis

1852 3597 2122 3651 interdum
2177 3610 2422 3654 vocatur.
2483 3597 2695 3663 Quanto
2723 3606 2905 3650 autem
2937 3594 3228 3649 intervallo
3258 3592 3421 3647 mini-

1853 3687 2078 3739 sterium
2132 3686 2274 3742 illius
2320 3695 2379 3741 ut
2434 3686 2669 3741 hominis
2715 3701 2838 3741 cum
2898 3683 3134 3740 Mosaico
3167 3683 3421 3738 collatum

1852 3780 2096 3843 excedat,
2124 3791 2392 3846 quatenus
2428 3778 2515 3834 hic
2549 3779 2595 3832 si
2636 3777 3013 3833 consideretur
3039 3787 3097 3831 ut
3130 3775 3271 3830 Deus
3298 3790 3424 3846 per-

1857 3866 1995 3921 facili
2028 3868 2241 3936 negotio
2284 3868 2333 3920 id
2374 3868 2551 3935 quivis
2581 3867 2863 3936 intelliget,
2896 3869 2939 3921 si
2980 3882 3164 3923 secum
3210 3868 3420 3936 reputet

1856 3955 2000 4008 illum
2031 3955 2246 4021 quidem
2278 3955 2439 4008 veluti
2474 3953 2679 4008 ﬁdelem
2718 3953 2977 4008 famulum
3020 3956 3071 4008 in
3099 3954 3258 4008 domo
3294 3964 3418 4006 ver-

1855 4052 2029 4096 satum
2062 4058 2216 4105 esse;
2254 4044 2397 4097 hunc
2425 4058 2574 4106 vero,
2609 4044 2708 4098 hoc
2733 4054 2817 4098 est
2847 4044 3275 4108 Emmattueletn,
3318 4042 3417 4097 toti

184 4125 361 4178 domui
410 4134 663 4195 tanquam
714 4130 995 4185 Dominum
1045 4131 1360 4201 praefuisse,
1417 4131 1527 4186 imo
1572 4132 1738 4201 ipsius
1788 4134 1978 4190 domus
2039 4138 2390 4191 architectum
2442 4136 2889 4205 conditoremque
2960 4132 3273 4201 exstitisse;
3319 4152 3417 4191 cu-

177 4214 259 4279 jus
291 4216 509 4284 quidem
559 4220 749 4274 domus
786 4236 885 4274 nos
924 4237 1134 4276 sumus.
1185 4222 1340 4278 Nulla
1408 4240 1535 4279 vero
1569 4228 1901 4293 comparatio
1970 4228 2266 4282 intercedet
2333 4229 2474 4282 inter
2517 4243 2605 4283 res
2645 4230 2887 4283 conditas
2930 4239 2986 4284 et
3025 4228 3416 4288 Conditorem:

182 4304 323 4359 inter
346 4322 469 4361 eum
504 4324 741 4373 rursum,
776 4313 866 4379 qui
898 4324 1085 4383 suapte
1124 4326 1314 4369 natura
1342 4319 1598 4372 Dominus
1624 4329 1728 4379 est,
1772 4330 1826 4373 et
1854 4335 1975 4374 eum
2011 4322 2099 4390 qui
2138 4336 2264 4376 vere
2296 4336 2486 4376 servus
2546 4331 2601 4376 et
2626 4323 2894 4377 subditus.
3420 4390 3421 4393 η

247 4400 375 4455 ΚΖ’.
423 4420 442 4452 ‹
483 4402 606 4456 Ὀτι
639 4405 992 4475 καταϐέϐηκα
1029 4408 1093 4459 ὲκ
1124 4406 1218 4459 τοῦ
1264 4408 1492 4479 οὐρανοῦ
1535 4410 1635 4480 οὐχ
1666 4410 1748 4463 ἵνα

1924 4411 2131 4466 XXVII.
2176 4432 2194 4464 ι
2226 4414 2360 4480 Quia
2391 4413 2647 4469 descendi
2697 4413 2762 4466 de
2806 4415 2979 4476 caelo,
3002 4430 3105 4467 non
3139 4424 3197 4466 ut
3224 4415 3417 4470 faciam

183 4492 321 4545 ποιῶ
352 4491 413 4544 τὸ
443 4492 653 4564 θέλημα
682 4495 742 4548 τὸ
773 4496 926 4567 ἐμὸν,
965 4496 1100 4550 ἀλλὰ
1139 4498 1200 4550 τὸ
1245 4497 1453 4568 θέλημα
1480 4500 1571 4552 τοῦ
1608 4501 1746 4571 πέμ-

179 4581 379 4650 ψαντός
404 4600 493 4652 με.
524 4584 692 4638 Τοῦτο
736 4586 781 4640 δ’
819 4588 938 4641 ἐστὶ
976 4588 1038 4640 τὸ
1066 4588 1277 4658 Θέλημα
1303 4589 1397 4643 τοῦ
1433 4592 1744 4662 πέμψαντός

182 4688 269 4741 με,
309 4672 398 4725 ἵνα
433 4675 541 4728 πᾶν
578 4674 607 4727 ὃ
652 4675 850 4730 δέδωκέ
890 4694 1002 4746 μοι,
1048 4678 1123 4747 μὴ
1163 4679 1413 4733 ἀπολέσω
1454 4681 1513 4747 ἐξ
1558 4682 1741 4747 αὐτοῦ,

178 4764 315 4818 ἀλλὰ
348 4765 640 4835 ἀναστήσω
678 4766 809 4820 αὐτὸ
834 4770 891 4820 ἐν
920 4770 984 4838 τῇ
1014 4768 1215 4840 ἐσχάτῃ
1251 4770 1451 4841 ἡμέρα.
1496 4790 1516 4823 ι
1560 4772 1745 4825 Κατα-

180 4854 341 4924 ϐῆναί
377 4872 544 4924 φησιν
568 4857 758 4911 ἑαυτὸν
791 4859 850 4922 ἐξ
873 4858 1123 4931 οὐρανοῦ,
1150 4862 1486 4915 ἀπεστάλθαι
1506 4878 1565 4915 τε
1596 4863 1745 4934 παρὰ

178 4945 271 4998 τοῦ
318 4944 456 4998 Θεοῦ
503 4947 597 4999 καὶ
635 4948 866 5019 Πατρὸς,
921 4952 1096 5004 καίτοι
1141 4952 1210 5004 τὰ
1257 4954 1433 5006 πάντα
1488 4953 1744 5023 πληρῶνο

181 5035 377 5100 ἐκεῖνο,
416 5028 607 5103 οἶμαι,
666 5037 1051 5103 καταδεικνὺς,
1099 5042 1192 5094 καὶ⁵
1233 5042 1493 5103 καθιστὰς
1546 5044 1749 5097 ἅπασιν

182 5126 427 5195 ἐναργὲς,
465 5127 547 5179 ὅτι
586 5126 719 5190 Θεὸς
753 5126 828 5180 ὢν
863 5132 890 5181 ὁ
919 5130 1109 5196 Λόγος,
1150 5133 1622 5199 καταπεφοίτηκεν
1667 5135 1746 5187 οί-

183 5216 492 5285 κονομικῶς
529 5219 608 5280 είς
634 5219 1031 5288 ἀνθρωπότητα
1051 5221 1117 5274 δι’
1142 5223 1306 5292 ἡμᾶς.
1338 5223 1447 5276 Καὶ
1476 5221 1536 5275 οὗ
1563 5222 1615 5274 τί
1643 5240 1744 5275 που

184 5308 371 5370 μεθεὶς
417 5307 485 5361 τὸ
516 5304 656 5362 εῖναι
692 5310 851 5379 φύσει
884 5311 1033 5379 Θεὸς,
1084 5311 1406 5385 προσλαόὼν
1440 5312 1495 5365 δὲ
1549 5312 1747 5381 μᾶλλον

248 5460 295 5493 ⁸⁸
326 5459 513 5515 Matth.
546 5479 636 5529 xx,
664 5462 753 5517 9.8.
830 5462 869 5495 δ’
913 5462 1066 5518 .Iuan.
1115 5481 1187 5531 vr,
1226 5466 1316 5528 58,
1360 5465 1447 5519 59.

1852 4504 2179 4557 voluntatem
2222 4519 2419 4564 meam.
2467 4507 2560 4558 sed
2615 4504 2947 4557 voluntatem
2991 4504 3107 4573 ejus
3148 4506 3238 4575 qui
3272 4506 3420 4563 misit

1853 4608 1957 4647 me.
1991 4592 2114 4647 [hec
2142 4602 2226 4648 est
2254 4605 2435 4648 autem
2478 4594 2728 4648 voluntas
2756 4594 2874 4663 ejus
2903 4595 2993 4664 qui
3025 4598 3178 4650 misit
3206 4611 3293 4652 me
3314 4597 3418 4652 Pa-

1853 4685 1969 4747 tris,
2012 4694 2072 4737 ttt
2105 4701 2265 4741 mune
2302 4686 2446 4754 quod
2477 4686 2622 4739 dedit
2652 4686 2806 4750 mihi,
2839 4701 2943 4740 nou
2979 4688 3201 4754 perdant
3232 4704 3298 4742 ex
3328 4704 3416 4755 eo,

1850 4777 1941 4829 sed
1968 4779 2280 4832 resuscitem
2324 4779 2450 4832 illud
2493 4778 2546 4831 in
2588 4775 2882 4831 novissimo
2915 4778 3002 4832 die
3024 4778 3095 4835 “.
3127 4798 3147 4832 ι
3187 4780 3419 4838 Οωιίιιιε

1850 4880 1909 4919 se
1934 4870 2297 4935 descendisse,
2336 4879 2497 4939 atque
2538 4886 2566 4921 a
2606 4869 2711 4924 Deo
2750 4869 2912 4923 Patre
2935 4885 2993 4923 se
3018 4871 3239 4925 missum
3266 4886 3418 4927 asse-

1852 4958 1944 5021 rit,
1989 4958 2151 5011 etiam
2198 4960 2243 5013 si
2298 4959 2519 5027 impleat
2558 4959 2739 5012 omnia
2783 4975 2796 5011 :
2858 4959 2991 5014 illud
3035 4959 3330 5025 erunibus,
3359 4973 3417 5016 ut

1852 5056 2004 5118 puto,
2047 5049 2442 5113 demonstrare,
2482 5049 2809 5119 planumque
2839 5049 3019 5105 facere
3044 5050 3248 5115 volens,
3273 5056 3414 5121 quod

1850 5154 1972 5192 cum
2010 5137 2235 5192 Verbum
2294 5150 2439 5193 esset
2488 5141 2648 5207 Deus,
2692 5141 3087 5207 dispensatoria
3122 5144 3332 5198 ratione
3358 5144 3411 5198 iu

1856 5228 2145 5281 humanam
2202 5237 2445 5281 naturam
2502 5240 2721 5298 propter
2775 5245 2871 5283 nos
2906 5245 2965 5284 se
3007 5231 3241 5285 demisit.
3291 5230 3411 5287 Non

1850 5313 1991 5382 quod
2024 5329 2117 5385 per
2141 5313 2240 5367 hoc
2270 5314 2409 5369 Deus
2442 5325 2631 5371 natura
2663 5332 2783 5372 esse
2813 5319 3116 5389 desisteret,
3145 5321 3239 5377 sed
3267 5322 3411 5392 quod

1263 5615 1436 5674 Varie
1462 5618 1716 5675 lectiones
1742 5618 1941 5677 codicis
1971 5619 2325 5693 Seguieriani.

236 5758 262 5795 θ
288 5751 376 5810 τὸν
404 5752 608 5809 δοῦλον.
