4092 6334
612 378 745 436 1371

612 495 668 553 id
716 490 1089 562 assumpserit,
1135 483 1277 555 quad
1321 499 1424 538 non
1453 492 1569 537 erat
1620 499 1632 534 :

612 594 1001 655 “sumpserat,
1047 578 1431 648 propriumque
1482 574 1585 628 sibi
1629 570 1850 634 I'ecerat,
1896 568 2057 621 morti
2114 567 2177 620 ad

613 687 824 747 tempus
856 670 1159 729 eontradito
1181 711 1197 735 ,
1232 669 1436 724 nullum
1466 680 1532 720 ex
1567 663 1670 717 illis
1700 676 1836 731 quos
1868 670 2174 729 acceperat,

616 765 952 836 deperderet,
999 764 1094 819 sed
1147 768 1410 821 servaret,
1459 772 1523 811 ac
1575 754 1628 808 in
1677 755 1974 809 novissimo
2020 752 2106 805 die
2149 767 2177 804 a

613 856 843 912 mortuis
886 855 1257 909 resuscitaret.
1299 850 1433 905 Cum
1482 856 1662 901 autem
1703 862 1810 901 non
1852 859 2030 906 suam.
2088 843 2178 896 sed

616 947 698 1002 sui
724 944 904 1001 Patris
924 945 1256 999 voluntatem
1297 956 1352 995 se
1381 939 1640 1008 perlicere
1668 938 1839 1001 addit,
1875 936 2179 991 Iudaeorum

613 1034 891 1089 vesaniam
918 1048 984 1087 ex
1010 1032 1227 1098 obliquo
1258 1028 1576 1098 perstringit
1601 1044 1615 1092 ;
1644 1035 1702 1080 ut
1732 1028 1822 1095 qui
1855 1039 2003 1079 suam
2039 1037 2182 1075 sem-

614 1137 713 1191 per
748 1123 1077 1177 voluntatem
1131 1120 1464 1173 constituere
1503 1128 1833 1185 satagentes,
1862 1114 2182 1178 divinasque

617 1212 761 1281 leges
816 1208 1253 1279 parviracientes,
1292 1207 1358 1260 de
1397 1206 1605 1261 Domini
1650 1205 1732 1260 sui
1777 1202 1986 1272 placitis
2018 1202 2181 1269 pertl-

616 1303 823 1357 eiendis
860 1301 992 1354 nihil
1024 1301 1317 1369 quidquam
1354 1299 1505 1365 pensi
1540 1297 1801 1351 haberent
1830 1312 1842 1346 :
1883 1293 2007 1345 dum
2036 1291 2181 1345 enim

616 1405 771 1445 suum
798 1390 900 1445 hoc
950 1389 1066 1444 loco
1115 1398 1417 1459 promptum
1454 1385 1780 1455 obsequendi
1825 1384 2058 1438 studium
2091 1398 2184 1450 pa-

617 1480 723 1535 lam
767 1482 1128 1547 commendat,
1184 1480 1398 1533 iilorttm
1462 1477 1807 1532 rebellionem
1872 1474 2183 1542 neutiquam

618 1573 846 1627 obscure
892 1572 1121 1627 incusat.
1174 1572 1314 1639 Quin
1369 1580 1423 1625 et
1475 1569 1600 1622 alibi
1634 1583 1848 1637 quoque
1881 1566 2187 1622 eonomine

620 1664 738 1715 illos
771 1664 1068 1729 insimulat,
1111 1665 1254 1733 quod
1290 1662 1435 1723 odio,
1479 1661 1861 1726 insectatione,
1896 1660 2187 1727 iniquoque

618 1754 821 1822 judicio
869 1769 934 1809 ex
979 1756 1226 1810 instituto
1268 1760 1462 1808 contra
1492 1767 1551 1807 se
1596 1753 1960 1807 desaevirent:
2004 1769 2021 1801 ι
2059 1748 2185 1814 Vos,

1568 362 1626 417 8.
1653 358 1928 416 CYRILLI
1966 352 2436 410 ALEXANDRINI
2475 350 2793 408 ARCIIIEP.

1687 488 1745 531 ut
1782 490 2007 542 corpore
2038 472 2178 541 quod

2295 473 2418 540 ὅπερ
2452 470 2552 523 οὐκ
2573 464 2661 538 ἧν,
2693 470 2779 521 ἵνα
2814 466 2907 520 καὶ
2926 464 3047 524 δοὺς
3075 460 3151 531 τῷ
3188 458 3401 528 Θανάτῳ
3425 453 3560 525 πρὸς
3592 452 3762 523 βραχῦ
3788 452 3852 502 τὸ

3693 336 3836 392 I372

2280 562 2476 616 ένωθὲν
2503 562 2652 631 αὐτῷ
2676 560 2832 630 σῶμα
2854 557 2948 610 καὶ
2967 555 3095 606 ἴδιον
3119 548 3306 615 αὐτοῦ,
3335 548 3534 621 μηδένα
3563 542 3802 612 ἀπολέσῃ
3828 539 3846 579 ί

2278 654 2385 706 τῶν
2420 653 2681 706 δοθέντων
2722 649 2890 718 αὐτῷ,
2930 643 3172 715 διασώσῃ
3213 642 3269 695 δὲ
3317 640 3536 712 μᾶλλον,
3569 634 3664 688 καὶ
3715 637 3852 718 ἀνα-

2282 747 2455 817 στήσῃ
2486 746 2682 807 αὑτοὺς
2717 747 2741 784 ε
2775 714 2931 807 ὲνττῇ
2958 714 3161 806 ἐσχάτῃ
3185 733 3388 805 ἡμέρᾳ.
3428 730 3607 785 Ποιεῖν
3639 724 3735 795 μὲν
3755 714 3853 776 οὖν

2278 837 2454 904 λέγων
2488 837 2547 889 rb
2588 836 2799 904 θέλημα
2828 830 2923 883 τοῦ
2972 825 3205 898 Πατρδς.
3242 826 3337 877 καὶ
3377 824 3497 893 οὐχὶ
3531 821 3593 889 δὴ
3630 817 3854 870 πάντως

2275 916 2339 981 τὸ
2365 927 2581 993 ἑαυτοῦ,
2611 928 2709 990 τὰς
2750 924 2856 976 τῶν
2894 919 3165 974 Ἰουδαίων
3201 914 3458 976 ἀπονοίας
3492 910 3717 980 ἐλέγχει,
3757 905 3857 959 καὶ

2282 1020 2614 1089 ὑποπλήττει
2649 1015 2912 1080 πλαγίως,
2958 1012 3033 1074 ὼς
3076 1007 3253 1063 ἀεὶτὸ
3293 1005 3421 1059 ίδιον
3466 1003 3725 1063 ίστῶντας
3758 996 3855 1051 θέ-

2283 1111 2453 1181 λημα,
2496 1113 2590 1164 καί
2627 1109 2735 1162 τῶν
2768 1106 2926 1159 θείων
2958 1100 3345 1173 ὑπερορῶντας
3375 1096 3575 1165 νόμων,
3603 1095 3695 1148 καὶ
3720 1090 3855 1161 παρ’

2284 1202 2434 1255 οὐδὲν
2479 1200 2747 1255 ποιεῖσθαι
2776 1192 3156 1266 μεμεληκότας
3178 1188 3238 1242 rb
3263 1187 3339 1257 τῷ
3360 1185 3603 1253 Δεσπὸτῃ
3626 1182 3817 1237 δοκοῦν
3838 1196 3855 1213 ·

2287 1295 2465 1365 ἑαυτῷ
2488 1294 2594 1363 γὰρ
2622 1294 2678 1345 ἐν
2707 1289 2917 1350 τούτοις
2938 1280 3378 1356 προσμαρτυρῶν
3410 1276 3470 1328 τὸ
3499 1275 3731 1365 εὐήνιον,
3753 1274 3857 1341 τῆς

2286 1363 2508 1440 ἐκείνων
2530 1379 2811 1441 ἀπειθείας
2842 1376 3157 1447 κατηγορεῖ.
3188 1372 3333 1440 Ἔφη
3362 1368 3469 1439 γάρ
3490 1382 3592 1418 που
3619 1364 3713 1418 καὶ
3741 1363 3861 1416 ἑτέ-

2290 1477 2422 1548 ρωθι
2458 1475 2593 1540 πρὸς
2623 1470 2841 1533 αὐτοὺς,
2884 1468 2959 1531 ὡς
2987 1467 3204 1520 διώκειν
3228 1461 3528 1522 ἐθέλοντας,
3562 1455 3656 1509 καὶ
3680 1456 3859 1523 μισεῖν

2288 1546 2616 1639 ᾑρημένους,
2668 1561 2760 1614 καὶ
2790 1560 2973 1613 ἄδικον
3012 1558 3098 1609 ἐπ’
3140 1552 3289 1625 αὺτῷ
3316 1552 3412 1622 τὴν
3442 1551 3534 1604 ἐπὶ
3557 1548 3729 1615 τούτῳ
3752 1546 3863 1614 ψῆ-

2291 1675 2391 1727 φον
2422 1654 2789 1724 ἐκφέροντας·
2823 1670 2841 1702 ι
2893 1651 3079 1720 Ὑμεῖς
3112 1646 3253 1700 κατὰ
3288 1646 3384 1714 τὴν
3407 1643 3585 1713 σάρκα
3620 1640 3860 1710 κρίνετε,

2291 1748 2401 1816 ἐγὼ
2432 1748 2491 1799 οὐ
2516 1744 2682 1814 κρίνω
2701 1744 2890 1797 οὐδένα
2907 1759 2920 1771 ·
2953 1740 3044 1794 καὶ
3069 1738 3163 1791 ἐὰν
3184 1737 3354 1807 κρίνω
3370 1734 3425 1787 δὲ
3454 1733 3583 1800 ἐγὼ,
3616 1734 3649 1802 ἡ
3678 1728 3859 1799 κρίσις

623 1846 818 1913 inquit,
839 1846 1131 1901 secundum
1158 1844 1682 1913 carnemjudicatis;
1734 1858 1832 1913 ego
1873 1858 1974 1896 non
2003 1842 2188 1909 judico

2295 1812 2460 1909 h'épsh
2483 1812 2666 1889 δικαία
2699 1835 2872 1888 ἐστίν·
2906 1834 2986 1886 ὅτι
3018 1831 3076 1883 οὑ
3107 1828 3253 1898 ζητῶ
3285 1827 3345 1879 rb
3375 1824 3588 1891 θέλημα
3618 1822 3679 1875 τὸ
3704 1822 3861 1889 ἐμὸν,

621 1951 945 2003 quemquam
976 1953 991 2002 ;
1028 1945 1083 1991 et
1119 1936 1163 1990 si
1189 1936 1373 2003 judico
1405 1950 1537 2007 ego,
1568 1934 1830 2004 judicium
1883 1948 2059 1986 meum
2097 1947 2189 1986 ve-

624 2040 739 2077 rum
769 2036 853 2080 est
886 2044 897 2078 :
933 2027 1056 2095 quia
1112 2041 1217 2080 non
1268 2043 1451 2096 quaero
1491 2026 1819 2080 voluntatem
1863 2038 2059 2088 meam,
2096 2023 2189 2077 sed

621 2115 948 2171 voluntatem
981 2118 1096 2189 ejus
1125 2120 1216 2188 qui
1248 2120 1494 2174 misitme
1511 2119 1576 2174 δ’.
1603 2136 1621 2168 ›
1641 2116 1898 2186 Loquitur
1926 2130 2051 2185 ergo
2074 2115 2191 2170 haec

621 2209 919 2262 secundum
956 2212 1137 2266 carnis
1168 2210 1651 2280 dispensationem.

692 2297 923 2353 XXVIII.
987 2299 1090 2356 Sed
1139 2315 1255 2369 age,
1313 2315 1455 2355 nunc
1505 2300 1731 2355 alterum
1788 2300 1919 2354 illud
1975 2313 2192 2368 quoque

620 2389 1011 2455 expendamus.
1065 2388 1197 2444 Cum
1256 2403 1286 2443 e
1338 2388 1477 2443 cmlo
1519 2386 1883 2442 descendisset
1924 2392 1983 2437 ut
2028 2383 2187 2449 Deus,

621 2477 741 2532 illos
778 2494 808 2531 a
842 2478 997 2533 Patre
1044 2479 1145 2533 sibi
1186 2480 1341 2533 datos
1378 2477 1630 2541 aliirmat,
1660 2478 1751 2547 qui
1796 2478 1846 2530 in
1886 2476 2032 2529 illum
2070 2492 2186 2531 cre-

621 2570 853 2635 derent;
891 2585 993 2623 non
1027 2570 1187 2639 150
1215 2580 1273 2624 ut
1304 2571 1424 2624 illos
1454 2570 1664 2637 perdat,
1705 2568 1797 2622 sed
1834 2568 1971 2621 utin
2004 2567 2190 2621 novis-

623 2662 765 2715 simo
820 2660 910 2715 die
957 2662 1022 2715 ad
1084 2663 1248 2715 vitam
1283 2661 1581 2715 exsuscitet
1601 2659 1668 2713 ".
1730 2658 1836 2713 Sed
1893 2672 2000 2727 quo
2033 2658 2191 2711 modo

621 2751 959 2807 exsuscitat?
987 2768 1091 2806 non
1122 2751 1226 2806 alio
1255 2766 1407 2814 sane,
1441 2765 1602 2820 quam
1638 2765 1734 2819 per
1762 2764 1915 2804 suam
1949 2762 2016 2801 ex
2049 2762 2194 2800 mor-

625 2845 734 2898 tuis
788 2844 1274 2901 resurrectionem.
1326 2842 1557 2911 Proprio
1610 2857 1843 2910 namque
1892 2839 2089 2909 templo
2137 2839 2192 2893 in

623 2936 785 2989 vitam
845 2937 1131 3001 restituto,
1199 2937 1496 3004 mortisque
1552 2936 1778 3004 imperio
1826 2950 1921 3004 per
1966 2934 2194 3004 propria:

625 3029 807 3082 carnis
839 3038 1068 3084 mortem
1094 3029 1373 3094 demolito,
1402 3029 1651 3082 humanae
1674 3036 1879 3081 natura;
1911 3026 1975 3079 ad
2014 3040 2196 3081 resur-

2290 1930 2424 1984 ἀλλά
2452 1930 2511 1981 τὸ
2536 1927 2747 1997 θέλημα
2788 1924 2881 1978 τοῦ
2914 1920 3231 1992 πέμψαντός
3274 1935 3361 1990 με.
3400 1934 3418 1968 ι
3466 1910 3672 1967 Οὐκοῦν
3710 1913 3864 1963 οἰκο-

2292 2017 2529 2090 νομικῶς
2557 2017 2625 2069 τὰ
2650 2016 2828 2070 τοιάδε
2860 2011 3014 2084 φησί.

2361 2302 2497 2357 KH'.
2536 2299 2686 2368 Πλὴν
2726 2299 2902 2350 ἐκεῖνο
2931 2295 3061 2364 φέρε
3092 2292 3178 2361 δὴ,
3212 2290 3347 2361 φέρε
3384 2285 3862 2356 καταθρήσωμεν·

2305 2394 2395 2459 Ἐξ
2414 2389 2645 2463 οὐρανοῦ
2669 2387 2907 2449 καταϐὰς
2933 2386 3008 2448 ὡς
3030 2381 3185 2448 Θεὸς,
3210 2382 3455 2437 δεδόσθαι
3487 2379 3650 2449 φησὶν
3681 2372 3865 2443 ἑαυτῷ

2294 2484 2445 2555 παρὰ
2474 2480 2570 2535 τοῦ
2608 2481 2820 2551 Πατρδς
2853 2479 2978 2539 τοὺς
3014 2478 3092 2537 εἰς
3124 2475 3285 2528 αὑτὸν
3325 2470 3741 2530 πιστεύσαντας.
3772 2466 3868 2518 ἵνα

2297 2575 2371 2643 μὴ
2403 2572 2666 2641 ἀπολέσῃ,
2705 2569 2853 2639 σώσῃ
2886 2568 2941 2619 δὲ
2977 2564 3173 2634 μᾶλλον
3203 2563 3420 2626 αὐτοὺς,
3453 2561 3546 2613 καὶ
3581 2558 3867 2626 ἀναστήσῃ

2293 2666 2358 2733 τῇ
2399 2663 2604 2733 ἐσχάτῃ
2632 2661 2837 2733 ἡμέρᾳ.
2895 2657 3016 2719 ιΙῶς
3044 2650 3137 2707 οὖν
3167 2654 3465 2720 ἀνέστησεν
3486 2690 3501 2713 ,
3554 2651 3587 2718 ἦ
3619 2648 3869 2714 δηλονότι

2293 2753 2380 2805 διὰ
2402 2752 2503 2821 τῆς
2535 2750 2666 2814 ἰδίας
2697 2748 3044 2807 ἀναστάσεως
3071 2743 3171 2811 τῆς
3202 2743 3266 2793 ὲκ
3300 2739 3507 2808 νεκρῶν
3533 2756 3546 2803 ;
3585 2737 3871 2804 Ζωοποιή-

2296 2862 2395 2906 σας
2427 2844 2535 2912 γὰρ
2593 2842 2686 2894 καὶ
2738 2839 2842 2909 πρό
2877 2854 2940 2905 γε
2988 2834 3095 2887 τῶν
3145 2833 3320 2886 ἄλλων
3354 2830 3446 2883 τὸν
3480 2827 3678 2881 ἑαυτοῦ
3714 2826 3868 2890 ναὸν,

2295 2935 2389 2989 καὶ
2427 2934 2487 2986 τὸ
2524 2930 2618 2985 τοῦ
2659 2932 2888 2984 θανάτου
2925 2924 3255 2984 κατασείσας
3290 2920 3490 2993 κράτος
3522 2918 3609 2969 διὰ
3638 2917 3733 2969 τοῦ
3768 2918 3874 2970 θα-

2296 3028 2454 3081 νάτου
2483 3011 2582 3093 τῆς
2616 3024 2750 3084 ἰδίας
2786 3019 3011 3090 σαρκὸς,
3044 3017 3161 3079 ὸδδς
3207 3016 3396 3083 γέγονε
3438 3015 3502 3079 τῇ
3551 3009 3873 3079 ἀνθρωπεία

628 3121 945 3185 rectionem,
974 3136 1181 3175 necnon
1208 3122 1276 3175 ad
1308 3118 1658 3175 obtinendam
1686 3128 1872 3173 contra
1898 3118 2194 3186 corruptio-

2300 3120 2458 3190 φύσει
2484 3116 2620 3185 πρὸς
2659 3114 2975 3170 ἀνάστασιν,
3010 3109 3103 3159 καὶ
3134 3107 3269 3177 πρός
3299 3122 3363 3172 γε
3386 3104 3447 3156 rb
3472 3100 3728 3154 δύνασθαι
3761 3098 3876 3151 λοι-

627 3225 747 3266 nem
794 3213 1097 3277 victoriam,
1146 3214 1289 3267 viam
1338 3212 1588 3267 munivit.
1635 3210 1795 3266 Verbi
1845 3210 2030 3280 itaque
2079 3210 2191 3273 Dei,

626 3304 769 3372 quod
804 3320 834 3360 e
868 3306 1006 3360 coelo
1037 3306 1337 3369 descendit,
1376 3306 1429 3359 id
1467 3305 1743 3372 proprium
1782 3312 1884 3366 est,
1921 3316 2017 3369 per
2050 3303 2192 3369 quod

628 3393 1016 3463 primogenitus
1056 3410 1122 3449 ex
1174 3394 1400 3449 mortuis
1419 3392 1468 3425 “
1516 3394 1714 3447 factum
1764 3393 1886 3447 est?
1914 3405 2020 3461 quo
2065 3391 2194 3446 illud

630 3484 908 3551 nimirum,
955 3486 1099 3555 quod
1152 3486 1251 3555 ipsi
1299 3488 1557 3540 donatum
1614 3492 1717 3545 est,
1775 3497 1882 3537 una
1927 3497 2048 3538 cum
2104 3482 2196 3537 illo

628 3578 1061 3644 exsuscitatum,
1116 3585 1335 3646 propter
1395 3575 1712 3645 protoplasti
1776 3573 2193 3629 inobedientiam

630 3683 736 3721 non
783 3668 1015 3738 amplius
1054 3678 1261 3737 pereat,
1301 3669 1394 3723 sed
1443 3675 1664 3738 propter
1693 3666 1890 3723 Christi
1942 3666 2199 3722 obedien-

632 3760 784 3823 tiam,
815 3758 1040 3814 saIutem
1066 3769 1121 3814 et
1148 3760 1311 3813 vitam
1340 3767 1597 3814 aeternam
1634 3759 1893 3814 obtineat.
1928 3757 2195 3813 Caeterum

630 3861 691 3902 ut
721 3852 878 3904 homo
913 3848 1113 3905 factum
1149 3860 1253 3915 est,
1288 3865 1380 3905 eos
1415 3850 1516 3904 sibi
1553 3850 1709 3904 datos
1737 3850 1887 3914 dicit,
1918 3848 2007 3918 qui
2037 3848 2194 3903 [idem

630 3940 685 3994 in
722 3941 896 4010 ipsum
941 3942 1231 4009 recipiunt.
1276 3940 1410 3995 Nam
1458 3942 1640 3996 omnia
1667 3957 1785 4011 qua:
1818 3940 1992 3995 Patris
2049 3948 2193 4005 sunt,

631 4032 1117 4103 hazreditariojure
1169 4034 1423 4103 possidet.
1458 4033 1755 4103 Postquam
1799 4048 1930 4087 vero
1957 4034 2036 4100 (ut
2063 4031 2196 4101 dixi)

631 4125 784 4179 carni
814 4133 867 4179 et
908 4128 1155 4195 sanguini
1187 4126 1611 4180 communicavit
1634 4126 1700 4190 ",
1728 4136 1784 4179 et
1813 4138 1909 4177 nos
1946 4124 1997 4177 in
2026 4123 2196 4191 ipsum

633 4225 695 4267 ut
724 4215 777 4268 in
806 4215 973 4269 Deum
1002 4217 1350 4280 credidimus,
1393 4218 1461 4270 ob
1490 4216 1545 4270 id
1582 4214 1783 4269 factum
1813 4223 1914 4279 est,
1949 4223 2002 4267 ut
2035 4214 2201 4267 dona-

637 4305 798 4360 tionis
833 4322 1026 4360 nomen
1056 4308 1104 4361 ei
1138 4308 1422 4362 tribuatur.
1454 4306 1588 4360 Nam
1621 4307 1711 4374 qui
1738 4315 1861 4359 ante
1896 4313 2200 4371 susceptam

635 4413 855 4453 carnem
889 4400 1209 4467 imperabat,
1251 4398 1295 4453 is
1328 4399 1495 4452 etiam
1526 4412 1691 4451 carne
1732 4397 1952 4449 indutus
1977 4409 2200 4462 regnum

2302 3212 2402 3265 rrbv
2433 3205 2900 3275 κατευμεγεθῆσαι
2934 3199 3321 3269 φθορᾶς.Ἴδιον
3338 3193 3404 3267 ἦν
3439 3196 3545 3265 ἄρα
3575 3191 3667 3245 τοῦ
3700 3208 3876 3275 καταξ-

2302 3272 2656 3371 φοιτήσαντος
2689 3272 2769 3361 νέξ
2800 3272 2805 3273 ν
2833 3288 3063 3362 οὐρανοῦ
3118 3286 3253 3341 Θεοῦ
3332 3287 3503 3354 Λόγου
3574 3282 3634 3336 rb
3695 3280 3762 3333 δι’
3811 3272 3876 3332 οὗ

2299 3392 2488 3461 γέγονε
2524 3386 2868 3458 πρωτότοκος
2897 3385 2960 3435 ὲκ
2989 3379 3217 3449 νεκρῶν*
3263 3377 3352 3431 ἵνα
3390 3377 3482 3429 καὶ
3516 3372 3879 3443 ὲγηγερμένῳ

2302 3478 2676 3549 κατακολουθῇ
2722 3477 2859 3547 πρὸς
2891 3473 3033 3545 ζωὴν
3084 3471 3145 3523 rb
3173 3469 3324 3522 δοθὲν
3362 3467 3532 3537 αὐτῷ,
3567 3465 3753 3519 οὐκέτι
3786 3463 3879 3516 διὰ

2302 3574 2401 3645 τὴν
2424 3571 2516 3625 τοῦ
2545 3566 2973 3640 πρωτοπλάστου
3001 3561 3315 3632 παράϐασιν
3349 3559 3743 3628 ἀπολλύμενον,
3773 3573 3880 3609 σω-

2304 3669 2530 3739 ζόμενον
2567 3666 2624 3719 δὲ
2674 3661 2873 3734 μᾶλλον
2910 3659 3000 3712 διὰ
3050 3657 3149 3728 τὴν
3196 3655 3444 3725 ὑπακοὴν
3483 3653 3577 3706 τοῦ
3610 3650 3875 3719 Χριστοῦ.

2304 3757 2560 3812 Δεδὸσθαι
2594 3754 2649 3807 δέ
2681 3767 2845 3822 φησιν
2878 3747 3053 3817 ἑαυτῷ
3086 3748 3210 3809 τοὺς
3253 3744 3351 3815 τὴν
3388 3746 3467 3806 είς
3499 3742 3658 3796 αὐτὸν
3691 3740 3881 3793 πίστιν

2304 3847 2692 3920 προσιεμένους
2727 3842 2912 3906 πάλιν,
2942 3838 3017 3902 ὡς
3050 3837 3336 3906 ἄνθρωπος
3364 3833 3625 3903 γεγονώς.
3659 3833 3882 3901 Κλῆρος

2307 3941 2406 4009 μὲν
2433 3938 2542 4009 γὰρ
2579 3936 2708 3999 ῐδιος
2740 3931 2891 4003 αὐτῷ
2937 3930 3116 3984 πάντα
3150 3927 3217 3979 τά
3247 3926 3343 3979 τοῦ
3376 3924 3606 3994 Πατρός.
3654 3921 3880 4009 Ἐπειδὴ

2305 4007 2381 4091 δὲ,
2411 4027 2486 4088 ὡς
2514 4007 2671 4092 ἔφην,
2703 4021 2970 4092 μετέσχεν
2998 4018 3228 4087 αἵματος
3254 4015 3349 4069 καὶ
3384 4013 3605 4085 σαρκὸς,
3636 4007 3757 4065 εῐτα
3783 4029 3883 4063 πε-

2307 4115 2681 4184 πιστεύκαμεν
2710 4112 2785 4175 ὡς
2808 4110 2946 4179 Θεῷ,
2977 4109 3148 4179 ταύτῃ
3170 4124 3250 4160 τοι
3267 4106 3329 4159 rb
3359 4106 3457 4174 τῆς
3482 4104 3679 4166 δόσεως
3704 4103 3884 4172 ὄνομα

2308 4203 2788 4278 παρεισκρίνεται’
2824 4200 3177 4270 βεδασίλευκε
3226 4197 3335 4267 γὰρ
3392 4195 3548 4265 ἡμῶν
3596 4196 3690 4247 καὶ
3740 4195 3881 4263 μετὰ

2310 4298 2533 4369 σαρκὸς,
2571 4298 2599 4349 ὁ
2627 4295 2723 4349 καὶ
2755 4296 2862 4363 πρὸ
2895 4294 3065 4363 αὐτῆς
3095 4289 3365 4362 βασιλεύς.
3391 4289 3500 4342 Καὶ
3531 4286 3660 4355 γοῦν
3691 4287 3766 4349 ὼς
3800 4288 3883 4348 είς

2308 4391 2405 4460 τὴν
2436 4389 2528 4441 τοῦ
2560 4389 2756 4457 χρῆναι
2788 4384 3093 4455 βασιλεύειν
3144 4383 3318 4453 ἀρχὴν
3351 4378 3839 4449 εὶσκεκομισμένος
3862 4419 3877 4441 ,

636 4492 689 4544 in
722 4506 819 4545 nos
848 4492 1098 4545 obtinuit.
1126 4491 1200 4543 Ita
1244 4492 1330 4543 ubi
1375 4490 1604 4558 primum
1632 4486 1867 4540 Verbum
1904 4486 2068 4538 homo
2106 4497 2194 4535 no-

2311 4482 2399 4533 ὅτε
2425 4480 2615 4547 γέγονε
2648 4476 2767 4530 καθ’
2803 4476 2971 4547 ἡμᾶς,
3020 4492 3037 4525 ι
3075 4472 3279 4544 Κύριος
3305 4513 3319 4536 ,
3360 4471 3546 4542 φησὶν,
3582 4465 3704 4522 εἷπε
3744 4468 3881 4538 πρός

636 4577 734 4630 stri
764 4578 956 4631 similis
979 4578 1177 4632 factum
1205 4588 1307 4641 est,
1339 4590 1395 4630 ut
1425 4576 1786 4646 principatum
1821 4573 1875 4627 in
1922 4588 2018 4626 nos
2044 4586 2196 4640 gere-

639 4680 737 4733 ret,
774 4669 1150 4739 inauguratum
1189 4680 1270 4724 est
1303 4688 1316 4723 :
1356 4689 1374 4719 ι
1406 4668 1664 4721 Dominus
1699 4666 1914 4736 (inquit)
1958 4662 2095 4718 dixit
2133 4661 2199 4714 ad

639 4778 722 4813 me
755 4780 767 4813 :
802 4761 965 4816 Filius
1008 4771 1159 4817 meus
1206 4777 1265 4817 es
1318 4771 1401 4827 tu;
1439 4776 1537 4829 ego
1580 4760 1738 4815 hodie
1793 4757 1954 4829 genui
2004 4769 2056 4811 te
2078 4755 2145 4810 “.
2176 4772 2195 4807 ι

2311 4587 2398 4637 με’
2432 4569 2559 4632 Υἱός
2596 4584 2697 4638 μου
2732 4564 2785 4619 ei
2817 4567 2905 4631 σὺ,
2940 4562 3051 4631 ἐγὼ
3087 4563 3327 4633 σήμερον
3371 4559 3678 4630 γεγέννηκά
3728 4574 3811 4610 σε.
3856 4576 3877 4607 ι

2306 4662 2527 4731 Δέχεται
2573 4660 2751 4712 τοίνυν
2784 4656 3135 4727 ἀνθρωπίνως
3165 4655 3235 4708 τὰ
3282 4651 3495 4722 ἑαυτοῦ,
3525 4652 3702 4703 καίτοι
3747 4668 3877 4702 κατ-

2307 4750 2633 4815 εξουσιάζων
2660 4749 2774 4803 τῶν
2803 4749 2939 4802 ὅλων
2970 4748 3043 4810 ὡς
3072 4746 3228 4808 Θεός.

638 4853 893 4919 Quamvis
935 4868 1063 4921 ergo
1100 4863 1157 4906 ut
1194 4854 1333 4907 Deus
1366 4853 1616 4907 omnibus
1682 4852 2024 4913 dominetur;
2091 4856 2266 4901 tamen
2308 4842 2604 4900 secundum
2656 4841 2948 4894 humanam
2999 4846 3271 4899 naturam,
3323 4850 3442 4906 quae
3485 4849 3583 4890 sua
3636 4835 3880 4905 alioquin

640 4957 815 5014 erant,
849 4947 1123 5014 accepisse
1153 4947 1371 5000 dicitur.

816 5060 893 5113 De
940 5058 1135 5112 Christi
1176 5058 1628 5123 sanctiﬁcatione,
1687 5058 2025 5126 cjusdemaue

1257 5129 1571 5182 sacerdotio.

714 5240 906 5296 XXIX.
955 5259 973 5292 ι
1012 5239 1243 5295 Decebat
1275 5240 1416 5293 enim
1463 5253 1605 5304 eum,
1635 5248 1855 5307 propter
1886 5251 2041 5305 quem
2089 5249 2205 5288 om-

717 5421 760 5454 "
801 5419 954 5477 Joan.
994 5416 1347 5483 vm,15,l6.
1421 5415 1716 5480 "Joan.vt,
1753 5415 1841 5469 59.
1916 5414 1961 5445 “
2000 5412 2204 5467 Coloss.
2235 5411 2271 5475 i,
2318 5408 2400 5463 l8.

2309 5048 2449 5117 Περὶ
2488 5045 2591 5101 τοῦ
2631 5044 2909 5117 ἡγιάσθιιι
2966 5041 3074 5117 τὸν
3114 5041 3416 5117 Χριστὸν-,⁸
3445 5055 3541 5092 και
3590 5039 3701 5105 τῆς
3748 5038 3880 5092 κατ’

2624 5110 2809 5169 αὑτὸν
2832 5110 3169 5180 νοουμένης
3207 5110 3554 5177 ἱερωσύνης.

2383 5227 2507 5283 ΚΘ⁹.
2552 5248 2570 5280 ι
2609 5228 2856 5297 Ἔπρεπε
2903 5224 3011 5294 γὰρ
3041 5222 3201 5276 αὐτὸν
3231 5222 3283 5286 Ιι,
3335 5220 3403 5273 δι’
3452 5220 3511 5273 ὂν
3549 5218 3617 5271 τὰ
3654 5218 3839 5273 πάντα
3866 5258 3882 5284 ,

2500 5407 2545 5440 ⁸³
2576 5406 2735 5462 Ilebr.
2764 5422 2820 5472 II,
2850 5403 2934 5459 14.
3008 5402 3055 5435 ⁸⁸
3087 5400 3225 5457 Psal.
3259 5416 3320 5467 tt,
3366 5398 3434 5465 7;
3480 5397 3642 5456 I‘Iebr.
3670 5412 3711 5462 ι,
3752 5395 3807 5452 5.

1733 5596 1899 5650 Varize
1928 5595 2179 5651 lectiones
2201 5591 2402 5647 codicis
2432 5586 2787 5657 Seguieriani.

728 5763 745 5804 ί
789 5763 950 5833 μηδὲν
984 5762 1332 5831 ἀπολέσηται.
1411 5766 1436 5807 Ι
1467 5758 1614 5811 αὐτὸ.
1692 5758 1717 5796 h
1750 5755 1905 5828 abrip-
