4092 6334
189 367 325 423 1⁸5Ἰὸ

990 365 1081 420 AD
1121 363 1416 419 REGINAS
1454 364 1539 418 DE
1580 362 1808 419 RECTA
1850 364 2005 419 FIDE
2043 362 2303 421 ORATIO
2340 362 2640 419 ALTERA.

3292 363 3437 423 1374

186 478 279 531 καὶ
323 479 390 533 δι’
425 474 484 534 οὗ
515 480 584 534 τὰ
614 482 788 535 πάντα
811 521 826 546 ,
858 479 1085 543 πολλοὺς
1117 481 1265 543 υἱοὺς
1311 481 1390 543 είς
1432 479 1591 543 δόξαν
1623 481 1757 547 ἀγα·
1785 534 1786 539 η

1871 479 1970 543 nia,
2014 488 2065 534 et
2101 495 2197 548 per
2224 495 2383 549 quem
2431 480 2634 543 omnia,
2685 476 2774 547 qui
2810 476 3007 533 multos
3055 475 3194 532 filios
3222 477 3274 531 in
3319 477 3433 548 glo-

187 570 349 635 γόντα
377 572 423 634 ί,
449 571 541 623 τὸν
576 570 816 642 ἀρχηγὸν
848 571 949 640 τῆς
980 570 1253 640 σωτηρίας
1298 570 1478 623 αὐτῶν
1526 570 1613 623 διὰ
1652 588 1755 623 πα-

190 660 449 728 θημάτων
476 661 780 715 τελειῶσαι.
812 663 879 715 Ὅ
899 679 956 714 τε
988 662 1093 733 γὰρ
1125 662 1366 729 ἁγιάζων
1396 664 1491 715 καὶ
1521 663 1569 715 οἱ
1598 662 1753 729 ἀγιαμ

187 750 424 821 ζόμενοι,
457 751 517 816 ἐξ
544 752 662 816 ἐνὸς
691 752 889 815 πάντες
910 769 923 781 ·
957 753 1023 805 δι’
1057 754 1122 822 ἣν
1152 752 1330 805 αἰτίαν
1359 754 1458 807 οὐκ
1493 751 1754 821 ἐπαισχύ-

189 859 330 895 νεται
376 843 639 911 ἀδελφοὺς
687 845 880 907 αὐτοὺς
926 845 1138 906 καλεῖν,
1188 844 1382 911 λέγων·
1435 842 1755 911 Ἀπαγγελῶ

189 934 244 985 τὸ
273 934 445 1004 ὅνομά
477 953 570 987 σου
601 938 711 998 τοῖς
739 936 985 1003 ἀδελφοῖς
1017 952 1114 1005 μου
1149 976 1162 997 ,
1195 938 1251 987 ὲν
1279 937 1429 1005 μέσῳ
1461 936 1756 1005 ἐκκλησίας

189 1024 415 1092 ὑμνήσω
462 1041 542 1077 σε.
584 1043 602 1076 ι
650 1026 863 1078 Οίονται
910 1027 1050 1094 τάχα
1080 1041 1180 1077 που
1225 1026 1333 1079 τῶν
1369 1025 1755 1095 ἀμαθεστέρων

188 1112 360 1175 τινες,
405 1114 500 1166 καὶ
539 1112 765 1183 διαιρεῖν
798 1112 1065 1165 εἰωθότων
1109 1114 1187 1175 είς
1225 1112 1317 1164 δύο
1356 1113 1628 1183 Χριστοὺς
1661 1112 1755 1163 καὶ

191 1203 265 1262 είς
286 1200 378 1253 δύο
411 1203 561 1275 υἱοὺς
595 1202 685 1254 τὸν
719 1201 814 1254 ’ένα
849 1201 1049 1272 Κύριον
1111 1199 1317 1269 Ἰησοῦν
1363 1199 1597 1270 Χριστὸν
1622 1238 1635 1261 ,
1666 1216 1756 1250 τε-

189 1292 473 1362 λειωθῆναι
504 1292 757 1359 λέγεσθαι
789 1292 876 1345 διὰ
905 1292 1243 1361 παθημάτων
1276 1291 1368 1343 τὸν
1414 1292 1477 1343 ὲκ
1502 1290 1757 1358 γυναικὸς

188 1383 470 1451 ἄνθρωπον
501 1382 604 1452 ἰδία
628 1382 935 1452 νοούμενον,
972 1386 1062 1434 καὶ
1090 1382 1211 1451 δίχα
1244 1380 1337 1434 τοῦ
1368 1382 1431 1434 ὲκ
1460 1380 1595 1433 Θεοῦ
1640 1381 1753 1433 Πα-

187 1472 308 1539 τρδς
338 1472 495 1533 ὄντος
527 1472 700 1539 Λόγου
729 1514 742 1538 ,
766 1473 861 1524 καὶ
888 1471 1048 1524 αὑτὸν
1076 1470 1330 1540 λέγεσθαι
1360 1472 1457 1541 τῆς
1486 1471 1756 1540 σωτηρίας

188 1562 340 1630 ήμῶν
364 1561 455 1612 τὸν
487 1562 746 1632 ἀρχηγόν.
790 1562 1178 1616 Τετελειῶσθαι
1213 1563 1268 1615 δὲ
1296 1565 1422 1633 παρ’
1470 1562 1633 1616 αὐτοῦ
1664 1562 1756 1615 τοῦ

188 1650 318 1702 Θεοῦ
346 1652 524 1719 Λόγου
558 1653 779 1706 δοθέντα
812 1655 945 1725 πρὸς
984 1655 1044 1707 τὸ
1070 1654 1238 1715 πάθος
1271 1652 1284 1702 i
1341 1653 1415 1715 ὼς
1450 1653 1631 1724 ἕτερον
1665 1652 1759 1705 ίδι-

191 1743 316 1805 κῶς.
360 1745 597 1813 Πρέπειν
636 1745 744 1817 γὰρ
783 1746 931 1817 αὐτῷ
957 1748 1018 1818 δὴ
1053 1746 1288 1816 μάλιστά
1331 1763 1461 1814 φασι
1498 1746 1576 1815 τῷ
1609 1746 1675 1799 δι’
1702 1745 1761 1799 ὃν

1859 571 1996 625 riam
2041 571 2362 637 adduxerat,
2403 581 2676 624 auctorem
2718 569 2910 624 salutis
2945 583 3131 623 eorum
3177 583 3275 639 per
3300 584 3431 637 pas-

1858 663 2038 716 siones
2076 676 2475 717 consummare.
2524 661 2626 728 Qui
2677 662 2819 715 enim
2867 660 3193 727 sanctiﬁcat,
3244 669 3300 715 et
3338 658 3429 729 qui

1857 752 2288 818 Sanctiﬁcantur,
2333 766 2399 805 ex
2437 767 2545 806 uno
2589 766 2797 806 omnes.
2829 750 3056 819 Propter
3094 766 3254 820 quam
3296 767 3427 805 cau-

1856 856 1972 895 sam
2026 858 2133 896 non
2186 841 2531 896 confunditur
2567 842 2762 895 fratres
2809 855 2903 895 eos
2950 856 3165 907 vocare,
3197 841 3427 897 dicetis:

1857 934 2208 988 Annuntiaho
2241 948 2435 987 nomen
2483 942 2629 986 tuum
2671 932 2927 987 fratribus
2968 933 3121 997 meis,
3167 932 3219 986 in
3250 932 3429 986 medio

1856 1020 2099 1074 ecclesiae
2128 1020 2421 1074 laudabote
2444 1020 2510 1073 ".
2545 1038 2563 1071 ι
2600 1020 2887 1083 Rudiores,
2916 1021 3007 1089 qui
3027 1017 3309 1073 Dominum
3333 1036 3428 1073 no-

1856 1119 2024 1164 strum
2047 1109 2231 1165 Jesum
2268 1110 2543 1166 Christum
2573 1110 2709 1165 duos
2742 1110 2986 1165 Christos
3019 1112 3348 1180 totidemque
3371 1111 3428 1164 il-

1856 1201 1955 1255 lios
1972 1216 2071 1256 suo
2084 1217 2231 1255 more
2250 1202 2515 1268 dividunt,
2532 1204 2871 1257 arbitrantur
2887 1202 3134 1257 fortassis
3155 1205 3426 1257 hominem

1857 1310 1921 1348 ex
1942 1294 2166 1347 muliere
2191 1304 2398 1359 natum,
2430 1308 2671 1348 seorsum
2692 1309 2787 1362 per
2808 1309 2887 1358 se,
2913 1296 3013 1348 hoc
3033 1302 3135 1357 est,
3159 1310 3187 1347 a
3206 1293 3299 1349 Dei
3323 1293 3427 1347 Pa-

1859 1386 1957 1439 tris
1990 1384 2167 1439 Verbo
2196 1387 2520 1452 sejunctum,
2556 1383 2710 1453 151
2740 1399 2834 1453 per
2864 1386 3143 1453 passiones
3174 1384 3262 1439 hic
3293 1399 3428 1439 con-

1857 1485 2179 1529 summatum
2226 1475 2530 1543 praedicari,
2584 1475 2943 1541 eumdemque
2992 1474 3182 1527 salutis
3228 1481 3428 1526 nostra:

1859 1574 2132 1617 auctorem
2163 1564 2264 1618 hoc
2290 1564 2408 1617 loco
2430 1562 2687 1631 appellari
2712 1579 2726 1627 ;
2754 1572 3190 1617 consummatum
3218 1570 3429 1628 autem,

1859 1663 1914 1707 et
1948 1654 2189 1721 passioni
2219 1653 2381 1708 veluti
2418 1654 2647 1707 alterum
2681 1654 2987 1723 quempiam
3022 1670 3053 1706 a
3094 1669 3171 1719 se,
3206 1654 3271 1706 ab
3310 1653 3427 1723 ipso

1861 1744 2035 1801 Verbo
2064 1746 2330 1813 objectum
2354 1760 2494 1804 esse.
2515 1744 2646 1798 Nam
2673 1746 2822 1811 illud,
2862 1763 2879 1795 ι
2923 1754 3143 1813 propter
3182 1758 3340 1811 quem
3374 1753 3428 1796 et

190 1836 251 1885 τὰ
286 1835 464 1887 πάντα
498 1838 591 1889 καὶ
619 1838 684 1889 δι’
716 1832 775 1890 οὗ
804 1839 870 1891 τά
903 1838 1099 1902 πάντα,
1135 1837 1223 1890 διά
1248 1855 1329 1889 τοι
1360 1837 1420 1890 τὸ
1452 1838 1617 1905 φάναι
1666 1837 1757 1890 τὸν

1871 1852 1955 1904 per
1998 1850 2155 1905 quem
2192 1836 2394 1899 omnia,
2427 1853 2446 1885 ι
2498 1835 2785 1904 propriein
2814 1834 2941 1887 illud
2968 1833 3277 1900 convenire,
3321 1832 3426 1885 hoc

192 1924 460 1993 μακάριον
500 1926 912 1998 εὐαγγελιστήν·
947 1947 964 1978 ι
996 1928 1178 1981 Πάντα
1213 1927 1281 1980 δι’
1310 1928 1473 1980 αὐτοῦ
1504 1930 1751 1995 ἐγένετο,

192 2014 279 2065 καὶ
331 2017 500 2085 χωρὶς
545 2017 713 2070 αὐτοῦ
755 2021 967 2087 ἐγένετο
994 2019 1113 2071 οὐδὲ
1144 2018 1223 2074 ἓν.
1263 2038 1279 2070 ι
1328 2048 1397 2059 --
1449 2039 1467 2070 ι
1508 2021 1756 2089 Ἐπρεπε

191 2104 388 2168 τοίνυν,
416 2106 588 2175 φασὶ,
626 2107 702 2178 τῷ
749 2110 927 2180 Λόγῳ,
961 2110 1026 2163 δι’
1055 2109 1113 2162 ὃν
1144 2108 1212 2163 τὰ
1259 2110 1437 2164 πάντα
1471 2110 1566 2163 κοιλ⁹
1600 2111 1667 2161 δι’
1699 2102 1759 2163 οῦ

192 2198 253 2249 τὰ
302 2198 518 2263 πάντα,
548 2201 776 2265 πολλοὺς
822 2205 969 2267 υἱοὺς
1000 2204 1078 2267 είς
1127 2202 1282 2267 δόξαν
1332 2203 1625 2271 ἀγαγόντι,
1672 2202 1761 2255 τὸν

198 2290 435 2358 ἀρχηγὸν
462 2290 563 2361 τῆς
594 2294 864 2365 σωτηρίας
893 2294 1091 2360 αὐτῶν,
1122 2315 1140 2345 ι
1176 2294 1449 2347 τουτέστιν
1475 2294 1762 2363 ἄνθρωπον

200 2380 406 2443 ἁπλῶς,
431 2382 521 2435 τὸν
550 2383 635 2438 διὰ
663 2384 763 2453 τῆς
789 2386 947 2453 ἁγίας
980 2384 1276 2455 Παρθένου,
1308 2402 1325 2433 ›
1359 2383 1645 2436 τελειῶσαι
1675 2383 1763 2436 διὰ

198 2470 555 2539 παθημάτων.
618 2491 636 2524 ι
715 2475 835 2527 Ὀτι
879 2464 941 2526 δέ
988 2476 1134 2526 ἐστιν
1176 2470 1572 2542 ὲμῦροντησίας
1630 2473 1762 2525 ἀνά-

196 2560 371 2625 πλεως
423 2563 451 2614 ὁ
484 2562 641 2632 λόγος
690 2564 871 2628 αὐτοῖς
894 2604 911 2632 ,
966 2561 1041 2626 ὡς
1081 2563 1161 2616 ἔνι
1192 2563 1291 2616 καὶ
1322 2562 1417 2615 νῦν
1448 2560 1765 2627 καταδεῖξαι.

197 2654 550 2721 πειράσομαι.

262 2830 340 2883 A’.
386 2829 609 2901 Πρῶτον
646 2830 745 2901 μὲν
794 2840 903 2901 γαρ
950 2831 1049 2895 τὸ,
1081 2831 1153 2882 δι’
1201 2826 1293 2894 οὗ,
1333 2832 1426 2884 καὶ
1472 2832 1557 2884 ἐπ’
1599 2829 1763 2883 αὑτοῦ

196 2920 428 2976 τέθειταί
464 2923 557 2976 τοῦ
593 2923 825 2993 Πατρός.
862 2923 970 2976 Καὶ
999 2921 1128 2991 γοῦν
1166 2924 1194 2974 ὁ
1231 2922 1498 2993 μακάριος
1530 2922 1763 2988 Παῦλος,

203 3032 219 3064 ι
253 3015 473 3079 Πιστὸς,
510 3016 694 3085 φησὶν,
735 3016 762 3067 ό
792 3015 956 3077 Θεὸς,
980 3015 1045 3067 δι’
1082 3009 1142 3068 οὗ
1173 3013 1437 3085 ἐκλήθητε
1470 3014 1548 3077 εἰς
1574 3031 1767 3068 κοινω-

198 3107 311 3158 νίαν
336 3105 431 3159 τοῦ
465 3106 595 3159 Υἰοῦ
639 3106 826 3161 αὑτοῦ.
866 3125 885 3157 ›
924 3107 1036 3160 Καὶ
1070 3107 1230 3162 πάλιν
1257 3109 1369 3169 τοῖς
1416 3106 1503 3159 διὰ
1534 3106 1769 3169 πίστεως

198 3198 274 3258 εἰς
330 3185 611 3268 ἐλεύθερον
634 3198 850 3267 ἀξίωμα
901 3197 1291 3268 κεκλημένοις,
1333 3217 1349 3248 ι
1385 3198 1547 3268 Ἀρα,
1581 3196 1765 3267 φησὶν,
1795 3188 1838 3247 C

199 3289 377 3345 οὐκέτι
414 3285 465 3341 εἴ
493 3288 674 3351 δοῦλος
700 3327 715 3352 ,
750 3290 885 3342 ἀλλὰ
916 3290 1026 3351 υἱός
1050 3306 1063 3319 ·
1094 3291 1143 3341 εί
1176 3290 1230 3342 δὲ
1264 3290 1376 3352 υίὸς
1403 3330 1416 3352 ,
1447 3292 1538 3342 καὶ
1568 3290 1769 3359 κληρο-

199 3380 359 3449 νόμος
405 3379 493 3432 διὰ
541 3379 696 3432 Θεοῦ.
739 3399 756 3431 ι
808 3380 1231 3451 Ἀδιαφορούσης
1277 3381 1457 3433 τοίνυν
1504 3382 1601 3451 τῆς
1650 3380 1770 3432 θεο-

202 3472 466 3525 πνεύστου
496 3471 718 3542 Γραφῆς
757 3471 885 3542 περὶ
923 3472 1021 3541 τὴν
1048 3471 1147 3542 τῆς
1197 3470 1395 3537 λέξεως
1437 3472 1767 3543 ὲκφώνησιν,

199 3563 494 3635 δεχομένης
537 3562 594 3616 δὲ
634 3563 805 3634 αὐτὴν
835 3564 930 3615 καὶ
963 3564 1057 3615 ἐπὶ
1100 3562 1195 3614 τοῦ
1228 3562 1443 3632 Πατρδς
1464 3602 1477 3624 ,
1508 3563 1660 3614 οὐδὲν
1691 3562 1769 3614 ἔτι

199 3655 255 3709 τὺ
284 3653 557 3708 συνωθοῦν
581 3656 728 3724 ἡμᾶς
759 3655 837 3716 είς
869 3652 929 3705 τὸ
958 3653 1049 3705 τοῦ
1076 3651 1206 3705 Υίοῦ
1229 3652 1579 3722 περιτρέπειν
1601 3652 1770 3720 πρόσ-

200 3765 343 3800 ωπον
390 3746 466 3809 ὡς
498 3747 556 3813 ἐξ
586 3746 829 3818 ἀνάγκης
860 3744 920 3797 τὸ
944 3784 959 3808 ,
1007 3743 1081 3797 δῖ
1118 3737 1214 3799 οὗ.
1259 3742 1478 3813 Ἐπειδὴ
1528 3741 1586 3795 δὲ
1615 3742 1772 3795 τοῦτὸ

202 3841 346 3891 ἐστιν
382 3838 580 3907 ἀληθὲς
601 3878 614 3900 ,
646 3838 700 3889 τί
726 3838 753 3876 ιί
798 3837 871 3907 μὴ
905 3835 1103 3907 μᾶλλον
1132 3833 1361 3904 ἀφέντες
1393 3833 1472 3894 είς
1510 3831 1569 3884 τὸ
1602 3832 1773 3902 παρὸν

203 3929 259 3981 τὸ
285 3927 453 3981 αὑτοῦ
476 3929 789 3998 πρόσωπον,
813 3920 930 3977 εἶτα
951 3924 1029 3993 τῷ
1056 3922 1242 3993 σκοπῷ
1269 3922 1377 3976 τῶν
1400 3921 1561 3993 ἱερῶν
1593 3920 1776 3992 Γραμ-

208 4020 392 4088 μάτων
425 4018 710 4088 ἑπόμενοι,
735 4018 801 4085 τῇ
833 4015 969 4084 μετὰ
998 4015 1202 4083 σαρκὸς
1231 4014 1511 4083 οἰκονομίᾳ
1547 4012 1638 4065 τοῦ
1668 4014 1777 4065 Μο-

204 4110 457 4180 νογενοῦς
499 4111 590 4163 τὸν
636 4110 773 4178 αὐτῇ
826 4106 1102 4177 πρέποντα
1145 4106 1434 4177 τηροῦντες
1464 4106 1639 4172 λόγον,
1687 4104 1778 4158 τὸν

206 4204 425 4273 Πατέρα
472 4202 647 4270 φαμὲν
694 4198 977 4252 τελειῶσαι
1006 4198 1094 4250 διὰ
1138 4197 1475 4267 παθημάτων
1508 4196 1778 4267 ὲνανθρωο

206 4296 457 4364 πήσαντα
488 4295 579 4347 τὸν
615 4292 777 4359 Υίόν;
808 4312 826 4342 ι
862 4290 1152 4361 ’Υπέμεινε
1174 4290 1280 4361 γὰρ
1313 4293 1566 4358 σταυρὸν,
1589 4287 1779 4360 αἰσχύ-

205 4404 300 4455 νης
346 4386 803 4455 καταφρονήσας,
856 4402 875 4435 ι
922 4384 979 4435 ὲν
1021 4382 1239 4453 εὐδοκία
1281 4399 1382 4434 που
1428 4382 1644 4443 πάντως
1684 4379 1777 4432 τοῦ

1866 1926 2139 1997 (inquiunt
2167 1925 2263 1995 illi)
2297 1941 2363 1980 ex
2394 1926 2555 1981 beato
2586 1927 2918 1996 evangelista
2947 1925 3225 1979 evidenter
3252 1924 3427 1992 colligi

1864 2027 2057 2089 potest.
2090 2018 2177 2070 Ait
2201 2019 2344 2072 enim
2375 2036 2388 2071 :
2428 2038 2446 2070 ι
2478 2018 2668 2073 Omnia
2700 2034 2794 2086 per
2828 2020 3002 2087 ipsum
3034 2017 3171 2071 facta
3201 2025 3348 2079 sunt,
3375 2022 3431 2069 et

1864 2112 1979 2166 sine
2013 2111 2130 2178 ipso
2166 2109 2364 2165 factum
2404 2120 2487 2164 est
2525 2111 2656 2165 nihil
2682 2111 2747 2163 ⁸⁸.
2780 2130 2798 2163 ›
2839 2139 2908 2151 ——
2943 2129 2961 2162 ι
2994 2110 3226 2164 Decebat
3270 2109 3432 2178 igitur

1864 2204 2028 2273 (sicut
2060 2213 2309 2256 asserunt
2352 2202 2450 2269 illi)
2503 2214 2559 2256 ut
2592 2203 2683 2256 Dei
2716 2200 2977 2266 Verbum,
3015 2216 3111 2268 per
3140 2200 3278 2271 quod
3314 2212 3434 2252 om-

1866 2296 1975 2357 nia,
2010 2304 2064 2348 et
2094 2304 2313 2363 propter
2347 2293 2487 2361 quod
2530 2294 2731 2356 omnia,
2776 2292 2917 2361 quod
2967 2291 3164 2346 multos
3210 2290 3345 2342 ﬁlios
3378 2289 3429 2341 in

1865 2384 2031 2454 gloria
2057 2386 2371 2448 adduxerat,
2407 2383 2596 2437 salutis
2632 2383 2843 2436 illorum
2876 2391 3151 2437 auctorem
3184 2381 3307 2451 (hoc
3326 2388 3433 2443 est,

1865 2474 2138 2529 hominem
2168 2488 2359 2542 purum
2390 2489 2455 2528 ex
2494 2489 2646 2528 sacra
2683 2472 2899 2542 Virgine
2933 2472 3154 2543 ortum),
3187 2486 3284 2540 per
3312 2486 3437 2539 pas-

1867 2566 2046 2621 siones
2063 2566 2357 2634 perfectum
2379 2574 2921 2632 consummatumque
2944 2564 3212 2617 redderet.
3236 2581 3255 2613 ι
3283 2560 3435 2627 Quod

1867 2668 2048 2711 autem
2093 2659 2178 2710 hic
2224 2672 2410 2710 eorum
2458 2672 2636 2711 sermo
2684 2656 2922 2710 amentia
2964 2664 3191 2720 scateat,
3236 2662 3438 2723 quanta

1873 2748 1987 2801 ﬁeri
2035 2748 2230 2815 poterit
2261 2749 2644 2819 perspicuitate
2674 2762 2817 2801 nunc
2850 2747 3138 2801 ostendere
3178 2746 3435 2800 conabor.

1938 2838 2105 2891 XXX.
2147 2837 2203 2889 lu
2252 2838 2442 2906 primis
2476 2839 2658 2908 itaque
2691 2837 2843 2900 illud,
2876 2852 2970 2907 per
3004 2852 3177 2907 quem,
3217 2836 3285 2890 de
3321 2836 3441 2904 ipso

1869 2944 2084 2999 quoque
2137 2927 2301 2982 Patre
2352 2929 2689 2981 enuntiatum
2750 2930 3023 2983 interdum
3085 2928 3436 2997 comperitur.

1876 3040 1893 3073 ι
1925 3020 2124 3075 Fidelis
2147 3019 2287 3073 Deus
2323 3019 2533 3087 (scribit
2561 3019 3009 3090 beatus_Paulus),
3033 3033 3129 3089 per
3154 3034 3312 3088 quem
3346 3032 3444 3072 vo-

1872 3113 1977 3170 cati
2014 3114 2145 3167 estis
2177 3111 2231 3165 in
2261 3110 2574 3167 societatem
2614 3110 2736 3165 Filii
2769 3112 2885 3181 ejus
2904 3112 2970 3165 “.
3002 3130 3021 3163 ι
3054 3112 3135 3165 Ad
3179 3111 3299 3164 illos
3323 3124 3444 3163 rur-

1872 3226 2011 3274 sum,
2039 3212 2128 3279 qui
2162 3222 2255 3277 per
2287 3204 2447 3260 ﬁdem
2470 3204 2539 3258 ad
2574 3203 2848 3258 libertatis
2878 3202 3198 3274 dignitatem
3233 3199 3443 3256 evocati

1870 3303 2118 3366 fuerant,
2167 3301 2240 3354 ita
2275 3300 2351 3351 ait
2382 3317 2396 3354 :
2432 3316 2451 3350 (
2482 3295 2667 3365 Itaque
2693 3296 2804 3364 jam
2847 3310 2951 3349 non
2997 3310 3057 3350 es
3094 3308 3306 3357 servus,
3350 3293 3446 3347 sed

1874 3397 2014 3451 [ilius
2041 3414 2056 3452 ε
2088 3396 2228 3464 quod
2268 3394 2312 3449 si
2346 3393 2503 3455 illius,
2542 3400 2596 3445 et
2626 3392 2800 3444 haeres
2830 3402 2924 3458 per
2958 3388 3124 3441 Deum
3145 3387 3215 3440 '°.
3253 3404 3271 3437 ›
3308 3382 3444 3438 Cum

1876 3502 2004 3557 ergo
2064 3485 2245 3539 divina
2301 3482 2579 3551 Scriptura
2635 3480 2942 3551 promiscue
3000 3479 3143 3533 hanc
3202 3476 3444 3546 phrasim

1881 3583 2123 3645 usurpet,
2158 3582 2318 3641 atque
2362 3571 2511 3639 illud,
2540 3588 2633 3641 per
2660 3586 2831 3640 quem,
2863 3566 3067 3623 tribuat
3097 3567 3201 3639 ipsi
3230 3581 3445 3637 quoque

1879 3663 2061 3729 Patri;
2118 3662 2249 3716 nihil
2294 3672 2377 3716 est
2423 3663 2568 3730 quod
2616 3660 2738 3714 Filii
2785 3668 2989 3714 tantum
3026 3673 3269 3729 personas
3317 3657 3446 3712 illud

1877 3770 1975 3810 nos
2004 3754 2251 3809 admetiri
2280 3753 2586 3808 necessario
2613 3752 2923 3821 compellat.
2959 3750 3094 3805 Cum
3129 3752 3311 3819 itaque
3334 3749 3449 3803 bzec

1876 3846 1949 3901 ita
1987 3860 2047 3899 se
2100 3844 2352 3910 habeant,
2403 3859 2503 3899 cur
2554 3842 2732 3913 potius
2773 3842 2994 3896 minime
3042 3842 3147 3896 hoc
3196 3842 3262 3895 de
3309 3837 3447 3894 Filio

1878 3934 2265 4004 intelligentes,
2305 3933 2399 3989 sed
2447 3933 2851 4002 Scripturarum
2888 3931 3199 3985 auctoritati
3254 3930 3447 3992 innixi,

1878 4040 2288 4096 sermonemque
2341 4024 2609 4080 iucarnati
2670 4023 2939 4094 Unigeniti
3000 4021 3259 4093 mysterio
3321 4036 3451 4075 con-

1879 4129 2157 4188 gruentem
2192 4119 2432 4173 studiose
2466 4116 2791 4181 consectati,
2831 4129 2934 4168 non
2970 4115 3198 4169 dicimus
3234 4113 3449 4166 Patrem

1879 4210 2071 4265 Filium
2121 4209 2397 4263 hominem
2454 4207 2655 4261 factum
2718 4221 2815 4275 per
2870 4207 3147 4274 passiones
3200 4219 3454 4258 consum-

1884 4299 2098 4355 masse?
2137 4298 2572 4368 quandoquidem
2625 4296 2691 4363 is,
2741 4296 2851 4350 Deo
2896 4296 3055 4350 Patre
3100 4297 3179 4349 sic
3216 4294 3451 4359 volente,

1888 4410 1907 4442 ι
1941 4390 2236 4459 Ignominia
2277 4396 2606 4458 contempta,
2650 4402 2867 4442 crucem
2910 4387 3167 4441 sustinuit
3186 4387 3251 4449 “,
3286 4404 3305 4438 ι
3342 4401 3453 4457 quo

207 4478 339 4532 Θεοῦ
387 4479 483 4531 καὶ
515 4476 742 4548 Πατρός
784 4475 868 4528 ἵνα
912 4476 1005 4527 καὶ
1034 4475 1179 4545 ἡμᾶς
1222 4475 1335 4536 τοῖς
1365 4474 1566 4542 ἴχνεσιν
1612 4470 1778 4523 αὐτοῦ

1884 4492 1939 4536 et
1980 4496 2078 4536 nos
2105 4493 2318 4549 quoque
2356 4478 2602 4549 vestigils
2649 4477 2791 4532 illius
2825 4478 3169 4541 iuluereutes,
3201 4488 3456 4531 strenuos

209 4568 628 4624 κατακολουθεῖν
664 4568 1001 4637 ᾑρημένους,
1031 4566 1312 4627 νεανικοὺς
1336 4564 1589 4633 ἀποφήνῃ
1610 4603 1623 4627 ,
1657 4580 1776 4614 πει-

209 4665 472 4735 θομὲνους
502 4661 717 4728 λέγοντι
744 4677 759 4693 ’
798 4681 814 4711 ι
850 4662 942 4729 Μὴ
968 4659 1219 4728 φοὸεἶσθε
1247 4658 1354 4712 ἀπὸ
1386 4657 1495 4710 τῶν
1525 4657 1779 4709 ἀποκτει-

208 4760 407 4812 νόντων
442 4752 595 4825 ὑμῶν
622 4754 683 4805 τὸ
716 4753 875 4821 σῶμα
896 4790 910 4814 ,
939 4751 1036 4819 τὴν
1069 4751 1124 4802 δὲ
1154 4750 1330 4819 ψυχὴν
1364 4749 1437 4818 μὴ
1467 4747 1782 4817 δυναμένων

212 4852 549 4905 ἀποκτεῖναι.
589 4866 607 4898 ›
664 4844 883 4913 Ἐπειδὴ
921 4843 1028 4911 γὰρ
1073 4841 1295 4911 ἔμελλον
1339 4841 1517 4909 θλίψιν
1548 4841 1691 4908 ἔχειν
1726 4843 1782 4889 ὲν

211 4942 286 5010 τῷ
313 4942 504 5011 κόσμῳ
524 4978 540 5003 ,
571 4936 668 4993 καὶ
694 4932 983 4989 διώκεσθαι
1011 4933 1138 5001 παρ’
1170 4930 1400 4999 ἐχθρῶν,
1430 4930 1524 4981 καὶ
1550 4930 1655 4981 τῶν
1684 4928 1781 4997 τῆς

215 5032 473 5102 ἀληθείας
504 5030 790 5101 δογμάτων
836 5023 1177 5097 ὑπεραθλεῖν,
1225 5020 1406 5092 ἱδρῶτί
1448 5039 1507 5074 τε
1554 5022 1647 5075 καὶ
1684 5022 1783 5073 πό-

216 5140 324 5185 νοις
355 5121 655 5192 κατορθοῦν
694 5118 753 5175 εὖ
790 5118 933 5190 μαλα
966 5118 1063 5188 τὴν
1092 5112 1291 5183 ἀρετὴν
1319 5114 1418 5164 οὐκ
1452 5113 1516 5181 ἐᾷ
1554 5111 1785 5182 θρύπτε-

221 5212 338 5265 σθαι
372 5212 502 5282 πρὸς
537 5212 737 5275 δειλίας
760 5252 775 5275 ,
820 5209 1108 5280 ἀποφαίνει
1141 5206 1196 5260 δὲ
1229 5203 1426 5277 μᾶλλον
1454 5202 1780 5273 εὐτολμοτά-

224 5320 363 5366 τους,
400 5302 598 5365 ὲλάτας
640 5303 801 5365 αὐτὸς
841 5303 930 5355 διὰ
975 5301 1330 5372 παθημάτων,
1379 5296 1464 5350 ἵνα
1511 5297 1605 5349 καὶ
1637 5297 1785 5366 ἡμᾶς

260 5455 300 5486 ⁵⁷
340 5453 501 5509 llebr.
540 5469 603 5518 ll,
646 5445 830 5510 ιοοιιὶ.
907 5455 952 5488 ⁸⁸
984 5453 1136 5508 Joau.
1177 5467 1215 5518 ι,
1256 5449 1307 5503 5.
1384 5447 1467 5501 “l
1498 5447 1624 5502 Cor.
1658 5464 1695 5515 ι,
1724 5450 1778 5507 9.

1871 5449 1901 5481 ⁵⁰
1938 5447 2113 5503 Gulul.
2157 5464 2229 5513 Iv,
2260 5446 2317 5501 7.

1884 4571 2136 4636 emceret,
2175 4569 2503 4625 conﬁdentes
2542 4570 2594 4623 iu
2645 4569 2737 4623 illo
2773 4571 2862 4638 qui
2908 4570 3081 4623 dicit:
3117 4588 3135 4621 ι
3166 4568 3343 4624 Nolite
3387 4568 3455 4622 ti-

1888 4677 2035 4717 mere
2075 4676 2167 4715 eos
2197 4662 2287 4730 qui
2319 4663 2574 4715 occidunt
2614 4676 2830 4727 corpus,
2861 4661 3092 4713 animam
3130 4669 3307 4714 autem
3348 4676 3455 4715 non

1887 4764 2112 4824 possunt
2169 4754 2417 4807 occidere
2438 4754 2506 4805 ".
2544 4770 2563 4801 ι
2628 4750 2760 4805 Nam
2810 4752 2953 4822 quod
3005 4750 3349 4807 aﬂlictionem
3403 4751 3455 4804 in

1892 4844 2110 4905 mundo,
2154 4843 2695 4914 persecutionemque
2742 4846 2810 4900 ab
2859 4846 3102 4900 hostibus
3148 4842 3454 4913 perpessuri

1889 4940 2095 4997 essent,
2136 4940 2189 4983 ct
2233 4932 2418 5001 gravia
2456 4948 2553 5001 pro
2592 4932 2837 4986 veritatis
2872 4932 3118 5001 dogmate
3160 4926 3455 4981 certamina

1888 5022 2140 5087 subituri,
2186 5032 2240 5076 et
2282 5024 2496 5078 virtutis
2538 5023 2769 5092 denique
2817 5022 3046 5074 stadium
3103 5034 3209 5072 non
3254 5018 3468 5089 absque

1890 5128 2082 5183 magno
2133 5115 2328 5169 sudore
2366 5125 2419 5170 et
2470 5114 2730 5169 molestiis
2776 5112 3087 5177 decursuri,
3144 5111 3318 5166 noluit
3366 5125 3460 5165 eos

1892 5215 2036 5259 metu
2086 5206 2279 5275 frangi,
2330 5208 2421 5261 sed
2464 5221 2557 5273 per
2607 5219 2669 5257 ea
2704 5218 2824 5272 qua:
2869 5202 2985 5272 ipse
3022 5218 3310 5274 perpessus
3348 5211 3452 5267 est,

1893 5298 2121 5353 animari
2152 5317 2165 5352 :
2196 5308 2251 5351 ut
2292 5314 2415 5351 vero
2453 5312 2548 5350 uos
2575 5295 2736 5348 ctiam
2780 5310 2841 5349 ea
2878 5297 3177 5351 detrectare
3216 5308 3323 5347 non
3358 5306 3458 5346 au-

2406 5448 2451 5478 "
2487 5446 2649 5502 llebr.
2692 5463 2791 5515 xu,
2824 5450 2880 5503 2.
2956 5449 3002 5482 ⁸²
3034 5446 3224 5502 Matth.
3267 5462 3323 5516 ι,
3356 5446 3452 5504 ‘28.

1314 5603 1483 5660 Variae
1510 5604 1768 5662 lectiones
1793 5605 1994 5664 codicis
2018 5601 2374 5674 Seguieriani.

264 5740 594 5815 ίάγαγόντι.
675 5742 687 5792 l
728 5741 939 5797 παθεῖν.
1018 5742 1043 5783 Ιί
1072 5741 1246 5800 τοῦτο.
