4092 6334
631 357 773 415 1575

1642 352 1699 407 S.
1738 351 2011 408 CYRILLI
2052 351 2519 408 ALEXANDRINI
2561 350 2880 408 ARCHIEP.

3750 356 3893 411 1376

635 472 906 536 deremus,
935 469 1173 524 ostendit
1205 469 1388 524 diceus
1422 485 1437 524 :
1477 488 1494 521 ι
1523 468 1635 524 Νοιι
1679 481 1760 524 est
1792 472 2087 541 discipulus
2116 488 2206 525 sue

2316 471 2672 543 ἐκδυσωπήσῃ
2699 510 2713 534 ,
2742 470 2941 539 λέγων’
2991 489 3008 521 ι
3044 468 3156 523 Οὐκ
3189 470 3303 523 ἔστι
3337 468 3585 540 μαθητὴς
3616 468 3755 540 ὑπὲρ
3796 474 3893 523 τὸν

634 577 731 634 per
763 563 1101 631 magistrum,
1136 576 1234 617 nec
1272 576 1461 617 servus
1495 577 1659 631 super
1688 564 1964 617 dominum
2008 580 2203 618 suum:

640 653 798 724 152
826 653 1027 709 suﬂicit
1058 654 1342 722 discipulo,
1380 662 1436 708 ut
1479 654 1549 708 sit
1591 657 1731 709 sicut
1779 657 2033 725 magister
2068 655 2204 724 ejus,

636 755 690 797 et
731 758 909 806 servo,
954 746 1095 800 sicut
1134 744 1380 799 dominus
1419 745 1536 813 ejus
1556 745 1623 798 ⁸³.
1657 764 1675 796 ι
1710 775 1780 784 -
1806 764 1825 797 ι
1858 743 1914 800 Si
1965 761 2049 800 me
2086 763 2208 817 per-

636 835 808 889 secuti
840 843 984 900 sunt,
1017 843 1071 889 et
1101 850 1193 889 vos
1222 846 1617 905 persequentur
1638 836 1705 892 ³⁶.
1735 857 1755 889 ι

708 922 902 977 XXXI.
944 923 1148 993 Scapus
1192 926 1376 994 itaque
1406 926 1684 995 unigenito
1719 924 1809 979 Dei
1854 925 1987 980 Filio
2015 942 2213 997 propo-

640 1014 779 1069 situs
817 1015 937 1080 fuit,
973 1017 1024 1069 in
1062 1031 1225 1071 carne
1263 1031 1357 1071 sua
1391 1032 1488 1086 pro
1531 1016 1688 1070 nobis
1722 1017 1851 1084 pati.
1889 1016 2051 1085 Cujus
2088 1019 2213 1088 qui—

640 1108 762 1159 dem
817 1107 1074 1176 propositi
1124 1123 1343 1163 causam
1392 1109 1606 1163 divinus
1659 1107 1857 1164 Paulus
1903 1110 1987 1165 his
2031 1112 2213 1166 verbis

641 1197 938 1265 explanat:
973 1215 992 1248 ι
1018 1197 1152 1264 Quia
1195 1196 1414 1269 (inquit)
1473 1198 1625 1267 pueri
1678 1199 2216 1255 communicaverunt

639 1288 790 1340 carui
843 1296 898 1341 et
944 1288 1216 1359 sanguini,
1270 1297 1324 1343 et
1388 1290 1504 1357 ipse
1568 1288 1816 1343 similiter
1872 1290 2217 1359 participavit

638 1378 844 1433 eisdem
875 1398 888 1433 :
919 1388 977 1433 ut
1001 1395 1095 1448 per
1120 1388 1348 1434 mortem
1376 1380 1677 1435 destrueret
1694 1394 1837 1446 eum,
1866 1380 1959 1450 qui
1984 1381 2216 1436 habebat

640 1471 834 1525 mortis
864 1471 1173 1541 imperium,
1207 1473 1257 1527 id
1292 1482 1375 1527 est
1404 1471 1678 1527 diabolum
1703 1489 1718 1539 ;
1747 1480 1799 1527 et
1828 1472 2088 1528 liberaret
2122 1487 2216 1528 eos

639 1561 732 1628 qui
775 1561 968 1617 timore
1001 1565 1190 1619 mortis
1240 1579 1337 1634 per
1376 1572 1541 1618 lotam
1584 1563 1747 1617 vitam
1790 1564 2009 1619 obnoxii
2058 1574 2215 1620 erant

640 1652 886 1706 servituti
911 1653 978 1708 ".
1015 1672 1033 1705 ι
1071 1652 1205 1707 Cum
1237 1668 1367 1721 ergo
1403 1655 1597 1709 mortis
1641 1656 1937 1711 destructio
1967 1657 2218 1709 humanae

640 1752 848 1797 natura:
877 1744 1189 1799 facultatem
1232 1756 1515 1814 superaret
1541 1747 1689 1817 (nam
1725 1762 1821 1817 per
1860 1759 2015 1803 vetus
2050 1748 2216 1803 male-

640 1832 843 1886 dictum
874 1834 926 1887 in
958 1848 1078 1888 eam
1116 1813 1345 1891 adducta
1383 1847 1501 1895 erat
1523 1813 1915 1905 calamitatem,
1948 1850 2004 1893 ut
2030 1856 2214 1895 neces-
2246 1813 2287 1868 Β

640 1925 788 1977 sario
827 1926 1017 1981 mortis
1063 1926 1290 1997 imperio
1334 1928 1566 1985 obnoxia
1611 1936 1929 2002 teneretur),
1976 1933 2216 2003 oportuit

640 2023 699 2067 ut
740 2015 1009 2072 vivificum
1058 2018 1153 2074 Dei
1196 2018 1435 2076 Verbum
1485 2031 1681 2078 natura
1725 2026 1881 2077 morti
1927 2024 2211 2090 obstricta,

643 2106 743 2161 hoc
772 2119 855 2163 est
886 2118 1068 2164 nostra
1112 2110 1372 2178 humana,
1420 2126 1541 2167 sese
1586 2113 1869 2181 indueret;
1916 2129 2023 2183 quo
2068 2129 2215 2169 mors

640 2197 878 2254 eﬂ‘erata:
916 2201 1195 2269 cujusdam
1241 2202 1434 2258 bellua:
1481 2205 1652 2259 instar
1686 2206 1959 2275 propriam
2002 2218 2217 2274 quoque

640 2290 783 2345 illius
837 2306 1053 2347 carnem
1106 2294 1325 2359 adorsa,
1377 2311 1407 2350 a
1468 2296 1754 2365 tyrannide
1801 2313 1959 2367 quam
2013 2297 2067 2351 in
2116 2311 2217 2350 nos

639 2384 951 2447 exercebat,
986 2384 1133 2439 velut
1171 2401 1199 2439 a
1244 2387 1350 2441 Deo
1376 2386 1488 2455 jam
1530 2388 1815 2451 debellata,
1856 2390 1905 2441 in
1941 2399 2215 2456 posterum

641 2471 947 2528 desisteret.
985 2472 1103 2543 Ipse
1134 2476 1318 2544 itaque
1346 2484 1451 2541 est,
1491 2478 1582 2544 qui
1626 2478 1842 2546 quidem
1871 2487 2093 2548 propter
2119 2493 2218 2533 nos

643 2563 939 2617 secundum
993 2580 1249 2627 carnem,
1302 2567 1405 2621 hoc
1461 2575 1545 2620 est
1588 2566 1877 2620 humanam
1934 2578 2214 2631 naturam,

642 2654 955 2722 perficitur;
1016 2656 1313 2711 secundum
1358 2657 1594 2711 divinam
1643 2671 1772 2712 vero
1818 2656 2078 2711 virtutem
2128 2660 2215 2731 (eo

643 2746 919 2813 nimirum,
969 2748 1111 2817 quod
1162 2748 1359 2804 mortis
1413 2748 1671 2817 impetum
1718 2748 2066 2819 perfregerit)
2117 2764 2217 2804 nos

642 2834 874 2904 perficit,
908 2849 1374 2908 consummatque.
1424 2839 1617 2893 Deerat
1643 2840 1786 2893 enim
1831 2839 2079 2893 humanae
2120 2853 2217 2892 na-

640 2938 773 2984 turae
804 2944 866 2984 ea
898 2930 1179 2998 integritas
1225 2940 1277 2986 et
1307 2930 1658 3000 incorruptio,
1687 2946 1848 3000 quam
1883 2932 1934 2985 in
1961 2942 2114 2985 ortus
2135 2932 2216 2985 sui

641 3020 940 3089 primordio
977 3021 1260 3076 obtinebat
1294 3039 1309 3077 :
1340 3040 1359 3073 ι
1392 3021 1533 3076 Deus
1566 3021 1709 3075 enim
1748 3032 1974 3076 mortem
2012 3037 2115 3075 non
2147 3021 2220 3076 fe-

2309 561 2646 625 διδάσκαλον,
2702 561 2823 614 οὐδὲ
2875 560 3058 624 δοῦλος
3103 560 3242 631 ὑπὲρ
3287 561 3381 614 τὸν
3429 560 3634 631 Κύριον
3685 559 3889 613 αὐτοῦ·

2310 652 2542 722 ἀρκετὸν
2578 652 2656 722 τῷ
2704 651 2917 722 μαθητῇ
2969 652 3055 705 ἵνα
3101 650 3327 721 γένηται
3375 652 3451 715 ὡς
3502 653 3551 704 6-
3573 651 3894 715 διδάσκαλος

2312 744 2495 804 αὑτοῦ,
2526 744 2618 797 καὶ
2656 743 2731 812 τῷ
2770 744 2960 813 δούλῳ,
3002 742 3077 806 ὡς
3119 745 3147 795 6
3193 743 3381 813 κύριος
3412 743 3598 797 αὑτοῦ.
3634 763 3652 794 ι
3678 743 3740 796 Ei
3785 743 3891 812 ἐμὲ

2312 833 2559 898 ἐδίωξαν,
2591 835 2686 887 καὶ
2718 834 2858 904 ὑμᾶς
2892 833 3160 898 διώξουσι.

2383 926 2507 978 ΛΑ’.
2551 924 2756 986 Σκοπὸς
2784 921 2874 977 οὖν
2906 924 3013 994 ἀρα
3039 922 3116 993 τῷ
3147 924 3442 989 Μονογενεῖ
3477 923 3689 992 γέγονε,
3724 924 3893 995 σαρκὶ

2314 1020 2381 1088 τῇ
2421 1017 2523 1087 ἰδίᾳ
2556 1017 2748 1069 παθεῖν
2799 1016 2938 1086 ὑπὲρ
2991 1016 3165 1086 ἡμῶν.
3209 1018 3319 1070 Καὶ
3362 1017 3492 1071 ποία
3536 1018 3620 1080 τίς
3666 1019 3814 1069 ἐστιν
3854 1020 3887 1087 ἡ

2313 1108 2466 1162 τοῦδε
2492 1108 2760 1179 πρόφασις
2785 1148 2799 1171 ,
2827 1108 3026 1173 διδάξει
3057 1108 3231 1175 λέγων
3256 1110 3284 1161 6
3317 1107 3596 1170 θεσπέσιος
3635 1108 3848 1171 Παῦλος
3873 1125 3886 1137 ·

2326 1219 2343 1253 ι
2392 1201 2609 1273 Ἐπειδὴ
2641 1201 2749 1273 γὰρ
2780 1200 2847 1254 τά
2878 1200 3066 1254 παιδία
3099 1199 3495 1271 κεκοινώνηκεν
3537 1201 3769 1270 αἵματος
3795 1202 3895 1253 καὶ

2319 1296 2541 1365 σαρκὸς,
2567 1295 2662 1347 καὶ
2687 1294 2851 1357 αὐτὸς
2874 1294 3271 1365 παραπλησίως
3301 1294 3530 1365 μετέσχε
3548 1292 3655 1345 τῶν
3685 1293 3891 1353 αὐτῶν,

2318 1385 2405 1438 ἵνα
2433 1385 2522 1438 διά
2551 1385 2643 1438 τοῦ
2668 1384 2900 1438 Θανάτου
2922 1388 3244 1457 καταργήσῃ
3272 1386 3361 1439 τὸν
3387 1385 3447 1438 τὸ
3473 1384 3669 1455 κράτος
3697 1383 3892 1453 ἔχοντα

2317 1476 2412 1530 τοῦ
2442 1476 2702 1541 Θανάτου,
2756 1477 3006 1530 τουτέστι
3045 1477 3136 1530 τὸν
3180 1475 3445 1529 διάϐολον·
3484 1477 3577 1529 καὶ
3606 1475 3890 1545 ἀπαλλάξῃ

2316 1568 2570 1632 τούτους,
2625 1571 2737 1623 ὅσοι
2784 1567 2934 1639 φόϐῳ
2991 1568 3220 1621 θανάτου
3263 1566 3351 1619 διὰ
3404 1566 3602 1630 παντὸς
3648 1566 3741 1618 τοῦ
3790 1564 3893 1636 ζῇν

2320 1660 2493 1731 ἔνοχοι
2520 1655 2661 1730 ἦσαν
2684 1658 2953 1721 δουλείας.
2989 1677 3007 1709 ι
3042 1656 3251 1711 Οὐκοῦν
3282 1656 3577 1727 ἐπειδήπερ
3601 1656 3895 1725 ἀνέφικτον

2319 1746 2386 1822 ἦν
2414 1754 2479 1823 τῇ
2508 1750 2797 1820 ἀνθρώπου
2830 1750 2990 1820 φύσει
3026 1750 3087 1802 τὸ
3113 1748 3458 1818 καταργῆσαι
3487 1747 3714 1801 Θάνατον
3746 1748 3896 1816 (ἐκε-

2319 1844 2557 1914 κράτητο
2586 1843 2695 1914 γάρ
2731 1844 2822 1895 ὑπ’
2854 1840 3018 1896 αὑτοῦ
3040 1882 3054 1907 ,
3091 1837 3575 1910 κατακομιζούσης
3602 1838 3770 1907 αὐτὴν
3814 1840 3896 1900 εἰς

2317 1936 2478 1989 τοῦτο
2509 1937 2606 2005 τῆς
2636 1935 2867 2004 ἀρχαίας
2894 1935 3034 2003 ἀρᾶς
3062 1933 3323 2003 ἐκείνης),
3363 1932 3681 2000 ἀναγκαίως
3705 1932 3732 1982 6
3762 1929 3899 1994 ζωο-

2317 2027 2467 2090 ποιὸς
2496 2025 2589 2078 τοῦ
2622 2026 2756 2078 Θεοῦ
2802 2025 2973 2093 Λόγος
3001 2024 3099 2095 τὴν
3138 2023 3356 2092 θανάτῳ
3401 2020 3419 2061 1
3463 2022 3692 2091 κάτοχον
3739 2022 3898 2089 ἠμπ-

2318 2119 2508 2189 έσχετο
2534 2117 2716 2187 φύσιν,
2744 2118 2985 2172 τουτέστι
3016 2117 3115 2187 τὴν
3143 2115 3266 2169 καθ’
3296 2115 3463 2184 ἡμᾶς,
3482 2114 3648 2185 ἦγουν
3674 2112 3772 2181 τὴν
3801 2113 3899 2165 ἀν-

2281 2250 2284 2254 .
2319 2211 2618 2286 θρωπίνην,
2647 2212 2732 2265 ἴνα
2760 2212 2855 2265 καὶ
2884 2214 2950 2282 τῇ
2995 2210 3162 2265 αὐτοῦ
3202 2208 3369 2280 σαρκὶ
3409 2207 3661 2279 καθάπερ
3690 2222 3741 2257 τι
3784 2204 3901 2257 τῶν

2318 2302 2623 2357 ἀτιθάσσων
2652 2301 2856 2372 Θηρίων
2893 2300 3237 2372 ἐπιπηδήσας
3261 2301 3292 2352 6
3326 2297 3554 2361 Θάνατος
3574 2338 3588 2360 ,
3614 2294 3898 2364 παύσηται

2318 2399 2414 2465 τῆς
2446 2383 2582 2449 καΘ”
2599 2395 2755 2466 ἡμῶν
2780 2393 3116 2464 τυραννίδος,
3142 2391 3217 2455 ὡς
3243 2391 3399 2463 παρά
3427 2388 3565 2443 Θεοῦ
3594 2385 3899 2457 καταργοῦ-

2322 2504 2501 2558 μενος.
2533 2487 2705 2549 Αὐτὸς
2746 2481 2840 2539 οῦν
2864 2485 2973 2556 ἀρα
3005 2483 3154 2537 ἐστὶν
3183 2486 3211 2536 6
3238 2481 3403 2551 σαρκὶ
3428 2478 3803 2547 τελειούμενος
3827 2476 3898 2529 δι’

2318 2578 2466 2647 ἡμᾶς
2487 2575 2844 2646 ἀνθρωπίνως
2869 2614 2884 2638 ,
2928 2573 3150 2626 τελειῶν
3194 2572 3249 2623 δὲ
3279 2571 3427 2640 ἡμᾶς
3454 2567 3652 2630 Θεῖκῶς
3677 2566 3765 2619 διά
3793 2566 3893 2618 τοῦ

2319 2667 2663 2737 καταργῆσαι
2687 2664 2780 2718 τοῦ
2815 2663 3045 2717 Θανάτου
3082 2661 3144 2714 τὸ
3186 2660 3409 2730 κράτος.
3441 2656 3796 2728 Ἐλειπε.γάρ
3825 2659 3896 2727 τῇ

2317 2756 2604 2831 ἀνθρώπου
2632 2755 2791 2826 φύσει
2817 2754 2877 2808 τὺ
2916 2752 3212 2824 ἄφθαρτον,
3235 2750 3379 2804 οὕτω
3400 2748 3674 2821 γενομένῃ
3712 2748 3805 2800 καί⁵
3837 2750 3898 2799 ἐν

2318 2854 2531 2923 ἀρχαῖς.
2585 2869 2603 2900 ι
2660 2850 2718 2902 '0
2749 2848 2858 2918 γὰρ
2887 2846 3021 2907 Θεὸς
3063 2844 3290 2897 Θάνατον
3335 2844 3436 2895 οὐκ
3462 2841 3739 2911 ἐποίησεν,
3775 2840 3900 2893 οὐδὲ

2318 2943 2577 3013 τέρπεται
2606 2938 2692 2991 ἐπ’
2726 2935 2972 3005 ἀπωλείᾳ
2995 2934 3213 2998 ζωντων
3235 2947 3249 2962 ·
3287 2931 3469 2983 ἔκτισε
3490 2929 3599 2997 γὰρ
3624 2932 3711 3001 εἰς
3734 2928 3793 2981 τὸ
3820 2924 3902 2982 εἶ-

2321 3050 2409 3088 ναι
2428 3032 2496 3084 τὰ
2522 3031 2719 3083 πάντα·
2749 3046 2767 3079 ι
2802 3027 2896 3079 καὶ
2921 3026 3178 3095 σωτήριοι
3203 3023 3259 3074 ai
3282 3021 3523 3089 γενέσεις
3550 3018 3646 3072 τοῦ
3665 3020 3898 3089 κόσμου,

638 3109 733 3172 cit,
788 3126 963 3180 neque
1012 3112 1222 3165 laetatur
1262 3110 1313 3164 in
1348 3110 1651 3179 perditione
1692 3111 1959 3164 vivorum.
2005 3111 2216 3165 Creavit

2321 3123 2417 3176 καὶ
2443 3122 2542 3175 οὐκ
2589 3119 2734 3172 ἐστιν
2773 3116 2867 3169 καὶ
2908 3116 2965 3167 ἐν
3003 3115 3188 3177 αὐτοῖς
3217 3122 3257 3149 ω
3289 3111 3580 3183 φάρμακον
3631 3110 3863 3202 ὀλέθρου
3881 3150 3898 3175 ,

639 3203 807 3265 enim,
847 3211 903 3255 ut
948 3210 1149 3265 esseut,
1188 3202 1373 3255 omnia
1403 3202 1469 3263 “,
1503 3217 1522 3251 ι
1565 3211 1919 3269 spectantque
1970 3200 2036 3253 ad
2072 3201 2216 3253 salu-

642 3301 753 3345 tem
802 3291 983 3345 mundi
1041 3292 1354 3357 primordia,
1414 3306 1513 3345 nec
1556 3300 1639 3346 est
1690 3292 1740 3345 in
1792 3290 1897 3345 illis
1944 3305 2211 3346 venenum

638 3382 978 3454 perditionis,
1012 3398 1111 3437 nec
1144 3382 1441 3437 inferorum
1479 3397 1699 3450 regnum
1734 3384 1787 3436 in
1830 3390 1970 3435 terra
2001 3399 2015 3435 :
2053 3400 2071 3433 ι
2105 3380 2212 3436 Sed

639 3474 837 3529 diaboli
872 3474 1071 3530 invidia
1120 3490 1266 3530 mors
1298 3475 1522 3530 intravit
1566 3474 1619 3528 in
1671 3476 1927 3530 mundum
1951 3474 2019 3527 ⁸⁷.
2058 3493 2076 3526 ι
2133 3474 2215 3528 Ad

638 3568 786 3624 hunc
830 3571 1013 3640 itaque
1059 3574 1275 3627 modum
1318 3587 1417 3628 nos
1466 3571 1773 3641 perficiens,
1822 3571 1889 3626 ad
1933 3572 2213 3628 cwlestem

639 3656 854 3715 Patrem
886 3660 1064 3716 aiebat
1091 3678 1105 3716 :
1145 3681 1164 3714 ι
1196 3663 1308 3732 Ego
1338 3672 1389 3717 te
1435 3660 1729 3717 clariﬁcavi
1774 3676 1936 3732 super
1965 3671 2165 3717 terram
2198 3679 2212 3716 :

638 3763 773 3818 Optts
805 3754 1177 3808 consummavi
1212 3756 1354 3824 quod
1389 3753 1583 3808 dedisti
1616 3754 1745 3808 mihi
1788 3765 1844 3808 ut
1869 3755 2064 3809 faciam
2088 3754 2156 3809 ⁸⁸.
2187 3773 2208 3806 ι

639 3842 712 3896 Ea
769 3859 1001 3914 namque
1033 3860 1159 3899 vera
1206 3857 1291 3899 est
1336 3844 1429 3899 Dei
1476 3842 1655 3897 Patris
1693 3845 1887 3913 gloria,
1927 3845 2067 3914 quod
2115 3860 2217 3914 per

636 3933 832 3988 Filium
864 3950 1018 3989 suum
1061 3936 1349 3990 demolitus
1383 3943 1461 3989 est
1500 3943 1751 3988 mortem.
1793 3932 1899 3990 Per
1932 3935 2216 4002 passiones

639 4024 866 4090 proinde
905 4026 1004 4094 ipsi
1039 4027 1255 4094 quidem
1283 4025 1699 4089 consummatio,
1748 4025 1905 4078 nobis
1939 4040 2063 4078 vero
2102 4025 2216 4093 ejus

639 4116 784 4183 quod
820 4118 1027 4180 deerat,
1079 4116 1314 4185 expletio
1342 4118 1556 4186 obtigit.
1598 4115 1701 4171 Per
1750 4115 2026 4171 Christum
2068 4118 2213 4171 enim

638 4216 692 4261 et
724 4207 775 4261 in
804 4208 1021 4262 Christo
1061 4224 1196 4263 nova
1239 4218 1489 4263 creatura
1518 4207 1693 4263 effecti
1736 4223 1924 4262 sumus
1949 4207 2017 4261 ⁸⁸.

710 4298 925 4354 XXXII.
967 4302 1121 4367 Quod
1183 4310 1362 4355 autem
1414 4314 1520 4354 non
1574 4300 1775 4353 nudum
1827 4300 2215 4369 vulgaremque

639 4391 915 4446 hominem
961 4408 990 4445 a
1030 4393 1212 4447 Verbo
1256 4392 1586 4460 sejunctum,
1641 4391 1812 4446 nostri
1864 4406 2026 4445 causa
2079 4405 2213 4444 con-

2318 3211 2437 3265 οὐδὲ
2478 3208 2623 3262 ἔστιν
2670 3207 2795 3278 ᾅδου
2840 3204 3087 3275 βασιλεία
3128 3201 3219 3255 ἐπὶ
3261 3200 3362 3271 τῆς
3402 3200 3526 3269 γῆς.
3571 3218 3589 3250 ι
3632 3198 3815 3269 Φθόνῳ
3842 3198 3903 3253 δὲ

2315 3300 2561 3356 διαϐόλου
2591 3299 2818 3361 Θάνατος
2838 3298 2920 3360 είς
2950 3296 3042 3354 τὸν
3070 3295 3276 3365 κόσμον
3317 3292 3585 3363 εἰσῆλθεν.
3640 3310 3658 3343 ι
3705 3290 3898 3356 Οὕτως

2315 3394 2464 3465 ἡμᾶς
2493 3389 2787 3452 τελειώσας
2835 3387 3041 3456 ἔφασκε
3086 3386 3223 3456 πρὸς
3270 3385 3362 3437 τὸν
3401 3385 3461 3437 ἐν
3496 3384 3743 3454 οὐρανοῖς
3784 3384 3902 3435 [Ια-

2316 3485 2449 3557 τέρα
2485 3483 2578 3537 καὶ
2617 3480 2785 3534 Θεόν·
2821 3497 2839 3531 ι
2885 3476 3029 3545 Ἐγώ
3072 3493 3131 3530 σε
3165 3474 3392 3540 ἐδόξασα
3421 3474 3515 3528 ἐπὶ
3556 3474 3655 3543 τῆς
3686 3472 3809 3542 γῆς’
3840 3474 3903 3525 τὸ

2316 3578 2475 3650 ἔργον
2500 3572 2810 3635 ἐτελείωσα,
2841 3571 2869 3624 8
2889 3569 3127 3629 δέδωκάς
3162 3586 3255 3638 μοι
3274 3610 3289 3633 ,
3322 3568 3413 3621 ἵνα
3446 3568 3662 3636 ποιήσω
3686 3565 3841 3618 αὑτό.
3876 3584 3895 3614 ι

2316 3670 2453 3735 Δόξα
2496 3671 2604 3738 γάρ
2635 3662 2851 3735 ἀληθῶς
2883 3662 2962 3733 τῷ
2986 3661 3106 3732 Θεῷ
3141 3660 3235 3712 καὶ
3266 3658 3471 3727 Πατρὶ,
3499 3656 3577 3728 τῷ
3610 3667 3637 3694 ιι
3670 3656 3759 3709 διά
3801 3655 3899 3708 τοῦ

2321 3760 2451 3812 ίδίου
2469 3756 2815 3827 Γεννήματος
2845 3752 3259 3823 καταργήσαντι
3286 3756 3311 3784 ο
3337 3748 3587 3801 θάνατον.
3618 3746 3829 3800 Οὐκοῦν
3862 3751 3895 3817 ἡ

2320 3852 2418 3923 μὲν
2443 3850 2721 3911 τελείωσις
2766 3846 2915 3915 αὐτῷ
2956 3845 3047 3898 διὰ
3077 3843 3439 3913 παθημάτων,
3468 3843 3604 3913 ἡμῖν
3642 3839 3699 3892 δὲ
3729 3857 3901 3913 προσ-

2316 3943 2458 4012 θήκη
2515 3938 2611 3991 τοῦ
2671 3935 2950 3997 λείποντος
2995 3933 3056 3985 τὸ
3109 3931 3505 4002 γεγενημένον·
3568 3928 3730 3999 καινὴ
3787 3928 3899 3998 γὰρ

2316 4031 2492 4095 κτίσις
2519 4027 2587 4082 τὰ
2620 4027 2679 4080 ὲν
2708 4025 2949 4101 Χριστῷ.

2388 4292 2509 4346 AB’.
2548 4289 2747 4343 Ὅτιδέ
2772 4291 2873 4341 οὐκ
2901 4287 3187 4359 ἄνθρωπον
3214 4284 3399 4347 ἁπλῶς
3432 4285 3773 4355 ἐξῃρημένον
3801 4286 3898 4340 τοῦ

2316 4383 2487 4451 Λόγου
2532 4380 2913 4435 τετελειῶσθαί
2947 4398 3111 4451 φησιν
3156 4379 3297 4450 ὑπὲρ
3332 4376 3511 4447 ἡμῶν,
3550 4379 3646 4431 καὶ
3696 4381 3754 4432 ἐν
3798 4381 3899 4434 ἀν-

639 4490 967 4533 summatum
1017 4481 1184 4543 dicat,
1235 4481 1327 4534 sed
1368 4481 1659 4551 ipsutntnet
1702 4479 2051 4548 Uuigeuitum
2109 4480 2209 4533 ltu-

2316 4472 2562 4544 θρωπείᾳ
2585 4472 2641 4525 δὲ
2687 4471 2886 4542 μᾶλλον
2923 4474 3106 4542 μορφῇ
3144 4470 3430 4540 πεφηνότα
3459 4468 3550 4521 τὸν
3577 4470 3860 4540 Μονογενῆ
3882 4511 3896 4534 ,

641 4584 799 4623 mana
838 4570 1010 4623 forma
1058 4570 1326 4632 indutum,
1366 4571 1417 4625 id
1447 4570 1662 4625 divinus
1703 4569 1904 4625 Paulus
1952 4570 2051 4623 hac
2100 4585 2216 4622 rur-

2322 4562 2656 4617 πιστώσεται
2691 4561 2850 4615 πάλιν
2893 4562 2922 4613 6
2956 4561 3239 4622 Θεσπέσιος
3286 4558 3497 4622 Παῦλος
3546 4558 3894 4629 προστιθείςο

642 4676 762 4717 sum
800 4660 1047 4715 oratione
1073 4660 1357 4714 conlirmat
1385 4678 1400 4717 :
1438 4681 1457 4714 ι
1486 4662 1585 4728 Qui
1638 4662 1854 4731 (inquit)
1884 4660 2212 4725 sanctificat,

2329 4674 2348 4703 α
2388 4653 2455 4705 '0
2483 4669 2543 4704 τε
2570 4650 2679 4721 γάρ
2712 4648 2976 4717 ἁγιάζων,
3019 4651 3116 4703 καὶ⁸
3155 4651 3203 4703 oi
3247 4648 3596 4720 ἁγιαζόμενοι
3622 4691 3636 4714 ,
3673 4649 3733 4713 ἐξ
3776 4649 3899 4710 ἐνὸς

646 4753 803 4825 153
824 4763 879 4808 et
912 4755 1002 4821 qui
1044 4754 1473 4819 sanctilicantur,
1505 4769 1570 4807 ex
1599 4768 1708 4808 uno
1736 4767 1947 4807 omnes.
1986 4749 2216 4820 Pr0pter

2323 4744 2549 4804 πάντεςο
2591 4742 2658 4794 δι’
2694 4742 2758 4811 ἢν
2809 4741 2986 4793 αἰτίαν
3032 4742 3134 4795 οὐκ
3185 4742 3580 4813 ἐπαισχύνεται
3631 4740 3898 4808 ἀδελφοὺς

641 4862 801 4915 quant
836 4860 1055 4902 causam
1108 4860 1214 4898 non
1246 4843 1594 4897 confunditur
1630 4844 1828 4899 fratres
1873 4857 1966 4897 eos
1994 4856 2211 4904 vocare,

2323 4834 2521 4896 αὐτοὺς
2548 4832 2753 4895 καλεῖν,
2783 4831 2977 4900 λέγων·
3018 4832 3344 4901 Ἀπαγγελῶ
3368 4834 3434 4886 τὸ
3465 4832 3636 4900 ὄνομά
3662 4846 3757 4882 σου
3787 4833 3900 4892 τοῖς

641 4938 860 4993 dicens:
882 4936 1229 4991 Annuntiabo
1255 4949 1450 4989 nomen
1476 4944 1622 4987 tttum
1649 4934 1910 4987 fratribus
1935 4933 2071 4986 meis
2086 4933 2153 4987 ⁸ο.
2187 4951 2205 4983 ι

2320 4925 2562 4993 ἀδελφοῖς
2593 4942 2715 4995 μου.
2757 4945 2775 4977 ι
2808 4924 2903 4987 Τίς
2938 4928 2966 4977 6
3012 4925 3272 4994 ἁγιάζων,
3304 4926 3400 4977 καὶ
3434 4923 3578 4984 τίνες
3602 4922 3667 4974 ἂν
3702 4918 3813 4973 εἷεν
3847 4921 3893 4974 oi

643 5025 746 5079 Hic
774 5040 951 5092 opera:
1000 5031 1230 5097 pretium
1275 5034 1361 5079 est
1391 5038 1740 5095 cognoscere,
1783 5022 2093 5089 ecquisnam
2129 5022 2216 5077 ille

2318 5018 2683 5089 ἁγιαζόμενοιο
2719 5021 2813 5074 καὶ
2856 5019 2971 5081 πῶς
3011 5018 3070 5081 ἐξ
3118 5018 3236 5077 ἐνὸς
3268 5016 3501 5076 πάντες,
3538 5013 3571 5083 ἦ
3616 5014 3678 5064 ὲκ
3704 5012 3852 5075 τινος
3880 5054 3895 5077 ν

645 5113 717 5171 sit
759 5114 849 5180 qui
904 5117 1236 5182 sanctificat;
1294 5126 1405 5170 tum
1454 5114 1675 5185 quinam
1728 5113 1803 5166 illi
1854 5126 2071 5166 rursum
2125 5113 2213 5179 qui

2316 5112 2450 5176 ὅλως
2482 5112 2628 5178 ἄξιον
2668 5113 2816 5165 ἰδεῖν.
2854 5108 3060 5162 Οὐκοῦν
3091 5106 3305 5174 ἁγιάζει
3346 5106 3443 5173 μὲν
3472 5106 3501 5157 6
3542 5104 3668 5166 Υἱὸς
3691 5144 3705 5165 ,
3742 5103 3897 5171 ἅγιος

644 5204 1081 5271 sanctificantur;
1110 5219 1164 5262 et
1192 5225 1428 5278 quonam
1482 5208 1641 5263 modo
1680 5221 1745 5260 ex
1786 5220 1893 5258 uno
1920 5219 2128 5270 omnes,
2162 5215 2216 5258 et

2316 5203 2391 5258 ὢν
2429 5206 2570 5258 κατά
2614 5204 2774 5273 φύσιν
2806 5202 2881 5263 ὡς
2921 5199 3071 5262 Θεός’
3109 5195 3425 5267 ήγιάςμεοα
3454 5196 3510 5249 δὲ
3555 5198 3718 5266 ἡμεῖς
3767 5195 3897 5264 παρ’

708 5361 755 5393 ³³
791 5358 977 5413 Matth.
1018 5374 1071 5421 κ,
1111 5359 1201 5421 21,
1231 5363 1319 5415 23.
1428 5366 1472 5396 “
1510 5363 1667 5415 Jnan.
1719 5378 1805 5421 xv,
1840 5358 1928 5412 9.0.
2024 5359 2069 5390 ⁵⁸
2105 5358 2215 5413 Hel)

2316 5375 2351 5425 I,
2382 5360 2465 5423 Η,
2508 5360 2589 5414 15.
2666 5358 2712 5389 ⁵⁸
2748 5356 2873 5425 Sap.
2908 5372 2944 5420 ι,
2989 5356 3073 5409 15.

638 5445 775 5498 Iv",
812 5431 867 5486 4.
943 5428 989 5460 ⁸⁸
1019 5428 1059 5484 II
1095 5430 1219 5483 Cor.
1257 5448 1307 5496 ν,
1339 5434 1420 5487 i7.
1497 5436 1540 5466 ‘°
1574 5435 1732 5488 IIebr.
1768 5449 1829 5496 tt,
1867 5432 1948 5484 ll.

3151 5353 3195 5385 ⁸⁷
3231 5353 3337 5424 Sap
3392 5354 3567 5420 tt,‘2I.
3648 5352 3693 5383 ⁸⁸
3734 5350 3893 5406 Joan.

1730 5588 1904 5645 Variae
1932 5590 2188 5645 lectiones
2215 5588 2415 5645 codicis
2440 5586 2796 5659 Seguieriani.

724 5722 1020 5780 ιθανάτου.
1097 5735 1136 5765 ιη
1163 5723 1371 5787 αὑταῖς.
1457 5731 1481 5759 ο
1518 5721 1594 5774 τό.
1674 5732 1697 5757 ο
1732 5727 2099 5788 καταργῆσαι.
