4092 6334
222 380 356 439 157⁸1

1028 377 1119 431 ΑΙ)
1156 375 1454 431 REGINAS
1494 373 1574 428 DE
1616 374 1838 431 RECTA
1876 376 2029 431 FIDE
2067 377 2657 435 ORATIOALTERA.

3321 382 3455 439 1378

218 497 384 554 αὑτοῦ
412 495 503 549 διὰ
545 492 639 549 τοῦ
690 495 1024 568 Πνεύματος.
1076 498 1201 563 Πῶς
1248 495 1342 553 οὖν
1392 500 1439 552 οἱ
1486 497 1685 561 πάντες
1731 499 1789 564 ἐξ

1894 517 1955 555 ex
1999 516 2106 569 quo
2140 500 2351 555 tandem
2407 502 2517 560 illo.
2570 500 2887 560 Sanctiﬁcat
2924 502 3089 572 igitur
3117 502 3307 567 Filius,
3361 518 3451 560 sec

220 592 336 653 ἑνός
362 608 377 651 ;
425 589 511 651 Ὠς
535 586 763 659 11οιητοῦ
789 589 885 642 καὶ
917 590 1280 662 Δημιουργοῦ·
1316 591 1455 644 ὥστε
1488 590 1583 642 καὶ
1615 591 1783 659 ἀναγ-

218 685 373 736 καῖον
402 678 649 733 ἐντεῦθεν
680 680 828 749 ἡμᾶς
876 680 1010 750 πρὸς
1046 682 1307 752 ἀλλήλους
1337 682 1481 751 ἔχειν
1507 679 1603 749 τὴν
1639 682 1787 734 ἀδελ-

222 774 451 842 φότητα.
489 769 720 839 Γενητοῦ
741 779 769 820 Ρ
790 771 897 843 γάρ
919 773 1054 843 πρὸς
1081 774 1325 844 γενητὸν,
1359 773 1494 826 καθὸ
1517 774 1717 843 γενητὰ
1736 784 1784 838 ς,

221 865 425 935 φυσική
455 881 537 926 τις
565 865 597 934 ἡ
634 862 948 936 ἀδελφότης.
983 867 1175 919 Καίτοι
1214 866 1310 934 τὴν
1338 863 1499 931 φύσιν
1526 865 1788 935 ἀγένητός

221 959 367 1007 ἔστιν
391 956 420 1006 6
452 954 611 1016 Υἱὸς,
640 954 733 1007 καὶ
761 958 860 1009 οὑκ
886 956 1109 1024 ἀδελφὸς
1138 958 1204 1024 τῇ
1240 956 1413 1007 κτίσει
1448 957 1589 1009 κατὰ
1631 974 1695 1023 γε
1728 958 1788 1009 τὸ

221 1040 360 1097 εἶναι
392 1042 551 1113 φύσει
592 1044 753 1109 Θεός’
797 1046 916 1108 πῶς
945 1041 1038 1098 οὖν
1067 1048 1115 1097 οί
1160 1045 1359 1109 πάντες
1404 1046 1461 1109 ἐξ
1492 1047 1607 1110 ἑνὸς
1628 1088 1640 1112 ,
1673 1049 1699 1101 ὅ
1728 1066 1787 1101 τε

222 1138 466 1205 ἁγιάζων
496 1136 590 1191 καὶ
620 1139 670 1191 οἱ
710 1138 1093 1207 ἀγιαζόμενοι;
1131 1136 1338 1190 Οὐκοῦν
1369 1139 1666 1206 ἀναγκαῖος
1709 1142 1787 1203 είς

219 1231 315 1300 τὴν
348 1230 459 1283 τῶν
502 1231 877 1301 προκειμένων
918 1228 1243 1299 διασάφησιν
1270 1230 1369 1299 τῆς
1406 1232 1541 1301 μετὰ
1587 1231 1787 1301 σαρκὸς

220 1321 531 1391 οἰκονομίας
552 1325 580 1375 6
612 1321 789 1390 λόγος.
819 1320 947 1371 Ὀτε
976 1321 1088 1391 γὰρ
1113 1321 1304 1389 γέγονε
1328 1322 1449 1374 καθ’
1476 1324 1641 1391 ἡμᾶς,
1667 1322 1787 1373 τότε

220 1413 311 1465 καὶ
356 1413 521 1475 αὑτὸς
550 1412 667 1482 μεθ’
697 1409 853 1480 ἡμῶν
896 1409 956 1474 ἐξ
984 1411 1101 1473 ἐνὸς
1137 1410 1351 1478 λέγεται
1385 1413 1478 1464 καὶ
1509 1412 1789 1481 κεχρημά-

218 1520 335 1555 τικε
363 1505 478 1564 τοῖς
501 1501 794 1570 κτίσμασιν
816 1500 1042 1569 ἀδελφὸς
1064 1542 1078 1565 ,
1103 1501 1178 1564 ὼς
1203 1502 1520 1571 συγγένειαν
1543 1502 1789 1573 ἐσχηκὼς

218 1594 316 1660 τὴν
360 1594 498 1662 πρὸς
545 1594 693 1661 ἡμᾶς
721 1592 1089 1663 ἀνθρωπίνην.
1144 1592 1331 1665 Ταύτῃ
1360 1611 1441 1647 τοι
1496 1595 1589 1646 καὶ
1646 1595 1788 1663 μάλα

220 1685 442 1746 εἰκότως
487 1683 585 1735 οὑκ
632 1683 944 1753 αἰσχύνεται
987 1684 1135 1753 ἡμᾶς
1173 1683 1433 1752 ἀδελφοὺς
1476 1685 1785 1753 ὀνομάζειν,

219 1775 316 1826 οὐκ
350 1774 719 1843 ἀνασχόμενος
744 1814 758 1837 ,
786 1775 860 1838 ὥς
889 1775 951 1842 γέ
978 1790 1067 1844 μοι
1093 1775 1362 1842 φαίνεται,
1391 1778 1502 1837 τοῖς
1526 1776 1593 1828 δι’
1624 1776 1785 1829 αὑτοῦ

1890 592 2119 647 cundum
2175 601 2424 647 naturam
2466 606 2684 650 sanctus
2726 594 3015 658 exsistens,
3054 606 3239 665 utpote
3269 596 3447 663 Deus;

1887 682 2290 737 sanctificamnr
2327 695 2505 738 autem
2540 701 2637 740 nos
2668 689 2735 740 ab
2782 702 2848 741 eo
2880 701 2976 756 per
3022 683 3281 753 Spiritum
3324 703 3455 742 san-

1888 782 2056 826 ctum.
2099 773 2167 825 At
2206 774 2475 841 quomodo
2503 789 2564 828 ex
2615 793 2721 831 uno
2748 776 2978 831 omnes?
3008 774 3083 829 Ex
3122 791 3229 829 uno
3270 779 3456 847 utique

1887 879 2074 917 omnes
2096 866 2377 918 conditore
2406 874 2458 918 et
2483 868 2695 933 Opiﬁce,
2727 870 2868 922 unde
2895 877 2950 921 et
2969 875 3219 920 mutuam
3244 883 3455 938 quoque

1888 954 2279 1009 fraternitatem
2321 958 2629 1011 necessario
2665 959 2789 1011 hinc
2816 961 3101 1015 trahimus.
3148 961 3281 1014 Nam
3315 960 3457 1014 inter

1890 1044 2128 1113 genitum
2158 1057 2213 1100 et
2248 1048 2510 1117 genitum,
2546 1059 2812 1119 quatenus
2839 1052 3016 1118 genita
3052 1061 3198 1117 sunt,
3234 1062 3457 1105 natura-

1890 1134 1956 1185 lis
1999 1137 2244 1202 quredatn
2290 1140 2616 1206 germanitas
2669 1141 2974 1194 intercedit.
3020 1140 3285 1196 Caeterum
3326 1156 3454 1196 cum

1890 1224 2060 1279 Filius
2093 1243 2196 1281 non
2235 1229 2305 1282 sit
2343 1241 2535 1282 natura
2571 1230 2767 1297 factus,
2817 1247 2989 1300 neque
3039 1233 3201 1286 ullam
3234 1233 3456 1288 omnino

1894 1326 1950 1369 ut
2000 1317 2143 1374 Deus
2190 1319 2586 1374 fraternitatem
2639 1338 2760 1377 cum
2799 1334 3048 1378 creatura
3094 1322 3231 1377 inire
3262 1331 3459 1391 queat;

1890 1410 1981 1476 qul
2009 1410 2120 1464 ﬁeri
2166 1420 2341 1477 potest
2383 1422 2442 1465 ut
2482 1426 2691 1476 omnes,
2732 1423 2838 1468 tam
2877 1414 2948 1468 illi
2978 1415 3067 1483 qui
3107 1415 3459 1471 sanctiﬁcan-

1893 1506 1996 1556 tur,
2025 1515 2184 1565 quam
2216 1500 2262 1554 is
2291 1516 2505 1569 quoque
2530 1504 2620 1569 qui
2654 1502 2978 1567 sanctiﬁcat,
3014 1503 3366 1573 proﬂuxerint
3390 1503 3461 1557 ab

1890 1588 2037 1643 uno?
2067 1591 2210 1643 Sane
2242 1592 2307 1644 ad
2342 1593 2629 1646 dilucidam
2678 1596 2965 1662 proposita
3007 1596 3081 1649 rei
3124 1596 3459 1662 explanatio-

1892 1695 2036 1743 nem,
2070 1680 2458 1735 incarnationis
2491 1685 2850 1737 mconomiam
2894 1696 3141 1753 spectare
3173 1700 3269 1738 nos
3299 1700 3461 1754 opor-

1894 1779 1988 1825 tet.
2019 1771 2151 1826 Cum
2188 1773 2332 1825 enim
2359 1774 2515 1828 nobis
2547 1776 2842 1829 secundum
2873 1791 3091 1829 carnem
3130 1777 3459 1831 assimilatus

219 1864 497 1931 γεγονόσιν
542 1863 769 1932 ἀδελφὸς
812 1861 1213 1931 ὀνομάζεσθαι,
1258 1863 1306 1914 εί
1336 1863 1409 1932 μὴ
1438 1862 1627 1930 γέγονε
1665 1862 1783 1914 κατ’

1894 1874 1994 1929 est,
2038 1874 2164 1916 tunc
2210 1872 2264 1917 et
2308 1864 2422 1933 ipse
2454 1880 2668 1934 quoque
2720 1869 2941 1937 perinde
2979 1884 3043 1923 ac
3082 1884 3179 1922 nos
3238 1884 3301 1922 ex
3352 1884 3462 1924 uno

220 1954 436 2019 αὑτοὺς,
466 1954 606 2025 πλὴν
630 1955 690 2006 οὑ
718 1952 901 2022 μεθεὶς
928 1953 1062 2022 ὅπερ
1089 1948 1177 2023 ἦν.
1198 1953 1329 2005 Τότε
1355 1954 1461 2023 γὰρ
1485 1952 1787 2021 ἀνεπιπλή-

220 2062 363 2108 κτως
394 2048 485 2098 καὶ
515 2045 746 2115 ὑμνήσει
795 2044 915 2113 μεθ’
948 2045 1103 2113 ἡμῶν
1137 2043 1329 2107 αὐτὸς,
1361 2044 1419 2097 ὃν
1459 2044 1687 2113 ὑμνοῦσι
1719 2044 1786 2097 τὰ

219 2138 531 2207 Σεραφεὶμ,
560 2136 654 2191 καὶ
686 2136 948 2205 σύμπασα
979 2133 1156 2198 κτίσις
1185 2137 1497 2205 προσκυνεῖ.

1892 1968 2013 2008 esse
2039 1954 2216 2010 dictus
2251 1966 2358 2022 est,
2383 1968 2865 2027 creaturarumque
2889 1960 3196 2027 fraterjure
3220 1961 3459 2031 appella-

1891 2053 1998 2109 tus,
2039 2056 2220 2113 utpote
2254 2062 2375 2099 cum
2406 2048 2638 2101 humana
2670 2060 2856 2101 natura
2887 2053 3261 2119 cognationem
3300 2051 3464 2105 sorti-

1895 2144 2000 2190 tus.
2044 2136 2153 2191 llac
2200 2138 2360 2207 igitur
2404 2138 2611 2192 ratione
2658 2140 2791 2195 satis
2844 2155 3079 2210 congrue
3113 2142 3311 2195 fratres
3365 2156 3463 2195 nos

218 2227 490 2296 appellare
521 2229 827 2297 neutiquam
865 2228 1069 2281 veritus
1108 2237 1210 2282 est.
1245 2227 1355 2282 Nisi
1387 2230 1529 2281 enim
1578 2228 1662 2283 Itis
1692 2230 1782 2298 qui
1824 2245 1919 2297 per
1948 2231 2118 2298 ipsum
2151 2232 2350 2286 conditi
2379 2242 2525 2295 sunt,
2592 2233 2786 2288 similis
2844 2236 3102 2290 evasisset
3130 2236 3462 2306 (quanquam

219 2338 311 2391 per
344 2323 468 2388 hoc,
516 2323 568 2377 id
603 2326 742 2393 quod
790 2332 926 2386 erat,
997 2338 1100 2375 non
1152 2324 1437 2391 amiserit),
1489 2339 1847 2392 nequaquam,
1891 2335 1947 2378 ut
1999 2327 2127 2380 mihi
2182 2328 2501 2396 persuadeo,
2554 2325 2741 2381 fratris
2785 2329 3001 2381 nomine
3052 2344 3112 2383 se
3152 2328 3463 2396 compellari

220 2432 408 2484 passus
451 2427 618 2472 esset.
663 2416 816 2472 Tunc
851 2417 995 2469 enim
1040 2428 1092 2471 et
1136 2419 1338 2485 alisque
1374 2419 1793 2486 reprehensione
1830 2418 1993 2472 etiam
2059 2419 2171 2489 ipse
2215 2421 2494 2475 nobiscum
2540 2420 2803 2488 laudabit,
2830 2436 2990 2490 quem
3057 2422 3280 2476 laudant
3305 2421 3465 2476 Sera-

219 2509 388 2578 phim,
419 2518 473 2562 et
502 2509 750 2560 universa
783 2516 1032 2561 creatura
1062 2508 1269 2564 adorat.

286 2602 409 2654 AI".
464 2619 483 2653 ι
514 2602 626 2655 Καὶ
668 2600 1119 2671 ὁμολογουμένως
1149 2600 1294 2671 μέγα
1330 2602 1447 2655 ἐστὶ
1472 2602 1532 2656 τὸ
1568 2606 1669 2675 τῆς
1698 2606 1788 2658 εὑ-

218 2694 431 2758 σεόείας
463 2696 764 2779 μυστήριον
791 2711 804 2725 ⁸
836 2694 969 2752 Θεὸς
1014 2696 1332 2766 ἐφανερώθη
1367 2698 1425 2749 ὲν
1451 2700 1648 2769 σαρκὶ,
1680 2701 1787 2754 ἐδι-

216 2786 423 2858 καιώθη
471 2788 528 2840 ὲν
558 2788 829 2857 πνεύματι
852 2827 868 2851 ,
904 2785 1060 2856 ὤφθη
1105 2787 1388 2856 ἀγγέλοις,
1420 2790 1696 2861 ἐκηρύχθη
1730 2793 1788 2844 ὲν

216 2878 451 2945 ἔθνεσιν,
481 2876 775 2949 ἐπιστεύθη
816 2879 874 2930 ὲν
920 2876 1110 2948 κόσμῳ
1132 2917 1146 2941 ,
1182 2878 1458 2948 ἀνελήφθη
1502 2881 1561 2933 ὲν
1590 2878 1734 2951 δόξῃ.
1767 2900 1785 2931 ι

215 2973 276 3024 El
318 2970 454 3033 Θεὸς
496 2967 572 3021 ῶν
603 2970 632 3022 6
664 2968 836 3036 Λόγος
864 2966 1286 3039 ὲνανθρωπῆσαι
1312 2968 1523 3035 λέγοιτο
1542 3010 1556 3031 ,
1586 2971 1680 3023 καὶ
1726 2971 1787 3024 οὑ

215 3064 387 3132 δήπου
433 3059 619 3132 μεθεὶς
652 3060 712 3113 τὸ
745 3055 885 3113 εἶναι
917 3058 1079 3123 Θεὸς,
1107 3058 1222 3111 ἀλλ’
1262 3060 1321 3112 ὲν
1350 3056 1431 3122 οἷς
1460 3054 1527 3131 ἧν
1558 3061 1645 3114 ἀεὶ
1676 3062 1789 3113 δια-

219 3159 414 3227 μένων·
450 3154 590 3226 μέγα
613 3153 676 3226 δὴ
706 3153 828 3206 τότε
854 3193 867 3217 ,
895 3152 990 3207 καὶ
1020 3151 1471 3223 ὁμολογουμένως
1498 3153 1640 3223 μέγα
1670 3153 1787 3205 ἐστὶ
1817 3132 1860 3191 c

216 3252 272 3301 τὸ
301 3248 403 3319 τῆς
444 3247 723 3310 εὐσεϐείας
759 3246 1077 3317 μυστήριον.
1108 3247 1171 3298 EI
1194 3245 1251 3298 δὲ
1279 3244 1563 3315 ἄνθρωπος
1592 3248 1793 3298 νοεῖται

218 3339 396 3403 κοινὸς
440 3341 468 3392 6
506 3338 738 3409 Χριστὸς
762 3377 775 3401 ,
806 3337 882 3400 ὡς
916 3335 1055 3390 κατὰ
1098 3335 1265 3406 μόνην
1286 3334 1386 3405 τὴν
1437 3335 1659 3405 ἰσότητα
1694 3334 1794 3403 τῆς

219 3432 373 3498 ἀξίας
394 3472 409 3495 ,
439 3431 604 3501 ἡγουν
638 3429 946 3493 αὑθεντίας,
978 3428 1097 3498 Θεῷ
1130 3426 1473 3497 συνημμένος
1505 3428 1793 3498 (πεφρονή-

218 3540 348 3575 κασι
377 3522 487 3591 γὰρ
512 3521 580 3574 τὰ
613 3521 788 3573 τοιάδε
814 3519 958 3583 τινὲς
986 3520 1093 3573 τῶν
1118 3518 1552 3590 ἀμαθεστέρων),
1581 3518 1698 3583 πῶς
1732 3519 1791 3572 ἐν

220 3614 384 3683 σαρκὶ
407 3610 819 3680 πεφανέρωται;
847 3608 1045 3679 (καίτοι
1068 3610 1183 3674 πῶς
1200 3611 1296 3680 οὑχ
1318 3611 1519 3663 ἅπασιν
1543 3610 1789 3681 ἐναργὲς,

218 3706 300 3758 ὅτι
346 3704 454 3766 πᾶς
498 3701 787 3772 ἄνθρωπος
820 3702 878 3753 ὲν
932 3700 1096 3771 σαρκί
1141 3701 1204 3753 τέ
1251 3703 1402 3763 ἐστι,
1447 3701 1539 3752 καὶ
1582 3700 1680 3752 οὐκ
1726 3700 1791 3753 ἂν

222 3797 422 3868 ἑτέρως
471 3794 644 3865 όρῷτό
686 3796 852 3862 τισις)
894 3792 998 3845 τίνι
1039 3792 1093 3845 δὲ
1123 3792 1308 3862 τρόπῳ
1339 3802 1360 3829 τ
1402 3785 1580 3860 ὧφθαί
1629 3808 1792 3861 φησιν

222 3888 384 3943 αὑτὸν
428 3887 523 3941 καὶ
552 3889 667 3948 τοῖς
711 3884 887 3953 ἁγίοις
932 3883 1218 3951 ἀγγέλοις;
1266 3882 1337 3935 Ἦ
1366 3882 1473 3952 γὰρ
1513 3883 1606 3934 καὶ
1647 3883 1793 3951 ἡμᾶς

222 3983 419 4045 αὐτοὺς
462 3981 560 4049 οὑχ
603 3978 803 4050 ὁρῶσιν
855 3975 1111 4044 ἄγγελοι;
1144 3975 1209 4028 Τί
1241 3969 1333 4028 οὖν
1381 3976 1438 4027 ὲν
1471 3974 1692 4045 Χριστῷ
1731 3974 1794 4027 τὸ

223 4073 393 4138 ξένον,
433 4071 467 4141 ἢ
498 4070 550 4124 τί
592 4070 653 4123 τὸ
678 4067 999 4139 παράδοξον,
1034 4068 1082 4121 εί
1132 4067 1226 4121 καὶ
1262 4066 1385 4120 καθ’
1434 4068 1581 4137 ἡμᾶς
1628 4067 1790 4130 ὄντα,

223 4165 315 4218 καὶ
343 4162 531 4232 ἕτερον
557 4161 731 4222 οὐδὲν,
769 4159 1052 4212 τεθέανταί
1082 4175 1226 4220 τινες
1267 4157 1374 4211 τῶν
1423 4158 1593 4225 ἁγίων
1623 4157 1791 4225 ἀγγέ-

220 4258 356 4319 law;
387 4252 512 4315 Πῶς
537 4252 593 4305 δὲ
620 4252 712 4304 καὶ
732 4251 939 4304 ἔθνεσιν
956 4248 1233 4320 ἐκηρύχθη
1258 4264 1272 4313 ;
1296 4248 1390 4300 καὶ
1416 4248 1491 4310 ὼς
1510 4249 1593 4311 τίς
1612 4249 1791 4319 ὑπάρ-

220 4366 329 4417 χων
354 4354 374 4381 ³
410 4345 559 4414 παρά
597 4342 705 4395 τῶν
740 4344 800 4394 ὲν
836 4341 1026 4411 κόσμῳ
1057 4339 1370 4392 πιστεύεται
1398 4355 1413 4403 ;
1443 4340 1506 4391 Ei
1552 4339 1650 4409 μὲν
1682 4340 1791 4408 γὰρ

222 4441 294 4502 ὡς
324 4439 420 4491 ἕνα
444 4435 553 4489 τῶν
577 4433 695 4487 καθ’
721 4434 870 4501 ἡμᾶς
900 4430 1183 4499 ἄνθρωπον
1214 4428 1429 4493 ἁπλῶς,
1458 4429 1552 4480 καὶ
1581 4428 1701 4497 οὐχὶ
1726 4428 1791 4498 δὴ
1824 4461 1867 4515 D

227 4524 428 4595 μᾶλλον
458 4522 591 4574 Θεὸν
618 4518 1078 4592 ὲνηνθρωπηκότα
1106 4516 1430 4588 διεκήρυξαν
1454 4518 1501 4569 oi
1531 4516 1789 4588 μαθηταὶ,

224 4615 316 4667 καὶ
343 4612 419 4676 ὡς
452 4608 611 4663 τοῦτο
633 4607 895 4677 ὑπάρχων
922 4605 1073 4675 παρὰ
1099 4604 1209 4657 τῶν
1236 4607 1292 4657 ὲν
1324 4606 1509 4675 κόσμῳ
1540 4605 1793 4657 πιστεύε-

224 4724 342 4769 ται,
378 4699 859 4774 ἀνθρωπολατρείᾳ
892 4694 1287 4767 κεκρατήμεθα
1308 4736 1321 4759 ,
1354 4696 1447 4749 καὶ
1483 4713 1791 4765 προσκεκυ-

225 4800 469 4869 νὴκαμεν
516 4795 583 4861 τῇ
617 4791 791 4845 κτίσει
815 4806 828 4820 ’
866 4787 960 4839 καὶ
1007 4786 1145 4859 πρός
1188 4803 1251 4854 γε
1290 4786 1445 4839 τοῦτο
1474 4789 1618 4857 ἡμᾶς
1657 4805 1790 4841 κατ-

229 4892 477 4960 εδόνησεν
504 4883 663 4946 αὑτὸς
690 4883 717 4934 6
741 4880 900 4951 φύσει
935 4897 993 4933 τε
1014 4880 1106 4932 καὶ
1134 4877 1361 4949 ἀληθεία
1391 4878 1483 4931 καὶ
1514 4878 1623 4931 τῶν
1653 4880 1790 4933 ὅλων

227 4980 375 5041 Θεός’
418 4964 582 5036 αὑτὸς
628 4972 737 5042 γάρ
766 4973 899 5041 ἡμῖν
946 4970 1037 5022 τὸν
1083 4967 1192 5022 τῶν
1234 4968 1513 5039 θεηγόρων
1549 4968 1789 5035 ἀνέδειξε

227 5070 406 5143 χορόν.
436 5068 499 5120 Ei
528 5066 583 5120 δὲ
619 5064 850 5135 Χριστὸς
878 5063 1123 5133 ἐγερθεὶς
1158 5062 1219 5115 ὲκ
1246 5062 1452 5131 νεκρῶν
1481 5064 1593 5125 τοῖς
1619 5062 1796 5130 ἁγίοις

228 5164 463 5231 ἔφασκεν
518 5156 867 5218 ἀποστόλοις’
927 5173 944 5205 ι
1005 5153 1368 5224 Πορευθέντες
1419 5153 1794 5227 μαθητεύσατε

231 5253 404 5305 πάντα
451 5248 519 5301 τὰ
562 5247 720 5315 ἔθνη,
772 5242 1123 5314 βαπτίζοντες
1174 5243 1368 5305 αὐτοὺς
1412 5245 1492 5306 είς
1527 5243 1589 5295 τὸ
1625 5243 1793 5313 ὄνομα

230 5343 318 5394 τοῦ
350 5343 583 5413 Πατρός,
627 5342 720 5395 καὶ
745 5340 837 5393 τοῦ
879 5342 1031 5405 Υίοῦ,
1062 5342 1155 5396 καὶ
1199 5341 1291 5395 τοῦ
1333 5342 1487 5410 ἁγίου
1536 5341 1790 5412 Πνεύμα-

297 5520 337 5551 ⁸⁸
367 5517 383 5569 I
418 5517 653 5572 Titnotlt.
688 5534 774 5583 ιιι,
806 5517 887 5572 16.

1966 2604 2209 2660 XXXIII.
2258 2623 2278 2655 ι
2316 2606 2381 2660 Ει
2409 2605 2694 2661 manifeste
2725 2621 2975 2674 magnum
3002 2616 3085 2661 est
3123 2607 3342 2676 pietatis
3373 2625 3461 2664 sa-

1894 2706 2229 2749 cramentum
2260 2714 2274 2748 :
2304 2695 2446 2750 Deus
2483 2696 2855 2752 manifestatus
2892 2711 2974 2751 est
3015 2699 3065 2752 in
3096 2715 3281 2762 carne,
3306 2700 3465 2766 justi-

1897 2789 2086 2841 Iicatus
2127 2798 2208 2841 est
2238 2788 2289 2841 in
2324 2788 2539 2856 spiritu,
2570 2789 2718 2843 visus
2767 2800 2849 2843 est
2885 2790 3111 2859 angelis,
3142 2792 3465 2859 prmdicatus

1895 2887 1977 2931 est
2013 2878 2064 2932 in
2102 2878 2375 2947 gentibus,
2410 2880 2649 2935 creditus
2697 2890 2775 2935 est
2810 2880 2861 2934 in
2911 2883 3127 2945 tnundo,
3159 2894 3469 2952 assumptus

1895 2976 1978 3021 est
2032 2968 2088 3022 in
2136 2970 2304 3038 gloria
2329 2970 2395 3022 “.
2432 2989 2449 3022 ι
2505 2970 2557 3025 Si
2607 2971 2747 3026 Deus
2783 2973 3005 3026 verbum
3052 2973 3309 3028 deitatem
3359 2988 3465 3029 n0n

1899 3059 2179 3122 amittens,
2212 3063 2305 3115 sed
2338 3062 2389 3115 in
2426 3063 2624 3132 quibus
2650 3073 2770 3117 erat
2811 3064 2967 3119 bonis
3001 3073 3318 3119 constanter
3343 3082 3467 3136 per-

1896 3150 2113 3215 sistens,
2150 3150 2312 3205 homo
2342 3151 2517 3206 factus
2549 3154 2894 3220 praedicatur,
2929 3172 3183 3227 magnum
3221 3159 3467 3226 profecto

1896 3240 2112 3307 pietatis
2152 3244 2465 3311 mysterium
2518 3245 2605 3297 hic
2638 3260 2696 3298 se
2738 3243 2913 3299 offert.
2961 3247 3017 3301 Si
3062 3262 3187 3301 vero
3220 3247 3467 3303 Christus

1894 3344 1977 3388 est
2022 3336 2182 3389 homo
2230 3342 2438 3390 tantum
2486 3340 2818 3403 communis,
2874 3339 2986 3393 sola
3042 3340 3322 3410 dignitatis
3380 3340 3461 3395 vel

1897 3428 2239 3481 auctoritatis
2271 3430 2529 3483 societate
2556 3427 2667 3482 Deo
2694 3430 3015 3497 coniunctus
3041 3431 3167 3499 (hoc
3200 3434 3341 3486 enim
3384 3433 3465 3487 in-

1895 3518 2038 3572 docti
2085 3518 2299 3586 quidam
2353 3517 2701 3591 defendunt),
2759 3521 3030 3589 quomodo
3089 3522 3469 3579 mauifestatus

1894 3616 1977 3661 est
2021 3608 2073 3662 in
2125 3609 2329 3663 carne?
2388 3611 2469 3663 An
2539 3624 2644 3663 non
2690 3612 2941 3666 omnibus
2991 3614 3331 3682 perspicuum
3384 3627 3469 3671 est

1895 3698 2095 3751 nullum
2136 3714 2243 3753 non
2285 3698 2558 3754 hominem
2590 3715 2751 3755 carne
2785 3716 2907 3757 esse
2934 3702 3202 3768 indutum,
3236 3720 3333 3761 nec
3360 3706 3468 3763 alio

1895 3789 2055 3843 modo
2082 3804 2111 3842 a
2147 3804 2416 3859 quoquam
2455 3805 2612 3859 posse
2648 3792 2852 3846 videri?
2883 3792 3043 3864 154,
3070 3793 3182 3859 Qua
3210 3810 3339 3864 ergo
3374 3814 3467 3856 ra-

1898 3883 2041 3936 tione
2068 3898 2097 3935 a
2129 3884 2334 3936 sanctis
2361 3897 2575 3952 quoque
2602 3884 2807 3952 angelis
2836 3887 2983 3940 visus
3019 3886 3247 3941 dicitur?
3281 3887 3469 3944 Nonne

1895 3973 2071 4042 angeli
2111 3974 2357 4041 nosipsos
2393 3973 2813 4041 conspicantur?
2844 3975 2980 4041 Quid
3024 3977 3187 4045 igitur
3218 3979 3269 4031 in
3311 3979 3469 4035 Citri-

1895 4074 1979 4119 sto
2012 4074 2104 4118 attt
2136 4079 2354 4129 novum,
2394 4074 2485 4118 aut
2522 4066 2865 4133 inusitatum,
2899 4077 2953 4123 et
2993 4070 3353 4125 admiratione
3383 4073 3466 4127 di-

1893 4172 2053 4226 gnum
2103 4166 2207 4222 est,
2260 4157 2304 4211 si
2358 4156 2526 4210 solam
2568 4167 2773 4213 natura:
2814 4171 3015 4214 nostrae
3054 4163 3465 4218 similitudinem

1894 4264 2113 4318 gerens.
2152 4264 2179 4303 a
2216 4249 2537 4319 quibusdam
2564 4250 2767 4320 angelis
2802 4253 2951 4305 visus
2977 4252 3104 4307 est?
3131 4253 3315 4318 Qualis
3342 4272 3464 4309 rur-

1894 4353 2014 4392 sum
2050 4338 2299 4407 gentibus
2326 4338 2687 4405 praedicatus?
2718 4348 2808 4392 aut
2844 4340 3019 4406 qualis
3052 4345 3267 4395 tandem
3303 4344 3372 4398 ab
3400 4346 3466 4399 iis

1894 4428 1985 4496 qui
2024 4436 2151 4481 sunt
2183 4429 2235 4481 in
2274 4429 2495 4491 mundo,
2534 4428 2811 4482 creditur?
2850 4429 2983 4483 Nam
3029 4431 3073 4484 si
3120 4432 3265 4486 illum
3303 4436 3465 4489 disci-

1898 4519 2004 4588 puli
2038 4518 2234 4571 mundo
2272 4519 2633 4586 praedicarunt
2667 4528 2725 4572 ut
2762 4535 2953 4588 purum
2994 4522 3227 4591 aliquem
3266 4535 3465 4581 nostra:

1898 4610 2224 4664 conditionis
2281 4612 2573 4672 hominem,
2622 4620 2675 4664 et
2716 4627 2823 4665 non
2872 4623 2929 4666 ut
2972 4614 3137 4667 Deum
3189 4614 3461 4670 hominem

1894 4702 2118 4766 factum,
2154 4702 2380 4771 talisque
2404 4704 2471 4755 ab
2506 4702 2570 4756 iis
2605 4704 2693 4770 qui
2732 4704 2787 4756 in
2817 4704 3018 4757 mundo
3048 4705 3250 4773 degunt
3286 4711 3466 4761 credi-

1899 4803 2017 4867 tur;
2068 4796 2133 4847 ad
2174 4810 2337 4846 unum
2385 4809 2574 4848 omnes
2623 4794 3062 4863 anthropolatrize
3110 4798 3336 4851 crimine
3390 4801 3465 4853 rei

1900 4885 2222 4950 tenebimur,
2284 4897 2699 4957 creaturamque
2743 4888 3020 4945 Creatoris
3073 4893 3189 4947 loco
3242 4896 3468 4949 adorare

1900 4984 2085 5041 aperte
2112 4976 2545 5029 convincemur?
2577 4977 2737 5047 idque
2775 4978 2918 5034 illius
2960 4980 3210 5050 impulsu,
3242 4983 3329 5049 qui
3368 5000 3467 5035 na-

1902 5074 2022 5122 tura
2086 5076 2137 5119 et
2186 5067 2419 5121 veritate
2462 5068 2838 5122 universorum
2898 5069 3037 5124 Deus
3086 5081 3186 5124 est.
3239 5070 3470 5128 Constat

1902 5158 2043 5211 enim
2096 5159 2268 5225 ipsum
2334 5159 2399 5212 ad
2452 5173 2548 5213 nos
2601 5159 2813 5215 misisse
2866 5162 3152 5231 magistros
3208 5164 3299 5232 qui
3355 5165 3467 5219 ltu'c

1900 5252 2173 5303 docerent.
2202 5248 2353 5315 Quod
2386 5250 2429 5303 si
2458 5250 2704 5306 Christus
2733 5268 2799 5305 ex
2830 5254 3054 5308 mortuis
3082 5256 3462 5321 exsuscitatus,
3537 5278 3541 5281 ·

1900 5351 2117 5396 sanctos
2162 5342 2430 5410 apostolos
2461 5343 2544 5398 his
2587 5343 2768 5397 verbis
2817 5342 3052 5400 affatur:
3090 5366 3106 5397 ι
3142 5346 3339 5402 Euntes
3373 5350 3469 5402 do-

1320 5653 1491 5709 Variaa
1522 5652 1779 5709 lectiones
1812 5657 2010 5711 codicis
2048 5656 2403 5725 Seguiertani.

299 5807 327 5847 p
356 5794 587 5866 γενητῷ,
664 5802 689 5842 q
721 5791 961 5860 γενητόν.
1043 5800 1063 5829 ι’
1097 5792 1217 5847 τίνα
1246 5792 1299 5844 δὲ
1328 5792 1545 5861 τρόπον.
1624 5798 1645 5829 ³
1678 5791 1761 5843 ῖσ.
1794 5793 1887 5843 καὶ
1926 5793 2073 5854 ὅστις
2100 5793 2378 5861 ὑπάρχων·
