  <div class='ocr_page' id='page_1' title='image "/cluster/home/n/w/nwhite01/storage/ocr_20150623/76/pst.000005712755/719.png"; bbox 0 0 4092 6334; ppageno 0'>
   <div class='ocr_carea' id='block_1_1' title="bbox 608 389 744 448">
    <p class='ocr_par' dir='ltr' id='par_1_1' title="bbox 608 389 744 448">
     <span class='ocr_line' id='line_1_1' title="bbox 608 389 744 448; baseline 0.029 -4"><span class='ocrx_word' id='word_1_1' title='bbox 608 389 744 448; x_wconf 74' lang='grc'><strong>1579</strong></span> 
     </span>
    </p>
   </div>
   <div class='ocr_carea' id='block_1_2' title="bbox 1583 371 2818 440">
    <p class='ocr_par' dir='ltr' id='par_1_2' title="bbox 1583 371 2818 440">
     <span class='ocr_line' id='line_1_2' title="bbox 1583 371 2818 440; baseline -0.007 0"><span class='ocrx_word' id='word_1_2' title='bbox 1583 387 1638 440; x_wconf 86' lang='lat' dir='ltr'><strong>S.</strong></span> <span class='ocrx_word' id='word_1_3' title='bbox 1679 383 1951 440; x_wconf 74' lang='lat' dir='ltr'><strong>CYRlLLl</strong></span> <span class='ocrx_word' id='word_1_4' title='bbox 1995 371 2460 437; x_wconf 76' lang='lat' dir='ltr'><strong>ALEXANDIllNl</strong></span> <span class='ocrx_word' id='word_1_5' title='bbox 2500 375 2818 434; x_wconf 79' lang='lat' dir='ltr'><strong>ARClllEP.</strong></span> 
     </span>
    </p>
   </div>
   <div class='ocr_carea' id='block_1_3' title="bbox 3701 381 3842 435">
    <p class='ocr_par' dir='ltr' id='par_1_3' title="bbox 3701 381 3842 435">
     <span class='ocr_line' id='line_1_3' title="bbox 3701 381 3842 435; baseline -0.021 -1"><span class='ocrx_word' id='word_1_6' title='bbox 3701 381 3842 435; x_wconf 69' lang='lat' dir='ltr'><strong>l58‘l</strong></span> 
     </span>
    </p>
   </div>
   <div class='ocr_carea' id='block_1_4' title="bbox 606 487 2164 570">
    <p class='ocr_par' dir='ltr' id='par_1_4' title="bbox 606 495 2164 570">
     <span class='ocr_line' id='line_1_4' title="bbox 606 495 2164 570; baseline -0.006 -14"><span class='ocrx_word' id='word_1_7' title='bbox 606 513 721 557; x_wconf 90' lang='lat' dir='ltr'><strong>cete</strong></span> <span class='ocrx_word' id='word_1_8' title='bbox 768 512 955 554; x_wconf 89' lang='lat' dir='ltr'><strong>omnes</strong></span> <span class='ocrx_word' id='word_1_9' title='bbox 989 507 1197 567; x_wconf 73' lang='lat' dir='ltr'><strong>gentes,</strong></span> <span class='ocrx_word' id='word_1_10' title='bbox 1226 499 1568 570; x_wconf 80' lang='lat' dir='ltr'><strong>baptizantes</strong></span> <span class='ocrx_word' id='word_1_11' title='bbox 1599 511 1693 550; x_wconf 91' lang='lat' dir='ltr'><strong>eos</strong></span> <span class='ocrx_word' id='word_1_12' title='bbox 1729 497 1778 547; x_wconf 91' lang='lat' dir='ltr'><strong>in</strong></span> <span class='ocrx_word' id='word_1_13' title='bbox 1825 497 2041 548; x_wconf 88' lang='lat' dir='ltr'><strong>nomine</strong></span> <span class='ocrx_word' id='word_1_14' title='bbox 2076 495 2164 547; x_wconf 78' lang='lat' dir='ltr'><strong>Pa-</strong></span> 
     </span>
    </p>
   </div>
   <div class='ocr_carea' id='block_1_5' title="bbox 2267 487 3842 570">
    <p class='ocr_par' dir='ltr' id='par_1_5' title="bbox 2273 487 3842 564">
     <span class='ocr_line' id='line_1_5' title="bbox 2273 487 3842 564; baseline 0.002 -19"><span class='ocrx_word' id='word_1_15' title='bbox 2273 510 2393 556; x_wconf 77' lang='grc' dir='ltr'>τοςο</span> <span class='ocrx_word' id='word_1_16' title='bbox 2426 510 2443 542; x_wconf 78' lang='grc' dir='ltr'><strong>ι</strong></span> <span class='ocrx_word' id='word_1_17' title='bbox 2478 487 2594 545; x_wconf 79' lang='grc' dir='ltr'>εἶτα</span> <span class='ocrx_word' id='word_1_18' title='bbox 2628 489 3072 559; x_wconf 78' lang='grc' dir='ltr'>πεπιστεύκαμεν</span> <span class='ocrx_word' id='word_1_19' title='bbox 3107 492 3184 554; x_wconf 87' lang='grc' dir='ltr'>εἰς</span> <span class='ocrx_word' id='word_1_20' title='bbox 3212 490 3401 554; x_wconf 79' lang='grc' dir='ltr'>αὐτὸν,</span> <span class='ocrx_word' id='word_1_21' title='bbox 3433 492 3842 564; x_wconf 79' lang='grc' dir='ltr'>βεϐαπτίσμεθά</span> 
     </span>
    </p>
   </div>
   <div class='ocr_carea' id='block_1_6' title="bbox 607 587 2167 661">
    <p class='ocr_par' dir='ltr' id='par_1_6' title="bbox 607 587 2167 661">
     <span class='ocr_line' id='line_1_6' title="bbox 607 587 2167 661; baseline -0.006 -13"><span class='ocrx_word' id='word_1_22' title='bbox 607 596 728 656; x_wconf 90' lang='lat' dir='ltr'><strong>tris,</strong></span> <span class='ocrx_word' id='word_1_23' title='bbox 756 603 809 646; x_wconf 92' lang='lat' dir='ltr'><strong>et</strong></span> <span class='ocrx_word' id='word_1_24' title='bbox 836 591 978 655; x_wconf 85' lang='lat' dir='ltr'><strong>Filii,</strong></span> <span class='ocrx_word' id='word_1_25' title='bbox 1009 602 1060 646; x_wconf 90' lang='lat' dir='ltr'><strong>et</strong></span> <span class='ocrx_word' id='word_1_26' title='bbox 1083 592 1321 661; x_wconf 76' lang='lat' dir='ltr'><strong>Spiritus</strong></span> <span class='ocrx_word' id='word_1_27' title='bbox 1352 590 1522 643; x_wconf 90' lang='lat' dir='ltr'><strong>sancti</strong></span> <span class='ocrx_word' id='word_1_28' title='bbox 1548 589 1622 652; x_wconf 83' lang='grc'><strong>⁶²;</strong></span> <span class='ocrx_word' id='word_1_29' title='bbox 1654 606 1670 638; x_wconf 73' lang='grc' dir='ltr'><strong>ι</strong></span> <span class='ocrx_word' id='word_1_30' title='bbox 1703 603 1910 654; x_wconf 89' lang='lat' dir='ltr'><strong>nosque</strong></span> <span class='ocrx_word' id='word_1_31' title='bbox 1933 587 1984 639; x_wconf 89' lang='lat' dir='ltr'><strong>in</strong></span> <span class='ocrx_word' id='word_1_32' title='bbox 2024 587 2167 639; x_wconf 91' lang='lat' dir='ltr'><strong>illum</strong></span> 
     </span>
    </p>
   </div>
   <div class='ocr_carea' id='block_1_7' title="bbox 603 679 2164 750">
    <p class='ocr_par' dir='ltr' id='par_1_7' title="bbox 603 679 2164 750">
     <span class='ocr_line' id='line_1_7' title="bbox 603 679 2164 750; baseline -0.007 -12"><span class='ocrx_word' id='word_1_33' title='bbox 603 685 894 746; x_wconf 86' lang='lat' dir='ltr'><strong>credimus,</strong></span> <span class='ocrx_word' id='word_1_34' title='bbox 923 699 985 737; x_wconf 87' lang='lat' dir='ltr'><strong>ac</strong></span> <span class='ocrx_word' id='word_1_35' title='bbox 1012 694 1243 738; x_wconf 90' lang='lat' dir='ltr'><strong>mortem</strong></span> <span class='ocrx_word' id='word_1_36' title='bbox 1277 681 1513 750; x_wconf 81' lang='lat' dir='ltr'><strong>ejusdem</strong></span> <span class='ocrx_word' id='word_1_37' title='bbox 1549 679 1951 738; x_wconf 85' lang='lat' dir='ltr'><strong>aununtiantes,</strong></span> <span class='ocrx_word' id='word_1_38' title='bbox 1987 691 2164 729; x_wconf 84' lang='lat' dir='ltr'><strong>resur-</strong></span> 
     </span>
    </p>
   </div>
   <div class='ocr_carea' id='block_1_8' title="bbox 602 768 2169 842">
    <p class='ocr_par' dir='ltr' id='par_1_8' title="bbox 602 768 2169 842">
     <span class='ocr_line' id='line_1_8' title="bbox 602 768 2169 842; baseline -0.006 -14"><span class='ocrx_word' id='word_1_39' title='bbox 602 776 1006 842; x_wconf 85' lang='lat' dir='ltr'><strong>rectionemque</strong></span> <span class='ocrx_word' id='word_1_40' title='bbox 1030 774 1368 833; x_wconf 79' lang='lat' dir='ltr'><strong>conﬁtentes,</strong></span> <span class='ocrx_word' id='word_1_41' title='bbox 1402 769 1657 839; x_wconf 88' lang='lat' dir='ltr'><strong>baptizati</strong></span> <span class='ocrx_word' id='word_1_42' title='bbox 1687 784 1871 823; x_wconf 89' lang='lat' dir='ltr'><strong>sumus</strong></span> <span class='ocrx_word' id='word_1_43' title='bbox 1901 786 1915 833; x_wconf 88' lang='lat'><strong>;</strong></span> <span class='ocrx_word' id='word_1_44' title='bbox 1948 777 2001 820; x_wconf 88' lang='lat' dir='ltr'><strong>et</strong></span> <span class='ocrx_word' id='word_1_45' title='bbox 2026 768 2169 819; x_wconf 86' lang='lat' dir='ltr'><strong>istud</strong></span> 
     </span>
    </p>
   </div>
   <div class='ocr_carea' id='block_1_9' title="bbox 603 855 2169 929">
    <p class='ocr_par' dir='ltr' id='par_1_9' title="bbox 603 855 2169 929">
     <span class='ocr_line' id='line_1_9' title="bbox 603 855 2169 929; baseline -0.008 -10"><span class='ocrx_word' id='word_1_46' title='bbox 603 866 668 919; x_wconf 91' lang='lat' dir='ltr'><strong>de</strong></span> <span class='ocrx_word' id='word_1_47' title='bbox 699 879 846 918; x_wconf 88' lang='lat' dir='ltr'><strong>more</strong></span> <span class='ocrx_word' id='word_1_48' title='bbox 880 864 1189 918; x_wconf 80' lang='lat' dir='ltr'><strong>faetitantes</strong></span> <span class='ocrx_word' id='word_1_49' title='bbox 1223 875 1499 929; x_wconf 85' lang='lat' dir='ltr'><strong>nunquam</strong></span> <span class='ocrx_word' id='word_1_50' title='bbox 1544 862 1802 915; x_wconf 75' lang='lat' dir='ltr'><strong>hactenus</strong></span> <span class='ocrx_word' id='word_1_51' title='bbox 1825 859 1965 928; x_wconf 91' lang='lat' dir='ltr'><strong>quod</strong></span> <span class='ocrx_word' id='word_1_52' title='bbox 1999 855 2169 910; x_wconf 89' lang='lat' dir='ltr'><strong>homi-</strong></span> 
     </span>
    </p>
   </div>
   <div class='ocr_carea' id='block_1_10' title="bbox 600 946 2167 1019">
    <p class='ocr_par' dir='ltr' id='par_1_10' title="bbox 600 946 2167 1019">
     <span class='ocr_line' id='line_1_10' title="bbox 600 946 2167 1019; baseline -0.007 -12"><span class='ocrx_word' id='word_1_53' title='bbox 600 968 722 1007; x_wconf 84' lang='lat' dir='ltr'><strong>nem</strong></span> <span class='ocrx_word' id='word_1_54' title='bbox 755 953 1014 1015; x_wconf 84' lang='lat' dir='ltr'><strong>colamus,</strong></span> <span class='ocrx_word' id='word_1_55' title='bbox 1062 950 1358 1004; x_wconf 92' lang='lat' dir='ltr'><strong>insimulati</strong></span> <span class='ocrx_word' id='word_1_56' title='bbox 1393 950 1630 1004; x_wconf 82' lang='lat' dir='ltr'><strong>fuimus:</strong></span> <span class='ocrx_word' id='word_1_57' title='bbox 1665 950 1786 1019; x_wconf 87' lang='lat' dir='ltr'><strong>quis</strong></span> <span class='ocrx_word' id='word_1_58' title='bbox 1819 947 2037 1000; x_wconf 88' lang='lat' dir='ltr'><strong>dubium</strong></span> <span class='ocrx_word' id='word_1_59' title='bbox 2071 946 2167 997; x_wconf 86' lang='lat' dir='ltr'><strong>ha-</strong></span> 
     </span>
    </p>
   </div>
   <div class='ocr_carea' id='block_1_11' title="bbox 600 1036 2168 1112">
    <p class='ocr_par' dir='ltr' id='par_1_11' title="bbox 600 1036 2168 1112">
     <span class='ocr_line' id='line_1_11' title="bbox 600 1036 2168 1112; baseline -0.008 -14"><span class='ocrx_word' id='word_1_60' title='bbox 600 1044 728 1098; x_wconf 86' lang='lat' dir='ltr'><strong>bere</strong></span> <span class='ocrx_word' id='word_1_61' title='bbox 772 1052 950 1112; x_wconf 87' lang='lat' dir='ltr'><strong>potest</strong></span> <span class='ocrx_word' id='word_1_62' title='bbox 1009 1041 1283 1096; x_wconf 80' lang='lat' dir='ltr'><strong>Christum</strong></span> <span class='ocrx_word' id='word_1_63' title='bbox 1353 1056 1457 1095; x_wconf 91' lang='lat' dir='ltr'><strong>non</strong></span> <span class='ocrx_word' id='word_1_64' title='bbox 1505 1056 1623 1095; x_wconf 92' lang='lat' dir='ltr'><strong>esse</strong></span> <span class='ocrx_word' id='word_1_65' title='bbox 1665 1053 1853 1106; x_wconf 87' lang='lat' dir='ltr'><strong>purum</strong></span> <span class='ocrx_word' id='word_1_66' title='bbox 1900 1036 2168 1089; x_wconf 87' lang='lat' dir='ltr'><strong>hominem</strong></span> 
     </span>
    </p>
   </div>
   <div class='ocr_carea' id='block_1_12' title="bbox 601 1126 2170 1203">
    <p class='ocr_par' dir='ltr' id='par_1_12' title="bbox 601 1126 2170 1203">
     <span class='ocr_line' id='line_1_12' title="bbox 601 1126 2170 1203; baseline -0.01 -11"><span class='ocrx_word' id='word_1_67' title='bbox 601 1140 740 1193; x_wconf 86' lang='lat' dir='ltr'><strong>nuda</strong></span> <span class='ocrx_word' id='word_1_68' title='bbox 796 1146 1000 1190; x_wconf 88' lang='lat' dir='ltr'><strong>tantum</strong></span> <span class='ocrx_word' id='word_1_69' title='bbox 1061 1133 1400 1203; x_wconf 87' lang='lat' dir='ltr'><strong>simplicique</strong></span> <span class='ocrx_word' id='word_1_70' title='bbox 1455 1148 1576 1186; x_wconf 90' lang='lat' dir='ltr'><strong>cum</strong></span> <span class='ocrx_word' id='word_1_71' title='bbox 1643 1130 1734 1184; x_wconf 88' lang='lat' dir='ltr'><strong>Dei</strong></span> <span class='ocrx_word' id='word_1_72' title='bbox 1798 1126 1975 1182; x_wconf 88' lang='lat' dir='ltr'><strong>Verbo</strong></span> <span class='ocrx_word' id='word_1_73' title='bbox 2043 1142 2170 1180; x_wconf 90' lang='lat' dir='ltr'><strong>con-</strong></span> 
     </span>
    </p>
   </div>
   <div class='ocr_carea' id='block_1_13' title="bbox 600 1216 2170 1287">
    <p class='ocr_par' dir='ltr' id='par_1_13' title="bbox 600 1216 2170 1287">
     <span class='ocr_line' id='line_1_13' title="bbox 600 1216 2170 1287; baseline -0.008 -8"><span class='ocrx_word' id='word_1_74' title='bbox 600 1223 830 1279; x_wconf 78' lang='lat' dir='ltr'><strong>nexione</strong></span> <span class='ocrx_word' id='word_1_75' title='bbox 859 1225 1213 1287; x_wconf 87' lang='lat' dir='ltr'><strong>honoratum;</strong></span> <span class='ocrx_word' id='word_1_76' title='bbox 1257 1237 1442 1275; x_wconf 84' lang='lat' dir='ltr'><strong>verum</strong></span> <span class='ocrx_word' id='word_1_77' title='bbox 1487 1219 1717 1274; x_wconf 85' lang='lat' dir='ltr'><strong>naturali</strong></span> <span class='ocrx_word' id='word_1_78' title='bbox 1759 1217 2053 1270; x_wconf 90' lang='lat' dir='ltr'><strong>secundum</strong></span> <span class='ocrx_word' id='word_1_79' title='bbox 2090 1216 2170 1268; x_wconf 93' lang='lat' dir='ltr'><strong>di-</strong></span> 
     </span>
    </p>
   </div>
   <div class='ocr_carea' id='block_1_14' title="bbox 600 1313 2171 1385">
    <p class='ocr_par' dir='ltr' id='par_1_14' title="bbox 600 1313 2171 1385">
     <span class='ocr_line' id='line_1_14' title="bbox 600 1313 2171 1385; baseline -0.008 -14"><span class='ocrx_word' id='word_1_80' title='bbox 600 1317 989 1385; x_wconf 81' lang='lat' dir='ltr'><strong>spensatoriam</strong></span> <span class='ocrx_word' id='word_1_81' title='bbox 1031 1314 1285 1367; x_wconf 90' lang='lat' dir='ltr'><strong>ttniouetn</strong></span> <span class='ocrx_word' id='word_1_82' title='bbox 1338 1328 1458 1366; x_wconf 91' lang='lat' dir='ltr'><strong>cum</strong></span> <span class='ocrx_word' id='word_1_83' title='bbox 1514 1313 1743 1364; x_wconf 89' lang='lat' dir='ltr'><strong>humana</strong></span> <span class='ocrx_word' id='word_1_84' title='bbox 1793 1317 1989 1362; x_wconf 88' lang='lat' dir='ltr'><strong>natura</strong></span> <span class='ocrx_word' id='word_1_85' title='bbox 2039 1323 2171 1361; x_wconf 87' lang='lat' dir='ltr'><strong>con-</strong></span> 
     </span>
    </p>
   </div>
   <div class='ocr_carea' id='block_1_15' title="bbox 597 1400 2171 1478">
    <p class='ocr_par' dir='ltr' id='par_1_15' title="bbox 597 1400 2171 1478">
     <span class='ocr_line' id='line_1_15' title="bbox 597 1400 2171 1478; baseline -0.006 -18"><span class='ocrx_word' id='word_1_86' title='bbox 597 1408 872 1478; x_wconf 86' lang='lat' dir='ltr'><strong>junctione</strong></span> <span class='ocrx_word' id='word_1_87' title='bbox 925 1421 1090 1460; x_wconf 90' lang='lat' dir='ltr'><strong>unum</strong></span> <span class='ocrx_word' id='word_1_88' title='bbox 1136 1419 1257 1458; x_wconf 88' lang='lat' dir='ltr'><strong>esse</strong></span> <span class='ocrx_word' id='word_1_89' title='bbox 1316 1402 1511 1456; x_wconf 82' lang='lat' dir='ltr'><strong>Filium</strong></span> <span class='ocrx_word' id='word_1_90' title='bbox 1557 1410 1611 1455; x_wconf 90' lang='lat' dir='ltr'><strong>et</strong></span> <span class='ocrx_word' id='word_1_91' title='bbox 1659 1400 1966 1461; x_wconf 87' lang='lat' dir='ltr'><strong>Dominum,</strong></span> <span class='ocrx_word' id='word_1_92' title='bbox 2012 1408 2171 1465; x_wconf 74' lang='lat' dir='ltr'><strong>atque</strong></span> 
     </span>
    </p>
   </div>
   <div class='ocr_carea' id='block_1_16' title="bbox 601 1488 2170 1565">
    <p class='ocr_par' dir='ltr' id='par_1_16' title="bbox 601 1488 2170 1565">
     <span class='ocr_line' id='line_1_16' title="bbox 601 1488 2170 1565; baseline -0.007 -14"><span class='ocrx_word' id='word_1_93' title='bbox 601 1499 719 1551; x_wconf 85' lang='lat' dir='ltr'><strong>ideo</strong></span> <span class='ocrx_word' id='word_1_94' title='bbox 748 1512 995 1565; x_wconf 81' lang='lat' dir='ltr'><strong>magnum</strong></span> <span class='ocrx_word' id='word_1_95' title='bbox 1022 1495 1236 1565; x_wconf 89' lang='lat' dir='ltr'><strong>pietatis</strong></span> <span class='ocrx_word' id='word_1_96' title='bbox 1259 1504 1654 1548; x_wconf 85' lang='lat' dir='ltr'><strong>sacramentum</strong></span> <span class='ocrx_word' id='word_1_97' title='bbox 1681 1491 1913 1544; x_wconf 75' lang='lat' dir='ltr'><strong>eluxisse</strong></span> <span class='ocrx_word' id='word_1_98' title='bbox 1936 1488 2170 1541; x_wconf 91' lang='lat' dir='ltr'><strong>mundo?</strong></span> 
     </span>
    </p>
   </div>
   <div class='ocr_carea' id='block_1_17' title="bbox 599 1579 2171 1651">
    <p class='ocr_par' dir='ltr' id='par_1_17' title="bbox 599 1579 2171 1651">
     <span class='ocr_line' id='line_1_17' title="bbox 599 1579 2171 1651; baseline -0.005 -12"><span class='ocrx_word' id='word_1_99' title='bbox 599 1585 735 1639; x_wconf 79' lang='lat' dir='ltr'><strong>Nam</strong></span> <span class='ocrx_word' id='word_1_100' title='bbox 781 1585 921 1639; x_wconf 87' lang='lat' dir='ltr'><strong>Deus</strong></span> <span class='ocrx_word' id='word_1_101' title='bbox 961 1585 1194 1638; x_wconf 86' lang='lat' dir='ltr'><strong>Verbum</strong></span> <span class='ocrx_word' id='word_1_102' title='bbox 1246 1585 1494 1651; x_wconf 80' lang='lat' dir='ltr'><strong>apparuit</strong></span> <span class='ocrx_word' id='word_1_103' title='bbox 1533 1583 1582 1634; x_wconf 87' lang='lat' dir='ltr'><strong>itt</strong></span> <span class='ocrx_word' id='word_1_104' title='bbox 1631 1596 1814 1644; x_wconf 89' lang='lat' dir='ltr'><strong>carne,</strong></span> <span class='ocrx_word' id='word_1_105' title='bbox 1845 1579 2171 1647; x_wconf 76' lang='lat' dir='ltr'><strong>justifieatus</strong></span> 
     </span>
    </p>
   </div>
   <div class='ocr_carea' id='block_1_18' title="bbox 602 1670 2172 1743">
    <p class='ocr_par' dir='ltr' id='par_1_18' title="bbox 602 1670 2172 1743">
     <span class='ocr_line' id='line_1_18' title="bbox 602 1670 2172 1743; baseline -0.006 -13"><span class='ocrx_word' id='word_1_106' title='bbox 602 1685 682 1730; x_wconf 91' lang='lat' dir='ltr'><strong>est</strong></span> <span class='ocrx_word' id='word_1_107' title='bbox 715 1676 765 1728; x_wconf 91' lang='lat' dir='ltr'><strong>in</strong></span> <span class='ocrx_word' id='word_1_108' title='bbox 795 1675 994 1742; x_wconf 89' lang='lat' dir='ltr'><strong>Spiritu</strong></span> <span class='ocrx_word' id='word_1_109' title='bbox 1029 1674 1252 1743; x_wconf 92' lang='lat' dir='ltr'><strong>(nullum</strong></span> <span class='ocrx_word' id='word_1_110' title='bbox 1286 1676 1430 1728; x_wconf 89' lang='lat' dir='ltr'><strong>enim</strong></span> <span class='ocrx_word' id='word_1_111' title='bbox 1470 1682 1746 1741; x_wconf 87' lang='lat' dir='ltr'><strong>peceatum</strong></span> <span class='ocrx_word' id='word_1_112' title='bbox 1787 1670 2042 1724; x_wconf 88' lang='lat' dir='ltr'><strong>Dominus</strong></span> <span class='ocrx_word' id='word_1_113' title='bbox 2076 1685 2172 1720; x_wconf 90' lang='lat' dir='ltr'><strong>no-</strong></span> 
     </span>
    </p>
   </div>
   <div class='ocr_carea' id='block_1_19' title="bbox 600 1762 2169 1836">
    <p class='ocr_par' dir='ltr' id='par_1_19' title="bbox 600 1762 2169 1836">
     <span class='ocr_line' id='line_1_19' title="bbox 600 1762 2169 1836; baseline -0.003 -17"><span class='ocrx_word' id='word_1_114' title='bbox 600 1778 714 1822; x_wconf 89' lang='lat' dir='ltr'><strong>ster</strong></span> <span class='ocrx_word' id='word_1_115' title='bbox 756 1767 1049 1836; x_wconf 81' lang='lat' dir='ltr'><strong>designat),</strong></span> <span class='ocrx_word' id='word_1_116' title='bbox 1075 1768 1224 1821; x_wconf 84' lang='lat' dir='ltr'><strong>visus</strong></span> <span class='ocrx_word' id='word_1_117' title='bbox 1261 1777 1342 1820; x_wconf 84' lang='lat' dir='ltr'><strong>est</strong></span> <span class='ocrx_word' id='word_1_118' title='bbox 1370 1778 1423 1820; x_wconf 90' lang='lat' dir='ltr'><strong>et</strong></span> <span class='ocrx_word' id='word_1_119' title='bbox 1447 1765 1669 1833; x_wconf 80' lang='lat' dir='ltr'><strong>angelis,</strong></span> <span class='ocrx_word' id='word_1_120' title='bbox 1712 1773 1765 1816; x_wconf 91' lang='lat' dir='ltr'><strong>ttt</strong></span> <span class='ocrx_word' id='word_1_121' title='bbox 1795 1764 1882 1831; x_wconf 87' lang='lat' dir='ltr'><strong>qui</strong></span> <span class='ocrx_word' id='word_1_122' title='bbox 1915 1762 2169 1815; x_wconf 83' lang='lat' dir='ltr'><strong>nativita-</strong></span> 
     </span>
    </p>
   </div>
   <div class='ocr_carea' id='block_1_20' title="bbox 2270 579 3841 652">
    <p class='ocr_par' dir='ltr' id='par_1_20' title="bbox 2270 579 3841 652">
     <span class='ocr_line' id='line_1_20' title="bbox 2270 579 3841 652; baseline 0.001 -18"><span class='ocrx_word' id='word_1_123' title='bbox 2270 600 2325 634; x_wconf 86' lang='grc' dir='ltr'><strong>τε</strong></span> <span class='ocrx_word' id='word_1_124' title='bbox 2352 624 2365 646; x_wconf 86' lang='grc'><strong>,</strong></span> <span class='ocrx_word' id='word_1_125' title='bbox 2402 582 2491 634; x_wconf 73' lang='grc' dir='ltr'>τὸν</span> <span class='ocrx_word' id='word_1_126' title='bbox 2535 582 2761 635; x_wconf 80' lang='grc' dir='ltr'>θάνατον</span> <span class='ocrx_word' id='word_1_127' title='bbox 2795 579 2958 632; x_wconf 80' lang='grc' dir='ltr'>αὑτοῦ</span> <span class='ocrx_word' id='word_1_128' title='bbox 2996 579 3456 647; x_wconf 81' lang='grc' dir='ltr'>καταγγέλλοντες</span> <span class='ocrx_word' id='word_1_129' title='bbox 3479 620 3492 642; x_wconf 97' lang='grc'><strong>,</strong></span> <span class='ocrx_word' id='word_1_130' title='bbox 3524 585 3617 634; x_wconf 78' lang='grc' dir='ltr'><strong>καὶ</strong></span> <span class='ocrx_word' id='word_1_131' title='bbox 3643 583 3841 652; x_wconf 83' lang='grc' dir='ltr'>ὁμολο-</span> 
     </span>
    </p>
   </div>
   <div class='ocr_carea' id='block_1_21' title="bbox 2269 672 3836 745">
    <p class='ocr_par' dir='ltr' id='par_1_21' title="bbox 2269 672 3836 745">
     <span class='ocr_line' id='line_1_21' title="bbox 2269 672 3836 745; baseline 0.003 -20"><span class='ocrx_word' id='word_1_132' title='bbox 2269 674 2492 739; x_wconf 81' lang='grc' dir='ltr'>γοῦντες</span> <span class='ocrx_word' id='word_1_133' title='bbox 2531 675 2626 745; x_wconf 80' lang='grc' dir='ltr'><strong>τὴν</strong></span> <span class='ocrx_word' id='word_1_134' title='bbox 2671 672 2996 726; x_wconf 59' lang='grc' dir='ltr'>ἀνάστασιν</span> <span class='ocrx_word' id='word_1_135' title='bbox 3037 673 3130 725; x_wconf 78' lang='grc' dir='ltr'><strong>καὶ</strong></span> <span class='ocrx_word' id='word_1_136' title='bbox 3170 672 3326 726; x_wconf 87' lang='grc' dir='ltr'>τοῦτο</span> <span class='ocrx_word' id='word_1_137' title='bbox 3367 672 3498 742; x_wconf 82' lang='grc' dir='ltr'>δρᾷν</span> <span class='ocrx_word' id='word_1_138' title='bbox 3546 677 3795 740; x_wconf 77' lang='grc' dir='ltr'><strong>εἰωθότες</strong></span> <span class='ocrx_word' id='word_1_139' title='bbox 3821 716 3836 736; x_wconf 89' lang='grc'><strong>.</strong></span> 
     </span>
    </p>
   </div>
   <div class='ocr_carea' id='block_1_22' title="bbox 2268 762 3841 836">
    <p class='ocr_par' dir='ltr' id='par_1_22' title="bbox 2268 762 3841 836">
     <span class='ocr_line' id='line_1_22' title="bbox 2268 762 3841 836; baseline 0.003 -22"><span class='ocrx_word' id='word_1_140' title='bbox 2268 767 2379 826; x_wconf 86' lang='grc' dir='ltr'>τοῖς</span> <span class='ocrx_word' id='word_1_141' title='bbox 2407 763 2911 836; x_wconf 76' lang='grc' dir='ltr'>ἀνθρωπολατρείας</span> <span class='ocrx_word' id='word_1_142' title='bbox 2938 762 3244 832; x_wconf 84' lang='grc' dir='ltr'>ἐγκλήμασι</span> <span class='ocrx_word' id='word_1_143' title='bbox 3273 764 3393 817; x_wconf 89' lang='grc' dir='ltr'>κατ’</span> <span class='ocrx_word' id='word_1_144' title='bbox 3421 764 3608 818; x_wconf 82' lang='grc' dir='ltr'>ούδένα</span> <span class='ocrx_word' id='word_1_145' title='bbox 3637 768 3841 836; x_wconf 82' lang='grc' dir='ltr'>τρόπον</span> 
     </span>
    </p>
   </div>
   <div class='ocr_carea' id='block_1_23' title="bbox 2269 851 3840 927">
    <p class='ocr_par' dir='ltr' id='par_1_23' title="bbox 2269 851 3840 927">
     <span class='ocr_line' id='line_1_23' title="bbox 2269 851 3840 927; baseline 0.004 -24"><span class='ocrx_word' id='word_1_146' title='bbox 2269 852 2624 923; x_wconf 78' lang='grc' dir='ltr'>ἐνισχήμεθα.</span> <span class='ocrx_word' id='word_1_147' title='bbox 2657 854 2768 907; x_wconf 82' lang='grc' dir='ltr'>Οὐκ</span> <span class='ocrx_word' id='word_1_148' title='bbox 2799 854 2905 922; x_wconf 76' lang='grc' dir='ltr'>ἄρα</span> <span class='ocrx_word' id='word_1_149' title='bbox 2937 851 3065 920; x_wconf 75' lang='grc' dir='ltr'>ψιλῇ</span> <span class='ocrx_word' id='word_1_150' title='bbox 3115 855 3379 925; x_wconf 79' lang='grc' dir='ltr'>συναφείᾳ</span> <span class='ocrx_word' id='word_1_151' title='bbox 3421 859 3486 927; x_wconf 79' lang='grc' dir='ltr'><strong>τῇ</strong></span> <span class='ocrx_word' id='word_1_152' title='bbox 3529 858 3662 927; x_wconf 75' lang='grc' dir='ltr'>πρὸς</span> <span class='ocrx_word' id='word_1_153' title='bbox 3704 857 3840 910; x_wconf 82' lang='grc' dir='ltr'>Θεὸν</span> 
     </span>
    </p>
   </div>
   <div class='ocr_carea' id='block_1_24' title="bbox 2269 942 3840 1017">
    <p class='ocr_par' dir='ltr' id='par_1_24' title="bbox 2269 942 3840 1017">
     <span class='ocr_line' id='line_1_24' title="bbox 2269 942 3840 1017; baseline 0.006 -26"><span class='ocrx_word' id='word_1_154' title='bbox 2269 942 2441 1008; x_wconf 85' lang='grc' dir='ltr'><strong>Λόγον</strong></span> <span class='ocrx_word' id='word_1_155' title='bbox 2479 947 2837 1015; x_wconf 82' lang='grc' dir='ltr'><strong>τετιμημένος</strong></span> <span class='ocrx_word' id='word_1_156' title='bbox 2861 943 3207 1013; x_wconf 81' lang='grc' dir='ltr'>ἄνθρωποςῖὸ</span> <span class='ocrx_word' id='word_1_157' title='bbox 3236 945 3466 1013; x_wconf 84' lang='grc' dir='ltr'>Χριστὸς</span> <span class='ocrx_word' id='word_1_158' title='bbox 3543 948 3741 1017; x_wconf 84' lang='grc' dir='ltr'><strong>συνόδῳ</strong></span> <span class='ocrx_word' id='word_1_159' title='bbox 3777 950 3840 1002; x_wconf 83' lang='grc' dir='ltr'>δὲ</span> 
     </span>
    </p>
   </div>
   <div class='ocr_carea' id='block_1_25' title="bbox 2272 1032 3838 1106">
    <p class='ocr_par' dir='ltr' id='par_1_25' title="bbox 2272 1032 3838 1106">
     <span class='ocr_line' id='line_1_25' title="bbox 2272 1032 3838 1106; baseline 0.006 -24"><span class='ocrx_word' id='word_1_160' title='bbox 2272 1032 2470 1101; x_wconf 82' lang='grc' dir='ltr'>μᾶλλον</span> <span class='ocrx_word' id='word_1_161' title='bbox 2496 1040 2559 1106; x_wconf 81' lang='grc' dir='ltr'><strong>τῇ</strong></span> <span class='ocrx_word' id='word_1_162' title='bbox 2599 1038 2733 1106; x_wconf 70' lang='grc' dir='ltr'>προς</span> <span class='ocrx_word' id='word_1_163' title='bbox 2767 1036 2830 1088; x_wconf 84' lang='grc' dir='ltr'><strong>τὸ</strong></span> <span class='ocrx_word' id='word_1_164' title='bbox 2860 1033 3195 1104; x_wconf 83' lang='grc' dir='ltr'>ἀνθρώπινον</span> <span class='ocrx_word' id='word_1_165' title='bbox 3235 1035 3353 1087; x_wconf 82' lang='grc' dir='ltr'>καθ’</span> <span class='ocrx_word' id='word_1_166' title='bbox 3399 1038 3590 1090; x_wconf 78' lang='grc' dir='ltr'>ἕνωσιν</span> <span class='ocrx_word' id='word_1_167' title='bbox 3627 1040 3838 1092; x_wconf 87' lang='grc' dir='ltr'>οἰκονο-</span> 
     </span>
    </p>
   </div>
   <div class='ocr_carea' id='block_1_26' title="bbox 2273 1121 3842 1197">
    <p class='ocr_par' dir='ltr' id='par_1_26' title="bbox 2273 1121 3842 1197">
     <span class='ocr_line' id='line_1_26' title="bbox 2273 1121 3842 1197; baseline 0.006 -24"><span class='ocrx_word' id='word_1_168' title='bbox 2273 1122 2438 1191; x_wconf 85' lang='grc' dir='ltr'>μικὴν</span> <span class='ocrx_word' id='word_1_169' title='bbox 2465 1123 2590 1186; x_wconf 76' lang='grc' dir='ltr'>Υἱὸς</span> <span class='ocrx_word' id='word_1_170' title='bbox 2617 1121 2694 1188; x_wconf 75' lang='grc' dir='ltr'>εἷς</span> <span class='ocrx_word' id='word_1_171' title='bbox 2743 1127 2836 1177; x_wconf 79' lang='grc' dir='ltr'><strong>καὶ</strong></span> <span class='ocrx_word' id='word_1_172' title='bbox 2881 1125 3103 1195; x_wconf 85' lang='grc' dir='ltr'>Κύριος.</span> <span class='ocrx_word' id='word_1_173' title='bbox 3151 1123 3307 1188; x_wconf 89' lang='grc' dir='ltr'>Μέγα</span> <span class='ocrx_word' id='word_1_174' title='bbox 3342 1123 3450 1196; x_wconf 79' lang='grc' dir='ltr'><strong>γὰρ</strong></span> <span class='ocrx_word' id='word_1_175' title='bbox 3481 1128 3600 1180; x_wconf 88' lang='grc' dir='ltr'>τότε</span> <span class='ocrx_word' id='word_1_176' title='bbox 3634 1129 3695 1180; x_wconf 86' lang='grc' dir='ltr'><strong>τὸ</strong></span> <span class='ocrx_word' id='word_1_177' title='bbox 3737 1128 3842 1197; x_wconf 83' lang='grc' dir='ltr'>τῆς</span> 
     </span>
    </p>
   </div>
   <div class='ocr_carea' id='block_1_27' title="bbox 2268 1215 3843 1289">
    <p class='ocr_par' dir='ltr' id='par_1_27' title="bbox 2268 1215 3843 1289">
     <span class='ocr_line' id='line_1_27' title="bbox 2268 1215 3843 1289; baseline 0.005 -24"><span class='ocrx_word' id='word_1_178' title='bbox 2268 1215 2549 1277; x_wconf 81' lang='grc' dir='ltr'>εὐσεϐείας</span> <span class='ocrx_word' id='word_1_179' title='bbox 2596 1219 2924 1287; x_wconf 78' lang='grc' dir='ltr'>μυστήριον’</span> <span class='ocrx_word' id='word_1_180' title='bbox 2974 1217 3355 1287; x_wconf 82' lang='grc' dir='ltr'>πεφανέρωται</span> <span class='ocrx_word' id='word_1_181' title='bbox 3407 1215 3513 1287; x_wconf 84' lang='grc' dir='ltr'>γὰρ</span> <span class='ocrx_word' id='word_1_182' title='bbox 3567 1221 3623 1270; x_wconf 81' lang='grc' dir='ltr'>ὲν</span> <span class='ocrx_word' id='word_1_183' title='bbox 3673 1221 3843 1289; x_wconf 79' lang='grc' dir='ltr'>σαρκὶ</span> 
     </span>
    </p>
   </div>
   <div class='ocr_carea' id='block_1_28' title="bbox 2270 1304 3840 1376">
    <p class='ocr_par' dir='ltr' id='par_1_28' title="bbox 2270 1304 3840 1376">
     <span class='ocr_line' id='line_1_28' title="bbox 2270 1304 3840 1376; baseline 0.003 -18"><span class='ocrx_word' id='word_1_184' title='bbox 2270 1305 2398 1368; x_wconf 86' lang='grc' dir='ltr'>Θεὸς</span> <span class='ocrx_word' id='word_1_185' title='bbox 2420 1304 2493 1357; x_wconf 81' lang='grc' dir='ltr'><strong>ὢν</strong></span> <span class='ocrx_word' id='word_1_186' title='bbox 2517 1307 2544 1358; x_wconf 99' lang='lat'><strong>6</strong></span> <span class='ocrx_word' id='word_1_187' title='bbox 2573 1307 2770 1373; x_wconf 78' lang='grc' dir='ltr'>Λόγος,</span> <span class='ocrx_word' id='word_1_188' title='bbox 2807 1307 3096 1376; x_wconf 79' lang='grc' dir='ltr'>ἐδικαιώθη</span> <span class='ocrx_word' id='word_1_189' title='bbox 3123 1307 3178 1359; x_wconf 84' lang='grc' dir='ltr'>δὲ</span> <span class='ocrx_word' id='word_1_190' title='bbox 3207 1306 3299 1359; x_wconf 71' lang='grc' dir='ltr'><strong>καὶ</strong></span> <span class='ocrx_word' id='word_1_191' title='bbox 3328 1309 3385 1358; x_wconf 82' lang='grc' dir='ltr'>ὲν</span> <span class='ocrx_word' id='word_1_192' title='bbox 3423 1308 3699 1376; x_wconf 86' lang='grc' dir='ltr'>Πνεύματι</span> <span class='ocrx_word' id='word_1_193' title='bbox 3718 1327 3730 1339; x_wconf 73' lang='grc'><strong><em>⁸</em></strong></span> <span class='ocrx_word' id='word_1_194' title='bbox 3773 1310 3840 1362; x_wconf 86' lang='grc' dir='ltr'><strong>οὑ</strong></span> 
     </span>
    </p>
   </div>
   <div class='ocr_carea' id='block_1_29' title="bbox 2269 1397 3841 1470">
    <p class='ocr_par' dir='ltr' id='par_1_29' title="bbox 2269 1397 3841 1470">
     <span class='ocr_line' id='line_1_29' title="bbox 2269 1397 3841 1470; baseline 0.003 -22"><span class='ocrx_word' id='word_1_195' title='bbox 2269 1397 2376 1466; x_wconf 81' lang='grc' dir='ltr'><strong>γὰρ</strong></span> <span class='ocrx_word' id='word_1_196' title='bbox 2403 1397 2652 1464; x_wconf 78' lang='grc' dir='ltr'>ἐποίησεν</span> <span class='ocrx_word' id='word_1_197' title='bbox 2682 1398 2953 1466; x_wconf 78' lang='grc' dir='ltr'>ἁμαρτίαν</span> <span class='ocrx_word' id='word_1_198' title='bbox 2986 1402 3014 1451; x_wconf 93' lang='lat'><strong>6</strong></span> <span class='ocrx_word' id='word_1_199' title='bbox 3040 1398 3242 1468; x_wconf 87' lang='grc' dir='ltr'>Κύριος</span> <span class='ocrx_word' id='word_1_200' title='bbox 3263 1397 3421 1468; x_wconf 79' lang='grc' dir='ltr'>ἡμῶν</span> <span class='ocrx_word' id='word_1_201' title='bbox 3471 1399 3676 1468; x_wconf 85' lang='grc' dir='ltr'>Ἰησοῦς</span> <span class='ocrx_word' id='word_1_202' title='bbox 3701 1401 3841 1470; x_wconf 89' lang='grc' dir='ltr'>Χρι-</span> 
     </span>
    </p>
   </div>
   <div class='ocr_carea' id='block_1_30' title="bbox 2273 1487 3840 1562">
    <p class='ocr_par' dir='ltr' id='par_1_30' title="bbox 2273 1487 3840 1562">
     <span class='ocr_line' id='line_1_30' title="bbox 2273 1487 3840 1562; baseline 0.003 -22"><span class='ocrx_word' id='word_1_203' title='bbox 2273 1489 2422 1550; x_wconf 82' lang='grc' dir='ltr'>στός·</span> <span class='ocrx_word' id='word_1_204' title='bbox 2469 1487 2622 1556; x_wconf 63' lang='grc' dir='ltr'>ὤφθη</span> <span class='ocrx_word' id='word_1_205' title='bbox 2671 1487 2727 1539; x_wconf 83' lang='grc' dir='ltr'>δὲ</span> <span class='ocrx_word' id='word_1_206' title='bbox 2768 1489 2861 1540; x_wconf 71' lang='grc' dir='ltr'><strong>καὶ</strong></span> <span class='ocrx_word' id='word_1_207' title='bbox 2905 1490 3192 1557; x_wconf 84' lang='grc' dir='ltr'>ἀγγέλοις,</span> <span class='ocrx_word' id='word_1_208' title='bbox 3241 1489 3289 1541; x_wconf 83' lang='grc' dir='ltr'>οἳ</span> <span class='ocrx_word' id='word_1_209' title='bbox 3337 1488 3434 1559; x_wconf 84' lang='grc' dir='ltr'><strong>τὴν</strong></span> <span class='ocrx_word' id='word_1_210' title='bbox 3489 1490 3840 1562; x_wconf 79' lang='grc' dir='ltr'>ἀνθρωπίνην</span> 
     </span>
    </p>
   </div>
   <div class='ocr_carea' id='block_1_31' title="bbox 2271 1579 3841 1650">
    <p class='ocr_par' dir='ltr' id='par_1_31' title="bbox 2271 1579 3841 1650">
     <span class='ocr_line' id='line_1_31' title="bbox 2271 1579 3841 1650; baseline 0.001 -16"><span class='ocrx_word' id='word_1_211' title='bbox 2271 1580 2434 1634; x_wconf 71' lang='grc' dir='ltr'>αὐτοῦ</span> <span class='ocrx_word' id='word_1_212' title='bbox 2460 1579 2711 1649; x_wconf 81' lang='grc' dir='ltr'>γέννησιν</span> <span class='ocrx_word' id='word_1_213' title='bbox 2752 1582 2851 1632; x_wconf 88' lang='grc' dir='ltr'><strong>ούκ</strong></span> <span class='ocrx_word' id='word_1_214' title='bbox 2878 1583 3204 1650; x_wconf 77' lang='grc' dir='ltr'>ἠγνοηκότες</span> <span class='ocrx_word' id='word_1_215' title='bbox 3234 1581 3496 1650; x_wconf 77' lang='grc' dir='ltr'>ἔφασκον·</span> <span class='ocrx_word' id='word_1_216' title='bbox 3553 1602 3569 1631; x_wconf 80' lang='lat' dir='ltr'><strong>t</strong></span> <span class='ocrx_word' id='word_1_217' title='bbox 3608 1584 3742 1648; x_wconf 79' lang='grc' dir='ltr'>Δόξα</span> <span class='ocrx_word' id='word_1_218' title='bbox 3780 1587 3841 1635; x_wconf 82' lang='grc' dir='ltr'>ἐν</span> 
     </span>
    </p>
   </div>
   <div class='ocr_carea' id='block_1_32' title="bbox 2272 1670 3840 1744">
    <p class='ocr_par' dir='ltr' id='par_1_32' title="bbox 2272 1670 3840 1744">
     <span class='ocr_line' id='line_1_32' title="bbox 2272 1670 3840 1744; baseline 0.001 -20"><span class='ocrx_word' id='word_1_219' title='bbox 2272 1670 2512 1740; x_wconf 77' lang='grc' dir='ltr'>ὑψίστοις</span> <span class='ocrx_word' id='word_1_220' title='bbox 2550 1670 2701 1740; x_wconf 79' lang='grc' dir='ltr'>Θεῷ,</span> <span class='ocrx_word' id='word_1_221' title='bbox 2734 1673 2828 1723; x_wconf 74' lang='grc' dir='ltr'><strong>καὶ</strong></span> <span class='ocrx_word' id='word_1_222' title='bbox 2871 1672 2965 1724; x_wconf 74' lang='grc' dir='ltr'>ἐπὶ</span> <span class='ocrx_word' id='word_1_223' title='bbox 3006 1674 3107 1740; x_wconf 83' lang='grc' dir='ltr'><strong>γῆς</strong></span> <span class='ocrx_word' id='word_1_224' title='bbox 3157 1674 3382 1743; x_wconf 72' lang='grc' dir='ltr'>εἰρήνη,</span> <span class='ocrx_word' id='word_1_225' title='bbox 3427 1677 3483 1726; x_wconf 81' lang='grc' dir='ltr'>ὲν</span> <span class='ocrx_word' id='word_1_226' title='bbox 3530 1674 3840 1744; x_wconf 81' lang='grc' dir='ltr'>ἀνθρώποις</span> 
     </span>
    </p>
   </div>
   <div class='ocr_carea' id='block_1_33' title="bbox 2271 1760 3840 1830">
    <p class='ocr_par' dir='ltr' id='par_1_33' title="bbox 2271 1760 3840 1830">
     <span class='ocr_line' id='line_1_33' title="bbox 2271 1760 3840 1830; baseline 0.003 -16"><span class='ocrx_word' id='word_1_227' title='bbox 2271 1762 2507 1814; x_wconf 84' lang='grc' dir='ltr'>εὐδοκία.</span> <span class='ocrx_word' id='word_1_228' title='bbox 2542 1780 2559 1812; x_wconf 72' lang='grc' dir='ltr'><strong>ι</strong></span> <span class='ocrx_word' id='word_1_229' title='bbox 2606 1760 2913 1830; x_wconf 86' lang='grc' dir='ltr'>Ἐκηρύχθη</span> <span class='ocrx_word' id='word_1_230' title='bbox 2942 1761 2999 1812; x_wconf 78' lang='grc' dir='ltr'><strong>δὲ</strong></span> <span class='ocrx_word' id='word_1_231' title='bbox 3023 1763 3118 1813; x_wconf 70' lang='grc' dir='ltr'><strong>καὶ</strong></span> <span class='ocrx_word' id='word_1_232' title='bbox 3141 1763 3198 1814; x_wconf 81' lang='grc' dir='ltr'>ὲν</span> <span class='ocrx_word' id='word_1_233' title='bbox 3223 1763 3402 1815; x_wconf 79' lang='grc' dir='ltr'>ἔθνεσι</span> <span class='ocrx_word' id='word_1_234' title='bbox 3429 1781 3440 1794; x_wconf 88' lang='grc'><strong>·</strong></span> <span class='ocrx_word' id='word_1_235' title='bbox 3470 1766 3562 1817; x_wconf 76' lang='grc' dir='ltr'><strong>καὶ</strong></span> <span class='ocrx_word' id='word_1_236' title='bbox 3588 1766 3668 1818; x_wconf 82' lang='grc' dir='ltr'>ὅτι</span> <span class='ocrx_word' id='word_1_237' title='bbox 3692 1767 3840 1818; x_wconf 80' lang='grc' dir='ltr'><strong>κατά</strong></span> 
     </span>
    </p>
   </div>
   <div class='ocr_carea' id='block_1_34' title="bbox 599 1844 2164 1926">
    <p class='ocr_par' dir='ltr' id='par_1_34' title="bbox 599 1851 2159 1922">
     <span class='ocr_line' id='line_1_34' title="bbox 599 1851 2159 1922; baseline -0.004 -13"><span class='ocrx_word' id='word_1_238' title='bbox 599 1866 704 1911; x_wconf 90' lang='lat' dir='ltr'><strong>tem</strong></span> <span class='ocrx_word' id='word_1_239' title='bbox 744 1858 858 1922; x_wconf 80' lang='lat' dir='ltr'><strong>ejus</strong></span> <span class='ocrx_word' id='word_1_240' title='bbox 887 1856 1181 1908; x_wconf 85' lang='lat' dir='ltr'><strong>secundum</strong></span> <span class='ocrx_word' id='word_1_241' title='bbox 1212 1868 1426 1908; x_wconf 88' lang='lat' dir='ltr'><strong>carnem</strong></span> <span class='ocrx_word' id='word_1_242' title='bbox 1461 1869 1563 1906; x_wconf 89' lang='lat' dir='ltr'><strong>nou</strong></span> <span class='ocrx_word' id='word_1_243' title='bbox 1597 1853 1906 1920; x_wconf 79' lang='lat' dir='ltr'><strong>ignorantes</strong></span> <span class='ocrx_word' id='word_1_244' title='bbox 1936 1869 1949 1905; x_wconf 87' lang='lat'><strong>:</strong></span> <span class='ocrx_word' id='word_1_245' title='bbox 1981 1869 1998 1901; x_wconf 84' lang='lat' dir='ltr'><strong>t</strong></span> <span class='ocrx_word' id='word_1_246' title='bbox 2035 1851 2159 1904; x_wconf 87' lang='lat' dir='ltr'><strong>Glo-</strong></span> 
     </span>
    </p>
   </div>
   <div class='ocr_carea' id='block_1_35' title="bbox 2267 1844 3842 1926">
    <p class='ocr_par' dir='ltr' id='par_1_35' title="bbox 2267 1852 3842 1926">
     <span class='ocr_line' id='line_1_35' title="bbox 2267 1852 3842 1926; baseline 0.001 -21"><span class='ocrx_word' id='word_1_247' title='bbox 2267 1855 2519 1923; x_wconf 80' lang='grc' dir='ltr'>ἀλήθειάν</span> <span class='ocrx_word' id='word_1_248' title='bbox 2562 1856 2706 1907; x_wconf 74' lang='grc' dir='ltr'>ἐστιν</span> <span class='ocrx_word' id='word_1_249' title='bbox 2732 1857 2759 1906; x_wconf 85' lang='grc' dir='ltr'>ὁ</span> <span class='ocrx_word' id='word_1_250' title='bbox 2803 1853 2929 1915; x_wconf 72' lang='grc' dir='ltr'>Υἱὸς</span> <span class='ocrx_word' id='word_1_251' title='bbox 2971 1852 3065 1904; x_wconf 84' lang='grc' dir='ltr'><strong>τοῦ</strong></span> <span class='ocrx_word' id='word_1_252' title='bbox 3099 1853 3233 1905; x_wconf 87' lang='grc' dir='ltr'>Θεοῦ</span> <span class='ocrx_word' id='word_1_253' title='bbox 3260 1854 3356 1906; x_wconf 76' lang='grc' dir='ltr'>καὶ</span> <span class='ocrx_word' id='word_1_254' title='bbox 3382 1857 3621 1926; x_wconf 79' lang='grc' dir='ltr'>Πατρὸς,</span> <span class='ocrx_word' id='word_1_255' title='bbox 3655 1858 3746 1908; x_wconf 75' lang='grc' dir='ltr'><strong>καὶ</strong></span> <span class='ocrx_word' id='word_1_256' title='bbox 3779 1857 3842 1907; x_wconf 80' lang='grc' dir='ltr'>ὲν</span> 
     </span>
    </p>
   </div>
   <div class='ocr_carea' id='block_1_36' title="bbox 596 1943 2160 2009">
    <p class='ocr_par' dir='ltr' id='par_1_36' title="bbox 596 1943 2160 2009">
     <span class='ocr_line' id='line_1_36' title="bbox 596 1943 2160 2009; baseline -0.002 -10"><span class='ocrx_word' id='word_1_257' title='bbox 596 1948 676 1999; x_wconf 89' lang='lat' dir='ltr'><strong>ria</strong></span> <span class='ocrx_word' id='word_1_258' title='bbox 709 1948 758 1999; x_wconf 91' lang='lat' dir='ltr'><strong>in</strong></span> <span class='ocrx_word' id='word_1_259' title='bbox 792 1947 1068 2000; x_wconf 85' lang='lat' dir='ltr'><strong>altissimis</strong></span> <span class='ocrx_word' id='word_1_260' title='bbox 1101 1947 1228 2006; x_wconf 89' lang='lat' dir='ltr'><strong>Deo,</strong></span> <span class='ocrx_word' id='word_1_261' title='bbox 1265 1955 1316 1997; x_wconf 89' lang='lat' dir='ltr'><strong>et</strong></span> <span class='ocrx_word' id='word_1_262' title='bbox 1350 1946 1400 1997; x_wconf 89' lang='lat' dir='ltr'><strong>in</strong></span> <span class='ocrx_word' id='word_1_263' title='bbox 1439 1953 1578 1997; x_wconf 88' lang='lat' dir='ltr'><strong>terra</strong></span> <span class='ocrx_word' id='word_1_264' title='bbox 1614 1958 1738 2009; x_wconf 85' lang='lat' dir='ltr'><strong>pax,</strong></span> <span class='ocrx_word' id='word_1_265' title='bbox 1766 1945 1818 1997; x_wconf 90' lang='lat' dir='ltr'><strong>in</strong></span> <span class='ocrx_word' id='word_1_266' title='bbox 1856 1943 2160 1996; x_wconf 86' lang='lat' dir='ltr'><strong>hominibus</strong></span> 
     </span>
    </p>
   </div>
   <div class='ocr_carea' id='block_1_37' title="bbox 2269 1944 3728 2016">
    <p class='ocr_par' dir='ltr' id='par_1_37' title="bbox 2269 1944 3728 2016">
     <span class='ocr_line' id='line_1_37' title="bbox 2269 1944 3728 2016; baseline 0.003 -19"><span class='ocrx_word' id='word_1_267' title='bbox 2269 1947 2432 2015; x_wconf 78' lang='grc' dir='ltr'>σαρκὶ</span> <span class='ocrx_word' id='word_1_268' title='bbox 2462 1945 2718 2016; x_wconf 74' lang='grc' dir='ltr'>πεφηνὼς</span> <span class='ocrx_word' id='word_1_269' title='bbox 2737 1985 2751 2008; x_wconf 92' lang='grc'><strong>,</strong></span> <span class='ocrx_word' id='word_1_270' title='bbox 2776 1944 2927 2014; x_wconf 84' lang='grc' dir='ltr'>παρὰ</span> <span class='ocrx_word' id='word_1_271' title='bbox 2951 1945 3060 2006; x_wconf 85' lang='grc' dir='ltr'>τοῖς</span> <span class='ocrx_word' id='word_1_272' title='bbox 3089 1946 3147 1997; x_wconf 84' lang='grc' dir='ltr'>ὲν</span> <span class='ocrx_word' id='word_1_273' title='bbox 3176 1944 3364 2014; x_wconf 84' lang='grc' dir='ltr'>κόσμῳ</span> <span class='ocrx_word' id='word_1_274' title='bbox 3397 1947 3728 2001; x_wconf 81' lang='grc' dir='ltr'>πιστεύεται.</span> 
     </span>
    </p>
   </div>
   <div class='ocr_carea' id='block_1_38' title="bbox 595 2025 3844 2108">
    <p class='ocr_par' dir='ltr' id='par_1_38' title="bbox 595 2025 3844 2108">
     <span class='ocr_line' id='line_1_38' title="bbox 595 2025 3844 2108; baseline -0.002 -14"><span class='ocrx_word' id='word_1_275' title='bbox 595 2039 738 2094; x_wconf 75' lang='lat' dir='ltr'><strong>bena</strong></span> <span class='ocrx_word' id='word_1_276' title='bbox 788 2038 1137 2102; x_wconf 77' lang='lat' dir='ltr'><strong>voluntas&quot;,</strong></span> <span class='ocrx_word' id='word_1_277' title='bbox 1171 2056 1191 2088; x_wconf 75' lang='grc' dir='ltr'><strong>ι</strong></span> <span class='ocrx_word' id='word_1_278' title='bbox 1239 2037 1647 2103; x_wconf 86' lang='lat' dir='ltr'><strong>concinuerint;</strong></span> <span class='ocrx_word' id='word_1_279' title='bbox 1710 2038 2032 2106; x_wconf 65' lang='lat' dir='ltr'><strong>praedicatus</strong></span> <span class='ocrx_word' id='word_1_280' title='bbox 2084 2043 2167 2089; x_wconf 86' lang='lat' dir='ltr'><strong>est</strong></span> <span class='ocrx_word' id='word_1_281' title='bbox 2203 2037 2327 2088; x_wconf 89' lang='lat' dir='ltr'><strong>etin</strong></span> <span class='ocrx_word' id='word_1_282' title='bbox 2363 2039 2616 2104; x_wconf 82' lang='lat' dir='ltr'><strong>gentibus</strong></span> <span class='ocrx_word' id='word_1_283' title='bbox 2672 2052 2935 2108; x_wconf 90' lang='lat' dir='ltr'><strong>quoque:</strong></span> <span class='ocrx_word' id='word_1_284' title='bbox 2983 2035 3212 2103; x_wconf 89' lang='lat' dir='ltr'><strong>denique</strong></span> <span class='ocrx_word' id='word_1_285' title='bbox 3269 2051 3454 2089; x_wconf 88' lang='lat' dir='ltr'><strong>verum</strong></span> <span class='ocrx_word' id='word_1_286' title='bbox 3491 2025 3632 2090; x_wconf 84' lang='lat' dir='ltr'><strong>illum</strong></span> <span class='ocrx_word' id='word_1_287' title='bbox 3683 2046 3844 2091; x_wconf 83' lang='lat' dir='ltr'><strong>natu-</strong></span> 
     </span>
    </p>
   </div>
   <div class='ocr_carea' id='block_1_39' title="bbox 598 2123 3839 2196">
    <p class='ocr_par' dir='ltr' id='par_1_39' title="bbox 598 2123 3839 2196">
     <span class='ocr_line' id='line_1_39' title="bbox 598 2123 3839 2196; baseline -0 -15"><span class='ocrx_word' id='word_1_288' title='bbox 598 2127 876 2195; x_wconf 88' lang='lat' dir='ltr'><strong>ralemque</strong></span> <span class='ocrx_word' id='word_1_289' title='bbox 908 2125 998 2180; x_wconf 94' lang='lat' dir='ltr'><strong>Dei</strong></span> <span class='ocrx_word' id='word_1_290' title='bbox 1043 2126 1218 2180; x_wconf 88' lang='lat' dir='ltr'><strong>Patris</strong></span> <span class='ocrx_word' id='word_1_291' title='bbox 1258 2124 1450 2179; x_wconf 90' lang='lat' dir='ltr'><strong>Filium</strong></span> <span class='ocrx_word' id='word_1_292' title='bbox 1490 2139 1630 2190; x_wconf 88' lang='lat' dir='ltr'><strong>esse,</strong></span> <span class='ocrx_word' id='word_1_293' title='bbox 1685 2127 1774 2194; x_wconf 94' lang='lat' dir='ltr'><strong>qui</strong></span> <span class='ocrx_word' id='word_1_294' title='bbox 1846 2123 2212 2178; x_wconf 81' lang='lat' dir='ltr'><strong>manifestattts</strong></span> <span class='ocrx_word' id='word_1_295' title='bbox 2251 2126 2322 2178; x_wconf 90' lang='lat' dir='ltr'><strong>sit</strong></span> <span class='ocrx_word' id='word_1_296' title='bbox 2371 2127 2423 2180; x_wconf 92' lang='lat' dir='ltr'><strong>in</strong></span> <span class='ocrx_word' id='word_1_297' title='bbox 2490 2143 2675 2193; x_wconf 89' lang='lat' dir='ltr'><strong>carne,</strong></span> <span class='ocrx_word' id='word_1_298' title='bbox 2739 2127 3000 2181; x_wconf 90' lang='lat' dir='ltr'><strong>creditum</strong></span> <span class='ocrx_word' id='word_1_299' title='bbox 3051 2133 3132 2178; x_wconf 84' lang='lat' dir='ltr'><strong>est</strong></span> <span class='ocrx_word' id='word_1_300' title='bbox 3176 2124 3244 2179; x_wconf 90' lang='lat' dir='ltr'><strong>ab</strong></span> <span class='ocrx_word' id='word_1_301' title='bbox 3289 2125 3374 2181; x_wconf 88' lang='lat' dir='ltr'><strong>his</strong></span> <span class='ocrx_word' id='word_1_302' title='bbox 3425 2127 3514 2196; x_wconf 90' lang='lat' dir='ltr'><strong>qui</strong></span> <span class='ocrx_word' id='word_1_303' title='bbox 3576 2129 3839 2182; x_wconf 86' lang='lat' dir='ltr'><strong>mundum</strong></span> 
     </span>
    </p>
   </div>
   <div class='ocr_carea' id='block_1_40' title="bbox 597 2217 2175 2285">
    <p class='ocr_par' dir='ltr' id='par_1_40' title="bbox 597 2217 2175 2285">
     <span class='ocr_line' id='line_1_40' title="bbox 597 2217 2175 2285; baseline -0.006 -12"><span class='ocrx_word' id='word_1_304' title='bbox 597 2220 740 2274; x_wconf 84' lang='lat' dir='ltr'><strong>hunc</strong></span> <span class='ocrx_word' id='word_1_305' title='bbox 773 2217 1031 2270; x_wconf 83' lang='lat' dir='ltr'><strong>incolunt.</strong></span> <span class='ocrx_word' id='word_1_306' title='bbox 2172 2278 2175 2285; x_wconf 20' lang='grc' dir='ltr'>Β</span> 
     </span>
    </p>
   </div>
   <div class='ocr_carea' id='block_1_41' title="bbox 665 2305 2164 2374">
    <p class='ocr_par' dir='ltr' id='par_1_41' title="bbox 665 2305 2164 2374">
     <span class='ocr_line' id='line_1_41' title="bbox 665 2305 2164 2374; baseline 0.003 -15"><span class='ocrx_word' id='word_1_307' title='bbox 665 2305 906 2360; x_wconf 77' lang='lat' dir='ltr'><strong>XXXIV.</strong></span> <span class='ocrx_word' id='word_1_308' title='bbox 974 2325 991 2357; x_wconf 79' lang='grc' dir='ltr'><strong>ι</strong></span> <span class='ocrx_word' id='word_1_309' title='bbox 1029 2307 1090 2359; x_wconf 86' lang='grc' dir='ltr'>Ει</span> <span class='ocrx_word' id='word_1_310' title='bbox 1149 2307 1515 2361; x_wconf 88' lang='lat' dir='ltr'><strong>testimonium</strong></span> <span class='ocrx_word' id='word_1_311' title='bbox 1567 2307 1838 2374; x_wconf 85' lang='lat' dir='ltr'><strong>perhibuit</strong></span> <span class='ocrx_word' id='word_1_312' title='bbox 1895 2306 2164 2374; x_wconf 76' lang='lat' dir='ltr'><strong>Joannes,</strong></span> 
     </span>
    </p>
   </div>
   <div class='ocr_carea' id='block_1_42' title="bbox 597 2397 2168 2466">
    <p class='ocr_par' dir='ltr' id='par_1_42' title="bbox 597 2397 2168 2466">
     <span class='ocr_line' id='line_1_42' title="bbox 597 2397 2168 2466; baseline 0 -15"><span class='ocrx_word' id='word_1_313' title='bbox 597 2398 783 2452; x_wconf 89' lang='lat' dir='ltr'><strong>dicens</strong></span> <span class='ocrx_word' id='word_1_314' title='bbox 815 2415 827 2450; x_wconf 89' lang='lat'>:</span> <span class='ocrx_word' id='word_1_315' title='bbox 859 2398 991 2462; x_wconf 82' lang='lat' dir='ltr'><strong>Quia</strong></span> <span class='ocrx_word' id='word_1_316' title='bbox 1033 2397 1138 2450; x_wconf 79' lang='lat' dir='ltr'><strong>vidi</strong></span> <span class='ocrx_word' id='word_1_317' title='bbox 1171 2399 1428 2465; x_wconf 91' lang='lat' dir='ltr'><strong>Spiritum</strong></span> <span class='ocrx_word' id='word_1_318' title='bbox 1460 2398 1875 2452; x_wconf 88' lang='lat' dir='ltr'><strong>descendentem</strong></span> <span class='ocrx_word' id='word_1_319' title='bbox 1900 2400 2051 2466; x_wconf 90' lang='lat' dir='ltr'><strong>quasi</strong></span> <span class='ocrx_word' id='word_1_320' title='bbox 2079 2412 2168 2452; x_wconf 86' lang='lat' dir='ltr'><strong>co-</strong></span> 
     </span>
    </p>
   </div>
   <div class='ocr_carea' id='block_1_43' title="bbox 595 2488 2168 2558">
    <p class='ocr_par' dir='ltr' id='par_1_43' title="bbox 595 2488 2168 2558">
     <span class='ocr_line' id='line_1_43' title="bbox 595 2488 2168 2558; baseline 0.001 -16"><span class='ocrx_word' id='word_1_321' title='bbox 595 2489 830 2543; x_wconf 88' lang='lat' dir='ltr'><strong>lumbam</strong></span> <span class='ocrx_word' id='word_1_322' title='bbox 873 2490 940 2542; x_wconf 92' lang='lat' dir='ltr'><strong>de</strong></span> <span class='ocrx_word' id='word_1_323' title='bbox 967 2488 1124 2552; x_wconf 71' lang='lat' dir='ltr'><strong>caalo,</strong></span> <span class='ocrx_word' id='word_1_324' title='bbox 1149 2500 1202 2541; x_wconf 90' lang='lat' dir='ltr'><strong>et</strong></span> <span class='ocrx_word' id='word_1_325' title='bbox 1244 2489 1441 2541; x_wconf 85' lang='lat' dir='ltr'><strong>mansit</strong></span> <span class='ocrx_word' id='word_1_326' title='bbox 1478 2503 1639 2557; x_wconf 81' lang='lat' dir='ltr'><strong>super</strong></span> <span class='ocrx_word' id='word_1_327' title='bbox 1665 2503 1809 2541; x_wconf 88' lang='lat' dir='ltr'><strong>eum.</strong></span> <span class='ocrx_word' id='word_1_328' title='bbox 1853 2488 1917 2540; x_wconf 86' lang='lat' dir='ltr'><strong>Et</strong></span> <span class='ocrx_word' id='word_1_329' title='bbox 1954 2503 2051 2558; x_wconf 78' lang='lat' dir='ltr'><strong>ego</strong></span> <span class='ocrx_word' id='word_1_330' title='bbox 2079 2505 2168 2543; x_wconf 84' lang='lat' dir='ltr'><strong>ne-</strong></span> 
     </span>
    </p>
   </div>
   <div class='ocr_carea' id='block_1_44' title="bbox 599 2579 2162 2648">
    <p class='ocr_par' dir='ltr' id='par_1_44' title="bbox 599 2579 2162 2648">
     <span class='ocr_line' id='line_1_44' title="bbox 599 2579 2162 2648; baseline -0.001 -14"><span class='ocrx_word' id='word_1_331' title='bbox 599 2579 837 2634; x_wconf 86' lang='lat' dir='ltr'><strong>sciebam</strong></span> <span class='ocrx_word' id='word_1_332' title='bbox 868 2593 1014 2642; x_wconf 91' lang='lat' dir='ltr'><strong>eum,</strong></span> <span class='ocrx_word' id='word_1_333' title='bbox 1051 2582 1144 2632; x_wconf 91' lang='lat' dir='ltr'><strong>sed</strong></span> <span class='ocrx_word' id='word_1_334' title='bbox 1173 2579 1265 2647; x_wconf 92' lang='lat' dir='ltr'><strong>qui</strong></span> <span class='ocrx_word' id='word_1_335' title='bbox 1297 2579 1446 2632; x_wconf 89' lang='lat' dir='ltr'><strong>misit</strong></span> <span class='ocrx_word' id='word_1_336' title='bbox 1484 2593 1568 2631; x_wconf 90' lang='lat' dir='ltr'><strong>me</strong></span> <span class='ocrx_word' id='word_1_337' title='bbox 1601 2580 1876 2646; x_wconf 85' lang='lat' dir='ltr'><strong>baptizare</strong></span> <span class='ocrx_word' id='word_1_338' title='bbox 1913 2580 1962 2632; x_wconf 93' lang='lat' dir='ltr'><strong>in</strong></span> <span class='ocrx_word' id='word_1_339' title='bbox 2000 2595 2162 2648; x_wconf 91' lang='lat' dir='ltr'><strong>aqua,</strong></span> 
     </span>
    </p>
   </div>
   <div class='ocr_carea' id='block_1_45' title="bbox 597 2669 2160 2737">
    <p class='ocr_par' dir='ltr' id='par_1_45' title="bbox 597 2669 2160 2737">
     <span class='ocr_line' id='line_1_45' title="bbox 597 2669 2160 2737; baseline 0 -13"><span class='ocrx_word' id='word_1_340' title='bbox 597 2669 686 2725; x_wconf 89' lang='lat' dir='ltr'><strong>ille</strong></span> <span class='ocrx_word' id='word_1_341' title='bbox 734 2670 864 2723; x_wconf 88' lang='lat' dir='ltr'><strong>milti</strong></span> <span class='ocrx_word' id='word_1_342' title='bbox 913 2670 1049 2723; x_wconf 74' lang='lat' dir='ltr'><strong>dixit</strong></span> <span class='ocrx_word' id='word_1_343' title='bbox 1077 2688 1091 2723; x_wconf 87' lang='lat'><strong>:</strong></span> <span class='ocrx_word' id='word_1_344' title='bbox 1118 2670 1290 2737; x_wconf 88' lang='lat' dir='ltr'><strong>Super</strong></span> <span class='ocrx_word' id='word_1_345' title='bbox 1330 2683 1488 2737; x_wconf 91' lang='lat' dir='ltr'><strong>quem</strong></span> <span class='ocrx_word' id='word_1_346' title='bbox 1522 2670 1718 2723; x_wconf 83' lang='lat' dir='ltr'><strong>videris</strong></span> <span class='ocrx_word' id='word_1_347' title='bbox 1765 2670 2021 2737; x_wconf 88' lang='lat' dir='ltr'><strong>Spiritqu</strong></span> <span class='ocrx_word' id='word_1_348' title='bbox 2066 2671 2160 2724; x_wconf 87' lang='lat' dir='ltr'><strong>de-</strong></span> 
     </span>
    </p>
   </div>
   <div class='ocr_carea' id='block_1_46' title="bbox 596 2758 2164 2828">
    <p class='ocr_par' dir='ltr' id='par_1_46' title="bbox 596 2758 2164 2828">
     <span class='ocr_line' id='line_1_46' title="bbox 596 2758 2164 2828; baseline 0 -14"><span class='ocrx_word' id='word_1_349' title='bbox 596 2761 940 2816; x_wconf 85' lang='lat' dir='ltr'><strong>scendentem</strong></span> <span class='ocrx_word' id='word_1_350' title='bbox 981 2769 1034 2814; x_wconf 90' lang='lat' dir='ltr'><strong>et</strong></span> <span class='ocrx_word' id='word_1_351' title='bbox 1061 2769 1366 2813; x_wconf 89' lang='lat' dir='ltr'><strong>manentem</strong></span> <span class='ocrx_word' id='word_1_352' title='bbox 1412 2774 1573 2825; x_wconf 90' lang='lat' dir='ltr'><strong>super</strong></span> <span class='ocrx_word' id='word_1_353' title='bbox 1611 2773 1751 2823; x_wconf 88' lang='lat' dir='ltr'><strong>eum,</strong></span> <span class='ocrx_word' id='word_1_354' title='bbox 1781 2758 1936 2828; x_wconf 80' lang='lat'><strong>155</strong></span> <span class='ocrx_word' id='word_1_355' title='bbox 1963 2760 2049 2813; x_wconf 90' lang='lat' dir='ltr'><strong>hic</strong></span> <span class='ocrx_word' id='word_1_356' title='bbox 2079 2770 2164 2814; x_wconf 86' lang='lat' dir='ltr'><strong>est</strong></span> 
     </span>
    </p>
   </div>
   <div class='ocr_carea' id='block_1_47' title="bbox 596 2850 2162 2921">
    <p class='ocr_par' dir='ltr' id='par_1_47' title="bbox 596 2850 2162 2921">
     <span class='ocr_line' id='line_1_47' title="bbox 596 2850 2162 2921; baseline 0.001 -16"><span class='ocrx_word' id='word_1_357' title='bbox 596 2852 687 2921; x_wconf 92' lang='lat' dir='ltr'><strong>qui</strong></span> <span class='ocrx_word' id='word_1_358' title='bbox 723 2854 957 2920; x_wconf 88' lang='lat' dir='ltr'><strong>baptizat</strong></span> <span class='ocrx_word' id='word_1_359' title='bbox 1003 2853 1055 2905; x_wconf 91' lang='lat' dir='ltr'><strong>itt</strong></span> <span class='ocrx_word' id='word_1_360' title='bbox 1099 2850 1301 2919; x_wconf 85' lang='lat' dir='ltr'><strong>Spiritu</strong></span> <span class='ocrx_word' id='word_1_361' title='bbox 1344 2861 1550 2903; x_wconf 90' lang='lat' dir='ltr'><strong>sancto.</strong></span> <span class='ocrx_word' id='word_1_362' title='bbox 1592 2850 1656 2903; x_wconf 87' lang='lat' dir='ltr'><strong>Et</strong></span> <span class='ocrx_word' id='word_1_363' title='bbox 1695 2865 1792 2918; x_wconf 78' lang='lat' dir='ltr'><strong>ego</strong></span> <span class='ocrx_word' id='word_1_364' title='bbox 1827 2853 1955 2916; x_wconf 85' lang='lat' dir='ltr'><strong>vidi,</strong></span> <span class='ocrx_word' id='word_1_365' title='bbox 2000 2863 2052 2906; x_wconf 93' lang='lat' dir='ltr'><strong>et</strong></span> <span class='ocrx_word' id='word_1_366' title='bbox 2082 2863 2162 2907; x_wconf 52' lang='lat' dir='ltr'><strong>te.</strong></span> 
     </span>
    </p>
   </div>
   <div class='ocr_carea' id='block_1_48' title="bbox 596 2942 2157 3012">
    <p class='ocr_par' dir='ltr' id='par_1_48' title="bbox 596 2942 2157 3012">
     <span class='ocr_line' id='line_1_48' title="bbox 596 2942 2157 3012; baseline -0.001 -14"><span class='ocrx_word' id='word_1_367' title='bbox 596 2946 911 2999; x_wconf 88' lang='lat' dir='ltr'><strong>stimonium</strong></span> <span class='ocrx_word' id='word_1_368' title='bbox 963 2943 1237 3012; x_wconf 89' lang='lat' dir='ltr'><strong>perltibui,</strong></span> <span class='ocrx_word' id='word_1_369' title='bbox 1286 2943 1408 3012; x_wconf 88' lang='lat' dir='ltr'><strong>quia</strong></span> <span class='ocrx_word' id='word_1_370' title='bbox 1463 2943 1548 2996; x_wconf 91' lang='lat' dir='ltr'><strong>hic</strong></span> <span class='ocrx_word' id='word_1_371' title='bbox 1599 2952 1681 2996; x_wconf 91' lang='lat' dir='ltr'><strong>est</strong></span> <span class='ocrx_word' id='word_1_372' title='bbox 1724 2943 1890 2996; x_wconf 86' lang='lat' dir='ltr'><strong>Filius</strong></span> <span class='ocrx_word' id='word_1_373' title='bbox 1924 2942 2015 2998; x_wconf 86' lang='lat' dir='ltr'><strong>Dei</strong></span> <span class='ocrx_word' id='word_1_374' title='bbox 2043 2945 2106 2999; x_wconf 70' lang='grc'><strong>⁵⁸.</strong></span> <span class='ocrx_word' id='word_1_375' title='bbox 2137 2962 2157 2996; x_wconf 75' lang='grc' dir='ltr'><strong>ι</strong></span> 
     </span>
    </p>
   </div>
   <div class='ocr_carea' id='block_1_49' title="bbox 2342 2307 3841 2380">
    <p class='ocr_par' dir='ltr' id='par_1_49' title="bbox 2342 2307 3841 2380">
     <span class='ocr_line' id='line_1_49' title="bbox 2342 2307 3841 2380; baseline 0 -18"><span class='ocrx_word' id='word_1_376' title='bbox 2342 2310 2463 2364; x_wconf 82' lang='grc' dir='ltr'><strong>ΛΔ’.</strong></span> <span class='ocrx_word' id='word_1_377' title='bbox 2509 2328 2526 2360; x_wconf 78' lang='lat' dir='ltr'><strong>t</strong></span> <span class='ocrx_word' id='word_1_378' title='bbox 2568 2309 2679 2362; x_wconf 66' lang='lat' dir='ltr'><strong>Kal</strong></span> <span class='ocrx_word' id='word_1_379' title='bbox 2722 2310 3103 2380; x_wconf 81' lang='grc' dir='ltr'>ἐμαρτύρησεν</span> <span class='ocrx_word' id='word_1_380' title='bbox 3159 2309 3410 2378; x_wconf 79' lang='grc' dir='ltr'>Ἰωάννης</span> <span class='ocrx_word' id='word_1_381' title='bbox 3455 2307 3664 2377; x_wconf 80' lang='grc' dir='ltr'>λέγων’</span> <span class='ocrx_word' id='word_1_382' title='bbox 3715 2311 3841 2362; x_wconf 74' lang='grc' dir='ltr'><strong>Ὅτι</strong></span> 
     </span>
    </p>
   </div>
   <div class='ocr_carea' id='block_1_50' title="bbox 2270 2399 3841 2473">
    <p class='ocr_par' dir='ltr' id='par_1_50' title="bbox 2270 2399 3841 2473">
     <span class='ocr_line' id='line_1_50' title="bbox 2270 2399 3841 2473; baseline 0 -19"><span class='ocrx_word' id='word_1_383' title='bbox 2270 2401 2532 2469; x_wconf 86' lang='grc' dir='ltr'>τεθέαμαι</span> <span class='ocrx_word' id='word_1_384' title='bbox 2572 2399 2633 2452; x_wconf 81' lang='grc' dir='ltr'>τὸ</span> <span class='ocrx_word' id='word_1_385' title='bbox 2679 2399 2904 2469; x_wconf 79' lang='grc' dir='ltr'>Πνεῦμα</span> <span class='ocrx_word' id='word_1_386' title='bbox 2961 2399 3285 2454; x_wconf 86' lang='grc' dir='ltr'>καταϐαῖνον</span> <span class='ocrx_word' id='word_1_387' title='bbox 3333 2399 3464 2452; x_wconf 77' lang='grc' dir='ltr'>ὡσεὶ</span> <span class='ocrx_word' id='word_1_388' title='bbox 3507 2404 3841 2473; x_wconf 80' lang='grc' dir='ltr'>περιστερὰν</span> 
     </span>
    </p>
   </div>
   <div class='ocr_carea' id='block_1_51' title="bbox 2270 2490 3842 2562">
    <p class='ocr_par' dir='ltr' id='par_1_51' title="bbox 2270 2490 3842 2562">
     <span class='ocr_line' id='line_1_51' title="bbox 2270 2490 3842 2562; baseline 0.001 -19"><span class='ocrx_word' id='word_1_389' title='bbox 2270 2493 2330 2556; x_wconf 82' lang='grc' dir='ltr'>ἐξ</span> <span class='ocrx_word' id='word_1_390' title='bbox 2361 2491 2625 2562; x_wconf 83' lang='grc' dir='ltr'>ούρανοῦ,</span> <span class='ocrx_word' id='word_1_391' title='bbox 2663 2493 2759 2544; x_wconf 74' lang='grc' dir='ltr'><strong>καὶ</strong></span> <span class='ocrx_word' id='word_1_392' title='bbox 2802 2490 3012 2562; x_wconf 77' lang='grc' dir='ltr'>ἔμεινεν</span> <span class='ocrx_word' id='word_1_393' title='bbox 3044 2491 3130 2544; x_wconf 81' lang='grc' dir='ltr'><strong>ἐπ’</strong></span> <span class='ocrx_word' id='word_1_394' title='bbox 3171 2492 3352 2545; x_wconf 82' lang='grc' dir='ltr'>αὐτόν.</span> <span class='ocrx_word' id='word_1_395' title='bbox 3409 2493 3549 2561; x_wconf 85' lang='grc' dir='ltr'><strong>Ἐγὼ</strong></span> <span class='ocrx_word' id='word_1_396' title='bbox 3586 2493 3641 2544; x_wconf 84' lang='grc' dir='ltr'>δὲ</span> <span class='ocrx_word' id='word_1_397' title='bbox 3669 2497 3685 2529; x_wconf 71' lang='grc' dir='ltr'><strong>ι</strong></span> <span class='ocrx_word' id='word_1_398' title='bbox 3736 2495 3842 2546; x_wconf 72' lang='grc' dir='ltr'>οὐκ</span> 
     </span>
    </p>
   </div>
   <div class='ocr_carea' id='block_1_52' title="bbox 2271 2581 3838 2653">
    <p class='ocr_par' dir='ltr' id='par_1_52' title="bbox 2271 2581 3838 2653">
     <span class='ocr_line' id='line_1_52' title="bbox 2271 2581 3838 2653; baseline -0.001 -18"><span class='ocrx_word' id='word_1_399' title='bbox 2271 2584 2418 2653; x_wconf 77' lang='grc' dir='ltr'>ᾔδειν</span> <span class='ocrx_word' id='word_1_400' title='bbox 2444 2582 2603 2635; x_wconf 83' lang='grc' dir='ltr'>αὐτόν</span> <span class='ocrx_word' id='word_1_401' title='bbox 2625 2598 2638 2611; x_wconf 90' lang='grc'><strong>·</strong></span> <span class='ocrx_word' id='word_1_402' title='bbox 2684 2581 2800 2633; x_wconf 82' lang='grc' dir='ltr'>ἀλλ’</span> <span class='ocrx_word' id='word_1_403' title='bbox 2824 2584 2853 2633; x_wconf 81' lang='lat'><strong>6</strong></span> <span class='ocrx_word' id='word_1_404' title='bbox 2884 2581 3103 2651; x_wconf 77' lang='grc' dir='ltr'>πέμψας</span> <span class='ocrx_word' id='word_1_405' title='bbox 3141 2598 3208 2651; x_wconf 89' lang='grc' dir='ltr'><strong>με</strong></span> <span class='ocrx_word' id='word_1_406' title='bbox 3255 2581 3529 2650; x_wconf 79' lang='grc' dir='ltr'>βαπτίζειν</span> <span class='ocrx_word' id='word_1_407' title='bbox 3561 2585 3618 2635; x_wconf 83' lang='grc' dir='ltr'>ὲν</span> <span class='ocrx_word' id='word_1_408' title='bbox 3658 2584 3838 2646; x_wconf 85' lang='grc' dir='ltr'>ῦδατι,</span> 
     </span>
    </p>
   </div>
   <div class='ocr_carea' id='block_1_53' title="bbox 2270 2668 3840 2743">
    <p class='ocr_par' dir='ltr' id='par_1_53' title="bbox 2270 2668 3840 2743">
     <span class='ocr_line' id='line_1_53' title="bbox 2270 2668 3840 2743; baseline 0 -17"><span class='ocrx_word' id='word_1_409' title='bbox 2270 2674 2431 2736; x_wconf 87' lang='grc' dir='ltr'>αύτός</span> <span class='ocrx_word' id='word_1_410' title='bbox 2460 2691 2548 2743; x_wconf 88' lang='grc' dir='ltr'><strong>μοι</strong></span> <span class='ocrx_word' id='word_1_411' title='bbox 2590 2668 2742 2724; x_wconf 77' lang='grc' dir='ltr'>εἶπεν</span> <span class='ocrx_word' id='word_1_412' title='bbox 2765 2689 2780 2704; x_wconf 88' lang='grc'><strong>·</strong></span> <span class='ocrx_word' id='word_1_413' title='bbox 2839 2674 2951 2740; x_wconf 69' lang='grc' dir='ltr'><strong>Ἐφ’</strong></span> <span class='ocrx_word' id='word_1_414' title='bbox 2981 2673 3038 2724; x_wconf 82' lang='grc' dir='ltr'><strong>ὃν</strong></span> <span class='ocrx_word' id='word_1_415' title='bbox 3067 2673 3132 2724; x_wconf 84' lang='grc' dir='ltr'>ἂν</span> <span class='ocrx_word' id='word_1_416' title='bbox 3170 2673 3284 2741; x_wconf 75' lang='grc' dir='ltr'>ἴδῃς</span> <span class='ocrx_word' id='word_1_417' title='bbox 3309 2672 3370 2725; x_wconf 88' lang='grc' dir='ltr'><strong>τὸ</strong></span> <span class='ocrx_word' id='word_1_418' title='bbox 3411 2674 3631 2743; x_wconf 79' lang='grc' dir='ltr'>Πνεῦμα</span> <span class='ocrx_word' id='word_1_419' title='bbox 3668 2693 3840 2727; x_wconf 81' lang='grc' dir='ltr'>κατα-</span> 
     </span>
    </p>
   </div>
   <div class='ocr_carea' id='block_1_54' title="bbox 2269 2758 3842 2834">
    <p class='ocr_par' dir='ltr' id='par_1_54' title="bbox 2269 2758 3842 2834">
     <span class='ocr_line' id='line_1_54' title="bbox 2269 2758 3842 2834; baseline 0.001 -18"><span class='ocrx_word' id='word_1_420' title='bbox 2269 2764 2472 2827; x_wconf 88' lang='grc' dir='ltr'>ϐαῖνον,</span> <span class='ocrx_word' id='word_1_421' title='bbox 2498 2764 2589 2816; x_wconf 77' lang='grc' dir='ltr'>καὶ</span> <span class='ocrx_word' id='word_1_422' title='bbox 2624 2764 2782 2834; x_wconf 89' lang='grc' dir='ltr'>μένον</span> <span class='ocrx_word' id='word_1_423' title='bbox 2821 2765 2906 2815; x_wconf 78' lang='grc' dir='ltr'><strong>ἐπ’</strong></span> <span class='ocrx_word' id='word_1_424' title='bbox 2931 2764 3092 2816; x_wconf 76' lang='grc' dir='ltr'>αὑτὸν</span> <span class='ocrx_word' id='word_1_425' title='bbox 3110 2805 3124 2826; x_wconf 90' lang='grc'><strong>,</strong></span> <span class='ocrx_word' id='word_1_426' title='bbox 3155 2758 3308 2828; x_wconf 75' lang='grc' dir='ltr'>οὗτός</span> <span class='ocrx_word' id='word_1_427' title='bbox 3335 2767 3479 2818; x_wconf 73' lang='grc' dir='ltr'>ἐστιν</span> <span class='ocrx_word' id='word_1_428' title='bbox 3505 2766 3533 2817; x_wconf 91' lang='lat'><strong>6</strong></span> <span class='ocrx_word' id='word_1_429' title='bbox 3561 2765 3842 2834; x_wconf 74' lang='grc' dir='ltr'>βαπτίζων</span> 
     </span>
    </p>
   </div>
   <div class='ocr_carea' id='block_1_55' title="bbox 2268 2853 3846 2927">
    <p class='ocr_par' dir='ltr' id='par_1_55' title="bbox 2268 2853 3846 2927">
     <span class='ocr_line' id='line_1_55' title="bbox 2268 2853 3846 2927; baseline 0.002 -21"><span class='ocrx_word' id='word_1_430' title='bbox 2268 2855 2326 2906; x_wconf 83' lang='grc' dir='ltr'>ὲν</span> <span class='ocrx_word' id='word_1_431' title='bbox 2354 2855 2627 2924; x_wconf 84' lang='grc' dir='ltr'>Πνεύματι</span> <span class='ocrx_word' id='word_1_432' title='bbox 2654 2853 2727 2923; x_wconf 81' lang='grc' dir='ltr'><strong>τῷ</strong></span> <span class='ocrx_word' id='word_1_433' title='bbox 2755 2853 2914 2923; x_wconf 83' lang='grc' dir='ltr'>ἁγίῳ.</span> <span class='ocrx_word' id='word_1_434' title='bbox 2953 2853 3123 2920; x_wconf 84' lang='grc' dir='ltr'><strong>Κάγὼ</strong></span> <span class='ocrx_word' id='word_1_435' title='bbox 3151 2854 3371 2923; x_wconf 79' lang='grc' dir='ltr'>ἑώρακα</span> <span class='ocrx_word' id='word_1_436' title='bbox 3389 2896 3403 2919; x_wconf 95' lang='grc'><strong>,</strong></span> <span class='ocrx_word' id='word_1_437' title='bbox 3431 2857 3525 2908; x_wconf 72' lang='grc' dir='ltr'><strong>καὶ</strong></span> <span class='ocrx_word' id='word_1_438' title='bbox 3552 2856 3846 2927; x_wconf 71' lang='grc' dir='ltr'>μεμαρτίοο</span> 
     </span>
    </p>
   </div>
   <div class='ocr_carea' id='block_1_56' title="bbox 2272 2940 3834 3016">
    <p class='ocr_par' dir='ltr' id='par_1_56' title="bbox 2272 2940 3834 3016">
     <span class='ocr_line' id='line_1_56' title="bbox 2272 2940 3834 3016; baseline 0.002 -20"><span class='ocrx_word' id='word_1_439' title='bbox 2272 2963 2449 3016; x_wconf 81' lang='grc' dir='ltr'>ρηκα,</span> <span class='ocrx_word' id='word_1_440' title='bbox 2478 2946 2558 2998; x_wconf 82' lang='grc' dir='ltr'>ὅτι</span> <span class='ocrx_word' id='word_1_441' title='bbox 2586 2940 2736 3007; x_wconf 77' lang='grc' dir='ltr'>οὗτός</span> <span class='ocrx_word' id='word_1_442' title='bbox 2770 2947 2914 2997; x_wconf 85' lang='grc' dir='ltr'>ὲστιν</span> <span class='ocrx_word' id='word_1_443' title='bbox 2953 2947 2980 2998; x_wconf 91' lang='lat'><strong>6</strong></span> <span class='ocrx_word' id='word_1_444' title='bbox 3018 2945 3143 3008; x_wconf 74' lang='grc' dir='ltr'>Υἱὸς</span> <span class='ocrx_word' id='word_1_445' title='bbox 3181 2945 3274 2997; x_wconf 93' lang='grc' dir='ltr'><strong>τοῦ</strong></span> <span class='ocrx_word' id='word_1_446' title='bbox 3307 2945 3464 2998; x_wconf 86' lang='grc' dir='ltr'>Θεοῦ.</span> <span class='ocrx_word' id='word_1_447' title='bbox 3519 2966 3536 2996; x_wconf 75' lang='grc' dir='ltr'><strong>ι</strong></span> <span class='ocrx_word' id='word_1_448' title='bbox 3576 2947 3710 2999; x_wconf 84' lang='grc' dir='ltr'>Ἕνα</span> <span class='ocrx_word' id='word_1_449' title='bbox 3745 2946 3834 2999; x_wconf 72' lang='grc' dir='ltr'><strong><em>λὲι</em></strong></span> 
     </span>
    </p>
   </div>
   <div class='ocr_carea' id='block_1_57' title="bbox 596 3034 2164 3107">
    <p class='ocr_par' dir='ltr' id='par_1_57' title="bbox 596 3034 2161 3104">
     <span class='ocr_line' id='line_1_57' title="bbox 596 3034 2161 3104; baseline -0.001 -12"><span class='ocrx_word' id='word_1_450' title='bbox 596 3037 728 3092; x_wconf 87' lang='lat' dir='ltr'><strong>Cum</strong></span> <span class='ocrx_word' id='word_1_451' title='bbox 764 3052 926 3090; x_wconf 90' lang='lat' dir='ltr'><strong>unum</strong></span> <span class='ocrx_word' id='word_1_452' title='bbox 958 3034 1642 3090; x_wconf 81' lang='lat' dir='ltr'><strong>duntaxatEmmanuelem</strong></span> <span class='ocrx_word' id='word_1_453' title='bbox 1675 3036 2032 3104; x_wconf 81' lang='lat' dir='ltr'><strong>assignemus,</strong></span> <span class='ocrx_word' id='word_1_454' title='bbox 2067 3051 2161 3092; x_wconf 87' lang='lat' dir='ltr'><strong>ne-</strong></span> 
     </span>
    </p>
   </div>
   <div class='ocr_carea' id='block_1_58' title="bbox 2267 3034 3841 3107">
    <p class='ocr_par' dir='ltr' id='par_1_58' title="bbox 2267 3035 3841 3107">
     <span class='ocr_line' id='line_1_58' title="bbox 2267 3035 3841 3107; baseline -0.001 -17"><span class='ocrx_word' id='word_1_455' title='bbox 2267 3054 2453 3106; x_wconf 90' lang='grc' dir='ltr'>γοντες</span> <span class='ocrx_word' id='word_1_456' title='bbox 2494 3037 2587 3089; x_wconf 77' lang='grc' dir='ltr'><strong>τὸν</strong></span> <span class='ocrx_word' id='word_1_457' title='bbox 2635 3036 3012 3107; x_wconf 85' lang='grc' dir='ltr'>Ἐμμανουὴλ,</span> <span class='ocrx_word' id='word_1_458' title='bbox 3057 3036 3151 3089; x_wconf 76' lang='grc' dir='ltr'><strong>καὶ</strong></span> <span class='ocrx_word' id='word_1_459' title='bbox 3193 3035 3299 3088; x_wconf 83' lang='grc' dir='ltr'>τῶν</span> <span class='ocrx_word' id='word_1_460' title='bbox 3332 3038 3411 3099; x_wconf 78' lang='grc' dir='ltr'><strong>είς</strong></span> <span class='ocrx_word' id='word_1_461' title='bbox 3455 3035 3544 3090; x_wconf 89' lang='grc' dir='ltr'><strong>δύο</strong></span> <span class='ocrx_word' id='word_1_462' title='bbox 3566 3038 3841 3106; x_wconf 76' lang='grc' dir='ltr'>Χριστοὺς</span> 
     </span>
    </p>
   </div>
   <div class='ocr_carea' id='block_1_59' title="bbox 599 3127 2160 3198">
    <p class='ocr_par' dir='ltr' id='par_1_59' title="bbox 599 3127 2160 3198">
     <span class='ocr_line' id='line_1_59' title="bbox 599 3127 2160 3198; baseline 0.001 -17"><span class='ocrx_word' id='word_1_463' title='bbox 599 3145 703 3198; x_wconf 90' lang='lat' dir='ltr'><strong>que</strong></span> <span class='ocrx_word' id='word_1_464' title='bbox 749 3144 842 3182; x_wconf 89' lang='lat' dir='ltr'><strong>eos</strong></span> <span class='ocrx_word' id='word_1_465' title='bbox 885 3127 976 3198; x_wconf 91' lang='lat' dir='ltr'><strong>qui</strong></span> <span class='ocrx_word' id='word_1_466' title='bbox 1030 3127 1248 3182; x_wconf 91' lang='lat' dir='ltr'><strong>unicum</strong></span> <span class='ocrx_word' id='word_1_467' title='bbox 1293 3127 1568 3181; x_wconf 86' lang='lat' dir='ltr'><strong>Christum</strong></span> <span class='ocrx_word' id='word_1_468' title='bbox 1618 3127 1669 3181; x_wconf 92' lang='lat' dir='ltr'><strong>iu</strong></span> <span class='ocrx_word' id='word_1_469' title='bbox 1720 3128 1853 3182; x_wconf 90' lang='lat' dir='ltr'><strong>duos</strong></span> <span class='ocrx_word' id='word_1_470' title='bbox 1884 3129 2160 3195; x_wconf 87' lang='lat' dir='ltr'><strong>divellunt,</strong></span> 
     </span>
    </p>
   </div>
   <div class='ocr_carea' id='block_1_60' title="bbox 597 3219 2166 3290">
    <p class='ocr_par' dir='ltr' id='par_1_60' title="bbox 597 3219 2166 3290">
     <span class='ocr_line' id='line_1_60' title="bbox 597 3219 2166 3290; baseline 0 -15"><span class='ocrx_word' id='word_1_471' title='bbox 597 3223 857 3284; x_wconf 77' lang='lat' dir='ltr'><strong>feramus,</strong></span> <span class='ocrx_word' id='word_1_472' title='bbox 900 3222 1027 3290; x_wconf 90' lang='lat' dir='ltr'><strong>quid</strong></span> <span class='ocrx_word' id='word_1_473' title='bbox 1071 3221 1332 3284; x_wconf 82' lang='lat' dir='ltr'><strong>dicemus,</strong></span> <span class='ocrx_word' id='word_1_474' title='bbox 1365 3235 1485 3272; x_wconf 90' lang='lat' dir='ltr'><strong>cum</strong></span> <span class='ocrx_word' id='word_1_475' title='bbox 1541 3219 1805 3288; x_wconf 90' lang='lat' dir='ltr'><strong>Spiritum</strong></span> <span class='ocrx_word' id='word_1_476' title='bbox 1845 3233 2090 3274; x_wconf 86' lang='lat' dir='ltr'><strong>sanctum</strong></span> <span class='ocrx_word' id='word_1_477' title='bbox 2135 3238 2166 3275; x_wconf 90' lang='lat' dir='ltr'><strong>e</strong></span> 
     </span>
    </p>
   </div>
   <div class='ocr_carea' id='block_1_61' title="bbox 598 3311 2167 3381">
    <p class='ocr_par' dir='ltr' id='par_1_61' title="bbox 598 3311 2167 3381">
     <span class='ocr_line' id='line_1_61' title="bbox 598 3311 2167 3381; baseline -0.002 -15"><span class='ocrx_word' id='word_1_478' title='bbox 598 3312 739 3367; x_wconf 69' lang='lat' dir='ltr'><strong>cmlo</strong></span> <span class='ocrx_word' id='word_1_479' title='bbox 771 3326 933 3381; x_wconf 84' lang='lat' dir='ltr'><strong>super</strong></span> <span class='ocrx_word' id='word_1_480' title='bbox 977 3311 1122 3364; x_wconf 88' lang='lat' dir='ltr'><strong>illtttn</strong></span> <span class='ocrx_word' id='word_1_481' title='bbox 1168 3311 1533 3371; x_wconf 88' lang='lat' dir='ltr'><strong>descendisse,</strong></span> <span class='ocrx_word' id='word_1_482' title='bbox 1580 3324 1787 3362; x_wconf 91' lang='lat' dir='ltr'><strong>necnon</strong></span> <span class='ocrx_word' id='word_1_483' title='bbox 1829 3325 1990 3378; x_wconf 87' lang='lat' dir='ltr'><strong>super</strong></span> <span class='ocrx_word' id='word_1_484' title='bbox 2019 3326 2167 3363; x_wconf 89' lang='lat' dir='ltr'><strong>eum-</strong></span> 
     </span>
    </p>
   </div>
   <div class='ocr_carea' id='block_1_62' title="bbox 599 3398 2164 3468">
    <p class='ocr_par' dir='ltr' id='par_1_62' title="bbox 599 3398 2164 3468">
     <span class='ocr_line' id='line_1_62' title="bbox 599 3398 2164 3468; baseline 0 -13"><span class='ocrx_word' id='word_1_485' title='bbox 599 3405 718 3456; x_wconf 90' lang='lat' dir='ltr'><strong>dem</strong></span> <span class='ocrx_word' id='word_1_486' title='bbox 747 3402 1011 3456; x_wconf 89' lang='lat' dir='ltr'><strong>mansisse</strong></span> <span class='ocrx_word' id='word_1_487' title='bbox 1039 3401 1326 3454; x_wconf 84' lang='lat' dir='ltr'><strong>audimus?</strong></span> <span class='ocrx_word' id='word_1_488' title='bbox 1349 3398 1823 3468; x_wconf 81' lang='lat' dir='ltr'><strong>SuSpicabimurne</strong></span> <span class='ocrx_word' id='word_1_489' title='bbox 1859 3401 1949 3452; x_wconf 87' lang='lat' dir='ltr'><strong>Dei</strong></span> <span class='ocrx_word' id='word_1_490' title='bbox 1989 3400 2164 3456; x_wconf 82' lang='lat' dir='ltr'><strong>Patris</strong></span> 
     </span>
    </p>
   </div>
   <div class='ocr_carea' id='block_1_63' title="bbox 609 3491 2165 3561">
    <p class='ocr_par' dir='ltr' id='par_1_63' title="bbox 609 3491 2165 3561">
     <span class='ocr_line' id='line_1_63' title="bbox 609 3491 2165 3561; baseline 0 -15"><span class='ocrx_word' id='word_1_491' title='bbox 609 3494 838 3548; x_wconf 85' lang='lat' dir='ltr'><strong>Verbum</strong></span> <span class='ocrx_word' id='word_1_492' title='bbox 892 3493 1127 3561; x_wconf 90' lang='lat' dir='ltr'><strong>Spiritus</strong></span> <span class='ocrx_word' id='word_1_493' title='bbox 1169 3492 1338 3546; x_wconf 86' lang='lat' dir='ltr'><strong>sancti</strong></span> <span class='ocrx_word' id='word_1_494' title='bbox 1383 3491 1793 3560; x_wconf 83' lang='lat' dir='ltr'><strong>participatione</strong></span> <span class='ocrx_word' id='word_1_495' title='bbox 1843 3492 2165 3560; x_wconf 84' lang='lat' dir='ltr'><strong>indiguisse?</strong></span> 
     </span>
    </p>
   </div>
   <div class='ocr_carea' id='block_1_64' title="bbox 599 3584 2163 3655">
    <p class='ocr_par' dir='ltr' id='par_1_64' title="bbox 599 3584 2163 3655">
     <span class='ocr_line' id='line_1_64' title="bbox 599 3584 2163 3655; baseline -0.003 -16"><span class='ocrx_word' id='word_1_496' title='bbox 599 3587 669 3640; x_wconf 81' lang='lat' dir='ltr'><strong>At</strong></span> <span class='ocrx_word' id='word_1_497' title='bbox 701 3586 826 3655; x_wconf 92' lang='lat' dir='ltr'><strong>quid</strong></span> <span class='ocrx_word' id='word_1_498' title='bbox 875 3586 976 3639; x_wconf 91' lang='lat' dir='ltr'><strong>hoc</strong></span> <span class='ocrx_word' id='word_1_499' title='bbox 1022 3594 1114 3637; x_wconf 89' lang='lat' dir='ltr'><strong>aut</strong></span> <span class='ocrx_word' id='word_1_500' title='bbox 1145 3584 1464 3653; x_wconf 79' lang='lat' dir='ltr'><strong>excogitari,</strong></span> <span class='ocrx_word' id='word_1_501' title='bbox 1510 3595 1600 3636; x_wconf 92' lang='lat' dir='ltr'><strong>aut</strong></span> <span class='ocrx_word' id='word_1_502' title='bbox 1649 3584 1750 3637; x_wconf 90' lang='lat' dir='ltr'><strong>dici</strong></span> <span class='ocrx_word' id='word_1_503' title='bbox 1783 3592 1942 3651; x_wconf 92' lang='lat' dir='ltr'><strong>queat</strong></span> <span class='ocrx_word' id='word_1_504' title='bbox 1972 3585 2163 3637; x_wconf 87' lang='lat' dir='ltr'><strong>absur-</strong></span> 
     </span>
    </p>
   </div>
   <div class='ocr_carea' id='block_1_65' title="bbox 600 3673 2163 3743">
    <p class='ocr_par' dir='ltr' id='par_1_65' title="bbox 600 3673 2163 3743">
     <span class='ocr_line' id='line_1_65' title="bbox 600 3673 2163 3743; baseline -0.001 -15"><span class='ocrx_word' id='word_1_505' title='bbox 600 3676 754 3729; x_wconf 89' lang='lat' dir='ltr'><strong>dius?</strong></span> <span class='ocrx_word' id='word_1_506' title='bbox 806 3675 1043 3743; x_wconf 92' lang='lat' dir='ltr'><strong>Spiritus</strong></span> <span class='ocrx_word' id='word_1_507' title='bbox 1085 3675 1228 3728; x_wconf 90' lang='lat' dir='ltr'><strong>enim</strong></span> <span class='ocrx_word' id='word_1_508' title='bbox 1277 3688 1428 3741; x_wconf 85' lang='lat' dir='ltr'><strong>aeque</strong></span> <span class='ocrx_word' id='word_1_509' title='bbox 1472 3674 1719 3742; x_wconf 85' lang='lat' dir='ltr'><strong>proprius</strong></span> <span class='ocrx_word' id='word_1_510' title='bbox 1769 3684 1853 3727; x_wconf 89' lang='lat' dir='ltr'><strong>est</strong></span> <span class='ocrx_word' id='word_1_511' title='bbox 1895 3673 2036 3727; x_wconf 89' lang='lat' dir='ltr'><strong>illius</strong></span> <span class='ocrx_word' id='word_1_512' title='bbox 2084 3683 2163 3726; x_wconf 90' lang='lat' dir='ltr'><strong>at-</strong></span> 
     </span>
    </p>
   </div>
   <div class='ocr_carea' id='block_1_66' title="bbox 597 3762 2164 3837">
    <p class='ocr_par' dir='ltr' id='par_1_66' title="bbox 597 3762 2164 3837">
     <span class='ocr_line' id='line_1_66' title="bbox 597 3762 2164 3837; baseline -0.003 -17"><span class='ocrx_word' id='word_1_513' title='bbox 597 3781 704 3837; x_wconf 88' lang='lat' dir='ltr'><strong>que</strong></span> <span class='ocrx_word' id='word_1_514' title='bbox 749 3765 839 3819; x_wconf 91' lang='lat' dir='ltr'><strong>Dei</strong></span> <span class='ocrx_word' id='word_1_515' title='bbox 878 3764 1078 3819; x_wconf 88' lang='lat' dir='ltr'><strong>Patris.</strong></span> <span class='ocrx_word' id='word_1_516' title='bbox 1109 3783 1128 3816; x_wconf 84' lang='lat' dir='ltr'><strong>t</strong></span> <span class='ocrx_word' id='word_1_517' title='bbox 1175 3762 1436 3829; x_wconf 83' lang='lat' dir='ltr'><strong>Quoniam</strong></span> <span class='ocrx_word' id='word_1_518' title='bbox 1483 3765 1615 3817; x_wconf 86' lang='lat' dir='ltr'><strong>estis</strong></span> <span class='ocrx_word' id='word_1_519' title='bbox 1670 3763 1761 3816; x_wconf 79' lang='lat' dir='ltr'><strong>lilii</strong></span> <span class='ocrx_word' id='word_1_520' title='bbox 1795 3765 1992 3832; x_wconf 85' lang='lat' dir='ltr'><strong>(inquit</strong></span> <span class='ocrx_word' id='word_1_521' title='bbox 2038 3765 2164 3817; x_wconf 90' lang='lat' dir='ltr'><strong>bea-</strong></span> 
     </span>
    </p>
   </div>
   <div class='ocr_carea' id='block_1_67' title="bbox 601 3851 2161 3922">
    <p class='ocr_par' dir='ltr' id='par_1_67' title="bbox 601 3851 2161 3922">
     <span class='ocr_line' id='line_1_67' title="bbox 601 3851 2161 3922; baseline -0.001 -13"><span class='ocrx_word' id='word_1_522' title='bbox 601 3867 684 3909; x_wconf 91' lang='lat' dir='ltr'><strong>tus</strong></span> <span class='ocrx_word' id='word_1_523' title='bbox 714 3853 957 3922; x_wconf 84' lang='lat' dir='ltr'><strong>Paulus),</strong></span> <span class='ocrx_word' id='word_1_524' title='bbox 996 3851 1305 3908; x_wconf 90' lang='lat' dir='ltr'><strong>misitDeus</strong></span> <span class='ocrx_word' id='word_1_525' title='bbox 1338 3853 1594 3922; x_wconf 88' lang='lat' dir='ltr'><strong>Spiritum</strong></span> <span class='ocrx_word' id='word_1_526' title='bbox 1629 3855 1746 3908; x_wconf 88' lang='lat' dir='ltr'><strong>Filii</strong></span> <span class='ocrx_word' id='word_1_527' title='bbox 1787 3855 1866 3907; x_wconf 90' lang='lat' dir='ltr'><strong>sui</strong></span> <span class='ocrx_word' id='word_1_528' title='bbox 1913 3856 1963 3907; x_wconf 89' lang='lat' dir='ltr'><strong>in</strong></span> <span class='ocrx_word' id='word_1_529' title='bbox 2001 3857 2161 3908; x_wconf 90' lang='lat' dir='ltr'><strong>corda</strong></span> 
     </span>
    </p>
   </div>
   <div class='ocr_carea' id='block_1_68' title="bbox 598 3943 2164 4014">
    <p class='ocr_par' dir='ltr' id='par_1_68' title="bbox 598 3943 2164 4014">
     <span class='ocr_line' id='line_1_68' title="bbox 598 3943 2164 4014; baseline 0.003 -19"><span class='ocrx_word' id='word_1_530' title='bbox 598 3958 778 3998; x_wconf 82' lang='lat' dir='ltr'><strong>vestra</strong></span> <span class='ocrx_word' id='word_1_531' title='bbox 805 3945 1126 3999; x_wconf 89' lang='lat' dir='ltr'><strong>clamantem</strong></span> <span class='ocrx_word' id='word_1_532' title='bbox 1154 3945 1359 4010; x_wconf 88' lang='lat' dir='ltr'><strong>:Abba,</strong></span> <span class='ocrx_word' id='word_1_533' title='bbox 1381 3944 1541 3998; x_wconf 86' lang='lat' dir='ltr'><strong>Pater</strong></span> <span class='ocrx_word' id='word_1_534' title='bbox 1560 3945 1625 4000; x_wconf 71' lang='grc'><strong>⁸⁵.</strong></span> <span class='ocrx_word' id='word_1_535' title='bbox 1657 3964 1673 3996; x_wconf 78' lang='grc' dir='ltr'><strong>ι</strong></span> <span class='ocrx_word' id='word_1_536' title='bbox 1697 3943 1919 4011; x_wconf 84' lang='lat' dir='ltr'><strong>ltnpium</strong></span> <span class='ocrx_word' id='word_1_537' title='bbox 1945 3946 2164 4014; x_wconf 89' lang='lat' dir='ltr'><strong>proinde</strong></span> 
     </span>
    </p>
   </div>
   <div class='ocr_carea' id='block_1_69' title="bbox 599 4035 2161 4105">
    <p class='ocr_par' dir='ltr' id='par_1_69' title="bbox 599 4035 2161 4105">
     <span class='ocr_line' id='line_1_69' title="bbox 599 4035 2161 4105; baseline -0.003 -13"><span class='ocrx_word' id='word_1_538' title='bbox 599 4035 758 4092; x_wconf 82' lang='lat' dir='ltr'><strong>fuerit</strong></span> <span class='ocrx_word' id='word_1_539' title='bbox 787 4038 869 4090; x_wconf 87' lang='lat' dir='ltr'><strong>vel</strong></span> <span class='ocrx_word' id='word_1_540' title='bbox 900 4037 1070 4092; x_wconf 91' lang='lat' dir='ltr'><strong>solum</strong></span> <span class='ocrx_word' id='word_1_541' title='bbox 1108 4037 1366 4105; x_wconf 80' lang='lat' dir='ltr'><strong>cogitare,</strong></span> <span class='ocrx_word' id='word_1_542' title='bbox 1400 4039 1573 4105; x_wconf 87' lang='lat' dir='ltr'><strong>ipsum</strong></span> <span class='ocrx_word' id='word_1_543' title='bbox 1611 4038 1704 4090; x_wconf 90' lang='lat' dir='ltr'><strong>Dei</strong></span> <span class='ocrx_word' id='word_1_544' title='bbox 1733 4037 1905 4090; x_wconf 80' lang='lat' dir='ltr'><strong>Patris</strong></span> <span class='ocrx_word' id='word_1_545' title='bbox 1931 4036 2161 4090; x_wconf 80' lang='lat' dir='ltr'><strong>Verbum</strong></span> 
     </span>
    </p>
   </div>
   <div class='ocr_carea' id='block_1_70' title="bbox 600 4127 2160 4197">
    <p class='ocr_par' dir='ltr' id='par_1_70' title="bbox 600 4127 2160 4197">
     <span class='ocr_line' id='line_1_70' title="bbox 600 4127 2160 4197; baseline -0.002 -15"><span class='ocrx_word' id='word_1_546' title='bbox 600 4127 834 4194; x_wconf 87' lang='lat' dir='ltr'><strong>Spiritus</strong></span> <span class='ocrx_word' id='word_1_547' title='bbox 891 4130 1060 4182; x_wconf 88' lang='lat' dir='ltr'><strong>sancti</strong></span> <span class='ocrx_word' id='word_1_548' title='bbox 1125 4129 1613 4181; x_wconf 78' lang='lat' dir='ltr'><strong>communicatione</strong></span> <span class='ocrx_word' id='word_1_549' title='bbox 1659 4129 1904 4197; x_wconf 79' lang='lat' dir='ltr'><strong>eguisse;</strong></span> <span class='ocrx_word' id='word_1_550' title='bbox 1961 4133 2160 4180; x_wconf 82' lang='lat' dir='ltr'><strong>fatuum</strong></span> 
     </span>
    </p>
   </div>
   <div class='ocr_carea' id='block_1_71' title="bbox 597 4217 2163 4285">
    <p class='ocr_par' dir='ltr' id='par_1_71' title="bbox 597 4217 2163 4285">
     <span class='ocr_line' id='line_1_71' title="bbox 597 4217 2163 4285; baseline -0.002 -15"><span class='ocrx_word' id='word_1_551' title='bbox 597 4235 746 4282; x_wconf 76' lang='lat' dir='ltr'><strong>vero,</strong></span> <span class='ocrx_word' id='word_1_552' title='bbox 784 4219 833 4270; x_wconf 93' lang='lat' dir='ltr'><strong>in</strong></span> <span class='ocrx_word' id='word_1_553' title='bbox 879 4234 988 4271; x_wconf 89' lang='lat' dir='ltr'><strong>rent</strong></span> <span class='ocrx_word' id='word_1_554' title='bbox 1027 4233 1195 4285; x_wconf 92' lang='lat' dir='ltr'><strong>usque</strong></span> <span class='ocrx_word' id='word_1_555' title='bbox 1234 4219 1367 4271; x_wconf 89' lang='lat' dir='ltr'><strong>adeo</strong></span> <span class='ocrx_word' id='word_1_556' title='bbox 1397 4217 1608 4284; x_wconf 89' lang='lat' dir='ltr'><strong>planam</strong></span> <span class='ocrx_word' id='word_1_557' title='bbox 1641 4228 1693 4270; x_wconf 90' lang='lat' dir='ltr'><strong>et</strong></span> <span class='ocrx_word' id='word_1_558' title='bbox 1736 4219 2038 4270; x_wconf 70' lang='lat' dir='ltr'><strong>evidentem</strong></span> <span class='ocrx_word' id='word_1_559' title='bbox 2073 4234 2163 4270; x_wconf 80' lang='lat' dir='ltr'><strong>cu-</strong></span> 
     </span>
    </p>
   </div>
   <div class='ocr_carea' id='block_1_72' title="bbox 598 4309 2158 4376">
    <p class='ocr_par' dir='ltr' id='par_1_72' title="bbox 598 4309 2158 4376">
     <span class='ocr_line' id='line_1_72' title="bbox 598 4309 2158 4376; baseline 0.001 -13"><span class='ocrx_word' id='word_1_560' title='bbox 598 4311 796 4363; x_wconf 89' lang='lat' dir='ltr'><strong>riosius</strong></span> <span class='ocrx_word' id='word_1_561' title='bbox 833 4309 964 4362; x_wconf 72' lang='lat' dir='ltr'><strong>velle</strong></span> <span class='ocrx_word' id='word_1_562' title='bbox 1002 4309 1308 4376; x_wconf 87' lang='lat' dir='ltr'><strong>inquirere.</strong></span> <span class='ocrx_word' id='word_1_563' title='bbox 1340 4309 1409 4361; x_wconf 80' lang='lat' dir='ltr'><strong>At</strong></span> <span class='ocrx_word' id='word_1_564' title='bbox 1449 4311 1715 4375; x_wconf 91' lang='lat' dir='ltr'><strong>quomodo</strong></span> <span class='ocrx_word' id='word_1_565' title='bbox 1750 4323 1877 4376; x_wconf 81' lang='lat' dir='ltr'><strong>ergo</strong></span> <span class='ocrx_word' id='word_1_566' title='bbox 1924 4309 2158 4376; x_wconf 84' lang='lat' dir='ltr'><strong>Spiritus</strong></span> 
     </span>
    </p>
   </div>
   <div class='ocr_carea' id='block_1_73' title="bbox 2265 3121 3840 3196">
    <p class='ocr_par' dir='ltr' id='par_1_73' title="bbox 2265 3121 3840 3196">
     <span class='ocr_line' id='line_1_73' title="bbox 2265 3121 3840 3196; baseline -0.001 -17"><span class='ocrx_word' id='word_1_567' title='bbox 2265 3127 2712 3195; x_wconf 79' lang='grc' dir='ltr'>ἀποδιοριζὸντων</span> <span class='ocrx_word' id='word_1_568' title='bbox 2758 3128 2857 3179; x_wconf 81' lang='grc' dir='ltr'><strong>οὐκ</strong></span> <span class='ocrx_word' id='word_1_569' title='bbox 2894 3126 3238 3196; x_wconf 81' lang='grc' dir='ltr'>ἀνεχόμενοι,</span> <span class='ocrx_word' id='word_1_570' title='bbox 3289 3126 3342 3177; x_wconf 89' lang='grc' dir='ltr'><strong>τί</strong></span> <span class='ocrx_word' id='word_1_571' title='bbox 3390 3124 3452 3195; x_wconf 77' lang='grc' dir='ltr'><strong>δὴ</strong></span> <span class='ocrx_word' id='word_1_572' title='bbox 3501 3121 3611 3196; x_wconf 82' lang='grc' dir='ltr'><strong>ἆρά</strong></span> <span class='ocrx_word' id='word_1_573' title='bbox 3654 3144 3840 3196; x_wconf 78' lang='grc' dir='ltr'>φαμεν</span> 
     </span>
    </p>
   </div>
   <div class='ocr_carea' id='block_1_74' title="bbox 2266 3214 3839 3286">
    <p class='ocr_par' dir='ltr' id='par_1_74' title="bbox 2266 3214 3839 3286">
     <span class='ocr_line' id='line_1_74' title="bbox 2266 3214 3839 3286; baseline -0.001 -17"><span class='ocrx_word' id='word_1_574' title='bbox 2266 3218 2640 3280; x_wconf 84' lang='grc' dir='ltr'>καταπτάντος</span> <span class='ocrx_word' id='word_1_575' title='bbox 2681 3218 2766 3268; x_wconf 80' lang='grc' dir='ltr'>ἐπ’</span> <span class='ocrx_word' id='word_1_576' title='bbox 2809 3217 2972 3270; x_wconf 83' lang='grc' dir='ltr'>αὐτὸν</span> <span class='ocrx_word' id='word_1_577' title='bbox 3013 3216 3070 3280; x_wconf 80' lang='grc' dir='ltr'>ἐξ</span> <span class='ocrx_word' id='word_1_578' title='bbox 3095 3214 3324 3286; x_wconf 86' lang='grc' dir='ltr'>ούρανοῦ</span> <span class='ocrx_word' id='word_1_579' title='bbox 3356 3216 3448 3268; x_wconf 89' lang='grc' dir='ltr'><strong>τοῦ</strong></span> <span class='ocrx_word' id='word_1_580' title='bbox 3477 3217 3628 3282; x_wconf 87' lang='grc' dir='ltr'>ἁγίου</span> <span class='ocrx_word' id='word_1_581' title='bbox 3661 3218 3839 3269; x_wconf 83' lang='grc' dir='ltr'>Πνεύ-</span> 
     </span>
    </p>
   </div>
   <div class='ocr_carea' id='block_1_75' title="bbox 2268 3302 3838 3378">
    <p class='ocr_par' dir='ltr' id='par_1_75' title="bbox 2268 3302 3838 3378">
     <span class='ocr_line' id='line_1_75' title="bbox 2268 3302 3838 3378; baseline 0 -18"><span class='ocrx_word' id='word_1_582' title='bbox 2268 3326 2452 3378; x_wconf 84' lang='grc' dir='ltr'>ματος,</span> <span class='ocrx_word' id='word_1_583' title='bbox 2490 3309 2583 3360; x_wconf 73' lang='grc' dir='ltr'>καὶ</span> <span class='ocrx_word' id='word_1_584' title='bbox 2614 3309 2898 3377; x_wconf 78' lang='grc' dir='ltr'>μείναντος</span> <span class='ocrx_word' id='word_1_585' title='bbox 2920 3309 3007 3360; x_wconf 79' lang='grc' dir='ltr'>ἐπ’</span> <span class='ocrx_word' id='word_1_586' title='bbox 3046 3307 3207 3359; x_wconf 80' lang='grc' dir='ltr'>αὐτόν</span> <span class='ocrx_word' id='word_1_587' title='bbox 3235 3323 3249 3371; x_wconf 88' lang='grc'>;</span> <span class='ocrx_word' id='word_1_588' title='bbox 3282 3302 3387 3376; x_wconf 87' lang='grc' dir='ltr'>ἆρα</span> <span class='ocrx_word' id='word_1_589' title='bbox 3427 3307 3704 3376; x_wconf 81' lang='grc' dir='ltr'>δεδεῆσθαι</span> <span class='ocrx_word' id='word_1_590' title='bbox 3738 3308 3838 3360; x_wconf 79' lang='grc' dir='ltr'><strong>τοῦ</strong></span> 
     </span>
    </p>
   </div>
   <div class='ocr_carea' id='block_1_76' title="bbox 2268 3399 3840 3470">
    <p class='ocr_par' dir='ltr' id='par_1_76' title="bbox 2268 3399 3840 3470">
     <span class='ocr_line' id='line_1_76' title="bbox 2268 3399 3840 3470; baseline 0.001 -20"><span class='ocrx_word' id='word_1_591' title='bbox 2268 3400 2587 3469; x_wconf 82' lang='grc' dir='ltr'>μεταλαχεϊν</span> <span class='ocrx_word' id='word_1_592' title='bbox 2639 3399 2794 3466; x_wconf 76' lang='grc' dir='ltr'>ἁγίου</span> <span class='ocrx_word' id='word_1_593' title='bbox 2849 3400 3166 3468; x_wconf 88' lang='grc' dir='ltr'>Πνεύματος</span> <span class='ocrx_word' id='word_1_594' title='bbox 3208 3399 3297 3451; x_wconf 83' lang='grc' dir='ltr'><strong>τὸν</strong></span> <span class='ocrx_word' id='word_1_595' title='bbox 3341 3401 3404 3451; x_wconf 87' lang='grc' dir='ltr'><strong>ἐκ</strong></span> <span class='ocrx_word' id='word_1_596' title='bbox 3446 3399 3578 3451; x_wconf 88' lang='grc' dir='ltr'>Θεοῦ</span> <span class='ocrx_word' id='word_1_597' title='bbox 3623 3401 3840 3470; x_wconf 83' lang='grc' dir='ltr'>Πατρὸς</span> 
     </span>
    </p>
   </div>
   <div class='ocr_carea' id='block_1_77' title="bbox 2262 3489 3834 3559">
    <p class='ocr_par' dir='ltr' id='par_1_77' title="bbox 2262 3489 3834 3559">
     <span class='ocr_line' id='line_1_77' title="bbox 2262 3489 3834 3559; baseline -0.001 -17"><span class='ocrx_word' id='word_1_598' title='bbox 2262 3490 2433 3557; x_wconf 82' lang='grc' dir='ltr'>Λόγον</span> <span class='ocrx_word' id='word_1_599' title='bbox 2467 3489 2893 3559; x_wconf 82' lang='grc' dir='ltr'>ὑποτοπάσωμεν</span> <span class='ocrx_word' id='word_1_600' title='bbox 2919 3505 2931 3553; x_wconf 93' lang='grc'><strong>;</strong></span> <span class='ocrx_word' id='word_1_601' title='bbox 2956 3489 3143 3540; x_wconf 81' lang='grc' dir='ltr'>Καίτοι</span> <span class='ocrx_word' id='word_1_602' title='bbox 3185 3489 3300 3551; x_wconf 80' lang='grc' dir='ltr'><strong>πῶς</strong></span> <span class='ocrx_word' id='word_1_603' title='bbox 3331 3489 3430 3541; x_wconf 87' lang='grc' dir='ltr'><strong>ούκ</strong></span> <span class='ocrx_word' id='word_1_604' title='bbox 3469 3489 3533 3542; x_wconf 85' lang='grc' dir='ltr'>ἂν</span> <span class='ocrx_word' id='word_1_605' title='bbox 3557 3491 3781 3559; x_wconf 79' lang='grc' dir='ltr'>αἰσχρὸν</span> <span class='ocrx_word' id='word_1_606' title='bbox 3808 3500 3834 3525; x_wconf 82' lang='grc' dir='ltr'>υ</span> 
     </span>
    </p>
   </div>
   <div class='ocr_carea' id='block_1_78' title="bbox 2263 3576 3835 3652">
    <p class='ocr_par' dir='ltr' id='par_1_78' title="bbox 2263 3576 3835 3652">
     <span class='ocr_line' id='line_1_78' title="bbox 2263 3576 3835 3652; baseline -0.001 -18"><span class='ocrx_word' id='word_1_607' title='bbox 2263 3582 2477 3652; x_wconf 81' lang='grc' dir='ltr'>ἀληθῶς</span> <span class='ocrx_word' id='word_1_608' title='bbox 2518 3581 2577 3633; x_wconf 86' lang='grc' dir='ltr'><strong>τὸ</strong></span> <span class='ocrx_word' id='word_1_609' title='bbox 2612 3576 2715 3633; x_wconf 84' lang='grc' dir='ltr'>ὧδε</span> <span class='ocrx_word' id='word_1_610' title='bbox 2741 3583 2975 3650; x_wconf 81' lang='grc' dir='ltr'>φρονεῖν,</span> <span class='ocrx_word' id='word_1_611' title='bbox 3018 3580 3049 3649; x_wconf 79' lang='grc' dir='ltr'>ἢ</span> <span class='ocrx_word' id='word_1_612' title='bbox 3089 3580 3308 3648; x_wconf 86' lang='grc' dir='ltr'>λέγειν;</span> <span class='ocrx_word' id='word_1_613' title='bbox 3356 3580 3481 3632; x_wconf 80' lang='grc' dir='ltr'>ἴδιον</span> <span class='ocrx_word' id='word_1_614' title='bbox 3519 3582 3626 3651; x_wconf 77' lang='grc' dir='ltr'>γὰρ</span> <span class='ocrx_word' id='word_1_615' title='bbox 3669 3581 3835 3634; x_wconf 75' lang='grc' dir='ltr'>αὐτοῦ</span> 
     </span>
    </p>
   </div>
   <div class='ocr_carea' id='block_1_79' title="bbox 2263 3671 3839 3741">
    <p class='ocr_par' dir='ltr' id='par_1_79' title="bbox 2263 3671 3839 3741">
     <span class='ocr_line' id='line_1_79' title="bbox 2263 3671 3839 3741; baseline 0 -17"><span class='ocrx_word' id='word_1_616' title='bbox 2263 3673 2322 3724; x_wconf 83' lang='grc' dir='ltr'><strong>τὸ</strong></span> <span class='ocrx_word' id='word_1_617' title='bbox 2358 3672 2579 3741; x_wconf 84' lang='grc' dir='ltr'>Πνεῦμά</span> <span class='ocrx_word' id='word_1_618' title='bbox 2618 3675 2755 3734; x_wconf 80' lang='grc' dir='ltr'>ἐστι,</span> <span class='ocrx_word' id='word_1_619' title='bbox 2791 3671 3038 3740; x_wconf 83' lang='grc' dir='ltr'>καθάπερ</span> <span class='ocrx_word' id='word_1_620' title='bbox 3082 3671 3272 3741; x_wconf 85' lang='grc' dir='ltr'>ἀμέλει</span> <span class='ocrx_word' id='word_1_621' title='bbox 3321 3673 3413 3724; x_wconf 76' lang='grc' dir='ltr'><strong>καὶ</strong></span> <span class='ocrx_word' id='word_1_622' title='bbox 3448 3672 3538 3724; x_wconf 89' lang='grc' dir='ltr'><strong>τοῦ</strong></span> <span class='ocrx_word' id='word_1_623' title='bbox 3564 3673 3696 3725; x_wconf 88' lang='grc' dir='ltr'>Θεοῦ</span> <span class='ocrx_word' id='word_1_624' title='bbox 3740 3674 3839 3724; x_wconf 80' lang='grc' dir='ltr'><strong>καὶ</strong></span> 
     </span>
    </p>
   </div>
   <div class='ocr_carea' id='block_1_80' title="bbox 2264 3762 3835 3833">
    <p class='ocr_par' dir='ltr' id='par_1_80' title="bbox 2264 3762 3835 3833">
     <span class='ocr_line' id='line_1_80' title="bbox 2264 3762 3835 3833; baseline -0.001 -17"><span class='ocrx_word' id='word_1_625' title='bbox 2264 3763 2494 3833; x_wconf 82' lang='grc' dir='ltr'>Πατρός.</span> <span class='ocrx_word' id='word_1_626' title='bbox 2528 3763 2635 3815; x_wconf 74' lang='grc' dir='ltr'><strong>Καὶ</strong></span> <span class='ocrx_word' id='word_1_627' title='bbox 2659 3763 2786 3828; x_wconf 89' lang='grc' dir='ltr'>γοῦν</span> <span class='ocrx_word' id='word_1_628' title='bbox 2819 3765 2845 3814; x_wconf 83' lang='lat'><strong>6</strong></span> <span class='ocrx_word' id='word_1_629' title='bbox 2871 3763 3134 3831; x_wconf 83' lang='grc' dir='ltr'>μακάριος</span> <span class='ocrx_word' id='word_1_630' title='bbox 3166 3762 3392 3826; x_wconf 61' lang='grc' dir='ltr'>Παῦλος</span> <span class='ocrx_word' id='word_1_631' title='bbox 3435 3783 3453 3812; x_wconf 76' lang='grc' dir='ltr'>σ</span> <span class='ocrx_word' id='word_1_632' title='bbox 3485 3764 3602 3813; x_wconf 87' lang='grc' dir='ltr'>Ὅτι</span> <span class='ocrx_word' id='word_1_633' title='bbox 3627 3762 3684 3814; x_wconf 90' lang='grc' dir='ltr'><strong>δέ</strong></span> <span class='ocrx_word' id='word_1_634' title='bbox 3708 3764 3835 3814; x_wconf 79' lang='grc' dir='ltr'>ἐστε</span> 
     </span>
    </p>
   </div>
   <div class='ocr_carea' id='block_1_81' title="bbox 2264 3850 3836 3920">
    <p class='ocr_par' dir='ltr' id='par_1_81' title="bbox 2264 3850 3836 3920">
     <span class='ocr_line' id='line_1_81' title="bbox 2264 3850 3836 3920; baseline -0.001 -13"><span class='ocrx_word' id='word_1_635' title='bbox 2264 3855 2389 3917; x_wconf 67' lang='grc' dir='ltr'>υἱοὶ,</span> <span class='ocrx_word' id='word_1_636' title='bbox 2413 3850 2488 3917; x_wconf 76' lang='grc' dir='ltr'>οἷς</span> <span class='ocrx_word' id='word_1_637' title='bbox 2506 3851 2880 3917; x_wconf 78' lang='grc' dir='ltr'>ἐξαπέστειλεν</span> <span class='ocrx_word' id='word_1_638' title='bbox 2902 3855 2928 3904; x_wconf 90' lang='lat'><strong>6</strong></span> <span class='ocrx_word' id='word_1_639' title='bbox 2946 3853 3075 3914; x_wconf 83' lang='grc' dir='ltr'>Θεὸς</span> <span class='ocrx_word' id='word_1_640' title='bbox 3090 3852 3150 3903; x_wconf 86' lang='grc' dir='ltr'><strong>τὸ</strong></span> <span class='ocrx_word' id='word_1_641' title='bbox 3169 3853 3384 3920; x_wconf 88' lang='grc' dir='ltr'>Πνεῦμα</span> <span class='ocrx_word' id='word_1_642' title='bbox 3409 3853 3500 3904; x_wconf 87' lang='grc' dir='ltr'><strong>τοῦ</strong></span> <span class='ocrx_word' id='word_1_643' title='bbox 3521 3852 3647 3904; x_wconf 82' lang='grc' dir='ltr'>Υίοῦ</span> <span class='ocrx_word' id='word_1_644' title='bbox 3665 3853 3836 3905; x_wconf 82' lang='grc' dir='ltr'>αὑτοῦ</span> 
     </span>
    </p>
   </div>
   <div class='ocr_carea' id='block_1_82' title="bbox 2266 3943 3830 4014">
    <p class='ocr_par' dir='ltr' id='par_1_82' title="bbox 2266 3943 3830 4014">
     <span class='ocr_line' id='line_1_82' title="bbox 2266 3943 3830 4014; baseline 0.001 -18"><span class='ocrx_word' id='word_1_645' title='bbox 2266 3947 2341 4006; x_wconf 88' lang='grc' dir='ltr'>εἰς</span> <span class='ocrx_word' id='word_1_646' title='bbox 2380 3946 2479 4006; x_wconf 75' lang='grc' dir='ltr'><strong>τὰς</strong></span> <span class='ocrx_word' id='word_1_647' title='bbox 2515 3944 2740 4011; x_wconf 81' lang='grc' dir='ltr'>καρδίας</span> <span class='ocrx_word' id='word_1_648' title='bbox 2772 3943 2954 4010; x_wconf 81' lang='grc' dir='ltr'>ὑμῶν,</span> <span class='ocrx_word' id='word_1_649' title='bbox 2987 3943 3216 4011; x_wconf 71' lang='grc' dir='ltr'>κρᾶζον·</span> <span class='ocrx_word' id='word_1_650' title='bbox 3274 3943 3472 4007; x_wconf 79' lang='grc' dir='ltr'>’Λϐϐἂ,</span> <span class='ocrx_word' id='word_1_651' title='bbox 3500 3945 3526 3996; x_wconf 86' lang='lat'><strong>6</strong></span> <span class='ocrx_word' id='word_1_652' title='bbox 3554 3945 3763 4014; x_wconf 80' lang='grc' dir='ltr'>Πατήρ.</span> <span class='ocrx_word' id='word_1_653' title='bbox 3807 3963 3830 3996; x_wconf 68' lang='grc' dir='ltr'><strong>ι</strong></span> 
     </span>
    </p>
   </div>
   <div class='ocr_carea' id='block_1_83' title="bbox 2276 4031 3834 4106">
    <p class='ocr_par' dir='ltr' id='par_1_83' title="bbox 2276 4031 3834 4106">
     <span class='ocr_line' id='line_1_83' title="bbox 2276 4031 3834 4106; baseline 0.001 -19"><span class='ocrx_word' id='word_1_654' title='bbox 2276 4037 2494 4097; x_wconf 85' lang='grc' dir='ltr'>Ἀσεϐὲς</span> <span class='ocrx_word' id='word_1_655' title='bbox 2536 4031 2626 4087; x_wconf 75' lang='grc' dir='ltr'><strong>οὖν</strong></span> <span class='ocrx_word' id='word_1_656' title='bbox 2667 4033 2774 4105; x_wconf 80' lang='grc' dir='ltr'>ἄρα</span> <span class='ocrx_word' id='word_1_657' title='bbox 2807 4036 2864 4086; x_wconf 78' lang='grc' dir='ltr'><strong>τὸ</strong></span> <span class='ocrx_word' id='word_1_658' title='bbox 2903 4034 3002 4087; x_wconf 84' lang='grc' dir='ltr'><strong>κᾶν</strong></span> <span class='ocrx_word' id='word_1_659' title='bbox 3030 4035 3158 4102; x_wconf 87' lang='grc' dir='ltr'>γοῦν</span> <span class='ocrx_word' id='word_1_660' title='bbox 3204 4036 3492 4105; x_wconf 82' lang='grc' dir='ltr'>ὑπονοῆσαι</span> <span class='ocrx_word' id='word_1_661' title='bbox 3535 4036 3692 4106; x_wconf 88' lang='grc' dir='ltr'>μόνον</span> <span class='ocrx_word' id='word_1_662' title='bbox 3731 4037 3834 4105; x_wconf 81' lang='grc' dir='ltr'><strong>τῆς</strong></span> 
     </span>
    </p>
   </div>
   <div class='ocr_carea' id='block_1_84' title="bbox 2261 4126 3834 4197">
    <p class='ocr_par' dir='ltr' id='par_1_84' title="bbox 2261 4126 3834 4197">
     <span class='ocr_line' id='line_1_84' title="bbox 2261 4126 3834 4197; baseline 0.001 -17"><span class='ocrx_word' id='word_1_663' title='bbox 2261 4127 2355 4180; x_wconf 87' lang='grc' dir='ltr'><strong>τοῦ</strong></span> <span class='ocrx_word' id='word_1_664' title='bbox 2407 4127 2722 4195; x_wconf 80' lang='grc' dir='ltr'>Πνεύματος</span> <span class='ocrx_word' id='word_1_665' title='bbox 2767 4126 3053 4196; x_wconf 79' lang='grc' dir='ltr'>μετουσίας</span> <span class='ocrx_word' id='word_1_666' title='bbox 3092 4127 3368 4197; x_wconf 78' lang='grc' dir='ltr'>δεδεῆσθαι</span> <span class='ocrx_word' id='word_1_667' title='bbox 3411 4129 3503 4181; x_wconf 69' lang='grc' dir='ltr'><strong>καὶ</strong></span> <span class='ocrx_word' id='word_1_668' title='bbox 3540 4130 3699 4182; x_wconf 76' lang='grc' dir='ltr'>αὐτὸν</span> <span class='ocrx_word' id='word_1_669' title='bbox 3739 4132 3834 4181; x_wconf 68' lang='grc' dir='ltr'><strong>τὶν</strong></span> 
     </span>
    </p>
   </div>
   <div class='ocr_carea' id='block_1_85' title="bbox 2263 4218 3833 4290">
    <p class='ocr_par' dir='ltr' id='par_1_85' title="bbox 2263 4218 3833 4290">
     <span class='ocr_line' id='line_1_85' title="bbox 2263 4218 3833 4290; baseline 0.001 -20"><span class='ocrx_word' id='word_1_670' title='bbox 2263 4220 2327 4271; x_wconf 87' lang='grc' dir='ltr'>ὲκ</span> <span class='ocrx_word' id='word_1_671' title='bbox 2349 4218 2481 4271; x_wconf 85' lang='grc' dir='ltr'>Θεοῦ</span> <span class='ocrx_word' id='word_1_672' title='bbox 2515 4219 2722 4287; x_wconf 79' lang='grc' dir='ltr'>Πατρὺς</span> <span class='ocrx_word' id='word_1_673' title='bbox 2753 4219 2922 4287; x_wconf 80' lang='grc' dir='ltr'>Λόγον</span> <span class='ocrx_word' id='word_1_674' title='bbox 2944 4234 2956 4247; x_wconf 86' lang='lat'><strong><em>°</em></strong></span> <span class='ocrx_word' id='word_1_675' title='bbox 2997 4220 3091 4272; x_wconf 72' lang='grc' dir='ltr'><strong>καὶ</strong></span> <span class='ocrx_word' id='word_1_676' title='bbox 3130 4219 3188 4271; x_wconf 80' lang='grc' dir='ltr'><strong>τὸ</strong></span> <span class='ocrx_word' id='word_1_677' title='bbox 3225 4220 3365 4272; x_wconf 86' lang='grc' dir='ltr'>οῦτω</span> <span class='ocrx_word' id='word_1_678' title='bbox 3392 4223 3532 4290; x_wconf 62' lang='grc' dir='ltr'>σαφῆ</span> <span class='ocrx_word' id='word_1_679' title='bbox 3575 4221 3672 4290; x_wconf 72' lang='grc' dir='ltr'><strong>τὴν</strong></span> <span class='ocrx_word' id='word_1_680' title='bbox 3702 4223 3833 4273; x_wconf 83' lang='grc' dir='ltr'>ἀπό-</span> 
     </span>
    </p>
   </div>
   <div class='ocr_carea' id='block_1_86' title="bbox 2263 4309 3826 4380">
    <p class='ocr_par' dir='ltr' id='par_1_86' title="bbox 2263 4309 3826 4380">
     <span class='ocr_line' id='line_1_86' title="bbox 2263 4309 3826 4380; baseline 0.001 -19"><span class='ocrx_word' id='word_1_681' title='bbox 2263 4309 2426 4372; x_wconf 79' lang='grc' dir='ltr'>δειξιν</span> <span class='ocrx_word' id='word_1_682' title='bbox 2473 4309 2591 4378; x_wconf 75' lang='grc' dir='ltr'>ἕχον</span> <span class='ocrx_word' id='word_1_683' title='bbox 2640 4311 2958 4380; x_wconf 86' lang='grc' dir='ltr'>περιεργίας</span> <span class='ocrx_word' id='word_1_684' title='bbox 3001 4309 3202 4374; x_wconf 81' lang='grc' dir='ltr'>ἀξιοῦν,</span> <span class='ocrx_word' id='word_1_685' title='bbox 3257 4309 3448 4378; x_wconf 82' lang='grc' dir='ltr'>εῦηθες</span> <span class='ocrx_word' id='word_1_686' title='bbox 3485 4311 3575 4362; x_wconf 65' lang='grc' dir='ltr'>καὶ</span> <span class='ocrx_word' id='word_1_687' title='bbox 3610 4312 3826 4379; x_wconf 82' lang='grc' dir='ltr'>κομιδῇ.</span> 
     </span>
    </p>
   </div>
   <div class='ocr_carea' id='block_1_87' title="bbox 597 4384 2164 4472">
    <p class='ocr_par' dir='ltr' id='par_1_87' title="bbox 597 4401 2157 4472">
     <span class='ocr_line' id='line_1_87' title="bbox 597 4401 2157 4472; baseline 0 -15"><span class='ocrx_word' id='word_1_688' title='bbox 597 4413 820 4458; x_wconf 88' lang='lat' dir='ltr'><strong>sanctus</strong></span> <span class='ocrx_word' id='word_1_689' title='bbox 878 4417 1039 4468; x_wconf 85' lang='lat' dir='ltr'><strong>super</strong></span> <span class='ocrx_word' id='word_1_690' title='bbox 1093 4402 1240 4454; x_wconf 87' lang='lat' dir='ltr'><strong>illum</strong></span> <span class='ocrx_word' id='word_1_691' title='bbox 1293 4401 1610 4455; x_wconf 84' lang='lat' dir='ltr'><strong>descendit?</strong></span> <span class='ocrx_word' id='word_1_692' title='bbox 1663 4403 1870 4470; x_wconf 83' lang='lat' dir='ltr'><strong>Aecipit</strong></span> <span class='ocrx_word' id='word_1_693' title='bbox 1925 4418 2157 4472; x_wconf 89' lang='lat' dir='ltr'><strong>namque</strong></span> 
     </span>
    </p>
   </div>
   <div class='ocr_carea' id='block_1_88' title="bbox 2267 4384 3830 4472">
    <p class='ocr_par' dir='ltr' id='par_1_88' title="bbox 2267 4397 3830 4470">
     <span class='ocr_line' id='line_1_88' title="bbox 2267 4397 3830 4470; baseline 0.001 -18"><span class='ocrx_word' id='word_1_694' title='bbox 2267 4402 2388 4463; x_wconf 83' lang='grc' dir='ltr'><strong>Πῶς</strong></span> <span class='ocrx_word' id='word_1_695' title='bbox 2426 4397 2516 4452; x_wconf 68' lang='grc' dir='ltr'>οὖν</span> <span class='ocrx_word' id='word_1_696' title='bbox 2566 4401 2650 4452; x_wconf 72' lang='grc' dir='ltr'><strong>ἐπ’</strong></span> <span class='ocrx_word' id='word_1_697' title='bbox 2703 4402 2860 4454; x_wconf 80' lang='grc' dir='ltr'>αὑτὸν</span> <span class='ocrx_word' id='word_1_698' title='bbox 2898 4402 3140 4470; x_wconf 85' lang='grc' dir='ltr'>κατέπτη</span> <span class='ocrx_word' id='word_1_699' title='bbox 3191 4401 3251 4452; x_wconf 76' lang='grc' dir='ltr'>τὸ</span> <span class='ocrx_word' id='word_1_700' title='bbox 3303 4402 3555 4469; x_wconf 89' lang='grc' dir='ltr'>Πνεῦμα;</span> <span class='ocrx_word' id='word_1_701' title='bbox 3606 4401 3830 4469; x_wconf 87' lang='grc' dir='ltr'>Δέχεται</span> 
     </span>
    </p>
   </div>
   <div class='ocr_carea' id='block_1_89' title="bbox 596 4492 2159 4559">
    <p class='ocr_par' dir='ltr' id='par_1_89' title="bbox 596 4492 2159 4559">
     <span class='ocr_line' id='line_1_89' title="bbox 596 4492 2159 4559; baseline -0.001 -12"><span class='ocrx_word' id='word_1_702' title='bbox 596 4493 888 4548; x_wconf 89' lang='lat' dir='ltr'><strong>secundum</strong></span> <span class='ocrx_word' id='word_1_703' title='bbox 931 4494 1224 4545; x_wconf 92' lang='lat' dir='ltr'><strong>humanam</strong></span> <span class='ocrx_word' id='word_1_704' title='bbox 1275 4501 1546 4556; x_wconf 87' lang='lat' dir='ltr'><strong>naturam,</strong></span> <span class='ocrx_word' id='word_1_705' title='bbox 1595 4492 1990 4559; x_wconf 86' lang='lat' dir='ltr'><strong>dispensatione</strong></span> <span class='ocrx_word' id='word_1_706' title='bbox 2038 4509 2159 4546; x_wconf 92' lang='lat' dir='ltr'><strong>cum</strong></span> 
     </span>
    </p>
   </div>
   <div class='ocr_carea' id='block_1_90' title="bbox 596 4584 2159 4651">
    <p class='ocr_par' dir='ltr' id='par_1_90' title="bbox 596 4584 2159 4651">
     <span class='ocr_line' id='line_1_90' title="bbox 596 4584 2159 4651; baseline 0 -13"><span class='ocrx_word' id='word_1_707' title='bbox 596 4600 758 4639; x_wconf 90' lang='lat' dir='ltr'><strong>carne</strong></span> <span class='ocrx_word' id='word_1_708' title='bbox 800 4585 1081 4648; x_wconf 82' lang='lat' dir='ltr'><strong>eﬂiciente,</strong></span> <span class='ocrx_word' id='word_1_709' title='bbox 1133 4594 1190 4635; x_wconf 93' lang='lat' dir='ltr'><strong>ut</strong></span> <span class='ocrx_word' id='word_1_710' title='bbox 1231 4584 1369 4637; x_wconf 91' lang='lat' dir='ltr'><strong>citra</strong></span> <span class='ocrx_word' id='word_1_711' title='bbox 1422 4598 1635 4638; x_wconf 89' lang='lat' dir='ltr'><strong>omnem</strong></span> <span class='ocrx_word' id='word_1_712' title='bbox 1691 4584 2159 4651; x_wconf 83' lang='lat' dir='ltr'><strong>reprehensionem</strong></span> 
     </span>
    </p>
   </div>
   <div class='ocr_carea' id='block_1_91' title="bbox 597 4673 2160 4741">
    <p class='ocr_par' dir='ltr' id='par_1_91' title="bbox 597 4673 2160 4741">
     <span class='ocr_line' id='line_1_91' title="bbox 597 4673 2160 4741; baseline -0.004 -13"><span class='ocrx_word' id='word_1_713' title='bbox 597 4675 860 4740; x_wconf 90' lang='lat' dir='ltr'><strong>Spiritum</strong></span> <span class='ocrx_word' id='word_1_714' title='bbox 893 4673 1194 4741; x_wconf 88' lang='lat' dir='ltr'><strong>acciperet;</strong></span> <span class='ocrx_word' id='word_1_715' title='bbox 1228 4673 1337 4725; x_wconf 91' lang='lat' dir='ltr'><strong>imo</strong></span> <span class='ocrx_word' id='word_1_716' title='bbox 1366 4675 1674 4726; x_wconf 77' lang='lat' dir='ltr'><strong>neceSsariu</strong></span> <span class='ocrx_word' id='word_1_717' title='bbox 1703 4673 1768 4726; x_wconf 90' lang='lat' dir='ltr'><strong>ad</strong></span> <span class='ocrx_word' id='word_1_718' title='bbox 1799 4675 1896 4726; x_wconf 89' lang='lat' dir='ltr'><strong>hoc</strong></span> <span class='ocrx_word' id='word_1_719' title='bbox 1917 4677 2160 4727; x_wconf 87' lang='lat' dir='ltr'><strong>ducente.</strong></span> 
     </span>
    </p>
   </div>
   <div class='ocr_carea' id='block_1_92' title="bbox 599 4763 2166 4834">
    <p class='ocr_par' dir='ltr' id='par_1_92' title="bbox 599 4763 2166 4834">
     <span class='ocr_line' id='line_1_92' title="bbox 599 4763 2166 4834; baseline -0.001 -16"><span class='ocrx_word' id='word_1_720' title='bbox 599 4766 837 4834; x_wconf 87' lang='lat' dir='ltr'><strong>Suscipit</strong></span> <span class='ocrx_word' id='word_1_721' title='bbox 868 4774 1045 4818; x_wconf 88' lang='lat' dir='ltr'><strong>autem</strong></span> <span class='ocrx_word' id='word_1_722' title='bbox 1079 4764 1231 4818; x_wconf 91' lang='lat' dir='ltr'><strong>nobis</strong></span> <span class='ocrx_word' id='word_1_723' title='bbox 1264 4765 1445 4817; x_wconf 81' lang='lat' dir='ltr'><strong>verius</strong></span> <span class='ocrx_word' id='word_1_724' title='bbox 1481 4780 1640 4833; x_wconf 92' lang='lat' dir='ltr'><strong>quam</strong></span> <span class='ocrx_word' id='word_1_725' title='bbox 1687 4763 1788 4817; x_wconf 84' lang='lat' dir='ltr'><strong>sibi</strong></span> <span class='ocrx_word' id='word_1_726' title='bbox 1824 4780 1836 4816; x_wconf 88' lang='lat'><strong>:</strong></span> <span class='ocrx_word' id='word_1_727' title='bbox 1870 4780 1972 4831; x_wconf 93' lang='lat' dir='ltr'><strong>quo</strong></span> <span class='ocrx_word' id='word_1_728' title='bbox 2016 4763 2166 4816; x_wconf 91' lang='lat' dir='ltr'><strong>nimi-</strong></span> 
     </span>
    </p>
   </div>
   <div class='ocr_carea' id='block_1_93' title="bbox 600 4853 2160 4924">
    <p class='ocr_par' dir='ltr' id='par_1_93' title="bbox 600 4853 2160 4924">
     <span class='ocr_line' id='line_1_93' title="bbox 600 4853 2160 4924; baseline -0.003 -15"><span class='ocrx_word' id='word_1_729' title='bbox 600 4871 737 4919; x_wconf 85' lang='lat' dir='ltr'><strong>rum,</strong></span> <span class='ocrx_word' id='word_1_730' title='bbox 788 4865 1136 4924; x_wconf 85' lang='lat' dir='ltr'><strong>posteaquam</strong></span> <span class='ocrx_word' id='word_1_731' title='bbox 1185 4854 1252 4907; x_wconf 88' lang='lat' dir='ltr'><strong>ab</strong></span> <span class='ocrx_word' id='word_1_732' title='bbox 1299 4854 1624 4916; x_wconf 89' lang='lat' dir='ltr'><strong>hominibus,</strong></span> <span class='ocrx_word' id='word_1_733' title='bbox 1665 4869 1729 4906; x_wconf 92' lang='lat' dir='ltr'><strong>eo</strong></span> <span class='ocrx_word' id='word_1_734' title='bbox 1759 4854 1897 4922; x_wconf 89' lang='lat' dir='ltr'><strong>quod</strong></span> <span class='ocrx_word' id='word_1_735' title='bbox 1945 4853 2160 4906; x_wconf 89' lang='lat' dir='ltr'><strong>illorum</strong></span> 
     </span>
    </p>
   </div>
   <div class='ocr_carea' id='block_1_94' title="bbox 599 4944 2164 5014">
    <p class='ocr_par' dir='ltr' id='par_1_94' title="bbox 599 4944 2164 5014">
     <span class='ocr_line' id='line_1_94' title="bbox 599 4944 2164 5014; baseline -0.003 -14"><span class='ocrx_word' id='word_1_736' title='bbox 599 4961 749 5000; x_wconf 89' lang='lat' dir='ltr'><strong>mens</strong></span> <span class='ocrx_word' id='word_1_737' title='bbox 773 4961 802 4998; x_wconf 92' lang='lat' dir='ltr'><strong>a</strong></span> <span class='ocrx_word' id='word_1_738' title='bbox 835 4946 1118 5014; x_wconf 69' lang='lat' dir='ltr'><strong>iuventute</strong></span> <span class='ocrx_word' id='word_1_739' title='bbox 1149 4946 1213 4998; x_wconf 91' lang='lat' dir='ltr'><strong>ad</strong></span> <span class='ocrx_word' id='word_1_740' title='bbox 1243 4944 1507 4998; x_wconf 84' lang='lat' dir='ltr'><strong>malitiam</strong></span> <span class='ocrx_word' id='word_1_741' title='bbox 1541 4959 1706 5013; x_wconf 88' lang='lat' dir='ltr'><strong>prona</strong></span> <span class='ocrx_word' id='word_1_742' title='bbox 1738 4959 1954 5012; x_wconf 90' lang='lat' dir='ltr'><strong>semper</strong></span> <span class='ocrx_word' id='word_1_743' title='bbox 1987 4947 2164 4997; x_wconf 87' lang='lat' dir='ltr'><strong>inten-</strong></span> 
     </span>
    </p>
   </div>
   <div class='ocr_carea' id='block_1_95' title="bbox 600 5034 2155 5106">
    <p class='ocr_par' dir='ltr' id='par_1_95' title="bbox 600 5034 2155 5106">
     <span class='ocr_line' id='line_1_95' title="bbox 600 5034 2155 5106; baseline -0.003 -15"><span class='ocrx_word' id='word_1_744' title='bbox 600 5049 759 5106; x_wconf 89' lang='lat' dir='ltr'><strong>taque</strong></span> <span class='ocrx_word' id='word_1_745' title='bbox 807 5047 947 5091; x_wconf 84' lang='lat' dir='ltr'><strong>esset</strong></span> <span class='ocrx_word' id='word_1_746' title='bbox 971 5036 1039 5101; x_wconf 83' lang='lat'><strong>“,</strong></span> <span class='ocrx_word' id='word_1_747' title='bbox 1080 5036 1246 5091; x_wconf 91' lang='lat' dir='ltr'><strong>semel</strong></span> <span class='ocrx_word' id='word_1_748' title='bbox 1293 5036 1558 5098; x_wconf 87' lang='lat' dir='ltr'><strong>avolarat,</strong></span> <span class='ocrx_word' id='word_1_749' title='bbox 1606 5051 1748 5088; x_wconf 92' lang='lat' dir='ltr'><strong>nunc</strong></span> <span class='ocrx_word' id='word_1_750' title='bbox 1785 5037 1835 5087; x_wconf 89' lang='lat' dir='ltr'><strong>in</strong></span> <span class='ocrx_word' id='word_1_751' title='bbox 1881 5034 2155 5089; x_wconf 77' lang='lat' dir='ltr'><strong>Christum</strong></span> 
     </span>
    </p>
   </div>
   <div class='ocr_carea' id='block_1_96' title="bbox 597 5126 2156 5198">
    <p class='ocr_par' dir='ltr' id='par_1_96' title="bbox 597 5126 2156 5198">
     <span class='ocr_line' id='line_1_96' title="bbox 597 5126 2156 5198; baseline 0 -18"><span class='ocrx_word' id='word_1_752' title='bbox 597 5127 759 5180; x_wconf 77' lang='lat' dir='ltr'><strong>veluti</strong></span> <span class='ocrx_word' id='word_1_753' title='bbox 790 5128 838 5181; x_wconf 92' lang='lat' dir='ltr'><strong>in</strong></span> <span class='ocrx_word' id='word_1_754' title='bbox 873 5129 1098 5181; x_wconf 85' lang='lat' dir='ltr'><strong>alterum</strong></span> <span class='ocrx_word' id='word_1_755' title='bbox 1129 5126 1342 5198; x_wconf 76' lang='lat' dir='ltr'><strong>generis</strong></span> <span class='ocrx_word' id='word_1_756' title='bbox 1383 5127 1553 5181; x_wconf 89' lang='lat' dir='ltr'><strong>nostri</strong></span> <span class='ocrx_word' id='word_1_757' title='bbox 1583 5127 1907 5196; x_wconf 88' lang='lat' dir='ltr'><strong>principium</strong></span> <span class='ocrx_word' id='word_1_758' title='bbox 1942 5128 2156 5180; x_wconf 88' lang='lat' dir='ltr'><strong>descen-</strong></span> 
     </span>
    </p>
   </div>
   <div class='ocr_carea' id='block_1_97' title="bbox 597 5219 2154 5289">
    <p class='ocr_par' dir='ltr' id='par_1_97' title="bbox 597 5219 2154 5289">
     <span class='ocr_line' id='line_1_97' title="bbox 597 5219 2154 5289; baseline 0.001 -19"><span class='ocrx_word' id='word_1_759' title='bbox 597 5222 748 5281; x_wconf 85' lang='lat' dir='ltr'><strong>dens,</strong></span> <span class='ocrx_word' id='word_1_760' title='bbox 782 5221 1071 5289; x_wconf 86' lang='lat' dir='ltr'><strong>sedentque</strong></span> <span class='ocrx_word' id='word_1_761' title='bbox 1101 5221 1336 5288; x_wconf 88' lang='lat' dir='ltr'><strong>capiens,</strong></span> <span class='ocrx_word' id='word_1_762' title='bbox 1382 5219 1577 5272; x_wconf 86' lang='lat' dir='ltr'><strong>iterum</strong></span> <span class='ocrx_word' id='word_1_763' title='bbox 1622 5220 1675 5273; x_wconf 89' lang='lat' dir='ltr'><strong>in</strong></span> <span class='ocrx_word' id='word_1_764' title='bbox 1719 5220 1872 5273; x_wconf 90' lang='lat' dir='ltr'><strong>nobis</strong></span> <span class='ocrx_word' id='word_1_765' title='bbox 1906 5228 2154 5288; x_wconf 90' lang='lat' dir='ltr'><strong>tanquam</strong></span> 
     </span>
    </p>
   </div>
   <div class='ocr_carea' id='block_1_98' title="bbox 597 5311 2153 5381">
    <p class='ocr_par' dir='ltr' id='par_1_98' title="bbox 597 5311 2153 5381">
     <span class='ocr_line' id='line_1_98' title="bbox 597 5311 2153 5381; baseline -0.003 -15"><span class='ocrx_word' id='word_1_766' title='bbox 597 5319 744 5366; x_wconf 89' lang='lat' dir='ltr'><strong>recte</strong></span> <span class='ocrx_word' id='word_1_767' title='bbox 769 5312 878 5381; x_wconf 85' lang='lat' dir='ltr'><strong>jam</strong></span> <span class='ocrx_word' id='word_1_768' title='bbox 914 5311 1276 5380; x_wconf 89' lang='lat' dir='ltr'><strong>operantibus,</strong></span> <span class='ocrx_word' id='word_1_769' title='bbox 1326 5320 1379 5365; x_wconf 92' lang='lat' dir='ltr'><strong>et</strong></span> <span class='ocrx_word' id='word_1_770' title='bbox 1425 5311 1588 5363; x_wconf 85' lang='lat' dir='ltr'><strong>vitam</strong></span> <span class='ocrx_word' id='word_1_771' title='bbox 1635 5325 1663 5362; x_wconf 88' lang='lat' dir='ltr'><strong>a</strong></span> <span class='ocrx_word' id='word_1_772' title='bbox 1700 5320 1942 5377; x_wconf 87' lang='lat' dir='ltr'><strong>peccato,</strong></span> <span class='ocrx_word' id='word_1_773' title='bbox 1983 5311 2153 5363; x_wconf 90' lang='lat' dir='ltr'><strong>omni-</strong></span> 
     </span>
    </p>
   </div>
   <div class='ocr_carea' id='block_1_99' title="bbox 684 5461 1795 5527">
    <p class='ocr_par' dir='ltr' id='par_1_99' title="bbox 684 5461 1795 5527">
     <span class='ocr_line' id='line_1_99' title="bbox 684 5461 1795 5527; baseline -0.003 -9"><span class='ocrx_word' id='word_1_774' title='bbox 684 5467 726 5497; x_wconf 85' lang='lat'><strong>&quot;</strong></span> <span class='ocrx_word' id='word_1_775' title='bbox 763 5465 949 5520; x_wconf 85' lang='lat' dir='ltr'><strong>Matth.</strong></span> <span class='ocrx_word' id='word_1_776' title='bbox 983 5481 1171 5527; x_wconf 76' lang='lat' dir='ltr'><strong>xxvrtt,</strong></span> <span class='ocrx_word' id='word_1_777' title='bbox 1216 5464 1300 5518; x_wconf 79' lang='lat' dir='ltr'><strong>l9.</strong></span> <span class='ocrx_word' id='word_1_778' title='bbox 1380 5462 1424 5492; x_wconf 80' lang='grc'><strong>⁵³</strong></span> <span class='ocrx_word' id='word_1_779' title='bbox 1452 5461 1579 5515; x_wconf 87' lang='lat' dir='ltr'><strong>Luc.</strong></span> <span class='ocrx_word' id='word_1_780' title='bbox 1614 5477 1676 5524; x_wconf 91' lang='lat' dir='ltr'><strong>tt,</strong></span> <span class='ocrx_word' id='word_1_781' title='bbox 1713 5463 1795 5515; x_wconf 71' lang='grc' dir='ltr'><strong>Μ.</strong></span> 
     </span>
    </p>
   </div>
   <div class='ocr_carea' id='block_1_100' title="bbox 1877 5457 2937 5524">
    <p class='ocr_par' dir='ltr' id='par_1_100' title="bbox 1877 5457 2937 5524">
     <span class='ocr_line' id='line_1_100' title="bbox 1877 5457 2937 5524; baseline -0.002 -9"><span class='ocrx_word' id='word_1_782' title='bbox 1877 5464 1922 5494; x_wconf 69' lang='grc'><strong>⁸⁸</strong></span> <span class='ocrx_word' id='word_1_783' title='bbox 1966 5463 2121 5515; x_wconf 82' lang='lat' dir='ltr'><strong>Joan.</strong></span> <span class='ocrx_word' id='word_1_784' title='bbox 2155 5473 2194 5523; x_wconf 89' lang='lat' dir='ltr'><strong>l,</strong></span> <span class='ocrx_word' id='word_1_785' title='bbox 2238 5457 2423 5515; x_wconf 51' lang='lat'><strong>&#39;52-“.</strong></span> <span class='ocrx_word' id='word_1_786' title='bbox 2496 5463 2539 5492; x_wconf 68' lang='grc'><strong>⁸⁸</strong></span> <span class='ocrx_word' id='word_1_787' title='bbox 2580 5461 2753 5516; x_wconf 87' lang='lat' dir='ltr'><strong>Galat.</strong></span> <span class='ocrx_word' id='word_1_788' title='bbox 2785 5476 2855 5524; x_wconf 86' lang='lat' dir='ltr'><strong>tv,</strong></span> <span class='ocrx_word' id='word_1_789' title='bbox 2887 5460 2937 5514; x_wconf 88' lang='lat'>6.</span> 
     </span>
    </p>
   </div>
   <div class='ocr_carea' id='block_1_101' title="bbox 2267 4489 3830 4562">
    <p class='ocr_par' dir='ltr' id='par_1_101' title="bbox 2267 4489 3830 4562">
     <span class='ocr_line' id='line_1_101' title="bbox 2267 4489 3830 4562; baseline -0.002 -18"><span class='ocrx_word' id='word_1_790' title='bbox 2267 4491 2372 4562; x_wconf 84' lang='grc' dir='ltr'>γὰρ</span> <span class='ocrx_word' id='word_1_791' title='bbox 2405 4492 2775 4562; x_wconf 84' lang='grc' dir='ltr'>ἀνθρωπίνως,</span> <span class='ocrx_word' id='word_1_792' title='bbox 2801 4492 3182 4545; x_wconf 85' lang='grc' dir='ltr'>ἀκαταιτίατον</span> <span class='ocrx_word' id='word_1_793' title='bbox 3211 4490 3358 4560; x_wconf 82' lang='grc' dir='ltr'>αὐτῷ</span> <span class='ocrx_word' id='word_1_794' title='bbox 3391 4491 3451 4542; x_wconf 85' lang='grc' dir='ltr'><strong>τὸ</strong></span> <span class='ocrx_word' id='word_1_795' title='bbox 3482 4489 3661 4543; x_wconf 79' lang='grc' dir='ltr'>λαϐεῖν</span> <span class='ocrx_word' id='word_1_796' title='bbox 3692 4491 3830 4542; x_wconf 87' lang='grc' dir='ltr'>ἀπο-</span> 
     </span>
    </p>
   </div>
   <div class='ocr_carea' id='block_1_102' title="bbox 2268 4579 3825 4653">
    <p class='ocr_par' dir='ltr' id='par_1_102' title="bbox 2268 4579 3825 4653">
     <span class='ocr_line' id='line_1_102' title="bbox 2268 4579 3825 4653; baseline -0.001 -19"><span class='ocrx_word' id='word_1_797' title='bbox 2268 4584 2561 4651; x_wconf 73' lang='grc' dir='ltr'>φαινούσης</span> <span class='ocrx_word' id='word_1_798' title='bbox 2606 4579 2662 4636; x_wconf 77' lang='grc' dir='ltr'>εὖ</span> <span class='ocrx_word' id='word_1_799' title='bbox 2718 4584 2859 4652; x_wconf 85' lang='grc' dir='ltr'>μάλα</span> <span class='ocrx_word' id='word_1_800' title='bbox 2907 4584 3004 4653; x_wconf 85' lang='grc' dir='ltr'>τῆς</span> <span class='ocrx_word' id='word_1_801' title='bbox 3055 4582 3192 4652; x_wconf 80' lang='grc' dir='ltr'><strong>μετά</strong></span> <span class='ocrx_word' id='word_1_802' title='bbox 3248 4583 3446 4652; x_wconf 78' lang='grc' dir='ltr'>σαρκὸς</span> <span class='ocrx_word' id='word_1_803' title='bbox 3494 4582 3825 4650; x_wconf 87' lang='grc' dir='ltr'>οἰκονομίας,</span> 
     </span>
    </p>
   </div>
   <div class='ocr_carea' id='block_1_103' title="bbox 2267 4671 3825 4742">
    <p class='ocr_par' dir='ltr' id='par_1_103' title="bbox 2267 4671 3825 4742">
     <span class='ocr_line' id='line_1_103' title="bbox 2267 4671 3825 4742; baseline -0.002 -16"><span class='ocrx_word' id='word_1_804' title='bbox 2267 4674 2461 4742; x_wconf 80' lang='grc' dir='ltr'>μᾶλλον</span> <span class='ocrx_word' id='word_1_805' title='bbox 2497 4675 2550 4726; x_wconf 85' lang='grc' dir='ltr'><strong>δὲ</strong></span> <span class='ocrx_word' id='word_1_806' title='bbox 2585 4675 2675 4726; x_wconf 73' lang='grc' dir='ltr'><strong>καὶ</strong></span> <span class='ocrx_word' id='word_1_807' title='bbox 2701 4674 3009 4740; x_wconf 82' lang='grc' dir='ltr'>ἀναγκαίως</span> <span class='ocrx_word' id='word_1_808' title='bbox 3041 4675 3118 4736; x_wconf 87' lang='grc' dir='ltr'><strong>είς</strong></span> <span class='ocrx_word' id='word_1_809' title='bbox 3147 4671 3305 4725; x_wconf 90' lang='grc' dir='ltr'>τοῦτο</span> <span class='ocrx_word' id='word_1_810' title='bbox 3336 4671 3624 4742; x_wconf 70' lang='grc' dir='ltr'>φερούσης.</span> <span class='ocrx_word' id='word_1_811' title='bbox 3661 4673 3825 4742; x_wconf 84' lang='grc' dir='ltr'>Δέχε-</span> 
     </span>
    </p>
   </div>
   <div class='ocr_carea' id='block_1_104' title="bbox 2262 4760 3824 4832">
    <p class='ocr_par' dir='ltr' id='par_1_104' title="bbox 2262 4760 3824 4832">
     <span class='ocr_line' id='line_1_104' title="bbox 2262 4760 3824 4832; baseline -0.004 -15"><span class='ocrx_word' id='word_1_812' title='bbox 2262 4781 2349 4817; x_wconf 85' lang='grc' dir='ltr'><strong>ται</strong></span> <span class='ocrx_word' id='word_1_813' title='bbox 2381 4764 2488 4832; x_wconf 83' lang='grc' dir='ltr'>γὰρ</span> <span class='ocrx_word' id='word_1_814' title='bbox 2519 4765 2612 4832; x_wconf 82' lang='grc' dir='ltr'>οὐχ</span> <span class='ocrx_word' id='word_1_815' title='bbox 2645 4763 2818 4831; x_wconf 81' lang='grc' dir='ltr'>ἑαυτῷ</span> <span class='ocrx_word' id='word_1_816' title='bbox 2850 4763 3045 4832; x_wconf 85' lang='grc' dir='ltr'>μᾶλλον</span> <span class='ocrx_word' id='word_1_817' title='bbox 3069 4802 3082 4825; x_wconf 93' lang='grc'><strong>,</strong></span> <span class='ocrx_word' id='word_1_818' title='bbox 3115 4760 3229 4814; x_wconf 85' lang='grc' dir='ltr'>ἀλλ’</span> <span class='ocrx_word' id='word_1_819' title='bbox 3267 4763 3425 4830; x_wconf 78' lang='grc' dir='ltr'>ἡμῖν’</span> <span class='ocrx_word' id='word_1_820' title='bbox 3465 4761 3549 4812; x_wconf 78' lang='grc' dir='ltr'><strong>ἵνα</strong></span> <span class='ocrx_word' id='word_1_821' title='bbox 3593 4761 3824 4831; x_wconf 76' lang='grc' dir='ltr'>ἐπείπερ</span> 
     </span>
    </p>
   </div>
   <div class='ocr_carea' id='block_1_105' title="bbox 2261 4851 3824 4921">
    <p class='ocr_par' dir='ltr' id='par_1_105' title="bbox 2261 4851 3824 4921">
     <span class='ocr_line' id='line_1_105' title="bbox 2261 4851 3824 4921; baseline -0.001 -16"><span class='ocrx_word' id='word_1_822' title='bbox 2261 4853 2474 4921; x_wconf 85' lang='grc' dir='ltr'>ἀπέπτη</span> <span class='ocrx_word' id='word_1_823' title='bbox 2507 4853 2615 4904; x_wconf 84' lang='grc' dir='ltr'><strong>τῶν</strong></span> <span class='ocrx_word' id='word_1_824' title='bbox 2644 4854 2734 4904; x_wconf 77' lang='grc' dir='ltr'><strong>ἐπὶ</strong></span> <span class='ocrx_word' id='word_1_825' title='bbox 2761 4854 2858 4920; x_wconf 82' lang='grc' dir='ltr'>τῆς</span> <span class='ocrx_word' id='word_1_826' title='bbox 2879 4853 2982 4921; x_wconf 81' lang='grc' dir='ltr'>γῆς</span> <span class='ocrx_word' id='word_1_827' title='bbox 3001 4893 3015 4917; x_wconf 93' lang='grc'><strong>,</strong></span> <span class='ocrx_word' id='word_1_828' title='bbox 3044 4852 3131 4904; x_wconf 82' lang='grc' dir='ltr'>διὰ</span> <span class='ocrx_word' id='word_1_829' title='bbox 3159 4853 3217 4904; x_wconf 87' lang='grc' dir='ltr'><strong>τὸ</strong></span> <span class='ocrx_word' id='word_1_830' title='bbox 3241 4851 3514 4921; x_wconf 75' lang='grc' dir='ltr'>ἐπιμελῶς</span> <span class='ocrx_word' id='word_1_831' title='bbox 3547 4852 3824 4918; x_wconf 78' lang='grc' dir='ltr'>ἐγκεῖσθαι</span> 
     </span>
    </p>
   </div>
   <div class='ocr_carea' id='block_1_106' title="bbox 2261 4941 3822 5015">
    <p class='ocr_par' dir='ltr' id='par_1_106' title="bbox 2261 4941 3822 5015">
     <span class='ocr_line' id='line_1_106' title="bbox 2261 4941 3822 5015; baseline -0.003 -17"><span class='ocrx_word' id='word_1_832' title='bbox 2261 4944 2357 5015; x_wconf 85' lang='grc' dir='ltr'><strong>τὴν</strong></span> <span class='ocrx_word' id='word_1_833' title='bbox 2387 4945 2623 4997; x_wconf 87' lang='grc' dir='ltr'>διάνοιαν</span> <span class='ocrx_word' id='word_1_834' title='bbox 2644 4943 2737 4995; x_wconf 89' lang='grc' dir='ltr'><strong>τοῦ</strong></span> <span class='ocrx_word' id='word_1_835' title='bbox 2770 4941 3053 5012; x_wconf 86' lang='grc' dir='ltr'>ἀνθρώπου</span> <span class='ocrx_word' id='word_1_836' title='bbox 3089 4944 3180 4995; x_wconf 67' lang='grc' dir='ltr'><strong>ἐπὶ</strong></span> <span class='ocrx_word' id='word_1_837' title='bbox 3212 4943 3278 4997; x_wconf 89' lang='grc' dir='ltr'><strong>τά</strong></span> <span class='ocrx_word' id='word_1_838' title='bbox 3309 4943 3516 5012; x_wconf 87' lang='grc' dir='ltr'>πονηρά</span> <span class='ocrx_word' id='word_1_839' title='bbox 3545 4945 3608 4994; x_wconf 84' lang='grc' dir='ltr'>ὲκ</span> <span class='ocrx_word' id='word_1_840' title='bbox 3636 4942 3822 5012; x_wconf 86' lang='grc' dir='ltr'>νεότη-</span> 
     </span>
    </p>
   </div>
   <div class='ocr_carea' id='block_1_107' title="bbox 2263 5034 3823 5104">
    <p class='ocr_par' dir='ltr' id='par_1_107' title="bbox 2263 5034 3823 5104">
     <span class='ocr_line' id='line_1_107' title="bbox 2263 5034 3823 5104; baseline -0.001 -16"><span class='ocrx_word' id='word_1_841' title='bbox 2263 5053 2372 5099; x_wconf 87' lang='grc' dir='ltr'>τος,</span> <span class='ocrx_word' id='word_1_842' title='bbox 2402 5037 2802 5103; x_wconf 81' lang='grc' dir='ltr'>καταφοιτῆσαν</span> <span class='ocrx_word' id='word_1_843' title='bbox 2831 5034 2916 5085; x_wconf 79' lang='grc' dir='ltr'><strong>ἐπ’</strong></span> <span class='ocrx_word' id='word_1_844' title='bbox 2949 5034 3130 5097; x_wconf 78' lang='grc' dir='ltr'>αὑτὸν,</span> <span class='ocrx_word' id='word_1_845' title='bbox 3162 5036 3235 5098; x_wconf 80' lang='grc' dir='ltr'>ὡς</span> <span class='ocrx_word' id='word_1_846' title='bbox 3266 5037 3324 5086; x_wconf 84' lang='grc' dir='ltr'>ὲν</span> <span class='ocrx_word' id='word_1_847' title='bbox 3357 5037 3573 5104; x_wconf 84' lang='grc' dir='ltr'>ἀπαρχῇ</span> <span class='ocrx_word' id='word_1_848' title='bbox 3600 5034 3691 5086; x_wconf 87' lang='grc' dir='ltr'><strong>τοῦ</strong></span> <span class='ocrx_word' id='word_1_849' title='bbox 3727 5035 3823 5100; x_wconf 84' lang='grc' dir='ltr'>γέ-</span> 
     </span>
    </p>
   </div>
   <div class='ocr_carea' id='block_1_108' title="bbox 2262 5123 3822 5195">
    <p class='ocr_par' dir='ltr' id='par_1_108' title="bbox 2262 5123 3822 5195">
     <span class='ocr_line' id='line_1_108' title="bbox 2262 5123 3822 5195; baseline -0.001 -18"><span class='ocrx_word' id='word_1_850' title='bbox 2262 5142 2382 5187; x_wconf 77' lang='grc' dir='ltr'>νους</span> <span class='ocrx_word' id='word_1_851' title='bbox 2415 5123 2667 5194; x_wconf 68' lang='grc' dir='ltr'>δευτέρᾳ,</span> <span class='ocrx_word' id='word_1_852' title='bbox 2712 5123 2987 5195; x_wconf 81' lang='grc' dir='ltr'>καταλύσῃ</span> <span class='ocrx_word' id='word_1_853' title='bbox 3022 5125 3114 5176; x_wconf 75' lang='grc' dir='ltr'>καὶ</span> <span class='ocrx_word' id='word_1_854' title='bbox 3145 5125 3522 5195; x_wconf 83' lang='grc' dir='ltr'>ἀναπαύσηται</span> <span class='ocrx_word' id='word_1_855' title='bbox 3572 5124 3727 5176; x_wconf 82' lang='grc' dir='ltr'>πάλιν</span> <span class='ocrx_word' id='word_1_856' title='bbox 3763 5125 3822 5175; x_wconf 89' lang='grc' dir='ltr'>ὲν</span> 
     </span>
    </p>
   </div>
   <div class='ocr_carea' id='block_1_109' title="bbox 2261 5215 3822 5285">
    <p class='ocr_par' dir='ltr' id='par_1_109' title="bbox 2261 5215 3822 5285">
     <span class='ocr_line' id='line_1_109' title="bbox 2261 5215 3822 5285; baseline -0.001 -19"><span class='ocrx_word' id='word_1_857' title='bbox 2261 5218 2407 5285; x_wconf 78' lang='grc' dir='ltr'>ἡμῖν,</span> <span class='ocrx_word' id='word_1_858' title='bbox 2463 5215 2536 5277; x_wconf 84' lang='grc' dir='ltr'>ὠς</span> <span class='ocrx_word' id='word_1_859' title='bbox 2585 5215 3003 5285; x_wconf 82' lang='grc' dir='ltr'>κατωρθωκόσιν</span> <span class='ocrx_word' id='word_1_860' title='bbox 3075 5216 3173 5284; x_wconf 71' lang='grc' dir='ltr'>ἥδη</span> <span class='ocrx_word' id='word_1_861' title='bbox 3227 5217 3287 5267; x_wconf 84' lang='grc' dir='ltr'><strong>τὸ</strong></span> <span class='ocrx_word' id='word_1_862' title='bbox 3338 5216 3712 5284; x_wconf 82' lang='grc' dir='ltr'>ἀναμάρτητον</span> <span class='ocrx_word' id='word_1_863' title='bbox 3763 5215 3822 5265; x_wconf 85' lang='grc' dir='ltr'>ὲν</span> 
     </span>
    </p>
   </div>
   <div class='ocr_carea' id='block_1_110' title="bbox 2261 5305 3822 5378">
    <p class='ocr_par' dir='ltr' id='par_1_110' title="bbox 2261 5305 3822 5378">
     <span class='ocr_line' id='line_1_110' title="bbox 2261 5305 3822 5378; baseline 0 -20"><span class='ocrx_word' id='word_1_864' title='bbox 2261 5306 2496 5377; x_wconf 77' lang='grc' dir='ltr'>Χριστῷ,</span> <span class='ocrx_word' id='word_1_865' title='bbox 2526 5308 2617 5358; x_wconf 68' lang='grc' dir='ltr'><strong>καὶ</strong></span> <span class='ocrx_word' id='word_1_866' title='bbox 2641 5308 2738 5378; x_wconf 82' lang='grc' dir='ltr'>τὴν</span> <span class='ocrx_word' id='word_1_867' title='bbox 2758 5306 2934 5368; x_wconf 88' lang='grc' dir='ltr'>αἰτίας</span> <span class='ocrx_word' id='word_1_868' title='bbox 2955 5305 3172 5375; x_wconf 80' lang='grc' dir='ltr'>ἀπάσης</span> <span class='ocrx_word' id='word_1_869' title='bbox 3196 5305 3613 5375; x_wconf 85' lang='grc' dir='ltr'>ἀπηλλαγμένην</span> <span class='ocrx_word' id='word_1_870' title='bbox 3637 5305 3822 5375; x_wconf 79' lang='grc' dir='ltr'>έχουσι</span> 
     </span>
    </p>
   </div>
   <div class='ocr_carea' id='block_1_111' title="bbox 3021 5457 3486 5521">
    <p class='ocr_par' dir='ltr' id='par_1_111' title="bbox 3021 5457 3486 5521">
     <span class='ocr_line' id='line_1_111' title="bbox 3021 5457 3486 5521; baseline -0.004 -7"><span class='ocrx_word' id='word_1_871' title='bbox 3021 5459 3064 5491; x_wconf 74' lang='grc'><strong>⁶⁴</strong></span> <span class='ocrx_word' id='word_1_872' title='bbox 3095 5459 3229 5514; x_wconf 82' lang='lat' dir='ltr'><strong>Gen.</strong></span> <span class='ocrx_word' id='word_1_873' title='bbox 3259 5474 3373 5521; x_wconf 76' lang='lat' dir='ltr'><strong>VIII,</strong></span> <span class='ocrx_word' id='word_1_874' title='bbox 3399 5457 3486 5512; x_wconf 69' lang='lat' dir='ltr'><strong>2i.</strong></span> 
     </span>
    </p>
   </div>
   <div class='ocr_carea' id='block_1_112' title="bbox 1663 5616 2749 5686">
    <p class='ocr_par' dir='ltr' id='par_1_112' title="bbox 1663 5616 2749 5686">
     <span class='ocr_line' id='line_1_112' title="bbox 1663 5616 2749 5686; baseline -0.002 -15"><span class='ocrx_word' id='word_1_875' title='bbox 1663 5620 1831 5672; x_wconf 71' lang='lat' dir='ltr'><strong>Varia:</strong></span> <span class='ocrx_word' id='word_1_876' title='bbox 1867 5620 2126 5673; x_wconf 86' lang='lat' dir='ltr'><strong>lectiones</strong></span> <span class='ocrx_word' id='word_1_877' title='bbox 2159 5618 2361 5672; x_wconf 85' lang='lat' dir='ltr'><strong>codicis</strong></span> <span class='ocrx_word' id='word_1_878' title='bbox 2394 5616 2749 5686; x_wconf 77' lang='lat' dir='ltr'><strong>chuieriani.</strong></span> 
     </span>
    </p>
   </div>
   <div class='ocr_carea' id='block_1_113' title="bbox 673 5748 1942 5819">
    <p class='ocr_par' dir='ltr' id='par_1_113' title="bbox 673 5748 1942 5819">
     <span class='ocr_line' id='line_1_113' title="bbox 673 5748 1942 5819; baseline 0 -17"><span class='ocrx_word' id='word_1_879' title='bbox 673 5753 692 5788; x_wconf 71' lang='grc' dir='ltr'><strong>ί</strong></span> <span class='ocrx_word' id='word_1_880' title='bbox 720 5748 892 5816; x_wconf 76' lang='grc' dir='ltr'>κάγώ.</span> <span class='ocrx_word' id='word_1_881' title='bbox 969 5761 992 5787; x_wconf 77' lang='grc' dir='ltr'><strong>ιι</strong></span> <span class='ocrx_word' id='word_1_882' title='bbox 1025 5749 1083 5800; x_wconf 79' lang='grc' dir='ltr'><strong>οὐ</strong></span> <span class='ocrx_word' id='word_1_883' title='bbox 1120 5751 1467 5815; x_wconf 79' lang='grc' dir='ltr'>πάναισχρον,</span> <span class='ocrx_word' id='word_1_884' title='bbox 1503 5748 1538 5814; x_wconf 80' lang='grc' dir='ltr'>ἢ</span> <span class='ocrx_word' id='word_1_885' title='bbox 1573 5751 1676 5800; x_wconf 64' lang='grc' dir='ltr'>πᾶν</span> <span class='ocrx_word' id='word_1_886' title='bbox 1710 5750 1942 5819; x_wconf 77' lang='grc' dir='ltr'>αἰσχρόν.</span> 
     </span>
    </p>
   </div>
  </div>
