4092 6334
229 387 361 441 4381

1039 382 1129 436 ΛΠ
1170 380 1467 437 REGINAS
1509 378 1595 435 DE
1636 382 1856 437 RECTA
1898 384 2054 439 FIDE
2090 380 2349 439 ORATIO
2390 381 2686 438 ALTERA.

3320 382 3463 439 1582

218 498 388 571 ζωήν.
429 501 575 571 Πλὴν
622 501 673 553 εἰ
711 501 803 552 καὶ
848 498 1200 569 ἀνθρωπίνως
1242 500 1453 569 δέχεται
1499 501 1564 552 δι’
1610 503 1787 572 ἡμᾶς,

1896 517 1999 571 que
2051 503 2278 558 crimine
2316 502 2609 555 immunem
2656 501 2708 552 in
2764 498 2880 569 ipso
2936 500 3278 565 ducentibus,
3329 515 3462 554 con-

219 592 332 645 ἁλλ’
390 593 491 661 ὅρα
536 591 743 643 διδόντα
804 590 1019 652 θεῖκῶς.
1076 608 1094 641 ι
1156 591 1269 658 Ἐφ’
1317 592 1375 643 ὃν
1427 591 1537 663 γὰρ
1594 592 1706 663 ἴδῃς
1734 594 1792 645 τὸ

221 680 445 751 Πνεῦμα
476 680 819 744 καταϐαῖνον,
853 679 985 749 φησὶ
1011 719 1023 741 ,
1057 678 1149 731 καὶ
1186 680 1343 747 μένον
1376 680 1461 732 ἐπ’
1497 681 1675 746 αὑτὸν,
1701 675 1791 734 οῦ-

220 776 308 835 τός
338 777 485 826 ἐστιν
516 775 543 825 6
572 772 848 841 βαπτίζων
888 774 944 824 ἐν
979 770 1255 841 Πνεύματι
1277 772 1353 841 τῷ
1382 774 1541 841 ἁγίῳ.
1576 793 1592 823 ›
1628 774 1795 826 Τοῦτο

220 867 275 917 δέ
301 868 450 918 ἐστιν
480 866 758 936 ἐνέργημα
802 865 1008 918 θεῖκόν⁶
1047 864 1222 933 ἐνίησι
1255 864 1360 934 γὰρ
1399 867 1510 927 τοῖς
1542 866 1795 935 βαπτιζο-

226 957 405 1025 μένοις
446 959 474 1008 ὁ
525 957 726 1026 Κύριος
777 955 930 1026 ἡμῶν
992 956 1197 1023 Ἰησοῦς
1244 958 1478 1026 Χριστὸς
1525 957 1601 1019 ὼς
1659 958 1786 1011 ἴδιον

225 1048 444 1119 Πνεῦμα
493 1050 554 1101 τὸ
597 1048 690 1101 τοῦ
732 1048 959 1119 Πατρός.
1005 1048 1114 1100 Kal.
1164 1048 1299 1117 πρός
1342 1064 1406 1115 γε
1444 1049 1600 1101 τοῦτο
1643 1050 1789 1117 ἡμᾶς

223 1142 449 1211 ἐμπεδοῖ
502 1139 794 1212 γεγραφὼς
855 1141 883 1191 6
941 1138 1226 1203 θεσπέσιος
1283 1140 1527 1204 Παῦλος·
1578 1160 1594 1192 ι
1631 1143 1691 1193 Οί
1734 1142 1789 1193 ὲν

225 1236 383 1304 σαρκὶ
430 1234 601 1295 ὄντες,
647 1230 765 1300 Θεῷ
825 1231 1019 1301 ἀρέσαι
1079 1233 1138 1283 οὑ
1197 1230 1471 1285 δύνανται.
1513 1232 1701 1301 Ὑμεῖς
1732 1231 1789 1283 δὲ

220 1323 313 1374 οὐκ
349 1323 473 1374 ὲστὲ
499 1324 557 1373 ὲν
594 1320 759 1391 σαρκὶ
778 1360 791 1383 ,
830 1321 943 1374 ἀλλ’
971 1322 1027 1373 ὲν
1058 1321 1358 1391 πνεύματι,
1386 1322 1543 1393 εἴπερ
1568 1321 1789 1392 Πνεῦμα

220 1413 351 1466 Θεοῦ
383 1414 583 1465 ἐνοικεῖ
611 1416 667 1465 ὲν
695 1414 841 1482 ὑμῖν.
875 1413 939 1466 Εἰ
978 1413 1033 1465 δέ
1063 1431 1144 1476 τις
1178 1414 1398 1485 Πνεῦμα
1425 1417 1658 1487 Χριστοῦ
1690 1418 1788 1471 οὐκ

219 1504 349 1573 ἔχει,
387 1497 541 1565 οὗτος
584 1504 683 1554 οὐκ
721 1502 868 1556 ἔστιν
908 1502 1091 1556 αὑτοῦ.
1142 1522 1159 1553 ι
1206 1505 1647 1575 Μεμαρτύρηκεν
1695 1503 1786 1559 οὖν

229 1595 498 1665 Ἰωάννης,
529 1596 609 1647 ὅτι
646 1614 663 1645 ί
698 1586 867 1656 υῦτός
895 1595 1038 1647 ἐστιν
1062 1600 1088 1647 6
1115 1595 1239 1658 Υίος
1274 1596 1369 1648 τοῦ
1394 1597 1549 1651 Θεοῦ.
1585 1617 1602 1647 ι

1892 596 2158 663 quiescat.
2210 595 2690 649 Verumenimvero
2728 592 2851 647 licet
2888 602 2942 645 ut
2999 593 3159 646 homo
3196 590 3458 659 Spiritum

1891 695 2136 739 sanctum
2186 694 2405 754 propter
2465 700 2561 740 nos
2619 685 2910 754 suscipiat;
2974 694 3032 737 ut
3080 682 3221 736 Deus
3278 690 3457 735 tamen

1891 779 2135 832 eumdem
2168 778 2430 845 impertiri
2459 779 2614 832 solet.
2652 796 2669 827 ι
2706 776 2879 844 Super
2912 790 3068 844 quem
3092 774 3288 843 (inquit
3315 774 3456 826 idem

1892 868 1999 939 ille)
2031 871 2228 924 videris
2262 871 2521 939 Spiritum
2555 871 2998 933 descendentem,
3039 877 3091 919 et
3127 874 3456 928 manentem,

1894 962 1983 1015 hic
2008 972 2088 1017 est
2116 964 2203 1031 qui
2232 964 2469 1031 baptizat
2499 962 2549 1015 in
2584 962 2789 1030 Spiritu
2825 971 3014 1015 sancto
3038 960 3102 1010 ⁸⁷.
3134 976 3151 1007 ι
3181 957 3461 1025 Baptizare

1895 1064 2073 1108 autem
2124 1055 2175 1107 in
2229 1053 2433 1123 Spiritu
2486 1065 2695 1118 sancto,
2747 1068 2881 1122 opus
2924 1053 3164 1106 divinum
3217 1049 3458 1103 exsiStit.

1898 1146 2057 1212 Atqui
2088 1146 2349 1199 Dominus
2377 1157 2562 1201 neSIer
2587 1145 2742 1199 Jesus
2768 1145 3016 1199 Christus
3047 1142 3129 1196 his
3162 1140 3251 1211 qui
3285 1138 3461 1208 bapti-

1895 1245 2109 1301 zantur,
2143 1236 2402 1305 Spiritum
2430 1237 2605 1291 Patris
2643 1237 2715 1290 uti
2751 1235 3027 1305 proprium
3058 1231 3310 1285 infundit.
3352 1232 3453 1284 At-

1894 1343 1999 1397 que
2024 1330 2127 1382 lmc
2163 1330 2332 1383 tendit
2360 1330 2572 1384 divinus
2594 1329 2811 1391 Paulus,
2842 1328 2967 1383 dum
3001 1328 3141 1379 inter
3167 1334 3357 1379 castera
3384 1323 3459 1375 ita

1894 1421 2116 1475 scribit:
2149 1438 2166 1470 ι
2198 1420 2295 1486 Qui
2341 1422 2393 1473 in
2431 1435 2594 1474 carne
2625 1428 2769 1483 sunt,
2804 1419 2913 1472 Deo
2947 1417 3159 1488 placere
3190 1431 3295 1470 non
3342 1431 3461 1484 pos-

1892 1518 2033 1563 sunt.
2061 1510 2166 1564 Vos
2190 1521 2366 1563 autem
2387 1510 2438 1562 in
2463 1526 2625 1563 carne
2652 1524 2754 1563 non
2774 1508 2925 1571 estis,
2944 1509 3037 1561 sed
3072 1507 3123 1559 in
3153 1505 3381 1573 spiritu,
3411 1503 3458 1555 si

1896 1610 2073 1655 tamen
2106 1603 2337 1671 Spiritus
2370 1602 2461 1656 Dei
2493 1601 2696 1655 habitat
2747 1601 2796 1653 in
2830 1599 2997 1653 vobis.
3034 1598 3088 1652 Si
3124 1598 3242 1666 quis
3277 1606 3457 1649 autem

217 1687 472 1753 Spiritum
503 1686 698 1740 Christi
720 1704 822 1740 non
845 1688 1022 1750 habet,
1044 1689 1129 1741 hic
1150 1704 1253 1742 non
1276 1700 1353 1742 est
1377 1690 1493 1759 ejus
1515 1689 1579 1742 ⁸⁸.
1612 1709 1628 1740 ι
1664 1689 1815 1746 llnnc
1842 1692 2021 1763 itaque
2052 1696 2142 1749 Dei
2176 1695 2367 1749 Filium
2398 1709 2538 1757 esse,
2565 1702 2750 1763 aperte
2774 1701 3023 1744 testatum
3056 1691 3180 1744 facit
3200 1688 3452 1743 Joannes.

284 1778 406 1829 AE'.
462 1778 857 1831 Ἀναπυθέσθαι
904 1779 959 1832 δὲ
1008 1780 1168 1832 πάλιν
1214 1781 1445 1851 ἐθέλοιμ’
1473 1782 1537 1834 ἂν
1570 1782 1678 1834 τῶν
1709 1786 1787 1845 εἰς

1966 1788 2183 1843 XXXV.
2225 1790 2291 1841 At
2331 1788 2574 1842 lubenter
2607 1788 2849 1855 equidem
2894 1786 2981 1839 hic
3020 1783 3140 1839 illos
3170 1792 3456 1852 perconta-

217 1868 305 1919 δύο
333 1869 679 1938 διοριζόντων
714 1872 861 1933 υἱοὺς
907 1871 996 1923 τὸν
1043 1872 1137 1924 ἕνα
1168 1873 1371 1940 Κύριον
1403 1873 1610 1944 Ἰησοῦν
1653 1876 1785 1944 Χρι-

218 1960 337 2011 στὸν
383 1960 509 2027 (ἕνα
548 1961 853 2031 δέδειχεννό
892 1964 1111 2033 Πατὴρ,
1160 1966 1254 2018 καί⁵
1296 1966 1421 2035 περὶ
1472 1965 1587 2028 ἑνός
1622 1983 1783 2035 φησιν

214 2053 240 2104 ὁ
274 2054 543 2122 μακάριος
573 2054 961 2124 εὐαγγελιστής
984 2071 995 2083 ’
1038 2074 1053 2106 t
1088 2050 1253 2120 Οὗτός
1289 2059 1432 2110 ἐστιν
1465 2060 1492 2110 6
1522 2058 1646 2121 Υἱὸς
1691 2058 1783 2111 τοῦ

216 2142 346 2194 θεοῦ
376 2143 450 2211 ›)·
480 2138 605 2214 'Ap‘
637 2140 729 2197 οῦν
760 2145 879 2197 είπέ
916 2163 1026 2215 μοι,
1058 2148 1185 2217 περὶ
1209 2148 1353 2210 τίνος
1377 2148 1526 2202 ἔσται
1554 2149 1613 2202 τὸ
1643 2152 1787 2220 εἰρη-

217 2237 408 2303 μένον;
446 2234 506 2286 El
539 2236 635 2305 μὲν
668 2233 759 2289 οὖν
789 2237 970 2300 ίδικῶς
1000 2238 1093 2290 καὶ
1126 2240 1267 2291 κατὰ
1300 2240 1468 2308 μόνας
1495 2241 1587 2293 τοῦ
1612 2243 1785 2293 Μονο-

213 2326 424 2394 γενοῦς,
457 2327 699 2380 τουτέστι
731 2326 824 2380 τοῦ
856 2328 919 2379 ὲκ
949 2328 1163 2396 Πατρὸς
1190 2330 1338 2392 ὄντος
1362 2332 1557 2398 Λόγου·
1590 2333 1705 2394 πῶς
1725 2333 1787 2383 τὸ

216 2420 439 2488 Πνεῦμα
483 2420 715 2489 δέχεται,
764 2420 938 2472 καίτοι
985 2420 1114 2482 Θεὸς
1176 2422 1250 2473 ὢν
1296 2423 1477 2490 φύσει,
1509 2426 1601 2475 καὶ
1657 2424 1785 2476 ἴδιον

212 2512 349 2579 ἔχων
384 2512 549 2575 αὑτό;
585 2512 647 2564 Εἰ
681 2510 737 2567 δὲ
763 2511 864 2564 ἀνὰ
894 2511 1057 2582 μέρος
1087 2514 1179 2565 καὶ
1212 2512 1413 2575 ίδικῶς,
1456 2515 1622 2584 ἤγουν
1644 2516 1785 2567 κατὰ

215 2603 404 2670 μόνας,
450 2602 540 2653 τὸν
590 2604 652 2654 ὲκ
707 2602 961 2669 γυναικὸς
995 2602 1281 2672 ἄνθρωπον
1329 2604 1610 2673 δεδεῆσθαι
1655 2623 1785 2672 φασι

210 2695 309 2762 τῆς
337 2694 433 2746 τοῦ
464 2694 780 2763 ΙΙνεύματος
816 2695 1067 2764 μετοχῆς·
1102 2695 1219 2756 πῶς
1244 2696 1406 2756 αὑτός
1431 2697 1578 2747 ἐστιν
1614 2699 1640 2747 6
1690 2696 1785 2763 βα-

212 2785 416 2848 πτίζων
447 2787 503 2837 ὲν
537 2785 705 2853 αὐτῷ,
732 2786 902 2837 καίτοι
937 2787 1071 2857 μόνῃ
1097 2786 1398 2855 πρέποντος
1425 2788 1489 2855 τῇ
1526 2786 1783 2838 ἀνωτάτω

213 2876 371 2944 φύσει
417 2876 509 2929 τοῦ
562 2878 656 2928 καὶ
707 2877 1024 2944 ἀποφαίνειν
1074 2875 1330 2928 δύνασθαι
1381 2877 1783 2945 μετεσχηκότας

210 2968 301 3019 τοῦ
336 2968 651 3036 Πνεῦματος
680 2967 803 3030 τοὺς
834 2967 1155 3037 προσιόντας
1177 2968 1312 3038 αὐτῇ
1340 2984 1356 3034 ;
1396 2968 1455 3019 Εἰ
1484 2967 1540 3020 δὲ
1568 2966 1782 3036 δέχεται

212 3058 303 3109 καὶ
338 3057 553 3109 δίδωσιν
583 3060 609 3108 6
641 3057 823 3119 αὐτὸς,
864 3057 1128 3128 πρόδηλον
1159 3059 1241 3110 ὅτι
1272 3059 1412 3110 κατά
1447 3074 1509 3125 γε
1534 3058 1659 3120 τοὺς
1686 3058 1784 3127 τῆς

215 3151 352 3219 μετά
384 3150 584 3220 σαρκὸς
618 3124 929 3220 οἰκονομίας
972 3124 1182 3221 λόγους,
1214 3152 1305 3204 καὶ
1338 3124 1474 3205 καθο
1504 3152 1660 3220 φύσει
1692 3124 1785 3204 καὶ
1813 3124 1856 3184 C

211 3243 427 3312 ἀληθῶς
484 3246 597 3294 ἐστι
650 3243 802 3305 Θεός.
860 3244 1081 3311 Δέχεται
1136 3246 1233 3314 μὲν
1283 3246 1637 3315 ἀνθρωπίνως
1690 3247 1787 3314 οὐχ

212 3334 388 3403 ἐαυτῷ
444 3332 666 3403 μᾶλλον,
696 3334 830 3386 ἀλλά
885 3338 949 3403 τῇ
999 3335 1105 3387 τῶν
1158 3335 1459 3405 ἀνθρώπων
1512 3336 1669 3405 φύσει
1710 3337 1789 3389 δι’

212 3427 404 3479 ἑαυτοῦ
441 3426 534 3478 καὶ
558 3429 614 3478 ὲν
644 3427 822 3496 ἑαυτῷ
854 3426 929 3495 τῷ
966 3426 1167 3497 πρώτῳ
1193 3427 1468 3497 προξενῶν
1496 3431 1625 3482 αὑτό
1651 3444 1664 3459 ⁸
1711 3430 1789 3483 δί-

211 3518 343 3569 δωσι
377 3516 433 3567 δὲ
479 3515 674 3577 θεῖκῶς
721 3515 779 3579 ἐξ
830 3515 961 3578 ἰδίας
1011 3515 1176 3568 αὑτοῦ
1221 3516 1452 3585 φύσεως,
1482 3520 1593 3580 τοῖς
1620 3517 1789 3581 ἀξίοις

212 3610 306 3663 τοῦ
350 3610 533 3662 λαϐεῖν
577 3605 874 3673 ὲνιείςΪΗν
912 3609 1008 3678 μὲν
1043 3606 1134 3662 οὖν
1155 3610 1232 3679 τῷ
1267 3613 1610 3682 προκειμένῳ
1642 3612 1788 3683 ρητῷ

214 3703 574 3773 προσεοικότα
608 3720 668 3754 τε
702 3703 794 3756 καὶ
824 3703 913 3755 τὸν
954 3703 1067 3754 ἴσον
1099 3701 1289 3770 ἔχοντα
1318 3702 1441 3755 νοῦν
1465 3702 1787 3772 παραθεῖναι

215 3798 306 3850 καὶ
352 3796 548 3867 ἕτερον
605 3797 665 3849 τὸ
695 3796 753 3848 δέ
792 3812 854 3862 γε
888 3797 1209 3848 ταυτοεπείν
1258 3795 1513 3865 φορτικὸν
1563 3795 1783 3861 εἰδότες,

214 3889 388 3941 ἐκεῖνό
425 3906 625 3957 φαμεν,
661 3889 735 3951 ὡς
773 3888 983 3959 ἀπόχρη
1015 3891 1127 3951 τοῖς
1161 3889 1588 3958 νουνεχεστέροις
1618 3889 1789 3959 ἤένὸς

216 3982 472 4050 ἐξήγησις
497 3982 575 4042 εἰς
602 3981 698 4049 τὴν
736 3980 842 4030 τῶν
874 3982 1075 4048 ὁμοίως
1101 3981 1333 4049 ἑχόντων
1370 3981 1572 4051 ἀκριόῆ
1607 3981 1787 4034 διασάα

216 4089 396 4141 φησιν.
429 4070 636 4123 Οὐκοῦν
663 4070 852 4132 ὁσάκις
875 4069 940 4123 ἂν
974 4071 1438 4139 λέγοιτο-Χριστὸς
1468 4072 1789 4139 ἁγιάζεσθαι

216 4165 396 4235 τυχὸν,
437 4164 601 4233 ἤγουν
631 4162 690 4213 τὸ
718 4162 940 4231 Πνεῦμα
970 4163 1178 4224 λαϐεῖν,
1216 4162 1356 4215 κατά
1404 4162 1590 4215 τοῦτον
1627 4163 1790 4215 αὐτὸν

215 4260 305 4312 τὸν
356 4258 557 4328 τρόπον
603 4258 867 4327 προσήκει
914 4258 1070 4310 νοεῖν.
1114 4255 1367 4308 Εὑσεόεῖν
1415 4256 1523 4325 γὰρ
1571 4257 1790 4325 ἄμεινον

218 4348 652 4418 περιτρέποντας
693 4345 931 4407 εὐσεϐῶς
963 4348 1041 4409 είς
1073 4346 1131 4397 τὸ
1162 4346 1475 4416 ἀμωμήτως
1520 4346 1641 4416 ἔχον
1684 4348 1789 4399 τῶν

220 4441 379 4511 ἱερῶν
400 4440 743 4509 Γραμμὰτων
762 4439 851 4490 τὸν
874 4438 1018 4503 νοῦν,
1046 4439 1211 4507 ἤγουν
1234 4438 1367 4489 ἰέναι
1385 4438 1524 4491 κατά
1552 4439 1787 4508 πετρῶν,

220 4529 446 4589 ἀνοσίως
478 4526 903 4595 ὲττιτειχίζοντας
946 4532 1013 4599 τῇ
1062 4527 1185 4597 δόξῃ
1222 4526 1456 4598 Χριστοῦ
1507 4527 1575 4580 τὰ
1618 4528 1792 4599 ὀρθῶς

222 4616 508 4688 εἰρημένα.

293 4894 434 4959 AG”.
484 4888 727 4961 «Ἰησοῦς
776 4888 832 4941 δὲ
886 4887 1095 4958 πλήρης
1145 4887 1456 4958 Πνεύματος
1501 4888 1655 4956 ἁγίου
1685 4888 1782 4940 ὑπ-

229 4985 486 5056 έστρεψεν
520 4982 625 5036 ἀπὸ
662 4980 925 5052 Ἰορδάνου
945 4994 959 5009 ·
999 4979 1093 5032 καὶ
1126 4979 1289 5049 ἤγετο
1321 4981 1380 5032 ὲν
1413 4978 1489 5050 τῷ
1516 4978 1793 5051 Πνεύματι

229 5076 306 5136 εἰς
332 5076 430 5143 τὴν
459 5076 664 5145 ἔρημον
698 5071 1101 5143 τεσσαράκοντα
1141 5070 1372 5141 ἡμέρας,
1403 5070 1793 5143 πειραζόμενος

231 5162 331 5215 ὑπὸ
376 5163 470 5213 τοῦ
510 5164 784 5214 διαϐόλουν
838 5163 929 5213 καὶ
977 5161 1075 5213 οὑκ
1122 5159 1321 5228 ἔφαγεν
1372 5159 1523 5211 οὐδὲν
1575 5162 1631 5212 ὲν
1678 5163 1794 5222 ταῖς

231 5253 462 5323 ἡμέραις
497 5255 730 5315 ἐκείναις
752 5273 764 5286 ·
799 5256 891 5306 καὶ
940 5250 1389 5305 συντελεσθεισῶν
1425 5252 1623 5315 αὐτῶν,
1654 5252 1798 5303 ἐπεί-

232 5361 409 5397 νασεν.
447 5344 625 5396 ’Ἔδει
678 5344 731 5395 δὲ
781 5347 941 5399 πάλιν
982 5347 1119 5414 ὑπὲρ
1168 5344 1322 5415 ἡμῶν
1374 5342 1685 5413 ἁντιστῆναί
1714 5357 1793 5404 τε,

236 5436 511 5503 μονονουχὶ
529 5436 585 5486 δὲ
607 5436 698 5486 καὶ
727 5436 1194 5490 ἀνταποδύσασθαι
1223 5437 1300 5507 τῷ
1323 5436 1486 5489 πάλαι
1517 5437 1795 5503 νικήσαντι

234 5528 462 5596 Σατανᾷ,
495 5525 583 5577 τὸν
613 5525 698 5577 διὰ
732 5527 888 5579 τοῦτο
924 5528 1251 5598 καθιγμὲνον
1288 5530 1366 5589 είς
1416 5528 1659 5579 ἑκούσιον
1706 5523 1795 5575 κέ-

234 5636 412 5681 νωσιν,
455 5618 539 5669 ἵνα
589 5619 735 5687 ἡμᾶς
785 5621 1033 5691 ἀποφήνῃ
1081 5619 1478 5691 μετεσχηκότας
1520 5617 1611 5669 τοῦ
1666 5617 1793 5669 ἰδίου

302 5779 344 5810 ⁸⁷
378 5775 537 5831 Juau.
575 5790 609 5836 ι,
643 5775 725 5827 55.

808 5774 850 5803 ⁸⁸
894 5773 1047 5826 Roth.
1088 5789 1202 5838 \‘llt,
1244 5776 1296 5839 8,
1322 5778 1372 5831 θ.
1448 5778 1490 5807 θ’
1529 5773 1679 5831 Joau.
1712 5792 1750 5840 l,
1782 5776 1871 5829 5-4.

1889 1892 2002 1942 rer,
2072 1880 2161 1946 qui
2228 1895 2391 1932 unum
2453 1878 2735 1931 Dominum
2786 1875 2943 1946 156
2984 1885 3223 1929 nostrum
3269 1872 3452 1927 Iesum

1884 1968 2157 2023 Christum
2192 1973 2242 2023 in
2272 1974 2405 2023 duos
2437 1970 2577 2024 ﬁlios
2601 1969 2860 2023 divellunt
2891 1974 3033 2036 (nam
3060 1983 3217 2019 unum
3247 1976 3452 2019 tantum

1886 2061 2047 2117 Pater
2088 2062 2510 2125 demonstravit;
2565 2069 2618 2113 et
2651 2062 2717 2112 de
2774 2075 2881 2113 uno
2938 2058 3107 2111 solum
3140 2075 3151 2109 :
3183 2075 3200 2107 ‹
3233 2055 3330 2109 llic
3370 2065 3456 2108 est

1886 2152 2052 2206 Filius
2081 2153 2171 2206 Dei
2196 2153 2263 2216 ‘9,
2297 2171 2314 2203 ι
2350 2153 2538 2207 beatus
2572 2152 2903 2221 evangelista
2941 2150 3175 2220 retulit),
3208 2150 3272 2203 de
3306 2159 3457 2201 utro-

1888 2262 2008 2299 nam
2062 2246 2297 2308 illorum,
2342 2246 2484 2314 quod
2531 2244 2823 2313 allegatum
2874 2255 2979 2309 est,
3013 2244 3181 2309 accipi
3220 2241 3455 2296 debeat?

1886 2333 2018 2387 Nam
2065 2333 2109 2388 si
2152 2349 2329 2388 sermo
2373 2346 2456 2388 est
2492 2334 2556 2388 de
2598 2332 2890 2403 Unigenito
2926 2333 3018 2386 Dei
3070 2331 3245 2386 Patris
3273 2328 3454 2383 Verbo

1886 2441 2130 2479 seorsum
2180 2442 2275 2496 per
2304 2442 2363 2482 se
2396 2436 2633 2494 sumpto,
2674 2426 2946 2495 quomodo
2973 2424 3233 2492 Spiritum
3271 2436 3454 2476 susce-

1886 2517 1986 2583 pit,
2017 2532 2138 2571 cum
2186 2518 2257 2571 sit
2296 2528 2488 2570 natura
2535 2516 2693 2582 Deus,
2728 2526 2782 2570 et
2816 2516 2985 2585 ipsum
3021 2512 3284 2581 Spiritum
3330 2525 3455 2580 pro-

1888 2608 2061 2675 prium
2093 2608 2326 2661 habeat?
2347 2609 2499 2674 Quod
2525 2608 2567 2660 si
2603 2607 2875 2660 hominem
2918 2620 2982 2657 ex
3012 2604 3239 2657 muliere
3274 2613 3455 2656 ortum

1886 2711 2127 2751 seorsum
2171 2711 2235 2750 ac
2264 2713 2359 2765 per
2388 2712 2446 2750 se
2479 2698 2713 2763 positum
2764 2696 2968 2762 Spiritu
3015 2704 3203 2748 sancto
3242 2695 3456 2763 eguisse

1887 2789 2142 2853 dixerint,
2176 2792 2445 2856 quomodo
2498 2788 2585 2841 hic
2642 2802 2856 2840 rursum
2910 2788 2961 2840 in
3008 2787 3212 2857 Spiritu
3267 2795 3457 2838 sancto

1886 2877 2159 2947 baptizat?
2207 2879 2643 2948 quandoquidem
2709 2878 2944 2946 Spiritus
3002 2879 3174 2932 sancti
3227 2877 3452 2947 gratiam

1885 2970 2270 3024 accedentibus
2323 2984 2480 3038 posse
2531 2969 2794 3037 dilargiri,
2842 2970 2892 3021 id
2940 2984 3066 3022 vere
3117 2980 3323 3023 natura!
3374 2979 3459 3022 est

1887 3063 2126 3115 omnium
2165 3076 2429 3130 supremae
2459 3076 2519 3114 ac
2544 3063 3024 3127 praestantissimae.
3057 3062 3209 3124 Quod
3247 3062 3289 3114 si
3321 3077 3458 3115 unus

1890 3153 2139 3220 idemque
2177 3150 2337 3205 simul
2372 3152 2463 3205 dat
2501 3160 2553 3205 et
2605 3153 2819 3221 recipit,
2873 3149 3219 3204 manifestqu
3276 3160 3357 3203 est
3406 3150 3456 3204 id

1892 3245 2176 3315 provenire
2234 3245 2442 3299 ratione
2504 3245 2927 3313 dispensationis
2984 3244 3280 3298 secundum
3336 3257 3459 3297 cars

1890 3354 2034 3404 nem,
2068 3348 2122 3391 et
2155 3349 2422 3405 quatenus
2456 3346 2645 3388 natura
2689 3344 2741 3388 et
2777 3351 2899 3389 vere
2929 3335 3068 3391 Deus
3091 3336 3326 3390 exsistit.
3357 3339 3462 3390 Ac-

1868 3431 2018 3497 cipit
2045 3429 2207 3499 igitur
2236 3438 2292 3481 ut
2327 3429 2505 3493 homo,
2539 3442 2643 3480 non
2680 3438 2785 3481 tam
2816 3428 2915 3480 sibi
2951 3442 3112 3496 quam
3146 3428 3239 3480 toti
3273 3429 3457 3495 generi

1890 3523 2126 3576 humano
2156 3536 2249 3589 per
2280 3522 2536 3589 seipsum,
2584 3530 2637 3573 et
2674 3520 2725 3572 in
2766 3520 2942 3586 seipso
2977 3521 3152 3587 primo
3184 3536 3196 3573 :
3227 3535 3289 3573 ex
3330 3533 3458 3586 pro-

1888 3612 2002 3679 pria
2038 3625 2165 3664 vero
2210 3611 2262 3663 vi
2312 3619 2366 3664 et
2408 3621 2600 3664 natura
2640 3620 2695 3662 ut
2745 3610 2883 3664 Deus
2933 3624 3036 3674 est,
3084 3611 3187 3665 illis
3220 3612 3329 3673 dat,
3368 3610 3458 3678 qui

1891 3703 2060 3769 ipsum
2096 3702 2342 3770 accipere
2374 3703 2517 3772 digni
2552 3711 2697 3755 sunt.
2727 3701 2984 3755 Poterant
3026 3702 3127 3754 alia
3160 3717 3373 3770 quoque
3405 3703 3458 3754 in

1889 3796 2134 3847 eamdem
2176 3794 2504 3848 sententiam
2543 3808 2647 3845 non
2680 3807 2848 3859 pauca
2888 3792 3067 3846 all‘erri
3104 3793 3234 3846 :sed
3267 3806 3459 3860 super-

1892 3900 2189 3938 vacaneum
2263 3885 2629 3952 judicavimus
2706 3883 2846 3935 idem
2901 3883 3097 3950 saepius
3148 3883 3455 3943 inculcare,

1892 3977 2128 4030 maxime
2154 3990 2283 4029 vero
2322 3991 2441 4028 cum
2490 3972 2941 4043 ingeniosioribus
2978 3974 3041 4024 ad
3077 3972 3329 4025 similium
3384 3973 3461 4025 lo-

1892 4084 2075 4121 corum
2129 4068 2491 4136 cognitionem
2542 4067 2625 4119 vel
2671 4066 2831 4120 unius
2866 4066 3172 4134 explanatio
3216 4075 3302 4120 sat
3342 4081 3461 4120 esse

1892 4158 2081 4227 possit.
2118 4158 2479 4223 Quamobrem
2514 4157 2942 4225 quotiescunque
2977 4155 3225 4209 Christus
3263 4156 3462 4209 sancti-

1892 4248 2064 4311 ﬁcari,
2116 4246 2218 4301 hoc
2254 4255 2335 4299 est
2370 4245 2628 4313 Spiritum
2670 4255 2916 4299 sanctum
2960 4245 3201 4312 accipere
3239 4246 3459 4307 dicitur,

1894 4354 2108 4407 semper
2156 4339 2297 4391 istud
2350 4339 2415 4390 ad
2463 4340 2604 4390 hunc
2649 4338 2865 4389 modum
2918 4336 3314 4402 intelligendum
3354 4346 3460 4391 est.

1898 4430 2081 4483 Satius
2111 4429 2254 4481 enim
2289 4436 2371 4482 est
2405 4428 2660 4496 pietatem
2699 4427 2970 4495 amplecti,
3003 4428 3125 4479 dum
3161 4429 3245 4496 pie
3284 4443 3461 4481 sacra-

1894 4534 2012 4573 rum
2066 4517 2391 4571 Litterarum
2438 4530 2657 4569 sensum
2715 4513 2777 4568 ad
2835 4526 3034 4567 rectam
3100 4515 3462 4581 pertrahimus

1893 4607 2410 4675 interpretationem,
2448 4620 2608 4673 quam
2653 4605 2816 4672 impie
2868 4605 3190 4672 denegautes
3220 4621 3335 4672 qum
3372 4621 3460 4659 re-

1891 4709 1976 4752 cte
2006 4699 2071 4751 de
2095 4696 2293 4749 Christi
2326 4695 2497 4763 gloria
2535 4695 2883 4763 pr0uuntiata
2918 4704 3069 4760 sunt,
3100 4696 3252 4749 abire
3278 4697 3466 4763 pracci-

1892 4790 2046 4857 pites.

1971 4878 2209 4934 XXXVI.
2260 4898 2276 4931 ‹
2307 4877 2463 4936 Jesus
2498 4892 2675 4935 autem
2706 4882 2896 4950 plenus
2921 4880 3122 4949 Spiritu
3164 4892 3350 4934 sancto
3384 4897 3466 4935 rc-

1902 4988 2118 5045 gressus
2133 4983 2255 5028 esta
2274 4973 2509 5027 Jordaue
2528 4991 2540 5026 :
2562 4983 2615 5027 et
2638 4974 2891 5043 agebatur
2911 4974 2960 5023 in
2984 4970 3183 5039 Spiritu
3208 4972 3259 5025 in
3283 4975 3465 5028 deser-

1902 5078 2013 5121 tum
2047 5066 2235 5120 diebus
2266 5065 2638 5134 quadraginta,
2673 5072 2725 5113 et
2756 5061 3065 5115 tentabatur
3091 5078 3118 5115 a
3152 5065 3386 5131 diabolo,
3414 5078 3469 5120 et

1908 5158 2038 5212 nihil
2086 5156 2423 5209 manducavit
2468 5154 2519 5206 in
2570 5154 2757 5206 diebus
2799 5152 2904 5205 illis
2940 5171 2953 5207 :
2986 5164 3035 5207 et
3082 5159 3470 5211 consummatis

1908 5251 2035 5312 illis,
2082 5256 2264 5317 postea
2296 5245 2570 5299 esuriit".
2603 5262 2620 5294 ι
2656 5242 2895 5300 Decebat
2923 5260 3075 5310 sane,
3103 5256 3160 5299 ut
3189 5248 3276 5300 ille
3300 5251 3468 5302 nosni

1907 5354 2068 5395 causa
2114 5339 2327 5391 Satanze
2361 5350 2419 5390 se
2468 5335 2786 5403 obiectaret,
2837 5346 3157 5407 partamque
3194 5340 3302 5406 jam
3341 5339 3467 5392 olim

1906 5430 2137 5499 palmam
2170 5428 2271 5495 ipsi
2316 5429 2572 5497 eriperet,
2600 5429 2691 5498 qui
2727 5443 2787 5482 ea
2825 5430 2889 5482 de
2925 5443 3087 5481 causa
3125 5431 3173 5480 in
3219 5427 3468 5483 volunta-

1907 5526 2041 5575 riam
2086 5522 2515 5576 exinanitionem
2562 5538 2682 5578 sese
2724 5521 3053 5584 demiserat,
3110 5528 3167 5572 ut
3216 5534 3325 5574 sua:
3373 5538 3470 5576 nos

1907 5614 2258 5684 plenitudinis
2284 5615 2575 5684 participes
2603 5612 2868 5679 ediceret;
2904 5612 3215 5681 fractosque
3245 5626 3295 5670 et
3323 5615 3471 5670 debi-

1942 5774 1987 5803 ⁷⁰
2018 5772 2148 5828 Luc.
2184 5789 2257 5839 tv,
2293 5775 2341 5836 l,
2372 5775 2422 5831 2.
