4092 6334
587 367 724 425 1585

1576 359 1634 413 S.
1668 355 1949 412 CYBILLI
1989 353 2458 412 ALEXANDRINI
2501 350 2826 410 ARCIHEP.

3700 353 3841 408 1584

585 482 767 535 litatos
790 479 1060 550 quondam
1093 476 1146 530 in
1172 475 1402 538 Adamo,
1427 474 1671 544 spiritale
1694 475 1964 544 quoddam
1993 473 2159 534 robur

2268 469 2629 542 πληρώματος
2649 485 2662 499 ·
2695 468 2788 521 καὶ
2811 467 3214 539 ἀσθενήσαντας
3240 464 3297 523 ὲν
3329 467 3844 540 Ἀδάμ,1εὑρωστίαν

584 574 808 640 adeptos
834 569 1184 624 ostenderet:
1220 566 1658 636 quandoquidem
1703 576 1810 620 tam
1846 581 2158 636 corporum,

584 677 746 730 quam
764 662 1066 716 animorum
1080 660 1451 730 aegritudines,
1475 658 1631 728 157
1660 657 1977 726 protoplasti
2003 658 2157 725 culpa

583 751 637 805 in
672 751 948 805 hominum
987 760 1238 803 naturam
1272 750 1519 813 invectze,
1564 764 1659 817 per
1685 748 1964 804 Christum
1989 764 2019 802 e
2051 764 2158 801 me-

584 842 673 896 dio
702 852 826 894 sunt
855 841 1099 897 sublatae.
1137 841 1290 895 Sicut
1323 842 1466 895 enim
1501 839 1662 908 hujus
1689 841 1996 895 obeditioue
2019 838 2156 907 justi

584 935 967 988 constituimur
1015 933 1190 995 multi,
1235 933 1448 986 etiamsi
1511 940 1732 1001 propter
1795 931 1936 986 illius
1981 931 2165 986 inube-

585 1026 842 1080 dientiam
869 1026 940 1088 “,
974 1025 1025 1077 in
1072 1024 1544 1078 condemnationis
1590 1024 1916 1078 sententiam
1958 1025 2163 1078 incide-

584 1121 793 1186 rimus;
837 1117 908 1171 ita
961 1133 1172 1170 rursum
1217 1116 1448 1186 spiritali
1504 1116 1701 1170 robore
1749 1131 1846 1184 per
1889 1117 2202 1177 Christum,

585 1210 742 1264 nobis
784 1209 989 1273 allato,"
1015 1223 1043 1262 a
1079 1219 1318 1263 veterum
1369 1207 1682 1261 morborum
1717 1209 2060 1263 detrimentis
2095 1207 2162 1261 li—

583 1300 838 1356 beramur
868 1319 882 1354 :
917 1309 969 1354 et
1018 1301 1104 1369 qui
1153 1301 1204 1353 in
1248 1300 1416 1353 Adam
1455 1299 1582 1352 victi
1630 1301 2066 1363 concideramus,
2110 1302 2160 1351 in

587 1391 805 1447 Christo
827 1392 1109 1446 victoriam
1134 1391 1495 1444 obtinuimus.
1523 1387 1789 1458 Ohjieitur
1814 1390 1996 1456 itaque
2022 1389 2160 1442 hosti

585 1497 684 1548 pro
717 1481 870 1535 nobis
902 1491 959 1532 ut
996 1480 1181 1542 homo,
1215 1477 1382 1531 vincit
1411 1487 1589 1530 autem
1619 1488 1674 1530 ut
1705 1479 1868 1550 Deus.
1899 1480 2166 1533 Tentatur

588 1587 829 1635 rursum,
886 1571 1092 1624 Sataua-
1137 1570 1363 1639 perinde
1417 1570 1489 1624 illi
1539 1571 1828 1624 insultante
1864 1586 1927 1624 ac
1971 1571 2063 1624 uni
2099 1586 2164 1624 ex

589 1663 769 1725 nobis,
801 1672 1060 1729 certoque
1089 1662 1191 1714 sibi
1233 1661 1519 1729 pollicente
1555 1660 1666 1716 fore
1709 1671 1765 1714 ιιι
1794 1663 1973 1716 carnis
2007 1672 2163 1731 pelu-

590 1752 753 1805 lantia
800 1752 867 1803 ad
904 1751 1052 1803 illum
1083 1752 1529 1820 prosterneudum
1562 1751 1761 1805 sociam
1802 1766 1920 1806 sese
1967 1753 2161 1819 adjun-

2265 564 2486 634 ἔχοντας
2536 559 2791 633 ἀποδείξῃ
2839 564 3248 633 πνευματικήνο
3304 560 3577 614 πέπαυται
3627 558 3736 631 γὰρ
3782 561 3844 612 ἐν

2264 654 2485 726 Χριστῷ
2513 654 2578 706 τά
2615 656 2671 707 ἐν
2695 654 2773 724 τῷ
2803 654 3211 725 πρωτοπλάστῳ
3252 657 3316 725 τῇ
3351 652 3641 725 ἀνθρώπου
3683 652 3844 722 φύσει

2266 747 2648 817 συμϐεὸηκότα
2698 747 2988 816 σωματικά
3032 766 3091 800 τε
3127 748 3222 801 καὶ
3254 747 3462 817 ψυχικά
3506 745 3616 798 τῶν
3659 747 3848 816 άρῤω-

2268 843 2561 911 στημάτων
2596 842 3185 912 ένεργήματα.Ὤσπερ
3213 842 3322 911 γάρ
3348 840 3435 894 διὰ
3466 841 3564 909 τῆς
3595 839 3844 907 ὑπακοῆς

2265 932 2430 986 αὑτοῦ
2463 933 2659 984 δίκαιοι
2690 934 3029 1003 κατέστημεν
3060 935 3109 986 οἱ
3136 933 3338 997 πολλοὶ,
3370 931 3545 984 καίτοι
3572 929 3842 982 πεπονθό-

2263 1041 2354 1087 τες
2389 1023 2477 1076 διὰ
2503 1024 2600 1092 τῆς
2632 1024 2839 1077 ἐκείνου
2869 1026 3156 1094 παρακοῆς
3182 1025 3278 1094 τὴν
3312 1025 3634 1094 κατάκρισιν
3655 1035 3668 1050 ⁸
3701 1021 3849 1075 οὕτω

2265 1114 2329 1184 δὴ
2370 1113 2532 1167 πάλιν
2564 1113 2651 1165 διὰ
2679 1114 2776 1184 τῆς
2820 1115 2877 1168 ἐν
2911 1116 3131 1186 Χριστῷ
3165 1116 3463 1185 νοουμένης
3510 1113 3846 1175 εὐσθενείας,

2265 1206 2422 1276 δῆλον
2444 1205 2501 1258 δὲ
2530 1207 2610 1258 ὅτι
2637 1207 3029 1274 πνευματικῆς,
3058 1205 3128 1257 τά
3151 1205 3244 1257 ἐπὶ
3265 1207 3385 1267 ταῖς
3413 1202 3654 1275 πρώταις
3687 1202 3852 1255 ἀσθεο

2266 1298 2436 1360 νείαις
2468 1297 2903 1366 διεκρουσάμεθα
2934 1296 3133 1366 βλάϐη·
3188 1297 3281 1349 καὶ
3325 1297 3374 1348 ol
3411 1295 3761 1357 πεπτωκότες
3788 1296 3849 1347 ὲν

2279 1389 2470 1459 Ἀδὰμ,
2499 1390 2863 1459 νενικήκαμεν
2892 1391 2949 1441 ὲν
2982 1388 3223 1458 Χριστῷ.
3241 1388 3636 1441 ’Λντιτάττεται
3667 1388 3849 1440 τοίνυν

2267 1480 2405 1548 ὑπὲρ
2444 1479 2600 1550 ἡμῶν
2639 1479 2714 1541 ὡς
2748 1479 3053 1549 ἄνθρωπος,
3085 1479 3180 1531 καὶ
3217 1481 3342 1550 νικᾷ
3368 1478 3560 1542 θεῖκῶς
3596 1481 3688 1532 καὶ
3723 1496 3846 1531 πει-

2270 1570 2491 1642 ράζεται
2523 1570 2640 1641 μὲν,
2674 1570 2749 1632 ὡς
2782 1572 2863 1623 ἐνὶ
2896 1570 3002 1622 τῶν
3032 1569 3155 1622 καθ’
3187 1570 3333 1639 ἡμᾶς
3361 1569 3728 1639 ὲπιπηδῶντος
3751 1568 3848 1621 τοῦ

2267 1663 2499 1726 Σατανᾶ,
2532 1662 2626 1714 καὶ
2679 1661 2972 1729 οἰηθέντος,
3005 1662 3084 1713 ὅτι
3128 1661 3193 1714 τὸ
3239 1660 3474 1731 ἀκρατὲς
3505 1660 3605 1730 τῆς
3647 1660 3853 1730 σαρκὸς

2269 1750 2794 1820 συνεκπολεμήσειεν
2858 1750 2924 1803 ἂν
2987 1748 3135 1820 αὐτῷ
3196 1749 3286 1802 τὸν
3351 1747 3849 1820 ὲκπειραζὸμενονο

590 1853 739 1912 geret
769 1862 782 1896 :
815 1858 1002 1897 verum
1042 1844 1086 1897 is
1123 1842 1442 1911 pudefactus
1476 1844 1765 1909 abscessit,
1805 1859 1925 1898 cum
1964 1856 2157 1898 natura

2268 1845 2538 1913 ἀναχωρεῖ
2582 1843 2637 1896 δὲ
2685 1841 3162 1913 κατῃσχυμμένος,
3210 1841 3636 1913 καινοτομούσης
3683 1840 3852 1895 αὐτὸν

590 1936 822 1987 humana
890 1948 1029 1986 novo
1081 1935 1314 2002 quodam
1385 1935 1547 1988 modo
1606 1933 1657 1987 in
1723 1933 1942 1989 Christo
1991 1934 2160 2004 legem

588 2027 826 2095 peccati,
878 2041 996 2093 quae
1045 2026 1251 2090 pridem
1306 2026 1359 2077 in
1411 2027 1670 2080 membris
1715 2026 1898 2080 carnis
1932 2026 2162 2080 ferocie-

588 2117 794 2179 bat",
856 2115 1180 2170 exstinctam
1241 2115 1729 2184 tuortiﬂcatamque
1793 2131 1913 2170 sese
1966 2117 2165 2170 habere

589 2209 904 2267 ostenderet
934 2226 949 2263 :
978 2207 1179 2262 abolita
1223 2217 1307 2262 est
1340 2208 1483 2262 enim
1538 2208 1619 2261 lex
1672 2209 1788 2263 lucc
1832 2209 1882 2262 in
1926 2209 2162 2263 Christo.

587 2298 760 2353 Porro
795 2310 975 2354 autem
1025 2315 1145 2353 cum
1208 2304 1469 2366 quantum
1505 2307 1591 2352 sat
1633 2308 1751 2352 erat
1783 2298 1896 2367 jam
1928 2298 2162 2368 iejunas-

590 2403 693 2456 set,
729 2393 1021 2461 divinaque
1051 2393 1254 2446 virtute
1281 2391 1485 2459 absque
1520 2391 1645 2446 cibo
1675 2399 1730 2444 et
1761 2400 1887 2460 potu
1921 2390 2167 2444 incorru-

590 2494 734 2552 ptam
778 2497 1000 2536 carnem
1045 2491 1449 2548 conservasset,
1485 2485 1579 2534 vix
1615 2485 1853 2546 tandem,
1887 2497 2007 2551 qua:
2041 2497 2166 2550 pro-

589 2574 707 2641 pria
754 2572 899 2626 illius
949 2581 1113 2636 sunt,
1159 2573 1268 2641 pati
1313 2587 1432 2627 eam
1483 2572 1631 2626 sivit.
1697 2573 1965 2627 Esuriisse
2019 2573 2162 2627 enim

590 2665 792 2721 dicitur
821 2682 834 2718 :
862 2664 957 2719 sed
992 2680 1153 2734 quam
1205 2664 1274 2719 ob
1315 2679 1562 2728 causam,
1612 2680 1815 2735 quaeso,
1855 2665 2165 2721 esurit?0h

590 2773 709 2812 eam
743 2757 1022 2824 nimirum,
1056 2773 1159 2826 qua
1195 2765 1317 2824 apte
1356 2772 1452 2824 per
1482 2767 1770 2826 tttrumque
1802 2756 1970 2811 Deu-m
2001 2759 2162 2812 simul

589 2859 644 2904 et
679 2850 950 2903 hominem
1007 2862 1065 2902 se
1109 2863 1230 2904 esse
1258 2848 1585 2914 declararet,
1620 2865 1868 2919 unusque
1911 2860 1966 2904 et
1997 2851 2160 2913 idem,

590 2950 856 3008 quatenus
886 2935 1052 2998 Deus,
1089 2953 1250 3008 supra
1285 2954 1383 2992 nos
1415 2954 1572 3005 esse;
1601 2948 1656 2992 et
1685 2951 1949 3009 quatenus
1977 2940 2160 3003 homo,

591 3032 750 3085 nobis
794 3029 987 3084 similis
1024 3041 1435 3098 agnosceretur.
1483 3030 1691 3083 Virtute
1729 3047 1892 3099 porro
1925 3031 2163 3099 Spiritus

594 3127 645 3179 in
671 3126 939 3180 desertum
969 3126 1051 3193 agi
1088 3125 1304 3186 dicitur,
1335 3140 1439 3177 nou
1465 3126 1606 3191 quod
1639 3123 1721 3191 agi
1753 3125 1891 3180 idem
1923 3125 1995 3177 sit
2022 3124 2159 3189 quod

594 3217 817 3279 deierri,
862 3217 953 3270 sed
991 3217 1156 3268 vitam
1209 3215 1511 3275 traducere,
1563 3229 1660 3268 seu
1700 3216 1896 3266 morari
1928 3232 1940 3266 :
1976 3230 2164 3283 quem-

595 3309 883 3362 admodum
941 3323 1039 3361 nos
1080 3321 1294 3375 quoque
1346 3306 1527 3359 dicere
1571 3305 1845 3358 interdum
1886 3304 2167 3360 consuevi-

595 3415 734 3464 mus,
759 3400 901 3453 bunc
933 3399 1012 3452 vcl
1047 3398 1191 3451 illum
1224 3396 1390 3466 probe
1430 3396 1666 3462 seipsnm
1700 3410 1882 3462 agere,
1922 3395 2022 3448 hoc
2058 3405 2164 3457 est,

595 3491 921 3557 ineulpatam
979 3490 1142 3541 vitam
1213 3488 1450 3556 exigere.
1501 3486 1831 3540 Versabatur
1885 3486 2050 3556 igitur
2112 3487 2163 3540 in

595 3576 830 3638 deserto,
875 3576 974 3628 hoc
1010 3584 1115 3637 est,
1151 3575 1315 3628 vitam
1354 3574 1464 3628 illic
1504 3573 1768 3642 agitabat,
1806 3590 1910 3627 non
1949 3575 2164 3644 quidem

597 3681 745 3718 more
796 3679 1057 3732 corporeo
1093 3683 1105 3716 :
1139 3679 1260 3718 nam
1315 3664 1521 3731 absque
1565 3664 1689 3718 cibo
1734 3673 1788 3718 et
1825 3666 2166 3732 potu,.rebus

595 3758 780 3825 utique
833 3757 1072 3810 humano
1123 3757 1337 3824 corpori
1401 3755 1766 3821 necessariis,
1813 3757 1884 3809 ibi
1939 3756 2168 3825 degebat

596 3847 833 3916 Spiritus
873 3847 1072 3900 virtute
1095 3855 1358 3913 armatus,
1401 3856 1457 3900 et
1487 3861 1653 3915 supra
1691 3848 1934 3900 humana:
1960 3859 2168 3902 natura:

595 3940 957 3994 conditionem
989 3939 1040 3992 in
1074 3939 1330 3992 continuo
1354 3937 1561 4006 jejunio
1590 3938 1784 3992 ibidem
1819 3940 2164 4006 persistebat.

593 4030 862 4084 Caeterum
892 4040 1150 4084 accurate
1185 4030 1583 4083 observandum
1609 4039 1691 4083 est
1712 4031 1855 4098 quod
1887 4032 1974 4084 hic
2002 4031 2170 4084 tradi-

595 4132 723 4174 tur:
755 4131 838 4174 est
887 4121 1030 4173 enim
1078 4118 1365 4188 ejusmodi,
1416 4120 1468 4173 in
1519 4134 1625 4187 quo
1656 4120 1887 4174 salubris
1923 4122 2165 4189 quaedam

595 4211 853 4266 doctrinae
885 4212 963 4264 vis
1000 4211 1184 4264 lateat.
1235 4209 1350 4264 Non
1381 4211 1527 4264 enim
1563 4219 1691 4264 ante
1717 4222 1960 4264 sanctum
1995 4212 2182 4280 bapti-'

595 4318 712 4356 sma
775 4314 1084 4371 susceptum
1143 4302 1492 4367 tentabatur;
1566 4302 1660 4354 sed
1733 4316 1905 4372 neque
1963 4303 2166 4369 Spiritu

596 4407 813 4461 quoque
857 4392 907 4444 in
941 4393 1219 4445 desertum
1254 4393 1534 4460 agebatur.
1568 4393 1792 4463 Ecquid,
1838 4388 2042 4462 quaeso,
2083 4410 2169 4449 res

2263 1938 2362 2004 τῆς
2390 1933 2675 2002 ἀνθρώπου
2710 1934 2923 2002 φύσεως
2947 1936 3006 1987 ὲν
3032 1933 3273 2005 Χριστῷ,
3304 1935 3398 1988 καὶ
3443 1933 3852 2004 νενεκρωμένον

2264 2026 2493 2096 ἐχούσης
2531 2025 2632 2094 τῆς
2663 2025 2940 2097 ἁμαρτίας
2966 2025 3059 2079 τὸν
3090 2027 3271 2096 νόμον,
3303 2026 3394 2079 τὸν
3424 2027 3481 2078 ὲν
3512 2027 3624 2088 τοῖς
3658 2024 3851 2095 μέλεσι

2263 2119 2359 2187 τῆς
2391 2118 2590 2189 σαρκὸς
2613 2119 2961 2188 ἀγριαίνοντα
2979 2136 2992 2149 ·
3020 2119 3366 2189 κατήργηται
3387 2117 3493 2189 γὰρ
3523 2119 3580 2170 ἐν
3601 2116 3849 2187 Χριστῷ.

2263 2211 2664 2279 Νηστεύσαςῗγε
2699 2213 2806 2281 μὴν
2831 2209 3215 2281 ἀποχρώντως,
3241 2209 3337 2262 καὶ
3366 2210 3592 2280 δυνάμει
3618 2210 3850 2280 θεοπρε-

2265 2303 2356 2354 πεῖ
2383 2298 2544 2354 ποτοῦ
2580 2299 2673 2354 καὶ
2708 2300 2892 2354 σιτίων
2925 2301 3045 2370 δίχα
3073 2299 3170 2369 τὴν
3206 2301 3387 2369 σάρκα
3415 2301 3658 2370 τηρήσας
3689 2299 3851 2353 ἀδιά-

2265 2392 2480 2463 φθορον,
2517 2394 2702 2462 ἐφίησι
2739 2393 2889 2463 μόλις
2929 2393 2997 2446 τά
3041 2394 3216 2445 οἰκεῖα
3252 2392 3444 2445 παθεῖν
3502 2393 3660 2464 αὐτῇ.
3715 2394 3850 2445 Πει-

2263 2483 2423 2550 νῆσαι
2469 2481 2577 2552 γάρ
2619 2482 2866 2550 λέγεται·
2908 2483 3005 2535 καὶ
3046 2482 3134 2534 διά
3173 2483 3332 2536 ποίαν
3373 2483 3588 2546 αἰτίαν;
3623 2485 3739 2535 Ἵνα
3768 2483 3854 2536 δι’

2264 2571 2466 2640 ἀμφοῖν
2499 2571 2766 2641 εὐτέχνως
2792 2572 2923 2635 Θεός
2957 2589 3016 2625 τε
3045 2571 3181 2641 ὁμοῦ
3216 2574 3311 2625 καὶ
3357 2573 3640 2643 ἄνθρωπος
3672 2574 3854 2645 ὑπάρ-

2264 2680 2375 2732 χων
2425 2661 2848 2732 ἐπιγινώσκηται
2896 2658 2976 2726 εἷς
3026 2664 3119 2716 καὶ
3164 2664 3192 2715 6
3241 2663 3404 2728 αὐτὸς
3446 2663 3708 2734 δηλονότι,
3752 2666 3854 2720 καὶ

2265 2754 2460 2818 θεῖκῶς
2494 2754 2634 2825 ὑπὲρ
2657 2755 2826 2824 ἡμᾶς.
2854 2755 2947 2808 καὶ
2977 2755 3098 2808 καθ’
3127 2757 3273 2826 ἡμᾶς
3301 2755 3854 2825 ἀνθρωπίνως.”Αγε-

2266 2847 2389 2900 σθαι
2421 2847 2475 2899 δὲ
2505 2847 2718 2911 λέγεται
2756 2849 2822 2916 τῇ
2859 2846 3087 2917 δυνάμει
3139 2847 3230 2900 τοῦ
3281 2847 3598 2917 Πνεύματος
3631 2850 3710 2910 είς
3749 2848 3852 2919 τὴν

2265 2937 2488 3007 ἔρημον,
2533 2936 2627 2989 τοῦ
2677 2936 2905 3004 ἄγεσθαι
2940 2935 3227 3005 δηλοῦντος
3259 2937 3318 2989 οὐ
3365 2937 3427 2988 τὸ
3471 2935 3852 3006 ἀποφέρεσθαι

2271 3029 2490 3096 μᾶλλον,
2524 3027 2660 3080 ἀλλά
2709 3028 2770 3080 τὸ
2818 3027 3041 3094 διάγειν,
3079 3027 3196 3096 ¹ἢτοι
3252 3027 3542 3081 διατελεῖνο
3597 3027 3853 3098 καθάπερ

2270 3117 2459 3186 ἀμέλει
2510 3117 2602 3169 καὶ
2648 3118 2733 3185 ἐφ’
2765 3117 2922 3186 ἡμῶν
2963 3116 3178 3184 λέγεται
3227 3118 3574 3181 πλειστάκις·
3616 3119 3676 3172 '0
3702 3119 3852 3172 δεῖνα

2270 3206 2428 3275 τυχὸν
2480 3208 2669 3260 ἑαυτὸν
2717 3207 2892 3279 ὀρθῶς
2939 3209 3081 3277 ἄγει,
3117 3211 3393 3264 τουτέστιν
3447 3210 3751 3281 ἀμέμπτως
3778 3209 3849 3281 ζῇ

2270 3300 2363 3351 καὶ
2393 3299 2751 3353 πολιτεύεται.
2773 3301 3157 3372 Ἀνεστρέφετο
3183 3303 3360 3355 τοίνυν
3391 3303 3471 3365 εἰς
3495 3301 3850 3372 τὴνζέρημον,

2270 3389 2435 3458 ἤγουν
2468 3392 2701 3443 ἐποιεῖτο
2729 3391 2824 3454 τάς
2857 3391 3157 3464 διατριϐὰς,
3182 3393 3243 3445 οὐ
3285 3393 3608 3461 σωματικῶς
3631 3408 3646 3422 ·
3682 3393 3853 3446 ποτοῦ

2268 3481 2376 3550 γὰρ
2409 3481 2529 3550 δίχα
2560 3484 2654 3534 καὶ
2680 3482 2780 3552 τῆς
2805 3486 2916 3547 τοῖς
2948 3483 3195 3553 σώμασιν
3221 3484 3522 3553 ἀναγκαίας
3553 3485 3757 3553 τροφῆς
3793 3485 3856 3536 ὲν

2268 3571 2494 3640 δυνάμει
2543 3572 2856 3643 Πνεύματος
2904 3575 3043 3646 ὑπὲρ
3083 3577 3244 3643 φύσιν
3278 3577 3376 3646 τὴν
3427 3575 3548 3630 καθ’
3580 3577 3726 3644 ἡμᾶς
3770 3575 3855 3627 δι-

2269 3665 2556 3734 εκαρτέρει
2601 3665 2737 3734 πρὸς
2770 3667 2870 3736 τὴν
2915 3666 3190 3736 νηστείαν.
3230 3650 3378 3737 Πλὴν
3425 3669 3600 3721 έκεῖνο
3648 3667 3848 3736 ἄθρει·

2269 3756 2687 3828 ἐπωφελεστάτη
2739 3758 2846 3829 γάρ
2895 3758 2994 3827 τῆς
3042 3759 3248 3822 ἐννοίας
3279 3762 3312 3830 ἡ
3353 3760 3601 3830 δύναμις.
3633 3762 3708 3813 Οὐ
3740 3762 3853 3831 πρὸ

2267 3846 2361 3899 τοῦ
2403 3849 2557 3914 ἁγίου
2590 3849 2966 3918 βαπτίσματος
2996 3851 3337 3922 ὲπειράζετο,
3376 3851 3493 3904 ἀλλ’
3521 3851 3643 3904 οὐδὲ
3683 3853 3854 3923 ἦγετο

2267 3939 2345 4008 τῷ
2384 3940 2659 4009 Πνεύματι
2690 3943 2768 4004 εἰς
2798 3940 2895 4011 τὴν
2928 3941 3153 4012 ἔρημον,
3186 3943 3354 3996 τύπον
3388 3946 3520 4013 ἡμῖν
3565 3944 3626 3997 τὸ
3656 3944 3852 4015 χρῆμα

2267 4031 2470 4095 τιθείς·
2524 4033 2803 4103 ἀμήχανον
2847 4034 2955 4102 γὰρ
3001 4035 3124 4096 τοὺς
3158 4033 3309 4087 οὔπω
3360 4035 3849 4106 βεϐαπτισμένους,

2268 4123 2361 4176 τοῦ
2393 4124 2738 4194 πειράζοντος
2767 4126 2982 4178 Σατανᾶ
3012 4124 3289 4178 δύσοιστον
3318 4121 3484 4179 οὖσαν
3527 4127 3625 4197 τὴν
3674 4145 3852 4197 προσ-

2271 4214 2430 4286 ϐολὴν
2462 4217 2780 4282 ὑπενεγκεῖν
2817 4216 3074 4270 δύνασθαι
3103 4218 3384 4284 νεανικῶς,
3419 4219 3584 4288 ἤγουν
3614 4220 3850 4285 ἄγεσθαι

2271 4307 2656 4375 πνευματικῶς
2678 4324 2691 4337 ·
2739 4308 2930 4379 καιρὸς
2962 4309 3017 4361 δὲ
3059 4311 3087 4363 6
3120 4310 3346 4380 πρέπων
3383 4314 3497 4374 τοῖς
3537 4309 3679 4364 οὕτω
3709 4311 3848 4381 λαμο

2270 4400 2426 4467 προῖς
2474 4399 2568 4450 καὶ
2616 4397 2964 4467 ἀξιαγάστοις
3017 4400 3456 4470 κατορθώμασιν,
3510 4402 3538 4453 6
3596 4399 3734 4469 μετά
3783 4401 3848 4454 τὸ

597 4487 712 4538 ὴὶῐὋ
762 4482 915 4536 nobis
966 4483 1360 4535 adumbrabat?
1405 4483 1518 4538 Non
1567 4485 1712 4537 aliud
1754 4489 1958 4550 utique,
2005 4501 2164 4554 quam

2270 4490 2422 4557 ἅγιον
2468 4489 2780 4558 βάπτισμα·
2833 4493 3262 4560 κραταιωοέντες
3305 4490 3414 4562 γὰρ
3465 4489 3606 4544 οὕτω
3650 4495 3716 4563 τῇ
3747 4492 3848 4546 τοῦ

598 4577 711 4631 ﬁeri
749 4590 853 4628 non
887 4588 1068 4642 posse,
1103 4583 1159 4624 ut
1190 4573 1222 4623 ii
1252 4573 1344 4640 qui
1379 4574 1630 4641 baptismi
1661 4578 1890 4642 gratiam
1938 4579 2164 4629 necdum

596 4668 828 4722 assecuti
873 4676 1019 4729 sunt,
1058 4664 1400 4733 gravissimis
1436 4668 1695 4718 tentantis
1733 4667 1950 4721 Satanae
1990 4667 2165 4720 insul-

599 4760 743 4813 tibus
769 4758 998 4811 viriliter
1027 4755 1320 4818 obsistaut,
1346 4767 1436 4807 aut
1460 4757 1718 4822 spiritalis
1753 4758 1875 4810 vitae
1906 4759 2168 4811 rationem

600 4852 739 4906 inire
774 4862 993 4920 queant.
1037 4849 1274 4918 Tempus
1319 4858 1496 4901 autem
1533 4849 1836 4902 obtinenda:
1870 4849 2032 4917 158
2060 4858 2166 4901 tam

604 4940 825 4992 illustris
851 4940 1089 4994 victoria:
1113 4951 1234 5010 post
1262 4953 1479 4994 sacrum
1509 4939 1774 5007 baptisma
1809 4946 2166 5005 opportunum

600 5037 705 5082 est.
733 5027 807 5080 Ita
834 5030 973 5082 enim
1003 5032 1238 5099 Spiritus
1259 5033 1433 5086 sancti
1465 5030 1879 5098 participatione
1907 5029 2166 5090 roborati,

601 5131 654 5175 et
703 5134 934 5188 superna
980 5125 1152 5188 gratia
1209 5125 1276 5178 ad
1338 5123 1583 5194 spiritale
1622 5121 1794 5175 robur‘
1837 5119 2163 5183 confirmati,

601 5212 816 5266 Satante
851 5211 1061 5265 insidiis
1105 5216 1221 5282 capi
1259 5233 1362 5270 non
1404 5217 1739 5284 poterimus;
1779 5214 1872 5267 sed
1913 5223 2166 5280 tanquam

603 5305 658 5358 in
718 5305 920 5357 virtute
971 5302 1203 5371 Spiritus
1256 5309 1517 5373 vivemus,
1571 5311 1724 5378 quasi
1784 5309 1835 5360 in
1893 5308 2168 5359 desertum

601 5396 872 5464 quoddam
910 5398 1249 5460 secedetttes,
1285 5398 1408 5450 dum
1458 5402 1642 5465 procul
1698 5418 1725 5454 a
1778 5397 1964 5453 mundi
2011 5398 2171 5464 hujus

604 5490 920 5543 tumultibus
962 5490 1122 5542 vitam
1153 5485 1362 5556 placide
1399 5493 1762 5558 transigimus.
1809 5492 2166 5558 Quamobrem

601 5579 728 5634 licet
775 5581 1197 5649 cunctipotentis
1240 5579 1330 5634 Dei
1380 5579 1554 5631 Verbo
1599 5595 1784 5646 parum
1825 5584 2046 5638 omnino
2097 5583 2169 5637 sit

675 5754 718 5784 “
746 5753 898 5808 Rom.
937 5773 985 5818 ι’,
1016 5756 1104 5812 19.
1174 5759 1221 5790 ⁷³
1257 5756 1412 5815 Rom.
1444 5772 1536 5821 \'ll,
1573 5755 1654 5809 l3.

2275 4583 2428 4648 ἁγίου
2463 4580 2597 4631 Πνεύ
2609 4598 2775 4647 ματος
2805 4585 3026 4650 μετοχῇ,
3061 4583 3152 4634 καὶ
3181 4586 3247 4653 τῇ
3273 4581 3477 4636 ἄνωθεν
3511 4584 3695 4655 χάριτι
3720 4602 3850 4638 κατε

2276 4668 2728 4738 εσφραγισμένοι,
2768 4669 2903 4739 πρὸς
2968 4671 3264 4739 εὐρωστίαν
3327 4673 3384 4724 δὲ
3441 4672 3679 4742 δηλονότι
3744 4676 3849 4744 τὴν

2278 4759 2670 4826 πνευματικὴν,
2718 4759 2977 4812 ἀνάλωτοί
3006 4778 3063 4811 τε
3099 4763 3333 4830 ἐσόμεθα
3363 4763 3439 4833 τῷ
3472 4765 3686 4834 Σατανᾷ
3706 4805 3720 4823 .
3753 4767 3851 4816 καὶ

2277 4851 2349 4913 ὡς
2378 4852 2434 4902 ἐν
2461 4849 2687 4918 δυνάμει
2720 4849 3033 4922 Πνεύματος
3057 4853 3403 4924 διαζήσομεν,
3432 4856 3635 4927 ἔρημον
3656 4856 3849 4928 ὥσπερ

2273 4942 2394 4994 τινὰ
2429 4941 2932 5012 καταλαμϐάνοντες
2955 4945 3128 5016 χῶρον
3154 4948 3213 4999 τὸ
3235 4947 3338 5010 ἔξω
3356 4947 3562 5015 τύρϐης
3590 4946 3848 5013 γενέσθαι

2276 5033 2814 5105 κοσμικῆς.Σμικρὸν
2842 5038 2938 5106 μὲν
2959 5035 3051 5089 οὖν
3081 5037 3271 5105 κομιδῇ
3302 5036 3378 5105 τῷ
3410 5038 3586 5090 πάντα
3610 5037 3848 5107 ἰσχύοντι

2276 5126 2436 5195 Λόγῳ
2467 5126 2527 5178 τὸ
2562 5132 2776 5197 νικῆσαι
2803 5130 2893 5183 τὸν
2924 5131 3187 5190 Σατανᾶν,
3231 5130 3373 5198 μέγα
3415 5130 3471 5183 δὲ
3507 5131 3667 5184 πάλιν
3713 5136 3849 5203 ἡμῖν

2275 5219 2332 5270 τὸ
2359 5219 2450 5270 καὶ
2484 5220 2668 5272 τούτου
2700 5223 2884 5288 τυχεῖν
2909 5221 2994 5271 διὰ
3034 5220 3129 5288 τῆς
3169 5221 3631 5293 ὲνανθρωπήσεως
3653 5225 3844 5290 αὑτοῦ,

2277 5310 2418 5363 καθά
2449 5313 2540 5363 καὶ
2566 5313 2625 5364 τὸ
2656 5313 3098 5382 ἀνακαινισθῆναι
3132 5314 3265 5383 πρὸς
3297 5300 3848 5386 ἀφθσρσίανᾙὩσπερ

2277 5405 2384 5474 γὰρ
2409 5404 2493 5456 6ιά
2517 5407 2612 5475 τῆς
2642 5408 2704 5459 ἐκ
2729 5405 2934 5474 νεκρῶν
2977 5407 3320 5470 ἀναστάσεως
3357 5409 3522 5461 αὑτοῦ
3562 5411 3849 5480 κρείττους

2277 5498 2439 5565 ἡμεῖς
2484 5497 2786 5564 γεγόναμεν
2836 5496 2938 5564 τῆς
2971 5496 3193 5566 φθορᾶς,
3238 5499 3379 5551 οὕτω
3425 5499 3510 5552 διὰ
3545 5499 3644 5568 τῆς
3677 5503 3735 5556 ἐν
3769 5503 3848 5572 τῷ

2279 5587 2634 5657 πειράζεσθαι
2665 5588 2818 5656 νίκης
2847 5588 3003 5642 πάλιν
3035 5592 3192 5659 ἡμεῖς
3226 5592 3665 5663 κεκρατήκαμεν.
