4092 6334
667 344 808 403 I381
1655 351 1709 404 S.
1757 347 2034 404 CYRILLI
2077 347 2544 405 ALEXANDRINI
2587 346 2895 406 ARCIIIEP.

660 471 979 533 penetrasse
1019 471 1074 518 et
1125 463 1482 532 corporaliter
1523 464 1679 518 simul
1720 475 1776 518 et
1817 465 2072 519 decenter
2104 463 2231 517 Deo.

2342 465 2454 534 τρὶ,
2488 465 2582 517 καὶ
2613 465 2660 517 εἰ
2691 464 2876 532 γέγονε
2910 461 3030 515 καθ’
3063 463 3209 533 ἡμᾶς
3233 460 3588 530 οἰκονομικῶς

661 553 797 608 Nam
831 553 1350 624 utsapientissimus
1372 553 1566 607 Paulus
1595 563 1794 617 monet,
1835 572 1852 604 ι
1884 554 2163 619 Ascendit,
2197 560 2254 606 nt
2289 565 2573 625 appareat
2611 571 2752 611 nunc
2772 556 2936 609 vultui
2968 555 3058 609 Dei
3101 570 3197 624 pro
3223 553 3377 608 nobis
3398 553 3466 606 ⁷⁷.
3503 573 3521 606 ι
3559 552 3698 620 Quin
3721 563 3776 609 et
3806 553 3917 606 alio

661 662 875 716 quoque
921 663 1082 702 sensu
1142 647 1310 702 caelos
1362 650 1758 703 transcendisse
1802 650 2036 713 dicitur,
2087 651 2227 715 quod
2267 650 2548 704 beatorum
2593 652 2908 717 angelorum
2977 651 3204 719 gloriam
3257 647 3416 719 longo
3447 659 3572 718 post
3637 662 3698 704 se
3739 650 3886 702 inter

661 741 803 797 vallo
843 740 1126 811 reliquisse
1160 751 1311 796 certo
1359 742 1708 812 dignoscatur
1744 761 1757 796 :
1790 744 2224 810 quandoquidem
2266 753 2325 798 ut
2364 745 2504 799 Deus
2537 763 2556 796 ι
2587 746 2762 814 Super
2783 761 2998 801 omnem
3031 755 3112 801 est
3143 744 3515 814 Principatum
3583 753 3638 798 et
3663 741 3915 799 Potesta-

661 844 769 889 tem
803 845 857 887 et
885 833 1420 897 Dominationem,et
1453 850 1615 890 omne
1683 851 1878 888 nomen
1921 835 2064 904 quod
2106 835 2414 892 nominatur
2482 853 2587 893 non
2632 838 2805 893 solum
2847 842 2898 893 in
2949 839 3052 894 hoc
3120 837 3339 903 saeculo,
3389 836 3482 891 sed
3527 835 3690 888 etiam
3738 835 3792 889 in
3830 835 3917 887 lu-

661 926 866 982 turo".
901 945 919 978 ι
980 925 1113 980 Nam
1161 936 1219 980 ut
1259 925 1425 982 Filius
1456 937 1709 982 eamdem
1765 943 1888 983 cum
1933 927 2094 984 Patre
2137 944 2234 986 suo
2273 932 2501 1001 gloriam
2559 940 2613 987 et
2681 942 3001 999 potestatem
3077 932 3307 994 obtinet,
3353 930 3566 985 etiamsi
3634 930 3919 998 dispensa-

3775 345 3919 407 1388

660 1019 798 1076 torie
831 1019 1003 1072 nostri
1033 1019 1225 1075 similis
1257 1019 1434 1076 factus
1467 1021 1558 1076 sit.

726 1107 1018 1164 XXXVIII.
1065 1128 1084 1162 ι
1114 1108 1224 1166 Nec
1259 1111 1547 1180 quisquam
1597 1113 1762 1166 sumit
1802 1113 1905 1168 sibi
1951 1114 2232 1181 honorem,

657 1203 753 1258 sed
801 1201 893 1272 qui
950 1212 1178 1257 vocatur
1231 1218 1258 1255 a
1301 1202 1435 1270 Deo,
1490 1212 1745 1273 tanquam
1795 1205 1998 1261 Aaron.
2047 1205 2136 1261 Sic
2178 1214 2234 1260 et

657 1295 908 1350 Christus
953 1309 1057 1348 non
1109 1293 1431 1349 clariﬁcavit
1474 1296 1825 1365 semetipsum
1880 1305 1938 1350 ut
1989 1295 2230 1365 pontifex

657 1387 833 1452 tleret,
870 1386 964 1441 sed
1001 1385 1092 1454 qui
1125 1385 1340 1441 locutus
1369 1395 1454 1442 est
1494 1385 1562 1442 ad
1589 1401 1710 1441 eum
1742 1404 1756 1441 :
1788 1386 1958 1442 Filius
1989 1403 2143 1443 meus
2172 1403 2258 1450 es,

657 1487 736 1544 tu,
785 1491 885 1545 ego
926 1476 1085 1531 hodie
1113 1476 1272 1546 genui
1318 1485 1370 1530 te
1389 1477 1459 1531 "’.
1490 1495 1510 1529 ι
1555 1477 1654 1544 Qui
1690 1479 1927 1547 seipsum
1978 1477 2121 1533 ultro
2163 1481 2229 1532 ad

656 1568 1078 1624 exinanitionem
1117 1567 1431 1636 demiserat,
1477 1569 1525 1624 is
1561 1580 1842 1638 paternam
1888 1569 2229 1623 vocationem

656 1662 724 1715 ad
772 1660 1025 1715 usitatam
1081 1660 1436 1730 apprimeque
1478 1661 1894 1716 convenientem
1942 1657 2229 1714 sacerdotii

655 1752 992 1807 functionem
1019 1751 1306 1807 ducentem
1344 1753 1662 1823 opperitur;
1696 1753 2110 1808 convenientem
2140 1768 2235 1806 au-
2267 1786 2306 1840 Β

657 1856 767 1899 tem
813 1860 921 1900 non
956 1859 1068 1899 sua:
1102 1845 1272 1913 ipsius
1318 1854 1549 1912 nature,
1600 1846 1698 1903 sed
1742 1855 1962 1912 nostrae,
2015 1845 2118 1900 hoc
2151 1854 2236 1898 est

658 1936 932 2002 humanm,
969 1951 1132 2007 quam
1191 1937 1280 1992 ubi
1317 1938 1582 2004 integram
1630 1938 1946 2007 assumpsit,
1994 1953 2116 2007 quae
2159 1936 2232 1991 illi

655 2028 984 2083 conveniunt
1015 2027 1277 2098 suscepit,
1301 2028 1508 2083 nullum
1547 2030 1764 2084 interim
1795 2031 2094 2086 secundum
2131 2043 2232 2082 na-

658 2130 835 2175 turam
879 2120 1153 2190 propriam
1200 2119 1586 2175 detrimentum
1622 2123 1914 2191 accipiens,
1976 2110 2072 2176 sed
2118 2120 2232 2175 dis-

654 2209 973 2282 pensatione
1003 2213 1302 2268 secundum
1326 2227 1545 2267 carnem
1564 2213 1699 2268 scite
1739 2214 2236 2281 convenienterque

656 2313 835 2359 utens.
884 2304 957 2360 Ut
1010 2304 1063 2358 id
1118 2304 1261 2358 enim
1305 2304 1446 2373 quod
1499 2313 1637 2369 erat,
1690 2305 1792 2360 hoc
1842 2313 1927 2360 est
1974 2304 2233 2359 Dominus

655 2396 951 2450 secundum
1002 2403 1252 2449 naturam
1297 2397 1640 2465 permansit,
1698 2396 1913 2451 etiamsi
1975 2394 2231 2449 servilem

658 2484 886 2537 formam
943 2483 1344 2538 subiisset:ita
1402 2486 1750 2553 quantumvis
1804 2486 2120 2540 innumeros
2176 2485 2230 2539 in

655 2575 794 2630 cmlo
824 2574 982 2645 160
1005 2574 1253 2642 haberet,
1278 2576 1367 2645 qui
1397 2578 1626 2646 hymnos
1659 2576 1972 2645 laudesque,
1999 2579 2100 2632 hoc
2124 2588 2228 2641 est,

655 2665 922 2735 Spiritalia
965 2666 1355 2736 incruentaque
1402 2668 1671 2723 sacriﬁcia
1708 2669 1784 2723 illi
1819 2669 2097 2732 offerrent,
2149 2670 2228 2723 ni-

655 2759 949 2813 hilominus
973 2774 1093 2828 quae
1133 2760 1382 2815 humanae
1413 2769 1620 2815 natura:
1647 2763 1977 2815 conveniunt
2019 2760 2231 2814 eidem.

655 2867 760 2922 que
803 2863 1169 2907 consentanea
1223 2863 1372 2918 sunt,
1402 2869 1670 2924 nusquam
1710 2869 1814 2909 non
1851 2855 2064 2923 integre
2098 2868 2233 2907 con-

2408 1116 2539 1169 AH'.
2591 1133 2610 1166 ι
2642 1114 2751 1167 Καὶ
2783 1115 2880 1185 οὐχ
2920 1116 3095 1187 ἑαυτῷ
3143 1133 3225 1180 τις
3273 1114 3542 1185 λαμϐάνει
3584 1115 3682 1184 τὴν
3724 1113 3918 1184 τιμὴν»

2335 1207 2452 1262 ἀλλ’
2489 1209 2518 1261 6
2544 1208 2878 1278 καλούμενος
2905 1210 3006 1262 ὑπὸ
3029 1209 3123 1263 τοῦ
3148 1209 3303 1272 Θεοῦ,
3336 1209 3526 1278 ὥσπερ
3556 1209 3647 1260 καὶ
3682 1208 3918 1278 Ἀαρών.

2336 1299 2492 1353 Οὕτω
2526 1300 2620 1353 καὶ
2671 1303 2698 1354 6
2750 1302 2984 1371 Χριστὸς
3015 1302 3110 1372 οὐχ
3144 1302 3334 1354 ἑαυτὸν
3375 1301 3593 1364 ὲδόξασε
3621 1300 3921 1369 γενηθῆναι

2333 1394 2624 1465 ἀρχιερεὺς
2643 1402 2691 1458 ι,
2726 1394 2841 1446 ἀλλ’
2870 1396 2898 1446 6
2945 1394 3183 1464 λαλήσας
3233 1395 3369 1465 πρὸς
3413 1394 3607 1446 αὐτόν·
3654 1393 3776 1454 Υἱός
3814 1409 3920 1457 μου

2335 1484 2387 1539 εί
2422 1489 2508 1549 σὺ,
2535 1485 2646 1555 ἐγὼ
2677 1487 2919 1556 σήμερον
2948 1485 3254 1556 γεγέννηκά
3284 1503 3364 1540 σε.
3388 1505 3405 1538 ι
3427 1487 3484 1538 '0
3508 1484 3693 1547 καθεὶς
3723 1484 3922 1536 ἑαυτὸν

2336 1579 2415 1640 εἰς
2441 1577 2691 1641 κένωσιν,
2725 1577 3010 1648 περιμένει
3041 1579 3232 1648 κλῆσιν
3269 1579 3367 1646 τὴν
3391 1579 3455 1632 ὲκ
3483 1577 3697 1648 Πατρὸς
3727 1579 3918 1646 φέρου·

2339 1678 2483 1723 σαν]
2530 1672 2608 1733 εἰς
2661 1669 2962 1740 ἱερωσύνην
2995 1671 3076 1723 ὅτι
3117 1671 3180 1740 δὴ
3233 1671 3465 1742 μάλιστα
3493 1670 3700 1740 συνήθη
3730 1687 3788 1722 τε
3823 1672 3923 1723 καὶ

2337 1761 2816 1832 πρεπωδεστάτην,
2841 1760 2902 1814 οὑ
2933 1765 2998 1833 τῇ
3037 1761 3202 1815 αὑτοῦ
3233 1762 3392 1833 φύσει
3422 1762 3644 1830 μᾶλλον,
3673 1761 3807 1814 ἀλλὰ
3852 1763 3921 1831 τῇ

2338 1851 2461 1904 καθ’
2494 1853 2661 1921 ἡμᾶς,
2689 1851 2936 1904 τουτέστι
2965 1854 3033 1924 τῇ
3065 1851 3382 1925 ἀνθρωπίνῃ
3401 1869 3413 1883 ο
3444 1847 3512 1923 ἧς
3542 1851 3774 1920 ἐπείπερ
3807 1851 3922 1912 ἱσος

2337 1943 2581 2012 γέγονεν,
2616 1943 2880 2013 ὑπομένει
2937 1943 3006 1997 τὰ
3051 1945 3244 2014 αὐτῆς,
3289 1943 3644 2014 ἀδικούμενος
3671 1941 3924 1996 ἐντεῦθεν

2336 2036 2396 2089 τὸ
2436 2036 2657 2106 σύμπαν
2684 2036 2858 2098 οὐδὲν,
2901 2037 3169 2108 εὐτέχνως
3199 2036 3256 2089 δὲ
3291 2036 3489 2107 μᾶλλον
3517 2038 3582 2107 τῇ
3620 2034 3757 2104 μετὰ
3782 2051 3923 2104 σαρ-

2337 2126 2431 2188 κὸς
2449 2126 2732 2198 οἰκονομίᾳ
2756 2126 3279 2198 χρώμενος.⁹Ὠσπερ
3298 2127 3406 2198 γὰρ
3431 2125 3525 2181 καὶ
3550 2125 3612 2178 τὸ
3635 2125 3735 2196 τὴν
3757 2123 3925 2194 φύσιν

2337 2216 2544 2287 Κύριος
2581 2217 2658 2271 ὢν
2712 2218 3021 2290 μεμένηκεν
3054 2221 3192 2290 ὅπερ
3227 2215 3316 2290 ἦν,
3359 2219 3454 2274 καὶ
3501 2219 3550 2272 εἰ
3595 2218 3837 2286 γέγονεν’
3863 2216 3925 2268 ὲν

2334 2313 2400 2381 τῇ
2433 2310 2524 2363 τοῦ
2557 2310 2742 2363 δούλου
2774 2314 2993 2382 μορφῇ·
3015 2311 3158 2365 οὕτω
3191 2313 3370 2383 φαμὲν
3393 2312 3471 2366 ὅτι
3493 2311 3669 2364 καίτοι
3692 2309 3924 2382 μυρίους

2335 2401 2475 2471 ἔχων
2496 2404 2552 2454 ὲν
2576 2402 2791 2472 οὐρανῷ
2814 2405 2939 2466 τοὺς
2967 2403 3383 2474 ἱερουργοῦντας
3407 2403 3577 2474 αὐτῷ,
3598 2403 3698 2465 τὰς
3723 2401 3926 2472 νοητὰς

2333 2492 2576 2562 δηλονότι
2615 2492 2709 2545 καὶ
2737 2492 3107 2561 ἀναιμάκτους
3138 2492 3349 2558 θυσίας,
3384 2492 3587 2562 ὕμνους
3630 2492 3725 2544 καὶ
3769 2491 3924 2554 δοξο-

2334 2581 2541 2648 λογὶας,
2561 2582 2656 2634 καὶ
2683 2581 2780 2652 τὴν
2806 2581 2928 2634 καθ’
2945 2583 3095 2652 ἡμᾶς
3118 2579 3419 2652 ἱερωσύνην
3445 2583 3672 2634 ποιεῖται
3698 2580 3920 2650 δεκτὴν,

2333 2673 2634 2735 ἀποσώζων
2663 2671 2938 2743 πανταχοῦ
2967 2675 3080 2738 τοῖς
3108 2676 3205 2744 τῆς
3238 2674 3659 2745 ἀνθρωπότητος
3695 2674 3922 2744 μέτροις

2333 2761 2402 2814 τά
2447 2762 2731 2829 πρέποντά
2771 2780 2829 2814 τε
2865 2765 2958 2816 καὶ
2991 2764 3206 2817 ἐοικότα
3238 2765 3394 2834 αὐτῇ.
3427 2763 3704 2831 Κέκληται
3737 2762 3922 2813 τοίνυν

2337 2849 2476 2901 καθὰ
2499 2852 2592 2902 καὶ
2620 2851 2850 2921 Ἀαρὼν,
2872 2851 3008 2921 πλὴν
3034 2853 3134 2904 οὐκ
3163 2855 3221 2905 ὲν
3247 2853 3345 2921 ίσῳ
3371 2852 3574 2922 τρόπῳ.
3593 2851 3650 2903 '0
3685 2849 3782 2919 μὲν
3809 2851 3924 2919 γάρ

657 2957 904 3006 servans,
971 2941 1265 2994 humanum
1313 2957 1527 3012 quoque
1581 2943 1949 2998 sacerdotium
1997 2955 2104 2995 non
2149 2951 2234 2996 est

2340 2939 2548 3007 ἐχρίετο
2593 2940 2730 3009 πρὸς
2778 2941 3111 3010 ἱερουργίαν,
3141 2945 3237 2994 καὶ
3276 2938 3344 3011 ἦν
3393 2942 3644 3010 οἰκέτηςο
3679 2941 3707 2992 6
3748 2939 3807 2992 δὲ
3844 2939 3923 3002 ὡς

657 3042 1003 3104 aspernatus.
1060 3028 1298 3087 Vocatus
1341 3044 1427 3088 est
1474 3035 1660 3102 itaque
1709 3045 1768 3087 ut
1813 3034 2017 3096 Aaron,
2072 3033 2232 3086 modo

2340 3031 2467 3092 Υἱὸς
2499 3031 2766 3096 καλεῖται,
2803 3032 2895 3083 καὶ
2932 3031 3072 3084 κατὰ
3122 3033 3219 3102 τὴν
3271 3032 3425 3099 τάξιν
3453 3031 3786 3102 Μελχισεδὲκ
3842 3032 3922 3084 ἱε-

660 3136 836 3181 tamen
869 3123 1138 3180 dissimili.
1172 3123 1266 3180 Ille
1291 3126 1433 3180 enim
1460 3134 1717 3196 tanquam
1742 3138 1933 3180 servus
1979 3125 2232 3178 inunctus

2340 3124 2561 3192 ρουργεί
2596 3121 2673 3191 τῷ
2722 3121 2914 3192 Πατρί.
2963 3124 3071 3175 Καὶ
3107 3125 3197 3176 τόν
3231 3140 3294 3190 γε
3329 3123 3428 3194 τῆς
3481 3122 3796 3196 ἱερουργίας
3835 3123 3927 3187 ὲξο

656 3232 742 3278 est
789 3223 856 3276 ad
906 3221 1308 3287 ministerium;
1345 3221 1434 3277 hic
1468 3236 1598 3278 vero
1642 3223 1940 3277 secundum
1986 3220 2233 3276 ordinem

2340 3215 2552 3284 ηγεῖται
2584 3215 2784 3284 τρόπον
2825 3217 2852 3268 6
2896 3214 3181 3278 Θεσπέσιος
3233 3216 3464 3280 Παῦλος,
3494 3216 3592 3270 ὡδὶ
3623 3217 3924 3288 γεγραφὼς

657 3313 1018 3369 Melchisedec
1047 3323 1378 3382 assumptus,
1411 3322 1667 3382 tanquam
1697 3312 1867 3368 Filius
1889 3310 2236 3367 administrat

659 3405 825 3460 Patri.
859 3403 1227 3459 Sacerdotalis
1250 3418 1412 3473 porro
1447 3402 1740 3458 ministerii
1770 3403 1988 3456 modum
2021 3400 2234 3455 divinus

658 3495 886 3560 Paulus,
940 3496 1006 3548 de
1055 3495 1279 3550 Christo
1345 3495 1586 3549 omnium
1656 3502 1899 3548 nostrum
1955 3493 2235 3548 Salvatore

662 3585 934 3648 scribens,
985 3584 1128 3638 hunc
1161 3584 1214 3638 in
1261 3583 1477 3638 modum
1519 3582 1783 3653 exponit:
1813 3600 1831 3634 ι
1857 3582 1958 3648 Qui
1999 3597 2106 3636 non
2147 3595 2235 3635 se-

659 3677 895 3732 cundum
945 3675 1117 3748 legem
1196 3674 1439 3729 mandati
1483 3673 1720 3729 carnalis
1765 3674 1938 3729 Iactus
1981 3682 2090 3739 est,
2139 3672 2234 3729 sed

663 3770 957 3825 secundum
994 3769 1247 3822 virtutem
1280 3767 1401 3821 vitae
1443 3765 1836 3822 indissolubilis
1858 3766 1926 3818 ⁸⁸.
1958 3783 1976 3817 ι
2010 3764 2105 3818 Est
2136 3765 2236 3817 ita-

656 3877 767 3931 que
817 3859 1106 3915 sacerdotil
1144 3858 1287 3915 illius
1331 3859 1468 3914 ritus
1509 3858 1615 3912 ritu
1660 3855 1936 3910 Aaronico
1977 3853 2095 3909 sine
2126 3854 2234 3907 ulla

663 3953 1070 4021 comparatione
1104 3950 1468 4021 praestantior.
1492 3948 1627 4003 Nam
1651 3947 1754 4003 etsi
1789 3946 1880 4002 ille
1900 3945 1965 4000 ad
1984 3945 2240 4000 sacerdo-

663 4043 800 4097 tium
833 4052 1054 4096 vocatus
1102 4051 1206 4105 est,
1242 4050 1505 4106 attamen,
1556 4050 1614 4092 ut
1659 4040 1818 4093 modo
1851 4038 2084 4102 aiebam,
2121 4045 2240 4092 erat

663 4151 896 4202 servus;
939 4135 1025 4190 hic
1069 4149 1198 4190 vero
1250 4135 1301 4188 in
1350 4148 1416 4189 eo
1460 4147 1676 4203 quoque
1719 4141 1864 4189 statu
1916 4131 2009 4186 Dei
2059 4130 2239 4185 Patris

666 4228 834 4284 Filius
870 4237 1012 4292 erat,
1046 4237 1240 4284 natura
1278 4228 1497 4298 quidem
1549 4237 1859 4295 aeternaque
1892 4223 2240 4295 generatione

665 4329 722 4376 ut
778 4319 922 4376 Deus
964 4331 1018 4375 et
1060 4318 1330 4386 Verbum;
1383 4328 1441 4372 ut
1487 4328 1686 4374 nostrae
1737 4331 1866 4372 vero
1912 4314 2238 4370 conditionis

666 4414 825 4467 homo
865 4411 1160 4467 secundum
1208 4409 1558 4465 novissimam
1617 4410 1669 4462 in
1723 4424 1888 4464 carne
1933 4407 2240 4478 generatio-

2338 3306 2464 3376 περὶ
2513 3306 2604 3359 τοῦ
2651 3307 2869 3360 πάντων
2914 3307 3070 3378 ἡμῶν
3103 3308 3354 3378 Σωτῆρος
3384 3309 3653 3378 Χριστοῦ⁸
3691 3309 3825 3370 «Ὃς
3858 3309 3923 3360 οῦ

2339 3397 2484 3452 κατὰ
2534 3400 2696 3470 νόμον
2747 3400 2967 3469 ἐντολῆς
3016 3401 3278 3470 σαρκίνης
3329 3400 3572 3468 γέγονεν,
3601 3399 3741 3453 ἀλλά
3775 3401 3926 3453 κατὰ

2338 3489 2566 3560 δύναμιν
2618 3490 2765 3558 ζωῆς
2822 3492 3184 3545 ἀκαταλύτου.
3225 3511 3243 3543 ›
3303 3490 3517 3547 Οὐκοῦν
3573 3493 3924 3563 ἀσυγκρίτως

2339 3581 2578 3651 ἀμείνων
2619 3584 2647 3634 6
2691 3582 2791 3649 τῆς
2832 3583 3145 3653 ἱερουργίας
3184 3583 3402 3653 τρόπος.
3464 3585 3575 3636 Καὶ
3608 3586 3637 3636 6
3675 3583 3792 3653 μὲν,
3845 3583 3922 3643 ὡς

2340 3673 2495 3742 ἔφην,
2522 3672 2740 3742 οἰκέτης
2768 3669 2858 3742 ἦν,
2887 3673 3064 3726 καίτοι
3097 3674 3430 3744 κεκλημένος
3463 3675 3544 3737 είς
3584 3673 3919 3745 ἱερωσύνην·

2340 3766 2369 3816 6
2395 3764 2452 3816 δὲ
2484 3765 2579 3817 καὶ
2607 3763 2779 3825 οὕτως
2819 3762 2944 3826 Υἱὸς
2976 3761 3070 3815 τοῦ
3111 3762 3246 3815 Θεοῦ
3294 3763 3390 3816 καὶ
3428 3763 3663 3834 Πατρὸς,
3694 3763 3771 3826 ὡς
3820 3763 3925 3834 μὲν

2343 3855 2503 3924 φύσει
2532 3856 2663 3920 Θεὸς
2689 3857 2783 3910 καὶ
2809 3857 2981 3926 Λόγος
3012 3857 3151 3910 κατά
3178 3856 3277 3927 τὴν
3296 3855 3620 3926 προαιὼνιον
3641 3856 3925 3927 γέννησινσ

2340 3945 2416 4008 ὡς
2454 3944 2510 3998 δὲ
2539 3945 2824 4015 ἄνθρωπος
2855 3945 2977 4000 καθ’
3005 3947 3154 4017 ἡμᾶς
3182 3945 3322 3999 κατὰ
3367 3945 3464 4016 τὴν
3510 3944 3786 4015 νεωτάτην
3826 3952 3925 3997 και

2343 4035 2626 4108 ἐνσαρκον,
2651 4033 2718 4110 ἧς
2748 4038 2915 4109 ἂνεῖη
2945 4039 3213 4093 δεικτικὸν
3250 4039 3344 4092 καὶ
3373 4040 3453 4103 τὸ,
3484 4038 3774 4107 σήμερονθ
3802 4056 3924 4091 και-

2348 4129 2438 4199 ρὸν
2487 4130 2594 4200 γὰρ
2643 4131 2776 4201 ἡμῖν
2823 4131 3077 4203 σημαίνει
3105 4131 3195 4184 τὸν
3229 4131 3578 4202 ἐνεστηκότα.
3609 4129 3924 4183 Οἱκειοῦται

2342 4223 2408 4294 δὴ
2449 4219 2543 4278 οῦν
2585 4225 2679 4277 καὶ
2725 4225 2824 4295 τὴν
2861 4226 3131 4296 σαρκικὴν
3160 4223 3326 4278 αὑτοῦ
3357 4225 3608 4294 γέννησιν
3631 4225 3660 4276 6
3689 4223 3880 4292 Πατήρ
3908 4239 3920 4252 ·

2343 4312 2449 4367 οἶδε
2482 4314 2610 4386 γὰρ,
2644 4312 2784 4370 οἶδεν
2822 4317 2950 4372 ίδιον
2979 4317 3107 4371 ὄντα
3142 4317 3265 4370 Υίὸν
3283 4315 3374 4368 τὸν
3403 4316 3462 4380 ἐξ
3488 4312 3678 4369 ἑαυτοῦ
3701 4313 3922 4378 θεῖκῶς,

2345 4408 2439 4460 καὶ
2467 4407 2532 4461 ὲκ
2558 4409 2816 4476 γυναικὸς
2841 4409 3214 4480 ἀνθρωπίνως.

663 4521 807 4570 nem,
833 4520 954 4574 qua:
983 4518 1077 4572 per
1101 4503 1252 4568 illud,
1284 4503 1458 4568 hodie,
1487 4503 1626 4572 quod
1656 4502 1941 4572 prmsentis
1977 4501 2234 4572 temporis
2273 4510 2397 4556 nota
2439 4501 2678 4564 exsiStit,
2751 4501 2910 4556 nobis
2976 4503 3351 4555 adumbratur.
3387 4498 3552 4569 Igitur
3581 4499 3742 4554 Pater
3781 4498 3929 4552 nati-

662 4596 883 4650 vitatem
935 4595 988 4648 in
1037 4608 1200 4649 carne
1239 4595 1306 4648 ad
1351 4608 1411 4650 se
1459 4609 1675 4664 quoque
1744 4593 2019 4661 pertinere
2081 4595 2308 4664 judicat,
2350 4605 2616 4664 quatenus
2669 4593 2816 4648 illum
2871 4610 3027 4650 suum
3085 4593 3331 4664 agnoscit
3375 4592 3571 4648 Filium
3618 4593 3924 4648 secundum

665 4687 901 4741 divinam
935 4684 1154 4754 quidem
1203 4693 1452 4738 naturam
1503 4699 1568 4740 ex
1619 4685 1756 4754 ipso,
1801 4686 2096 4739 secundum
2131 4685 2419 4739 humanam
2455 4699 2582 4739 vero
2623 4699 2688 4738 ex
2720 4685 2962 4738 muliere.

731 4777 956 4832 XXXIX
996 4796 1014 4828 ι
1052 4775 1154 4843 Qui
1191 4775 1244 4830 in
1289 4775 1480 4830 diebus
1523 4777 1702 4830 carnis
1751 4791 1860 4830 suae
1893 4791 2082 4845 preces
2112 4790 2237 4844 sup-

2370 4826 2375 4831 .
2415 4775 2538 4827 ΛΘ’.
2578 4795 2595 4826 ι
2634 4776 2728 4837 Ὃς
2781 4777 2837 4828 ὲν
2886 4777 3006 4838 ταῖς
3043 4775 3286 4845 ἡμέραις
3332 4774 3432 4844 τῆς
3485 4773 3682 4844 σαρκὸς
3732 4771 3924 4831 αὒτοῦ,

668 4870 1101 4944 plicationcsqu‘e
1142 4867 1208 4926 ad
1264 4882 1411 4931 eum,
1462 4866 1552 4936 qui
1614 4867 1787 4936 possit
1841 4867 1986 4920 illum
2037 4868 2242 4922 salvum

670 4963 851 5016 facere
892 4975 922 5014 a
967 4972 1161 5027 morte,
1207 4976 1330 5017 cum
1380 4960 1619 5017 clamore
1668 4960 1847 5014 valido
1903 4969 1955 5013 et
1991 4959 2244 5030 lacrymis

668 5052 927 5117 oﬂerens,
952 5053 1237 5108 exauditus
1276 5063 1356 5109 est
1384 5069 1481 5123 pro
1531 5067 1630 5107 sua
1672 5052 1994 5106 reverentia.
2031 5051 2094 5104 Et
2126 5051 2245 5118 qui-

671 5150 793 5206 dem
830 5158 954 5200 cum
994 5151 1139 5198 esset
1177 5143 1366 5211 Filius,
1429 5145 1616 5201 didicit
1663 5161 1726 5200 ex
1778 5144 1845 5198 iis
1885 5158 2005 5213 quae
2052 5156 2243 5212 passus

670 5249 756 5295 est
786 5234 1147 5292 obedientiam
1197 5252 1210 5287 :
1251 5245 1305 5288 et
1337 5246 1744 5292 consummatus
1783 5235 1959 5290 factus
2014 5244 2098 5289 est
2129 5249 2244 5288 om-

673 5331 832 5385 nibus
877 5325 1376 5395 obtemperantibus
1409 5327 1509 5382 sibi
1557 5343 1718 5382 causa
1768 5327 1956 5383 salutis
2003 5338 2242 5390 mterna‘,

2353 4867 2564 4935 δεήσεις
2595 4884 2654 4919 τε
2685 4868 2779 4919 καὶ
2808 4868 3087 4938 ἱκετηρίας
3119 4867 3256 4938 πρὸς
3284 4867 3374 4920 τὸν
3401 4865 3697 4934 δυνάμενον
3729 4863 3928 4925 σώζειν

2354 4958 2515 5010 αὑτὸν
2549 4960 2611 5011 ἐκ
2659 4959 2913 5026 θανάτου,
2963 4960 3100 5031 μετά
3144 4959 3389 5030 κραυγῆς
3411 4957 3650 5026 ,ἰσχυρᾶς
3695 4955 3789 5007 καὶ
3831 4955 3928 5008 δα-

2352 5048 2536 5118 κρύων
2580 5050 2972 5119 προσενέγκας,
3012 5051 3104 5104 καὶ
3138 5043 3510 5108 εἰσακουσθεὶς
3556 5044 3666 5098 ἀπὸ
3698 5043 3799 5114 τῆς
3841 5045 3932 5098 εῦ-

2352 5142 2592 5206 λαόείας,
2632 5143 2836 5213 καίπερ
2864 5141 2940 5194 ὢν
2963 5143 3110 5204 Υἱὸς,
3134 5132 3362 5208 ἔμαθεν,
3389 5137 3483 5207 ἀφ’
3515 5129 3588 5190 ὧν
3610 5135 3802 5202 ἔπαθε,
3830 5137 3931 5210 τῆν

2353 5235 2638 5305 ὑπακοήν·
2697 5237 2791 5287 καὶ
2840 5230 3150 5293 τελειωθεὶς
3201 5229 3419 5298 ἐγένετο
3480 5230 3613 5284 πᾶσι
3663 5235 3774 5294 τοῖς
3827 5232 3933 5284 ὑπ-

2353 5325 2639 5377 ακούουσιν
2673 5322 2824 5391 αὑτῷ
2861 5323 3031 5385 αἴτιος
3071 5324 3342 5394 σωτηρίας
3370 5325 3624 5379 αἰωνίου·
3653 5340 3932 5394 προσαγο-

743 5480 789 5513 "
825 5479 988 5538 Hebr.
1027 5497 1108 5548 Ix,
1135 5478 1225 5534 2t.
1303 5478 1346 5509 ⁷⁸
1376 5477 1570 5546 Eplics.
1603 5496 1640 5557 ι,
1670 5479 1758 5534 2|.
1838 5481 1881 5511 7°
1917 5481 2077 5537 llcbr.
2104 5495 2158 5549 ν,
2197 5479 2227 5533 4

2340 5521 2341 5524 η
2421 5475 2465 5506 ⁸⁰
2496 5476 2658 5532 llcbr.
2686 5491 2781 5540 vn,
2819 5477 2902 5532 l6.

1773 5637 1946 5692 Varia:
1977 5639 2233 5694 lectiones
2263 5636 2466 5692 codicis
2503 5635 2856 5708 Segnicriani.

750 5785 779 5817 ι
807 5779 1083 5849 ἀρχιερέα,
1166 5788 1188 5828 γ
1225 5778 1619 5849 ἀπελιρέρουσαν.
