4092 6334
166 391 300 448 1389

977 390 1067 445 AD
1108 388 1406 443 RECINAS
1450 389 1533 442 DE
1572 386 1802 442 RECTA
1845 387 2003 441 FIDE
2039 386 2300 442 ORATIO
2336 386 2629 440 ALTERA.

3274 388 3409 444 {390

167 513 532 586 ρευθεὶς’ὑπό
589 513 680 564 τοῦ
719 510 852 562 Θεοῦ
902 515 1188 582 ἀρχιερεὺς
1241 512 1381 565 κατὰ
1436 511 1533 580 τὴν
1587 511 1768 573 τάξιν,

1854 510 2138 579 ippcllatus
2171 526 2196 562 a
2234 508 2346 562 Deo
2394 506 2633 576 pontifex
2668 508 2964 563 secundum
2990 511 3233 566 ordinem
3277 513 3408 564 Mel-

163 604 512 674 Μελχισεδέκ.
559 622 575 654 ι
619 602 674 652 ’0
706 601 973 668 πάνσοφος
1023 603 1230 663 Παῦλος
1263 599 1561 651 ἐπιστέλλει
1588 639 1602 658 ,
1644 597 1733 649 καί

164 713 296 766 φησι
323 700 433 760 τοῖς
460 700 516 748 ἐν
547 695 724 745 πίστει
773 693 1212 764 δεδικαιωμένοις
1234 708 1247 724 ·
1289 710 1305 740 ι
1343 691 1592 759 Μιμηταί
1633 709 1732 759 μου

163 787 405 855 γίνεσθε,
437 785 618 846 καθὼς
646 784 797 852 κάγὼ
827 784 1081 856 Χριστοῦ.
1122 804 1138 835 ι
1183 782 1289 834 Καὶ
1330 779 1433 850 μὴν
1469 782 1561 833 καὶ
1591 784 1617 832 ὁ
1649 780 1733 832 Os-

168 878 614 946 czéeto;ﬂétpog
635 893 648 906 ·
690 899 705 926 ι
731 879 886 930 Ποῖον
919 879 1026 945 γὰρ
1060 876 1235 936 κλέος,
1269 873 1451 941 φησὶν,
1486 874 1533 924 εἰ
1562 874 1736 940 ἀμαρ-

167 973 423 1030 τάνοντες
481 969 572 1022 καὶ
618 969 1028 1038 κολατιζόμενοι
1079 968 1430 1034 ὑπομενεῖτε;
1491 965 1632 1017 ’Λλλ’
1692 966 1739 1015 εἰ

169 1059 626 1128 ἀγαθοποιοῦντες
673 1063 765 1115 καὶ
814 1062 1113 1128 πάσχοντες
1166 1058 1523 1126 ὑπομενεῖτε,
1583 1055 1740 1108 τοῦτο

167 1152 323 1220 χάρις
351 1152 501 1220 παρά
528 1152 665 1222 Θεῷ.
697 1154 818 1204 ’Ότι
845 1151 1078 1220 Χριστὸς
1108 1149 1374 1203 ἀπέθανεν
1399 1152 1536 1221 ὑπὲρ
1560 1153 1738 1220 ἡμῶν,

171 1244 300 1311 ὑμῖν
355 1244 750 1313 ἀπολιμπάνων
799 1243 1182 1312 ὑπογραμμὸν,
1231 1242 1320 1296 ἵνα
1369 1241 1742 1310 ἐπακολουθή-

173 1351 300 1404 σητε
344 1339 458 1398 τοῖς
507 1338 708 1404 ἴχνεσιν
742 1333 928 1386 αὑτοῦ.
970 1353 987 1384 ι
1026 1334 1251 1401 Γέγονεν
1284 1335 1390 1405 ἄρα
1432 1334 1631 1394 σκοπὸς
1669 1331 1744 1401 τῷ

171 1427 467 1494 Μονογενεί
509 1426 606 1492 τὴν
652 1425 784 1494 πρὸς
820 1427 964 1494 ἡμᾶς
1004 1426 1263 1494 ὁμοίωσιν
1307 1425 1504 1494 ἔχοντι,
1555 1423 1744 1474 παθεῖν

166 1519 552 1590 ἀνθρωπίνοις,
586 1517 679 1569 καὶ
707 1517 910 1581 διδάξαι
941 1519 1039 1589 μὲν
1068 1520 1194 1580 τοὺς
1228 1516 1376 1586 αὐτῷ
1411 1517 1742 1587 γνωρίμους,

173 1610 288 1662 τίνα
321 1611 386 1679 δὴ
427 1609 628 1678 τρόπον
657 1612 774 1672 ταῖς
802 1609 912 1661 τῶν
958 1610 1279 1680 πειρασμῶν
1323 1609 1530 1675 ἐφόδοις
1578 1625 1748 1678 προσ-

171 1704 428 1774 έρχεσθαι
457 1700 582 1772 χρὴ,
623 1702 717 1753 καὶ
744 1701 958 1764 ὁποίους
988 1697 1128 1754 εἶναι
1161 1702 1421 1771 προσήκει
1466 1701 1590 1763 τοὺς
1619 1700 1744 1752 διωο

175 1795 440 1864 κομένους
472 1794 572 1863 τῆς
603 1794 682 1854 εἰς
713 1793 844 1844 Θεὸν
899 1793 1179 1855 εὐσεόείας
1225 1792 1405 1855 ἕνεκα,
1436 1791 1528 1842 καὶ
1565 1788 1747 1842 κινδύ-

1840 601 2171 655 cbisedcc“.
2207 621 2222 651 ι
2249 599 2693 669 Sapientissiutus
2722 599 2917 655 Paulus
2954 602 3017 655 ad
3052 617 3166 667 eos,
3190 603 3281 671 qui
3313 620 3408 672 per

1843 693 2000 746 ﬁdem
2044 692 2327 759 justiticati
2387 692 2620 751 fuerant,
2660 690 2731 743 ita
2780 693 3007 748 scribit:
3054 715 3071 745 ι
3111 695 3414 750 lmitatores

1846 786 1948 839 mei
1975 794 2164 845 estote,
2191 785 2331 837 sicut
2364 795 2417 838 et
2443 799 2540 852 ego
2571 783 2773 837 Christi
2797 784 2861 838 θ’.
2901 805 2916 836 ι
2955 787 3092 852 Quin
3120 798 3172 842 et
3200 789 3414 842 divinus

1844 889 2058 945 quoque
2105 873 2332 929 Petrus:
2378 895 2394 924 ι
2439 876 2586 941 Quae,
2630 876 2824 944 inquit,
2876 887 2958 931 est
2988 878 3176 946 gloria,
3209 879 3251 932 si
3286 893 3414 947 pcc-

1841 979 2048 1027 cantes,
2073 975 2128 1020 et
2156 966 2474 1034 cclaphizati
2519 967 2790 1022 sulfertis?
2825 968 2930 1022 Sed
2963 970 3005 1022 si
3042 970 3176 1024 bene
3211 971 3415 1025 facien-

1847 1067 1950 1119 tes,
1978 1059 2245 1125 patienter
2273 1058 2571 1123 sustinetis,
2598 1061 2708 1112 lucc
2734 1070 2813 1112 est
2833 1059 3009 1128 gratia
3040 1061 3176 1128 apud
3207 1062 3371 1115 Deum
3400 1082 3416 1116 :

1844 1149 1969 1215 quia
2011 1159 2064 1203 et
2093 1151 2339 1204 Christus
2387 1164 2575 1217 passus
2607 1161 2691 1206 est
2728 1167 2826 1220 pro
2859 1152 3034 1214 nobis,
3068 1153 3220 1207 vobis
3249 1155 3418 1209 relin-

1847 1257 2018 1309 quens
2069 1242 2397 1312 exemplum,
2433 1253 2492 1295 ut
2525 1245 2824 1310 sequamini
2864 1246 3086 1315 vestigia
3126 1247 3240 1312 ejus
3277 1249 3344 1298 ³³.
3394 1269 3412 1300 ι

1848 1335 2056 1400 Scopus
2105 1349 2231 1402 ergo
2265 1336 2557 1404 Uuigeuito
2608 1348 2846 1390 nostram
2883 1340 3288 1394 similitudinem
3316 1343 3419 1396 ita-

1850 1426 1995 1478 benti
2061 1426 2180 1486 fuit,
2249 1430 2543 1480 secundum
2606 1431 2895 1481 humanam
2959 1441 3204 1484 naturam
3284 1435 3418 1502 pali,

1849 1527 2081 1583 suosque
2120 1514 2408 1568 familiares
2449 1518 2697 1580 edocere,
2738 1520 2890 1590 161
2930 1537 3034 1590 qua
3064 1523 3272 1578 ratione
3301 1535 3424 1587 ten-

1852 1608 2122 1659 tationqu
2175 1608 2462 1662 insultibus
2504 1611 2716 1662 obviam
2771 1613 2849 1664 ire
2899 1621 3168 1681 oporteat,
3202 1615 3423 1683 quales-

1851 1711 1955 1765 que
2007 1697 2077 1750 illi
2135 1713 2254 1753 csse
2309 1701 2540 1755 debeant
2595 1702 2685 1769 qui
2742 1703 2936 1756 divinae
2991 1706 3206 1772 pietatis
3260 1723 3422 1763 causa

1854 1790 2255 1856 persecutiones
2337 1793 2646 1860 patimuur,
2715 1794 2796 1846 vel
2847 1811 2967 1848 cum
3017 1798 3427 1869 quibusrunque

173 1904 282 1949 νοις
309 1884 689 1955 ἐμϐεϐηκότας
713 1887 825 1947 τοῖς
844 1895 865 1922 ι
885 1887 1014 1955 περὶ
1037 1884 1212 1955 ψυχῆς
1240 1885 1332 1937 καὶ
1367 1884 1636 1952 σώματος’
1655 1883 1748 1935 καὶ

1854 1877 2014 1930 animi
2049 1879 2395 1948 corporisque
2420 1881 2669 1948 periculis
2699 1882 3078 1938 conﬂictantur
3108 1905 3119 1938 :
3151 1897 3260 1941 tum
3289 1905 3426 1959 prae-

177 1978 404 2048 προσέτι
440 1976 617 2044 τούτῳ
660 1977 972 2040 καταδεῖξαι
1007 1977 1104 2043 τῆς
1141 1976 1388 2044 ὑπακοῆς
1422 1975 1642 2036 εὐκλεὲς
1688 1973 1749 2025 τὸ

174 2072 344 2134 τέλος,
380 2070 465 2123 ἵνα
493 2071 584 2122 καὶ
627 2071 786 2140 ἡμεῖς
810 2068 1019 2139 ἄριστοί
1050 2085 1111 2120 τε
1154 2068 1248 2119 καὶ
1283 2067 1436 2134 σοφοὶ
1465 2066 1574 2118 τῶν
1602 2065 1750 2134 αὐτῷ

173 2161 581 2229 πεπραγμένων
634 2157 992 2228 οἰκονομικῶς
1041 2155 1426 2227 εὐρισκώμεθα
1488 2154 1747 2223 μιμηταὶ,

174 2253 284 2315 τοῖς
315 2268 375 2303 τε
406 2251 608 2320 ἴχνεσιν
659 2249 823 2304 αὐτοῦ
873 2246 1293 2302 κατακολουθεῖν
1337 2246 1747 2310 σπουδάζοντες,

171 2345 264 2395 τὸν
291 2344 578 2413 εὐδόκιμον
608 2344 822 2414 ἀληθῶς
863 2343 1208 2413 διαζήσωμεν
1254 2341 1392 2411 βίον.
1423 2342 1542 2393 Ὀτι
1569 2342 1750 2393 τοίνυν

174 2436 477 2507 ἄθραυστον
510 2436 652 2506 ἔχειν
687 2437 953 2505 προσήκει
993 2436 1052 2487 τὸ
1100 2435 1354 2504 φρόνημα
1401 2434 1525 2494 τοὺς
1568 2427 1647 2495 οἷς
1685 2433 1750 2486 ἂν

172 2531 310 2592 ὅλως
347 2529 634 2598 προκέοιτο
667 2529 858 2581 παθεῖν
907 2528 1044 2597 ὑπέρ
1075 2544 1135 2593 γε
1171 2527 1267 2592 τῆς
1297 2528 1375 2586 είς
1422 2525 1583 2577 αὐτὸν
1617 2526 1752 2592 ἀγά·

177 2639 307 2690 πης,
339 2621 558 2672 καὶ-τὸν
597 2621 736 2690 ὑπὲρ
769 2620 866 2688 τῆς
915 2618 1195 2678 εὐσεϐείας
1231 2617 1472 2669 κίνδυνον
1497 2617 1751 2684 ἡγεῖσθαι

175 2712 345 2781 ζωὴν,
393 2711 453 2775 ἐξ
481 2704 559 2764 ὧν
598 2710 892 2781 ὑπέμεινεν
924 2710 1106 2772 αὐτὸς,
1140 2710 1395 2778 πέπραχέ
1424 2727 1481 2760 τε
1509 2709 1575 2760 δι’
1604 2709 1754 2777 ἡμᾶς

177 2802 556 2872 ἀνθρωπίνως,
603 2801 875 2870 διδάσκειν
909 2799 1179 2870 βούλεται.
1233 2799 1378 2868 Πλὴν
1425 2800 1526 2851 οὐκ
1561 2799 1753 2867 ἀφίησι

175 2895 306 2957 τοὺς
337 2894 756 2964 ἀνδριζομένους
788 2895 910 2962 εικῆ
961 2892 1365 2963 παραρῤίπτειν
1405 2891 1504 2953 τὰς
1544 2891 1752 2943 ἑαυτῶν

172 2987 377 3057 ψυχὰς,
410 2985 532 3039 οὐδὲ
581 2980 692 3038 οἷον
745 2984 1010 3054 μεθέντας
1054 2983 1340 3052 ἀτημελῶς
1375 2983 1434 3034 τὸ
1482 2983 1753 3052 πρακτέον

180 3078 277 3131 καὶ
300 3078 369 3128 τὰ
398 3077 464 3129 δι’
495 3068 570 3130 ὧν
598 3071 665 3144 ἦν
710 3073 857 3135 εἰκὸς
887 3071 1172 3137 σώζεσθαι,
1208 3074 1335 3140 παρ’
1366 3071 1554 3123 ἐλπίδα
1594 3071 1754 3139 μόνον

180 3167 497 3238 ἐκδέχεσθαι
541 3167 602 3218 τὸ
637 3168 746 3227 τοῖς
780 3162 1162 3217 ἐθελοκακοῦσι
1196 3160 1755 3214 δοκοῦν.’Λναπείθων

176 3261 238 3312 δὲ
269 3259 467 3330 μᾶλλον
493 3256 860 3310 συντείνεσθαι
889 3255 1217 3325 προσευχὰς,
1247 3253 1342 3306 καὶ
1375 3252 1751 3322 ἀκατάληκτον

181 3351 451 3403 ποιεῖσθαι
470 3348 567 3418 τὴν
589 3345 772 3419 [πρὸς]
801 3346 932 3398 Θεὸν
968 3345 1201 3396 ἱκετείαν
1219 3357 1267 3410 θ,
1292 3344 1463 3397 ταῦτα
1490 3343 1748 3407 διδάσκει,

173 3444 389 3512 δεήσεις
420 3459 476 3493 τε
512 3443 604 3492 καὶ
626 3437 906 3509 ἱκετηρίας
935 3438 992 3488 ὲν
1016 3438 1134 3499 ταῖς
1163 3435 1399 3504 ἡμέραις
1431 3435 1529 3504 τῆς
1554 3435 1755 3506 σαρκὸς

179 3533 347 3586 αὐτοῦ
377 3530 770 3600 προσαγηοχὼς
800 3528 933 3599 πρὸς
977 3527 1066 3580 τὸν
1099 3527 1396 3596 δυνάμενον
1423 3524 1616 3588 σώζειν
1654 3524 1755 3577 αὑ-

177 3625 272 3676 τὸν
306 3624 368 3674 ἐκ
393 3622 644 3674 θανάτου.

255 3810 344 3863 Μ’.
386 3811 530 3879 Ὅρα
565 3810 620 3862 δὲ
659 3812 806 3871 ὅπως
843 3809 935 3861 καὶ⁵
964 3805 1335 3875 ἀγιοπρεποῦς
1370 3803 1670 3865 ἐπιεικείας
1694 3803 1756 3855 τὸ

180 3903 372 3974 χρῆμα
423 3901 790 3972 μεμέστωται.
843 3900 916 3952 Τὸ
969 3901 1065 3970 μὲν
1104 3899 1213 3968 γὰρ
1249 3895 1757 3966 καταθρασύνεσθαι

182 3998 290 4049 τῶν
322 3993 663 4066 πειρασμῶν,
702 3991 925 4062 ἀνδρίας
970 3992 1068 4060 μὲν
1115 3991 1228 4059 ἔχει
1278 3989 1455 4054 δόξαν,
1507 3987 1654 4040 δοκεῖ
1701 3985 1758 4037 δέ

181 4105 298 4151 πως
325 4086 625 4158 ὑπεροψίας
654 4087 753 4137 οὐκ
781 4085 859 4146 είς
884 4083 1028 4135 ἅπαν
1056 4080 1422 4151 ἡμοιρηκέναι
1441 4095 1453 4106 ·
1473 4079 1535 4131 τό
1558 4095 1619 4146 γε
1654 4077 1758 4147 μὴν

179 4177 410 4231 δεδιέναι
447 4178 544 4247 μὲν
579 4176 675 4228 καὶ¹
722 4171 1142 4227 ὑποστέλλεσθαι
1175 4171 1372 4253 δοκεῖν,
1410 4170 1502 4222 καὶ
1549 4170 1758 4222 δεῖσθαι

181 4269 317 4323 Θεοῦ
368 4269 464 4322 τοῦ
518 4267 710 4331 σώζειν
775 4266 1087 4336 ἰσχύοντος,
1139 4263 1427 4325 εὐλαϐείας
1489 4261 1758 4332 ὑπόληψιν

182 4361 316 4430 ἔχει.
352 4360 505 4413 Ἐπεὶ
546 4360 634 4413 διὰ
661 4359 818 4412 ποίαν
849 4357 1026 4410 αἰτίαν
1059 4359 1171 4419 τοῖς
1204 4355 1380 4424 ἁγίοις
1417 4355 1754 4426 προστέταχε

178 4455 485 4525 μαθηταῖς·
524 4471 542 4502 ι
576 4452 745 4506 Ὅταν
791 4451 847 4504 δὲ
890 4451 1158 4504 διώκωσιν
1191 4450 1335 4517 ὑμᾶς
1382 4449 1439 4500 ἐν
1484 4451 1548 4517 τῇ
1605 4446 1754 4498 πόλει.

1853 1970 2059 2022 clarum
2092 1985 2307 2039 quoque
2331 1972 2652 2025 obedientia:
2690 1974 2846 2030 finem
2875 1976 2942 2030 ob
2968 1978 3154 2033 oculos
3187 1995 3387 2048 ponere
3408 2021 3425 2045 ,

1852 2076 1958 2129 quo
2005 2070 2060 2114 et
2120 2075 2215 2115 nos
2277 2077 2491 2130 quoque
2537 2066 2741 2118 strenui
2799 2067 3198 2138 prudentesque
3240 2087 3425 2125 eorum

1852 2169 1974 2222 qua:
2004 2156 2297 2209 secundum
2343 2157 2527 2210 carnis
2559 2158 3018 2226 dispensationem
3055 2162 3142 2216 ille
3174 2167 3425 2233 patravit,

1855 2246 2156 2300 imitatores
2211 2247 2436 2310 inventi,
2502 2249 2852 2319 vestigiisque
2898 2253 3135 2321 ejusdem
3191 2258 3431 2312 studiose

1855 2337 2186 2405 insistentes,
2230 2339 2392 2392 vitam
2427 2353 2550 2394 vere
2577 2341 2857 2410 probatam
2898 2345 3284 2414 transigamus.
3325 2349 3430 2405 Per

1852 2442 1914 2480 ea
1967 2427 2130 2497 igitur
2177 2444 2297 2497 quae
2351 2431 2464 2500 ipse
2510 2441 2570 2484 ut
2605 2435 2772 2486 homo
2804 2444 3031 2505 prepter
3060 2452 3156 2491 nos
3186 2438 3314 2494 fecit
3369 2459 3434 2495 ac

1854 2522 2098 2589 pertulit,
2153 2525 2439 2578 ostendere
2509 2525 2677 2578 voluit
2763 2525 2900 2591 illos,
2965 2529 3159 2597 quibus
3215 2542 3434 2601 propter

1857 2613 1972 2680 ejus
2001 2612 2343 2667 dilectionem
2393 2615 2670 2683 quidpiam
2722 2617 3008 2670 adversum
3047 2621 3285 2688 perferre
3308 2639 3436 2691 pro-

1858 2704 2088 2770 positum
2131 2714 2234 2769 est,
2278 2717 2511 2758 mentem
2568 2706 2816 2761 obtinere
2856 2706 3054 2764 debere
3120 2713 3328 2767 ﬁrmam
3381 2729 3437 2766 et

1859 2794 2265 2859 inconcussam,
2323 2811 2386 2849 ac
2437 2798 2708 2863 pericula,
2762 2814 2881 2866 quae
2943 2802 3220 2870 religionis
3270 2820 3433 2861 causa

1857 2886 2246 2954 suscipiuntur,
2299 2888 2464 2940 vitam
2513 2891 2803 2944 aestimare.
2874 2892 3254 2948 Verumtamen
3319 2915 3427 2951 non

1858 2978 2119 3045 permittit
2147 2977 2283 3031 virili
2323 2980 2515 3034 robore
2547 2982 2804 3048 preditos
2831 2985 3041 3040 animas
3073 2999 3198 3041 suas
3228 2997 3433 3042 temere

1859 3069 2112 3136 abjicere,
2164 3081 2255 3123 aut
2301 3073 2443 3140 quod
2492 3074 2758 3142 agendum
2800 3076 3090 3141 incumbit,
3136 3094 3230 3147 per
3265 3081 3437 3150 negli-

1785 3191 1829 3250 ε
1861 3165 2096 3230 gentiam
2125 3165 2444 3232 omittendo,
2473 3176 2528 3220 et
2558 3181 2653 3235 per
2692 3182 2814 3238 quae
2848 3170 2992 3249 salus
3035 3171 3314 3242 obtingere
3344 3189 3435 3242 po-

1863 3266 2001 3316 test.
2050 3268 2366 3327 ex5peetare
2397 3259 2569 3313 solum
2605 3271 2803 3328 praeter
2847 3277 2994 3330 spem
3047 3264 3188 3332 quod
3224 3265 3435 3320 libitum

1860 3349 1964 3402 erit
1994 3349 2225 3419 maligne
2250 3351 2554 3419 agentibus,
2610 3353 2702 3407 sed
2732 3354 2995 3409 hortando
3025 3356 3222 3422 potius.
3245 3367 3302 3410 ut
3329 3359 3434 3410 im-

1863 3439 2014 3508 pigre
2058 3441 2316 3510 precibus
2365 3443 2703 3509 incumbant,
2758 3445 2975 3515 Deoque
3003 3447 3124 3502 sine
3154 3448 3435 3504 intermis-

1861 3533 2014 3587 sione
2044 3533 2364 3602 supplicent,
2419 3536 2534 3590 haec
2563 3537 2738 3604 docet,
2771 3537 2895 3593 dum
2931 3539 2985 3594 in
3029 3538 3225 3596 diebus
3255 3543 3436 3598 carnis

1857 3636 1970 3677 suae
2015 3624 2081 3678 ad
2126 3639 2270 3690 eum,
2326 3627 2415 3695 qui
2463 3628 2678 3682 salvare
2712 3643 2740 3681 a
2778 3639 2949 3684 morte
2990 3630 3140 3685 illum
3201 3638 3434 3701 poterat,

1859 3729 2048 3785 preces
2082 3725 2135 3770 et
2173 3718 2594 3786 supplicationes
2629 3720 2868 3776 oﬂ‘erret.

1931 3794 2045 3862 XL.
2075 3807 2370 3862 Considera
2417 3825 2577 3877 porro
2609 3821 2666 3867 ut
2710 3826 2929 3870 sanctos
2957 3817 3289 3874 condecente
3319 3835 3436 3875 meo

1861 3898 2032 3953 destia
2099 3899 2482 3955 documentum
2545 3904 2646 3958 hoc
2708 3916 2940 3961 scatent.
3020 3909 3434 3968 Tentationibus

1861 3993 2003 4045 enim
2051 3993 2336 4047 audentius
2381 3995 2593 4049 obviam
2635 3997 2738 4061 ire,
2776 3997 3109 4056 fortitudinis
3139 4012 3225 4058 est
3273 4020 3437 4076 argu-

1864 4088 2125 4142 mentum,
2174 4083 2438 4150 superbiae
2488 4092 2666 4139 tamen
2719 4087 3028 4156 suspicione
3069 4106 3175 4144 non
3215 4094 3437 4148 omnino

1863 4185 2053 4224 carere
2098 4170 2344 4237 videtur;
2395 4177 2488 4227 sed
2521 4189 2737 4244 pavere,
2782 4186 2833 4230 et
2870 4175 3158 4235 formidine
3190 4184 3436 4239 contrahi

1860 4262 2054 4325 videri,
2085 4272 2140 4317 et
2175 4278 2365 4332 preces
2415 4265 2482 4319 ad
2527 4281 2651 4319 eum
2700 4267 2926 4325 fundere
2973 4270 3063 4339 qui
3101 4271 3311 4327 salvare
3343 4289 3438 4342 po-

1862 4362 1985 4418 test,
2022 4354 2122 4408 lIOC
2155 4354 2427 4424 religionis
2458 4365 2542 4410 est
2572 4372 2726 4427 opus.
2760 4359 2973 4430 Alioqui
3005 4363 3148 4416 enim
3179 4378 3277 4417 cur
3325 4365 3440 4434 ipse

1861 4444 2068 4497 sanctis
2110 4445 2370 4514 apostolis
2402 4447 2698 4515 prrecepit:
2751 4467 2768 4498 ι
2801 4448 2934 4503 Cum
2968 4465 3062 4504 vos
3103 4465 3439 4522 persequen-

182 4547 379 4617 ταύτῃ,
408 4543 639 4615 φεύγετε
672 4545 751 4605 είς
778 4542 874 4613 τὴν
904 4542 1128 4612 ὲτέραν;
1169 4559 1187 4590 ι
1227 4538 1350 4600 Πῶς
1386 4538 1443 4590 δὲ
1472 4539 1567 4591 καὶ
1588 4537 1754 4599 αὐτὸς

1865 4543 1950 4586 tur
1979 4534 2028 4585 in
2063 4549 2165 4586 una
2212 4535 2451 4598 civitate,
2504 4538 2669 4602 Fugite
2713 4539 2764 4591 in
2813 4539 2971 4593 aliam
3006 4541 3091 4594 3"?
3125 4562 3143 4593 ι
3185 4558 3281 4597 cur
3308 4547 3435 4601 item

179 4640 210 4690 ὀ
243 4640 516 4706 πάνσοφος
562 4636 794 4699 Παῦλος,
846 4635 1026 4688 καίτοι
1068 4633 1241 4699 λέγων
1286 4633 1417 4701 ἡμῖν
1468 4630 1751 4698 ἐναργῶς·

189 4750 208 4780 ι
248 4731 344 4794 Τίς
379 4730 530 4798 ἡμᾶς
563 4728 789 4796 χωρίσει
815 4725 922 4779 ἀπὸ
948 4727 1050 4791 τῆς
1094 4722 1313 4789 ἀγάπης
1344 4719 1438 4772 τοῦ
1476 4717 1752 4788 Χριστοῦς

185 4823 383 4890 θλίψις,
436 4822 469 4892 ἢ
521 4818 883 4888 στενοχωρία,
932 4817 963 4885 ἢ
995 4815 1234 4883 διωγμὸς
1259 4855 1272 4878 ,
1309 4814 1340 4882 ἢ
1371 4812 1560 4882 λιμὸς,
1593 4813 1625 4881 ἦ
1660 4829 1750 4879 γυ-
1799 4832 1802 4834 τ

186 4913 386 4984 μνότης
406 4955 419 4977 ,
449 4913 482 4982 ἢ
515 4910 755 4970 κίνδυνος
777 4949 791 4973 ,
823 4909 854 4978 ἢ
887 4909 1129 4978 μάχαιρα
1151 4923 1165 4970 ;
1195 4926 1212 4957 ι
1233 4906 1322 4959 τὸν
1343 4905 1442 4974 τῆς
1459 4905 1750 4975 Δαμασκοῦ

182 5004 574 5073 διαδιδράσκων
619 5001 942 5073 ἡγούμενον,
995 5000 1084 5052 διὰ
1124 5001 1223 5070 τῆς
1267 4999 1480 5066 θυρίδος
1520 4999 1752 5068 ὲχαλᾶτο

181 5096 270 5152 διὰ
316 5096 412 5150 τοῦ
458 5094 701 5164 τείχους;
735 5093 881 5145 Ἔδει
915 5092 1094 5144 τοίνυν
1130 5090 1332 5154 παντὸς
1383 5089 1588 5157 ἀγαθοῦ
1623 5088 1756 5142 καθ-

186 5189 394 5259 ηγητὴν
426 5185 519 5241 καλ
544 5185 863 5238 διδάσκαλον
891 5183 1054 5235 αὐτὸν
1076 5185 1207 5253 ἡμῖν
1240 5181 1636 5250 ἀναφανεῖσθαι
1666 5181 1755 5233 τὸν

187 5281 437 5351 Χριστόν.
491 5277 725 5348 Προσῄει
761 5276 860 5344 μὲν
898 5275 1005 5344 γὰρ
1042 5274 1179 5343 μετὰ
1225 5272 1474 5340 κραυγῆς
1529 5272 1755 5338 ἰσχυρᾶς

185 5373 279 5424 καὶ
309 5368 610 5440 ἱκετηρίας,
655 5369 729 5429 ώς
761 5365 880 5419 καθ’
928 5366 1072 5434 ἡμᾶς
1121 5361 1388 5430 γεγονώς·
1424 5359 1753 5430 εἰσηκούσθη

220 5527 263 5558 ⁸¹
298 5525 462 5579 llebr.
494 5539 548 5589 v,
583 5522 701 5576 7-9.
777 5522 820 5551 ⁸²
849 5519 870 5572 l
899 5519 1024 5574 Cor.
1057 5534 1131 5584 ιιι,
1161 5519 1213 5572 l.

1287 5517 1333 5548 ⁸³
1367 5517 1384 5571 l
1415 5517 1560 5571 Pctr.
1602 5531 1663 5582 tt,
1692 5514 1782 5568 ΞΟ.

1865 4625 2294 4696 sapientissimus
2317 4625 2540 4693 Paulus,
2569 4628 2656 4696 qui
2685 4627 2889 4683 diserte
2921 4630 3052 4685 dicit
3079 4649 3091 4685 :
3127 4651 3145 4684 ι
3180 4633 3316 4699 Quis
3343 4651 3441 4691 nos

1866 4720 2196 4788 separabita
2249 4719 2517 4772 charitate
2565 4719 2806 4774 Christi?
2859 4723 3173 4790 tribulatio,
3220 4743 3286 4780 an
3339 4744 3438 4782 an—

1859 4811 2074 4881 gustia,
2113 4828 2178 4865 an
2223 4812 2558 4882 persecutio,
2607 4828 2672 4864 au
2717 4813 2916 4880 fames,
2965 4831 3031 4870 an
3086 4818 3334 4886 uuditas,
3371 4837 3438 4874 au

1863 4903 2184 4974 periculum,
2225 4921 2290 4957 an
2322 4904 2534 4974 gladius
2558 4905 2644 4956 '3?
2679 4925 2696 4956 ι
2759 4908 3212 4963 Damascenorum
3259 4913 3440 4980 prafe-

1861 5007 2004 5050 ctum
2049 4997 2280 5064 fugiens,
2310 5012 2340 5051 e
2364 5012 2517 5050 muro
2542 5013 2636 5066 per
2665 4997 2956 5054 fenestram
2991 5017 3180 5070 passus
3210 5014 3293 5057 est
3321 5020 3440 5059 sese

1867 5087 2074 5141 demitti
2106 5086 2348 5141 “?Cum
2383 5088 2544 5157 igitur
2583 5092 2945 5145 necessarium
2979 5104 3122 5147 esset
3172 5104 3230 5147 ut
3303 5096 3441 5164 ipse-

1869 5187 1979 5231 met
2008 5175 2255 5231 Christus
2290 5177 2355 5232 ad
2387 5179 2614 5245 quodvis
2644 5179 2838 5233 bonum
2868 5195 3005 5249 opus
3035 5181 3220 5237 ducent
3250 5199 3309 5238 se
3338 5202 3436 5240 no-

1865 5266 1950 5320 bis
1981 5278 2480 5336 praeceptoremque
2528 5271 2830 5333 exhiberet,
2883 5272 3058 5327 valido
3101 5275 3334 5328 clamore
3385 5287 3442 5330 et

1865 5359 2254 5429 supplicatione
2307 5370 2561 5430 tanquam
2603 5363 2763 5418 homo
2807 5364 2872 5418 ad
2905 5363 3071 5420 Deum
3104 5371 3366 5435 accessit,
3407 5386 3445 5424 ιι

1857 5515 1904 5546 ⁸⁵
1937 5514 2124 5570 Matth.
2155 5531 2211 5580 ι,
2243 5517 2334 5570 25.
2414 5518 2456 5548 ⁸⁵
2494 5517 2650 5572 Rom.
2691 5535 2810 5584 vm,
2839 5520 2928 5574 55.
3010 5521 3057 5552 ⁸⁸
3079 5524 3203 5577 Act.
3240 5540 3314 5588 ix,
3343 5526 3438 5585 ‘25.

1290 5651 1465 5706 Varia:
1504 5651 1763 5707 lectiones
1787 5651 1986 5706 codicis
2012 5649 2373 5716 Seguieriaui.

195 5801 220 5831 ⁸
255 5791 616 5852 ἐκδεδωκότας
651 5789 876 5852 ἑαυτοὺς
901 5791 1032 5851 τοῖς.
1109 5799 1132 5827 ε
1168 5786 1326 5839 αὐτὸν
1354 5786 1582 5840 ἱκεσίαν.
