4092 6334
649 371 777 427 1591

1606 373 1664 428 S.
1705 366 1983 437 CYRILLI
2023 370 2494 432 ALEXANDRINI
2533 375 2843 431 ARCIIIEP.

3759 375 3899 433 1399

647 504 754 558 quo
800 487 961 544 etiam
1015 495 1270 560 tauquam
1307 505 1465 548 verus
1508 495 1872 562 naturalisquc
1905 493 2092 556 Filius.
2130 497 2220 564 qui

2326 499 2402 560 δὲ,
2454 498 2530 561 ὡς
2577 498 2733 567 φύσει
2765 498 2858 552 καὶ
2889 497 3102 567 ἀληθῶς
3140 499 3264 562 Υἱὸς
3316 501 3377 554 οὐ
3426 499 3896 570 παρακουόμενος.

646 580 915 650 repulsam
978 581 1083 650 pati
1144 597 1248 638 non
1297 594 1505 655 posset,
1563 587 1842 641 exauditus
1894 596 1999 640 est.
2064 589 2220 660 162

652 693 670 724 ι
711 673 818 741 Ego
859 674 1026 735 enim,
1077 674 1270 744 inquit,
1312 679 1546 732 sciebam
1594 677 1715 743 quia
1765 691 1980 746 semper
2009 696 2094 733 me
2123 697 2220 733 au-

647 769 731 820 dis
762 765 830 819 ⁸⁷.
867 785 885 816 ι
934 765 1002 822 Ut
1033 768 1173 822 enim
1226 781 1440 824 nostras
1471 782 1655 837 preces
1698 767 1806 822 Deo
1841 771 2087 825 redderet
2131 787 2222 828 ac-

646 869 851 928 ceptas,
890 859 1002 930 ipse
1029 861 1234 929 primus
1263 876 1370 913 rem
1397 874 1621 914 exorsus
1644 871 1745 928 est,
1777 871 2032 930 paternas
2061 878 2220 918 aures

649 958 750 1014 bac
780 959 987 1013 ratione
1020 960 1269 1012 Immanze
1303 966 1509 1012 naturae
1544 955 1941 1025 quodammodo
1974 956 2220 1026 aperiens

645 1052 1010 1122 dilatansque,
1052 1060 1106 1106 et
1153 1065 1340 1105 eorum
1399 1047 1563 1112 votis,
1604 1048 1695 1118 qui
1741 1048 1882 1103 illius
1919 1063 2076 1101 causa
2121 1045 2219 1097 ali-

643 1144 858 1214 quando
914 1143 1368 1212 periclitarentur,
1419 1139 1606 1195 faciles
1664 1150 2049 1210 promptasmie
2106 1136 2218 1190 clli-

641 1238 812 1290 cieus.
847 1234 954 1290 Nos
1003 1234 1182 1302 itaque
1225 1233 1340 1301 ipso
1387 1231 1551 1285 veluti
1586 1232 1636 1285 in
1665 1231 1836 1286 altero
1881 1227 2093 1297 generis
2121 1241 2217 1279 no-

641 1329 738 1382 stri
792 1327 1058 1395 principio
1091 1341 1328 1387 eramus.
1371 1327 1460 1394 qui
1495 1324 1674 1379 valido
1702 1339 1822 1377 cum
1870 1321 2108 1374 clamore
2163 1327 2219 1373 et

645 1420 894 1491 lacrymis
916 1458 931 1482 ,
961 1428 1018 1472 ut
1051 1418 1239 1471 mortis
1273 1417 1556 1485 imperium
1587 1417 1640 1469 in
1669 1414 1824 1468 nobis
1867 1411 2175 1465 aboleretur
2197 1450 2214 1476 ,

642 1525 693 1568 et
728 1516 831 1567 vita
869 1523 1075 1566 natura:
1123 1519 1322 1565 nostra:
1349 1511 1620 1579 quondam
1661 1508 1856 1563 donata
1900 1506 2077 1561 denuo
2121 1505 2216 1559 lir-

645 1615 905 1668 maretur,
935 1603 1095 1658 enixe
1122 1601 1566 1672 clllagitabamus.

716 1691 848 1746 XLI.
884 1691 1053 1745 Porro
1090 1701 1291 1753 autem,
1333 1690 1475 1760 quod
1520 1689 1927 1759 obtemperandi
1962 1688 2070 1741 Deo
2105 1697 2217 1743 stu-

641 1786 784 1840 dium
854 1783 1112 1853 praclara
1192 1784 1439 1838 mercede
1502 1793 1779 1852 pensetur,
1842 1782 2216 1850 illustremque

639 1876 841 1929 exitum
898 1873 1180 1939 sortiatur,
1235 1875 1337 1928 ltoc
1373 1887 1438 1928 ex
1473 1873 1590 1942 ipso
1637 1875 1826 1928 eodem
1877 1888 2093 1928 rursum
2137 1873 2219 1926 di-

639 1981 791 2021 scere
821 1965 966 2020 licet.
1016 1983 1035 2016 ι
1068 1965 1147 2018 Ex
1195 1965 1299 2029 bis,
1338 1965 1532 2034 inquit,
1567 1981 1686 2036 quzc
1716 1981 1908 2036 passus
1940 1977 2043 2028 est,
2077 1966 2218 2020 didi-

638 2061 714 2113 cit
737 2058 1094 2113 obedientiam
1127 2057 1193 2109 ”.
1235 2076 1254 2108 ι
1285 2056 1436 2122 Quod
1469 2058 1691 2126 perinde
1722 2069 1822 2122 est,
1856 2073 1920 2112 ac
1954 2060 1996 2113 si
2028 2059 2172 2113 dicat
2199 2075 2213 2111 :

646 2170 664 2204 ι
705 2150 1021 2204 Humiliavit
1055 2149 1425 2218 semetipsum,
1457 2150 1629 2204 lactus
1657 2151 1917 2205 obedieus
1949 2164 2117 2219 usque
2149 2151 2216 2204 ad

638 2249 892 2299 mortem,
944 2246 1168 2291 mortem
1214 2250 1392 2290 autem
1441 2240 1617 2292 erucis
1649 2238 1715 2292 '9.
1772 2258 1790 2290 ι
1832 2236 2216 2294 Verumtamen

637 2332 692 2385 in
724 2344 784 2384 ea
816 2329 1119 2398 abjectione
1151 2339 1204 2381 et
1239 2328 1545 2383 lnnuilitate
1574 2345 1676 2380 non
1717 2331 2009 2398 permansit
2041 2348 2054 2384 :
2091 2347 2212 2385 nam

638 2422 1073 2491 superexaltatus
1124 2431 1228 2485 est,
1272 2422 1509 2486 nomine,
1559 2423 1704 2491 quod
1739 2436 1900 2488 super
1935 2437 2094 2476 omne
2121 2439 2217 2476 no-

636 2529 783 2587 men,
834 2523 1054 2582 accepto
1082 2512 1147 2567 ”.
1183 2515 1426 2565 llumaua
1467 2514 1684 2582 quidem
1715 2526 1798 2567 est
1830 2515 1985 2582 hujus
2028 2516 2218 2570 dictio-

637 2605 722 2658 nis
762 2604 928 2672 ligura
954 2620 967 2655 :
997 2617 1180 2656 verum
1212 2604 1421 2656 illustre
1447 2605 1599 2656 nobis
1627 2604 1930 2672 exemplum
1966 2605 2052 2658 hic
2091 2621 2216 2673 pro-

636 2698 886 2766 ponitur;
927 2697 1232 2750 ostcnditur
1261 2696 1404 2748 enim
1435 2696 1796 2749 obedientiam
1828 2705 1883 2750 et
1922 2696 2214 2763 gloriosam

636 2798 691 2842 et
712 2787 1067 2843 admiratione
1099 2786 1314 2854 dignam
1370 2795 1424 2839 et
1458 2786 1720 2840 bonormn
1754 2787 1992 2839 omnium
2033 2787 2217 2840 conci-

637 2877 899 2932 liatricem
947 2891 1088 2932 esse.
1117 2875 1268 2941 Quod
1302 2876 1465 2946 igitur
1491 2877 1807 2932 Emmanuel
1837 2895 1944 2933 non
1985 2889 2109 2933 ante
2138 2881 2218 2932 in-

635 2969 1029 3045 carnationem,
1084 2970 1179 3023 sed
1229 2968 1282 3021 in
1338 2969 1526 3022 diebus
1567 2969 1749 3022 carnis
1807 2985 1916 3023 sua:
1963 2968 2218 3039 (quando

637 3062 916 3126 nimirum,
949 3061 1084 3115 citra
1122 3061 1283 3114 ullam
1329 3073 1534 3125 notam,
1571 3062 1816 3131 citraque
1853 3077 2070 3117 omnem
2102 3078 2218 3117 om-

2333 611 2348 640 ι
2375 590 2515 659 Ἐγὼ
2545 591 2674 662 γὰρ,
2710 591 2892 662 φησιν,
2926 589 3070 661 ᾔδειν
3103 591 3184 644 ὅτι
3224 593 3452 646 πάντοτὲ
3483 610 3584 662 μου
3613 591 3891 654 ἀκούεις.»

2326 684 2445 738 Ἵνα
2487 685 2596 755 γὰρ
2626 686 2719 738 καὶ
2762 684 2860 748 τὰς
2886 682 3044 754 ἡμῶν
3074 687 3381 755 προσευχὰς
3414 687 3607 748 δεκτάς
3642 683 3899 753 γενέσθαι

2325 779 2753 850 παρασκευάσῃ,
2790 777 2951 829 πάλιν
2986 773 3148 839 αὐτὸς
3179 777 3484 848 ἀπάρχεται
3510 779 3602 832 τοῦ
3634 779 3900 846 πράγμα-

2321 884 2433 928 τος,
2488 867 2767 939 μονονουχὶ
2800 861 3146 936 κατευρύνων
3174 871 3239 937 τῇ
3271 870 3557 938 ἀνθρώπου
3604 872 3763 941 φύσει
3795 870 3901 937 τὴν

2321 957 2416 1010 τοῦ
2449 960 2657 1028 Πατρὺς
2692 961 2879 1032 ἀκοὴν,
2914 956 3009 1013 καὶ
3045 951 3156 1011 οἷον
3182 959 3538 1032 ἑτοιμοτάτην
3569 963 3899 1034 παρατιθεὶς

2320 1051 2439 1112 ταῖς
2483 1051 2589 1102 τῶν
2641 1054 2710 1106 δι’
2755 1055 2918 1108 αὑτὸν
2968 1051 3385 1105 κινδυνευόντων
3428 1053 3633 1122 εὐχαῖς.
3683 1053 3900 1108 Οὐκοῦν

2320 1139 2483 1208 ἡμεῖς
2524 1136 2667 1212 ἦμεν
2711 1146 2770 1198 ὲν
2803 1142 2972 1215 αὐτῷ,
3014 1142 3263 1214 καθάπερ
3308 1144 3366 1196 ὲν
3400 1144 3622 1214 ἀπαρχῇ
3661 1146 3896 1218 δευτέρᾳ

2317 1228 2414 1283 τοῦ
2456 1231 2667 1298 γένους,
2716 1237 2765 1287 οἱ
2795 1237 2931 1306 μετά
2967 1236 3213 1308 κραυγῆς
3245 1234 3470 1305 ἰσχυρᾶς
3504 1236 3596 1288 καὶ
3627 1237 3726 1290 οὐκ
3761 1239 3898 1291 ἀδα-

2319 1324 2478 1394 κρυτὶ
2524 1328 2972 1398 προσευχόμενοι,
3023 1329 3116 1380 καὶ
3175 1325 3236 1380 τὸ
3268 1323 3363 1379 τοῦ
3413 1327 3644 1379 θανάτου
3692 1329 3897 1397 κράτος

2319 1419 2731 1489 καταργηθῆναι
2763 1421 3229 1491 παρακαλοῦντες,
3261 1421 3476 1490 ἰσχύσαι
3506 1421 3560 1473 δὲ
3597 1419 3692 1491 τὴν
3724 1419 3894 1491 ζωὴν,

2317 1511 2418 1582 τὴν
2445 1511 2540 1564 καὶ
2573 1513 2742 1566 πάλαι
2769 1518 2836 1586 τῇ
2877 1514 3035 1584 φύσει
3069 1511 3470 1586 δεδωρημένην.

2389 1685 2666 1741 ΜΛ’.⁰Ὀτι
2692 1687 2748 1742 δὲ
2780 1689 2843 1742 τὸ
2877 1687 3185 1743 ὑπακοῦσαι
3215 1687 3335 1758 Θεῷ
3362 1689 3618 1762 λαμπρὸν
3647 1688 3738 1741 καὶ
3769 1688 3900 1742 ἀπό-

2322 1778 2550 1832 6).επτον
2593 1778 2705 1849 ἔχει
2752 1781 2812 1833 τὸ
2845 1782 3037 1852 πέρας,
3080 1779 3155 1843 ὡς
3198 1781 3255 1831 ὲν
3286 1780 3434 1851 αὐτῷ
3463 1781 3528 1852 δὴ
3562 1782 3720 1834 πάλιν
3763 1779 3897 1851 ὸψότ

2324 1872 2483 1944 μεθα.
2517 1890 2535 1923 t
2580 1871 2695 1940 Ἀφ’
2729 1866 2805 1926 ὧν
2836 1875 2966 1944 γὰρ,
3008 1873 3191 1944 φησιν,
3221 1870 3438 1936 ἔπαθεν,
3462 1868 3628 1942 ἔμαθε
3661 1874 3762 1944 τὴν
3791 1874 3899 1925 ὑπ-

2319 1966 2505 2034 ακοήν.
2541 1982 2562 2016 ι
2592 1964 2818 2031 Ὅμοιον
2858 1966 2964 2036 γὰρ
2991 1965 3067 2027 ὡς
3115 1965 3162 2016 εἰ
3191 1963 3336 2030 λέγοι
3367 1963 3557 2032 τυχόν·
3595 1985 3612 2014 ι
3635 1965 3899 2017 Τεταπεί-

2318 2073 2491 2112 νωκεν
2540 2054 2749 2119 ἑαυτὸν,
2799 2056 3092 2126 γενόμενος
3139 2055 3378 2125 ὑπήκοος
3427 2055 3586 2124 μέχρι
3635 2055 3895 2122 Θανάτου,

2320 2149 2550 2201 θανάτου
2580 2146 2635 2198 δὲ
2667 2146 2924 2216 σταυροῦ.
2963 2166 2981 2196 ι
3024 2146 3163 2199 Ἀλλ’
3194 2147 3254 2198 ού
3286 2147 3563 2217 μεμένηκε
3596 2147 3856 2208 ταπεινός
3879 2166 3894 2176 ο

2321 2236 2652 2309 ὑπερυψώθη
2703 2237 2811 2308 γὰρ
2850 2237 3032 2291 λαϐὼν
3065 2239 3235 2308 όνομα
3267 2239 3328 2290 τὸ
3367 2239 3504 2310 ὑπὲρ
3550 2239 3655 2292 πᾶν
3699 2237 3896 2307 δνομα.

2333 2327 2694 2400 Ἀνθρώπινον
2722 2329 2821 2398 μὲν
2842 2327 2935 2381 τοῦ
2959 2328 3118 2396 λόγου
3143 2329 3203 2380 τὸ
3232 2329 3433 2398 σχῆμα,
3460 2330 3678 2401 ἄριστός
3696 2343 3756 2398 γε
3787 2327 3896 2399 μὴν

2320 2423 2400 2483 εἰς
2447 2421 2593 2490 ἡμᾶς
2639 2421 2667 2471 6
2717 2417 2812 2471 τοῦ
2848 2419 3176 2489 πράγματος
3223 2419 3414 2483 τύπος,
3459 2422 3652 2474 εὐκλεᾶ
3698 2434 3756 2472 τε
3799 2421 3899 2472 καὶ

2319 2510 2651 2577 ἀξιὰγαστον
2682 2509 2999 2577 ἀποφαίνων
3033 2507 3130 2578 τὴν
3161 2509 3427 2579 ὑπακοὴν,
3453 2511 3659 2564 καὶτοῦ
3690 2510 3898 2571 παντὸς

2321 2603 2451 2670 ἡμῖν
2483 2602 2739 2670 πρόξενον
2769 2599 2996 2668 ἀγαθοῦ.
3030 2599 3211 2661 Τύπος
3227 2597 3320 2652 οὖν
3349 2600 3458 2670 ἄρα
3486 2604 3577 2654 καὶ
3605 2603 3899 2672 ὑπογραμ-

2323 2693 2422 2762 pb;
2455 2693 2533 2754 εἰς
2561 2695 2709 2761 ἡμᾶς
2734 2693 2794 2744 τὸ
2831 2692 2966 2762 μετὰ
3000 2693 3246 2763 κραυγῆς
3278 2694 3505 2762 ἰσχυρᾶς
3528 2695 3620 2745 καὶ
3645 2695 3900 2762 δακρύων

2320 2781 2715 2851 προσεύχεσθαι
2747 2783 3139 2853 πειραζόμενον
3169 2785 3260 2836 τὸν
3304 2784 3672 2853 Ἑμμανουὴλ,
3701 2786 3762 2836 οὐ
3790 2784 3902 2855 πρὸ

2319 2880 2416 2946 τῆς
2449 2876 2944 2948 ὲνανθρωπήσεως,
2977 2877 3089 2929 ἀλλ’
3121 2879 3179 2928 ἐν
3209 2879 3330 2938 ταῖς
3367 2877 3605 2947 ἡμέραις
3631 2879 3731 2947 τῆς
3764 2895 3902 2948 σαρι-

2321 2970 2413 3033 κὺς
2444 2969 2632 3036 αὑτοῦ,
2658 2972 2744 3024 ὅτε
2773 2972 2867 3024 καὶ
2892 2969 3049 3023 τοῦτο
3079 2970 3213 3040 δρᾷν
3248 2968 3596 3039 ἀνεγκλήτως
3626 2971 3776 3040 ἐξῆν,
3807 2971 3900 3025 οὐ·

2320 3065 2408 3117 δὲν
2435 3065 2514 3126 εἰς
2544 3065 2642 3133 τὴν
2672 3063 2772 3133 τῆς
2825 3063 3081 3134 θεότητος
3111 3060 3466 3131 ἀδικούμενον
3498 3060 3678 3128 δόξαν,
3714 3063 3894 3132 ἀφιείο

637 3151 769 3205 nino
803 3151 995 3205 divina!
1031 3151 1214 3220 gloriae
1248 3166 1359 3205 suae
1399 3151 1648 3221 iujuriam
1687 3149 1864 3208 facere
1899 3153 1951 3206 id
1986 3153 2215 3220 licebat;

2325 3175 2424 3227 σης
2458 3156 2513 3208 δὲ
2548 3156 2752 3226 μᾶλλον
2786 3157 2915 3209 αὖτό
2941 3155 3099 3208 τοῦςο
3130 3154 3262 3223 δρᾷν
3289 3155 3390 3222 τῆς
3421 3155 3560 3223 μετά
3590 3155 3794 3223 σαρκὸς
3821 3155 3901 3205 οξ-

637 3244 746 3297 imo
775 3258 900 3297 vero
927 3244 1143 3311 quando
1185 3244 1514 3312 dispensatio
1558 3259 1681 3298 cum
1715 3259 1881 3298 carne
1923 3244 2036 3299 ﬁeri
2075 3242 2218 3299 istud

636 3335 1019 3405 permittebat:
1066 3335 1265 3404 alioqui
1307 3337 1449 3389 enim
1496 3337 1766 3405 quomodo
1819 3335 1929 3390 vita
1983 3347 2216 3390 mortem

640 3427 943 3482 timuisset?
991 3432 1011 3496 )
1060 3437 1300 3481 tentatus
1352 3429 1824 3497 impugnatusque,
1872 3429 2050 3483 valido
2091 3439 2214 3483 cum

637 3518 875 3574 clamore
898 3529 952 3572 et
997 3518 1249 3590 lacrymis
1283 3520 1459 3573 oravit
1493 3535 1508 3574 :
1543 3517 1594 3574 id
1625 3519 1780 3575 nobis
1813 3520 1880 3575 ad
1907 3521 2213 3590 exemplum

638 3614 780 3681 quod
825 3612 1096 3666 imitemur
1127 3651 1144 3678 ,
1180 3613 1510 3682 propositqu
1545 3628 1666 3668 esse
1699 3612 2014 3667 existimare
2052 3613 2217 3666 debe-

640 3720 779 3760 mus.
836 3703 968 3757 Nam
1023 3719 1146 3758 cum
1200 3704 1314 3772 ipse
1359 3719 1454 3758 nos
1501 3705 1552 3758 in
1610 3704 1865 3772 periculis
1913 3703 2042 3756 velit
2096 3717 2218 3757 esse

638 3811 799 3862 quam
829 3795 1272 3858 animosissimos,
1304 3810 1600 3863 eorumque
1640 3795 1815 3849 minas
1846 3813 1864 3846 ι
1897 3790 1987 3864 qui
2019 3807 2219 3862 corpus

643 3898 849 3941 tantum
879 3883 1235 3954 occiduntW,
1265 3905 1283 3938 ›
1317 3897 1668 3941 contemnere
1689 3887 1877 3956 jubeat
1907 3904 1920 3939 :
1949 3884 2216 3956 quomodo

640 3979 1007 4048 deprehensus
1038 3991 1182 4035 esset
1216 3975 1352 4034 allici
1383 3979 1612 4034 timore?
1657 3987 1750 4032 aut
1783 3975 2052 4048 quomodo
2077 3978 2218 4031 vires

638 4085 745 4124 non
791 4072 1071 4126 habuisset
1100 4079 1326 4125 mortem
1366 4086 1392 4123 a
1425 4071 1636 4141 propria
1673 4082 1837 4124 carne
1890 4069 2212 4140 depellendi,

2323 3249 2614 3318 κονομίας·
2668 3249 2789 3300 ἐπεὶ
2821 3248 2941 3300 τίνα
2975 3247 3174 3316 τρόπον
3206 3243 3551 3314 κατεπτοήθη
3601 3242 3831 3298 θάνατον
3867 3249 3902 3316 ἡ

2321 3338 2470 3408 ζωή;
2512 3338 2568 3388 ’0
2596 3337 2652 3388 δὲ
2685 3337 2779 3390 καὶ
2810 3337 2955 3406 ἡμᾶς
2985 3334 3178 3395 αὐτοὺς
3209 3332 3528 3402 ἀποφαίνων
3571 3332 3903 3402 εὐτολμοτά-

2317 3441 2464 3493 τους,
2496 3430 2592 3482 καὶ
2620 3429 2792 3496 λέγων
2813 3447 2826 3460 -
2864 3449 2880 3479 ι
2924 3429 3017 3498 Mr‘,
3047 3427 3296 3496 φοϐεῖσθε
3329 3426 3436 3478 ἀπὺ
3483 3426 3592 3478 τῶν
3637 3427 3901 3478 ἀποκτει-

2324 3522 2523 3575 νόντων
2549 3521 2610 3572 τὸ
2637 3522 2795 3590 σῶμα
2814 3538 2826 3551 ·
2864 3541 2883 3570 ι
2925 3521 3040 3582 πῶς
3081 3520 3146 3571 ἂν
3179 3519 3291 3588 ἥλω
3320 3518 3507 3571 παθὼν
3539 3517 3634 3588 τὴν
3662 3517 3902 3580 δειλίαν;

2323 3613 2358 3682 ἢ
2390 3611 2506 3673 πῶς
2533 3611 2598 3664 ἂν
2629 3611 2858 3680 ὴτόνησε
2896 3611 2993 3680 τῆς
3035 3610 3170 3670 ἰδίας
3206 3607 3408 3680 σαρκὸς
3437 3607 3778 3677 ἀποσοϐῆσαι
3805 3609 3907 3660 τὸν

2325 3703 2575 3768 θάνατον,
2607 3705 2636 3756 6
2669 3703 2886 3756 πάντων
2916 3701 3079 3754 αὑτὸν
3112 3701 3375 3770 ἀφιστὰς,
3407 3703 3435 3753 ὁ
3469 3703 3564 3771 μιᾷ
3595 3705 3743 3770 φωνῇ
3772 3703 3907 3764 τοὺς

2323 3798 2381 3849 ὲν
2417 3797 2532 3858 τοῖς
2586 3795 2872 3865 μνημείοις
2902 3793 3142 3864 ἐγείρειν
3175 3793 3625 3862 ὑπισχνούμενος,
3667 3795 3761 3844 καὶ
3799 3794 3905 3845 οὐκ

2319 3884 2612 3955 ἀνέφικτον
2663 3886 2812 3956 αὑτῴ
2862 3889 2921 3940 τὸ
2969 3887 3160 3957 χρῆμα
3199 3885 3492 3948 δεικνύων;
3547 3884 3904 3954 Προσεφὼνει

2323 3979 2425 4049 μὲν
2471 3980 2580 4047 γὰρ
2625 3977 2867 4049 Λαζάρῳ
2936 3980 3068 4048 μέν·
3105 3997 3122 4028 ι
3153 3977 3323 4046 Δεῦρο
3357 3975 3491 4040 ἔξω·
3528 3995 3545 4026 ι
3579 3974 3658 4045 τῷ
3705 3976 3762 4028 δὲ
3801 3977 3906 4045 τῆς

2319 4071 2496 4143 χήρας
2530 4072 2660 4124 υίῶ·
2697 4092 2714 4123 t
2760 4070 3055 4136 Νεανίσκε,
3089 4071 3172 4123 σοι
3201 4071 3367 4139 λέγω,
3397 4071 3675 4141 ἐγέρθητι.
3718 4085 3736 4121 ι

637 4169 728 4238 qui
762 4167 832 4222 ab
876 4165 1129 4221 omnibus
1168 4164 1313 4218 illam
1361 4164 1635 4228 amolitur,
1673 4163 1764 4230 qui
1800 4162 1917 4217 sola
1960 4177 2092 4217 voce
2126 4177 2221 4217 eos
2259 4164 2350 4232 qui
2398 4165 2450 4218 in
2493 4165 2859 4218 monumentis
2899 4173 3047 4229 sunt,
3119 4177 3178 4217 se
3219 4162 3580 4218 excitaturum
3631 4161 3904 4230 promisit.

640 4269 694 4313 et
719 4275 779 4314 re
824 4261 937 4327 ipsa
995 4257 1046 4311 id
1099 4270 1158 4310 se
1207 4269 1370 4326 posse
1416 4253 1712 4308 declaravit
1759 4254 1846 4307 9‘?
1902 4246 2223 4308 Acclamans
2261 4255 2404 4308 enim
2461 4255 2715 4309 Lazaro:
2794 4274 2812 4306 ι
2846 4253 2978 4310 Veni
3039 4255 3184 4309 foras
3212 4256 3294 4319 ";
3326 4274 3344 4306 ι
3399 4261 3453 4308 et
3503 4255 3673 4308 vidua:
3749 4255 3858 4308 lilio

646 4371 665 4403 ι
697 4352 1050 4416 Adolescens,
1088 4347 1185 4402 tibi
1218 4347 1358 4410 dico,
1397 4361 1557 4414 surge
1596 4346 1642 4377 ’³
1675 4363 1687 4399 :
1731 4364 1750 4396 ›
1793 4355 2085 4415 utrumque
2115 4347 2299 4400 statim
2334 4346 2386 4400 in
2427 4347 2592 4400 vitam
2641 4349 2941 4402 revocavit.

711 4440 872 4499 XLII.
917 4441 1069 4509 Quod
1095 4440 1141 4495 si
1191 4440 1283 4510 qui
1332 4447 1476 4502 sunt,
1522 4437 1612 4507 qui
1659 4446 1845 4492 contra
1883 4434 2220 4505 Scripturam
2255 4439 2299 4493 D

642 4535 948 4592 temeritate
1001 4531 1234 4601 quadam
1293 4526 1450 4598 163
1504 4541 1669 4595 prave
1718 4525 2031 4590 sentientes,
2069 4523 2218 4576 illum

642 4643 740 4700 per
767 4643 825 4683 se
866 4624 1145 4695 vulgarem
1183 4631 1386 4676 tantum
1430 4620 1702 4674 hominem
1736 4617 2010 4673 exstitisse
2041 4617 2222 4671 dicere

644 4720 895 4782 audeant,
945 4714 1034 4786 qui
1083 4729 1147 4768 ex
1180 4726 1334 4768 sacra
1379 4711 1602 4780 Virgine
1644 4721 1795 4764 ortus
1823 4725 1945 4762 cum
1985 4709 2221 4761 clamore

645 4813 822 4867 valido
861 4819 917 4864 et
958 4808 1213 4879 lacrymis
1244 4819 1433 4875 preces
1473 4814 1527 4858 et
1553 4803 1976 4873 supplicationes
2027 4801 2222 4854 obtulit

647 4906 721 4958 illi
761 4903 851 4974 qui
887 4917 1008 4958 eum
1041 4917 1069 4954 a
1116 4907 1293 4953 morte
1351 4896 1580 4950 liberare
1635 4905 1860 4961 poterat,
1914 4909 1980 4949 ne
2030 4895 2221 4948 merito

645 4998 932 5066 quemdam
961 5009 1026 5048 ex
1059 4991 1263 5046 sanctis
1309 4989 1560 5057 apostolis
1596 4989 1708 5040 bam
1751 4987 1851 5042 sibi
1882 4986 2218 5040 oceinentem

647 5088 947 5144 audiveriut
1002 5105 1016 5140 :
1057 5105 1074 5137 ι
1126 5085 1188 5139 lli
1235 5095 1359 5139 sunt
1406 5083 1497 5149 qui
1554 5087 1836 5148 segregant
1879 5080 2223 5146 semetipsos,

649 5181 930 5242 animales,
967 5178 1213 5248 spiritum
1239 5193 1340 5230 non
1370 5173 1630 5229 habentes
1663 5172 1726 5223 ".
1765 5193 1782 5223 ι
1820 5170 2012 5236 Quaero
2043 5181 2221 5225 autem

649 5289 716 5328 ex
754 5273 879 5339 illis,
910 5273 1000 5342 qui
1047 5272 1162 5325 lucc
1206 5269 1418 5322 ellutire
1483 5281 1591 5320 non
1641 5265 1988 5327 erubescunt,
2045 5271 2224 5316 utrum

654 5364 1054 5421 Emmanuelem
1085 5378 1277 5434 purum
1317 5371 1521 5414 tantum
1550 5360 1821 5414 hominem
1853 5372 1973 5411 esse
2003 5355 2228 5409 omnino

653 5459 908 5521 sentiant,
959 5456 1047 5527 qui
1095 5455 1165 5510 ob
1210 5457 1260 5510 id
1309 5469 1471 5506 unum
1519 5465 1700 5521 parem
1745 5465 1867 5505 cum
1919 5451 2026 5508 Deo
2057 5449 2222 5504 Verbi

655 5550 970 5618 dignitatem
1012 5559 1066 5602 et
1106 5547 1480 5601 auctoritatem
1538 5546 1762 5598 sortitus
1810 5543 2040 5603 dicatur,
2086 5541 2230 5612 quod

1255 5722 1492 5777 "Hebr.
1555 5734 1607 5779 ν.
1664 5719 1715 5772 8.

1205 5794 1248 5826 ⁸³
1277 5793 1406 5846 Luc.
1439 5808 1531 5856 vn,
1572 5791 1654 5843 ll.

723 5725 764 5755 "
802 5724 1057 5784 Joangxt,
1086 5723 1175 5775 l2.

661 5795 712 5831 ”
745 5793 897 5850 Juan.
936 5810 1008 5856 xi,
1042 5795 1127 5847 45.
1205 5794 1248 5826 ⁸³
1277 5793 1406 5846 Luc.
1439 5808 1531 5856 vn,
1572 5791 1654 5843 ll.
1733 5791 1774 5821 ‘3‘
1813 5789 1962 5859 lude:
1999 5789 2081 5840 l9.

1822 5719 1864 5750 ⁸⁵
1904 5718 2131 5787 Philipp.
2182 5736 2238 5783 ιι,
2283 5719 2335 5773 8.

2399 4434 2533 4489 MB’.
2567 4437 2629 4488 El
2667 4432 2723 4489 δὲ
2755 4435 2816 4505 δή
2844 4455 2986 4501 τινες
3022 4431 3131 4491 εἷεν
3173 4438 3222 4490 οἱ
3263 4436 3566 4508 τολμῶντες
3595 4438 3796 4508 λέγειν,
3832 4442 3912 4507 ὡς

2327 4529 2474 4581 ἔστιν
2516 4527 2802 4600 ἄνθρωπος
2852 4527 3032 4592 ίδικῶς
3076 4531 3104 4582 6
3149 4531 3210 4584 ἐκ
3254 4531 3350 4600 τῆς
3397 4531 3559 4598 ἁγίας
3601 4531 3908 4601 Παρθένου,

2328 4620 2541 4690 δεήσεις
2570 4637 2626 4672 τε
2653 4621 2747 4672 καὶ
2791 4622 3072 4691 ἱκετηρίας
3103 4622 3240 4691 μετά
3268 4622 3514 4691 κραυγῆς
3546 4619 3776 4692 ἰσχυρᾶς
3814 4627 3914 4678 καὶ

2328 4707 2582 4779 δακρύων
2627 4711 3000 4780 προσενέγκας
3048 4713 3182 4782 πρὸς
3225 4713 3316 4766 τὸν
3370 4713 3665 4784 δυνάμενον
3713 4713 3914 4778 σώζειν

2330 4803 2494 4856 αὑτὸν
2529 4804 2592 4856 ὲκ
2619 4804 2870 4865 θανάτου,
2908 4805 3139 4874 μάλιστα
3171 4805 3267 4873 μὲν
3300 4807 3412 4868 τοῖς
3440 4806 3602 4876 ἱεροῖς
3633 4806 3913 4860 ἀπάδοντα

2329 4897 2622 4967 γράμμασι
2685 4896 2902 4965 φρονεῖν
2956 4896 3244 4966 ᾑρημένοι,
3302 4897 3527 4960 δικαίως
3580 4897 3916 4950 ἀκούσονται

2331 4988 2583 5055 λέγοντος
2609 4988 2791 5048 αὐτοῖς
2823 4988 2940 5050 ἑνὸς
2977 4988 3087 5039 τῶν
3112 4988 3281 5056 ἁγίων
3316 4988 3663 5042 ἀποστόλωνο
3695 5007 3714 5040 ι
3749 4983 3916 5043 Οὗτοί

2334 5079 2471 5132 εἰσιν
2497 5081 2545 5131 οἱ
2567 5078 2999 5150 ἀποδιορίζοντες
3028 5080 3268 5149 ψυχικοί,
3288 5082 3505 5150 πνεῦμα
3533 5081 3607 5150 μὴ
3633 5079 3871 5149 ἔχοντες.
3893 5101 3911 5127 ι

2333 5165 2466 5224 Εἶτα
2514 5169 2650 5240 πρὸς
2678 5171 2852 5241 τούτῳ
2902 5173 3215 5242 φραζόντων
3248 5176 3424 5226 ἐκεῖνο
3445 5189 3459 5202 ο
3511 5171 3741 5242 πότερόν
3776 5189 3914 5224 ποτε

2331 5261 2486 5330 ψιλὸν
2531 5261 2816 5330 ἄνθρωπον
2847 5257 2986 5315 εἷναί
3019 5282 3182 5333 φασιν
3216 5265 3398 5327 αὐτὸν,
3445 5263 3608 5334 ἤγουν
3659 5262 3918 5333 καθάπερ

2330 5359 2506 5409 εἰπεῖν
2539 5357 2966 5427 τεθαρρήκασιν,
2992 5358 3134 5427 ἔχειν
3159 5357 3254 5428 τὴν
3280 5357 3496 5428 ἰσότητα
3523 5359 3617 5426 τῆς
3639 5353 3797 5419 ἀξίας
3819 5360 3919 5408 καὶ

2329 5450 2429 5518 τῆς
2464 5449 2768 5511 αύθεντίας,
2803 5450 2901 5519 τῆς
2928 5451 3061 5520 πρός
3089 5467 3173 5518 γε,
3203 5451 3367 5518 φημὶ,
3397 5449 3487 5500 τὸν
3517 5449 3578 5499 ἐκ
3609 5446 3744 5498 Θεοῦ
3778 5447 3919 5499 Θεὸν

2333 5541 2526 5610 Λόγον,
2561 5542 2635 5605 ὡς
2664 5541 2809 5612 αὐτῷ
2839 5541 3215 5613 συνημμένον;
3252 5541 3313 5593 Εἰ
3354 5543 3448 5594 μὲν
3493 5536 3583 5592 οὖν
3625 5541 3920 5609 ἄνθρωπον

2440 5721 2485 5750 °°
2514 5720 2640 5775 ibid.
2680 5721 2731 5776 9.

2840 5722 2907 5753 σου
2965 5719 3154 5776 Matth.
3194 5738 3245 5786 ς,
3282 5721 3370 5775 9.8.
3450 5721 3488 5752 ⁹¹
3525 5718 3680 5775 Joan.
3716 5735 3770 5784 γ,
3816 5716 3918 5777 28.
