4092 6334
168 382 304 437 I393
981 387 1071 441 AD
1114 386 1414 444 REGINAS
1459 387 1543 441 DE
1586 388 1744 443 ItEC'l

1852 388 2005 445 FIDE
2048 386 2309 444 ORATIO
2351 386 2652 441 ALTERA.
3279 387 3413 442 I594

164 493 301 551 εἷναί
362 517 496 567 φασι
563 500 683 553 καθ’
734 502 881 571 ἡμᾶς
950 504 1131 573 ψιλὸν,
1190 504 1733 576 ἀνθρωπολατροῦσιν

1850 505 2093 560 ίηιηίιὶοτί
2138 505 2371 573 quodam
2436 503 2856 558 necessitudinis
2910 501 3121 557 vinculo
3161 502 3233 554 illi
3285 520 3415 557 con-

162 591 655 660 ὁμολογουμένως,
703 596 1133 663 προσκυνοῦντες
1195 597 1363 665 αὐτῷ.
1423 596 1733 667 Γέγραπται

1850 602 2054 661 iunctus
2098 598 2205 652 sit?
2238 598 2393 663 Quod
2450 598 2493 649 si
2541 610 2754 666 purum,
2802 595 3061 663 nobisque
3109 609 3203 664 per
3234 596 3415 649 omnia

162 684 289 753 γὰρ,
326 685 409 737 ὅτι
452 703 469 733 ι
511 684 716 755 Κύριον
763 687 856 740 τὸν
886 688 1016 741 Θεόν
1048 706 1140 741 σου
1170 690 1600 758 προσκυνήσεις,
1642 691 1737 742 καὶ

162 775 311 845 αὐτῷ
339 776 486 845 μόνῳ
516 775 853 847 λατρεύσεις.
890 798 908 830 r
931 781 994 831 Εί
1022 780 1078 832 δὲ
1109 780 1171 848 δὴ
1212 781 1390 846 φαῖεν,
1420 781 1503 832 ὃτι
1537 780 1736 849 κέκλη-

159 884 248 920 ται
291 866 428 935 πρὸς
483 868 704 940 ἰσότητα
756 870 855 941 τῆς
891 870 1066 936 ἀξίας,
1114 872 1285 941 ἤγουν
1317 872 1603 936 αὑθεντίας
1639 872 1738 940 τῆς

163 958 299 1026 πρὸς
328 957 465 1011 Θεὸν
511 961 713 1029 Λόγον·
763 958 883 1014 εἶτα
912 962 1161 1031 πρόσεισι
1190 961 1267 1032 τῷ
1294 962 1413 1033 Θεῷ
1443 964 1535 1017 καὶ
1564 964 1741 1033 Πατρὶ

161 1049 303 1115 μετὰ
330 1051 583 1119 κραυγῆς
621 1054 849 1121 ἰσχυρᾶς
873 1054 964 1105 καὶ
985 1051 1409 1123 δεδακρυμένος,
1438 1056 1531 1106 καὶ
1565 1054 1739 1105 δεῖται

162 1139 256 1191 τοῦ
295 1140 561 1207 σώζοντος
582 1160 595 1172 ·
626 1144 778 1197 οὐδέν
810 1145 923 1197 ἐστι
957 1144 1017 1197 τὸ
1059 1144 1268 1198 κωλύον
1316 1147 1410 1199 καὶ
1440 1145 1605 1200 αὑτοῦ
1642 1144 1739 1198 τοῦ

162 1230 337 1298 Λόγου
357 1233 416 1286 τὸ
436 1235 635 1305 μέτρον
650 1233 899 1288 τοσοῦτον
916 1236 1180 1308 ὑπάρχειν
1210 1237 1476 1301 ὑπονοεῖν,
1508 1240 1739 1309 ὅσονπερ

162 1322 227 1376 ἂν
282 1321 420 1379 εἶναι
478 1326 786 1380 πιστεύοιτο
836 1330 929 1381 καὶ
976 1330 1036 1382 τὸ
1078 1331 1170 1384 τοῦ
1204 1330 1337 1400 πρὸς
1383 1330 1544 1385 αὐτὸν
1590 1330 1742 1401 ἔχον-

161 1432 251 1478 τος
298 1416 397 1487 τὴν
446 1419 671 1488 ἰσότητα
703 1419 801 1488 τῆς
838 1421 1016 1487 ἀξίας,
1067 1423 1233 1491 ήγουν
1278 1421 1379 1488 τῆς
1430 1422 1738 1485 αὑθεντίας.

163 1507 374 1560 Οὐκοῦν
402 1509 601 1577 πρέποι
630 1510 695 1564 ἂν
731 1513 822 1564 καὶ
868 1512 1017 1582 αὐτῷ
1047 1512 1107 1565 τὺ
1139 1514 1370 1567 δεδιέναι
1402 1514 1654 1577 θάνατον,
1682 1514 1743 1568 τὸ

166 1597 411 1652 κίνδυνον
443 1599 769 1671 ὑφορᾶσθαι,
798 1604 858 1655 τὸ
892 1603 1103 1658 κλαίειν
1132 1606 1189 1657 ἐν
1229 1609 1577 1677 πειρασμοῖς,
1609 1606 1743 1660 καθ-

1838 689 2068 742 similem
2132 689 2402 743 hominem
2476 699 2683 743 tantum
2745 702 2868 742 esse
2935 688 3194 751 dixerint,
3268 696 3419 741 certe

1839 790 2030 845 aperto
2085 781 2529 850 anthropolatriae
2576 779 2803 836 crimine
2853 780 3217 841 tenebuntur,
3266 779 3416 832 ἰΙιιιιιι

1840 872 2145 927 adorantes.
2166 870 2437 942 Scriptum
2452 873 2722 928 estenim:
2752 872 3063 926 «Dominum
3094 873 3418 924 Deumtuum

1842 962 2113 1028 adorabis,
2145 972 2201 1017 et
2238 964 2310 1017 illi
2353 964 2449 1018 soli
2482 964 2686 1019 servies
2712 964 2779 1017 ".
2826 983 2844 1017 ι
2884 964 3034 1030 Quod
3061 964 3104 1016 si
3144 963 3317 1031 ipsum
3350 960 3414 1015 ad

1841 1055 2201 1123 aequalitatem
2227 1054 2504 1125 dignitatis
2535 1064 2590 1110 et
2615 1056 2949 1111 auctoritatis
2973 1069 3091 1108 cum
3126 1053 3215 1106 Dei
3240 1047 3421 1105 Verbo

1842 1158 2087 1201 evectum
2137 1150 2513 1217 respondeant,
2569 1164 2667 1203 nec
2709 1148 2779 1202 ob
2820 1148 2871 1201 id
2915 1158 3091 1201 tamen
3143 1142 3421 1215 prohiberi

1843 1239 2130 1307 quominus
2180 1238 2394 1292 Patrem
2435 1239 2608 1292 valido
2640 1253 2760 1293 cum
2807 1238 3046 1292 clamore
3080 1248 3133 1289 et
3170 1234 3423 1304 lacrymis

1844 1330 2023 1394 adeat,
2059 1330 2244 1398 illique
2297 1331 2387 1398 qui
2421 1332 2630 1383 salvare
2666 1338 2841 1399 potest
2876 1328 3096 1396 supplex
3131 1327 3252 1389 ﬁat;
3288 1322 3423 1377 nillil

1844 1423 2067 1478 omnino
2124 1423 2360 1477 obstabit
2422 1422 2709 1490 quominus
2774 1421 2944 1490 ipsius
2997 1432 3210 1488 quoque
3264 1414 3424 1470 Verbi

1846 1514 2086 1571 conditio
2136 1521 2285 1567 tanta
2330 1513 2693 1574 existimetur,
2742 1521 2941 1579 quanta
2998 1508 3114 1575 ejus
3173 1507 3262 1574 qui
3302 1520 3424 1559 cum

1852 1607 2025 1663 Verbo
2069 1606 2433 1675 aequalitatem
2475 1604 2756 1675 dignitatis
2805 1605 2919 1657 sive
2963 1601 3302 1655 auctoritatis
3328 1599 3426 1653 ha-

166 1689 386 1742 εστάναι
410 1690 467 1745 δὲ
500 1693 593 1745 καὶ
623 1694 681 1745 ἐν
706 1693 887 1765 ἐνδείᾳ
908 1694 1006 1764 τῆς
1043 1696 1173 1766 παρ’
1215 1697 1401 1768 ἐτέρου
1434 1698 1635 1767 χειρὸς,
1656 1696 1743 1751 ἵνα

1850 1702 1956 1755 bet.
2000 1700 2177 1766 Quare
2208 1707 2260 1753 et
2291 1698 2366 1752 illi
2398 1712 2615 1767 quoque
2646 1696 2931 1751 conveniet
2961 1706 3185 1748 mortem
3224 1693 3425 1747 exhor-

166 1781 259 1832 καὶ
282 1781 527 1853 σώζηται
550 1799 563 1813 ⁸
592 1785 685 1837 καλ⁸
715 1786 850 1855 πρὸς
870 1787 1079 1852 τούτοις
1104 1788 1184 1842 ἔτι
1214 1790 1307 1841 καὶ
1330 1790 1625 1859 μανθάνειν
1647 1789 1744 1859 τὴν

1851 1779 2084 1857 rescere,
2114 1790 2410 1861 periculum
2443 1791 2654 1853 timere,
2688 1790 2739 1843 in
2775 1788 3162 1844 tentationibus
3189 1787 3425 1855 plorare,

167 1867 415 1938 ὑπακοὴν
444 1869 511 1922 δι’
561 1863 637 1925 ὧν
680 1872 919 1927 πέπονθε
962 1878 1296 1947 πειρασθείς.
1358 1878 1520 1946 ’Λλλ’,
1568 1876 1744 1951 οἶμαι,

1850 1884 2076 1939 alterius
2116 1897 2220 1951 ope
2252 1891 2309 1936 ut
2334 1889 2579 1934 servetur
2606 1879 2871 1948 indigere,
2906 1890 3157 1946 expressa
3195 1874 3428 1943 denique

165 1958 321 2012 τοῦτό
364 1961 513 2015 ἐστιν
536 1963 568 2033 ἢ
601 1968 816 2036 φρονεῖν
840 1966 872 2035 ἢ
898 1967 1079 2033 λέγειν
1107 1970 1386 2041 ἀσύφηλον
1424 1972 1705 2035 παντελῶς
1724 1988 1740 2003 ’

1855 1976 2150 2032 tentatione
2173 1974 2533 2029 obedientiam
2575 1973 2803 2028 discere.
2835 1969 2997 2037 Atqui
3040 1977 3300 2023 extrema:
3332 1979 3429 2018 ve-

168 2050 451 2119 παναλκὴς
480 2054 589 2125 γάρ
622 2056 768 2108 ἐστιν
795 2057 823 2109 ὁ
848 2056 942 2109 τοῦ
975 2057 1108 2111 Θεοῦ
1144 2060 1318 2129 Λόγος
1342 2103 1356 2127 ,
1390 2064 1485 2116 καὶ
1509 2063 1741 2119 θανάτου

1852 2069 2019 2123 sauia:
2066 2066 2227 2122 fuerit
2280 2067 2394 2121 haec
2442 2065 2645 2119 sentire
2670 2063 2756 2117 vel
2787 2062 3006 2116 dicere:
3042 2070 3124 2114 est
3147 2059 3295 2113 enim‘
3331 2055 3426 2111 Dei

166 2141 455 2209 κρείττων,
486 2146 579 2198 καὶ⁵
613 2146 802 2200 παθῶν
830 2148 1114 2216 ἐπέκεινα,
1159 2154 1252 2204 καὶ
1296 2151 1497 2219 δειλίας
1530 2156 1744 2227 ἀνθρω-

1854 2160 2089 2216 Verbum
2129 2157 2489 2226 omnipotens,
2534 2164 2708 2210 morte
2737 2152 3009 2222 superius,
3059 2152 3229 2221 majus
3272 2149 3428 2207 deni-

167 2234 488 2303 ποπρεποῦς
519 2237 786 2308 ἀμέτοχος
822 2240 1123 2306 παντελῶς.
1152 2241 1314 2298 Ἀλλά
1346 2244 1453 2316 μὴν
1478 2247 1620 2301 οὕτω
1645 2250 1744 2319 μὲν

1850 2267 1958 2321 que
2000 2265 2159 2319 quam
2208 2259 2266 2303 ut
2311 2248 2607 2318 perpessio,
2656 2254 2754 2299 aut
2800 2243 2906 2299 ulla
2937 2242 3158 2297 omnino
3195 2242 3430 2296 humana

166 2322 382 2393 φύσεως
420 2322 580 2395 ἔχων,
627 2328 895 2381 πέπονθεν
940 2331 1080 2402 ὑπὲρ
1129 2333 1305 2403 ἡμῶν.
1355 2336 1567 2391 Οὐκοῦν
1617 2339 1740 2399 οὔτε

1859 2344 2090 2397 formido
2140 2342 2190 2395 in
2243 2342 2414 2410 ipsum
2464 2339 2660 2393 cadere
2705 2335 2903 2394 valeat.
2939 2335 3136 2390 Verum
3180 2333 3304 2387 licet
3330 2345 3433 2388 sua

164 2414 320 2482 ψιλὸς
365 2416 648 2487 ἄνθρωπος
690 2422 721 2474 ὁ
769 2421 1003 2491 Χριστὸς
1027 2460 1043 2487 ,
1083 2422 1207 2478 οὔτε
1257 2426 1497 2498 ἄσαρκος
1538 2431 1742 2499 Λόγος·

1858 2445 2048 2489 natura
2078 2432 2340 2503 ejusmodi
2372 2432 2463 2497 sit,
2494 2431 2666 2485 nostri
2697 2439 2873 2484 tamen
2908 2444 3069 2483 causa
3098 2444 3194 2483 eas
3225 2425 3434 2495 passio.

168 2506 389 2572 ἐνωθεὶς
420 2510 477 2562 δὲ
512 2511 715 2579 μᾶλλον
744 2517 812 2585 τῇ
852 2516 975 2569 καθ’
1011 2519 1160 2588 ἡμᾶς
1186 2520 1588 2593 ἁνθρωπότητι,
1637 2525 1743 2577 πά-

1855 2542 1952 2581 nes
1982 2525 2255 2580 sustinuit.
2296 2523 2478 2592 Itaque
2504 2537 2681 2592 neque
2719 2536 2885 2591 purus
2922 2530 3129 2574 tantum
3160 2522 3319 2574 homo
3347 2526 3433 2573 est

166 2598 251 2650 θοι
289 2599 356 2653 ἂν
383 2602 609 2665 ἀπαθῶς
641 2605 808 2676 σαρκὶ
840 2609 905 2680 τῇ
938 2607 1050 2678 ίδίᾳ
1079 2610 1147 2664 τά
1180 2610 1517 2680 ἀνθρώπινα.
1550 2614 1744 2683 Γέγονε

1854 2618 2128 2683 Christus,
2157 2631 2339 2684 neque
2366 2612 2601 2669 Verbum
2638 2622 2839 2668 nostra:
2872 2614 3055 2667 earnis
3085 2626 3301 2680 expers,
3334 2610 3431 2666 sed

166 2689 349 2741 τοίνυν
369 2693 448 2757 είς
481 2693 832 2752 ὑππύπωσιν
863 2699 944 2761 είς
973 2700 1120 2768 ἡμᾶς
1151 2700 1507 2772 ἀνθρωπίνως
1536 2706 1743 2766 ἐκεῖνοι.

166 2781 420 2855 καθάπερ
444 2785 581 2856 ἔφην
606 2788 663 2842 ἐν
688 2788 905 2859 ἀρχαῖς,
935 2790 1021 2843 ἵνα
1052 2795 1164 2853 τοῖς
1197 2793 1397 2864 ἴχνεσιν
1427 2797 1593 2851 αὑτοῦ
1646 2801 1744 2849 ἐπ-

167 2874 647 2946 ακολουθήσωμεν.
667 2879 837 2933 Τοῦτο
862 2881 971 2953 γὰρ
1001 2883 1275 2954 ἐποίησεν,
1306 2887 1523 2956 ἐφάπαξ
1552 2890 1744 2942 ἐαυτὸν

168 2968 565 3042 προσενέγκας.
626 2970 683 3027 Ὀ
734 2972 897 3043 νόμος
944 2973 1053 3045 γὰρ
1099 2976 1421 3047 καθίστησιν
1471 2981 1745 3052 ἀρχιερεῖς

167 3059 395 3128 ἔχοντας
423 3060 740 3117 ἀσθένειαν·
779 3066 807 3119 ὁ
847 3063 1003 3136 λόγος
1036 3067 1093 3121 δὲ
1122 3068 1222 3138 τῆς
1263 3070 1612 3141 ὁρκωμοσίας
1643 3073 1745 3143 τῆς

166 3151 316 3220 μετὰ
359 3151 449 3208 τὸν
488 3153 676 3225 νόμον,
712 3155 841 3210 Υίὸν
874 3159 955 3221 είς
983 3158 1073 3211 τὸν
1102 3160 1275 3214 αἰῶνα
1305 3162 1743 3236 τετελειωμένον,

168 3243 275 3313 μιᾷ
316 3243 420 3313 μὲν
461 3250 769 3320 προσφορᾷ,
813 3249 969 3321 δῆλον
1016 3252 1071 3305 δέ
1102 3253 1184 3307 ὅτι
1227 3254 1292 3324 τῇ
1334 3253 1423 3308 διά
1464 3256 1558 3310 τοῦ
1602 3258 1738 3312 ἰδίου

171 3330 541 3409 σώματος,
561 3358 578 3389 ι
599 3340 945 3395 τετελείωκεν
963 3346 1038 3408 είς
1056 3346 1115 3398 τὸ
1124 3346 1369 3418 διηνεκὲς
1383 3350 1509 3414 τοὺς
1524 3351 1746 3421 ἁγιαζο-

174 3424 405 3493 μένουςὸ
422 3428 624 3499 Κύριος
639 3432 795 3501 ἡμῶν
810 3433 1017 3504 Ἰησοῦς
1033 3438 1287 3507 Χριστός.
1304 3460 1423 3492 ι--ι
1436 3442 1746 3513 Προσκεκό·

169 3529 301 3581 μικε
334 3514 442 3585 γάρ
474 3516 668 3573 ἐαυτὸν
699 3520 836 3590 ὑπὲρ
874 3523 1073 3591 ήμῶνδ
1108 3526 1188 3588 είς
1216 3527 1391 3597 ὀσμὴν
1418 3528 1645 3590 εὐωδίας
1670 3528 1748 3600 τῷ

170 3600 292 3671 Θεῷ
314 3602 408 3655 καὶ
439 3603 664 3675 ﬂat-pl,»
686 3609 779 3659 καὶ
806 3611 1126 3665 τετελείωκε
1160 3615 1363 3684 νοητῶς
1392 3616 1483 3670 διὰ
1509 3618 1749 3682 πίστεως

173 3692 268 3744 καὶ
305 3692 602 3765 ἀγιασμοῦ,
630 3698 807 3751 καίτοι
832 3700 930 3771 τῆς
960 3705 1189 3775 νομικῆς
1217 3706 1478 3779 λατρείας
1508 3709 1745 3763 τελειού-

175 3800 275 3853 σης
307 3785 479 3841 οὐδέν.
528 3788 817 3863 Τοιγάρτοι
850 3793 1151 3863 κατέληξαν
1198 3798 1294 3867 μὲν
1337 3800 1387 3851 οἱ
1420 3800 1615 3867 τύποι,
1652 3802 1748 3855 καὶ

176 3877 451 3934 πέπαυται
501 3884 602 3952 τῆς
642 3884 893 3955 Λρχαίας
926 3886 1203 3959 Διαθήκης
1258 3889 1319 3943 τὸ
1374 3892 1630 3964 ἀνόνητον
1689 3896 1748 3948 ἐν

176 3972 388 4033 σκιαῖς·
436 3971 627 4042 γέγονε
657 3974 712 4027 δὲ
742 3978 1057 4047 ἀναγκαίως
1104 3982 1455 4055 ἐπεισαγωγὴ
1499 3988 1748 4056 κρείττο-

175 4076 264 4124 νος
290 4061 524 4127 ἐλπίδος,
567 4066 634 4119 δι’
663 4061 730 4140 ἦς
757 4070 1048 4142 ἐγγίζομεν
1068 4072 1158 4143 ..τῷ
1187 4074 1325 4145 Θεῷ,
1365 4079 1744 4147 μεσιτεύοντος

298 4153 573 4226 Χριστοῦ,
614 4159 707 4211 καὶ
744 4160 813 4213 ,ἐν
858 4162 1009 4228 τάξει
1055 4167 1338 4234 γεγονότος
1384 4170 1743 4245 ἀρχιερατικῇ

175 4241 263 4296 διά
291 4262 373 4299 τοι
396 4246 495 4317 τὴν
518 4248 654 4320 πρὸς
690 4251 836 4320 ἡμᾶς
864 4252 1143 4323 ὁμοίωσιν.

1858 2709 2091 2764 Verbum
2147 2717 2344 2760 nosme
2393 2716 2597 2759 natura:
2627 2704 2860 2769 unitum,
2888 2703 3181 2758 secundum
3211 2717 3269 2758 se
3313 2700 3436 2771 qni-

1859 2803 1978 2856 dem
2052 2800 2368 2868 impatibile,
2433 2798 2664 2851 humana
2726 2807 2903 2851 autem
2955 2797 3164 2865 patiens
3226 2796 3278 2848 in
3334 2807 3435 2848 sua

1860 2906 2044 2947 carne.
2094 2892 2223 2956 Quae
2258 2891 2419 2959 igitur
2451 2900 2508 2943 ut
2555 2890 2714 2943 homo
2766 2887 2987 2957 pertulit
3038 2902 3098 2942 ea
3134 2887 3235 2957 (ut
3268 2886 3432 2956 paulo

1856 2995 1984 3038 ante
2022 2982 2381 3050 dicebamus),
2418 2981 2647 3037 nobisin
2696 2981 2997 3049 exemplum
3041 2988 3431 3050 proponuntur,

1857 3091 1963 3147 quo
1998 3076 2253 3130 nimirum
2299 3075 2540 3145 vestigiis
2590 3074 2733 3130 illius
2780 3074 3093 3127 insistamus
3118 3073 3231 3142 qui,
3267 3072 3433 3127 semel

1856 3184 1919 3224 se
1947 3166 2198 3233 oll‘ercns,
2232 3180 2343 3222 rem
2372 3175 2539 3221 totam
2568 3164 2822 3220 confecit.
2859 3166 3002 3219 Sane
3034 3164 3115 3217 lex
3152 3166 3435 3232 pontiticcs

1845 3260 2152 3330 inﬁrmitati
2199 3259 2463 3315 obnoxios
2536 3256 2897 3321 instituebat,
2952 3270 3135 3310 verum
3205 3255 3429 3325 jurisju-

1854 3355 2010 3409 randi
2041 3368 2222 3410 sermo
2262 3363 2384 3421 post
2434 3352 2603 3421 legem
2656 3352 2851 3415 editus,
2905 3349 3064 3421 164
3096 3347 3293 3404 Filium
3326 3363 3431 3403 una

1856 3447 2131 3516 oblatione
2162 3446 2213 3499 in
2249 3454 2507 3498 aeternum
2551 3451 2986 3499 consummatum
3018 3442 3334 3510 pronuntiat
3361 3440 3429 3507 ";

1854 3550 1918 3591 ea
1978 3537 2091 3606 ipsa
2156 3535 2426 3599 videlicet,
2480 3549 2583 3604 qua
2641 3551 2662 3584 ι
2724 3532 2984 3587 Dominus
3042 3540 3229 3586 noster
3276 3530 3431 3585 Jcsus

1855 3627 2105 3683 Christus
2131 3627 2497 3683 sanctiﬁcatos
2539 3639 2634 3696 per
2658 3624 2933 3695 preprium
2973 3638 3167 3692 corpus
3211 3623 3262 3676 in
3290 3637 3433 3676 sem-

1857 3720 2125 3789 piternum
2166 3718 2561 3774 consummavit
2586 3717 2653 3772 ⁹⁷.
2703 3735 2724 3771 ›
2756 3744 2828 3757 -
2860 3734 2879 3767 ι
2917 3715 3119 3771 Obtulit
3147 3714 3292 3769 enim
3339 3730 3428 3767 se-

1852 3811 2028 3880 ipsum
2045 3826 2143 3881 pro
2160 3810 2315 3866 nobis
2342 3811 2392 3865 in
2411 3811 2631 3866 odorem
2648 3809 2929 3868 suavitatis
2951 3810 3060 3864 Deo
3079 3817 3132 3865 et
3145 3809 3293 3862 I’atri
3314 3808 3383 3873 ",
3406 3826 3425 3859 ι

1854 3903 2188 3972 perfecitque
2223 3917 2321 3956 nos
2355 3918 2449 3971 per
2482 3904 2638 3956 tidem
2681 3910 2737 3957 et
2788 3901 3085 3970 spiritalem
3122 3900 3433 3955 sanctiﬁca-

1858 3992 2079 4059 tionem,
2124 4008 2245 4047 eum
2287 3993 2419 4063 legis
2457 3994 2694 4061 antiquae
2734 3991 2909 4047 cultus
2958 3990 3166 4046 nullum
3210 3992 3433 4045 omnino

1852 4083 1919 4137 ad
1952 4083 2339 4153 perfectionem
2378 4084 2673 4137 adduceret
2706 4083 2775 4137 θ’.
2812 4080 2963 4138 Unde
2993 4090 3045 4134 et
3084 4080 3270 4151 ﬁgura:
3300 4096 3435 4149 quo-

1852 4191 1958 4245 que
1983 4184 2287 4242 cessarunt,
2318 4184 2372 4230 et
2400 4174 2705 4230 umbratilis
2732 4172 2823 4229 illa
2859 4173 3070 4228 Veteris
3098 4171 3431 4228 Testamenti

1855 4267 2193 4337 imperfectio
2233 4284 2264 4322 e
2308 4267 2488 4322 medio
2536 4268 2747 4322 sublata
2786 4274 2888 4321 est.
2920 4265 3199 4321 Successit
3225 4275 3429 4330 autem,

176 4338 467 4401 etquidem
498 4344 830 4406 necessario,
866 4347 1101 4402 melioris
1132 4349 1245 4415 spei
1303 4350 1650 4420 introductio,
1719 4371 1816 4426 per
1853 4374 2037 4427 quam,
2086 4358 2481 4414 interveniente
2532 4356 2752 4413 Christo
2800 4358 2891 4428 qui
2942 4365 3161 4428 propter
3224 4369 3431 4413 natura:

176 4429 580 4491 similitudinem
627 4436 679 4490 in
714 4437 1049 4505 potitillcium
1102 4444 1345 4497 ordinem
1392 4454 1607 4501 evectus
1643 4458 1744 4515 est,
1786 4450 1893 4506 Deo
1924 4454 2439 4523 apprOpinquamus.

241 4525 376 4580 Ml".
418 4527 566 4597 Πλὴν
611 4529 787 4582 ἐκεῖνο
818 4530 997 4602 ἄθρει·
1032 4532 1166 4603 Περὶ
1196 4536 1364 4589 αὑτοῦ
1401 4556 1565 4609 φησιν
1598 4541 1626 4592 ὁ
1666 4541 1744 4595 θε-

1928 4542 2110 4599 XLIII.
2150 4544 2626 4604 Verumenimvcro
2678 4561 2803 4603 cum
2828 4545 3023 4603 Paulus
3056 4548 3202 4604 illum
3240 4564 3310 4604 ex
3345 4549 3430 4603 in-

180 4618 399 4683 σπέσιος
433 4621 677 4687 Παῦλος,
704 4622 784 4675 ὅτι
827 4624 1147 4697 ἐσταυρώθη
1182 4628 1239 4694 ἐξ
1272 4629 1576 4697 ἀσθενείας.
1614 4630 1748 4689 Εἶτα

178 4709 293 4773 πῶς
314 4713 343 4764 ὀ
362 4713 464 4782 μὲν
491 4714 653 4783 νόμος
685 4714 1003 4787 καθίστησιν
1030 4718 1307 4790 ἀρχιερεῖς
1340 4722 1564 4792 ἔχοντας
1581 4725 1745 4779 ἀσθέο

176 4816 344 4868 νειαν,
382 4804 414 4856 ὁ
438 4802 494 4856 δὲ
526 4803 685 4877 λόγος
723 4806 821 4875 τῆς
849 4807 1193 4878 ὁρκωμοσίας
1234 4812 1333 4880 τῆς
1368 4813 1505 4883 μετά
1535 4815 1624 4867 τὸν
1664 4816 1747 4869 v6-

181 4911 298 4966 μον,
343 4897 471 4951 Υἰὸν
524 4900 603 4962 εἰς
657 4899 749 4952 τὸν
793 4901 968 4955 αίῶνα
1020 4902 1463 4975 τετελειωμένον,
1521 4907 1595 4971 ὡς
1648 4909 1747 4961 οὐκ

178 4987 369 5057 ἔχοντα
396 4988 643 5059 δηλονότι
671 4991 732 5043 τὴ
748 4991 992 5046 ἀσθενεῖν
1011 5010 1028 5059 ;
1051 4994 1220 5053 Τοῦτο
1252 4995 1382 5068 γὰρ,
1416 4993 1592 5068 οἶμαι,
1626 5000 1746 5052 ἐστὶ

177 5078 237 5169 τὸ
268 5080 469 5150 ἀρτίως
497 5080 639 5150 ἕχον,
665 5082 832 5151 ἤγουν
854 5082 914 5135 τὸ
937 5085 995 5135 ἐν
1024 5086 1187 5143 παντὶ
1214 5086 1363 5157 καλῷ
1389 5089 1746 5160 τετελειωμέ-
1770 5166 1771 5169 η

179 5160 292 5225 νον·
326 5174 408 5229 ὅτι
441 5173 514 5244 μὴ
548 5176 671 5228 κατ’
700 5176 939 5240 ἐκείνους
965 5178 1084 5231 ἐστὶ
1109 5180 1234 5242 τοὺς
1266 5181 1409 5234 κατά
1436 5182 1526 5252 τὸν
1556 5183 1742 5253 νόμον,

180 5260 258 5329 οἷς
284 5267 385 5318 οὐκ
416 5266 683 5338 ἀσύνηθες
722 5270 897 5322 εἰπεῖν
935 5270 995 5323 τὸ
1024 5272 1118 5329 καὶ
1141 5283 1163 5312 ε
1210 5272 1470 5329 ἀσθενεῖν
1490 5274 1603 5335 ἐσθ’
1624 5278 1741 5333 ὅτε.

243 5419 477 5502 I’f‘Ocut.
508 5436 581 5483 Vl,
614 5422 932 5502 I3;-M_.'tll_ll.
968 5442 1038 5489 Iv,
1074 5426 1162 5502 It).
1236 5429 1281 5462 ⁹⁶
1315 5430 1478 5486 Ilebr.
1520 5446 1614 5500 vn,
1646 5432 1733 5489 28.
1812 5434 1855 5467 ⁸⁷
1886 5434 2047 5491 Ilebr.
2077 5450 2130 5502 ι,
2163 5436 2251 5491 14.

186 5488 201 5521 ³
236 5489 275 5546 ll
302 5492 424 5546 Cor.
455 5507 574 5556 xm,
601 5492 655 5546 4.
733 5496 752 5525 ²
785 5494 947 5549 llcbr.
978 5510 1072 5563 vu,
1099 5498 1187 5551 ‘28.

1855 4636 2106 4692 ﬁrmitate
2165 4636 2483 4693 cruciﬁxum
2538 4639 2919 4707 pronuntiet‘,
2977 4642 3245 4709 quomodo
3302 4640 3430 4709 (in-

1852 4728 1994 4798 quis)
2049 4729 2134 4784 lex
2178 4730 2487 4784 sacerdotes
2529 4731 2827 4789 inﬁrmitati
2855 4733 3145 4787 obstrictos
3185 4732 3425 4799 ordinat,

1847 4818 2222 4888 jusjurandum
2253 4834 2379 4876 vero
2406 4829 2527 4890 post
2553 4820 2726 4890 legem
2756 4823 3170 4892 promulgatum,
3205 4824 3424 4890 Filium,

1853 4912 2007 4980 quasi
2044 4910 2187 4965 nulla
2225 4912 2277 4965 in
2324 4912 2472 4967 illum
2516 4911 2804 4969 inﬁrmitas
2853 4918 3027 4980 cadat,
3063 4917 3115 4969 in
3160 4928 3425 4972 aeternum

1852 5008 2281 5055 consummatum
2314 5000 2720 5073 perfectumque
2743 4991 2973 5058 alfirmat
3010 5006 3070 5059 "I
3093 5003 3227 5059 Illud
3256 5008 3424 5074 enim,

1851 5095 2062 5163 opinor,
2099 5094 2395 5163 perlectum
2427 5096 2646 5161 dicitur,
2681 5096 2826 5167 quod
2864 5098 3016 5153 omni
3044 5098 3306 5154 bonorum
3334 5116 3427 5170 ge-

1853 5200 1981 5245 nere
2010 5186 2339 5243 cumulatum
2382 5197 2487 5242 est.
2528 5187 2797 5256 Quoniam
2825 5206 2930 5245 non
2954 5190 3079 5246 talis
3112 5201 3249 5257 erat,
3290 5209 3423 5262 qua-

1848 5277 1928 5336 les
1953 5279 2153 5335 veteris
2191 5279 2322 5350 legis
2352 5281 2687 5347 sacerdotes,
2720 5284 2917 5354 quibus
2962 5284 3273 5341 inusitatum
3318 5302 3421 5340 non

2362 5435 2407 5470 ⁸⁸
2444 5435 2641 5508 Ephcs.
2667 5454 2718 5505 v,
2748 5439 2801 5495 2.
2918 5440 2962 5474 ⁹⁹
3003 5440 3170 5497 Ilcbr.
3204 5457 3302 5508 vn,
3332 5443 3418 5498 I'J.

1264 5656 1437 5713 Variae
1469 5659 1729 5719 lectiones
1758 5658 1955 5717 codicis
1980 5661 2337 5732 chuieriaui.

255 5786 280 5825 ι)
318 5784 514 5843 αὐτῶν.
594 5797 615 5825 ε
719 5785 929 5851 πάντως
961 5790 1072 5843 καί.
