4092 6334
613 299 751 358 1395

1639 300 1695 356 S.
1742 303 2022 360 CYRILLI
2061 307 2529 367 ALEXANDRINI
2575 315 2899 372 ARCIHEP.

3727 317 3871 374 I396

608 430 748 487 erat,
790 421 844 474 in
873 418 1212 475 inﬁrmitates
1249 420 1571 489 quandoque
1616 420 1876 478 incidere.
1909 425 2012 479 Sed
2043 442 2178 493 quo-

2314 429 2408 491 Ιῶς
2441 427 2534 483 οὖν
2567 434 2595 483 ὁ
2629 435 2788 496 αὐτὸς
2820 433 2912 486 καὶ
2950 430 3235 496 ἀσθενείας
3286 433 3548 504 κρείττων
3592 427 3732 486 εἶναι
3774 452 3872 487 πε-

609 513 770 567 modo
800 512 938 566 idem
969 521 1023 565 et
1057 511 1374 567 inﬁrmitate
1401 513 1572 580 major
1592 515 1850 582 creditur,
1895 530 2077 586 utpote
2108 519 2188 571 Fi-

607 602 714 660 lius
751 603 992 658 numeris
1029 606 1280 660 omnibus
1316 604 1584 675 perfectus
1607 645 1622 669 ,
1655 616 1709 659 et
1755 622 1822 662 ex
1870 610 2188 667 infirmitate

606 708 824 749 rursum
871 694 1160 749 cruciﬁxus
1199 695 1460 748 docetur?
1509 694 1578 750 Ut
1624 711 1841 752 crucem
1890 705 2184 757 secundum

607 799 827 841 carnem
870 787 1124 850 sustinet,
1177 785 1371 840 merito
1420 786 1665 840 inﬁrmus
1705 792 2066 858 prredicatur;
2127 805 2188 849 ut

608 887 787 933 autem
837 877 980 932 Deus
1019 887 1121 942 est,
1173 879 1364 946 quavis
1406 878 1722 934 inﬁrmitate
1765 884 2010 950 superior
2043 894 2188 940 recte

606 968 906 1022 asseritur:
969 986 988 1018 ι
1018 969 1252 1037 Spiritus
1289 969 1432 1022 enim
1485 982 1768 1038 promptus
1798 983 1900 1038 est,
1932 989 2059 1028 caro
2093 991 2186 1028 au-

606 1069 716 1114 tem
761 1061 970 1115 inﬁrma
1001 1060 1042 1114 ⁸.
1080 1080 1097 1111 ι
1136 1059 1288 1126 Quod
1327 1062 1368 1114 si
1408 1064 1499 1130 qui
1547 1074 1693 1129 sunt,
1735 1067 1825 1133 qui
1858 1064 2188 1122 inﬁrmitatis

607 1154 826 1205 nomine
875 1153 928 1207 id
977 1168 1140 1205 unum
1179 1154 1266 1207 hic
1311 1155 1576 1209 insinuari
1615 1158 1965 1220 contendant,
1996 1174 2188 1225 nempe

606 1244 750 1312 quod
782 1243 979 1314 legales
1011 1244 1242 1298 ministri
1276 1261 1382 1298 non
1414 1247 1529 1300 sine
1561 1247 1793 1314 peccatis
1819 1249 1980 1300 vitam
2010 1259 2187 1303 trans-

605 1337 854 1404 igebant;
911 1352 1020 1391 non
1067 1353 1306 1408 repugno
1355 1337 1506 1408 (imo
1569 1340 1618 1391 in
1680 1340 1819 1392 hanc
1861 1344 2185 1397 sententiain

606 1429 838 1484 libenter
882 1430 1162 1500 concedo)
1197 1440 1349 1485 recte
1393 1432 1494 1485 hoc
1534 1442 1692 1497 pacto
1730 1435 1931 1488 sentire
1957 1435 2187 1489 volenti-

604 1523 728 1576 bus.
767 1521 925 1590 chis
961 1523 1188 1591 proinde
1226 1523 1457 1576 ministri
1510 1539 1615 1577 non
1663 1541 1790 1592 uno,
1822 1530 1914 1582 sed
1949 1530 2188 1597 pluribus

605 1614 892 1669 sacriﬁciis
919 1614 1255 1686 indigebant,
1283 1626 1491 1684 utqnos
1514 1619 1755 1684 quotidie
1784 1629 1890 1674 tatu
1928 1638 2024 1690 pro
2048 1625 2185 1692 suis,

606 1721 770 1776 quam
817 1721 913 1776 pro
976 1707 1157 1777 pepuli
1215 1708 1534 1776 ignorantiis
1586 1710 1783 1766 oﬁ'erre
1831 1723 2108 1780 oporteret
2140 1714 2186 1779 ‘,

605 1807 898 1866 propterea
948 1799 1204 1852 nimirum
1253 1800 1400 1867 quod
1440 1799 1671 1854 subinde
1712 1801 1762 1854 in
1809 1803 1942 1858 alias
1974 1813 2026 1858 et
2056 1806 2190 1859 alias

606 1887 954 1943 inﬁrmitates
979 1889 1416 1957 prolaberentur,
1448 1905 1623 1960 eoque
1650 1894 1910 1960 languore
1943 1905 2191 1950 teneren-

609 1991 716 2042 tur,
747 1979 915 2048 quiin
954 1981 1232 2049 multiplex
1285 1991 1566 2050 peccatum
1610 1984 1847 2037 abducit.
1885 1985 1977 2040 Ille
2011 1997 2188 2041 autem

606 2070 781 2138 major
807 2085 969 2141 quam
999 2071 1089 2140 qui
1135 2085 1361 2141 peccare
1397 2074 1587 2141 possit,
1635 2083 1822 2140 utpote
1856 2075 2019 2141 Deus,
2059 2094 2191 2147 pon-

605 2162 740 2218 tifex
773 2173 958 2219 noster
980 2161 1225 2226 effectus,
1269 2178 1333 2217 ac
1365 2164 1659 2218 secundum
1698 2167 1989 2219 humanam
2033 2179 2193 2222 natu-

606 2267 724 2304 rant
783 2251 1041 2307 sacerdos
1108 2251 1431 2322 appellatus,
1495 2252 1639 2306 Patri
1711 2269 1868 2307 suum
1917 2257 2190 2324 proprium

604 2357 807 2413 corpus
852 2344 1054 2398 obtulit
1091 2355 1148 2400 et
1197 2347 1558 2400 consecravit.
1592 2345 1899 2402 Secundum
1942 2357 2192 2402 naturam

605 2436 835 2503 proinde
885 2436 1125 2490 divinam
1155 2437 1209 2490 in
1257 2448 1536 2505 peccatum
1571 2439 1779 2506 prolabi
1817 2455 1922 2493 non
1958 2451 2193 2508 poterat,

606 2542 733 2581 cum
759 2542 874 2583 non
903 2537 1047 2582 εεεθι
1078 2540 1288 2583 naturae
1322 2541 1539 2593 creatae,
1575 2547 1692 2599 (ιυὲ
1739 2547 1833 2600 per
1870 2546 1929 2586 se
1957 2546 2060 2585 non
2099 2533 2194 2585 h8-

2290 519 2577 576 πίστευται
2603 565 2616 586 ,
2651 527 2743 578 καὶ
2788 526 2864 588 ὡς
2894 523 3021 584 Υἱὸς
3058 523 3497 586 τετελειωμένος,
3532 524 3868 594 σταυροῦται

2287 612 2349 665 δὲ
2379 613 2471 664 καὶ
2508 615 2567 679 ἐξ
2613 617 2932 683 ἀσθενείας;
2967 614 3177 668 Οὐκοῦν
3204 611 3498 670 ἀκόλουθον
3526 617 3751 678 ἐννοεῖν,
3792 617 3872 679 ὡς

2287 702 2554 774 ἠσθένησε
2598 708 2718 776 μὲν,
2769 706 3049 780 ωρκικῶς
3081 706 3312 775 σταυρὸν
3373 707 3704 779 ὑπομείνας’
3753 707 3875 759 ἔστι

2287 813 2351 864 γε
2394 797 2501 865 μὴν
2547 797 2623 860 ὼς
2664 800 2796 864 Θεὸς
2841 800 2933 854 τοῦ
2983 799 3230 853 ἀσθενεῖν
3269 800 3548 854 ἐπέκεινα·
3589 819 3608 853 ι
3651 801 3724 855 Τὸ
3757 800 3876 870 γὰρ

2289 889 2504 958 πνεῦμα
2549 889 2849 960 πρόθυμον,
2883 894 2916 962 ἡ
2946 892 3002 944 δὲ
3039 890 3176 962 σάρξ
3219 888 3472 961 ἀσθενής.
3507 909 3524 940 ι
3581 892 3646 945 El.
3695 892 3754 946 δὲ
3803 891 3878 962 δὴ

2290 981 2522 1049 λέγοιεν,
2575 983 2677 1049 τὴν
2724 984 3010 1038 ἀσθένειαν
3051 987 3110 1038 ὲν
3142 981 3317 1053 τούτῳ
3359 982 3438 1051 τῷ
3469 985 3526 1034 ἐν
3568 983 3878 1055 ἁμαρτίαις

2290 1070 2428 1127 εἶναι
2475 1071 2670 1141 δηλοῦν
2699 1073 2826 1137 τοὺς
2876 1076 3025 1131 κατά
3071 1077 3233 1146 νόμον
3286 1075 3730 1146 ἱερατεύονταςά,
3770 1079 3878 1130 ούκ

2289 1165 2669 1234 ἀντιτάξομαι’
2695 1164 2953 1236 σύμφημι
2981 1168 3037 1220 δὲ
3067 1167 3268 1238 μᾶλλον
3289 1165 3425 1236 ὀρθὰ
3446 1168 3540 1218 καὶ
3561 1166 3703 1219 οὕτω
3724 1170 3878 1220 νοεῖν

2293 1259 2608 1327 ᾑρημένοις.
2638 1256 2847 1309 Οὐκοῦν
2876 1259 2932 1310 οἱ
2965 1260 3064 1329 μὲν
3097 1261 3236 1313 κατά
3269 1259 3432 1329 νόμον
3461 1258 3737 1328 ἱερουργοὶ
3768 1260 3878 1311 θυ-

2291 1347 2413 1408 σίας
2443 1346 2673 1418 ἔχρῃζον
2713 1347 2774 1398 οὐ
2823 1349 2974 1416 μιᾶς,
3013 1349 3275 1403 πλειόνων
3305 1349 3361 1402 δὲ
3397 1347 3617 1419 μᾶλλον,
3667 1347 3766 1401 ἅτε
3803 1349 3876 1420 δὴ

2290 1439 2656 1506 προσάγοντες
2683 1437 2802 1489 καθ’
2828 1438 3043 1507 ἡμέραν
3063 1439 3202 1511 ὑπέρ
3229 1458 3288 1492 τε
3315 1439 3494 1493 αὐτῶν
3526 1439 3619 1492 καὶ
3641 1440 3750 1492 τῶν
3774 1439 3875 1491 τοῦ

2289 1527 2422 1580 λαοῦ
2473 1527 2857 1596 ἀγνοημάτων,
2907 1527 2994 1579 διὰ
3026 1527 3087 1580 τὸ
3117 1529 3432 1591 πλειστάκις,
3459 1526 3726 1591 ἀσθενεῖν,
3774 1526 3880 1578 καὶ

2291 1619 2581 1689 ὑπομένειν
2631 1619 2971 1689 μαλακισμὸν
3013 1621 3109 1671 τὸν
3155 1623 3233 1683 είς
3294 1620 3630 1690 πολύτροπον
3684 1623 3876 1690 ἀμαρ-

2289 1711 2447 1762 τίαν·
2492 1713 2521 1763 ὁ
2564 1711 2622 1764 δὲ
2671 1713 2935 1782 κρείττων
2969 1711 3241 1780 ἁμαρτίας
3292 1714 3574 1785 ὑπάρχων,
3607 1715 3684 1779 ὡς
3710 1714 3873 1777 Θεὸς,

2298 1804 2738 1873 προσκεκόμικεν
2762 1802 2972 1866 ἑαυτὸν,
3005 1804 3096 1855 καὶ
3121 1802 3345 1872 γέγονεν
3375 1805 3532 1874 ἡμῶν
3554 1806 3875 1876 ἀρχιερεὺς,

2297 1895 2658 1962 ἀνθρωπίνως
2693 1897 2792 1966 μὲν
2825 1896 3117 1964 λεγόμενος
3165 1894 3521 1964 λειτουργεῖν,
3573 1896 3888 1967 ίερατεύων

2297 1986 2354 2038 δὲ
2386 1987 2465 2057 τῷ
2495 1989 2671 2054 Πατρὶ
2691 1990 2753 2041 τὸ
2780 1989 2910 2042 ἴδιον
2939 1988 3116 2058 σῶμα.
3147 1988 3478 2057 Θεοπρεπῶς
3503 1983 3598 2043 οὗν
3626 1991 3733 2061 ἄρα
3765 2007 3878 2043 πα-

2299 2079 2413 2130 θεῖν
2446 2080 2545 2133 ούκ
2584 2082 2836 2151 ἀνέχεται
2870 2083 2967 2152 τὴν
3005 2081 3300 2151 ἁμαρτίαν,
3335 2081 3417 2133 ὅτι
3452 2081 3528 2151 μὴ
3558 2081 3773 2150 φύσεως
3802 2079 3878 2154 ἦν

2297 2171 2556 2241 γενητῆς,
2589 2175 2687 2225 οὐκ
2722 2173 2958 2242 ἐχούσης
2982 2172 3252 2236 ούσιωδώς
3284 2172 3344 2225 τὸ
3373 2172 3663 2244 ἄτρεπτον,
3686 2177 3782 2229 καὶ
3811 2177 3880 2228 τὸ

2298 2264 2375 2325 εἰς
2401 2263 2551 2316 ἅπαν
2569 2263 2963 2333 διαδιδράσκειν
2979 2263 3240 2318 δύνασθαι
3255 2265 3356 2334 τὴν
3380 2265 3675 2333 ἁμαρτίαν.
3696 2265 3830 2329 Θεὸς
3848 2278 3878 2305 ο

2298 2354 2390 2410 οὖν
2423 2357 2530 2427 ἄρα
2575 2358 2691 2410 ἐστὶ
2727 2359 3063 2423 παντέλειος,
3091 2356 3522 2426 ἀνεπικούρητον
3551 2357 3690 2427 ἔχων
3740 2359 3876 2429 παρ’

2299 2449 2488 2518 ἐτέρου
2516 2451 2579 2502 τὸ
2607 2451 2942 2530 ἀκράδαντον
2977 2452 3058 2514 εἰς
3092 2450 3386 2519 ἀγιασμδν,
3418 2451 3633 2518 φύσεώς
3656 2468 3715 2503 τε
3742 2467 3880 2522 καρο

2299 2536 2402 2588 πὸν
2432 2537 2567 2598 ἰδίας
2593 2537 2732 2607 ἔχων
2757 2539 2816 2590 τὸ
2847 2539 3228 2608 ἀπλημμελές.

607 2621 701 2674 bet
749 2619 1266 2686 immutabilitatem,
1313 2634 1414 2687 nec
1463 2635 1622 2689 posse
1670 2623 1888 2676 omnino
1922 2621 2079 2692 165
2118 2623 2292 2678 vitare
2357 2636 2659 2693 peccatum.
2707 2629 2846 2682 Deus
2893 2629 3074 2697 itaque
3140 2637 3225 2683 est
3288 2628 3433 2682 omni
3455 2643 3518 2684 ex
3551 2639 3705 2698 parte
3749 2645 3877 2699 perv

609 2715 808 2779 lectus,
841 2726 896 2769 et
935 2715 1083 2769 nullo
1118 2715 1372 2781 praesidio
1415 2715 1639 2785 indiget,
1685 2724 1742 2769 ut
1789 2717 1840 2769 in
1872 2730 1968 2769 sua
1993 2719 2283 2774 sanctitate
2315 2720 2504 2777 ﬁrmus
2573 2722 2853 2791 persistat,
2905 2737 3027 2778 cum
3100 2724 3174 2779 sit
3237 2733 3438 2779 naturae
3464 2723 3580 2793 ejus
3625 2725 3886 2794 proprius

612 2808 821 2863 fructus
851 2809 1294 2878 impeccaltilitas.

687 2903 872 2960 XLIV.
929 2923 949 2958 ι
999 2905 1304 2974 Capitnlum
1352 2917 1531 2960 autem
1563 2921 1729 2977 super
1759 2923 1823 2962 ea
1862 2925 1981 2980 quae
2007 2911 2199 2964 dicun-

2376 2913 2508 2966 ΜΝ.
2561 2934 2578 2964 t
2612 2912 2920 2982 Κεφάλαιον
2948 2913 3004 2965 δὲ
3037 2912 3128 2965 ἐπὶ
3167 2913 3279 2974 τοῖς
3306 2910 3649 2979 λεγομένοις·
3679 2907 3877 2961 Τοιοῦ-

617 3009 737 3054 tur:
793 2998 978 3054 Talem
1011 3001 1272 3055 habemus
1324 3001 1654 3069 pontiﬁcem,
1705 3004 1795 3071 qui
1844 3005 2091 3057 conSedit
2144 3003 2198 3056 in

617 3091 842 3146 dextera
871 3093 1015 3147 sedis
1046 3094 1432 3160 magnitudinis
1468 3093 1521 3145 in
1547 3094 1722 3151 cmlis.
1750 3104 2060 3150 sanctorum
2097 3097 2203 3147 mi-

617 3185 812 3249 nister,
842 3184 1261 3239 et'tabernaculi
1306 3186 1442 3249 veri,
1491 3185 1632 3252 quod
1666 3186 1786 3238 ﬁxit
1835 3185 2113 3250 Dominus,
2149 3199 2205 3240 et

619 3291 726 3330 non
775 3277 939 3331 homo
973 3277 1016 3330 '2
1059 3295 1080 3327 ι
1134 3275 1303 3330 Vetus
1347 3275 1477 3329 illud
1528 3277 1940 3330 tabernaculum
1971 3292 2069 3345 per
2111 3291 2201 3330 sa-

619 3367 1020 3436 pientissimum
1068 3367 1288 3439 Moysen
1333 3369 1386 3421 in
1411 3368 1627 3420 deserto
1676 3369 2066 3423 exaediﬁcatum
2097 3377 2202 3432 est,

620 3459 786 3528 idque
818 3461 884 3514 ad
923 3461 1154 3514 formam
1205 3464 1260 3514 in
1313 3472 1496 3515 monte
1543 3462 1618 3516 illi
1659 3463 2105 3514 demonstratam.
2141 3460 2204 3514 Et

623 3555 844 3623 quidem
877 3551 1092 3608 Veteris
1125 3553 1457 3607 Testamenti
1505 3553 1880 3607 sacerdotibus
1925 3561 2043 3607 erat
2076 3551 2204 3605 illud

623 3645 968 3714 aptissimum
1003 3662 1018 3700 :
1073 3655 1129 3700 at
1175 3648 1304 3699 vero
1343 3644 1712 3699 habitaculum
1759 3644 1978 3700 Christo
2009 3659 2207 3699 conve-

622 3737 782 3792 niens
815 3747 914 3791 cst-
944 3752 1176 3805 superna
1225 3738 1313 3792 illa
1357 3747 1696 3806 venustaque
1731 3740 1950 3801 civitas,
1987 3739 2090 3791 hoc
2125 3745 2210 3790 est

623 3831 846 3894 coelum,
878 3828 1119 3882 divinum
1156 3845 1287 3884 sane
1332 3846 1712 3900 summumque
1767 3830 2205 3894 tabernaculum,

625 3935 735 3975 non
779 3920 915 3976 artis
965 3922 1212 3975 humanm
1270 3923 1566 3985 inventum,
1614 3924 1708 3976 sed
1747 3933 2019 3986 sanctum,
2079 3933 2135 3975 et
2179 3939 2208 3974 a

624 4012 739 4067 Deo
779 4012 1172 4078 fabrefactum;
1228 4015 1279 4064 in
1323 4013 1466 4080 quod
1510 4013 1596 4066 ille
1649 4013 1851 4079 illatus,
1891 4030 1984 4068 eos
2020 4013 2111 4082 qui
2156 4013 2207 4067 in

626 4103 802 4173 ipsum
850 4102 1100 4165 credunt,
1149 4103 1746 4172 sanctiﬁcationemque
1799 4119 1892 4170 per
1945 4103 2209 4171 Spiritum

625 4195 906 4249 consecuti
945 4204 1090 4256 sunt,
1111 4193 1220 4247 Deo
1245 4204 1301 4248 et
1322 4194 1472 4248 Patri
1502 4193 1682 4246 olIert.
1717 4215 1736 4245 ι
1776 4194 1966 4259 Nemo,
2002 4196 2206 4264 inquit,

2303 3021 2396 3057 τον
2420 3005 2614 3075 ἔχομεν
2637 3006 2917 3077 ἀρχιερέα,
2947 3005 3003 3066 ὃς
3034 3002 3286 3057 ἐκάθισεν
3308 3004 3364 3054 ὲν
3391 3001 3540 3070 δεξιᾷ
3561 2999 3656 3052 τοῦ
3686 2999 3885 3070 θρόνου

2305 3094 2404 3162 τῆς
2434 3094 2823 3163 μεγαλωσύνης
2868 3095 2927 3145 ἐν
2971 3095 3085 3154 τοῖς
3113 3091 3380 3161 οὐρανοῖς,
3423 3089 3533 3142 τῶν
3564 3087 3736 3157 ἁγίων
3771 3087 3889 3139 λει-

2305 3183 2554 3254 τουργὸς,
2590 3185 2685 3237 καὶ
2718 3184 2819 3253 τῆς
2849 3184 3055 3254 σκηνῆς
3084 3184 3181 3252 τῆς
3205 3181 3494 3252 ἀληθινῆς,
3529 3180 3595 3249 ἣν
3626 3179 3828 3250 ἔπηξεν
3857 3182 3898 3232 ὁ

2307 3275 2532 3343 Κύριος,
2558 3276 2651 3327 καὶ
2678 3275 2775 3328 οὐκ
2795 3274 3100 3346 ἄνθρωπος.
3125 3293 3142 3324 ι
3164 3272 3462 3342 Ἐγήγερτο
3490 3271 3588 3340 μὲν
3616 3270 3758 3322 κατά
3784 3271 3889 3340 τὴν

2307 3367 2567 3435 ἐρημονή
2607 3367 2808 3436 ἀρχαία
2835 3368 3010 3435 σκηνὴ
3036 3367 3124 3419 διὰ
3145 3363 3238 3418 τοῦ
3266 3363 3544 3432 πανσόφου
3582 3363 3887 3425 Μωῦσέως,

2308 3459 2606 3528 πεποίηται
2636 3460 2690 3510 δὲ
2721 3457 2865 3511 κατά
2894 3459 2985 3510 τὸν
3019 3457 3190 3510 τύπον
3215 3457 3308 3510 τὸν
3345 3456 3626 3526 δειχθέντα
3650 3452 3798 3522 αὐτῷ
3830 3455 3893 3505 ἐν

2307 3549 2386 3620 τῷ
2414 3544 2531 3621 ὄρει
2555 3566 2570 3581 ο
2611 3551 2707 3603 καὶ
2745 3552 2855 3613 τοῖς
2887 3549 2986 3619 μὲν
3020 3548 3166 3616 κατᾷ
3195 3548 3286 3602 τὸν
3316 3549 3480 3618 νόμον
3515 3544 3904 3618 ἱερατεύουσιν

2310 3644 2494 3711 ἐκείνη
2543 3643 3008 3714 πρεπωδεστάτη⁹
3058 3641 3380 3711 ἐνδιαίτημα
3433 3641 3489 3693 δὲ
3537 3639 3614 3707 τῷ
3665 3637 3895 3708 Χριστῷ

2312 3737 2522 3806 πρέπον
2551 3753 2610 3788 τε
2643 3736 2736 3788 καὶ
2766 3734 2941 3803 ἐοικὸς
2972 3736 3003 3803 ἡ
3038 3736 3146 3788 ἄνω
3187 3730 3522 3792 καλλίπολις,
3550 3729 3832 3781 τουτέστιν
3862 3730 3895 3778 ὁ

2311 3828 2561 3897 οὐρανὸς,
2595 3829 2628 3896 ἡ
2660 3825 2781 3878 θεία
2811 3843 2870 3877 τε
2911 3827 3003 3877 καὶ
3029 3825 3291 3877 ἀνωτάτω
3323 3821 3518 3891 σκηνὴ,
3546 3820 3639 3872 καὶ
3660 3819 3760 3870 οὐκ
3789 3819 3893 3869 ἀν-

2313 3918 2592 3987 θρωπίνης
2615 3916 2826 3986 εὕρεμα
2854 3915 3073 3986 τέχνης,
3107 3915 3222 3970 ἀλλ’
3254 3915 3373 3985 ξερά
3407 3915 3500 3966 καὶ
3544 3911 3889 3970 θεότευκτος.

2326 4009 2475 4062 Ἐκεῖ
2499 4007 2738 4075 γεγονὼς
2765 4007 3126 4077 προσκομίζει
3172 4005 3251 4076 τῷ
3291 4003 3408 4074 (θεῷ
3439 4006 3532 4056 καὶ
3561 4003 3731 4073 Πατρὶ
3761 4001 3915 4062 τοὺς-

2315 4100 2396 4159 εξς
2421 4099 2583 4151 αὐτὸν
2631 4096 3008 4160 πιστεύοντας,
3049 4096 3415 4166 ὴγιασμένους
3443 4093 3499 4145 δὲ
3529 4089 3772 4160 δηλονότι
3799 4087 3901 4141 διὰ

2314 4188 2410 4241 τοῦ
2447 4188 2789 4257 Πνεύματος.
2824 4207 2841 4239 t
2879 4187 3068 4249 Οὐδεὶς
3112 4184 3222 4256 γὰρ
3255 4185 3497 4252 ἔρχεται,
3543 4180 3710 4249 φησὶ,
3742 4175 3897 4245 πρὸς

626 4287 791 4340 venit
816 4286 883 4340 ad
922 4285 1158 4351 Patrem,
1202 4286 1305 4339 nisi
1349 4301 1447 4354 per
1479 4303 1562 4340 me
1591 4288 1634 4342 ‘.
1675 4306 1693 4339 ι
1728 4287 2030 4341 Istiusmodi
2081 4301 2199 4357 ergo

2318 4282 2408 4334 τὸν
2438 4281 2658 4351 Πατέρα
2688 4320 2702 4343 ,
2737 4281 2784 4332 εἰ
2817 4280 2890 4349 μὴ
2919 4279 2985 4331 δι’
3031 4277 3186 4348 ἐμοῦ.
3226 4297 3244 4328 ι
3280 4277 3391 4328 Καὶ
3423 4267 3576 4335 οὗτος
3607 4269 3755 4339 αὐτῷ
3791 4269 3898 4338 τῆς

630 4376 775 4431 illius
800 4386 885 4431 est
913 4377 1296 4440 ministerium,
1321 4376 1387 4431 de
1416 4391 1524 4445 quo
1556 4377 1641 4430 ltic
1671 4377 1899 4446 agimus.
1936 4375 2001 4430 Et
2028 4391 2214 4445 quam-

629 4469 712 4523 *ξε
744 4482 833 4524 res
870 4469 982 4523 hac
1008 4467 1231 4534 nostris,
1264 4470 1367 4522 hoc
1396 4479 1501 4531 est,
1537 4470 1786 4522 humanis
1817 4467 1997 4522 verbis
2026 4468 2210 4536 expri-

637 4569 845 4625 matur,
881 4570 966 4613 est
1002 4568 1182 4615 tamen
1230 4561 1518 4615 admodum
1573 4560 1772 4614 divina.
1801 4561 2018 4623 Annon,
2052 4560 2211 4613 obse-

631 4669 749 4720 cro,
792 4653 1037 4707 divinum
1078 4637 1334 4719 nuiddam
1385 4662 1490 4718 est,
1516 4652 1797 4706 credentes
1827 4652 2047 4720 proprio
2089 4650 2214 4716 Spi—

635 4747 740 4799 ritu
786 4758 950 4812 posse
996 4742 1374 4808 sanctiﬁcare;
1424 4741 1904 4810 misericordiaque
1946 4750 2000 4795 et
2042 4741 2216 4808 gratia

624 4834 978 4903 justiﬁcatos,
1029 4835 1228 4887 mundo
1286 4843 1583 4896 emortuos,
1637 4831 1840 4900 Spiritu
1899 4831 2217 4895 viviﬁcatos,

639 4929 750 4980 vita
776 4926 994 4980 tandem
1050 4940 1369 4993 morumque
1402 4925 1686 4978 honestate
1714 4926 2036 4991 conspicuos
2108 4924 2219 4978 Deo

638 5017 858 5080 otierre,
910 5020 1149 5086 etquasi
1173 5018 1532 5070 consecrare?
1570 5017 1720 5082 Quod
1763 5029 1945 5070 autem
1971 5018 1989 5087 (
2017 5018 2224 5070 etiatna

638 5111 688 5163 si
719 5110 1034 5164 ministrare
1079 5111 1331 5179 dicatur)
1372 5109 1533 5165 Patre
1575 5126 1750 5178 neque
1783 5112 1960 5165 miudr
1989 5112 2082 5173 sit,
2121 5125 2214 5165 ne-

640 5214 748 5270 que
786 5201 971 5270 gloria
1002 5200 1146 5256 Illius
1177 5202 1282 5256 ulla
1311 5219 1377 5257 ex
1418 5211 1569 5270 parte
1602 5202 1781 5266 cedat,
1827 5202 1877 5254 id
1928 5204 2050 5256 inde
2077 5202 2221 5256 clare

644 5302 897 5349 constare
967 5302 1165 5361 potest,
1227 5294 1372 5364 quod
1425 5293 1616 5348 divinae
1669 5294 1967 5359 maiestatis
2023 5294 2218 5347 solium

717 5451 739 5484 ³
765 5451 957 5509 Matth.
988 5468 1139 5517 xxvr,
1167 5454 1254 5507 41.

1335 5452 1356 5484 ⁸
1383 5452 1547 5508 Hebr.
1573 5467 1672 5518 vn,
1699 5452 1792 5506 27.
1870 5453 1890 5484 ⁵
1930 5451 2095 5509 Hebr.
2122 5467 2244 5510 vm.
2277 5454 2327 5521 l,
2356 5450 2412 5505 ‘2.

2323 4374 2514 4426 ἐνθάδε
2544 4373 2845 4441 λεγομένης
2879 4371 3219 4439 λειτουργίας
3253 4369 3281 4420 ὁ
3312 4367 3532 4436 τρόπος.
3579 4360 3897 4432 Θεοπρεπες

2322 4466 2379 4518 δὲ
2411 4465 2474 4518 τὸ
2502 4463 2718 4535 χρῆμα,
2762 4461 2863 4514 κᾶν
2892 4463 2940 4513 εἰ
2973 4463 3084 4522 τοῖς
3119 4458 3240 4512 καθ’
3272 4459 3439 4527 ἡμᾶς,
3469 4457 3637 4526 ἤγουν
3681 4452 3898 4522 ἀνθρωυ

2325 4557 2500 4620 πίνοις
2535 4556 2854 4624 σημαίνοιτο
2882 4554 3081 4620 λόγοις.
3115 4551 3188 4603 Τὸ
3221 4550 3330 4619 γάρ
3364 4548 3610 4617 ἁγιάζειν
3637 4542 3901 4598 δύνασθαι

2325 4648 2402 4718 τῷ
2439 4649 2553 4718 ἰδίῳ
2582 4647 2864 4715 Πνεύματι
2904 4645 3030 4705 τοὺς
3078 4639 3436 4702 πιστεύοντας
3461 4679 3473 4701 ,
3505 4637 3639 4708 ἐλέῳ
3666 4635 3761 4689 καὶ
3798 4633 3901 4703 χά-

2329 4758 2437 4811 ριτι
2467 4738 2924 4807 δεδικαιωμένους
2949 4775 2964 4798 ,
3019 4734 3112 4786 καὶ
3145 4731 3255 4784 οἷον
3289 4730 3592 4800 ἱερουργεῖν
3635 4725 3713 4795 τῷ
3752 4722 3903 4792 Θεῷ,

2327 4833 2518 4903 κόσμῳ
2549 4831 2648 4900 μὲν
2673 4830 3140 4899 ἀποθνήσκοντας,
3159 4825 3417 4890 ζωοποιου
3427 4820 3621 4891 μένους
3645 4818 3702 4871 δὲ
3721 4816 3901 4872 Πνεύ⁸

2333 4940 2483 4991 ματι,
2527 4921 2621 4975 καὶ
2647 4922 2726 4982 εἰς
2752 4919 3042 4987 εὐδόκιμον
3073 4915 3289 4985 ἀληθῶς
3313 4912 3734 4983 ἀναλάμποντας
3760 4908 3902 4977 βίον,

2300 5014 2443 5084 ,πῶς
2471 5014 2573 5066 οὐκ
2598 5012 2665 5066 ἂν
2692 5011 2778 5082 εἴη
2806 5008 3105 5081 θεοπρεπὲς
3126 5026 3140 5073 ;
3171 5008 3294 5061 ’Ὁτι
3314 5005 3392 5070 δὲ,
3413 5003 3587 5057 καίτοι
3609 5000 3902 5069 λεγόμενος

2325 5107 2683 5177 λειτουργεῖν,
2735 5103 2796 5155 οὐ
2850 5105 3018 5172 μείων
3060 5100 3179 5153 ἐστὶ
3221 5097 3315 5152 τοῦ
3350 5095 3582 5175 Πατρὸς,
3627 5091 3751 5145 οὔτε
3795 5089 3904 5160 μὴν

2329 5201 2556 5254 κατόπιν
2583 5198 2803 5267 ἔρχεται
2844 5197 2942 5265 τῆς
2977 5193 3200 5263 ἐνούσης
3224 5190 3473 5252 εὐκλείας
3522 5185 3690 5255 αὐτῷ,
3732 5201 3906 5253 προσ-

2330 5290 2713 5346 ἀποδείκνυσιν
2748 5285 2991 5357 ἐναργῶς
3020 5285 3082 5338 τὸ
3109 5285 3220 5347 τοῖς
3271 5281 3436 5343 θείοις
3475 5277 3635 5332 αὑτὸν
3684 5273 3907 5344 ἐνιδρυ-

2524 5450 2545 5481 ⁶
2578 5448 2732 5505 Joan.
2765 5463 2874 5516 x-tv,
2906 5447 2957 5502 ﬁ.

1732 5587 1906 5643 Variae
1929 5588 2190 5646 lectiones
2217 5587 2414 5645 codicis
2441 5585 2774 5658 Seguieriani

728 5727 754 5774 tl
778 5727 1213 5803 ἱερουργούντας,
1257 5721 1386 5790 [vel]
1417 5726 1784 5794 ἱερατονντας,
1865 5731 1890 5763 9
1921 5721 2067 5784 Υἱός.
