4092 6334
195 370 331 427 159⁸7

1005 372 1097 427 ΑΒ
1139 373 1438 431 llEGlNAS
1477 375 1565 429 DE
1606 374 1831 431 RECTA
1873 373 2029 428 FIDE
2070 371 2328 429 ORATIO
2369 370 2667 427 ALTERA.

3310 359 3446 418 1398

196 491 324 546 σθαι
350 490 549 555 θώκοις
574 532 589 557 ,
621 494 715 546 καὶ
747 494 805 546 ὲν
831 494 978 565 δεξιᾷ
1010 496 1284 567 καθῆσθαι
1313 497 1405 551 τοῦ
1434 497 1765 567 Γεγεννηκό-

1878 497 2128 561 obtineat,
2180 507 2342 565 atque
2406 495 2541 549 adeo
2584 491 2684 561 ipsi
2726 489 2870 544 Patri
2918 488 3137 542 dextera
3186 482 3439 538 assideat.

193 602 308 647 τος.
344 585 404 635 Εἰ
438 586 546 654 γάρ
586 588 731 638 ἐστιν
766 586 982 657 ἀληθὲς,
1035 590 1116 642 ὅτι
1158 591 1267 652 πᾶς
1319 590 1494 657 ἱερεὺς
1536 590 1766 658 ἕστηκεν

196 676 282 726 ἀεὶ
332 675 680 746 λειτουργῶν,
723 678 815 732 καὶ
853 679 955 732 οὑκ
999 680 1065 732 ἂν
1111 682 1281 734 νοοῖτό
1333 699 1462 733 ποτε
1511 681 1769 750 σύνεδρός

193 783 250 816 τε
284 766 379 818 καὶ
416 767 662 839 ίσοκλεὴς
694 763 846 840 ᾧπερ
873 769 938 823 ἂν
967 770 1283 842 λατρεύσειε
1315 773 1456 841 Θεῷ,
1511 773 1629 835 πῶς
1668 773 1769 824 οὑκ

195 857 484 929 ἀσυνήθης
530 860 813 931 ίερουργὺς
846 863 873 913 6
912 864 1168 931 Χριστὸς,
1205 865 1233 916 6
1276 866 1369 917 καὶ
1421 867 1477 917 ὲν
1516 868 1629 919 τοῖς
1670 864 1769 933 τῆς

198 950 453 1018 θεότητος
517 950 713 1016 θώκοις
764 953 840 1016 ὡς
893 954 1063 1016 Θεὸς,
1130 957 1221 1008 acati.
1276 957 1606 1028 λειτουργῶν
1675 958 1768 1009 ἀν-

196 1042 522 1111 θρωπίνως;
556 1045 619 1097 Εἰ
651 1044 706 1098 δὲ
735 1045 797 1115 δή
824 1063 907 1109 τις
936 1046 1082 1114 λέγοι
1129 1048 1482 1116 συκοφαντῶν
1511 1048 1608 1119 τὴν
1640 1049 1769 1118 ἀλή-

198 1131 372 1199 θειαν,
398 1135 479 1186 ὄτι
502 1135 609 1187 Ναὶ
631 1136 924 1189 κεκάθικεν
952 1138 1010 1189 ὲν
1036 1137 1188 1208 δεξιᾷ
1210 1138 1303 1191 τοῦ
1336 1142 1448 1193 Πατ
1460 1140 1549 1209 ρὸς
1587 1140 1769 1203 ίδικῶς

197 1226 485 1297 ἄνθρωπος
530 1228 876 1297 συνημμένος
906 1230 981 1299 τῷ
1012 1230 1128 1299 Θεῷ
1160 1232 1297 1283 κατὰ
1333 1235 1499 1300 μόνην
1532 1230 1629 1301 τὴν
1660 1233 1769 1284 ἰσό-

197 1335 339 1386 τητα
365 1320 459 1388 τῆς
488 1320 641 1383 ἀξίας
666 1337 678 1349 ·
720 1322 902 1373 οὐκέτι
945 1324 1108 1393 μόνης
1143 1320 1282 1377 εἷναί
1314 1343 1445 1393 φησι
1474 1327 1572 1395 τῆς
1612 1325 1770 1392 άγίας

199 1407 433 1475 Τριάδος
479 1411 571 1461 τὸν
634 1410 895 1463 ἀνωτάτω
947 1413 1041 1464 καὶ
1099 1415 1236 1485 μόνῃ
1288 1416 1426 1485 αὑτῇ
1494 1417 1773 1485 πρέποντα

196 1502 410 1571 θρόνον,
437 1502 551 1554 ἀλλ’
578 1502 675 1573 ἤδη
708 1520 789 1566 τις
822 1505 955 1574 ἡμῖν
984 1505 1241 1576 τέταρτος
1269 1510 1469 1573 οὑτοσὶ,
1520 1511 1772 1580 πρόσφα-

195 1594 292 1657 τός
335 1612 394 1646 τε
434 1594 527 1645 καὶ
559 1596 781 1661 γενητὸς
834 1599 1242 1668 ὲπεισκρίνεται
1294 1603 1446 1665 Θεὸς.
1499 1604 1636 1672 μετὰ
1677 1604 1775 1674 τὴν

195 1685 483 1753 ὀμοούσιον
514 1684 605 1736 καὶ
639 1685 799 1752 ἁγίαν
828 1687 1054 1758 Τριάδα.

1872 586 1928 642 Si
1984 589 2126 641 enim
2174 601 2359 639 verum
2422 592 2505 638 est
2557 595 2770 635 omnem
2821 578 3041 634 omnino
3110 574 3441 629 sacerdotem

1870 688 2035 743 stare,
2081 686 2139 730 ut
2182 674 2509 730 sacriﬁcium
2548 671 2737 726 oll‘erat
2764 671 2815 734 ";
2860 681 3033 736 neque
3083 666 3322 720 assidere
3352 673 3445 715 aut

1871 771 2020 839 paris
2048 784 2278 837 unquam
2312 766 2494 835 gloriae
2521 780 2642 818 cum
2676 763 2809 827 Deo,
2839 762 2922 816 cui
2953 758 3241 821 sacriﬁcat,
3286 754 3444 808 intel-

1873 865 1961 931 ligi
2006 872 2175 930 potest
2205 879 2218 915 :
2251 874 2359 929 quo
2408 867 2564 927 pacto
2594 855 2843 909 Christus
2878 867 3017 906 novo
3069 850 3224 902 modo
3255 860 3442 901 sacer-

1872 954 2019 1006 dotio
2065 967 2167 1005 non
2223 951 2478 1019 fnttgitnr,
2519 948 2608 1016 qui
2653 947 2724 999 ita
2757 956 2813 998 ut
2858 945 3019 998 homo
3047 940 3337 998 ministrat.
3387 946 3446 987 ut.

1873 1056 2051 1099 tamen
2086 1045 2138 1098 in
2185 1043 2486 1098 divinitatis
2519 1041 2666 1095 soliis
2706 1036 3030 1093 consideat?
3063 1033 3214 1099 Quod
3243 1032 3287 1086 si
3322 1030 3446 1100 quis

1874 1141 2153 1209 improbus
2193 1136 2450 1190 adversus
2486 1134 2769 1187 veritatem
2805 1127 3135 1201 sycophanta
3174 1124 3446 1179 hominem

1872 1233 2166 1285 secundum
2220 1229 2390 1283 solam
2432 1225 2709 1297 dignitatis
2742 1222 3106 1292 aequalitatem
3156 1219 3263 1272 Deo
3311 1231 3446 1271 con-

1870 1322 2139 1389 jnnctum,
2174 1320 2240 1373 ad
2274 1318 2448 1371 Patris
2491 1318 2765 1371 dexteram
2800 1312 3082 1367 considere
3127 1308 3442 1368 contendat,

1876 1416 1920 1467 is
1951 1428 2080 1465 sane
2114 1421 2343 1471 asserel.
2385 1427 2489 1462 non
2538 1409 2769 1475 amplius
2809 1406 2973 1459 solius
3014 1409 3215 1456 sancta:
3259 1397 3446 1451 Triui-

1879 1505 2003 1557 tatis
2024 1518 2145 1556 esse
2168 1518 2477 1570 supremum
2503 1502 2670 1555 illum.
2690 1509 2852 1566 atque
2877 1496 2975 1563 ipsi
2996 1492 3093 1547 soli
3119 1492 3448 1546 convenien-

1879 1606 1982 1651 tem
2008 1596 2168 1665 166
2203 1576 2477 1647 thronum.
2502 1594 2610 1645 Sed
2630 1591 2739 1658 jam
2774 1598 3000 1658 quartus
3027 1585 3247 1654 quidam
3267 1582 3450 1645 nobis,

1880 1702 2064 1742 recens
2094 1698 2146 1740 et
2182 1684 2349 1739 factus
2385 1681 2743 1737 introducitur
2793 1681 2951 1741 Deus,
2985 1686 3179 1749 praeter
3213 1673 3450 1731 consub-

1880 1777 2185 1834 stantialem
2211 1785 2266 1830 et
2294 1782 2538 1829 sanctam
2567 1770 2913 1825 Trinitatem.

267 1863 404 1916 ΜΒ.
451 1881 468 1913 ι
502 1862 735 1932 Χριστὸς
760 1864 816 1916 δὲ
855 1868 1296 1937 παραγενόμενος
1334 1871 1624 1939 ἀρχιερεὺς
1661 1873 1770 1926 τῶν

1950 1868 2109 1926 XLV.
2160 1886 2179 1919 ι
2214 1867 2459 1923 Christus
2496 1874 2674 1918 autem
2730 1864 2991 1917 assistens
3039 1857 3273 1929 pontifex
3310 1850 3452 1909 futu-

196 1953 505 2017 μελλόντων
537 1952 777 2018 ἀγαθῶν,
809 1954 896 2007 διὰ
924 1957 1019 2025 τῆς
1054 1959 1299 2026 μείζονος
1316 1962 1409 2013 καὶ
1430 1962 1770 2033 τελειοτέρας

194 2047 440 2111 σκηνῆς,
486 2046 547 2097 οὑ
587 2048 991 2114 χειροποιήτου,
1024 2050 1301 2102 τουτέστιν
1336 2053 1397 2103 οὑ
1432 2054 1633 2123 ταύτης
1672 2054 1772 2123 τῆς

195 2137 452 2199 κτίσεως,
500 2137 620 2189 οὑδὲ
664 2137 731 2189 δι’
772 2139 1006 2207 αἵματος
1041 2141 1262 2210 τράγων
1298 2145 1388 2195 κατι
1420 2144 1656 2213 μόσχων,
1683 2146 1771 2198 διὰ

191 2228 252 2281 δὲ
293 2227 387 2278 τοῦ
418 2230 549 2281 ἰδίου
583 2229 813 2298 αἵματος
844 2231 1094 2301 εἰσῆλθεν
1132 2234 1353 2302 ἐφάπαξ
1394 2237 1472 2299 είς
1514 2237 1581 2288 τὰ
1614 2237 1766 2305 ἅγια,

193 2318 420 2370 αἰωνίαν
455 2319 720 2389 λύτρωσιν
765 2321 1082 2392 εὑράμενος.
1129 2344 1146 2375 ι
1189 2325 1321 2378 Τίνα
1353 2326 1410 2377 δὲ
1452 2328 1650 2397 τρόπον
1683 2328 1771 2381 διὰ

192 2408 296 2476 τῆς
356 2408 599 2477 μείζονος
635 2411 731 2463 καὶ
780 2413 1123 2484 τελειοτέρας
1159 2417 1363 2486 σκηνῆς
1412 2418 1637 2485 γέγονεν
1684 2420 1768 2488 ἐφ’

195 2501 345 2568 ἡμᾶς
390 2502 417 2553 6
465 2502 665 2573 Κύριος
712 2503 870 2573 ἡμῶν
928 2505 1134 2575 Ἰησοῦς
1182 2508 1413 2577 Χριστὸς
1458 2512 1768 2582 ἀρχιερεὺς,

194 2592 591 2663 προαπέδειξεν
640 2596 771 2665 ἡμῖν
829 2597 1028 2665 ἀρτίως
1076 2599 1103 2650 6
1151 2599 1332 2665 λόγος.
1390 2601 1511 2654 Ὅτι
1566 2602 1623 2656 δὲ
1675 2603 1773 2674 τῆς

198 2684 511 2756 ἱερουργίας
542 2688 571 2737 6
602 2688 804 2755 τρόπος
823 2688 995 2757 αὑτῷ,
1029 2690 1124 2740 καὶ
1158 2691 1399 2759 ἀμείνων
1429 2694 1772 2763 ἀσυγκρίτως

193 2775 298 2843 τῆς
334 2776 473 2828 κατὰ
507 2778 597 2828 τὸν
631 2777 815 2846 νόμον,
875 2780 969 2830 καὶ
1026 2780 1159 2832 πολὺ
1209 2781 1328 2835 λίαν
1379 2784 1773 2854 ὑπερκείμενος

193 2867 309 2919 τῶν
340 2867 414 2931 ὡς
452 2870 509 2921 ὲν
553 2867 707 2937 τύπῳ
742 2870 837 2922 καὶ
888 2872 1014 2939 σκιᾷ
1062 2872 1179 2941 (καὶ
1222 2875 1329 2944 γάρ
1370 2876 1517 2927 ἐστιν
1550 2876 1709 2939 αὑτὸς
1738 2880 1771 2947 ὴ

195 2956 425 3025 ἀλήθεια
461 2958 554 3010 καὶ
590 2956 649 3009 τὸ
679 2958 909 3026 ἄμωμον
946 2960 1186 3028 ἱερεῖον),
1228 2963 1548 3016 ἐνδοιάσειεν
1579 2964 1645 3017 ἂν
1678 2966 1772 3018 οὑ-

193 3045 330 3109 δείς.
384 3048 660 3117 Ἐπιτήρει
714 3047 802 3112 δὲ,
864 3049 1013 3114 ὅπως
1054 3070 1071 3101 ι
1136 3052 1192 3103 Ὀ
1240 3051 1566 3120 ἀξιάγαστος
1614 3055 1772 3124 ἡμῶν

196 3137 515 3208 ἀρχιερεὺς,
549 3137 607 3201 ὃς
645 3138 897 3192 ἐκάθισεν
926 3142 983 3192 ὲν
1016 3141 1165 3212 δεξιᾷ
1192 3142 1286 3196 τοῦ
1328 3143 1521 3215 θρόνου
1548 3145 1646 3214 τῆς
1680 3162 1775 3216 με-

197 3230 522 3301 γαλωσύνης
555 3232 612 3282 ὲν
646 3233 759 3293 τοῖς
798 3232 1065 3302 οὐρανοῖς,
1107 3236 1196 3288 διὰ
1238 3237 1331 3289 τοῦ
1375 3238 1506 3291 ἰδίου
1548 3238 1777 3307 αἵματος

196 3320 452 3386 εἰσῆλθεν
487 3321 703 3389 ἐφάπαξ
750 3324 829 3391 ei;
874 3325 941 3377 τὰ
970 3323 1123 3393 ἀγια,
1168 3328 1436 3398 λύτρωσιν
1470 3331 1778 3401 εὑράμενος

197 3412 450 3466 αἰωνίαν.
494 3431 511 3463 ι
550 3412 674 3475 Πῶς
700 3408 793 3468 οὖν
824 3417 853 3468 6
883 3418 940 3469 ὲν
970 3416 1119 3490 δεξιᾷ
1149 3421 1239 3474 τοῦ
1267 3422 1480 3492 Πατρὺς
1519 3425 1595 3486 ὡς
1624 3423 1775 3488 Θεὸς,

200 3503 334 3557 ἴδιον
368 3503 511 3573 ἔχειν
545 3499 681 3574 αἷμα
716 3506 913 3575 λέγοιτ’
966 3510 1055 3574 ἂν,
1090 3512 1138 3563 εί
1189 3512 1264 3584 μὴ
1308 3515 1775 3587 πεπιστεύκαμεν,

199 3596 287 3651 ὅτι
316 3597 342 3647 ὀ
371 3596 434 3647 ὲκ
464 3596 599 3650 Θεοῦ
631 3599 843 3670 Πατρὸς
873 3601 1015 3659 κατά
1055 3604 1216 3672 φύσιν
1244 3605 1368 3669 Υἱὸς
1400 3608 1777 3678 κεχρημάτικε

199 3688 301 3740 καὶ
332 3688 460 3751 Υἱὸς
483 3689 793 3761 ἀνθρώπου,
827 3695 922 3747 καὶ
951 3694 1011 3747 τὸ
1046 3695 1174 3748 ἴδιον
1214 3692 1351 3768 αἷμα
1390 3699 1487 3769 τῆς
1522 3701 1778 3754 ἀπάντων

200 3779 352 3849 ζωῆς
385 3781 739 3852 ἀντάλλαγμα
784 3784 930 3849 δοὺς,
974 3785 1178 3857 ταύτην
1222 3788 1422 3860 εὕρατο
1466 3790 1544 3861 τῷ
1586 3792 1778 3863 κόσμῳ

199 3872 301 3942 τὴν
328 3873 410 3936 εἰς
457 3873 631 3927 αἰῶνα
661 3874 957 3947 λύτρωσιν;
1004 3879 1078 3931 Οὑ
1107 3879 1217 3951 γάρ
1256 3898 1357 3934 που
1392 3882 1526 3953 φαίη
1556 3900 1639 3948 τις
1686 3884 1774 3950 ἂν,

199 3964 277 4027 ὠς
308 3959 375 4035 ἦν
407 3965 700 4020 ἀκόλουθόν
740 3984 799 4019 τε
830 3969 923 4021 καὶ
959 3970 1190 4040 πρέπον,
1247 3973 1497 4046 καθάπερ
1541 3977 1599 4029 ὲν
1629 3978 1777 4044 τάξει

200 4056 311 4109 τῶν
340 4057 549 4127 ἀλόγων
576 4058 730 4123 ζώων
758 4060 1058 4128 σφάζεσθαι
1091 4064 1409 4130 πλειστάκις
1439 4068 1531 4120 τὸν
1567 4069 1665 4141 Ἐμ
1675 4090 1776 4139 μα-

201 4148 385 4218 νουὴλ,
439 4150 788 4222 ἀποχρῶντος
835 4152 917 4215 εἰς
967 4152 1236 4224 λύτρωσιν
1287 4157 1389 4225 τῆς
1434 4158 1526 4211 ὑπ*
1551 4162 1778 4231 οὐρανὸν

200 4242 296 4295 τοῦ
330 4242 423 4295 καὶ
449 4241 595 4306 ἅπαξ
616 4244 805 4295 παθεῖν
828 4244 1010 4297 αὑτόν.
1038 4246 1099 4298 Et
1124 4246 1200 4310 δὲ,
1235 4248 1377 4301 καθά
1400 4254 1777 4323 πεφρονήκασί

200 4350 369 4396 τινες,
404 4334 690 4406 ἄνθρωπος
732 4329 801 4404 ἦν
848 4335 1052 4401 ίδικῶς,
1083 4339 1289 4409 ἰσότητι
1322 4342 1419 4411 μὲν
1465 4342 1566 4412 τῆς
1597 4346 1773 4411 ἀξίας,

202 4426 371 4494 ἤγουν
418 4424 726 4491 αὑθεντίας,
784 4429 1135 4499 συνημμένος
1169 4430 1309 4501 Θεῷ,
1354 4433 1685 4506 διῃρημένος
1718 4438 1775 4490 δὲ

1882 1979 2063 2019 rerum
2098 1963 2359 2017 honorum
2384 1998 2397 2025 ,
2454 1972 2548 2025 per
2578 1956 2808 2025 amplius
2842 1963 2895 2007 et
2955 1951 3247 2022 perfectius
3281 1949 3455 2006 taber-

1883 2054 2128 2109 naculum
2170 2067 2273 2107 non
2309 2049 2709 2113 manufactum,
2746 2047 2797 2101 id
2828 2056 2945 2109 est,
2981 2060 3083 2097 non
3116 2043 3271 2111 hujus
3298 2056 3455 2095 crea-

1881 2147 2083 2211 tionis;
2124 2159 2296 2212 neque
2330 2158 2426 2211 per
2475 2140 2796 2209 sanguinem
2854 2137 3124 2190 hircorum
3165 2143 3220 2187 et
3260 2131 3453 2186 vitulo-

1882 2254 1996 2291 rum
2024 2278 2039 2301 ,
2070 2236 2162 2290 sed
2197 2242 2292 2304 per
2323 2232 2599 2303 proprium
2638 2228 2953 2299 sanguinem
3000 2225 3246 2282 introivit
3284 2221 3455 2279 semel

1881 2331 1934 2384 in
2002 2337 2231 2389 sancta,
2264 2333 2463 2379 teterna
2524 2322 2895 2390 redemptione
2946 2318 3161 2372 inventa
3183 2318 3226 2371 ⁸.
3262 2334 3282 2369 ι
3336 2314 3454 2382 Qua

1882 2422 2088 2477 ratione
2138 2416 2394 2470 Dominus
2442 2422 2624 2469 noster
2672 2411 2833 2467 Jesus
2860 2409 3107 2466 Christus
3138 2423 3233 2479 per
3282 2406 3456 2477 maius

1878 2524 1933 2569 et
1980 2509 2272 2582 perfectius
2350 2504 2751 2561 tabernaculum
2828 2503 3099 2570 ingressus
3131 2539 3147 2566 ,
3212 2498 3454 2571 pontifex

1882 2614 2065 2658 noster
2087 2598 2349 2653 exstiterit
2376 2638 2390 2662 ,
2421 2596 2579 2650 verba
2613 2593 2770 2648 modo
2796 2593 3015 2646 recitata
3049 2589 3268 2660 planum
3298 2588 3454 2642 nobis

1885 2694 2105 2747 faciunt.
2154 2690 2304 2755 Quod
2364 2698 2543 2740 autem
2598 2683 2885 2737 sacerdotii
2941 2681 3082 2734 illius
3114 2681 3247 2735 ritus
3292 2678 3452 2748 legali

1882 2782 2185 2839 sacerdotio
2215 2781 2435 2833 omnino
2470 2773 2809 2845 praestiterit,
2843 2772 3241 2841 plurimumque
3272 2786 3333 2825 ea
3356 2787 3453 2823 ex-

1881 2872 2127 2926 celluerit
2175 2882 2294 2936 quae
2342 2874 2545 2920 tantum
2602 2864 2653 2917 in
2687 2862 2877 2916 umbra
2926 2869 2980 2917 et
3038 2861 3204 2931 ligura
3234 2861 3455 2916 contin-

1881 2961 2077 3033 gebant
2120 2959 2274 3028 (ipse
2308 2956 2450 3011 enim
2510 2970 2604 3023 per
2654 2968 2713 3009 se
2751 2968 2880 3009 vera
2931 2952 3021 3007 illa
3074 2962 3127 3008 et
3176 2950 3453 3021 impolluta

1882 3054 2056 3109 hostia
2085 3050 2288 3107 exsdtit
2308 3050 2327 3119 )
2347 3089 2362 3115 ,
2395 3061 2553 3101 nemo
2580 3086 2596 3111 ,
2643 3049 2837 3115 opinor
2858 3086 2872 3106 ,
2908 3045 3116 3099 inﬁcias
3147 3045 3321 3099 iverit.
3351 3043 3458 3099 0b-

1881 3160 2032 3200 serva
2070 3144 2155 3197 hic
2191 3152 2374 3195 autem
2429 3138 2746 3208 praeclarum
2802 3135 2949 3189 illum
2986 3145 3039 3189 et
3077 3133 3449 3188 admirabilem

1885 3258 1903 3293 ι
1950 3236 2266 3293 Pontilicem
2314 3246 2559 3289 nosu'nm
2588 3271 2603 3296 ,
2638 3228 2811 3298 quiin
2860 3228 3083 3284 dextera
3134 3226 3311 3280 throni
3342 3240 3456 3277 ma-

1871 3331 2087 3399 iestatis
2118 3328 2209 3382 Dei
2237 3329 2387 3381 sedet
2423 3325 2477 3378 in
2518 3323 2854 3387 ctelestihus,
2898 3336 2994 3390 per
3024 3319 3297 3389 proprium
3327 3333 3455 3371 san-

1876 3423 2093 3494 guinem
2143 3418 2308 3474 semel
2364 3425 2573 3470 tantum
2625 3414 2675 3467 in
2711 3423 2897 3467 sancta
2947 3412 3199 3465 introisse
3232 3449 3246 3473 ,
3298 3419 3455 3463 aeter—

1877 3528 2113 3582 namque
2161 3510 2584 3579 redemptionem
2620 3506 2909 3559 invenisse.
2946 3520 2965 3554 ›
3007 3505 3073 3556 At
3097 3501 3365 3570 quomodo
3388 3499 3453 3561 is,

1877 3604 1965 3671 qui
2004 3611 2063 3656 ut
2120 3600 2259 3655 Deus
2308 3598 2417 3653 Deo
2464 3595 2609 3651 Patri
2640 3594 2693 3649 in
2759 3595 2978 3650 dextera
3037 3592 3278 3656 assidet,
3331 3604 3458 3657 pro-

1877 3696 2051 3764 prium
2080 3691 2399 3761 sanguinem
2450 3689 2646 3744 habere
2684 3695 2828 3743 recte
2874 3686 2976 3742 dici
3032 3694 3243 3752 potest,
3277 3683 3322 3738 si
3368 3698 3457 3736 na-

1878 3785 2104 3839 turalem
2161 3782 2256 3839 Dei
2294 3780 2509 3844 Filium,
2544 3779 2777 3834 hominis
2826 3789 3044 3846 quoque
3088 3773 3256 3829 illium
3286 3774 3456 3827 exsti-

1881 3877 2009 3933 tisse
2039 3918 2054 3943 ,
2104 3874 2491 3945 propriumque
2532 3868 2848 3938 sanguinem
2891 3867 3122 3937 pretium
3152 3879 3249 3935 pro
3275 3865 3458 3918 omni-

1878 3968 1976 4021 bus
2011 3963 2371 4033 impendisse,
2417 3969 2473 4016 et
2532 3968 2788 4014 aeternam
2845 3958 2946 4012 hac
3007 3956 3214 4010 ratione
3255 3954 3459 4009 mundo

1878 4059 2104 4113 salutem
2142 4056 2439 4126 reperisse,
2489 4063 2638 4107 certo
2671 4060 2988 4121 persuasum
3047 4064 3150 4103 non
3188 4046 3457 4103 habueri-

1879 4149 2037 4204 mus?
2094 4147 2279 4217 Neque
2325 4146 2468 4199 enim
2513 4145 2709 4200 dixerit
2755 4143 3017 4213 quispiam
3097 4140 3345 4195 decuisse
3399 4150 3460 4191 ut

1878 4240 2216 4305 Enunanuel,
2256 4248 2509 4309 tanquam
2579 4250 2742 4306 pecus
2810 4234 3055 4301 aliquod,
3090 4233 3290 4301 saepius
3343 4246 3458 4285 ma-

1879 4344 2159 4398 ctaretur;
2197 4332 2392 4403 quippe
2426 4344 2549 4381 cum
2589 4330 2654 4381 ad
2688 4336 2853 4380 totum
2888 4324 3076 4378 orbem
3115 4321 3453 4377 liberandum
3548 4358 3549 4361 η

1879 4424 1960 4479 vel
1995 4423 2161 4478 semel
2197 4424 2371 4492 ipsqu
2412 4430 2638 4473 mortem
2696 4415 2929 4470 subiisse
2966 4414 3181 4471 abunde
3212 4423 3298 4471 sat
3327 4413 3452 4469 fue-

201 4516 322 4569 an‘
359 4516 677 4581 ὑπόστασιν,
706 4520 801 4571 καὶ
829 4519 931 4573 ἀνά
980 4520 1143 4591 μέρος
1171 4519 1311 4577 εἷναι
1347 4528 1735 4598 πιστευόμενος
1758 4572 1771 4595 ,
1808 4542 1850 4595 ι)
1879 4518 1970 4572 ι’ίῐο
2030 4514 2181 4581 Ουοά
2238 4513 2282 4569 εί
2309 4553 2324 4578 ι
2376 4519 2437 4563 ιη
2488 4508 2729 4564 nonnum
2802 4508 3077 4573 δθηῖίυηίο
3118 4523 3287 4578 νυτυε
3357 4522 3457 4577 Per

198 4607 301 4659 οὑκ
332 4600 400 4675 ἦν
439 4606 571 4659 ἴδιον
603 4601 742 4677 αἷμα
788 4608 883 4663 τοῦ
928 4612 1336 4683 συνεδρεύοντος
1374 4614 1452 4685 τῷ
1500 4618 1675 4689 Πατρὶ
1716 4617 1776 4670 τὺ

200 4700 284 4761 εἰς
312 4696 582 4769 λύτρωσιν
615 4699 710 4753 τοῦ
746 4703 955 4773 κόσμου
997 4704 1169 4770 δοθὲν,
1204 4705 1317 4758 ἀλλ’
1349 4706 1536 4777 ἐτέρου
1574 4708 1772 4776 μᾶλλον

202 4789 463 4859 σχετικὴν
488 4788 703 4860 ἔχοντος
727 4792 863 4861 πρὸς
888 4793 1049 4847 αὑτὸν
1077 4794 1175 4863 τὴν
1220 4795 1533 4862 συνάφειαν.
1565 4794 1772 4860 Ὠσπερ

201 4878 311 4950 γάρ
349 4879 441 4932 δύο
470 4882 611 4945 τινὲς
640 4884 897 4952 ἄρχοντες
941 4886 1005 4953 τῇ
1040 4884 1151 4935 τῶν
1192 4883 1518 4953 ἀξιωμάτων
1568 4884 1772 4950 ἰσότητι

201 4968 323 5021 κατ’
347 4969 497 5023 οὐδὲν
519 4971 1144 5042 άλλήλωνδιενεγκόντες
1178 4971 1333 5035 ὅλως,
1355 4973 1449 5041 οὑχ
1478 4965 1557 5033 εἷς
1590 4972 1771 5023 νοοῦνο

199 5075 287 5112 ταν
320 5064 337 5101 ῐ
373 5062 751 5129 μᾶλλον,ἀλλά
765 5064 857 5117 δύο
887 5064 1026 5118 κατὰ
1048 5063 1107 5115 τὸ
1136 5062 1351 5133 ἀληθέςο
1384 5062 1525 5115 οὑτω
1554 5063 1614 5114 τὸ
1645 5080 1772 5115 συν-

207 5150 451 5216 ημμένον
488 5154 594 5206 τινὶ
638 5157 776 5208 κατά
809 5155 906 5227 τὴν
935 5155 1109 5222 ἀξίαν,
1153 5154 1493 5226 διῃρημένων
1522 5153 1628 5205 τῶν
1674 5153 1774 5221 φύ-

204 5254 365 5295 σεων,
406 5240 572 5309 ἤγουν
603 5245 973 5313 ὑποστάσεων,
1005 5247 1102 5315 οὑχ
1126 5239 1205 5306 εἷς
1233 5240 1342 5295 εἶεν
1370 5244 1455 5309 ἂν,
1488 5244 1621 5295 ἀλλὰ
1643 5245 1735 5299 δύο
1758 5264 1770 5276 ·

204 5329 299 5381 καὶ
330 5329 390 5381 τὸ
419 5331 536 5396 ἑνὸς
576 5330 716 5403 αἷμα
764 5337 924 5406 τυχὸν
963 5337 1125 5393 αὑτοῦ
1154 5336 1217 5407 δὴ
1261 5336 1476 5400 πάντως
1507 5339 1639 5405 ἐστὶ,
1684 5342 1775 5393 καὶ

331 5483 496 5540 Hebr.
532 5489 723 5550 vm,5.
804 5491 1012 5548 "llchr.
1054 5511 1125 5560 ix,
1164 5494 1241 5557 ll,
1280 5492 1361 5545 l2.

1884 4624 1942 4662 se
1978 4616 2181 4659 tantum
2221 4604 2380 4657 homo
2412 4611 2571 4667 erat,
2624 4601 2731 4656 Deo
2785 4602 3001 4671 quidem
3048 4602 3344 4656 secundum
3375 4600 3457 4652 di—

1882 4695 2100 4763 gnitatis
2153 4692 2238 4746 vel
2288 4692 2624 4747 auctoritatis
2678 4692 3038 4763 aequalitatem
3096 4690 3455 4758 conjunctus,

1876 4786 2172 4841 secundum
2224 4786 2554 4857 hypostasim
2593 4800 2720 4841 vero
2776 4785 2844 4840 ah
2884 4785 3070 4839 eodem
3145 4781 3453 4848 sejunctus,

1878 4889 1931 4933 et
1991 4894 2235 4935 seorsum
2296 4894 2391 4950 per
2453 4894 2513 4935 se
2564 4880 2817 4949 positus;
2870 4874 3108 4945 profecto
3181 4874 3401 4943 sanguis
3437 4912 3453 4936 ,

1878 4975 1969 5043 qui
2026 4975 2080 5027 in
2133 4973 2317 5029 mundi
2346 4972 2769 5041 redemptionem
2819 4966 3020 5022 ellusus
3067 4975 3171 5032 est,
3204 4981 3310 5021 non
3336 4976 3455 5019 erat

1878 5064 2020 5119 illius
2065 5064 2157 5133 qui
2206 5064 2272 5118 ad
2301 5064 2575 5119 dexteram
2613 5059 2705 5114 Dei
2740 5056 2917 5113 Patris
2957 5057 3143 5123 sedet,
3189 5057 3283 5112 sed
3323 5055 3455 5110 alte-

1883 5156 1995 5211 rius
2061 5155 2402 5225 cujuspiam,
2451 5151 2544 5221 qui
2604 5148 2883 5205 relativum
2943 5149 3120 5219 potius
3176 5161 3297 5201 cum
3338 5145 3453 5214 ipso

1884 5251 2047 5304 habet
2096 5245 2547 5315 conjunctionem.
2614 5241 3073 5309 Quemadmodum
3131 5238 3273 5294 enim
3344 5236 3459 5292 duo

1885 5340 2152 5411 principes
2192 5338 2377 5393 eadem
2432 5334 2753 5391 auctoritate
2801 5334 3019 5390 omnino
3073 5330 3459 5401 pra:diti,no:t

1282 5648 1449 5705 Varzre
1484 5656 1737 5708 tertiones
1771 5652 1966 5707 codicis
1997 5650 2348 5719 Seguicrinni.

296 5782 311 5821 ί
344 5781 399 5835 ἓν
434 5788 649 5838 νοεῖται.
