4092 6334
641 354 780 414 I399

1638 357 1694 414 S.
1731 356 2004 412 CYRILLI
2046 356 2519 412 ALEXANDRINI
2552 354 2874 411 ARCIIIEP.

3760 348 3899 404 1400

642 489 780 528 unus
813 514 829 540 ,
866 474 961 529 scd
995 474 1100 531 duo
1155 490 1345 530 revera
1398 484 1522 531 sunt
1551 477 1835 543 homines;
1878 477 1951 531 ita
1982 476 2215 547 cuipiam

2327 477 2444 548 οὑχὶ
2478 476 2543 547 δὴ
2597 475 2797 545 μᾶλλον
2854 473 3062 544 ἑτέρου.
3097 472 3304 531 Οὐκοῦν
3346 472 3446 523 οὐκ
3493 471 3707 541 ἀπόχρη
3762 474 3898 540 πρὸς

642 565 900 634 dignitate
951 581 1130 636 parem
1166 582 1329 635 esse,
1380 567 1587 622 naturis
1651 568 1907 630 interim,
1964 568 2214 623 videlicet

639 657 890 727 personis
959 658 1267 723 distinctis,
1318 673 1423 713 non
1476 659 1608 714 sinit
1654 674 1853 727 unum,
1903 660 2059 730 167
2120 661 2214 715 sed

2318 568 2513 621 ἕνωσιν
2562 567 2736 638 ἀληθῆ
2772 566 2833 619 τὸ
2877 567 2950 630 ώς
2996 569 3055 619 ὲν
3101 567 3304 635 ἰσότητι
3355 564 3451 634 τῆς
3502 563 3679 629 ἀξίας,
3729 566 3898 635 ἡγουν

2320 659 2631 724 αὐθεντίας,
2668 659 2937 728 συνῆφθαι
2968 658 3149 727 λέγειν
3177 656 3461 727 ἄνθρωπον
3489 655 3627 726 Θεῷ.

640 753 749 804 duo
791 764 960 805 esse:
1020 761 1075 807 et
1121 752 1280 808 unius
1367 754 1587 823 sanguis
1661 758 1737 809 ita
1775 761 1860 812 est
1938 755 2095 825 hujus
2129 794 2147 821 ,
2197 764 2255 809 ut
2295 755 2440 810 nullo
2494 756 2655 810 modo
2707 755 2778 810 sit
2816 755 3059 809 alterius.
3131 754 3210 806 Ad
3255 767 3437 806 veram
3486 753 3670 821 itaque
3737 752 3895 806 unio-

640 854 760 895 nem
816 856 921 897 non
949 851 1034 897 sat
1094 852 1222 908 est,
1272 843 1542 900 hominem
1606 845 1715 901 Deo
1758 847 2095 902 auctoritatis
2154 848 2236 902 vel
2274 847 2552 917 dignitatis
2595 846 2917 915 aequalitate.
2946 847 3250 915 copulatum
3296 858 3561 898 asserere.

714 933 893 989 XLVI.
934 952 953 986 ι
980 932 1095 988 Non
1134 936 1283 989 enim
1320 936 1371 989 in
1407 946 1595 992 sancta
1630 938 1936 994 manulacta
1969 939 2217 995 Christus

641 1025 921 1091 introivit,
957 1041 1133 1095 neque
1172 1027 1222 1081 in
1265 1028 1596 1097 exemplaria
1657 1043 1910 1085 verorum
1938 1071 1955 1097 ,
2016 1030 2110 1085 sed
2157 1030 2210 1084 in

642 1118 815 1184 ipsum
860 1116 1103 1182 coelum,
1142 1126 1197 1171 ut
1245 1127 1503 1188 appareat
1554 1134 1701 1175 nunc
1763 1120 1929 1174 vultui
1967 1121 2058 1177 Dei
2114 1136 2213 1192 pro

641 1210 859 1265 nobis’.
899 1229 921 1263 ο
948 1239 1020 1253 -
1046 1211 1330 1277 «Caelum.
1369 1214 1546 1284 inquit
1594 1213 1755 1279 Deus,
1804 1217 1934 1271 mihi
1990 1218 2216 1275 thronus

640 1310 725 1355 est
748 1302 831 1355 “z
871 1321 891 1354 ι
920 1318 1091 1372 quare
1140 1312 1194 1358 et
1237 1305 1410 1373 ipsum
1456 1320 1671 1375 quoque
1716 1306 1909 1362 Filium
1967 1312 2217 1379 supernis

640 1393 931 1460 spiritibus.
975 1396 1359 1465 conquiescere
1388 1438 1403 1464 ,
1432 1397 1739 1467 cmlumqne
1769 1399 1931 1455 veluti
1972 1410 2215 1456 sanctum

642 1488 910 1555 quoddam
947 1488 1351 1546 tabernaculum
1381 1492 1627 1547 obtinere
1655 1493 1885 1549 dicimus
1931 1510 2039 1550 non
2067 1510 2219 1551 more

646 1584 997 1634 terrenarum
1040 1580 1445 1649 ministrorum,
1500 1585 1590 1653 qui
1623 1585 1975 1653 corporaliter
2046 1586 2219 1642 sacris

643 1680 980 1739 operantur,
1017 1673 1387 1743 sanguineque
1442 1675 1734 1730 secundum
1774 1676 1909 1747 legis
1961 1677 2219 1746 praescri-

2394 939 2550 1006 MG’.
2587 956 2613 990 ι.
2646 938 2719 991 Οὐ
2752 938 2861 1009 γὰρ
2916 938 2995 1001 εἰς
3027 936 3379 1008 χειροποίητα
3417 934 3664 1004 εἰσῆλθεν
3715 935 3847 1001 ἅγια
3869 935 3901 987 ὁ

2320 1029 2578 1101 Χριστὸς,
2614 1029 2734 1083 οὐδὲ
2781 1031 2861 1092 εἰς
2890 1030 3155 1084 ἀντίτυπα
3180 1028 3286 1083 τῶν
3326 1027 3618 1097 ἀληθινῶν,
3651 1027 3766 1081 ἀλλ’
3817 1030 3897 1091 εἰς

2320 1124 2481 1179 αὑτὸν
2518 1123 2609 1179 τὸν
2648 1124 2897 1195 οὐρανὸν,
2943 1124 3037 1177 νῦν
3080 1122 3478 1194 ἐμφανισθῆναι
3515 1121 3590 1192 τῷ
3621 1121 3903 1192 προσώπῳ

2319 1214 2412 1268 τοῦ
2439 1212 2576 1268 Θεοῦ
2612 1214 2753 1286 ὑπὲρ
2782 1213 2938 1285 ἡμῶν
2958 1230 2971 1243 ·
3012 1234 3033 1267 ι
3054 1214 3148 1267 τοῦ
3181 1213 3315 1268 Θεοῦ
3342 1214 3590 1283 λέγοντος
3609 1229 3623 1242 ·
3651 1232 3668 1265 ι
3717 1214 3777 1266 Ὀ
3808 1214 3904 1265 οὐ·

2325 1306 2485 1379 ρανός
2524 1322 2613 1376 μοι
2648 1304 2866 1376 θρόνος·
2910 1323 2928 1355 ι
2976 1304 3423 1363 ἐπαναπαῦεσθαι
3468 1304 3562 1364 καὶ
3587 1302 3747 1355 αὐτὸν
3785 1305 3903 1365 τοῖς

2325 1398 2439 1454 ἄνω
2467 1396 2743 1469 πνεύμασι
2774 1413 2955 1467 φαμεν
2978 1395 3069 1448 τὸν
3098 1396 3246 1458 Υίον,
3280 1395 3483 1466 σκηνὴν
3520 1395 3709 1465 ῶσπερ
3736 1395 3904 1462 ἁγίαν

2327 1489 2519 1561 ἔχοντα
2552 1488 2644 1541 τὸν
2687 1487 2937 1559 οὐρανὸν,
2972 1487 3065 1539 καὶ
3102 1487 3162 1539 οὐ
3219 1486 3361 1539 κατά
3396 1505 3459 1554 γε
3501 1488 3625 1549 τοὺς
3668 1487 3761 1538 ἐπὶ
3796 1486 3907 1554 γῆς

2328 1583 2747 1657 ἱερουργοῦντας
2776 1583 3122 1652 σωματικῶς,
3152 1584 3246 1635 καὶ
3283 1582 3379 1645 τὰς
3425 1581 3488 1633 δι’
3538 1582 3785 1649 αἱμάτων
3815 1596 3907 1631 τεο

2326 1676 2551 1740 λοῦντας
2593 1676 2805 1738 θυσίας,
2844 1675 2923 1737 εἰς
2950 1673 3217 1726 ἀντίτυπα
3254 1672 3359 1725 τῶν
3388 1670 3656 1742 ἀληθινῶν
3688 1669 3905 1739 εἰστρέ-

642 1773 792 1831 ptum
835 1764 903 1817 ad
971 1778 1221 1825 venerum
1254 1766 1658 1834 expressionem
1715 1766 1889 1821 litant.
1942 1765 2046 1822 Sed
2080 1782 2219 1837 quo,

2328 1784 2493 1838 χοντα
2526 1765 2669 1821 κατά
2695 1765 2754 1817 τὸ
2777 1764 2854 1834 τῷ
2884 1763 3033 1833 νόμῳ
3058 1761 3266 1816 δοκοῦν.
3315 1761 3700 1831 Ἐμφανίζεται
3724 1760 3781 1812 δὲ
3806 1759 3905 1811 νῦν

643 1869 868 1921 qnzeso,
921 1854 1079 1908 modo
1121 1854 1290 1908 vultui
1329 1854 1420 1908 Dei
1457 1871 1599 1909 nunc
1638 1871 1739 1925 pro
1777 1856 1930 1911 nobis
1960 1858 2222 1927 apparet?

643 1946 835 2001 Nonne
890 1961 1106 2015 semper
1141 1947 1303 2003 etiam
1360 1956 1487 2001 ante
1528 1947 1958 2002 incarnationem
2012 1949 2223 2003 exstitit

642 2052 905 2106 apparens
948 2049 1004 2093 et
1052 2036 1414 2107 conspicuus?
1448 2038 1605 2107 idque
1646 2038 1805 2093 facile
1855 2048 1937 2094 est
1963 2039 2216 2110 cegnitu,

643 2128 786 2195 quod
832 2128 947 2193 ipse
985 2138 1075 2183 est
1131 2127 1311 2198 epilex
1356 2130 1627 2198 sapientia
1682 2129 1778 2185 Dei
1851 2139 1905 2185 et
1953 2128 2220 2193 Patris“.

641 2236 740 2290 per
775 2235 938 2291 quam
990 2220 1058 2276 ad
1095 2236 1215 2278 esse
1261 2222 1522 2292 producta
1586 2232 1712 2277 sunt
1741 2222 1943 2275 omnia.
1981 2221 2047 2275 Et
2074 2230 2223 2275 certe

641 2320 699 2364 ut
738 2309 1015 2379 Sapientia
1057 2310 1229 2367 dicit:
1266 2330 1285 2363 ι
1317 2311 1428 2382 Ego
1479 2326 1630 2366 eram
1666 2327 1770 2381 qua
1834 2312 2220 2367 delectabatur.

641 2402 745 2459 Per
790 2402 1033 2471 singulos
1093 2413 1275 2457 autem
1336 2404 1452 2459 dies
1498 2404 1798 2469 gaudebam
1828 2404 1879 2457 in
1931 2415 2220 2472 conspectu

639 2493 757 2560 ejus
815 2492 962 2547 omni
1035 2502 1311 2563 tempore,
1374 2494 1597 2563 quando
1673 2494 1943 2563 gaudebat
2025 2496 2223 2548 mundo

642 2583 931 2651 perfecto,
952 2594 1010 2638 et
1065 2585 1337 2655 gaudebat
1396 2586 1537 2638 inter
1587 2585 1725 2639 ﬁlios
1801 2586 2079 2640 hominum
2102 2588 2162 2640 η.
2196 2606 2215 2639 ι

640 2678 774 2730 Cum
820 2676 889 2732 ab
934 2677 1089 2733 initio
1127 2678 1291 2747 igitur
1344 2676 1507 2731 Pater
1551 2677 1626 2733 illi
1677 2679 2217 2746 adblandiretur,ex

639 2782 813 2837 eoque
868 2768 1283 2828 oblectationem
1329 2769 1570 2839 quotidie
1603 2780 1878 2839 'capcret,
1928 2773 2078 2842 isque
2136 2773 2219 2827 vi-

642 2860 825 2914 cissim
888 2860 1216 2931 voluptatem
1274 2861 1419 2915 Patri
1474 2861 1729 2928 atl‘erret,
1766 2865 2035 2930 quomodo
2076 2880 2220 2919 nunc

642 2952 861 3006 domum
890 2951 1061 3006 vultui
1092 2953 1182 3007 llei
1232 2967 1495 3023 apparere
1544 2954 1788 3008 dicitur?
1812 2953 1955 3008 Sane
1985 2954 2218 3010 Verbum

646 3040 741 3095 Dei
799 3046 946 3097 neve.
985 3057 1127 3096 nunc
1172 3042 1336 3098 modo
1379 3053 1633 3111 apparet.
1690 3060 1798 3097 non
1841 3044 2067 3113 amplius
2096 3062 2218 3101 ear-

2331 1860 2470 1931 ὑπὲρ
2500 1857 2656 1928 ἡμῶν
2709 1855 2787 1925 τῷ
2817 1854 3097 1926 προσώπῳ
3144 1853 3238 1907 τοῦ
3289 1853 3445 1917 Θεοῦ,
3509 1855 3614 1905 τίνι
3670 1851 3906 1921 τρόπῳ;

2329 1948 2477 2022 Ἀρα
2501 1950 2611 2021 γὰρ
2639 1950 2738 2002 οὐκ
2759 1949 2845 2001 ἀεὶ
2872 1948 2964 2000 καὶ
2990 1947 3096 2019 πρὸ
3116 1947 3212 2016 τῆς
3241 1945 3701 2017 ὲνανθρωπηαεως
3723 1942 3909 2012 ὑπάρ-

2331 2062 2418 2115 χει
2467 2043 2754 2113 ὲμφανής;
2804 2040 2993 2094 Καίτοι
3059 2040 3398 2111 καταθρῆσαι
3436 2041 3584 2108 ῥᾷον,
3621 2037 3697 2098 ὡς
3741 2035 3909 2097 αὑτός

2326 2138 2479 2189 ἐστιν
2508 2136 2540 2202 ἡ
2580 2130 2909 2201 δημιουργὸς
2949 2131 3107 2199 σοφία
3140 2130 3233 2182 τοῦ
3266 2128 3399 2181 Θεοῦ
3436 2129 3530 2181 καὶ
3562 2123 3793 2197 [ἰατρὸς.
3834 2124 3908 2177 δι’

2328 2218 2395 2295 ἦς
2419 2222 2487 2275 τὰ
2514 2222 2690 2275 πάντα
2710 2220 3113 2289 προσεκομίσθη
3143 2218 3185 2257 τ’
3208 2219 3341 2288 πρὸς
3367 2216 3620 2286 ὓπαρξιν.
3640 2216 3749 2269 Καὶ
3769 2214 3913 2283 γοῦν

2328 2315 2404 2376 ὼς
2469 2312 2637 2381 Σοφία
2670 2311 2858 2381 φησίν·
2899 2330 2915 2359 ι
2959 2310 3099 2378 Ἐγώ
3122 2311 3270 2379 ἤμην
3374 2309 3726 2378 προσέχαιρε.
3762 2306 3909 2359 Καθ’

2329 2405 2543 2475 ἡμέραν
2574 2403 2632 2455 δὲ
2655 2400 3024 2471 εὐφραινόμην
3054 2402 3113 2457 ὲν
3146 2398 3422 2471 προσώπῳ
3459 2397 3622 2451 αὐτοῦ
3656 2399 3711 2449 ὲν
3739 2395 3909 2448 παντὶ

2330 2492 2538 2563 καιρῷ·
2570 2492 2657 2545 ὅτε
2686 2490 3067 2560 ὲνευφραίνετο
3090 2489 3186 2558 τὴν
3208 2488 3530 2557 οἰκουμένην
3558 2486 3904 2547 συντελέσας,

2331 2586 2427 2640 καὶ
2460 2585 2845 2653 ὲνευφραίνετο
2874 2584 2930 2656 ὲν
2962 2582 3094 2645 υἱοῖς
3130 2581 3452 2651 ἀνθρώπων.
3509 2601 3526 2632 ι
3568 2581 3697 2632 Ὅτε
3722 2578 3908 2631 τοίνυν

2330 2677 2469 2747 αὐτῇ
2498 2676 2861 2747 προσέχαιρεν
2894 2675 2923 2725 ὁ
2955 2672 3166 2743 Πατὴρ,
3197 2674 3292 2726 καὶ
3320 2669 3386 2745 ἦν
3419 2675 3478 2726 ἐν
3501 2670 3775 2742 προσώπῳ
3805 2670 3908 2723 αῦ-

2327 2768 2421 2821 τοῦ
2451 2768 2572 2821 καθ’
2604 2766 2820 2837 ἡμέραν
2852 2765 3254 2836 εὑφραινομένη
3281 2783 3339 2818 τε
3382 2765 3475 2817 καὶ
3517 2764 3905 2833 εὑφραίνουσα,

2331 2861 2449 2923 πῶς
2473 2860 2835 2931 ἐμφανίζεται
2856 2861 2974 2912 νυνὶ
3001 2858 3078 2927 τῷ
3107 2856 3384 2927 προσώπῳ
3396 2857 3488 2910 τοῦ
3503 2856 3670 2917 Θεοῦ;
3696 2854 3909 2906 Οὐκοῦν

2328 2952 2685 3022 ἐμφανίζεται
2727 2948 2913 3015 ξένως,
2948 2949 3132 3003 οὐκέτι
3169 2949 3377 3019 γυμνὸς
3414 2948 3507 3001 καὶ
3529 2948 3765 3017 ἄσαρκος
3803 2955 3906 3015 λο-

2329 3061 2443 3111 γος,
2496 3042 2747 3111 καθάπερ
2799 3043 2991 3112 ἀμέλει
3038 3042 3132 3094 καὶ
3188 3043 3245 3092 ὲν
3294 3042 3487 3109 ἀρχαῖς
3535 3034 3623 3107 ἦν,
3680 3036 3795 3088 ἀλλ’
3849 3039 3907 3088 ὲν

644 3132 729 3190 nis
774 3146 972 3199 expers
1031 3144 1085 3186 et
1135 3135 1377 3199 nudum,
1409 3134 1549 3187 sicut
1597 3134 1651 3190 in
1689 3134 1994 3202 principio,
2051 3136 2143 3189 sed
2169 3136 2219 3190 in

2330 3136 2512 3205 μορφῇ
2542 3152 2601 3186 τε
2628 3135 2720 3187 καὶ
2751 3135 2911 3202 φύσει
2943 3139 3009 3206 τῇ
3039 3134 3161 3188 καθ’
3194 3136 3341 3203 ἡμᾶς
3360 3152 3371 3165 ν
3406 3133 3584 3203 φαμὲν
3608 3130 3714 3199 γὰρ
3734 3127 3910 3190 οὕτως

646 3223 815 3277 forma
850 3230 912 3277 et
949 3233 1145 3276 natura
1182 3223 1435 3278 humana.
1468 3224 1549 3277 Ad
1590 3225 1734 3280 hunc
1767 3226 1948 3296 itaque
1999 3227 2219 3281 modum

649 3329 747 3383 pro
785 3314 941 3370 nobis
977 3328 1243 3385 apparere
1266 3353 1283 3381 ,
1349 3317 1746 3387 humanamque
1796 3328 2039 3372 naturam
2068 3320 2226 3390 (esto

649 3407 737 3469 illa
817 3416 1039 3479 propter.
1081 3408 1274 3464 Adami
1350 3411 1849 3480 prazvaricationem
1903 3411 2226 3480 quandoque

647 3515 808 3555 exosa
866 3501 1277 3571 proscriptaque
1324 3502 1525 3573 fuerit)
1567 3504 1619 3557 in
1669 3512 1960 3571 conspectu
1998 3503 2089 3558 Dei
2120 3502 2222 3557 Pa-

648 3592 748 3646 tris
784 3590 984 3647 oderre
1041 3594 1291 3649 traditur.
1354 3594 1586 3652 Verbum
1646 3596 1914 3665 proinde,
1953 3605 2012 3651 ut
2064 3597 2225 3653 homo

648 3683 847 3739 factum
904 3693 1020 3749 est,
1058 3686 1228 3741 oculis
1280 3688 1521 3754 paternis
1566 3688 1717 3742 velut
1759 3689 1810 3741 in
1839 3691 2019 3757 scipso
2048 3690 2225 3759 primo

648 3790 746 3839 nos
796 3775 982 3842 sistit;
1044 3791 1150 3845 quo
1194 3778 1451 3832 nimirum
1491 3778 1632 3833 Patri
1669 3784 2076 3835 cmmnendatos
2128 3797 2226 3837 nos

648 3868 874 3933 reddat,
921 3869 1195 3924 veteribus
1245 3873 1400 3924 noxis
1440 3873 1723 3938 expiatos,
1783 3880 1943 3938 atque
2000 3873 2067 3925 ad
2102 3873 2224 3927 vita:

648 3961 936 4025 novitatem
983 3974 1077 4028 per
1130 3960 1394 4029 Spiritum
1440 3963 1803 4025 instauratos,
1880 3977 1943 4015 ac
2004 3966 2222 4019 tandem

645 4052 835 4119 dignos
857 4052 1080 4105 eliectns
1129 4053 1217 4121 qni
1262 4055 1313 4106 in
1368 4063 1657 4119 conspectu
1706 4054 1884 4109 Patris
1914 4057 2085 4110 simus
2110 4056 2221 4124 jam

647 4146 698 4209 in
756 4145 891 4197 ﬁlios
947 4148 1203 4213 cooptati.

676 4273 838 4344 168
880 4273 953 4329 De
986 4292 1043 4330 eo
1083 4279 1223 4345 quod
1260 4276 1513 4332 Dominus
1546 4289 1718 4331 noster
1757 4280 1910 4333 Jews
1942 4280 2187 4334 Christus

1013 4349 1237 4415 gloriam
1271 4351 1531 4417 accepisse
1566 4350 1836 4402 scribitur.

2330 3227 2493 3280 αὑτὸν
2540 3225 2944 3295 ἐμφανισθῆναι
2983 3226 3119 3289 νυνὶ,
3178 3225 3273 3278 καὶ
3309 3219 3419 3278 οἷον
3454 3226 3539 3276 ἐπ’
3583 3222 3703 3291 ῦψει
3747 3222 3771 3260 3
3810 3218 3909 3271 τοῦ

2327 3313 2464 3371 Θεοῦ
2498 3317 2594 3371 καὶ
2628 3317 2838 3387 Πατρὶς
2860 3316 2953 3370 τοῦ
2980 3315 3267 3387 ἀνθρώπου
3307 3318 3469 3385 φύσιν
3503 3316 3751 3383 ἀγαγεῖν,
3781 3312 3909 3365 καί-

2326 3426 2408 3463 τοι
2450 3409 2751 3481 γενομένην
2788 3408 2847 3461 ὲν
2878 3407 3195 3478 ἀποστροφῇ
3229 3408 3317 3460 διὰ
3352 3407 3451 3479 τὴν
3497 3410 3555 3460 ὲν
3602 3405 3772 3474 Ἀδὰμ
3801 3421 3914 3455 παρ-

2331 3502 2579 3573 ράὅασιν.
2625 3502 2802 3571 Ἡμᾶς
2836 3494 2929 3553 οῦν
2968 3498 3077 3569 ἀρα
3124 3498 3451 3569 παρίστησιν
3494 3501 3552 3550 ὲν
3605 3496 3909 3565 ὀφθαλμοῖς

2327 3593 2421 3647 τοῦ
2460 3593 2669 3665 [Ῑατρὸς
2701 3592 2775 3655 ώς
2802 3592 2860 3645 ἐν
2891 3589 3068 3660 ἑαυτῷ
3098 3592 3191 3643 καὶ
3232 3589 3451 3661 πρώτῳ,
3498 3588 3631 3641 καθὸ
3664 3587 3911 3655 πέφηνεν

2326 3686 2631 3758 ἄνθρωπος,
2666 3684 2731 3736 ἶν’
2765 3685 2914 3754 ἡμᾶς
2955 3683 3281 3754 προσαγάγῃ
3324 3681 3400 3752 τῷ
3437 3681 3631 3750 Πατρὶ,
3671 3679 3763 3731 καὶ
3795 3678 3909 3729 τῶν

2327 3778 2569 3847 ἀρχαίων
2616 3774 2929 3838 ἀπαλλάξας
2971 3774 3334 3843 αἰτιαμὰτων,
3379 3775 3472 3826 καὶ
3508 3773 3583 3835 εἰς
3611 3769 3911 3837 καινότητα

2326 3872 2472 3941 ζωῆς
2544 3870 3039 3941 μεταστοιχειώσας
3108 3870 3167 3921 ὲν
3222 3867 3533 3937 Πνεῦματισ
3602 3864 3741 3916 ὥστε
3810 3864 3910 3915 καὶ

2325 3962 2509 4029 ἀξίους
2559 3961 2789 4031 ὁρᾶσθαι
2841 3961 3022 4013 λοιπὸν
3069 3959 3168 4028 τῆς
3209 3960 3359 4028 παρὰ
3403 3956 3497 4011 τοῦ
3546 3956 3757 4027 Πατρός
3807 3957 3911 4008 ἐπ-

2324 4055 2565 4117 οπτείας,
2597 4053 2670 4117 ώς
2702 4054 2760 4106 ὲν
2790 4053 2921 4106 υἱῶν
2954 4052 3105 4119 τάξει
3145 4050 3645 4121 παρειλημμένους.

2328 4271 2464 4340 Περὶ
2496 4272 2603 4324 τοῦ
2625 4270 2903 4339 λέγεσθαι
2929 4271 3115 4332 δόξαν
3143 4273 3349 4323 ,λαϐεῖν
3366 4275 3470 4322 τὸν
3491 4270 3708 4335 Κύριον
3737 4263 3909 4333 ἡμῶν

2834 4342 3079 4407 Ἰησοῦν
3108 4342 3364 4406 Χριστόν

717 4454 924 4510 XLV-ll.
963 4474 982 4507 t
1044 4456 1243 4509 Paulus
1276 4460 1551 4525 apostolus
1614 4475 1719 4513 non
1762 4463 1829 4513 ab
1876 4462 2219 4523 hominibus,

2398 4460 2531 4512 MZ'.
2570 4476 2584 4508 t
2617 4455 2828 4518 Παῦλος
2858 4455 3155 4515 ἀπόστολος
3182 4454 3281 4505 οὐκ
3302 4454 3392 4505 ἀπ-
3427 4453 3754 4521 ανθρώπων,
3781 4450 3907 4501 οὐδὲ

645 4564 824 4618 neque
877 4563 974 4617 per
1029 4547 1271 4603 homines
1295 4588 1308 4611 ,
1338 4550 1431 4603 sed
1474 4566 1569 4617 per
1629 4551 1810 4605 Jesum
1843 4551 2141 4615 Christum,
2171 4562 2223 4605 et

646 4641 815 4696 Deum
855 4638 1079 4694 Patrem
1118 4638 1210 4707 qui
1251 4640 1533 4693 suscitavit
1577 4657 1697 4695 emn
1733 4657 1798 4698 ex
1838 4644 2063 4697 mortuis
2091 4644 2154 4697 ³³.
2194 4661 2214 4695 ι

642 4733 723 4787 Ad
790 4733 1186 4788 ostendendum
1240 4729 1522 4785 Demittunt
1556 4744 1796 4787 nostrum
1850 4734 2031 4789 Jesum
2062 4735 2219 4789 Chri-

645 4830 786 4880 stum
841 4836 1064 4879 externa
1125 4823 1526 4890 adventitiaque
1584 4822 1747 4889 gloria
1792 4824 2014 4878 minime
2076 4825 2218 4878 indi-

648 4916 870 4983 guisse,
921 4922 1006 4970 sat
1049 4926 1163 4972 erat
1197 4916 1503 4979 indicasse,
1544 4917 1717 4983 ipsum
1764 4930 1918 4983 teque
1947 4912 2219 4971 ac'Deum

648 5004 865 5061 Patrem
906 5008 1119 5061 mittere
1165 5009 1475 5076 ministros,
1532 5009 1623 5077 Qui
1692 5008 1840 5061 illum
1888 5009 2221 5076 deprtedica-

648 5108 812 5153 rent:
850 5113 1026 5167 neque
1075 5102 1217 5153 enim
1267 5102 1619 5172 semetipsos,
1676 5102 1765 5171 qui
1836 5101 2223 5166 mittebantur,

643 5190 1049 5260 praedicabant,
1140 5195 1235 5247 sed
1311 5192 1493 5249 Jesum
1564 5195 1833 5251 Christum
1891 5193 1944 5248 in
1999 5194 2223 5265 gloriam

648 5282 741 5339 Dei
798 5283 994 5339 Patris.
1040 5283 1177 5352 Quia
1208 5299 1337 5339 vero
1382 5300 1567 5344 sacras
1599 5288 1833 5345 Litteras
1889 5286 2089 5346 sectari
2124 5301 2226 5342 nos

766 5465 932 5535 ltebr.
960 5483 1035 5534 ιχ,
1062 5466 1154 5521 24.
1235 5466 1277 5497 ¹⁰
1302 5465 1404 5520 lsa.
1436 5480 1580 5529 Lavi,
1616 5467 1663 5519 l.

1743 5470 1782 5499 ”
1814 5469 1831 5523 Ι
1858 5468 1985 5525 Cor.
2017 5483 2055 5534 ι,
2084 5466 2175 5522 24.
2258 5465 2298 5495 ¹¹
2329 5463 2489 5519 Prov.
2523 5478 2641 5529 \‘lll,
2678 5463 2768 5529 ὅθ,
2797 5463 2885 5519 51.

2329 4553 2393 4605 δι’
2430 4551 2753 4624 ἀνθρώπων,
2805 4548 2938 4601 ἀλλὰ
2986 4546 3072 4600 διὰ
3120 4544 3294 4616 Ἰησοῦ
3334 4544 3592 4616 Χριστοῦ,
3633 4544 3726 4596 καὶ
3767 4542 3907 4595 Θεοῦ

2329 4646 2540 4716 Πατρὸς
2570 4644 2664 4698 τοῦ
2691 4643 3001 4713 ἐγείραντος
3036 4641 3196 4694 αὑτὸν
3227 4640 3292 4692 ὲκ
3313 4638 3541 4708 νεκρῶν.
3591 4655 3608 4687 ι
3662 4636 3907 4707 ’Δπόχρη

2331 4739 2428 4809 μὲν
2465 4738 2542 4800 είς
2572 4736 2845 4802 ἀπόδειξιν
2873 4734 2966 4788 τοῦ
3002 4734 3075 4803 μὴ
3099 4732 3378 4801 δεδεῆσθαι
3399 4730 3556 4798 δόξης
3582 4730 3679 4797 τῆς
3704 4725 3911 4790 ἔξωθεν

2329 4831 2418 4883 καὶ
2455 4828 2871 4900 είσκεκριμένης
2889 4827 2978 4879 τὸν
3004 4825 3202 4895 Κύριον
3231 4823 3386 4891 ἡμῶν
3417 4821 3623 4891 Ἰησοῦν
3646 4820 3904 4891 Χριστὸν,

2327 4923 2387 4973 τὸ
2420 4920 2869 4973 συναποστέλλειν
2902 4919 2979 4989 τῷ
3006 4917 3124 4988 Θεῴ
3153 4917 3247 4969 καὶ
3278 4915 3451 4984 Πατρὶ
3484 4913 3595 4965 τῶν
3629 4912 3907 4980 περἰὲαυ-

2327 5013 2422 5065 τοῦ
2460 5013 2830 5082 κηρυγμάτων
2874 5013 2998 5074 τοὺς
3039 5006 3475 5080 ἱεμωργούςιοὺ
3531 5004 3635 5074 γὰρ
3678 5004 3907 5065 ἑαυτοὺς

2328 5105 2645 5174 ἐκήρυττον,
2689 5104 2822 5157 ἀλλά
2853 5104 3087 5175 Χριστὸν
3140 5098 3349 5168 Ἰησοῦν
3400 5097 3602 5169 Κύριον
3637 5098 3715 5160 εἰς
3748 5096 3907 5161 δόξαν

2330 5197 2465 5249 Θεοῦ
2496 5199 2723 5268 Πατρός.
2770 5197 2985 5266 Ἐπειδὴ
3019 5196 3074 5247 δὲ
3102 5197 3210 5255 τοῖς
3248 5195 3412 5263 ἱεροῖς
3442 5191 3667 5245 ἔπεσθαι
3714 5191 3905 5260 Γραμ-

2335 5306 2499 5359 μασιν
2538 5288 2830 5358 ἀναγκαῖον
2863 5291 3028 5359 ἡμᾶς,
3062 5284 3809 5359 οῦδαμοῦξπαρεκτρέχοντας
3847 5284 3908 5337 τὸ

2966 5464 3006 5495 ¹³
3028 5461 3203 5517 Calat.
3236 5479 3273 5528 t,
3322 5464 3367 5517 l.

1747 5622 1918 5682 Varize
1950 5626 2211 5683 lectiones
2244 5622 2443 5683 codicis
2471 5618 2831 5692 Seguicriani.

733 5778 775 5822 ‘1'
808 5777 868 5833 ἴ.
906 5794 1171 5851 παρεκομ.
1256 5785 1277 5823 ⁸
1306 5784 1361 5839 ἐν
1395 5781 1534 5852 ὄψει,
