4092 6334
229 396 355 451 ιιοι

1041 384 1130 437 AD
1168 379 1465 437 REGINAS
1508 377 1591 433 DE
1632 376 1855 433 RECTA
1894 376 2052 432 FIDE
2090 371 2350 431 ORATIO
2391 367 2669 424 ALTERA

3324 350 3467 410 1402

225 514 407 573 αὐτοῖς
438 506 649 571 δοκοῦν,
686 504 817 574 φέρε
851 502 1118 570 λέγωμεν,
1143 500 1273 557 τίνα
1302 498 1365 568 δὴ
1395 497 1592 568 τρόπον
1613 496 1640 547 ὁ
1666 495 1794 557 Θεὸς

1899 502 2149 561 oportet,
2228 503 2403 559 neque
2451 488 2517 541 ab
2557 497 2741 539 earum
2791 482 3021 535 decretis
3071 476 3153 531 vel
3190 475 3466 529 minimum

226 608 319 658 καὶ
358 601 550 671 Πατὴρ
575 599 703 666 δόξῃ
725 596 943 663 λέγεται
981 591 1278 658 στεφανοῦν
1297 590 1387 642 τὸν
1413 589 1557 643 Υἱόν,
1581 585 1790 639 υύκοῦν

224 694 393 755 αὑτός
455 691 556 743 πού
614 705 778 759 φησιν
832 690 860 741 ό
914 685 1185 755 μακάριος
1244 683 1453 743 Παῦλος
1503 680 1631 750 περὶ
1685 679 1791 731 τῶν

222 786 501 855 ἀρχόντων
526 781 621 835 τοῦ
658 781 851 842 αῖῶνος
875 779 1065 830 τούτου
1086 792 1101 809 ο
1134 796 1153 826 ι
1188 776 1249 827 Εἰ
1280 775 1387 843 γὰρ
1407 773 1668 841 ἔγνωσαν,
1692 772 1792 823 οὐκ

225 880 291 928 ἂν
341 875 432 927 τὸν
476 872 680 943 Κύριον
724 871 822 940 τῆς
852 869 1009 936 δόξης
1052 866 1421 935 ἐσταύρωσαν.
1464 884 1482 916 ι
1522 861 1672 917 Οἶδεν
1700 859 1791 917 οὖν

223 967 331 1035 ἄρα
366 966 458 1016 καὶ
488 964 692 1034 Κύριον
726 962 852 1015 ὄντα
884 960 983 1031 τῆς
1012 960 1170 1028 δόξης
1215 958 1305 1009 τὸν
1346 958 1790 1027 ἐσταυρωμένονο

223 1058 337 1119 πῶς
373 1054 466 1109 οὖν
500 1057 711 1125 δέχεται
742 1052 899 1117 δόξαν
939 1050 1093 1122 παρὰ
1118 1050 1211 1102 τοῦ
1236 1050 1449 1120 Πατρὺς
1470 1051 1496 1101 ὁ
1520 1050 1618 1119 τῆς
1638 1048 1795 1117 δόξης

224 1149 460 1218 Κύριος;
500 1150 571 1201 Ἦ
602 1148 780 1217 δῆλον,
809 1147 891 1199 ὅτι
922 1144 1210 1211 πεποίηται
1243 1140 1407 1193 πάλιν
1436 1138 1791 1208 οἰκονομικῶς

220 1244 250 1293 ὁ
269 1241 422 1308 λόγος
454 1238 631 1309 αὑτῷς
664 1239 887 1306 Δέχεται
926 1235 1024 1305 μὲν
1047 1234 1153 1303 γὰρ
1186 1230 1561 1301 ἀνθρωπίνως,
1591 1229 1703 1282 ἐστι
1733 1229 1790 1281 δὲ

222 1333 316 1382 καὶ
361 1333 504 1385 οὓτω
541 1331 637 1400 τῆς
676 1329 833 1398 δόξης
868 1327 1074 1396 Κύριος
1114 1322 1327 1385 θεῖκὶἶις.
1358 1323 1468 1375 Καὶ
1511 1323 1539 1373 ὁ
1566 1322 1662 1391 μὲν
1694 1321 1792 1389 τῆς

1895 584 2170 639 discedere
2206 582 2359 641 nobis
2415 579 2572 643 licet;
2623 573 2848 644 agedum
2921 568 3141 640 paucis,
3200 566 3469 635 quomodo

1898 674 2038 726 Dens
2081 669 2243 724 Pater
2283 667 2478 721 Filium
2520 678 2675 717 suum
2716 658 2883 729 gloria
2931 669 3216 711 coronasse
3238 654 3465 716 dicatur,

1889 763 2112 831 planum
2164 760 2444 814 faciamus.
2505 753 2700 806 Beatus
2742 750 2938 803 Paulus
2981 749 3047 802 de
3095 744 3272 800 saiculi
3313 743 3470 811 hujus

1892 852 2232 923 principibus
2284 848 2513 918 quodam
2557 846 2608 897 in
2646 846 2761 898 loco
2805 844 2878 896 ita
2912 838 3098 895 scribit
3132 856 3145 893 :
3178 855 3196 887 ι
3240 835 3295 890 Si
3324 836 3467 887 enim

1893 945 2308 1013 cognovissent,
2369 951 2643 1005 nunquam
2697 933 2981 989 Dominum
3038 928 3222 999 gloria:
3286 924 3467 980 cruci-

1899 1021 2275 1091 fixissent“.i
2334 1030 2499 1085 Norat
2550 1028 2768 1094 itaque,
2816 1038 2939 1078 eum
2996 1023 3085 1091 qui
3132 1019 3308 1075 crucis
3336 1032 3467 1085 sup-

1896 1129 2109 1202 plicium
2179 1124 2457 1185 subierat,
2526 1120 2709 1187 gloriae
2794 1115 3081 1171 Dominum
3135 1126 3275 1167 esse.
3349 1107 3467 1160 Jam

1894 1200 2162 1289 quomodo
2200 1217 2456 1271 Dominus
2481 1212 2664 1284 glorite
2701 1209 2925 1281 gloriam
2963 1223 2989 1259 a
3022 1206 3179 1260 Patre
3230 1200 3470 1269 accipit?

1898 1311 2063 1379 Hujus
2113 1308 2432 1380 quaastiouis
2477 1305 2674 1359 nodum
2724 1298 3146 1365 dispensationis
3195 1296 3333 1351 ratio
3355 1295 3468 1348 dis-

224 1422 375 1485 θείας
409 1382 831 1491 comic-pucea;
878 1382 1103 1480 πλοῦτος
1146 1382 1317 1486 ὁρῷτο
1353 1414 1419 1467 ἂν
1457 1382 1593 1482 πρὸς
1640 1382 1795 1481 ἡμων

1892 1403 2075 1458 solvit.
2145 1398 2359 1466 Accipit.
2441 1395 2584 1449 enim
2654 1391 2880 1460 gloriam
2956 1398 3015 1441 ιιι
3049 1388 3252 1452 homo;
3296 1382 3469 1452 pergit

224 1516 281 1565 ὲν
308 1517 419 1577 τοῖς
461 1513 601 1583 ὑπὲρ
650 1512 828 1565 κτίσιν
887 1508 1357 1574 πλεονεκτήμασι*
1409 1502 1513 1569 ’τῆς
1567 1502 1623 1553 δὲ
1670 1498 1793 1553 καθ’

224 1606 370 1672 ἡμᾶς
403 1604 676 1680 πτωχείας
710 1603 768 1655 τὸ
814 1602 1013 1672 μέτρον
1048 1602 1105 1651 ὲν
1146 1598 1223 1668 τῷ
1273 1596 1527 1664 λέγεσθαι
1572 1592 1789 1646 λαϐεῖν’

225 1717 249 1746 1
288 1697 393 1749 Καὶ
421 1698 470 1749 εί
498 1695 749 1755 πλούσιος
788 1693 885 1755 ὢν,
914 1692 982 1744 δι’
1006 1692 1152 1761 ἡμᾶς
1193 1688 1551 1758 ἐπτώχευσεν.
1591 1703 1607 1735 ι
1654 1681 1792 1735 Ἀλλ’

222 1783 317 1837 οὖν
360 1785 594 1853 ἀγαθαῖς
638 1783 867 1844 ἐννοίαις
908 1782 1041 1850 πρὸς
1094 1779 1361 1849 ὀρθότητα
1415 1773 1790 1843 διοικούμενοι,

1895 1504 2075 1550 autem
2122 1491 2306 1562 gloria:
2359 1486 2611 1541 Dominus
2656 1499 2777 1539 esse
2815 1490 2874 1535 ut
2914 1479 3077 1552 Deus.
3131 1477 3197 1531 Et
3247 1475 3465 1543 quidem

1894 1583 2087 1638 divina:
2134 1581 2274 1633 illius
2336 1585 2537 1630 natura:
2588 1587 2715 1643 Opes
2768 1586 2837 1625 ex
2888 1570 2953 1623 iis
3016 1564 3384 1637 praerogativis
3435 1576 3466 1614 a

1889 1674 2050 1729 nobis
2084 1670 2596 1741 deprehenduntur,
2664 1678 2784 1734 quas
2835 1668 3100 1717 creatura:
3156 1656 3465 1710 facultatem

1893 1774 2255 1835 exsuperant;
2303 1771 2359 1816 at
2397 1773 2526 1813 vero
2566 1757 2813 1811 humana:
2861 1751 3120 1822 egestatis
3147 1746 3380 1802 conditio
3401 1761 3468 1801 ex

222 1878 316 1927 καὶ
366 1877 433 1928 τὰ
467 1876 651 1927 εἰκότα
688 1875 904 1943 φρονεῖν
938 1872 1023 1924 ἐπ’
1055 1872 1202 1940 αύτῷ
1246 1865 1654 1930 σπουδάζοντες,
1692 1862 1791 1913 οὑκ

1892 1875 1955 1914 eo
1992 1859 2146 1912 nobis
2183 1857 2241 1909 lit
2277 1855 2487 1923 palam,
2534 1850 2678 1921 quod
2743 1846 2989 1916 quaedam
3039 1840 3314 1909 accepisse
3342 1852 3468 1907 per—

219 1967 560 2035 ἀγνοήσομεν
589 1967 747 2034 ἡμεῖς
788 1964 880 2015 τὸν
913 1964 1006 2016 καὶ
1024 1964 1085 2015 ὲν
1110 1966 1177 2033 τῇ
1219 1962 1340 2016 καθ’
1378 1961 1524 2030 ἡμᾶς
1552 1954 1793 2025 πτωχείᾳ

220 2056 475 2110 πλούσιον
506 2056 586 2118 ὡς
613 2055 765 2108 Θεόν.

1899 1951 2189 2006 hibeatur:
2234 1943 2424 2000 {Cum
2476 1942 2618 1997 enim
2658 1940 2808 1994 dives
2844 1945 2988 1991 esset
3026 1972 3041 1998 ,
3105 1942 3321 2002 propter
3371 1944 3471 1983 nos

1894 2042 2075 2096 factus
2123 2046 2205 2092 est
2249 2051 2451 2103 egenus
2491 2034 2553 2089 ³⁸.
2586 2052 2605 2084 ι
2656 2029 2881 2085 Nostras
2921 2028 3142 2099 proinde
3191 2024 3472 2094 cogitatio~

218 2164 317 2203 nes
361 2149 426 2202 ad
480 2156 640 2201 recta:
679 2144 800 2199 ﬁdei
834 2158 1076 2198 normam
1148 2141 1617 2204 instituentes,et
1664 2148 1785 2205 qua
1856 2146 1955 2202 par
2010 2139 2095 2185 est
2146 2128 2211 2181 de
2266 2127 2382 2194 ipso
2430 2124 2634 2177 sentire
2681 2130 3028 2189 satagentes,
3096 2118 3168 2171 ita
3219 2117 3363 2170 illum
3414 2115 3467 2167 in

219 2252 458 2297 nostram
504 2246 876 2307 paupertatem
908 2251 967 2288 se
1015 2234 1298 2289 demisisse
1354 2242 1687 2296 statuemus,
1725 2237 1785 2283 ut
1823 2234 2002 2282 tamen
2079 2229 2337 2289 tanquam
2392 2216 2557 2269 Deum
2603 2228 2877 2282 nunquam
2946 2210 3166 2265 divitem
3202 2224 3323 2262 esse
3373 2212 3470 2262 de-

217 2333 373 2387 siisse
429 2342 580 2385 certo
613 2329 771 2383 nobis
818 2328 1262 2397 persuadeamus.

285 2427 427 2481 MH'.
462 2445 480 2477 ι
525 2424 582 2478 ’0
618 2423 807 2498 Πατὴρ
838 2423 1027 2492 ἀγαπᾷ
1058 2421 1147 2472 τὸν
1177 2419 1325 2484 re»,
1361 2418 1456 2471 καὶ
1485 2419 1662 2471 πάντα
1697 2414 1785 2468 δέ·

214 2520 390 2571 δωκεν
425 2520 481 2570 ὲν
509 2520 575 2588 τῇ
609 2515 752 2586 χειρὶ
779 2512 965 2567 αὑτοῦ.
1002 2531 1019 2563 ι
1051 2511 1275 2581 Δέχεται
1296 2509 1456 2562 πάλιν
1486 2508 1560 2570 ὡς
1581 2505 1790 2575 ἄνθρω-

216 2628 318 2673 πος
348 2610 376 2662 ὁ
412 2609 567 2672 Υἱός⁸
604 2607 744 2677 πλὴν
803 2606 903 2658 οὐκ
947 2604 1051 2670 ἔξω
1084 2603 1246 2655 πάλιν
1282 2600 1491 2668 τίθησιν
1540 2597 1731 2651 ἑαυτὸν
1759 2597 1788 2649 ὁ

216 2700 407 2769 Πατὴρ
435 2698 527 2751 τοῦ
560 2699 737 2750 πάντα
763 2696 906 2765 ἔχειν
938 2695 1027 2761 ὑφ’
1057 2692 1233 2760 ἐαυτῷ
1253 2709 1264 2721 ·
1306 2690 1481 2750 διδοὺς
1512 2690 1615 2757 γὰρ
1644 2685 1786 2739 αὐτὰ

215 2791 292 2860 τῷ
327 2789 465 2860 Υἱῴ,
503 2791 600 2842 σὺν
644 2786 791 2855 αὐτῷ
845 2788 1109 2855 κατάρχει
1159 2782 1266 2834 τῶν
1313 2781 1477 2841 ὅλων,
1525 2780 1636 2839 τοῖς
1686 2775 1787 2844 τῆς

216 2882 467 2949 Θεότητος
513 2881 817 2949 σκήπτροις
864 2876 1155 2946 ὑποφέρων
1185 2873 1254 2925 δι’
1291 2868 1454 2923 αὑτοῦ
1496 2884 1556 2919 τε
1606 2866 1698 2918 καὶ
1728 2866 1787 2918 ἐν

216 2974 365 3043 αύτῷ
416 2972 479 3025 τὸ
525 2973 619 3023 ἐπὶ
668 2970 765 3037 τῆς
807 2968 913 3037 γῆς
964 2966 1153 3034 γένος,
1209 2964 1383 3018 καίτοι
1452 2956 1789 3021 διανενευκδς

218 3063 487 3134 ἁχαλίνως
518 3064 599 3125 είς
642 3061 963 3113 ἀπόστασιν.
1008 3058 1092 3119 Ὠς
1122 3058 1231 3126 γὰρ
1269 3054 1428 3116 αὑτός
1476 3050 1576 3103 πού
1625 3066 1790 3118 φησιν

216 3160 246 3211 ό
278 3156 589 3226 σοφώτατος
621 3151 859 3217 Παῦλος,
897 3169 914 3199 ι
944 3151 1075 3212 Θεὸς
1112 3146 1179 3219 ἦν
1221 3151 1278 3201 ἐν
1316 3149 1457 3217 Χρισ

219 3248 608 3302 καταλλάσσων
637 3244 834 3312 ἐαυτῷ.
874 3262 890 3292 ι
924 3243 1035 3293 Καὶ
1064 3242 1124 3294 ού
1155 3241 1216 3311 δή
1258 3239 1359 3293 πού
1392 3254 1593 3306 φαμεν,
1628 3234 1701 3298 ὡς
1730 3238 1787 3288 ἐν

216 3338 314 3395 ἀνθ
326 3338 490 3408 ρώπῳ
512 3334 850 3402 κατοικήσας
879 3332 1111 3400 Χριστὸς
1138 3331 1323 3399 ἔτερος
1347 3327 1499 3398 παρά
1528 3344 1589 3394 γε
1612 3326 1702 3378 τὸν
1725 3328 1790 3379 ἐκ

216 3430 318 3499 τῆς
358 3429 519 3496 ἁγίας
563 3425 838 3496 Παρθένου
897 3423 1314 3493 γεγεννημένον,
1368 3422 1570 3490 κόσμον
1610 3418 1787 3489 ἑαυτῷ

218 3519 554 3589 κατήλλαττε
594 3516 870 3586 (φρονοῦσι
898 3514 1007 3584 γὰρ
1051 3508 1151 3567 ὧδέ
1181 3532 1320 3578 τινες
1346 3513 1452 3566 τῶν
1482 3511 1785 3580 ἀμαθεστεέ⁴

220 3609 353 3681 ρων)
375 3624 388 3639 ’
426 3610 605 3660 ἐκεῖνο
627 3606 684 3658 δὲ
720 3605 941 3673 μᾶλλον,
976 3605 1057 3658 ὅτι
1106 3604 1470 3673 κατήλλαττεν
1492 3601 1673 3670 ἐαυτῷ
1698 3602 1787 3653 τὸν

219 3702 423 3770 κόσμον
448 3700 479 3749 ὁ
517 3696 649 3757 Θεὸς
692 3697 783 3748 καὶ
817 3695 1004 3765 Πατὴρ
1055 3696 1111 3747 ὲν
1173 3692 1419 3762 Χριστῷ
1462 3692 1651 3760 γέγονε
1680 3694 1789 3762 γὰρ

217 3792 375 3861 ἡμῶν
415 3788 640 3860 μεσίτης
688 3787 1118 3858 ὲνανθρωπὴσας
1150 3788 1177 3838 ό
1202 3785 1347 3847 Υἱὺς,
1384 3785 1476 3836 καὶ
1498 3780 1608 3837 οἷον
1640 3784 1788 3837 δια).-

216 3882 421 3952 λακτὴς
445 3882 521 3942 εἰς
556 3879 802 3949 εἰρήνην,
838 3880 936 3948 οὐχ
963 3880 1133 3949 ἑτέρῳ
1182 3876 1457 3947 προξενῶν
1486 3876 1594 3928 τῶν
1624 3878 1680 3927 ὲν
1714 3875 1789 3945 τῷ

217 3978 409 4044 κόσμῳ
431 3971 529 4042 τὴν
564 3972 869 4041 ὑποταγὴν,
905 3970 1020 4021 ἀλλ’
1049 3970 1123 4031 ὡς
1149 3972 1204 4021 ἐν
1234 3969 1348 4037 ἰδίῳ
1384 3968 1682 4038 προσώπῳ,
1712 3966 1790 4037 τῷ

217 4068 338 4137 Θεῷ
365 4066 455 4119 καὶ
482 4063 676 4133 Πατρί.
712 4062 933 4133 Χριστῷ
963 4061 1075 4130 γὰρ
1104 4061 1559 4129 κατηλλαγμένοι,
1591 4059 1791 4129 κατηλ-

216 4157 465 4227 λάγμεθα
492 4155 559 4208 δι’
597 4153 761 4208 αὐτοῦ
792 4171 849 4205 τε
887 4152 981 4205 καὶ
1008 4153 1064 4203 ἐν
1098 4150 1244 4220 αὐτῴ
1276 4150 1353 4218 τῷ
1385 4150 1600 4201 πάντων
1637 4149 1791 4218 ἡμῶν

217 4250 431 4318 ἃυτῆρι
456 4246 593 4317 Θεῷ.
630 4245 919 4314 Τοιγάρτοι
954 4242 1046 4293 καὶ
1075 4240 1280 4307 ἔφασκε
1308 4256 1319 4268 ·
1349 4261 1366 4290 ι
1406 4239 1567 4291 Δεῦτε
1594 4241 1791 4301 πάντες

216 4342 355 4411 πρός
396 4357 482 4409 με,
514 4340 563 4391 οἱ
604 4335 992 4393 κεκοπιακότες
1028 4332 1122 4383 καὶ
1164 4331 1609 4399 πεφορτισμένοι,
1636 4329 1792 4397 κάγὼ

216 4429 515 4484 ἀναπαύσω
542 4430 706 4498 ὑμᾶς.
750 4446 767 4475 ι
804 4426 924 4476 Ὅτι
950 4424 1006 4475 δὲ
1033 4425 1143 4484 τοῖς
1171 4422 1305 4492 πρὸς
1334 4423 1497 4475 αὑτὸν
1530 4422 1700 4475 ἰοῦσιν
1727 4421 1787 4474 ού

218 4524 354 4591 πρὸς
389 4522 576 4593 ἕτερόν
602 4536 722 4571 τινα
760 4518 957 4585 γένοιτ’
992 4516 1057 4569 ἂν
1094 4518 1133 4585 Η]
1165 4516 1501 4585 καταλλαγὴ,
1534 4515 1672 4585 πλὴν
1708 4515 1789 4567 ὅτι

218 4615 355 4683 πρὸς
402 4614 534 4665 Θεὸν
566 4611 656 4662 τὸν
690 4608 849 4676 φύσει
892 4609 983 4660 καὶ
1017 4608 1253 4677 ἀληθῶς,
1306 4609 1791 4679 πεπληροφορηκεν

219 4703 420 4755 εἰπών’
466 4721 484 4752 ι
531 4702 590 4753 '0
618 4699 887 4752 πιστεύων
919 4702 998 4762 εἰς
1032 4701 1129 4767 ἐμὲ
1170 4700 1230 4751 οὐ
1274 4700 1515 4751 πιστεύει
1548 4702 1627 4760 είς
1666 4698 1783 4764 ἐμὲ,

220 4796 329 4850 ἀλλ’
357 4796 437 4857 εἰς
471 4794 564 4847 τὸν
595 4792 888 4861 πέμψαντά
926 4810 1014 4862 με.
1049 4793 1209 4845 Καὶὸ
1247 4790 1467 4860 θεωρῶν
1518 4787 1616 4857 ἐμὲ
1652 4787 1786 4839 θεω⁴

226 4890 305 4959 ρεῖ
327 4888 417 4940 τὸν
443 4884 733 4955 πέμψαντά
766 4901 884 4954 με.»
922 4883 1039 4936 Ὀτὲ
1069 4883 1123 4933 δὲ
1153 4881 1332 4933 πάλιν·
1358 4899 1375 4929 ι
1399 4877 1683 4930 Πιστεύετε
1710 4875 1790 4937 εἰς

222 4982 309 5034 τὸν
341 4980 494 5045 Θεὸν,
528 4978 621 5032 καὶ
642 4978 719 5039 εἰς
750 4977 849 5046 ἐμὲ
876 4973 1178 5027 πιστεύετε.
1204 4990 1222 5021 ι

292 5236 424 5288 MB'.
464 5251 483 5283 ο
530 5235 733 5302 Πάτερ,
760 5232 1016 5302 ἐλήλυθεν
1061 5228 1258 5299 ήῶρα,
1304 5223 1523 5289 δόξασόν
1566 5241 1659 5275 σου
1699 5224 1792 5277 τὸν

227 5327 374 5388 Υἰδν,
417 5324 501 5376 ἵνα
546 5328 641 5375 καὶ¹
668 5323 697 5373 ὁ
725 5322 851 5385 Υἱός
887 5340 979 5374 σου
1002 5320 1197 5388 δοξάσῃ
1241 5333 1319 5369 σε.
1363 5313 1557 5375 Καθὼς
1586 5314 1791 5378 ἔδωκας

227 5415 372 5485 αὺτῷ
419 5412 669 5485 ἐξουσίαν
708 5414 887 5480 πάσης
937 5412 1156 5480 σαρκὸς,
1200 5410 1283 5461 ἵνα
1336 5410 1443 5459 πᾶν
1485 5405 1512 5458 ὃ
1551 5405 1789 5471 δέδωκας

229 5506 393 5578 αὒτῷ,
424 5504 570 5575 δὼσῃ
610 5504 791 5565 αὐτοῖς
824 5500 1228 5571 ζωὴναὶώνιον.
1260 5518 1277 5550 ι
1309 5498 1657 5571 Παράκλητος
1690 5501 1791 5571 μὲν

299 5682 339 5713 ’⁸
376 5681 391 5733 l
426 5681 549 5735 Cor.
585 5678 720 5740 ",2.
804 5675 843 5704 ”
879 5672 914 5725 Il
941 5672 1065 5727 (lor.
1101 5689 1215 5728 vnt.
1245 5670 1294 5724 9.

234 5752 314 5815 44.
344 5752 436 5808 £5.
514 5749 557 5781 ¹⁰
583 5747 739 5803 Joan.
769 5762 877 5812 xw,
914 5745 962 5801 I.
1028 5748 1082 5777 "“
1123 5743 1275 5799 Joan.
1304 5760 1432 5810 xvtt,
1466 5748 1513 5808 l,

1379 5670 1419 5700 ¹⁶
1453 5670 1605 5726 Joan.
1638 5691 1718 5739 ιιι,
1755 5675 1839 5731 55.

1963 2408 2199 2466 XLVIII.
2226 2424 2245 2458 ι
2276 2404 2439 2460 Pater
2468 2402 2639 2473 diligit
2677 2400 2896 2467 Filium,
2943 2408 2999 2453 et
3025 2397 3204 2453 omnia
3244 2395 3391 2450 dedit
3418 2394 3468 2448 iu

1897 2517 2086 2556 manus
2137 2498 2370 2568 ejus“.i
2416 2495 2585 2550 Filius
2649 2492 2849 2561 accipit
2889 2500 2953 2545 ut
3003 2491 3201 2543 homo:
3253 2486 3471 2540 interim

1893 2590 2051 2644 Pater
2099 2604 2128 2642 a
2159 2587 2304 2641 nullo
2348 2600 2533 2639 eorum
2618 2599 2679 2638 se
2711 2584 2988 2644 excludit,
3018 2582 3146 2651 quin
3188 2579 3373 2634 omnia
3418 2578 3473 2630 in

1892 2688 2159 2747 patestate
2215 2676 2455 2729 habeat:
2500 2689 2560 2727 ea
2590 2673 2733 2725 enim
2779 2674 2912 2723 dans
2966 2670 3122 2733 Filio,
3187 2685 3291 2722 una
3348 2682 3472 2721 cum

1890 2770 1982 2822 illo
2033 2765 2286 2822 omnibus
2348 2762 2676 2845 dominatur.
2744 2760 2850 2815 Sed
2901 2771 2957 2813 et
3016 2760 3190 2829 ipsum
3260 2772 3473 2827 quoque

1890 2856 2203 2912 mortalium
2242 2868 2410 2923 genus
2470 2855 2766 2906 secundum
2820 2864 2878 2905 se
2927 2849 3091 2917 aliqui
3126 2848 3371 2909 infrene,
3419 2856 3475 2901 et

1892 2952 1955 3004 ad
2017 2947 2363 3003 rebellionem
2412 2959 2732 3013 propensum
2784 2942 3088 2997 divinitatis
3121 2941 3347 3009 sceptris
3378 2954 3475 3009 per

1896 3040 2046 3094 illum
2077 3038 2178 3093 sibi
2232 3037 2498 3091 Submittit
2525 3053 2538 3087 :
2565 3032 3000 3102 quandoquidem
3031 3070 3048 3097 ,
3100 3039 3157 3084 ut
3188 3032 3474 3099 sapientis-

1459 3143 1554 3214 τῷ,
1584 3146 1785 3213 κόσμον
1812 3134 1854 3190 C
1888 3131 2056 3184 simus
2086 3129 2279 3183 Paulus
2301 3126 2499 3181 alicubi
2526 3126 2778 3179 admonet
2805 3142 2818 3178 :
2860 3142 2879 3174 ι
2911 3124 3051 3177 Deus
3088 3131 3203 3176 erat
3235 3124 3287 3176 in
3312 3123 3472 3176 Chri-

1891 3235 1998 3286 sto,
2027 3222 2281 3276 mundum
2310 3218 2660 3273 reconcilians
2683 3216 2783 3270 sibi
2810 3216 2875 3271 ".
2903 3235 2922 3267 ι
2947 3215 3041 3269 llic
3072 3225 3247 3269 autem
3271 3230 3474 3283 nequa-

1891 3331 2050 3383 quam
2098 3314 2415 3376 asserimus,
2456 3312 2506 3365 id
2538 3312 2679 3379 quod
2716 3310 2963 3363 rudiores
3000 3310 3217 3378 quidam
3244 3308 3472 3369 faciunt,

1890 3406 2051 3459 alium
2119 3404 2185 3457 ab
2236 3418 2301 3456 eo
2352 3417 2509 3470 quem
2555 3416 2706 3456 sacra
2751 3398 2925 3469 Virgo
2974 3401 3134 3471 169
3184 3400 3239 3453 in
3296 3400 3470 3454 lucem

1889 3498 2091 3561 edidit,
2121 3495 2395 3549 Christum
2446 3495 2497 3546 in
2535 3494 2750 3548 homine
2784 3493 3153 3557 inhabitasse,
3186 3495 3474 3545 mundum-

1889 3608 1995 3661 que
2046 3589 2151 3645 sibi
2193 3587 2616 3649 reconciliasso;
2662 3584 2757 3638 sed
2803 3585 3087 3652 ipsutumet
3149 3583 3313 3638 Deum
3368 3584 3469 3635 l'a-

1889 3690 2023 3733 trem
2058 3682 2109 3731 in
2172 3677 2385 3731 Christo
2436 3677 2691 3729 Inundum
2734 3676 2837 3729 sibi
2871 3675 3331 3729 recouciliavisse.
3386 3675 3472 3729 Fi-

1890 3775 1991 3828 lius
2033 3786 2262 3839 namque
2316 3782 2431 3839 post
2466 3771 2758 3822 humanam
2828 3780 3075 3821 naturam
3137 3776 3469 3835 assumptam

1892 3862 2065 3916 factus
2125 3870 2209 3914 est
2274 3859 2577 3921 mediator,
2650 3867 2705 3910 et
2764 3859 2829 3911 ad
2861 3872 3047 3926 pacem
3122 3857 3469 3909 obtinendam

1890 3952 2293 4023 quodaunnodo
2353 3950 2768 4012 reconciliator,
2804 3965 2910 4002 non
2960 3948 3122 4001 alteri
3157 3948 3386 4015 cuipiam
3416 3946 3468 4000 in

1892 4044 2090 4098 mundo
2133 4044 2497 4099 obedientiam
2533 4041 2858 4103 concilians,
2895 4042 2990 4094 scd
3019 4051 3082 4093 ut
3148 4041 3199 4093 in
3251 4041 3470 4108 propria

1891 4151 2119 4204 persona
2148 4134 2258 4188 Deo
2304 4134 2449 4188 Patri
2482 4151 2495 4186 :
2546 4133 2983 4201 quandoquidem
3038 4131 3254 4186 Christo
3287 4146 3473 4184 recon—

1891 4227 2061 4281 ciliati
2083 4264 2098 4289 ,
2134 4240 2231 4295 per
2260 4225 2435 4293 ipsum
2480 4235 2533 4277 et
2564 4226 2613 4278 in
2649 4226 2765 4294 ipso
2788 4264 2804 4286 ,
2857 4226 2965 4277 Deo
2991 4240 3203 4291 quoque
3230 4224 3471 4275 omnium

1894 4316 2157 4371 Salvatori
2220 4318 2654 4369 reconciliantur.
2709 4315 2843 4367 Ilinc
2880 4315 3051 4368 illud:
3092 4332 3110 4363 ι
3147 4313 3335 4366 Venite
3408 4316 3473 4367 ad

1894 4424 1999 4472 me,
2035 4424 2222 4461 omnes
2266 4408 2356 4474 qui
2387 4407 2645 4457 laboratis
2694 4417 2745 4458 et
2785 4405 2993 4456 onerati
3052 4403 3207 4466 estis,
3262 4412 3315 4454 et
3372 4419 3476 4473 ego

1824 4473 1865 4527 ί)
1900 4498 2136 4554 reﬁciam
2180 4512 2275 4550 vos
2302 4495 2364 4542 η.
2396 4512 2414 4543 ›
2468 4494 2620 4557 Quod
2658 4493 2689 4545 ii
2746 4502 2925 4543 autem
2972 4492 3065 4575 qui
3112 4491 3175 4544 ad
3231 4491 3382 4544 illum
3416 4509 3483 4546 se

1898 4588 2231 4655 adjungunt,
2315 4598 2419 4635 non
2477 4581 2633 4635 alteri
2692 4582 2924 4649 cuipiam
3007 4581 3483 4650 reconcilientur,

1897 4691 2056 4744 quam
2091 4688 2218 4726 vero
2281 4674 2622 4742 naturalique
2683 4671 2827 4736 Deo,
2886 4672 3013 4726 illud
3054 4673 3193 4725 idem
3251 4673 3362 4741 ipse
3392 4674 3479 4726 his

1897 4764 2075 4818 verbis
2147 4765 2486 4832 perspicuqu
2558 4764 2689 4817 facit
2720 4782 2733 4793 ·
2774 4781 2792 4814 ι
2830 4762 2970 4830 Qui,
3042 4762 3251 4830 inquit,
3302 4762 3481 4818 credit

1898 4856 1952 4910 in
2014 4871 2134 4919 me,
2171 4871 2275 4909 non
2308 4858 2479 4912 credit
2509 4857 2561 4911 in
2599 4873 2684 4912 me
2711 4896 2726 4919 ,
2760 4857 2852 4909 scd
2919 4855 2970 4907 in
3016 4870 3141 4906 eum
3182 4853 3273 4920 qui
3331 4852 3481 4907 misit

1897 4964 2003 5005 me.
2045 4949 2111 5004 Et
2150 4951 2239 5020 qui
2274 4950 2416 5005 videt
2447 4966 2565 5015 me,
2602 4951 2743 5002 videt
2772 4964 2893 5001 eum
2941 4948 3028 5013 qui
3086 4945 3232 4997 misit
3262 4958 3342 4997 me
3371 4946 3479 4998 ".3.

1900 5040 1964 5095 Et
2016 5058 2274 5116 rnrsunt_:
2312 5061 2330 5093 ι
2392 5042 2607 5096 Credite
2665 5041 2715 5093 in
2769 5038 2983 5100 Deum,
3022 5036 3151 5090 etin
3208 5052 3295 5093 me
3349 5051 3473 5091 cre-

1896 5134 2005 5188 dite
2028 5134 2086 5187 ‘°.
2106 5154 2124 5186 ι

1968 5223 2153 5278 XLIX.
2186 5243 2203 5275 ι
2242 5226 2419 5288 Pater,
2451 5231 2596 5275 venit
2625 5235 2779 5282 nora,
2814 5218 3047 5273 clarifica
3076 5216 3265 5271 Filium
3302 5226 3469 5280 tntnn,

1894 5327 1953 5371 ut
1997 5327 2051 5371 ct
2105 5316 2271 5370 Filius
2344 5325 2469 5369 tuus
2532 5313 2793 5367 clariﬁcet
2837 5322 2907 5367 te.
2965 5312 3115 5366 Sicut
3173 5308 3365 5364 dedisti
3419 5308 3473 5362 ei

1899 5415 2214 5475 potestatem
2251 5406 2427 5459 omnis
2458 5404 2669 5465 carnis.
2708 5414 2765 5457 nt
2796 5419 2955 5457 omne
3001 5403 3140 5470 quod
3169 5397 3361 5452 dedisti
3394 5399 3467 5465 ei,

1898 5500 1987 5553 det
2010 5499 2089 5553 eis
2134 5498 2297 5550 vitam
2343 5497 2686 5551 mternam“.
2720 5515 2739 5549 ι
2782 5494 3083 5549 Advocatus
3124 5499 3175 5544 et
3206 5488 3464 5557 propitia-

3095 5668 3134 5698 ¹⁹
3168 5666 3319 5723 Juan.
3364 5682 3465 5734 xu,

1945 5676 1982 5706 ¹⁷
2022 5674 2061 5728 II
2086 5673 2209 5727 Cur.
2246 5688 2294 5739 ν,
2336 5673 2415 5728 I9.
2528 5674 2567 5704 ¹⁸
2598 5672 2782 5728 Matth.
2817 5687 2890 5737 XI,
2921 5668 3012 5723 ‘23.
