4092 6334
611 357 751 413 “05

1607 361 1662 415 δ.
1699 361 1972 418 crtum
2011 351 2478 418 ALEXANDRINI
2511 359 2835 416 AlltlHlEl‘.

3713 361 3850 416 i401

609 485 695 530 tor
750 477 1048 547 appellatur
1102 475 1352 529 Filius".
1393 476 1507 544 Ipse
1554 478 1697 531 enim
1731 482 2038 534 hominibus
2079 497 2157 535 cur

2289 479 2378 529 καὶ
2414 478 2724 546 ἱλαστήριον
2774 481 2800 530 ὁ
2843 479 2969 541 Υἱὸς
3007 493 3337 548 ωνομασται.
3388 477 3690 548 Καθίστησι
3740 479 3847 549 γὰρ

609 569 798 620 lestem
855 568 1070 623 Patrem
1151 569 1465 623 benevolum
1517 573 1908 642 propitiamque
1960 576 2176 638 reddit,

608 667 770 724 atque
810 657 930 712 ideo
963 660 1200 718 omnium
1249 661 1505 713 bonorum
1541 664 1694 716 nobis
1728 675 1915 718 auctor
1948 675 2046 719 est.
2088 667 2180 720 Ve-

607 759 910 802 rumtamen
987 749 1334 818 inquisitione
1373 751 1595 820 dignum
1628 763 1746 819 est,
1800 770 2031 823 quanam
2086 772 2175 809 ra-

606 838 751 891 tione
784 837 942 892 Pater
971 839 1228 908 gloriﬁcet
1260 840 1448 895 Filiqu
1497 853 1550 896 et
1598 842 1765 898 Filius
1797 846 2031 900 vicissim
2061 847 2176 915 glo-

607 928 779 984 rilicet
819 929 1055 985 Patrem.
1088 932 1177 985 Ait
1204 947 1332 1002 ergo
1367 935 1650 990 advenisse
1699 937 1920 1003 horam,
1954 940 2054 993 hoc
2094 948 2177 993 est

607 1029 849 1089 tempus,
909 1021 961 1075 in
1011 1038 1116 1092 quo
1146 1024 1316 1093 ipsum
1350 1026 1507 1094 plane
1544 1043 1641 1096 pro
1683 1031 1866 1082 mundi
1919 1030 2024 1084 vita
2055 1046 2175 1083 cru-

602 1107 683 1161 cis
723 1109 1258 1177 suppliciutnsubire
1306 1124 1604 1183 oporteret.
1655 1117 1760 1170 Par
1786 1129 1902 1172 erat
1951 1129 2128 1173 autem
2155 1162 2170 1185 ,

601 1207 662 1250 ut
704 1196 864 1253 l'aler
904 1198 1096 1254 Filium
1127 1217 1223 1272 per
1252 1205 1699 1258 resurreCtionem
1728 1221 1791 1259 ex
1823 1210 2044 1261 mortuis
2069 1210 2175 1274 glo-

603 1288 876 1358 rifiearet,
928 1291 1139 1361 sibique
1183 1296 1698 1351 consubstantialem
1755 1307 1809 1351 et
1855 1299 2121 1353 viviﬁcum
2153 1338 2169 1363 ,

597 1388 652 1433 et
704 1392 878 1436 morte
928 1386 1299 1452 superiorem,
1343 1397 1398 1439 et
1448 1395 1689 1442 naturam
1744 1405 1771 1441 a
1829 1393 2173 1460 corruptione

597 1470 826 1525 alienam
859 1476 1108 1528 sortitum
1164 1477 1400 1530 evidenti
1467 1480 1770 1534 testimonio
1826 1481 2171 1536 demonstra-

597 1570 701 1614 ret.
737 1561 877 1626 Quin
913 1565 1026 1631 ipse
1083 1580 1296 1635 quoque
1329 1567 1486 1622 Pater
1536 1571 1635 1624 hoc
1669 1571 1783 1638 ipso
1815 1573 2168 1642 gloriﬁcatur,

595 1652 739 1717 quod
773 1651 966 1707 Filimn
1020 1655 1212 1710 decore
1237 1695 1254 1721 ,
1310 1659 1513 1727 gloria,
1551 1663 1894 1730 potentiaque
1927 1665 2027 1717 sibi
2075 1679 2170 1732 per

594 1743 777 1796 omnia
811 1745 1042 1799 similem
1079 1747 1290 1802 habeat.
1325 1751 1504 1818 Atque
1532 1752 1671 1805 istud
1708 1753 1908 1820 liquido
1935 1758 2170 1810 ostendit

2285 568 2394 626 τοῖς
2426 566 2519 616 ἐπὶ
2557 567 2654 636 τῆς
2687 566 2791 634 γῆς
2837 567 3039 636 εὐμενῆ
3085 567 3176 619 τὸν
3223 567 3461 637 Πατέρα,
3511 569 3604 619 καὶ
3648 569 3847 632 παντὸς

2284 659 2416 725 ἡμῖν
2442 656 2754 725 εὑρίσκεται
2780 656 3035 727 πρόξενος
3065 658 3288 726 ἀγαθοῦ.
3322 657 3464 728 Πλὴν
3488 660 3664 710 ἐκεῖνο
3687 675 3850 710 κατα-

2284 746 2595 817 θρήσωμεν,
2623 748 2738 810 πῶς
2770 748 2835 800 ἂν
2863 747 3135 812 δοξάσειεν
3168 751 3195 801 ό
3230 748 3417 818 Πατὴρ
3446 749 3537 801 τὸν
3577 748 3725 814 Υίδν,
3756 750 3847 802 δο-

2282 836 2611 905 ξασθήσεται
2658 837 2837 890 δὲκαὶ
2872 839 3032 901 αὑτὸς
3078 839 3207 909 παρ’
3255 839 3418 892 αὑτοῦ
3459 838 3578 890 τίνα
3620 840 3846 908 τρόπον.

2284 927 2492 979 Οὐκοῦν
2535 928 2635 997 τὴν
2690 927 2860 998 ῶραν,
2916 931 3081 1000 ἤγουν
3133 931 3222 982 τὸν
3282 930 3469 1000 καιρὸν
3529 929 3846 998 ἐληλυθέναι

2281 1021 2434 1087 φησὶ,
2467 1018 2587 1071 καθ’
2617 1018 2676 1071 ὃν
2720 1020 2828 1072 ἔδει
2864 1022 3078 1083 πάντως
3107 1021 3269 1073 αὑτὸν
3304 1021 3393 1072 τὸν
3433 1020 3570 1091 ὑπὲρ
3610 1021 3708 1089 τῆς
3748 1021 3846 1072 τοῦ

2282 1109 2486 1176 κόσμου
2522 1107 2665 1178 ζωῆς
2694 1109 2986 1178 ὑπομείναι
3014 1109 3244 1179 σταυρόν
3263 1125 3276 1137 ⁸
3310 1108 3421 1160 ἀλλ’
3448 1105 3514 1180 ἦν
3548 1109 3847 1174 ἀναγκαῖον

2279 1199 2596 1264 δοξάζεσθαι
2637 1200 2726 1252 τὸν
2753 1201 2879 1253 Υἱὸν
2910 1200 3060 1269 παρὰ
3102 1201 3195 1252 τοῦ
3227 1200 3458 1270 Πατρὸς,
3492 1201 3582 1251 καὶ
3617 1198 3704 1250 διὰ
3747 1201 3848 1267 τῆς

2280 1293 2343 1343 ἐκ
2372 1291 2580 1362 νεκρῶν
2625 1293 2972 1355 ἀναστάσεως
3013 1292 3457 1362 μαρτυρούμενον
3484 1291 3566 1344 ὅτι
3605 1291 3664 1340 τέ
3697 1290 3848 1340 ἐστιν

2277 1381 2563 1451 ὁμοούσιος
2589 1381 2738 1452 αὑτῷ
2759 1385 2850 1436 καὶ
2869 1383 3150 1447 ζωοποιὺς,
3179 1385 3272 1436 καὶ
3294 1384 3525 1436 θανάτου
3555 1381 3845 1452 κρείττων,

2279 1474 2373 1525 καὶ
2420 1474 2625 1544 φθορᾶς
2659 1474 2869 1543 ἀμείνω
2919 1473 3015 1545 τὴν
3063 1475 3228 1542 φύσιν
3269 1473 3689 1543 διεκληρώσατο.
3733 1471 3847 1523 Καὶ

2275 1563 2556 1630 δοξάζεται
2583 1565 2754 1618 δὲκαὶ
2785 1565 2948 1628 αὑτὸς
2974 1567 3002 1617 ὁ
3031 1566 3238 1636 Πατὴρ,
3267 1566 3340 1629 ὡς
3362 1565 3501 1635 ἔχων
3526 1565 3652 1617 Υίὺν
3700 1562 3850 1617 κατὰ

2275 1659 2384 1708 πᾶν
2403 1656 2583 1709 ὁτιοῦν
2599 1657 2814 1710 ἐοικότα
2831 1674 2888 1709 τε
2906 1659 2997 1710 καὶ
3016 1657 3234 1709 ἰσοκλεᾶ
3250 1658 3345 1709 καὶ
3367 1659 3479 1709 icon
3490 1656 3618 1725 ργὸν
3641 1653 3842 1722 ἑαυτῷ.

2275 1749 2387 1802 Καὶ
2413 1747 2574 1800 τοῦτο
2602 1748 2838 1818 δέδειχεν
2869 1751 2896 1801 ό
2926 1747 3050 1811 Υἱὸς
3082 1749 3436 1818 καταργήσας
3464 1748 3555 1799 τὸν
3589 1747 3844 1810 θάνατον,

593 1830 792 1900 Filius,
822 1849 942 1890 cum
994 1839 1182 1892 mortis
1215 1840 1440 1909 imperio
1470 1843 1724 1896 demolito
1750 1883 1765 1907 ,
1818 1862 1970 1897 suum
1998 1847 2157 1914 ipsius

2274 1842 2365 1892 καὶ
2395 1840 2709 1909 ἀναστήσας
2735 1840 2799 1890 ὲκ
2828 1838 3037 1910 νεκρῶν
3078 1840 3168 1891 τον
3198 1839 3392 1893 ἑαυτοῦ
3434 1839 3580 1892 ναόν.
3616 1839 3847 1906 Δέχεται

595 1925 849 1992 templum
911 1939 940 1979 a
999 1928 1222 1981 mortuis
1267 1931 1642 1985 exsuscitavit.
1689 1933 2169 1989 Verumeulmvero

592 2013 719 2068 licet
769 2025 827 2069 ut
885 2016 1044 2071 homo
1071 2017 1159 2084 jus
1221 2029 1652 2090 potestatemque
1695 2024 1753 2080 in
1798 2040 1984 2078 omnes
2011 2041 2168 2080 acce-

594 2106 739 2174 pisse
793 2107 1178 2174 perhibeatur,
1250 2119 1308 2163 ut
1357 2111 1495 2165 Deus
1537 2122 1712 2167 tamen
1763 2115 2033 2171 universis
2084 2132 2167 2169 re-

594 2213 711 2250 rum
754 2199 960 2254 naturis
1011 2200 1260 2257 absolute
1303 2203 1702 2259 dominabatur.
1738 2205 1898 2260 Pater
1952 2223 2164 2260 rursum

589 2288 656 2342 iis
704 2289 794 2357 qui
833 2289 968 2344 Filio
1002 2290 1111 2344 dati
1158 2302 1287 2347 sunt
1314 2295 1477 2347 vitam
1511 2304 1763 2349 :rternam
1818 2300 2162 2365 impertitur:

588 2386 644 2429 at
696 2377 782 2430 ille
832 2379 1044 2433 interim
1069 2391 1151 2434 est
1203 2381 1290 2434 illa
1333 2383 1562 2450 ipsamet
1593 2385 1720 2437 vita.
1754 2387 1913 2454 170
1961 2405 1978 2435 σ
2017 2388 2162 2456 Ego,

587 2467 805 2536 inquit,
854 2483 972 2522 sum
1030 2472 1360 2525 resurrectio
1415 2483 1468 2526 et
1515 2474 1751 2526 vita".s
1805 2477 1983 2540 Quare
2041 2477 2165 2528 licet

588 2558 814 2626 gloriam
857 2569 911 2613 et
953 2575 1173 2627 regnum
1204 2601 1218 2626 ,
1251 2574 1304 2616 et
1334 2577 1495 2631 super
1545 2579 1730 2618 omnes
1763 2578 1817 2618 et
1857 2571 2037 2620 omnia
2070 2583 2163 2634 po-

589 2659 837 2704 testatem
871 2654 1143 2721 accepisse
1195 2653 1451 2718 dicatur;
1503 2656 1600 2710 hoc
1649 2665 1825 2710 tamen
1880 2659 1943 2710 ad
1981 2659 2160 2711 incar-

585 2745 819 2799 nationis
865 2745 1226 2801 conditionem
1270 2759 1355 2804 est
1416 2751 1778 2804 retercndum.
1814 2752 2032 2805 Certum
2080 2764 2184 2806 est.

582 2835 727 2889 enim
785 2835 1009 2901 Filium,
1042 2845 1098 2891 ut
1159 2838 1298 2893 Deus
1327 2851 1448 2905 est,
1503 2849 1557 2893 et
1606 2840 1788 2912 gloria:
1845 2843 2156 2911 Dominum,

583 2931 640 2976 et
681 2925 868 2978 eadem
924 2942 1044 2980 cum
1103 2927 1261 2982 Patre
1314 2929 1595 2998 majestate
1665 2932 1942 2995 prteditum
1998 2947 2155 2996 esse;

584 3029 797 3084 neque,
846 3019 986 3086 quod
1025 3019 1239 3086 quidem
1285 3022 1351 3074 ad
1407 3023 1703 3075 divinitatis
1745 3032 1988 3075 naturam
2037 3037 2156 3089 spe-

581 3115 716 3171 ctat,
751 3106 924 3163 Patris
967 3109 1136 3178 gloria
1172 3122 1226 3164 et
1257 3112 1545 3165 eminentia
1588 3113 1691 3164 ulla
1727 3130 1790 3166 ex
1833 3122 1982 3181 parte
2019 3111 2157 3164 infe-

2271 1932 2326 1983 δὲ
2363 1931 2462 2001 τὴν
2499 1930 2642 1984 κατὰ
2677 1931 2895 1982 πάντων
2923 1930 3207 1994 ἐξουσίαν,
3249 1931 3370 1984 καθ’
3403 1931 3548 2000 ἡμᾶς
3579 1929 3642 1997 δὴ
3677 1927 3845 1980 πάλιν

2274 2020 2366 2072 καὶ
2389 2019 2770 2089 ἀνθρωπίνως·
2795 2018 2968 2070 καίτοι
2999 2018 3300 2089 βασιλεύων
3331 2019 3438 2070 τῶν
3458 2019 3594 2070 ὅλων
3619 2016 3841 2077 θεῖκῶς.

2272 2111 2380 2164 Καὶ
2412 2111 2586 2180 ἐνίησι
2641 2111 2738 2180 μὲν
2770 2111 2799 2162 ὁ
2845 2110 3033 2181 Πατὴρ
3065 2113 3176 2172 τοῖς
3229 2111 3428 2164 δοθεῖσι
3469 2108 3548 2178 τῷ
3578 2108 3691 2176 Υίῴ
3737 2108 3844 2174 τὴν

2270 2199 2413 2267 ζωὴν
2444 2198 2545 2268 τὴν
2574 2198 2789 2252 αἰώνιον
2809 2215 2822 2228 ο
2866 2198 3004 2269 αῦτη
3043 2199 3102 2251 δέ
3145 2199 3292 2251 ἐστιν
3331 2197 3493 2261 αὑτός
3518 2214 3531 2227 ·
3565 2196 3668 2267 ἔφη
3697 2197 3840 2265 γάρ’

2274 2308 2292 2339 t
2351 2289 2491 2356 Ἐγὼ
2521 2291 2635 2358 εἰμι
2665 2291 2698 2358 ἡ
2729 2289 3023 2353 ἀνάστασις
3050 2289 3144 2343 καὶ
3177 2293 3209 2361 ἡ
3244 2290 3378 2359 ζωή.
3409 2307 3426 2339 ι
3479 2287 3688 2341 Οὐκοῦν
3732 2287 3843 2340 κᾶν

2265 2383 2315 2432 εί
2345 2381 2554 2448 λέγοιτο
2596 2380 2778 2433 λαϐεῖν
2813 2383 2960 2452 παρὰ
2995 2382 3087 2434 τοῦ
3133 2381 3344 2450 Πατρδς
3391 2379 3545 2446 δόξαν
3595 2378 3689 2431 καὶ
3736 2378 3841 2445 τὴν

2267 2472 2407 2524 κατὰ
2443 2471 2656 2523 πάντων
2697 2472 2944 2535 ἐξουσίαν
2969 2489 3027 2523 τε
3067 2472 3160 2523 καὶ
3207 2470 3504 2540 βασιλείαν,
3546 2469 3842 2522 ἀναθετέον

2269 2563 2366 2630 μὲν
2395 2561 2456 2613 τὸ
2505 2561 2688 2612 λαϐεῖν
2723 2564 2836 2622 τοῖς
2873 2562 2968 2628 τῆς
3015 2560 3302 2624 κενώσεως
3342 2562 3582 2630 μέτροις.
3641 2561 3840 2612 ἰστὲον

2263 2652 2339 2717 δὲ,
2373 2653 2454 2704 ὅτι
2483 2653 2575 2704 καὶ
2615 2653 2711 2721 τῆς
2741 2651 2898 2721 δόξης
2928 2652 3044 2704 ἐστὶ
3073 2652 3273 2725 Κύριος
3300 2652 3374 2714 ὡς
3400 2653 3550 2714 Θεὸς,
3585 2652 3679 2704 καὶ
3710 2651 3840 2703 stiv-

2264 2746 2452 2815 θρονος
2476 2744 2553 2813 τῷ
2586 2737 2759 2814 Πατρὶ
2787 2745 2878 2796 καὶ
2904 2746 3023 2798 κατ’
3046 2744 3236 2797 οὐδένα
3259 2745 3457 2814 τρόπον
3487 2743 3838 2813 μειονεκτοῦ-

2267 2853 2429 2906 μενος
2454 2835 2553 2904 τῆς
2573 2833 2666 2887 τοῦ
2691 2835 2940 2896 τεκόντος
2969 2834 3128 2887 αὑτὸν
3150 2835 3422 2905 ὑπεροχῆς
3451 2852 3508 2886 τε
3541 2834 3627 2886 καλ
3651 2831 3838 2903 δόξης,

2260 2930 2318 2981 τό
2363 2945 2427 2996 γε
2465 2923 2598 2998 ἧκον
2643 2929 2721 2989 εἰς
2759 2929 2858 2996 τὴν
2891 2927 2990 2995 τῆς
3029 2926 3281 2996 θεότητος
3327 2929 3511 2995 φύσιν.
3565 2924 3837 2994 Ἑσόμεθα

2262 3016 2372 3086 γάρ
2403 3016 2577 3078 οὑτως
2611 3016 2876 3080 εὐσεσεῖς,
2921 3019 3348 3086 περιτρέποντες
3401 3018 3508 3070 πᾶν
3539 3016 3714 3084 νόημα
3752 3016 3837 3078 εἰς

2259 3107 2356 3176 τὴν
2390 3107 2638 3174 ὑπακοὴν
2683 3105 2869 3166 αὑτοῦ,
2918 3107 3011 3157 καὶ
3068 3108 3362 3176 λογισμοὺς
3415 3107 3834 3175 καθαιροῦντες,

585 3199 780 3252 riorem
815 3214 956 3255 esse.
1010 3201 1090 3253 Ad
1126 3201 1267 3256 hunc
1337 3203 1519 3270 itaque
1567 3203 1781 3255 modum
1821 3203 2152 3270 comparati,

2265 3215 2283 3248 ι
2319 3198 2410 3248 καὶ
2439 3197 2545 3246 πᾶν
2593 3194 2791 3263 ὕψωμα
2831 3195 3190 3266 ἐπαιρόμενον
3244 3199 3385 3250 κατὰ
3437 3196 3536 3264 τῆς
3568 3195 3827 3264 γνώσεως

581 3300 638 3342 et
684 3289 754 3359 pii
784 3291 987 3344 erimus
1016 3330 1031 3354 ,
1080 3301 1136 3345 et
1167 3307 1380 3346 onmem
1434 3293 1762 3348 intellectura
1829 3295 1883 3345 in
1952 3293 2151 3346 Christi

2259 3286 2445 3342 αὑτοῦ.
2480 3308 2497 3338 ι

579 3378 897 3447 obsequium
945 3390 1364 3445 convertentes,
1412 3391 1466 3436 et
1507 3397 1698 3436 omnes
1750 3382 2147 3452 cogitationes,
2197 3399 2217 3432 ι
2253 3394 2575 3448 omnemque
2613 3377 2949 3430 altitudinem
2997 3388 3183 3432 contra
3254 3380 3346 3435 Dei
3396 3381 3677 3436 sclettlialll
3708 3395 3835 3436 sese

579 3470 925 3525 extollentem
970 3481 1274 3528 evertentes
1293 3475 1382 3526 "‘.
1410 3491 1427 3523 ι

649 3562 763 3617 L.t
800 3566 1028 3619 Dextera
1079 3566 1242 3634 igitur
1299 3566 1392 3622 Dei
1448 3568 1741 3622 exaltatus.
1807 3577 1863 3624 et
1916 3584 2150 3640 promis-

579 3655 788 3709 sionem
842 3655 1076 3726 Spiritus
1123 3658 1297 3712 sancti
1335 3661 1606 3730 accipiens
1645 3676 1671 3712 a
1721 3661 1910 3724 Patre,
1963 3662 2149 3718 ell‘udit

581 3748 684 3802 hoc
712 3787 728 3812 ,
765 3752 910 3816 quod
954 3764 1048 3818 vos
1081 3750 1275 3805 videtis
1306 3762 1360 3804 et
1405 3754 1624 3807 auditis.
1675 3753 1789 3808 Non
1839 3755 1982 3808 enim
2037 3756 2142 3808 Da-

581 3841 668 3894 vid
707 3842 950 3895 ascendit
992 3843 1044 3894 in
1093 3843 1333 3908 cmlum;
1395 3845 1522 3898 dicit
1562 3856 1737 3898 autem
1790 3847 1902 3913 ipse
1937 3865 1952 3900 :
2004 3848 2146 3900 Dixit

578 3929 834 3986 Dominus
870 3933 1094 3987 Domino
1144 3949 1263 3987 meo
1301 3953 1314 3988 :
1346 3935 1484 3988 Sede
1522 3951 1549 3988 a
1607 3937 1809 3989 dextris
1848 3938 1980 3991 meis
2003 3977 2018 4001 ,
2050 3940 2141 3992 do-

576 4037 677 4074 nec
737 4039 932 4092 ponam
987 4025 1237 4078 inimicos
1284 4035 1402 4079 tuos
1452 4027 1741 4080 seabelhun
1794 4029 1985 4096 pedum
2029 4039 2148 4083 tuo-

576 4113 820 4167 rum“.t
883 4113 1203 4169 Universum
1265 4117 1529 4171 incarnati
1581 4117 1738 4173 Verbi
1827 4123 2144 4189 mysterium

574 4219 639 4258 ex
699 4203 783 4258 his
846 4207 1152 4274 perspicere
1209 4207 1355 4262 licet.
1395 4208 1607 4261 Etenim
1661 4211 2004 4278 omnipotens
2057 4214 2146 4266 illa

571 4296 813 4361 dextera,
845 4298 1195 4366 omniumque
1249 4299 1430 4368 epil‘ex
1463 4315 1677 4364 manus,
1741 4300 1882 4357 Deus
1913 4303 2146 4358 Verbum

2326 3568 2410 3622 N'.
2446 3585 2464 3619 ι
2507 3567 2584 3635 Τῇ
2617 3562 2764 3633 δεξιᾷ
2785 3556 2880 3615 οὖν
2905 3560 2998 3615 τοῦ
3028 3561 3163 3616 θεοῦ
3188 3563 3440 3633 ὑψωθεὶς,
3465 3567 3562 3635 τήν
3579 3582 3637 3618 τε
3657 3566 3832 3633 ἐπαγ-

2255 3657 2440 3724 γελίαν
2456 3658 2550 3711 τοῦ
2585 3648 2743 3724 ἁγίου
2769 3655 3086 3723 Ιινεύματος
3099 3654 3277 3708 λαϐὼν
3305 3657 3451 3726 παρὰ
3475 3657 3566 3710 τοῦ
3592 3657 3827 3726 "Mf/5;,

2254 3749 2437 3819 ἐξέχεε
2476 3749 2656 3812 τοῦτο,
2687 3747 2715 3800 ὂ
2748 3748 2902 3815 ὑμεῖς
2934 3745 3163 3814 βλέπετε
3195 3748 3288 3800 καὶ
3319 3749 3562 3800 ἀκούετε.
3605 3747 3681 3818 OQ
3710 3750 3824 3818 γάρ

2251 3841 2413 3892 Δαυῖδ
2442 3841 2608 3910 ἀνέϐη
2648 3841 2728 3901 είς
2754 3840 2844 3891 τὸν
2873 3838 3100 3908 οὐρανόν
3123 3856 3136 3867 ·
3179 3837 3324 3907 λέγει
3354 3841 3408 3892 δὲ
3429 3837 3826 3910 αὑτόςίχΕἷπεν

2249 3931 2277 3982 ὁ
2309 3931 2512 4000 Κύριος
2539 3931 2616 3999 τῷ
2647 3931 2835 4000 Κυρίω
2870 3946 3001 3999 μου·
3033 3929 3216 3982 Κάθου
3241 3933 3304 3983 ἐκ
3332 3930 3522 3996 δεξιῶν
3562 3950 3684 4001 μου,
3717 3933 3826 3996 ἕως

2250 4023 2315 4075 ἂν
2352 4019 2429 4074 θῶ
2449 4021 2575 4084 τοὺς
2604 4021 2832 4090 ἐχθρούς
2859 4037 2952 4073 σου
2991 4022 3278 4075 ὑποπόδιον
3300 4023 3410 4075 τῶν
3444 4022 3619 4075 ποδῶν
3645 4040 3760 4076 σου.
3797 4044 3818 4076 ι

2253 4114 2414 4166 Ὅλον
2443 4116 2500 4165 ἐν
2536 4114 2748 4176 τούτοις
2775 4112 3225 4182 καταθρὴσαιμεν
3250 4113 3314 4166 ἂν
3338 4113 3438 4183 τῆς
3472 4112 3824 4184 ἐνανθρωπή-

2252 4221 2389 4266 σεως
2417 4203 2511 4256 τοῦ
2545 4205 2882 4272 Μονογενοῦς
2905 4205 2968 4257 τὸ
3014 4207 3332 4276 μυστήριον.
3384 4206 3470 4259 Ἐν
3499 4210 3677 4277 μορφῇ
3711 4207 3824 4277 γὰρ

2250 4295 2511 4363 ὑπάρχων
2557 4297 2652 4348 καὶ
2701 4298 2906 4366 ἰσότητι
2957 4294 3049 4348 τοῦ
3083 4297 3295 4366 Πατρὸς
3321 4299 3351 4350 ὁ
3396 4298 3454 4362 ἐξ
3485 4296 3646 4348 αὑτοῦ
3685 4298 3821 4362 Θεὸς

571 4388 625 4442 ἱη
670 4387 846 4441 Patris
876 4385 1044 4440 forma
1081 4400 1136 4442 et
1176 4392 1478 4459 :equalitate
1523 4407 1641 4444 cum
1684 4403 1828 4446 esset
1860 4432 1875 4454 ,
1928 4404 2143 4462 propter

2263 4384 2444 4452 λόγος,
2477 4386 2510 4454 ἡ
2540 4389 2842 4458 πανσθενὴς
2863 4387 3031 4453 δεξιὰ,
3049 4389 3142 4441 καὶ
3167 4389 3292 4458 χεὶρ
3315 4391 3347 4458 ἡ
3369 4389 3742 4460 παντουργικὴ
3763 4390 3820 4454 1³,

571 4479 863 4531 humanam
922 4487 1168 4531 naturam
1225 4483 1552 4546 exinanitus,
1600 4495 1653 4536 et
1696 4483 1961 4537 exaltatus
2006 4499 2141 4552 pra:-

568 4569 884 4622 olicatur”:
940 4582 1043 4621 non
1089 4569 1228 4634 quod
1272 4570 1321 4622 in
1361 4573 1581 4638 gloriam
1630 4583 1942 4627 extraneam
1972 4613 1987 4637 ,
2039 4573 2141 4628 hoc

567 4668 687 4722 est,
726 4659 777 4711 in
840 4672 959 4712 eam
1041 4671 1201 4724 quam
1260 4657 1383 4710 olim
1442 4664 1755 4715 naturaliter
1801 4681 1902 4715 non
1963 4665 2137 4733 possi-

567 4750 738 4810 deret,
770 4760 990 4803 evectus
1043 4746 1147 4813 sit,
1184 4746 1444 4815 sedquod
1488 4752 1554 4802 ad
1614 4756 1879 4820 propriam
1920 4765 2139 4808 natura-

570 4843 798 4910 literque
847 4842 952 4897 sibi
989 4842 1207 4896 insitam
1255 4851 1310 4895 ct
1343 4842 1707 4910 ingeneratam
1745 4847 1980 4898 redierit.
2024 4848 2134 4901 llo-

571 4951 657 4986 Illo
687 4935 868 5003 itaque
897 4936 1090 4999 iactus,
1113 4933 1382 4989 exaltatus
1412 4945 1496 4986 est
1521 4934 1814 4985 secundum
1849 4933 2134 4988 humanam

571 5032 860 5087 naturam,
903 5026 1108 5080 tametsi
1179 5024 1472 5080 secundum
1513 5033 1756 5074 lttlllll‘allt
1808 5037 2019 5090 semper
2057 5033 2138 5077 est

571 5111 885 5166 altissimus.
939 5113 1004 5166 Et
1032 5115 1175 5170 hunc
1222 5130 1341 5170 esse
1386 5115 1624 5170 arbitror
1667 5115 1878 5166 modum
1913 5125 2135 5177 naturze,

569 5212 623 5255 ct
666 5218 829 5272 quam
875 5218 1130 5258 vocamus
1169 5207 1609 5260 exiuanitionem.
1652 5205 1789 5257 Deus
1821 5203 1999 5271 itaque
2043 5205 2138 5258 ho-

571 5311 659 5349 mo
683 5298 881 5359 factus,
911 5295 1038 5349 licet
1079 5296 1177 5349 hoc
1223 5298 1391 5365 ipsum
1417 5299 1587 5351 solum
1620 5297 1761 5366 quod
1792 5297 2135 5358 cernebatur,

641 5454 687 5483 "
721 5452 738 5506 1
768 5450 922 5507 Joatt.
956 5467 1014 5514 II,
1049 5451 1094 5513 Ι,
1128 5451 1180 5505 ‘2.
1260 5451 1304 5479 ³³
1330 5451 1480 5503 Joan.
1511 5453 1680 5515 “,23.

1757 5453 1822 5484 ’³⁸
1853 5449 1894 5504 ll
1922 5450 2046 5505 Cor.
2080 5465 2131 5516 κ,
2158 5451 2214 5503 9..

2248 4476 2582 4529 κεκενῶσθαι
2617 4477 2716 4545 μὲν
2745 4477 2962 4545 λέγεται
2989 4479 3075 4531 διὰ
3102 4480 3162 4532 τὸ
3190 4478 3527 4549 ἀνθρώπινον
3546 4495 3558 4508 ·
3585 4479 3821 4548 ὑψοῦται

2245 4567 2299 4620 δὲ
2328 4568 2514 4632 πάλιν,
2551 4568 2652 4619 οὑκ
2684 4568 2764 4629 είς
2788 4567 2990 4621 ὀθνεῖον
3024 4569 3240 4638 ἀξίωμα
3271 4571 3366 4623 καὶ
3393 4571 3452 4623 οὺ
3489 4571 3654 4625 πάλαι
3679 4588 3821 4642 προ-

2246 4659 2487 4729 πεφυκὸς
2519 4656 2665 4726 αὑτῷ
2697 4656 3004 4722 διαϐαίνων,
3045 4659 3161 4711 ἀλλ’
3211 4661 3291 4722 εἰς
3336 4661 3574 4730 ἔμφυτόν
3616 4679 3676 4714 τε
3722 4663 3822 4715 καὶ

2244 4754 2343 4823 τὴν
2377 4751 2602 4804 ἐνοῦσαν
2636 4750 2723 4802 ἀεὶ
2755 4748 2912 4812 δόξαν
2937 4767 2995 4801 τε
3027 4749 3163 4819 ὁμοῦ
3193 4753 3286 4804 καὶ
3312 4752 3586 4823 ὑπεροχὴν
3619 4754 3822 4806 ὑπονο-

2245 4844 2406 4896 στῶν.
2445 4839 2710 4909 Ὑψοῦται
2734 4841 2843 4914 γὰρ
2875 4841 3252 4912 ἀνθρωπίνως,
3277 4842 3452 4896 καίτοι
3483 4844 3623 4898 κατὰ
3652 4843 3821 4910 φύσιν

2243 4935 2465 5003 ὕψιστος
2496 4933 2570 4986 ὢν
2601 4933 2708 4987 ἀεί.
2753 4934 2947 5002 Γέγονε
2998 4935 3106 5005 γάρ
3147 4935 3452 5005 ἄνθρωπος,
3494 4935 3586 4986 καὶ
3630 4931 3824 4997 τοῦτο,

2243 5022 2414 5095 οἶμαι,
2462 5025 2578 5077 ἐστὶ
2614 5023 2674 5076 τὸ
2702 5024 2801 5095 τῆς
2843 5024 3054 5093 φύσεως
3088 5025 3307 5092 μέτρον,
3336 5025 3427 5076 καὶ
3465 5023 3498 5091 ἡ
3543 5020 3823 5093 λεγομένη

2245 5117 2493 5177 κένωσις.
2552 5116 2619 5167 Ὃ
2657 5133 2721 5183 γε
2783 5117 2889 5187 μὴν
2930 5114 3360 5184 ὲνανθρωπήσας
3408 5113 3575 5177 Θεὸς,
3631 5111 3818 5166 καίτοι

2244 5204 2518 5277 νομισθεὶς
2558 5208 2709 5262 οὐδὲν
2731 5209 2918 5278 ἕτερον
2949 5204 3109 5271 εἶναι,
3147 5207 3286 5276 πλὴν
3306 5208 3387 5260 ὃτι
3419 5207 3578 5277 μόνον
3599 5205 3820 5276 ἄνθρω-

2246 5316 2363 5362 πος,
2397 5300 2525 5352 αὑτὸ
2545 5299 2610 5352 δτι
2635 5303 2786 5353 τουτὶ
2811 5301 2871 5353 τὸ
2896 5299 3222 5370 ὀριί›μενον,‹
3251 5299 3528 5371 ἐκηρύχθη
3559 5301 3616 5352 ὲν
3644 5298 3804 5352 ἔθνε-

3284 5457 3328 5486 ²¹⁵
3356 5455 3580 5526 Philipp.
3614 5471 3677 5522 It,
3699 5454 3763 5512 7..

2290 5451 2332 5482 ’³
2366 5454 2482 5507 Act.
2515 5472 2577 5521 ll,
2607 5456 2806 5524 53-55;
2844 5455 2985 5514 Psal.
3009 5472 3121 5523 eis,
3156 5456 3206 5511 1.

1662 5608 1828 5667 Variae
1865 5607 2121 5664 luctiones
2158 5605 2358 5661 codicis
2391 5607 2744 5678 Seguieriani.

647 5757 669 5793 ὴ
706 5746 944 5817 ἀληθινὴ.
