4092 6334
206 376 350 432 1405

1026 380 1113 434 AD
1158 381 1459 437 REGINAS
1498 382 1582 436 DE
1625 382 1855 439 RECTA
1897 384 2051 439 FIDE
2091 381 2354 438 ORATIO
2393 382 2697 437 ALTERA.

3333 385 3474 441 “06

207 523 313 565 σιν,
341 506 637 576 ἐπιστεύθη
668 508 723 558 ἐν
755 506 964 575 κόσμῳ,
992 525 1008 556 ι
1037 508 1328 575 τετίμηται
1354 506 1408 558 δέ
1426 506 1519 557 καὶ
1546 507 1620 570 ὡς
1653 508 1776 570 Υἱὸς

1887 510 1988 562 huc
2035 515 2158 571 est,
2220 522 2388 574 purus
2444 506 2606 558 homo
2680 517 2800 557 esse
2875 510 3191 571 putaretur,
3234 505 3473 571 «praedi-

203 596 422 664 άληθῶς
444 598 539 649 τοῦ
567 598 704 649 Θεοῦ
728 598 823 648 καὶ
857 599 1088 667 Πατρδς,
1134 600 1225 651 καὶ
1255 599 1351 666 τῆς
1387 598 1650 651 ἀνωτάτω
1685 617 1781 652 πα-

204 686 313 740 σῶν
362 688 613 751 εὐκλείας
662 689 957 758 ἀνεδήσατο
989 692 1053 741 τὰ
1104 690 1421 758 αὐχήματα,
1458 690 1589 751 Θεὸς
1641 688 1779 743 εἶναι

201 779 655 847 πεπιστευμένος.
711 778 819 831 Καὶ
852 780 951 831 οὐκ
979 778 1247 847 ἀσύνηθες
1290 780 1436 849 αύτῴ
1489 782 1548 833 τὸ
1596 784 1782 853 χρῆμά

201 872 349 921 ἐστιν
372 887 385 900 ·
420 870 621 937 ἀληθὲς
649 870 705 924 δὲ
744 872 942 940 μᾶλλον
987 867 1126 923 εἷναί
1156 889 1336 941 φαμεν
1386 872 1447 924 τὸ
1493 874 1781 943 ὑφειμένον

199 962 257 1010 ἐν
291 960 698 1032 ἀνθρωπότητι,
739 966 830 1016 καὶ
859 965 916 1015 τὸ
940 964 1202 1030 ύψοῦσοαι
1225 965 1421 1029 δοκεῖν,
1452 968 1634 1019 καίτοι
1661 971 1782 1030 ταῖς

198 1054 277 1112 εἰς
316 1052 469 1119 λῆξιν
511 1052 884 1124 διαπρέποντα
908 1054 1109 1117 δόξαις.
1158 1054 1375 1126 Ἐπειδὴ
1400 1056 1450 1107 δὲ
1479 1059 1543 1125 τῇ
1568 1055 1781 1127 ἀνορώ-

198 1158 302 1192 που
339 1142 523 1209 φύσει,
547 1147 643 1200 καὶ
675 1148 892 1217 μέτροις
921 1149 1032 1208 τοῖς
1058 1147 1178 1200 καθ’
1217 1148 1391 1216 ἡμᾶς,
1422 1146 1602 1199 πάντα
1633 1147 1783 1199 ἐστὶν

196 1234 403 1284 ἀνωθεν
423 1235 521 1287 καὶ
558 1238 705 1305 παρὰ
736 1236 897 1298 Θεοῦ,
936 1235 1108 1306 ταύτῃ
1133 1254 1214 1289 τοι
1254 1237 1347 1288 καὶ
1381 1237 1524 1306 μάλα
1555 1237 1782 1300 εἰκότως

197 1323 260 1390 τῇ
295 1322 445 1395 δεξιᾷ
474 1326 569 1379 τοῦ
608 1327 825 1396 ’Πατρὶς
858 1327 1123 1395 ὑψοῦσοαι
1163 1328 1399 1394 λέγεται,
1442 1328 1618 1379 καίτοι
1662 1328 1779 1397 χεὶρ

198 1410 459 1481 ὑπάρχων
494 1414 677 1477 αὐτὸς,
727 1416 821 1467 καὶ
850 1417 882 1484 ἡ
917 1416 1026 1467 τῶν
1054 1416 1191 1467 ὅλων
1235 1417 1567 1485 δημιουργὸς
1607 1417 1776 1480 δεξιά.

202 1500 393 1571 ἈΘρει
429 1504 486 1555 δέ
533 1522 622 1572 μοι
659 1505 823 1557 πάλιν
852 1506 942 1557 τὸν
974 1506 1179 1577 Κύριον
1219 1508 1373 1576 ἡμῶν
1425 1507 1633 1575 Ἰησοῦν
1690 1508 1778 1558 τὸν

196 1593 431 1661 Χριστὸν
461 1595 816 1664 ἀνθρωπίνως
843 1599 940 1667 μὲν
968 1599 1029 1650 τὸ
1059 1597 1283 1668 Πνεῦμα
1310 1598 1619 1667 δεχόμενον,
1643 1600 1779 1666 πλη·

200 1685 393 1753 ρσῦντα
424 1687 483 1739 δὲ
527 1687 728 1751 θεῖκῶς
766 1691 867 1758 τὴν
901 1691 1232 1757 ἐπαγγελίαν
1278 1690 1369 1742 τοῦ
1406 1691 1639 1761 Πατρὸς,
1689 1690 1779 1743 διὰ

196 1776 290 1827 τοῦ
336 1780 450 1840 τοῖς
485 1780 834 1833 πιστεύουσιν
867 1782 1069 1833 ἐνιέναι
1097 1782 1157 1833 τ),
1188 1781 1425 1851 πνεῦμα,
1457 1782 1551 1835 καὶ
1579 1783 1675 1851 οὐχ
1702 1783 1776 1845 ὡς

1882 608 2039 651 catus
2063 606 2147 651 est
2170 606 2347 651 tamen
2384 598 2435 649 in
2465 598 2746 667 gentibus:
2775 596 3013 648 creditus
3043 603 3124 648 est
3155 594 3205 646 iu
3238 597 3462 661 mundo,

1886 690 2185 743 honoratus
2223 690 2394 755 est“,
2418 707 2435 738 ι
2492 699 2549 741 ιιι
2590 704 2750 743 verus
2789 688 2878 740 Dei
2921 684 3099 740 Patris
3136 686 3303 741 Filius
3328 732 3341 750 ,
3376 689 3469 743 de-

1884 782 2046 849 nique
2084 794 2294 837 summa
2334 781 2505 849 gloria
2545 793 2864 847 smnmaque
2892 778 3152 844 dignitate
3199 780 3467 833 condeco-

1885 882 2034 926 ratus
2074 881 2177 936 est,
2211 882 2394 940 utpote
2444 870 2581 924 Deus
2619 879 2765 924 esset
2836 870 3094 923 creditus.
3163 868 3347 938 Neque
3404 885 3467 924 ea

1886 978 1973 1017 res
2014 962 2273 1015 inusitata
2326 962 2374 1015 ei
2436 971 2542 1015 est.
2594 961 2785 1014 Veram
2845 976 3078 1028 namque
3121 961 3173 1013 in
3233 962 3465 1013 humana

1885 1062 2073 1107 natura
2107 1054 2504 1117 humilitatem,
2550 1068 2731 1106 veram
2768 1066 2985 1106 rursum
3041 1055 3093 1106 in
3139 1052 3465 1111 exaltatione

1884 1144 2269 1200 sublimitatem
2300 1145 2643 1214 agnoscimus
2666 1184 2681 1208 ,
2726 1144 2850 1197 licet
2882 1159 2974 1197 sua
3022 1145 3135 1211 ipse
3170 1144 3343 1212 gloria
3371 1160 3465 1197 co-

1884 1245 2149 1290 ruscaret.
2197 1236 2460 1301 Quoniam
2498 1250 2628 1287 vero
2703 1234 2953 1287 humanm
2993 1245 3231 1297 naturae,
3284 1238 3465 1287 buma-

1882 1338 2072 1391 nteque
2102 1323 2430 1377 conditionis
2472 1329 2527 1375 et
2564 1320 2779 1374 modulo
2838 1322 3019 1374 omnia
3074 1322 3287 1373 coalitus
3336 1328 3389 1371 et
3436 1334 3463 1371 a

1882 1415 1989 1469 Deo
2024 1417 2351 1481 oltvcniunt;
2398 1416 2517 1467 ideo
2572 1412 2782 1475 Filius,
2832 1428 3137 1481 quanquam
3187 1413 3231 1466 is
3278 1426 3465 1465 secuit-

1881 1509 2005 1559 dttm
2036 1525 2094 1563 se.
2123 1523 2312 1561 manus
2346 1510 2565 1560 dextera
2597 1517 2651 1559 et
2688 1506 2927 1559 omnium
2962 1505 3139 1573 upifex
3174 1505 3275 1567 sit,
3305 1503 3458 1572 171

1880 1608 1977 1661 per
2005 1593 2181 1647 Patris
2212 1594 2488 1647 dexteram
2528 1594 2647 1661 jure
2687 1594 2879 1645 merito
2925 1593 3193 1645 exaltatus
3232 1590 3462 1644 dicitur.

1880 1685 2117 1741 Observa
2194 1685 2279 1740 hic
2339 1701 2550 1738 rursum
2635 1682 2923 1737 Dominum
2992 1694 3232 1736 nostrum
3281 1682 3461 1736 Jesum

1884 1776 2163 1832 Christum
2219 1780 2517 1832 secundum
2588 1778 2877 1831 humanam
2929 1777 3144 1843 quidem
3213 1786 3467 1829 naturam

197 1868 500 1938 ἀλλότριον,
546 1871 660 1924 ἀλλ’
696 1871 771 1935 ὼς
805 1872 935 1925 ῖδιον
971 1873 1156 1927 αὑτοῦ.
1213 1876 1356 1942 Ἔφη
1403 1875 1502 1943 μὲν
1531 1876 1639 1946 γάρ
1670 1893 1771 1928 που

1880 1867 2139 1938 Spiritum
2204 1870 2484 1936 accipere,
2545 1868 2839 1923 secundum
2895 1868 3140 1920 divinant
3179 1881 3304 1921 vero
3360 1867 3464 1920 hoc

193 1958 324 2023 Θεὸς
342 1961 542 2024 δι’ἐνὺς
572 1962 680 2014 τῶν
708 1964 879 2031 ἁγίων
900 1966 1215 2036 προφητῶν,
1241 1967 1323 2020 ὅτι
1358 1983 1376 2016 ι
1424 1967 1632 2035 Ἑκχεῶ
1662 1968 1769 2019 ἀπὸ

191 2050 289 2102 τοῦ
314 2053 634 2124 Πνεύματός
667 2072 768 2123 μου
805 2057 897 2109 ἐπὶ
940 2059 1120 2111 πᾶσαν
1164 2059 1361 2128 σάρκα.
1402 2076 1421 2109 ι
1468 2058 1671 2128 Πληροῖ
1702 2059 1771 2111 ’δὲ

189 2143 355 2197 ’τοῦτο
382 2146 636 2217 Χριστὸς,
680 2147 755 2209 ὡς
788 2148 914 2201 ῐδιον
942 2149 1103 2212 ἐνιεὶς
1144 2152 1257 2212 τοῖς
1305 2150 1663 2219 κεκλημένοις
1709 2150 1771 2203 τὸ

192 2233 443 2304 Πνεῦμα.
468 2238 662 2290 Καίτοι
681 2239 740 2291 τὸ
762 2238 1024 2308 μετόχους
1048 2240 1333 2292 ἀποτελεῖν
1353 2239 1611 2293 δύνασθαί
1629 2257 1777 2303 τινας

192 2326 288 2377 τοῦ
320 2328 479 2393 ἁγίου
519 2328 861 2398 Πνεύματος,
890 2331 1090 2399 πρέποι
1118 2330 1183 2383 ἂν
1226 2332 1325 2384 οῦκ
1354 2331 1625 2402 ἀνθρώπῳ
1678 2350 1776 2385 πο-

196 2418 317 2481 Θὲν,
354 2420 472 2490 Θεῷ
498 2422 554 2475 δὲ
591 2422 792 2491 μᾶλλον
820 2423 898 2493 τῷ
929 2425 1071 2477 κατά
1100 2423 1283 2492 φύσιν.
1327 2426 1663 2495 Ἐνήργηκεν
1684 2422 1777 2477 οῦν

193 2508 265 2559 τὰ
290 2509 384 2561 τοῦ
427 2510 562 2562 Θεοῦ
595 2512 689 2564 καὶ
732 2512 944 2582 Πατρὸς
987 2513 1015 2563 ό
1063 2514 1211 2579 Ὣὶὸς,
1246 2515 1307 2566 τὸ
1349 2515 1573 2583 Πνεῦμα
1605 2515 1779 2575 διδοὺς

193 2599 377 2661 αὑτός.
424 2602 761 2671 Ἀνορωπίνη
817 2604 998 2657 τοίνυν
1053 2607 1083 2673 ἡ
1134 2604 1317 2675 λῆψις,
1368 2605 1670 2675 Θεοπρεπὲς
1719 2603 1777 2657 δὲ

194 2692 289 2742 καὶ
326 2692 467 2760 ὑπὲρ
496 2693 781 2763 ἄνθρωπον
812 2695 873 2748 τὸ
920 2696 977 2761 ἐξ
1008 2696 1138 2749 ίδίου
1173 2696 1544 2767 πληρώματος
1576 2698 1666 2748 καὶ
1699 2697 1778 2757 είς

194 2783 417 2852 ἐτέρους
447 2788 628 2854 ἐκχεῖν
672 2787 770 2857 τὴν
811 2788 903 2839 τοῦ
954 2788 1271 2857 Πνεύματος
1310 2789 1473 2844 δόσιν.
1520 2787 1651 2848 Θεὸς
1684 2780 1777 2837 οὖν

194 2870 303 2939 ἆρα
336 2873 487 2925 ἐστὶν
528 2875 586 2925 ἐν
631 2874 947 2946 ἀνθρωπεία
991 2879 1171 2946 μορφῇ
1206 2875 1462 2945 πεφηνὼς
1513 2878 1541 2929 ὁ
1583 2876 1775 2942 Λόγος,

196 2962 451 3032 σύνεδρός
476 2981 531 3016 τε
564 2964 651 3017 διὰ
677 2966 834 3019 τοῦτο
868 2968 943 3036 τῷ
971 2967 1088 3035 Θεῷ
1110 2969 1203 3019 καὶ
1236 2969 1427 3037 Πατρί.

194 3066 317 3120 est,
348 3055 533 3111 ellicit.
581 3058 885 3112 Humanum
938 3064 1158 3127 proinde
1199 3062 1455 3129 quiddam
1496 3072 1579 3113 est
1605 3100 1620 3123 ,

1881 1961 1998 2028 ipso
2048 1959 2229 2014 Patris
2281 1962 2550 2029 promissa
2602 1961 2882 2014 exsolvere
2915 1998 2931 2021 ,
2992 1963 3133 2028 quod
3202 1958 3462 2028 Spiritum

1879 2061 2125 2105 sanetum
2166 2066 2272 2104 non
2332 2062 2585 2119 tanquam
2646 2052 2715 2103 ab
2754 2067 2812 2104 se
2855 2052 3140 2114 alienum,
3190 2052 3286 2105 sed
3342 2050 3463 2103 ian-

1880 2156 2041 2211 quam
2089 2143 2191 2197 sibi
2222 2144 2501 2211 preprium
2576 2143 2825 2196 tidelibns
2892 2145 3076 2198 mittit.
3140 2144 3277 2197 Deus
3318 2143 3461 2198 enim

1882 2251 1975 2303 per
2008 2237 2299 2304 quemdam
2333 2251 2398 2291 ex
2456 2237 2660 2290 sanctis
2691 2235 2970 2306 prophetis
3014 2237 3209 2290 alicubi
3241 2237 3312 2292 ita
3362 2238 3459 2290 ait:

1890 2344 1908 2377 ι
1953 2327 2237 2381 Eﬂ'undam
2286 2328 2351 2381 de
2401 2327 2609 2398 Spiritu
2678 2343 2811 2381 meo.
2864 2342 3028 2396 super
3076 2343 3293 2381 omnem
3335 2344 3461 2381 car-

1884 2434 2004 2472 nem
2029 2421 2093 2474 ".
2128 2438 2146 2470 ›
2196 2419 2347 2474 lianc
2386 2428 2565 2473 autem
2617 2421 3032 2488 promissionem
3060 2420 3314 2475 Christus
3358 2421 3464 2474 Do-

1883 2512 2061 2564 minus
2108 2520 2325 2579 pra-stat
2354 2553 2368 2575 ,
2415 2520 2535 2564 cum
2572 2510 2832 2579 Spiritum
2867 2521 2925 2564 ttt
2974 2512 3249 2580 proprium
3285 2513 3350 2564 ad
3397 2512 3461 2564 ft-

1889 2606 2010 2656 dent
2090 2604 2294 2657 vocatis
2349 2603 2609 2658 immittit.
2656 2605 2835 2672 Atque
2888 2603 3156 2671 Spiritum
3212 2614 3465 2658 sanctum

1880 2696 2290 2762 quibuscunqtte
2356 2695 2563 2747 libitum
2594 2694 2757 2747 fuerit
2792 2708 2952 2763 posse
2986 2695 3248 2763 impertiri
3301 2695 3351 2748 id
3409 2695 3469 2749 in

1883 2786 2155 2838 hominem
2190 2800 2528 2854 nequaquam
2564 2786 2857 2847 convenit,
2898 2787 2993 2839 sed
3051 2795 3256 2840 tantum
3289 2786 3341 2839 in
3372 2800 3466 2841 ve-

1885 2891 2003 2929 rum
2063 2875 2473 2943 naturalemque
2535 2874 2725 2929 Deum.
2789 2875 3016 2941 Quando
3058 2876 3223 2945 igitur
3293 2874 3469 2929 Filius

1884 2966 2147 3035 Spiritum
2200 2978 2448 3021 sanctum
2483 2966 2812 3031 impertivit,
2868 2965 3011 3035 quod
3067 2966 3157 3019 Dei
3190 2975 3246 3020 et
3286 2964 3465 3020 Patris

1697 3059 1962 3127 Spiritum
2020 3060 2328 3127 suscipere;
2364 3060 2603 3113 divinum
2650 3074 2781 3112 vero
2846 3070 2900 3113 ct
2956 3072 3118 3126 supra
3162 3056 3462 3121 hominem,

194 3163 261 3201 ex
297 3151 513 3219 propria
569 3151 903 3220 plenitudine
948 3153 1209 3222 Spiritum
1258 3166 1504 3209 sanctum
1550 3156 1601 3209 itt
1648 3156 1782 3208 alios
1822 3151 2120 3209 eﬂnndcre.
2172 3154 2406 3207 Verbum
2474 3154 2681 3222 itaque,
2720 3154 2860 3221 quod
2904 3153 2955 3206 itt
3015 3154 3249 3206 humana
3289 3151 3467 3205 forma

194 3247 474 3313 apparuit,
534 3246 674 3303 Deus
708 3260 792 3304 est
820 3268 832 3279 ·
881 3252 1021 3305 unde
1077 3253 1429 3321 consequitur
1509 3262 1566 3306 ιιι
1609 3252 1851 3320 ejusdem
1890 3266 2107 3321 quoque
2140 3268 2261 3305 cum
2320 3250 2482 3305 Patre
2527 3250 2831 3320 majestatis
2874 3251 2969 3304 sit.

193 3356 331 3424 Περὶ
357 3357 462 3410 τοῦ
488 3358 767 3432 λέγεσθαι
798 3362 1137 3432 ἀναστῆναι
1168 3363 1424 3431 Χριστὸν
1442 3365 1509 3418 ἐκ
1544 3364 1773 3432 νεκρῶν

1882 3362 1959 3417 De
1988 3380 2047 3418 eo
2094 3365 2234 3431 quod
2278 3363 2522 3418 Christus
2559 3381 2651 3432 per
2682 3373 2959 3432 paternam
2994 3371 3238 3417 virtutem
3284 3376 3463 3416 resur-

600 3431 668 3482 ἐν
694 3430 941 3499 δυνάμει
975 3432 1080 3485 τοῦ
1109 3430 1358 3501 Πατρός.

268 3539 395 3592 NA'.
452 3541 510 3593 Ὀ
541 3541 827 3605 θεσπέσιος
864 3546 1067 3613 γράφει
1114 3546 1327 3609 Παῦλος
1360 3549 1489 3619 περὶ
1519 3548 1613 3601 τοῦ
1645 3567 1775 3617 προ-

196 3630 434 3698 πάτορος
480 3631 747 3701 ’Λὸραάμ·
782 3653 800 3684 ι
839 3636 950 3686 Οὐκ
976 3636 1190 3706 ἐγράφη
1220 3638 1276 3691 δὲ
1307 3637 1374 3689 δι’
1402 3640 1563 3691 αὐτὸν
1591 3641 1766 3709 μόνον,

196 3720 276 3770 ὅτι
322 3720 575 3789 ἐλογίσθη
617 3723 763 3792 αὐτῷ
808 3726 840 3793 ἡ
888 3725 1068 3791 πίστις
1111 3729 1190 3790 είς
1223 3728 1602 3799 δικαιοσύνην·
1638 3731 1774 3783 ἀλλὰ

197 3812 289 3865 καὶ
324 3812 389 3864 δι’
417 3815 562 3882 ἡμᾶς
585 3855 598 3878 ,
630 3808 708 3879 οἷς
741 3817 923 3886 μέλλει
952 3817 1258 3884 λογίζεσθαι
1291 3824 1401 3882 τοῖς
1425 3822 1772 3877 πιστεύουσιν

196 3904 288 3955 ἐπὶ
318 3904 408 3957 τὸν
438 3906 729 3974 ἐγείραντα
772 3907 977 3977 Ἰησοῦν
1018 3910 1109 3961 τὸν
1161 3911 1363 3981 Κύριον
1394 3912 1552 3982 ἡμῶν
1594 3915 1657 3965 ἐκ
1688 3932 1772 3966 νε-

197 3995 371 4063 κρῶν’
406 3995 464 4059 ὃς
496 3998 763 4067 παρεδόοη
790 4000 879 4050 διὰ
905 4002 970 4051 τὰ
1022 4002 1442 4073 παραπτώματα
1471 4004 1648 4073 ἡμῶν,
1679 4008 1773 4058 καὶ

194 4087 400 4157 ἠγέρθη
442 4088 529 4141 διὰ
558 4089 655 4158 τὴν
695 4089 976 4143 δικαίωσιν
1011 4092 1189 4163 ἡμῶν.
1233 4114 1250 4144 ι
1304 4094 1419 4147 Μία
1461 4095 1560 4164 μὲν
1587 4096 1772 4165 θεότη-

194 4194 283 4240 τος
313 4178 495 4245 φύσις,
515 4180 571 4231 ἐν
596 4181 925 4235 ὑποστάσεσι
950 4183 1006 4234 δὲ
1032 4188 1417 4253 προσκυνεῖται
1442 4188 1589 4254 τρισὶ
1619 4188 1771 4256 παρά

194 4284 251 4318 τε
286 4266 445 4335 ήμῶν
479 4269 573 4320 καὶ
610 4270 719 4321 τῶν
771 4270 882 4321 ἄνω
918 4273 1261 4340 πνευμάτων.
1306 4275 1452 4336 Μιᾶς
1498 4272 1553 4324 δὲ
1603 4272 1769 4342 οὔσης

194 4356 447 4426 θεότητος
490 4361 728 4429 ἁπάσης,
774 4363 997 4424 είκότως
1026 4362 1089 4431 δὴ
1118 4363 1276 4432 ἔργον
1310 4366 1375 4417 ἂν
1417 4365 1628 4431 γένοιτο
1661 4368 1769 4417 πᾶν

191 4446 369 4499 ὁτιοῦν
394 4449 497 4501 τῶν
516 4451 596 4502 ὅτι
626 4452 859 4519 μάλιστα
888 4452 1205 4521 πρεπόντων
1236 4455 1373 4523 αὐτῇ
1396 4471 1453 4505 τε
1484 4457 1577 4507 καὶ
1608 4456 1764 4525 μόνῃ.

193 4540 498 4610 Πράττεται
531 4542 637 4611 γὰρ
664 4542 841 4594 πάντα
869 4543 1021 4613 παρᾶ
1046 4543 1137 4595 τοῦ
1170 4544 1304 4597 Θεοῦ
1338 4546 1430 4597 καὶ
1460 4547 1673 4617 Πατρός
1700 4547 1767 4597 δι’

193 4630 322 4681 Υίοῦ
362 4632 419 4682 ἐν
470 4630 747 4699 Πνεύματι
772 4672 785 4683 .
824 4633 983 4684 Ὥστε
1019 4632 1121 4685 κᾶν
1150 4636 1197 4685 εἰ
1253 4635 1463 4702 λέγοιτό
1498 4654 1599 4688 που
1632 4636 1767 4699 ζωο-

193 4725 366 4775 ποιεῖν
397 4724 426 4773 ό
452 4723 662 4792 Πατὴρ,
694 4724 977 4795 ἐνεργήσει
1006 4726 1220 4787 πάντως
1248 4726 1379 4777 αὐτὸ
1409 4727 1495 4779 διὰ
1517 4726 1610 4779 τοῦ
1637 4728 1767 4780 Υίοῦ

193 4812 248 4860 ἐν
275 4810 417 4879 ἁγίῳ
449 4811 742 4879 Πνεύματι.
794 4812 913 4865 Κᾶν
954 4815 1146 4884 ἐνεργῇ
1177 4814 1449 4884 τὴν-ζωὴν
1489 4816 1517 4867 ό
1554 4816 1677 4878 Υἱὸς
1710 4816 1767 4869 ἓν

194 4919 254 4967 γε
303 4904 417 4965 τοῖς
448 4901 789 4972 δεδεημένοις
833 4905 933 4972 τῆς
980 4906 1166 4975 ζωῆς,
1216 4906 1331 4959 ἀλλ’
1381 4908 1441 4958 οῦ
1505 4907 1627 4977 δίχα
1673 4908 1766 4961 τοῦ

193 4993 476 5061 όμοουσίου
522 4995 770 5065 Πατρός·
813 4995 923 5066 ἔχει
958 4997 1065 5068 γὰρ
1120 5000 1179 5051 ἐν
1229 5000 1405 5068 ἐαυτῷ
1432 5000 1522 5052 τὸν
1568 5000 1765 5069 Γεννή-

195 5101 382 5138 σαντα.
433 5086 541 5139 Καὶ
598 5086 729 5155 γοῦν
775 5088 878 5159 ἔφη
924 5089 1139 5157 σαφῶς·
1196 5110 1214 5141 ‹
1282 5092 1400 5142 Ἀπ’
1434 5092 1671 5159 ἐμαυτοῦ
1705 5093 1766 5144 ού

193 5171 368 5226 λαλῶ·
401 5176 430 5227 δ
458 5174 513 5228 δὲ
563 5177 751 5249 Πατὴρ
790 5178 817 5229 ό
844 5180 902 5230 ἐν
944 5181 1065 5249 ἐμοὶ
1114 5180 1310 5249 μένων,
1354 5183 1496 5233 ποιεῖ
1528 5182 1593 5233 τά
1631 5180 1767 5252 ἔργα

196 5266 373 5328 αὐτός.
409 5286 425 5315 ι
463 5268 579 5320 Κᾶν
608 5271 657 5321 εἰ
683 5271 743 5320 τὸ
771 5270 995 5337 Πνεῦμα
1020 5270 1227 5337 λέγοιτο
1254 5272 1412 5325 τοῦτο
1438 5274 1591 5343 δρᾷν,
1618 5275 1769 5341 ἐνερ-

2449 3436 2643 3487 rexisse
2682 3435 2895 3487 dicitur.

1952 3544 2034 3599 L1.
2075 3546 2295 3599 Divinus
2340 3544 2536 3600 Paulus
2582 3546 2647 3601 de
2688 3547 2998 3614 patriai-cna
3057 3546 3334 3600 Abraham
3385 3544 3460 3599 ita

1881 3638 2102 3691 scribit:
2146 3658 2163 3688 ι
2206 3638 2320 3691 Non
2364 3650 2447 3691 est
2479 3648 2657 3692 autem
2705 3640 2967 3706 scriptum
3014 3648 3237 3709 prepter
3284 3638 3463 3707 ipsum

1882 3737 2114 3793 tantum,
2145 3730 2266 3797 quia
2301 3740 2606 3797 reputatnm
2638 3740 2719 3785 est
2746 3730 2818 3783 illi
2847 3730 2913 3784 ad
2945 3730 3247 3799 justitiam;
3280 3730 3376 3784 sed
3405 3737 3463 3784 et

1882 3831 2103 3889 propter
2132 3837 2248 3885 nos,
2270 3823 2468 3890 quibus
2500 3822 2837 3891 reputabitur
2859 3823 3208 3877 credentibus
3231 3823 3280 3874 in
3311 3837 3459 3887 eum,
3494 3892 3497 3893 ν

1879 3912 1969 3978 qui
2002 3912 2289 3964 suscitavit
2323 3912 2503 3966 Jesum
2539 3913 2825 3967 Dominum
2860 3923 3104 3967 nostrum
3135 3929 3164 3967 a
3199 3913 3463 3968 mortuis:

1879 4004 1968 4071 qtti
1994 4002 2224 4056 traditus
2248 4011 2331 4057 est
2366 4010 2585 4071 propter
2607 4003 2800 4057 delicta
2830 4013 3039 4069 nostra,
3073 4014 3127 4057 et
3158 4006 3461 4059 resurrexit

1879 4106 2099 4160 propter
2143 4093 2590 4161 justitieationém
2637 4095 2965 4149 nostram".
3002 4113 3021 4147 ι
3077 4095 3191 4151 Utta
3244 4095 3459 4163 quidem

1879 4184 2055 4235 dcitas
2088 4184 2141 4235 iu
2174 4184 2346 4237 tribus
2373 4186 2623 4251 personis
2646 4184 2907 4238 adoratur
2933 4196 3046 4238 tum
3081 4201 3109 4238 a
3142 4185 3317 4249 nobis,
3346 4194 3459 4239 tum

1876 4274 2039 4325 etiam
2080 4290 2108 4326 τι
2152 4276 2406 4345 supernis
2445 4276 2550 4330 illis
2598 4277 2904 4345 spiritibus.
2943 4277 3075 4330 Cum
3123 4287 3302 4330 autem
3353 4290 3460 4330 una

1876 4366 2141 4418 duntaxat
2172 4366 2427 4420 divinitas
2454 4369 2704 4429 exsistat,
2739 4368 2933 4421 merito
2971 4370 3136 4421 totius
3162 4384 3297 4437 opus
3334 4383 3460 4423 cen-

1878 4468 2048 4522 setur,
2094 4458 2351 4525 quidquid
2391 4467 2567 4526 potest
2593 4459 2660 4511 ab
2700 4458 2787 4511 illa
2827 4475 2932 4512 una
2970 4460 3281 4527 procedere.
3316 4458 3459 4512 Deus

1879 4546 2041 4601 Pater
2079 4563 2317 4616 namque
2344 4550 2527 4601 omnia
2555 4565 2648 4616 per
2667 4549 2859 4603 Filium
2891 4562 3143 4619 operatur
3170 4551 3220 4603 in
3252 4550 3458 4617 Spiritu

1878 4649 2086 4691 sancto.
2125 4638 2303 4703 Quare
2342 4638 2386 4692 si
2425 4638 2587 4693 Pater
2634 4639 2911 4694 viviﬁcare
2953 4641 3170 4702 dicitur,
3221 4643 3456 4709 idipsum

1877 4731 2099 4783 omnino
2127 4746 2224 4799 per
2251 4730 2448 4784 Fiiinm
2478 4732 2531 4783 in
2568 4731 2773 4800 Spiritu
2807 4744 2995 4786 sancto
3020 4744 3277 4801 przestare
3298 4733 3456 4787 intel-

1877 4822 2141 4890 ligitur".
2175 4823 2407 4877 Bursam
2438 4824 2478 4877 si
2507 4823 2675 4877 Filius
2708 4826 2757 4875 in
2786 4825 2869 4879 his
2900 4826 2989 4894 qui
3022 4826 3126 4879 vita
3155 4827 3457 4881 destituun-

1880 4924 1987 4976 tur,
2029 4913 2193 4965 t'ilam
2232 4912 2446 4967 edicere
2490 4915 2845 4983 praedicatur;
2883 4917 2984 4969 hoc
3031 4918 3203 4986 ipsum
3250 4918 3458 4986 absque

1876 5005 2256 5060 coessentialis
2288 5005 2468 5059 Patris
2512 5008 2895 5076 cooperatione
2926 5008 3137 5062 eﬂicere
3167 5025 3270 5063 non
3298 5018 3455 5078 pute-

1878 5106 1983 5163 tnr,
2012 5108 2073 5151 ut
2103 5096 2195 5164 qui
2223 5096 2373 5149 illum
2410 5098 2500 5164 qui
2526 5112 2650 5153 eum
2689 5100 2895 5167 genuit,
2925 5100 2975 5153 in
3014 5100 3197 5168 seipse
3230 5116 3455 5155 manen-

1879 5198 1983 5243 tem
2019 5202 2235 5256 semper
2275 5189 2512 5242 habeat:
2550 5190 2713 5259 cEgo,
2747 5191 2919 5261 inquit
2955 5202 3155 5260 aperte,
3191 5208 3219 5245 a
3248 5192 3455 5259 meipso

1873 5295 1977 5333 non
2026 5278 2255 5349 loquor:
2305 5278 2465 5332 Pater
2512 5282 2602 5349 qui
2657 5282 2709 5335 in
2764 5297 2849 5337 me
2902 5295 3103 5349 manet,
3156 5285 3267 5352 ipse
3322 5283 3454 5338 facit

196 5358 349 5428 γήσει
389 5359 605 5421 πάντως
629 5359 703 5420 ὡς
728 5362 945 5430 πνεῦμα
974 5362 1136 5431 ζωῆς·
1165 5364 1309 5432 ζωὴν
1340 5366 1395 5417 δὲ
1423 5360 1561 5419 εἷναί
1589 5385 1769 5435 φαμεν

1880 5384 2028 5437 opcra
2050 5371 2115 5425 ³ο.
2148 5389 2165 5421 ι
2206 5370 2363 5440 172
2392 5369 2628 5424 Tandem
2653 5373 2697 5426 si
2738 5374 2961 5441 Spiritus
2994 5376 3095 5429 hoc
3127 5376 3297 5444 ipsum
3320 5391 3450 5445 ope-

199 5450 333 5501 κατὰ
362 5450 525 5517 φύσιν
557 5452 646 5503 τὸν
672 5452 803 5505 Θεον
834 5454 924 5506 καὶ
962 5455 1176 5525 Πατέρα
1200 5496 1212 5516 ,
1256 5457 1349 5507 καὶ
1381 5457 1471 5509 τὸν
1503 5456 1561 5522 ἐξ
1598 5458 1766 5511 αὐτοῦ

198 5540 519 5609 γεννηθέντα
558 5542 704 5596 Υἱόν.
744 5543 951 5595 υύκοῦν
976 5544 1191 5613 λέγεται
1228 5546 1328 5615 μὲν
1354 5548 1383 5599 ό
1419 5548 1602 5618 Πατὴρ
1630 5551 1763 5602 ἀνα-

198 5631 386 5702 στῆσαι
420 5633 655 5704 Χριστὸν
687 5636 748 5686 ἐκ
779 5636 986 5707 νεκρῶν
1014 5657 1026 5669 σ
1066 5638 1162 5707 οὐχ
1211 5638 1516 5709 εὑρήσομεν
1568 5641 1624 5692 δὲ
1672 5640 1762 5693 τὸν

258 5769 347 5825 ³⁸1
386 5767 601 5825 Τιιηοιίι
658 5786 736 5839 tu,
780 5770 840 5823 16
965 5774 1003 5802 ”
1045 5770 1148 5831 loel
1185 5786 1242 5836 ιι,
1281 5773 1367 5827 ἳ8.

1448 5772 1490 5803 ³⁸
1524 5773 1679 5831 Rom.
1709 5792 1780 5845 μ’,
1808 5777 1897 5846 ει,
1936 5780 2021 5835 25.

1869 5471 2057 5525 ratur,
2107 5465 2328 5519 omnino
2371 5474 2424 5516 ιιι
2487 5464 2610 5518 vita!
2671 5466 2895 5535 spiritus
2966 5477 3238 5536 operatur.
3284 5467 3448 5537 Atqui

1867 5554 2033 5607 Deum
2078 5554 2319 5619 Patrem,
2361 5566 2416 5609 et
2466 5555 2656 5611 Filium
2690 5558 2778 5626 qui
2832 5574 2894 5612 ex
2947 5560 3035 5613 illo
3084 5561 3297 5629 genitus
3336 5570 3446 5625 est,

1862 5648 2157 5701 secundum
2212 5660 2461 5702 naturam
2511 5651 2671 5704 vitam
2718 5666 2837 5706 esse
2886 5653 3137 5707 dicimus.
3186 5654 3447 5725 Quamvis

2107 5781 2145 5813 "
2174 5780 2323 5837 Joau.
2359 5798 2407 5836 ν.
2441 5784 2526 5838 21.
2610 5785 2648 5816 ³ο
2675 5784 2829 5842 ιοοη.
2863 5802 2968 5857 xtv,
3003 5787 3085 5843 10.
