4092 6334
571 320 712 379 ΗΟΊ

1546 324 1602 376 S.
1646 321 1922 377 CYRILLI
1966 322 2435 379 ALEXANDIHNI
2474 324 2794 381 ARCIIIEP.

3690 325 3841 383 1408

569 456 701 510 ergo
728 441 885 495 Pater
931 440 1206 493 Christum
1238 456 1299 493 ex
1334 443 1560 495 mortuis
1593 444 1959 499 exsuscitasse
2008 446 2153 497 dica-

2280 446 2383 499 ι¹ἰὸν
2419 448 2684 516 ἁνενεργῆ
2736 444 2861 515 περὶ
2893 445 2992 514 τὴν
3026 446 3323 498 ἀνάστασιν
3353 441 3445 496 τοῦ
3479 441 3609 494 ἰδίου
3643 440 3840 511 σῶμα·

574 541 683 593 tur,
718 533 909 586 Filium
947 541 1122 584 tamen
1159 534 1303 587 circa
1338 535 1538 603 proprii
1573 536 1817 601 cerporis
1846 539 2149 593 exsuscita-

574 625 773 677 tionem
804 637 906 675 non
940 622 1174 676 otiosum
1199 624 1479 679 exstitisse
1513 624 1877 692 inveniemus,
1905 645 2026 682 nam
2054 628 2149 683 Ju—

572 715 721 770 dteos
749 715 850 768 hoc
867 715 1029 768 modo
1056 714 1321 769 allocutus
1348 715 1572 783 legitur:
1614 733 1631 765 ι
1655 715 1860 772 Solvite
1898 720 2151 787 templum

578 808 699 867 hoc,
727 815 781 858 et
812 806 862 858 in
906 806 1079 862 tribus
1110 808 1296 861 diebus
1325 806 1571 860 excitabo
1609 807 1824 863 illud“.
1861 828 1878 860 ι
1918 811 1994 862 lta
2031 826 2151 864 curn

574 896 764 949 beatus
800 896 1000 950 Paulus
1033 899 1246 961 doceat,
1284 917 1300 947 ι
1333 897 1485 963 Quod
1526 908 1578 953 et
1616 900 1774 955 nobis
1813 917 2031 969 quoque
2073 918 2158 956 re-

575 987 854 1056 putabitur
919 990 984 1042 ad
1041 988 1311 1059 justitiam
1363 992 1709 1047 credentibus
1752 999 1805 1045 in
1865 1007 2010 1059 eum,
2065 994 2156 1062 qui

574 1079 861 1133 suscitavit
887 1078 1071 1134 Jcsum
1101 1079 1376 1135 Christum
1410 1098 1473 1136 ex
1505 1084 1767 1149 mortuis;
1792 1103 1807 1134 ι
1847 1099 1950 1138 non
1982 1084 2156 1139 solum

578 1173 630 1225 in
664 1172 827 1227 Deum
857 1172 1072 1227 Patrem
1098 1175 1565 1239 credidimus,scd
1592 1178 1753 1230 ctiam
1782 1176 1835 1229 iu
1868 1176 2157 1234 Dominum

580 1276 823 1318 nostrum
884 1264 1071 1320 .lesum
1128 1266 1429 1322 Christum.
1472 1268 1609 1335 Quin
1670 1278 1723 1322 et
1766 1269 1897 1323 illud
1945 1286 2161 1340 quoque

578 1355 1001 1420 observandum,
1050 1368 1104 1411 ut
1153 1359 1410 1426 arbitror,
1448 1361 1546 1414 hoc
1592 1360 1709 1415 loco
1760 1362 1920 1423 venit,
1967 1377 2162 1431 nempe

582 1444 952 1516 Unigcnilttttt,
991 1448 1263 1504 hominem
1298 1450 1523 1517 factum,
1564 1462 1792 1508 mortem
1826 1456 2044 1523 quidem
2075 1472 2164 1511 se-

578 1538 813 1591 cundum
873 1556 1094 1596 carnem
1149 1545 1455 1612 pertulisse,
1490 1546 1539 1599 vi
1574 1556 1754 1602 tamen
1810 1548 2014 1611 carnis,
2061 1550 2165 1605 hoc

578 1638 665 1681 est
700 1629 1072 1697 humanitatis,
1128 1635 1439 1704 neutiquam
1480 1639 1764 1704 revixisse,
1814 1642 1908 1695 sed
1966 1641 2166 1696 virtute

580 1720 815 1785 deitatis,
847 1741 865 1773 ι
893 1740 1010 1791 qua:
1056 1725 1298 1782 viviﬁcat
1354 1741 1618 1795 mortuos,
1649 1743 1703 1787 et
1742 1743 1901 1787 vocat
1938 1748 2003 1787 ea
2043 1748 2165 1802 quae

582 1826 687 1865 non
735 1824 883 1878 sunt,
928 1825 1182 1885 tanquam
1216 1833 1277 1871 ea
1320 1834 1441 1888 qua:
1487 1822 1698 1875 sunt".
1738 1841 1755 1873 ι
1811 1824 1929 1892 ipsa
1977 1824 2161 1891 itaque

580 1903 874 1958 viviﬁcatio
917 1922 1021 1960 non
1076 1908 1143 1961 ad
1191 1910 1366 1978 ipsam
1413 1914 1663 1979 corporis
1716 1924 1987 1978 naturam,
2038 1915 2164 1969 licet

584 1994 715 2049 illud
748 1994 925 2052 Verbo
950 2014 1013 2052 ex
1047 2000 1154 2054 Deo
1193 2002 1377 2071 genito
1405 2004 1683 2073 proprium
1730 2006 2023 2071 exstiterit,
2067 2006 2163 2063 sed

584 2087 764 2154 potius
789 2089 855 2141 ad
879 2106 1187 2157 supremam
1220 2093 1365 2148 illam
1394 2094 1669 2161 virtutem,
1691 2098 1793 2151 hoc
1821 2106 1925 2164 est,
1944 2098 2011 2151 ad
2043 2114 2166 2154 eam

586 2185 836 2230 naturam
884 2182 1006 2246 jure
1064 2183 1259 2237 merito
1312 2183 1595 2240 referenda
1633 2176 1756 2250 est,'
1796 2203 1911 2256 qum
1950 2203 2167 2243 omnem

582 2269 798 2322 excedit
846 2283 1178 2339 creaturam,
1221 2276 1362 2329 sicut
1410 2277 1461 2330 in
1511 2293 1737 2344 persona
1792 2279 1885 2334 Dei
1953 2279 2169 2346 Patris,

585 2374 651 2412 ex
690 2375 801 2429 quo
835 2365 1014 2429 prodit
1054 2365 1224 2422 Filius
1251 2383 1344 2433 per
1373 2370 1555 2423 omnia
1590 2371 1662 2424 illi
1711 2373 1932 2441 aequalis
1958 2384 2012 2428 et
2041 2389 2172 2429 con-

589 2453 969 2509 substantialis
1026 2461 1275 2524 procedit
1315 2474 1494 2517 autem
1536 2478 1631 2531 per
1659 2474 1917 2534 utrosque
1944 2478 2004 2520 et
2038 2467 2174 2521 vivi-

589 2540 723 2598 ﬁcus
755 2558 970 2614 quoque
1003 2549 1257 2616 Spiritus.
1281 2550 1449 2614 Addit
1498 2567 1663 2619 porro
1730 2555 2003 2610 Christum
2052 2572 2176 2625 pro-

589 2647 710 2703 pter
748 2636 945 2691 delicta
976 2650 1157 2694 nostra
1192 2640 1450 2695 traditum
1480 2657 1636 2709 esse;
1674 2656 1896 2714 propter
1926 2656 2173 2701 nostram

591 2735 770 2781 autem
797 2725 1248 2796 iustiﬁcationetn
1270 2734 1690 2791 exsuscitatum.
1710 2735 2175 2801 Quemadmodum

587 2819 736 2873 enim
777 2818 977 2875 factum
1020 2831 1106 2877 est
1148 2831 1206 2876 ut
1256 2824 1368 2893 ipse
1414 2827 1581 2882 nostri
1618 2843 1779 2881 causa
1832 2828 1882 2881 in
1959 2828 2176 2897 propria

595 2924 764 2964 carne
809 2924 1041 2966 mortem
1090 2924 1394 2982 pateretur,
1427 2931 1536 2986 quo
1568 2919 1758 2973 mortis
1803 2918 2088 2989 imperium
2126 2918 2179 2974 in

594 3012 871 3070 posterum
920 3004 1315 3062 dissolveretur
1350 3023 1365 3060 :
1410 3009 1495 3062 sic
1550 3025 1762 3064 rursum
1805 3014 1977 3066 nostri
2018 3026 2180 3068 causa

2252 554 2361 594 cx.
2399 539 2508 590 Καὶ
2534 539 2663 605 γοῦν
2708 537 2812 606 ἔφη
2866 536 3001 607 πρὸς
3065 536 3366 600 Ἰουδαίους
3409 555 3427 586 ι
3483 531 3694 585 Λύσατε
3744 531 3841 584 τὸν

2252 628 2378 679 ναὸν
2415 629 2625 695 τοῦτον,
2661 630 2752 682 καὶ
2782 629 2839 679 ὲν
2873 627 3051 696 τρισὶν
3092 626 3325 697 ἡμέραις
3371 623 3548 694 ἐγερῶ
3582 623 3766 676 αὐτόν.
3812 642 3835 673 ι

2258 717 2449 783 ’Λορει
2484 718 2573 783 δὲ,
2618 720 2767 780 ὅπως
2812 716 2906 770 τοῦ
2955 716 3227 785 μακαρίου
3283 714 3495 768 Παύλου
3547 713 3838 780 λέγοντοςο

2264 831 2280 861 ι
2335 812 2453 862 "Ott
2494 811 2875 881 λογισοήσεται
2906 812 3033 880 ἡμῖν
3086 810 3117 874 ὴ
3153 808 3335 870 πίστις
3373 810 3452 872 εἰς
3494 806 3841 873 δικαιοσύνην

2258 905 2366 965 τοῖς
2400 902 2754 955 πιστεύσασιν
2792 905 2885 956 ἐπὶ
2914 902 3004 956 τὸν
3032 900 3320 970 ἐγείραντα
3366 900 3573 967 Ἰησοῦν
3604 897 3842 966 Χριστὸν

2260 998 2324 1048 ἐκ
2356 992 2563 1063 νεκρῶν
2589 1011 2602 1025 ο
2656 1013 2673 1044 ι
2714 996 2814 1048 οὐκ
2853 995 2933 1058 είς
2984 993 3143 1063 μόνον
3188 993 3221 1061 ἡ
3264 990 3447 1052 πίστις
3483 989 3575 1043 τὸν
3618 990 3843 1057 Πατέρα

2261 1088 2449 1156 γέγονε
2483 1085 2576 1138 καὶ
2606 1085 2758 1148 Θεὸν,
2794 1086 2930 1139 ἀλλὰ
2955 1086 3061 1156 γὰρ
3093 1084 3184 1137 καὶ
3216 1084 3295 1145 εἰς
3325 1081 3416 1136 τὸν
3449 1080 3653 1150 Κύριον
3684 1081 3845 1150 ἡμῶν

2275 1178 2479 1251 Ἰησοῦν
2509 1177 2760 1248 Χριστόν.
2800 1178 3008 1241 Ἄλλως
3041 1195 3099 1230 τε
3133 1176 3262 1247 (δεῖν
3291 1174 3399 1245 γὰρ
3432 1170 3587 1243 οἶμαι
3620 1175 3847 1226 κάκεῖνο

2268 1271 2436 1339 ἰδεῖν),
2470 1267 2691 1337 γέγονεν
2721 1268 2816 1321 ἄνθ
2828 1285 3009 1338 ρωπος
3035 1270 3063 1320 ὁ
3090 1264 3401 1337 Μονογενὴς
3422 1304 3435 1327 ,
3464 1262 3556 1315 καὶ
3581 1262 3849 1330 ὑπέμεινε

2268 1363 2365 1433 μὲν
2403 1344 2678 1433 σαρκικῶς
2710 1359 2801 1411 τὸν
2831 1358 3092 1422 οὰνατον,
3131 1359 3332 1412 ἀνεϐίω
3362 1373 3425 1425 γε
3458 1355 3564 1425 μὴν
3595 1354 3655 1405 ού
3702 1353 3849 1405 κατὰ

2267 1454 2502 1523 σαρκὸς,
2556 1453 2723 1522 ἡγουν
2759 1450 3183 1523 ἀνθρωπότητος
3214 1451 3467 1516 δύναμιν,
3520 1446 3635 1498 ἀλλ’
3678 1445 3754 1507 ὡς
3791 1446 3853 1495 ὲν

2270 1544 2414 1613 ἰοχύῖ
2436 1544 2709 1614 Οεὸτητος,
2743 1562 2761 1593 ‹
2790 1542 2888 1611 τῆς
2920 1542 3292 1615 ζωογονούσης
3320 1541 3447 1601 τοὺς
3471 1540 3720 1607 νεκροὺς,
3752 1536 3853 1587 καὶ

2268 1637 2540 1708 καλούσης
2568 1638 2634 1689 τὰ
2666 1634 2740 1708 μὴ
2770 1635 2898 1687 δντα
2925 1634 2999 1697 ὡς
3030 1634 3179 1688 ὄντα.
3210 1655 3231 1687 ι
3280 1629 3594 1686 ’Λναθετέον
3624 1624 3716 1681 οὖν
3742 1627 3855 1698 ἄρα

2267 1730 2366 1798 τὴν
2413 1728 2742 1797 ζωοποίησιν
2786 1726 2880 1778 καὶ
2931 1725 3073 1795 μάλα
3119 1726 3374 1787 εἰκότως.
3424 1722 3525 1774 οὐκ
3568 1722 3706 1789 αὐτῇ
3746 1736 3854 1771 που

2268 1822 2483 1885 πάντως
2517 1825 2583 1893 τῇ
2612 1820 2706 1874 τοῦ
2740 1818 2991 1890 σώματος
3024 1819 3224 1888 φύσει,
3257 1820 3359 1873 κᾶν
3384 1817 3433 1869 εἰ
3462 1816 3687 1884 γέγονεν
3720 1813 3859 1866 ἴδιον

2266 1913 2358 1966 τοῦ
2403 1916 2466 1966 ὲκ
2495 1912 2630 1967 Θεοῦ
2677 1915 2875 1983 φύντος
2922 1911 3095 1981 Λόγου
3122 1927 3134 1941 δ
3168 1912 3397 1981 δυνάμει
3438 1909 3495 1962 δὲ
3546 1906 3746 1976 μᾶλλον
3783 1907 3856 1975 τῇ

2267 2004 2576 2075 ὑπερτάτη,
2613 2004 2708 2057 καὶ
2757 2001 2915 2071 φύσει
2944 2004 3011 2072 τῇ
3054 2002 3193 2074 ὑπὲρ
3223 2003 3421 2064 κτίσιν,
3472 1998 3548 2062 ὡς
3591 1997 3650 2049 ὲν
3685 2012 3859 2066 προσ-

2266 2097 2402 2167 ὡπῳ
2450 2097 2545 2150 τοῦ
2577 2095 2712 2149 Θεοῦ
2747 2096 2842 2149 καὶ
2872 2095 3088 2166 Πατρὸς
3112 2144 3126 2159 ,
3169 2096 3229 2163 ἐξ
3259 2091 3319 2149 οῦ
3361 2093 3599 2161 πέφηνεν
3630 2091 3658 2140 ὀ
3689 2088 3854 2150 Υἱὸς.

2270 2188 2384 2249 ῐσος
2417 2205 2477 2239 τε
2506 2190 2598 2241 καὶ
2616 2188 2800 2256 ὅμοιος
2832 2186 2851 2225 τ
2884 2187 3023 2239 κατὰ
3054 2190 3229 2241 πάντα
3250 2187 3419 2257 αὐτῷ.
3453 2182 3672 2253 Πρόεισι
3703 2180 3760 2233 δὲ
3789 2180 3860 2233 δι’

2272 2279 2475 2347 ἀμφοῖν
2513 2278 2606 2329 καὶ
2638 2277 2699 2329 τὸ
2738 2276 2960 2347 Πνεῦμα
2989 2278 3049 2329 τὸ
3085 2278 3401 2340 ζωοποιοῦν.
3439 2272 3856 2345 Ιῐαραδεδὸσθαι

2272 2369 2329 2423 δέ
2370 2386 2501 2439 φησι
2530 2368 2621 2420 τὸν
2654 2368 2891 2438 Χριστὸν
2930 2368 3018 2422 διὰ
3070 2370 3139 2421 τά
3192 2366 3622 2439 παραπτώματα
3672 2364 3861 2433 ἡμῶν,

2275 2462 2367 2515 καὶ
2396 2458 2693 2531 ὲγηγέρθαι
2725 2459 2814 2512 διὰ
2838 2459 2939 2531 τὴν
2977 2459 3259 2513 δικαίωσιν
3291 2459 3469 2530 ἡμῶν.
3497 2457 3709 2527 Ὥσπερ
3750 2454 3865 2525 γὰρ

2276 2552 2464 2619 γέγονε
2493 2550 2634 2619 ὑπὲρ
2662 2552 2694 2619 ἡ
2706 2550 2821 2619 μῶν
2849 2550 2908 2603 τὸ
2938 2551 3128 2603 παθεῖν
3157 2552 3320 2604 αὐτὸν
3345 2553 3409 2620 τῇ
3442 2549 3547 2619 ἰδίᾳ
3576 2546 3740 2616 σαρκὶ
3765 2546 3867 2599 τὸν

2277 2640 2526 2703 Θάνατον,
2563 2640 2653 2693 ἵνα
2680 2639 2864 2692 λοιπὸν
2890 2640 3129 2709 ἁτονήση
3160 2640 3254 2692 τοῦ
3280 2638 3510 2693 Θανάτου
3536 2638 3597 2690 τὸ
3633 2637 3861 2707 κράτος·

2277 2734 2419 2787 οὕτω
2450 2733 2544 2786 καὶ
2574 2732 2776 2785 ἀνεϐίω
2832 2731 2992 2785 πάλιν
3038 2734 3178 2802 ὑπὲρ
3210 2732 3388 2802 ἡμῶν,
3437 2728 3760 2799 ὲγκαινίζων
3805 2730 3867 2780 ὲν

2280 2827 2412 2897 ἡμῖν
2439 2824 2535 2895 τὴν
2561 2826 2640 2887 είς
2668 2823 2977 2894 ἀφθαρσίαν
3006 2823 3263 2876 ὲπάνοδον
3282 2862 3297 2887 ,
3339 2823 3430 2875 καὶ¹
3462 2822 3560 2890 τῆς
3595 2821 3654 2873 ὲν
3691 2820 3869 2889 Ἀδὰμ

2282 2916 2645 2989 παραϐάσεως
2678 2911 2955 2983 ἀφανίζων
2975 2914 3042 2965 τὰ
3075 2912 3395 2982 ἐγκλήματα
3415 2928 3427 2940 ·
3456 2907 3868 2977 Δεδικαιὼμεοα

2282 3010 2391 3080 γὰρ
2436 3010 2494 3060 ὲν
2521 3005 2771 3077 Χριστῷ,
2803 3005 2904 3072 τῆς
2937 3006 3036 3074 μὲν
3084 3004 3315 3073 ἀρχαίας
3344 3000 3559 3069 ὲκείνης
3586 3001 3721 3067 ἀρᾶς
3766 2997 3870 3066 τὴν

600 3093 829 3159 revixit,
885 3096 1169 3166 culpisque
1228 3100 1690 3167 praevaricationis
1735 3102 1865 3157 Ada:
1922 3104 2175 3170 abolitis,

2285 3098 2513 3167 δύναμιν
2536 3095 2850 3164 ἁφανίζοντι
2878 3094 2964 3146 διὰ
2987 3093 3088 3163 τῆς
3114 3096 3195 3156 είς
3218 3092 3364 3146 ἁπαν
3394 3089 3662 3156 ὑπακοῆς,
3694 3086 3874 3140 ἁπαλ-

601 3185 836 3239 reditum
875 3189 1029 3244 nobis
1074 3192 1141 3244 ad
1179 3192 1639 3247 immortalitatem
1673 3194 1881 3262 primus
1919 3195 2176 3250 ostendit.

598 3274 977 3333 Justiﬁcamur
1038 3280 1181 3335 enim
1239 3297 1336 3349 per
1391 3283 1692 3347 Christum,
1748 3286 1985 3353 antiquas
2036 3285 2181 3342 illius

602 3366 1003 3429 maledictionis
1054 3371 1162 3427 vim
1229 3373 1609 3429 deinolientem
1661 3390 1757 3444 per
1812 3376 2175 3431 obedientiam

602 3460 773 3516 modis
803 3465 1057 3518 omnibus
1090 3465 1406 3533 perfectam,
1435 3476 1683 3521 naturam
1721 3483 1848 3523 vero
1883 3470 2175 3523 humanam

2284 3192 2530 3246 λάττοντι
2571 3189 2629 3241 δὲ
2655 3188 2762 3241 τῶν
2792 3188 3036 3257 ἀρχαίων
3072 3185 3411 3255 αίτιαμάτων
3453 3181 3550 3252 τὴν
3585 3181 3765 3249 φύσιν·
3804 3179 3871 3232 οὐ

2285 3284 2394 3356 γὰρ
2441 3281 2695 3351 ἐποίησεν
2743 3281 3021 3351 ἁμαρτίαν
3058 3280 3270 3350 (γέγονε
3319 3278 3377 3331 δὲ
3421 3275 3620 3347 μᾶλλον
3653 3272 3871 3326 εύδὸκιτ

2287 3392 2385 3445 μος
2415 3375 2471 3425 ὲν
2502 3374 2683 3443 αὐτῇ),
2708 3373 2884 3427 καίτοι
2914 3369 3389 3441 κατεγνωσμένην,
3432 3368 3683 3437 καθάπερ
3716 3364 3877 3417 εἷπο-

2286 3485 2406 3538 μεν,
2442 3471 2497 3522 ὲν
2538 3466 2706 3539 Ἀδάμ
2737 3465 2782 3521 i.

602 3552 669 3605 ab
686 3553 925 3623 antiquis
956 3555 1283 3611 criminibus
1316 3558 1661 3614 liberantem.
1705 3560 1995 3615 Peccatum
2028 3574 2264 3631 namque
2292 3561 2497 3615 nullum
2538 3561 2779 3625 admisit,
2847 3561 2941 3613 sed
2980 3558 3125 3611 omni
3186 3558 3346 3612 laude
3407 3553 3601 3623 dignus
3670 3550 3721 3604 in
3752 3549 3874 3618 ipsa

606 3646 727 3712 fuit,
780 3646 995 3703 etiamsi
1045 3648 1101 3703 in
1149 3650 1440 3719 principio,
1498 3652 1600 3705 hoc
1645 3662 1731 3708 cst
1786 3655 1840 3707 in
1897 3654 2183 3719 Adam,ut
2252 3662 2380 3708 ante
2418 3668 2635 3723 quoque
2682 3651 3083 3714 admonuimus,
3124 3646 3563 3705 condemnatioui
3602 3642 3876 3698 obnoxius

604 3741 790 3798 fuerit.

678 3833 791 3887 ΕΠ.
825 3850 844 3884 ‹
880 3833 959 3887 An
991 3834 1273 3905 ignoratis,
1308 3835 1434 3903 quia
1472 3836 1784 3907 quicunque
1818 3838 2070 3908 baptizati
2099 3854 2192 3894 su-

608 3942 731 3981 mus
758 3929 808 3980 in
842 3925 1119 3982 Christum
1156 3924 1366 3992 Jesutn,
1401 3928 1452 3983 in
1482 3930 1897 3998 mortemipsius
1936 3931 2192 4001 baptizati

610 4018 844 4073 sumus?
875 4018 1190 4086 Consepulti
1221 4019 1365 4074 enim
1387 4034 1577 4076 sumus
1611 4021 1686 4075 illi
1732 4037 1829 4090 per
1862 4023 2189 4091 baptismum

610 4115 665 4165 in
704 4122 976 4176 mortem;
1012 4112 1170 4180 173
1202 4121 1258 4165 ut
1290 4114 1561 4181 quomodo
1599 4112 1852 4168 Christus
1892 4114 2193 4169 resurrexit

613 4218 640 4255 a
673 4202 902 4257 mortuis
934 4217 1029 4271 per
1060 4201 1285 4270 gloriare
1321 4200 1524 4265 Patris,
1559 4202 1631 4255 ita
1651 4212 1705 4255 et
1728 4217 1827 4256 nos
1864 4204 1915 4256 in
1954 4203 2191 4257 novitate

613 4294 734 4346 vitae
758 4292 1096 4347 ambulemus
1116 4292 1212 4346 ³³.»
1238 4292 1497 4346 Dominus
1522 4301 1704 4348 noster
1735 4292 1893 4349 Jesus
1919 4294 2188 4359 Christus,

616 4384 829 4439 inferno
867 4384 1186 4454 despoliato,
1240 4384 1637 4452 spirituumquc
1677 4385 2042 4449 multitudine,
2074 4401 2194 4455 qua:

2365 3838 2495 3893 NB'.
2548 3859 2565 3891 ι
2612 3840 2684 3894 Ἦ
2730 3839 3010 3907 ἀγνοεῖτε,
3052 3837 3133 3887 ὅτι
3172 3836 3285 3886 ὅσοι
3338 3828 3747 3897 ἐϐαπτίσθημεν
3792 3827 3877 3891 είς

2294 3931 2529 4002 Χριστὸν
2571 3928 2794 3999 Ἰησοῦν,
2828 3930 2907 3989 εἰς
2947 3926 3037 3979 τὸν
3083 3926 3311 3978 θάνατον
3341 3920 3505 3975 αὐτοῦ
3538 3918 3878 3988 ἐϐαπτίσθηο

2299 4040 2429 4094 μεν;
2461 4021 2850 4089 Συνετάφημεν
2880 4013 2972 4071 οὖν
3002 4017 3153 4088 αύτῷ
3177 4016 3264 4069 διὰ
3284 4014 3376 4068 τοῦ
3406 4014 3774 4085 βαπτίσματος
3794 4011 3885 4072 εἰς’

2293 4115 2384 4169 τὸν
2425 4113 2675 4166 θάνατον’
2704 4111 2793 4164 ἵνα
2825 4110 3015 4180 ὥσπερ
3041 4109 3252 4178 ἠγέροη
3295 4104 3529 4179 Χριστὸς
3565 4105 3639 4156 ὲκ.
3662 4100 3878 4171 νεκρῶν

2294 4205 2383 4259 διὰ
2407 4206 2505 4275 τῆς
2529 4204 2687 4274 δόξης
2708 4203 2800 4255 τοῦ
2838 4202 3079 4272 Πατρὸς,
3111 4200 3253 4253 οὕτω
3297 4199 3391 4250 καὶ
3414 4198 3573 4267 ἡμεῖς
3606 4196 3663 4246 ὲν
3704 4192 3882 4245 καινό-

2294 4316 2415 4367 τητι
2464 4298 2608 4367 ζωῆς
2650 4297 3133 4369 περιπατήσωμεν.
3178 4311 3195 4344 t
3240 4291 3299 4344 Ὀ
3327 4289 3529 4359 Κύριος
3566 4285 3722 4356 ἡμῶν
3773 4284 3882 4351 Ἰη-

2299 4390 2423 4463 σοῦς
2463 4389 2696 4462 Χριστὸς
2746 4386 3049 4449 σκυλεύσας
3093 4385 3185 4439 τὸν
3225 4383 3380 4454 ᾅδην,
3425 4384 3516 4434 καὶ
3551 4379 3660 4431 τῶν
3700 4380 3882 4430 ἐκεῖσε

616 4474 670 4529 in
701 4474 1071 4529 subterraneis
1101 4473 1360 4529 claustris
1398 4476 1755 4540 detinebatur,
1793 4476 1918 4531 inde
1947 4477 2169 4531 liberata

2309 4481 2491 4554 μυχῶν
2525 4481 2621 4550 τὴν
2649 4480 2754 4532 τῶν
2784 4477 3217 4548 καθειρχθέντων
3242 4472 3571 4540 πνευμάτων
3603 4468 3886 4530 ἀπολύσας

620 4569 777 4625 tertia
808 4568 894 4622 die
923 4569 1317 4623 ressuscitatus
1345 4569 1564 4631 revixit,
1591 4570 1971 4641 redivivusque
1995 4572 2200 4626 sanctis

620 4658 878 4729 apostolis
940 4660 1079 4716 dixit
1123 4676 1135 4713 :
1178 4677 1195 4709 ι
1226 4661 1429 4713 Euntes
1482 4662 1674 4715 docete
1730 4677 1921 4715 omnes
1985 4676 2198 4730 gentes,

620 4749 967 4817 baptizantes
1005 4764 1099 4805 eos
1140 4749 1193 4803 in
1241 4748 1461 4804 nomine
1495 4748 1696 4811 Patris.
1726 4760 1780 4805 et
1805 4750 1951 4817 Filii,
1986 4764 2039 4805 et
2075 4754 2199 4821 Spi-

625 4843 762 4895 ritus
792 4841 966 4895 sancti
988 4840 1052 4894 “.
1085 4839 1219 4895 Cum
1254 4842 1415 4911 igitur
1447 4850 1503 4895 ut
1540 4843 1591 4894 in
1631 4858 1737 4895 uno
1770 4843 1947 4899 Patris
1982 4846 2200 4899 nomine

624 4935 981 5003 baptizamur.
1020 4934 1095 4987 ita
1128 4935 1179 4988 in
1212 4951 1317 4987 uno
1350 4949 1565 5003 quoque
1608 4932 1727 4988 Filii
1758 4935 2005 5000 nomine,
2054 4936 2201 5005 ejus-

626 5029 859 5094 demque
912 5038 1085 5081 morte
1144 5036 1199 5080 et
1246 5025 1451 5096 Spiritu
1513 5037 1705 5080 sancto
1754 5028 2071 5082 abluamur:
2108 5029 2199 5096 qui

629 5133 793 5171 Illltlm
824 5117 1109 5173 Dominum
1150 5128 1391 5173 nostrum
1438 5117 1625 5172 Jesum
1655 5118 1934 5173 Christum
1975 5120 2027 5173 in
2070 5121 2203 5173 duos

631 5211 770 5269 ﬁlios
791 5209 1057 5275 dividunt,
1090 5211 1475 5281 hominemque
1502 5210 1797 5265 secundum
1828 5210 1997 5266 solam
2032 5211 2203 5280 digni-

633 5303 760 5358 tatis
800 5302 884 5357 vel
916 5303 1256 5358 auctoritatis
1303 5301 1664 5371 aaqualitatem
1699 5301 1808 5357 Deo
1848 5299 2199 5370 conjunctum

701 5456 748 5491 ⁸¹
783 5453 941 5511 Joau.
966 5472 1026 5525 tt,
1052 5457 1141 5513 l9.

2306 4572 2535 4640 πὶηοὺν,
2576 4569 2771 4622 ἀνεῦίω
2806 4569 3123 4637 τριήμερος.
3160 4560 3293 4617 Εἶτα
3336 4566 3448 4623 τοῖς
3476 4560 3653 4628 ἁγίοις
3678 4559 3885 4625 ἔφασκε

2309 4660 2612 4731 μαθηταῖς⁸
2673 4679 2691 4709 ι
2740 4656 3103 4727 Πορευθέντες
3147 4652 3525 4724 μαθητεύσατε
3586 4647 3763 4700 πάντα
3818 4644 3889 4696 τὰ

2307 4752 2457 4822 ἔθνη,
2487 4750 2837 4819 βαπτίζοντες
2867 4746 3062 4809 αὐτοὺς
3092 4746 3172 4807 είς
3215 4744 3277 4796 τὸ
3321 4742 3485 4810 ὄνομα
3513 4738 3608 4795 τοῦ
3648 4736 3887 4806 Πατρὸς,

2305 4844 2399 4898 καὶ⁸
2437 4842 2531 4895 τοῦ
2565 4838 2715 4903 Υίοῦ,
2746 4840 2838 4892 καὶ
2874 4837 2963 4891 τοῦ
3008 4836 3165 4903 ἁγίου
3190 4833 3527 4902 Πνεύματος.
3567 4851 3585 4883 ι
3618 4828 3891 4889 Βαπτιζό-

2316 4931 2454 5003 μεθα
2491 4929 2669 4983 τοίνυν
2690 4928 2874 4999 ὥσπερ
2896 4928 2974 4989 είς
2999 4925 3057 4980 ἒν
3094 4922 3377 4995 δνοματοῦ
3416 4921 3648 4991 Πατρδς,
3683 4918 3777 4973 xa‘t
3809 4918 3891 4978 είς

2314 5023 2372 5079 ἓν
2398 5022 2566 5093 ὄνομα
2581 5021 2674 5074 τοῦ
2701 5019 2965 5086 Υίοῦ,καὶ
2984 5020 3062 5081 εἰς
3078 5018 3168 5071 τὸν
3197 5015 3427 5069 Θάνατον
3460 5012 3647 5076 αὑτοῦ,
3678 5010 3775 5063 καὶ
3808 5010 3892 5072 είς

2304 5117 2365 5169 τὺ
2395 5115 2619 5185 Πνεῦμα
2649 5114 2708 5168 τὸ
2745 5113 2919 5182 ἁγιον.
2969 5108 3382 5164 Διδασκέτωσαν
3413 5106 3595 5159 τοίνυν
3631 5104 3680 5156 οἱ
3718 5102 3891 5173 διορί-

2306 5207 2489 5271 ζοντες
2522 5207 2603 5268 εἰς
2642 5205 2791 5269 υίοὺς
2820 5204 2915 5258 δύο
2950 5204 3041 5257 τὸν
3061 5203 3157 5256 ἕνα
3188 5200 3422 5272 Χριστὸν
3460 5197 3555 5252 καὶ
3614 5195 3763 5258 Υίδν,
3799 5192 3896 5247 ἄν·

2308 5297 2527 5371 Ορωπόν
2572 5315 2631 5352 τε
2682 5296 2801 5369 Θεῷ
2837 5295 3174 5367 συναφοῆναι
3227 5292 3478 5365 λέγοντες
3520 5288 3663 5344 κατὰ
3719 5286 3893 5359 μόνην

1220 5458 1262 5489 ³²
1305 5455 1461 5512 Rom.
1492 5472 1564 5525 tv,
1602 5456 1685 5511 ΓΙ.
1764 5456 1809 5488 ³⁸
1834 5454 1991 5513 Rom.
2025 5470 2099 5521 vr,
2136 5453 2245 5508 l4.
2325 5453 2372 5485 ³⁵
2402 5453 2590 5511 Matth.
2625 5469 2816 5520 xxvut,
2873 5453 2961 5509 10.

1741 5594 1911 5650 Variae
1942 5592 2202 5651 lectiones
2234 5592 2437 5650 codicis
2467 5592 2831 5663 Seguieriani.

717 5726 1065 5801 ίὸμοούσιος.
1145 5732 1159 5781 1
1196 5732 1251 5785 ὲν
1286 5731 1449 5801 ἀρχῇ.
