4092 6334
216 391 355 448 1409

1032 387 1122 442 Al)
1161 386 1453 444 REGINAS
1495 388 1577 442 DE
1622 385 1845 442 RECTA
1891 385 2043 441 FIDE
2080 384 2339 439 ORATIO
2378 383 2675 438 ALTERA.

3336 386 3473 442 ιιιιο

214 509 317 579 τὴν
351 506 570 575 ἰσότητα
598 505 692 573 τῆς
718 503 891 571 ἀξίας,
919 503 1085 569 ἤγουν
1113 505 1420 565 αὐΘεντίας.
1452 504 1798 574 διῃρημένων
1828 555 1830 561 γ

1906 500 2069 553 fuisse
2100 503 2451 565 contendunt,
2484 500 2693 554 naturis
2719 497 2932 551 interim
2961 501 3312 570 persenisqne
3331 504 3461 558 divi-

216 604 329 655 τῶν
360 600 596 667 φύσεων,
648 598 727 657 εἰς
759 594 849 645 τὸν
894 593 1039 657 τίνος
1076 596 1314 663 ¹Θάνατον
1362 596 1791 662 ἐϐαπτισοημεν.

217 695 283 746 Εἰ
322 693 418 762 μὲν
448 686 539 743 οὖν
578 686 758 747 ξδικῶς
797 687 875 748 εἰς
917 687 1006 738 τὸν
1038 688 1129 740 τοῦ
1171 689 1305 741 Θεοῦ
1334 690 1527 753 Λόγον,
1559 701 1796 754 κατηγο-

223 783 460 852 ρήσομεν
489 775 733 845 ἐναργῶς
757 776 851 842 τῆς
883 776 1159 847 ἀκηράτου
1186 779 1398 845 φύσεως
1436 777 1533 844 τὴν
1567 774 1795 842 φθορὰν,

221 872 318 926 καὶ
360 869 729 938 καθοριοῦμεν
773 869 997 921 Θάνατον
1025 870 1123 937 τῆς
1163 872 1301 921 κατὰ
1348 869 1506 936 φύσιν
1540 868 1700 936 ζωῆς.
1736 868 1797 919 Εἰ

218 963 274 1013 δὲ
304 960 366 1027 δὴ
419 962 596 1025 φαῖεν,
649 958 729 1009 ὅτι
773 958 866 1010 τοῦ
908 962 969 1012 ὲκ
1020 960 1275 1027 γυναικὸς
1316 959 1417 1024 ἰδίᾳ
1458 974 1512 1006 τε
1564 958 1655 1007 καὶ
1695 956 1797 1009 ἀνά

222 1051 391 1119 μέρος
438 1048 531 1097 καὶ
572 1048 694 1100 καθ’
733 1049 926 1101 ἑαυτὸν
970 1050 1297 1116 νοουμένου,
1332 1047 1448 1107 πῶς
1477 1047 1535 1097 οὺ
1578 1045 1798 1099 κάκεῖνό

217 1152 382 1203 φασιν
412 1134 731 1200 ἀναφανδὸν,
771 1137 854 1187 ὅτι
893 1136 1104 1195 πάντως
1141 1134 1302 1195 αὐτὸς
1338 1137 1420 1202 εἴη
1456 1135 1520 1185 ἂν
1550 1137 1576 1187 ὁ
1608 1150 1796 1187 συντε-

216 1224 489 1292 ταγμένος
536 1225 612 1294 τῷ
646 1228 818 1295 Πατρὶ
865 1224 1065 1293 καὶτῷ
1102 1226 1242 1293 ἁγίῳ
1294 1226 1567 1295 Ilva-3pm:
1593 1264 1606 1289 ,
1654 1226 1794 1295 τάχα

219 1334 324 1367 που
365 1316 457 1366 καὶ
510 1318 831 1380 ἐξωσθέντος
884 1316 983 1382 τῆς
1015 1315 1246 1385 ἀληθοῦς
1300 1318 1545 1385 υἱότητος
1579 1316 1671 1368 τοῦ
1732 1316 1797 1367 ἐκ

219 1407 357 1458 Θεοῦ
386 1408 579 1473 φύντος
608 1409 780 1473 Λόγου
804 1445 817 1469 ,
854 1406 1014 1475 εἰπερ
1042 1406 1155 1458 ἐστὶ
1179 1406 1406 1459 Θανάτου
1436 1407 1702 1468 δεκτικὸς,
1737 1398 1798 1458 οῦ

220 1499 315 1548 καὶ
345 1501 423 1559 εἰς
470 1499 559 1550 τὸν
592 1498 822 1549 Θάνατον
877 1496 1321 1567 βεδαπτίσμεοας
1385 1498 1524 1550 Ἀλλ’
1557 1500 1659 1568 ὀρᾷ
1693 1516 1796 1548 που

220 1589 441 1649 παντως
474 1590 503 1639 ό
534 1586 657 1637 νοῦν
690 1586 827 1653 ἔχων
858 1585 1285 1656 διεγηγερμένον
1317 1586 1412 1655 τὴν
1438 1588 1544 1638 τῶν
1578 1585 1798 1639 ἐννοιῶν

220 1678 469 1729 ἀτοπίαν.
528 1674 735 1726 Οὐκοῦν
784 1676 996 1745 ἀνάγκη
1048 1678 1208 1739 νοεῖν,
1253 1676 1331 1727 ὅτι
1382 1678 1618 1743 γεγονὼς
1674 1676 1797 1729 καθ’

220 1771 367 1836 sua;
399 1770 425 1817 ό
456 1765 547 1817 τοῦ
586 1765 719 1816 Θεοῦ
757 1767 925 1834 Λόγος
952 1806 965 1828 ,
1011 1770 1175 1836 σαρκὶ
1207 1766 1473 1818 πέπονθεν
1506 1768 1667 1820 ἑκών.
1704 1767 1797 1818 Βε-

1911 591 2014 643 sim
2062 592 2498 663 subsistentibus,
2545 591 2580 645 ii
2631 605 2729 644 nos
2770 591 3018 655 doceant,
3063 593 3113 646 in
3168 593 3471 647 utriusnam

1903 686 2127 728 mortem
2171 678 2425 743 baptizati
2466 682 2659 737 simus.
2691 677 2822 731 Nam
2860 680 2905 732 si
2938 681 2986 733 in
3016 682 3179 735 divini
3212 682 3393 743 Verbi,
3415 692 3475 736 ιιι

1908 780 2155 819 seorsum
2183 782 2275 835 per
2304 784 2363 821 se
2400 771 2580 827 animo
2611 770 2938 839 concipitur,
2974 784 3198 827 mortem
3232 776 3473 843 baptiza-

1902 864 1983 909 tos
2016 872 2111 909 nos
2149 860 2368 925 dicunt;
2397 860 2787 932 iucurruptibili
2818 874 3028 917 natura:
3069 867 3473 934 corruptionem

1902 949 2059 1017 plane
2089 951 2409 1015 tribuemus,
2448 964 2501 1005 et
2534 955 2605 1007 illi
2635 960 2724 1020 qui
2757 966 2949 1026 suapte
2993 965 3182 1009 natura
3220 959 3327 1011 vita
3366 969 3471 1022 est,

1903 1046 2131 1091 mortem
2182 1040 2534 1093 ascribemus.
2573 1039 2665 1095 Sin
2694 1055 2871 1097 autem
2916 1059 3013 1096 nos
3045 1043 3097 1095 in
3144 1043 3283 1097 illius
3318 1060 3476 1097 mor-

1901 1134 2009 1181 tem
2038 1129 2250 1182 ablutos
2288 1129 2686 1197 responderint,
2736 1133 2827 1199 qui
2876 1133 3091 1201 proprie
3135 1146 3378 1185 seorsum
3421 1143 3477 1187 et

1902 1235 1996 1289 per
2057 1236 2114 1274 se
2179 1237 2240 1275 ex
2298 1236 2452 1274 sacra
2502 1219 2721 1291 Virgine
2776 1232 2928 1276 ortus
2979 1223 3298 1293 intelligitnr
3331 1240 3346 1289 ;
3382 1224 3475 1292 qui

1904 1314 2017 1367 ﬁeri
2042 1324 2215 1383 potest
2243 1326 2323 1379 ιιι,
2358 1315 2501 1368 illum
2536 1316 2756 1369 Omnino
2789 1332 2929 1379 esse,
2956 1317 3045 1384 qui
3076 1317 3318 1385 ejusdem
3352 1331 3477 1370 cum

1902 1400 2060 1455 Patre
2108 1413 2162 1455 et
2206 1402 2409 1470 Spiritu
2454 1412 2643 1457 sancto
2699 1405 2906 1458 ordinis
2950 1416 2999 1458 et
3044 1406 3322 1474 dignitatis
3367 1416 3477 1469 est,

1902 1494 2103 1548 diserte
2137 1510 2237 1545 non
2278 1496 2672 1561 proliteantur;
2708 1496 2937 1551 fortasse
2984 1498 3146 1550 etiam
3181 1497 3362 1565 genito
3405 1512 3477 1550 es

1906 1586 2010 1637 Deo
2042 1584 2217 1637 Vel-hu
2256 1600 2381 1636 vera
2420 1586 2678 1637 liliatione
2710 1586 2964 1652 spoliato,
2996 1589 3038 1640 si
3084 1588 3273 1641 mortis
3309 1602 3477 1655 capax

1904 1675 1989 1729 ille
2018 1686 2121 1739 est,
2152 1677 2202 1727 in
2250 1673 2405 1741 cujus
2442 1685 2667 1728 mortem
2707 1676 2963 1743 baptizati
2985 1677 3210 1731 sumus?
3238 1680 3304 1730 At
3333 1678 3483 1746 quis,

1903 1781 2105 1834 quasso,
2131 1769 2215 1819 cui
2254 1768 2413 1819 modo
2446 1783 2597 1819 mens
2623 1768 2819 1834 vigeat.
2856 1771 3196 1824 manifestam
3221 1772 3481 1826 doctrina:

222 1853 569 1921 ἣατττίσμεοα
620 1858 729 1923 γὰρ
779 1856 949 1917 οὕτως
986 1858 1064 1916 εἰς
1106 1856 1193 1906 τὸν
1224 1856 1388 1908 αὑτοῦ
1426 1855 1672 1923 Θάνατον,
1725 1855 1800 1920 ὡς

1907 1860 2064 1926 hujus
2100 1860 2490 1912 absurditatcm
2543 1874 2647 1911 non
2683 1861 3123 1914 animadvertat?
3159 1862 3482 1917 Necessario

222 1950 339 2009 ἐνὸς
378 1948 527 2007 ὄντος
562 1946 692 1999 Υἱοῦ
716 1989 728 2011 ,
766 1948 905 1999 κατά
935 1948 1031 2014 μὲν
1065 1948 1163 2022 τῂν
1210 1949 1305 2010 τῆς
1348 1946 1595 2017 θεότητος
1633 1950 1796 2017 φύσιν

224 2039 468 2100 ἁπαΘοῦς
493 2078 509 2103 ,
538 2039 781 2109 παοητοῦ
812 2039 866 2091 δὲ
901 2039 1037 2091 κατά
1058 2040 1155 2108 τὴν
1184 2042 1379 2109 σάρκα.
1420 2040 1539 2091 Ὅτι
1566 2041 1619 2091 δὲ
1647 2042 1795 2109 ἡμᾶς

221 2133 301 2191 εἰς
340 2129 632 2197 καινότητα
688 2129 833 2195 ζωῆς
885 2130 1251 2198 μεταπλάττει
1290 2130 1523 2198 Χριστὸς
1570 2128 1657 2183 διὰ
1694 2132 1795 2201 τῆς

222 2221 570 2279 ἀναστάσεως
595 2258 610 2282 ,
644 2218 759 2279 πῶς
794 2218 858 2270 ἂν
887 2218 1176 2271 ἑνδοιάσειέ
1208 2237 1292 2281 τις
1323 2237 1336 2282 ;
1366 2219 1661 2289 παρίστησι
1688 2223 1794 2292 γὰρ

220 2310 370 2375 ἡμᾶς
404 2309 578 2377 ἐαυτῷ
610 2325 669 2360 τε
702 2310 794 2360 καὶ
831 2308 907 2378 τῷ
941 2310 1114 2379 Πατρὶ
1146 2308 1275 2361 ὡσεὶ
1309 2311 1373 2360 ἐκ
1416 2310 1621 2378 νεκρῶν
1663 2310 1787 2373 ζῶν-

221 2418 340 2462 τας,
399 2403 536 2453 καθᾶ
587 2402 939 2470 γέγραπται·
976 2424 993 2452 ι
1022 2403 1128 2455 Καὶ
1179 2400 1547 2465 ἀποθανόντας
1598 2404 1695 2472 μὲν
1730 2408 1795 2476 τῇ

223 2495 485 2561 ἁμαρτίᾳ,
517 2493 722 2555 ζῶντας
762 2494 815 2545 δὲ
841 2496 905 2563 τῇ
939 2492 1268 2565 δικαιοσύνῃ.
1316 2513 1333 2544 ι

1905 1952 2086 2019 itaque
2108 1952 2451 2003 statuendum
2503 1961 2588 2004 est
2634 1951 2725 2005 Dei
2756 1952 2982 2005 Verbum
3010 1953 3185 2007 simile
3222 1955 3374 2008 nobis
3403 1954 3481 2009 fa-

1905 2052 2050 2097 ctum
2079 2057 2199 2097 esse
2253 2054 2590 2111 mortemque
2636 2044 2688 2096 in
2731 2060 2895 2097 carne
2926 2047 3065 2097 ultro
3091 2046 3343 2101 subiisse.
3370 2046 3482 2101 llac

1904 2134 2045 2186 enim
2078 2134 2287 2185 ratione
2324 2132 2375 2184 in
2414 2143 2639 2186 mortem
2670 2133 2813 2187 illius
2844 2135 3099 2202 baptizati
3122 2152 3329 2200 sumus,
3355 2152 3477 2190 eum

1904 2240 2008 2277 non
2049 2225 2149 2277 nisi
2175 2239 2311 2277 unus
2343 2233 2549 2277 tantum
2585 2224 2656 2277 sit
2692 2224 2881 2290 Filius,
2912 2227 3002 2294 qui
3038 2228 3255 2294 quidem
3288 2242 3483 2281 secun-

1902 2315 2026 2368 dmu
2055 2316 2355 2368 divinitatis
2386 2326 2633 2367 naturam
2674 2314 2783 2384 pali
2807 2317 2938 2369 nihil
2966 2318 3162 2384 potuit,
3184 2319 3480 2372 secundum

1908 2410 2194 2461 lmmanam
2247 2416 2429 2461 autem
2495 2408 2689 2473 potuit.
2742 2408 2989 2460 Tandem
3052 2408 3196 2476 quod
3232 2408 3484 2463 Christus

1908 2515 2003 2567 per
2026 2499 2482 2551 resurrectionem
2519 2497 2570 2549 in
2604 2499 2730 2552 vita:
2768 2500 3063 2552 novitatem
3096 2514 3195 2551 nos
3220 2499 3483 2553 transfor-

224 2596 356 2643 met,
393 2586 440 2635 id
476 2586 525 2634 in
558 2585 914 2651 quaestionem
952 2600 1056 2636 non
1094 2588 1258 2637 cadit.
1308 2587 1460 2640 Sistit
1506 2587 1653 2639 enim
1696 2603 1793 2639 nos
1824 2589 1987 2641 veluti
2029 2604 2092 2640 ex
2132 2588 2357 2640 mortuis
2390 2588 2633 2641 viventes
2682 2601 2737 2642 et
2772 2590 2872 2642 sibi
2908 2599 2961 2640 et
2998 2590 3165 2645 Patri.
3208 2588 3484 2659 Scriptum

224 2682 308 2725 est
339 2687 567 2736 namque
617 2688 629 2722 :

296 2766 420 2820 NI".
464 2784 483 2817 ι
534 2767 597 2820 Et
632 2766 689 2818 δέ
729 2766 790 2818 τὸ
832 2766 1054 2835 Πνεῦμα
1083 2766 1174 2818 τοῦ
1221 2768 1533 2838 ἐγείραντος
1589 2767 1797 2836 Ἰησοῦν

223 2859 459 2929 Χριστὸν
496 2860 635 2910 οἰκεῖ
664 2859 720 2909 ἐν
745 2859 898 2925 ἡμῖν,
933 2858 961 2907 6
1000 2857 1219 2925 ἐγείρας
1248 2861 1313 2909 ὲκ
1346 2856 1553 2925 νεκρῶν
1594 2855 1801 2925 Ἰησοῦν

224 2949 459 3017 Χριστὸν
495 2947 817 3015 ζωοποιήσει
853 2948 943 2999 καὶ
974 2948 1041 2999 τὰ
1072 2948 1240 3015 Θνητά
1268 2947 1493 3015 σώματα
1526 2947 1680 3017 ἡμῶν
1716 2947 1803 2998 διὰ

223 3042 317 3093 τοῦ
357 3039 690 3101 ἐνοικοῦντος
735 3038 898 3089 αὑτοῦ
932 3038 1244 3107 Πνεύματος
1287 3040 1343 3089 ἐν
1374 3039 1503 3106 ἡμῖν
1530 3038 1575 3090 ¹ί.
1621 3061 1636 3088 ι
1684 3037 1803 3108 Ζωὴ

228 3135 329 3202 μέν
364 3134 479 3183 ἐστι
526 3132 665 3182 κατά
708 3129 867 3198 φύσιν
901 3130 928 3179 ὁ
972 3131 1264 3198 μονογενὴς
1302 3128 1396 3180 τοῦ
1425 3128 1560 3181 Θεοῦ
1600 3128 1800 3195 Λόγοςο

227 3224 488 3293 ἐπειδὴδὲ
520 3222 598 3291 τῷ
631 3222 843 3291 θανάτῳ
882 3224 1107 3291 κάτοχον
1138 3222 1451 3292 ἠμπέσχετο
1483 3222 1639 3291 σῶμα
1664 3261 1678 3284 ,
1713 3222 1807 3273 καὶ
1835 3253 1877 3305 C

228 3316 410 3383 χάριτι
440 3314 541 3383 μὲν
587 3313 723 3365 Θεοῦ
760 3314 846 3365 διὰ
890 3312 989 3381 τῆς
1027 3313 1160 3377 ἰδίας
1194 3314 1391 3383 σαρκὸς
1439 3314 1577 3383 ὑπὲρ
1607 3313 1805 3374 παντὸς

228 3406 493 3472 ἐγεύσατο
521 3406 773 3468 Θανάτου,
796 3405 991 3467 θεῖκῶς
1029 3422 1089 3473 γε
1121 3405 1226 3475 μὴν
1259 3405 1482 3465 ἀνεϐίω,
1522 3425 1538 3455 ι
1574 3404 1696 3457 καθ’
1723 3406 1804 3456 ὅτι

228 3499 326 3550 οὐκ
354 3494 420 3568 ἦν
450 3496 672 3549 δυνατὸν
701 3496 1017 3567 κρατεῖσθαι
1043 3495 1201 3549 αὑτὸν
1236 3497 1325 3547 ὑπ’
1352 3494 1514 3547 αὑτοῦ
1548 3492 1589 3546 ι.
1620 3519 1635 3545 ι
1660 3493 1805 3547 Ταῦ-

228 3606 298 3661 τῃ
322 3608 423 3653 τοι,
453 3591 664 3657 κατάγε
688 3592 810 3652 τοὺς
841 3590 1041 3660 ἀρτίως
1061 3589 1193 3658 ἡμῖν
1213 3587 1571 3649 ἀποδοθέντας
1586 3587 1772 3654 λόγους
1789 3629 1802 3651 ,

230 3683 530 3751 ἐγηγέρθαι
572 3681 789 3749 λέγεται
814 3682 967 3750 παρά
990 3679 1083 3732 τοῦ
1109 3681 1340 3751 Πατρός.
1373 3680 1515 3750 Πλὴν
1542 3681 1715 3733 ἐκεῖνο
1742 3676 1807 3749 δὴ

231 3771 392 3825 πάλιν
452 3772 585 3840 φέρε
608 3770 671 3839 δὴ
693 3806 707 3833 ,
746 3768 878 3838 φέρε
910 3769 1359 3838 καταθρήσωμεν,
1387 3772 1433 3822 εἰ
1463 3770 1627 3821 δοκεῖ⁸
1661 3771 1802 3821 Ζωο-

231 3863 477 3931 ποιήσειν
500 3861 602 3929 ἔφη
629 3861 718 3912 τὸν
742 3860 958 3929 Πατέρα
981 3860 1072 3913 καὶ
1090 3860 1156 3911 τὰ
1179 3860 1335 3929 ἡμῶν
1360 3860 1585 3931 σώματα
1606 3859 1691 3912 διὰ
1710 3858 1804 3912 τοῦ

231 3950 549 4019 Πνεῦματος
576 3950 741 4003 αὐτοῦ
765 3949 1103 4011 ἐνοικοῦντος
1129 3950 1185 4000 ἐν
1214 3952 1365 4019 ἡμῖν·
1390 3952 1482 4001 καὶ
1512 3952 1707 4021 ἀληθὲς
1725 3952 1805 4002 ὅτι

231 4043 290 4093 τὸ
308 4041 499 4111 χρῆμά
516 4044 682 4104 ἐστιν,
701 4042 799 4092 οὐκ
824 4042 889 4093 ἂν
913 4040 1201 4093 ἐνδοιάσειέ
1230 4057 1331 4100 τιςσ
1368 4041 1482 4093 ἀλλ’
1508 4038 1637 4093 αὐτὸ
1662 4041 1724 4110 δὴ
1748 4040 1806 4092 τὸ

231 4131 457 4201 Πνεῦμα
472 4131 533 4183 τὸ
549 4129 868 4193 ζωοποιοῦν,
892 4131 983 4182 καὶ
1000 4130 1161 4181 αὐτοῦ
1179 4129 1401 4200 Πνεῦμά
1418 4133 1531 4183 ἐστι
1546 4129 1802 4201 Χριστοῦ·

230 4222 539 4293 γέγραπται
569 4218 699 4291 γὰρ,
738 4222 820 4274 ὅτι
850 4241 868 4272 ι
892 4222 1079 4292 Ὑμεῖς
1112 4222 1208 4291 μὲν
1242 4223 1341 4274 οὑκ
1370 4222 1493 4273 ἐστέ
1525 4224 1580 4273 ἐν
1611 4222 1805 4292 σαρκὶ,

231 4312 346 4363 ἀλλ’
379 4310 437 4363 ἐν
472 4310 765 4380 πνεύματι,
806 4306 965 4380 εἴπερ
994 4308 1216 4380 Πνεῦμα
1243 4310 1372 4363 Θεοῦ
1402 4310 1540 4362 οξκεῖ
1572 4311 1630 4363 ἐν
1657 4312 1803 4381 ὑμῖν.

234 4401 294 4454 Ei
327 4402 384 4455 δέ
413 4420 495 4464 τις
518 4401 741 4472 Πνεῦμα
771 4398 1004 4472 Χριστοῦ
1032 4403 1128 4453 οὑκ
1164 4402 1296 4471 ἔχει,
1330 4396 1486 4464 οὗτος
1521 4403 1618 4455 οὐκ
1660 4402 1805 4454 ἐστιν

232 4495 420 4550 αὐτοῦ.
468 4516 485 4547 r
539 4496 647 4548 Καὶ
693 4494 854 4548 πάλιν
902 4494 1027 4564 περὶ
1083 4493 1190 4547 τῶν
1244 4495 1413 4562 ἁγίων
1468 4494 1799 4547 ἀποστόλων·

693 2690 710 2722 ι
738 2671 930 2725 Mortui
957 2672 1171 2739 quidem
1216 2683 1455 2740 peccato,
1520 2674 1761 2727 viventes
1807 2673 2320 2740 autemjustitize”.
2362 2692 2379 2724 ι

1978 2760 2111 2821 Llil.
2144 2786 2162 2817 ‹
2186 2768 2338 2832 Quod
2364 2767 2408 2820 si
2445 2767 2676 2833 Spiritus
2706 2782 2824 2839 ejus
2858 2768 2947 2837 qui
2984 2768 3262 2821 suscitavit
3296 2768 3480 2823 Jesum

1907 2856 2177 2911 Christum
2214 2874 2241 2909 a
2278 2858 2522 2919 mortuis,
2563 2860 2768 2911 habitat
2807 2858 2858 2910 in
2906 2859 3079 2920 vobis,
3116 2860 3204 2926 qui
3242 2860 3481 2913 suscita-

1908 2950 1982 3003 vit
2013 2951 2194 3003 Jesum
2224 2948 2497 3001 Christum
2531 2965 2558 3001 a
2615 2950 2865 3012 mortuis,
2898 2949 3190 3003 viviﬁcahit
3232 2950 3485 3004 mortalin

1908 3057 2133 3110 corpora
2170 3054 2348 3094 vestra
2391 3057 2485 3109 per
2533 3040 2926 3094 inhabitantcm
2964 3040 3228 3107 Spiritum
3258 3042 3376 3107 ejus
3431 3045 3483 3096 in

1908 3132 2143 3188 vobis“.
2182 3152 2199 3185 ι
2236 3130 2347 3186 Etsi
2393 3130 2732 3201 unigenitum
2776 3134 2865 3186 Dei
2902 3130 3135 3185 Verbum
3185 3134 3483 3187 secumlum

1910 3236 2157 3279 naturam
2184 3224 2289 3277 vita
2317 3234 2431 3277 est:
2460 3232 2697 3276 attamen
2727 3225 2869 3290 quod
2900 3238 3100 3292 corpus
3129 3225 3287 3277 morti
3310 3226 3483 3277 obno-

1913 3313 2061 3367 xium
2096 3314 2351 3377 imlnerit,
2400 3310 2557 3383 174
2599 3312 2770 3380 gratia
2817 3308 2905 3365 Dei
2935 3328 3029 3381 per
3063 3315 3334 3383 propriam
3366 3328 3486 3367 car-

1908 3419 2027 3457 nem
2056 3419 2152 3473 pro
2176 3405 2424 3457 munibus
2447 3406 2681 3473 gustavit
2712 3414 2942 3458 mortem
2966 3399 3011 3435 ³⁷
3039 3420 3053 3468 ;
3086 3418 3269 3457 verum
3302 3405 3483 3458 divina

1908 3496 2110 3549 virtute
2142 3496 2207 3549 ad
2240 3498 2402 3548 vitam
2437 3495 2616 3561 rediit,
2651 3515 2669 3547 r
2699 3507 2970 3562 quatenus
3001 3496 3335 3565 impossibile
3365 3509 3487 3552 erat

1908 3601 1937 3637 a
1970 3596 2142 3639 morte
2174 3585 2321 3639 illum
2359 3585 2610 3641 teneri".
2645 3605 2663 3638 ι
2695 3585 2776 3640 ()b
2810 3587 2906 3641 itas
2953 3588 3136 3655 itaque
3180 3588 3419 3643 rationes
3450 3607 3483 3644 ει

1907 3677 2066 3731 Patre
2100 3693 2130 3731 e
2162 3678 2387 3731 mortuis
2426 3682 2790 3732 exsuscitatus
2817 3678 3041 3732 dicitur.
3092 3675 3211 3732 Iam
3239 3695 3365 3734 vero
3391 3696 3485 3735 ac-

1908 3778 2113 3832 curate,
2156 3768 2198 3820 si
2234 3766 2467 3834 videtur,
2519 3770 2913 3836 expendamus,
2956 3770 3230 3837 quomodo
3264 3769 3482 3824 Patrem

1908 3859 2159 3913 mortalia
2183 3875 2398 3929 quoque
2434 3871 2617 3914 nOSIra
2643 3876 2871 3929 corpora
2911 3876 3006 3929 per
3029 3860 3293 3927 Spiritum
3326 3878 3484 3914 suum

1907 3953 1997 4019 qui
2032 3952 2242 4003 habitat
2288 3952 2338 4003 in
2376 3952 2551 4015 nobis,
2583 3949 2983 4006 viviﬁcaturum
3018 3952 3292 4021 praedicet.
3336 3951 3481 4006 Vivi-

1910 4041 2089 4094 licabit
2125 4044 2327 4108 itaque,
2362 4058 2534 4110 neque
2570 4042 2635 4097 de
2669 4043 2829 4111 hujus
2860 4046 2933 4097 rei
2960 4044 3189 4101 Veritate
3236 4043 3485 4099 dubitare

1910 4135 2032 4188 licet
2075 4152 2086 4186 ε
2146 4144 2519 4187 verumtamen
2563 4135 2702 4187 idem
2753 4136 2843 4189 ille
2902 4131 3161 4190 viviﬂcus.
3209 4134 3482 4204 Spiritus.

1908 4219 2107 4273 Christi
2146 4235 2364 4289 quoque
2404 4221 2648 4291 Spiritus
2678 4231 2781 4276 est.
2837 4218 3112 4292 Scriptum
3164 4233 3250 4279 est
3298 4226 3483 4279 enim:

1912 4330 1931 4362 ι
1969 4314 2075 4367 Vos
2113 4330 2214 4367 non
2247 4314 2381 4368 estis
2412 4315 2463 4367 in
2490 4330 2678 4379 carne,
2712 4318 2807 4370 sed
2860 4316 2913 4370 in
2963 4318 3193 4384 spiritu;
3225 4319 3269 4372 si
3304 4329 3485 4374 tamen

1909 4402 2144 4473 Spiritus
2170 4407 2258 4458 Dei
2294 4406 2507 4459 habitat
2537 4408 2588 4459 in
2629 4407 2800 4460 vobis.
2840 4408 2895 4460 Si
2934 4408 3057 4475 quis
3099 4420 3279 4461 autem
3312 4410 3487 4477 Spiri-

1908 4508 2017 4548 tum
2064 4496 2264 4551 Christi
2319 4514 2423 4550 non
2488 4498 2667 4558 habet,
2705 4499 2791 4551 hic
2825 4516 2931 4551 non
2967 4509 3045 4553 est
3103 4501 3303 4568 ejus”.
3348 4521 3365 4552 ι
3422 4503 3481 4555 ει

239 4608 256 4637 ι
302 4588 573 4649 Ἐλθόντες
603 4584 657 4639 δέ
691 4584 828 4639 κατά
857 4588 955 4659 τὴν
991 4587 1221 4649 Μυσίαν,
1265 4586 1550 4656 ἐπείραζον
1584 4589 1663 4648 εἰς
1704 4590 1803 4655 τὴν

1911 4604 2123 4641 rursum
2162 4592 2224 4640 de
2280 4590 2483 4642 sanctis
2530 4590 2789 4657 apOStolis
2844 4591 2915 4643 ita
2976 4592 3251 4645 scribitur.
3299 4612 3315 4642 ι
3345 4592 3478 4646 Cum

235 4680 484 4732 Β.θυνίαν
537 4679 906 4749 πορευθῆναι,
958 4680 1051 4731 καὶ
1105 4680 1203 4729 οὐκ
1257 4680 1438 4730 εἴασεν
1492 4678 1686 4739 αὐτοὺς
1739 4678 1797 4727 τὸ

235 4769 455 4839 Πνεῦμα
508 4765 599 4821 τοῦ
662 4768 856 4837 Ἰησοῦ.
917 4789 933 4820 ›
996 4770 1124 4819 ’Ὀτε
1176 4770 1354 4819 τοίνυν
1408 4770 1537 4821 ἴδιόν
1588 4770 1701 4821 ἐστι
1741 4768 1800 4819 τὸ

235 4863 454 4931 Πνεῦμα
483 4863 574 4915 καὶ
601 4860 762 4913 αὐτοῦ
787 4859 878 4914 τοῦ
911 4862 1307 4931 ἐγηγερμένον,
1339 4863 1515 4913 καίτοι
1546 4861 1637 4913 τοῦ
1664 4861 1797 4912 Θεοῦ

234 4955 325 5006 καὶ
367 4952 576 5022 Πατρὸς
615 4951 1003 5016 ζωοποιοῦντος
1052 4954 1198 5021 ἡμᾶς
1246 4955 1303 5003 ἐν
1336 4950 1643 5021 Πνεῦματι,
1683 4952 1799 5014 πῶς

234 5027 375 5098 ἔστιν
414 5042 803 5115 ἀμφιϐάλλειν,
839 5046 918 5097 ὅτι
962 5046 1275 5115 πέπρακται
1312 5046 1408 5113 μὲν
1454 5047 1580 5115 περὶ
1613 5044 1673 5097 τὸ
1702 5047 1795 5097 ἀν-

236 5137 501 5207 Θρώπινον
540 5135 572 5207 ἡ
604 5136 915 5198 ἀνάστασις,
948 5138 1219 5209 ἐνήργηκε
1259 5138 1314 5189 δὲ
1344 5137 1403 5188 τὸ
1438 5138 1623 5207 χρῆμα
1660 5136 1797 5205 μετὰ

234 5231 325 5283 τοῦ
346 5228 474 5283 ἰδίου
502 5227 712 5299 Πατρος
736 5228 763 5280 ὁ
790 5228 848 5294 ἐξ
886 5230 1049 5282 αὑτοῦ
1076 5229 1215 5283 κατά
1245 5230 1403 5297 φύσιν
1427 5230 1557 5292 Θεὸς
1590 5230 1760 5296 Λόγος
1781 5265 1797 5291 ,

234 5317 293 5377 οῦ
320 5325 411 5375 καὶ
436 5318 567 5375 ἴδιόν
599 5325 714 5375 ἐστι
742 5323 801 5375 τὸ
833 5315 1052 5392 Πνεῦμα
1083 5324 1143 5375 τὸ
1168 5320 1460 5386 ζωοποιοῦν
1486 5339 1500 5385 ;

306 5546 350 5577 ³⁸
374 5546 523 5598 Rom.
556 5560 631 5608 γι,
664 5543 749 5597 l3.
846 5541 891 5573 ³⁸
914 5541 1066 5600 Rom.
1102 5555 1214 5603 vm,
1246 5541 1327 5594 ll.

1408 5539 1449 5569 ³⁷
1490 5538 1648 5591 llebr.
1692 5553 1750 5599 tt,
1790 5537 1848 5590 l9

1904 4679 2183 4729 venissent
2216 4686 2392 4731 autem
2438 4680 2488 4729 in
2520 4675 2767 4747 Mysiam,
2797 4682 3076 4731 tentabant
3110 4680 3186 4730 ire
3209 4679 3259 4731 in
3296 4676 3482 4747 Bithy.

1909 4769 2087 4831 niam;
2124 4776 2176 4819 et
2212 4782 2312 4819 non
2352 4768 2599 4835 permisit
2629 4782 2724 4821 eos
2754 4767 2991 4834 Spiritus
3022 4768 3150 4822 Jesu
3172 4767 3241 4821 ⁸ο.
3288 4786 3306 4817 ι
3342 4766 3481 4821 Cum

1908 4858 2143 4927 Spiritus
2165 4874 2290 4928 ergo
2316 4859 2482 4926 ipsius
2512 4870 2730 4939 quoque
2762 4858 3075 4912 exsuscitati
3106 4858 3357 4929 proprius
3386 4860 3475 4918 sit,

1905 4948 2252 5017 quantumvis
2306 4948 2445 5002 Deus
2490 4948 2651 5000 Pater
2694 4950 2745 5001 in
2789 4946 2999 5016 Spiritu
3061 4965 3159 5003 nos
3203 4948 3479 5003 viviﬁcarc

1904 5038 2143 5102 dicatur;
2172 5038 2290 5103 quis
2322 5037 2564 5105 ambigat
2618 5041 3073 5092 resurrectionem
3103 5039 3153 5091 in
3183 5039 3477 5092 humanam

1903 5141 2147 5181 naturam
2184 5128 2247 5179 ad
2296 5143 2418 5181 eum
2459 5128 2669 5179 modum
2721 5129 3004 5191 cecidisse,
3046 5137 3104 5181 ut
3140 5142 3257 5180 eam
3299 5138 3475 5179 tamen

1902 5220 2043 5271 Deus
2082 5218 2317 5271 Verbum
2366 5234 2477 5272 una.
2519 5235 2638 5271 cmn
2679 5220 2967 5287 Patre,_cx
3011 5236 3121 5288 quo
3157 5220 3475 5273 naturaliter

1901 5311 2164 5379 procedit.
2190 5309 2452 5370 elfecerit,
2490 5310 2643 5375 cujus
2671 5311 2918 5364 vivificus
2947 5311 3035 5365 ille
3075 5311 3310 5379 Spiritus
3350 5327 3474 5379 pru-

1902 5400 2048 5467 prius
2085 5414 2299 5466 quoque
2338 5398 2589 5453 exsistit?

1951 5536 1994 5565 ³⁸
2022 5537 2140 5588 Act.
2179 5549 2235 5594 ll,
2266 5532 2353 5586 24.
2465 5534 2509 5564 δ’
2535 5533 2689 5587 Rom.
2730 5549 2848 5600 \‘tll,
2876 5534 2929 5589 9.
3044 5534 3089 5564 ⁴⁰
3118 5535 3235 5589 Act.
3260 5546 3350 5586 xw
3416 5532 3471 5589 7.

1324 5654 1495 5708 Variae
1520 5652 1778 5707 lectiones
1806 5648 2004 5704 codicis
2038 5646 2393 5717 Seguieriani.

308 5771 337 5813 ι
370 5774 512 5843 ὑμῖν.
594 5769 609 5808 λ
644 5770 748 5821 ὑπὸ
773 5768 865 5822 τοῦ
892 5767 1142 5823 Θανάτου.
