4092 6334
621 371 756 429 NH

1608 368 1666 423 S.
1710 367 1981 421 CYRILLI
2017 363 2490 430 ALEXANDRINI
2532 361 2850 417 ARCHIEP.

3739 354 3875 410 1412

692 499 825 556 LIV.
859 519 876 551 ι
907 499 988 552 An
1019 496 1446 566 experimentum
1476 499 1714 564 quaeritis
1744 497 1991 567 ejus,qui
2027 500 2076 551 in
2109 513 2190 551 me

2364 499 2488 550 NA'.
2532 518 2548 547 ι
2592 499 2652 549 Εἰ
2685 496 2739 548 δὲ
2784 492 3012 563 δοκιμὴν
3051 496 3264 562 ζητεῖτε
3292 491 3383 543 τοῦ
3433 491 3490 541 ἐν
3526 491 3651 559 ἐμοὶ
3695 502 3733 529 In
3771 464 3876 541 ’λα-

621 595 859 663 loquitur
885 591 1171 645 Christus:
1201 593 1292 660 qui
1324 593 1376 646 iit
1413 591 1565 644 nobis
1605 604 1708 641 non
1740 590 2068 656 inﬁrmatur,
2101 594 2193 644 sed

618 695 810 754 potens
830 690 910 734 est
944 681 996 733 in
1034 681 1232 737 vobis?
1264 681 1397 735 Nam
1429 680 1529 734 etsi
1562 678 1856 732 cruciﬁxus
1891 689 1974 733 est
2006 697 2070 732 ex
2109 682 2192 733 in-

623 775 896 834 ﬁrmitate,
916 772 1012 826 sed
1033 773 1165 826 vivit
1190 788 1254 826 ex
1279 773 1479 823 virtute
1508 769 1768 824 Dei.Nam
1798 777 1850 821 et
1875 783 1972 821 nos
1993 770 2191 822 inlirini

621 879 806 920 sumus
835 863 886 917 in
931 863 1062 917 illo:
1096 867 1187 918 sed
1214 866 1457 917 vivemus
1491 877 1611 913 cum
1650 876 1715 914 eo
1759 876 1822 914 ex
1860 859 2060 911 virtute
2103 859 2191 912 Dei

621 957 674 1010 in
697 955 848 1008 vobis
872 954 939 1007 δι.
965 973 982 1006 ›
1006 952 1256 1008 Nonnulli
1288 967 1475 1007 eorum
1505 952 1593 1020 qui
1634 953 1999 1014 crediderunt,
2027 948 2194 1002 olTen-

621 1047 827 1102 sionem
855 1047 920 1100 de
963 1045 1191 1100 Domino
1222 1053 1408 1100 nostro
1438 1044 1564 1098 .lesn
1597 1045 1816 1098 Christo
1841 1058 1904 1094 ex
1937 1056 2194 1109 quorum-

621 1138 744 1190 dam
800 1137 1142 1192 sermonibus
1186 1138 1362 1202 passi,
1412 1138 1464 1190 in
1517 1138 1781 1205 ejusmodi
1837 1135 2194 1201 cogitationes

621 1229 926 1298 przecipites
951 1229 1198 1282 abierant
1228 1245 1241 1280 :
1282 1228 1337 1282 Si
1374 1245 1534 1282 verus
1561 1228 1702 1283 Deus
1737 1238 1875 1287 erat,
1907 1223 2195 1276 naturalis-

621 1333 724 1386 que
745 1320 1128 1387 omnipotentis
1149 1317 1239 1373 Dei
1263 1317 1960 1384 Filius,cttrhomicidarum
2005 1328 2195 1370 manus

623 1426 730 1463 non
763 1409 988 1479 eﬁ‘ugit?
1020 1426 1141 1464 nam
1177 1412 1652 1479 probrosissimam
1682 1411 1733 1463 in
1763 1424 1923 1462 cruce
1967 1417 2193 1461 mortem

621 1501 963 1568 perferendo,
1005 1501 1232 1567 intelligi
1290 1517 1394 1555 non
1445 1501 1938 1570 potesl,quomodo
1960 1509 2012 1552 et
2058 1499 2195 1551 Deus

619 1593 913 1655 exstiterit,
947 1603 1002 1647 et
1030 1593 1464 1663 cruciﬁgentinm
1499 1605 1675 1644 tamen
1711 1590 1962 1644 manibus
2015 1605 2195 1645 cesse-

617 1684 707 1747 rit,
741 1683 1051 1750 nostrisque
1093 1682 1504 1735 inﬁrmitatibus
1551 1681 1848 1734 obstrictus
1901 1681 2082 1734 fuerit.
2116 1680 2192 1734 Ad

621 1777 923 1844 huiusmodi
967 1786 1146 1830 autem
1203 1777 1567 1843 cogitationes
1615 1777 1805 1830 beatus
1868 1777 2068 1830 Paulus
2123 1778 2191 1827 ita

2297 592 2514 654 λοῦντος
2558 587 2792 660 Χριστοῦ
2819 626 2832 648 ,
2882 586 2940 648 ὃς
2986 588 3066 648 εἰς
3113 588 3260 655 ἡμᾶς
3305 585 3404 638 οὐκ
3447 581 3702 644 ἀσθενεῖ,
3737 581 3875 634 ἅλλά

2294 684 2506 737 δυνατεῖ
2531 694 2555 721 η
2585 686 2640 734 ὲν
2672 684 2819 752 ἡμῖν.
2864 679 2972 731 Καὶ
3005 678 3113 746 γὰρ
3175 681 3223 731 εἰ
3262 675 3575 746 ἐσταυρώθη
3617 676 3673 738 ἐξ
3711 675 3876 728 ἀσθε-

2296 776 2478 840 νείας,
2517 775 2649 828 ἀλλὰ
2683 775 2746 843 ζῇ
2794 772 2858 822 ὲκ
2900 771 3180 838 δυνάμεως
3223 769 3378 824 Θεοῦ.
3414 769 3524 821 Καὶ
3568 768 3678 837 γὰρ
3713 768 3874 835 ἡμεῖς

2295 866 2628 935 ἀσθενοῦμεν
2667 867 2722 917 ἐν
2768 861 2953 931 αὐτῷ,
3004 859 3140 912 ἀλλά
3187 858 3426 930 ζήσομεν
3467 858 3563 910 σὺν
3611 854 3757 924 αὐτῷ
3810 856 3876 906 ὲκ

2294 956 2576 1026 δυνάμεως
2621 956 2754 1009 Θεοῦ
2807 956 2886 1016 εἰς
2925 953 3087 1021 ὑμᾶς.
3123 970 3152 1002 ο»
3204 950 3678 1013 Ἐσκανδαλίζοντό
3725 963 3875 1008 τινες

2293 1049 2402 1099 τῶν
2458 1048 2897 1106 πεπιστευκότων
2928 1044 3006 1106 εἰς
3061 1043 3153 1095 τὸν
3210 1042 3414 1112 Κύριον
3469 1043 3624 1112 ἡμῶν
3665 1037 3875 1108 Ἰησοῦν

2293 1138 2383 1190 τὸν
2408 1139 2661 1206 Χριστὸν,
2694 1141 2832 1210 τάχα
2875 1155 2973 1190 που
3001 1135 3176 1203 λόγοις
3203 1136 3313 1196 τοῖς
3346 1153 3418 1187 πα
3430 1136 3498 1205 ρά
3522 1150 3680 1188 τινων
3714 1135 3876 1186 ἐπεν-

2294 1230 2611 1300 ηνεγμένοις
2636 1241 2657 1261 ο
2715 1232 2847 1302 πρὸς
2919 1228 3123 1290 ἐννοίας
3163 1225 3454 1289 τοιαύταςε
3482 1244 3493 1253 ·
3518 1228 3581 1278 El
3626 1225 3756 1287 Θεὸς
3807 1219 3876 1292 ἦν

2293 1320 2540 1391 ἀληθῶς,
2584 1324 2677 1374 καὶ
2707 1323 2836 1385 Υίδς
2879 1320 3019 1374 κατά
3053 1322 3212 1384 φύσιν
3253 1317 3348 1370 τοῦ
3380 1321 3556 1371 πάντα
3597 1317 3876 1387 ἰσχύοντος

2295 1414 2460 1476 Θεοῦ,
2495 1413 2613 1477 πῶς
2647 1415 2708 1466 οὐ
2741 1416 2923 1484 διέδρα
2952 1415 3052 1477 τὰς
3083 1411 3190 1465 τῶν
3230 1410 3512 1477 φονώντων
3545 1408 3872 1471 ὲπιόουλάς;

2294 1506 2411 1568 πῶς
2460 1504 2514 1556 δὲ
2545 1507 2637 1557 καὶ
2670 1507 2971 1574 ἀτιμότατα
2991 1517 3015 1555 P
3042 1506 3133 1557 τὸν
3164 1502 3257 1556 ἐπὶ
3287 1499 3443 1564 ξύλου
3479 1501 3707 1554 θάνατον
3735 1502 3874 1554 ἀνα-

2294 1601 2422 1660 τλὰς
2448 1640 2461 1662 ,
2493 1599 2592 1651 οὐκ
2647 1598 2711 1650 ἂν
2751 1601 2944 1650 νοοῖτο-
2973 1597 3066 1649 καὶ
3122 1585 3264 1665 μάλα
3319 1593 3543 1656 εἰκότως
3574 1593 3875 1659 ἀσθενῆσαι

2294 1691 2415 1744 καθ’
2454 1690 2600 1758 ἡμᾶς
2622 1730 2634 1751 ,
2658 1689 2752 1740 καὶ
2780 1689 2878 1757 τῆς
2911 1688 3018 1740 τῶν
3053 1685 3426 1748 στα-ἀρούντων
3461 1686 3725 1754 ἡττῆσθαι
3752 1701 3871 1754 χει-

2299 1785 2410 1854 ρός;
2435 1782 2577 1851 Πρὸς
2601 1780 2663 1850 δὴ
2687 1780 2750 1833 τὰ
2778 1781 2955 1833 τοιάδε
2987 1779 3148 1848 φησιν
3181 1781 3209 1830 ό
3243 1776 3526 1839 θεσπέσιος
3552 1778 3779 1840 Παῦλος·
3811 1776 3874 1827 lit

616 1873 940 1937 respondet:
974 1867 1029 1922 Si
1068 1867 1351 1921 volueritis
1389 1869 1524 1936 apud
1553 1869 1764 1922 animos
1811 1879 2022 1922 vestros
2053 1867 2190 1920 serio

2297 1875 2404 1945 γάρ
2429 1874 2492 1944 δὴ
2522 1871 2795 1941 βούλοισθε
2837 1871 3150 1942 δοκιμάζειν
3184 1868 3359 1938 ὀρθῶς
3381 1910 3395 1931 ,
3432 1869 3514 1930 τίς
3539 1869 3605 1922 ἂν
3641 1869 3747 1937 εἴη,
3778 1868 3874 1920 καὶ

617 1963 989 2026 considerare,
1015 1961 1328 2028 qnisnamet
1353 1962 1528 2028 qualis
1548 1961 1729 2028 sitqui
1751 1962 1802 2014 in
1831 1975 1914 2013 me
1937 1960 2192 2028 loquitur,

615 2069 678 2107 ea
706 2054 893 2107 sedulo
930 2061 1269 2121 reputantes,
1288 2067 1410 2119 quae
1435 2053 1501 2105 ad
1527 2066 1624 2106 nos
1657 2061 1922 2121 spectant,
1948 2051 2193 2104 idoneam

617 2161 738 2198 mox
792 2147 916 2198 nodi
965 2145 1125 2213 hujus
1162 2143 1481 2196 solutionem
1532 2145 1831 2213 reperietis.
1884 2144 1998 2197 Non
2050 2143 2191 2197 enim

616 2238 866 2291 inﬁrmus
885 2236 990 2290 fuit
1019 2237 1070 2290 in
1092 2239 1267 2300 nobis.
1306 2236 1463 2307 175
1493 2239 1584 2292 sed
1617 2253 1711 2306 per
1741 2236 2000 2305 Spiritum
2036 2248 2191 2288 suum

615 2339 1022 2397 praepotentem,
1076 2328 1330 2383 virtutem
1385 2329 1867 2397 etﬁcacitatemque
1913 2334 2191 2399 ostendit;

618 2422 774 2475 talem
819 2421 1099 2487 nimirum,
1125 2433 1180 2476 ut
1211 2424 1348 2476 citra
1380 2437 1592 2475 omnem
1629 2421 2000 2478 diﬁicultatem
2027 2425 2194 2496 quos-

616 2519 696 2570 vis
759 2517 1084 2570 irruentium
1149 2515 1506 2568 tentationnm
1565 2515 1795 2582 impetus
1851 2519 2189 2584 propulsare,

614 2609 937 2677 cunctisque
983 2607 1338 2660 alﬁictiouum
1388 2606 1679 2661 insultibus
1740 2605 1988 2660 animose
2041 2610 2189 2662 obsi-

615 2712 758 2755 stere
802 2699 981 2753 liceat.
1010 2698 1148 2765 Quid
1183 2699 1356 2768 ergo?
1395 2699 1537 2752 dicet
1562 2699 1782 2766 aliquis,
1815 2713 1846 2752 ο
1878 2698 2066 2765 Paule,
2122 2717 2188 2754 an

615 2808 720 2846 non
781 2792 1120 2845 inﬁrmitatis
1163 2791 1421 2844 indicium
1470 2790 1570 2843 fuit
1624 2806 1841 2845 crucem
1883 2793 2193 2847 sustinere?

613 2884 764 2937 Itane
792 2898 922 2937 vero
950 2898 1011 2936 ea
1048 2898 1134 2936 res
1179 2883 1395 2938 virtutis
1425 2884 1804 2952 argumentum
1834 2886 2088 2940 exstitit?
2122 2901 2188 2940 an

615 2975 846 3029 divinm?
897 2974 1112 3030 lllinime
1161 2976 1426 3044 gentium,
1482 2975 1676 3043 inquit.
1740 2977 1992 3045 Agnosco
2045 2978 2188 3030 enim

615 3066 763 3122 illum
806 3081 973 3121 carne
1011 3067 1341 3121 inﬁrmatam
1379 3081 1518 3131 esse,
1565 3083 1754 3123 rursus
1787 3078 1967 3123 autem
2008 3070 2186 3123 divina

613 3159 819 3213 virtute
850 3156 1147 3210 revixisse:
1186 3170 1308 3208 nam
1351 3157 1491 3212 Deus
1529 3168 1721 3212 natura
1769 3169 1909 3214 erat.
1955 3158 2063 3213 Cur
2094 3161 2190 3231 igi-

2302 1968 2463 2029 πόσος
2489 1968 2516 2018 ό
2554 1963 2728 2016 λαλῶν
2767 1965 2825 2016 ὲν
2853 1965 2976 2032 ἐμοὶ
3000 2002 3014 2027 ,
3044 1961 3112 2014 τὰ
3151 1961 3272 2014 καθ’
3313 1960 3452 2028 ὑμᾶς
3486 1961 3684 2023 αὐτοὺς
3718 1962 3872 2014 ἐννε-

2299 2059 2552 2129 νοηκὸτες
2577 2095 2591 2119 ,
2625 2055 2953 2125 ἀποχρῶσαν
2993 2055 3250 2124 εὑρήσετε
3293 2052 3393 2120 τὴν
3422 2052 3745 2120 κατάληψιν.
3792 2050 3870 2102 Οὐ

2299 2151 2406 2221 γὰρ
2428 2149 2727 2220 ἠσθένησεν
2771 2148 2828 2198 ὲν
2864 2148 3014 2214 ἡμῖν,
3045 2145 3288 2214 ἀπέφηνε
3315 2143 3371 2194 δὲ
3407 2142 3603 2211 μᾶλλον
3629 2142 3872 2196 δυνατώ-

2296 2259 2455 2295 τατον
2501 2251 2528 2290 ει
2572 2240 2658 2293 διὰ
2710 2237 2803 2290 τοῦ
2848 2238 2977 2290 ἰδίου
3021 2236 3372 2305 Πνεύματος,
3418 2234 3558 2287 ὥστε
3609 2235 3874 2288 δύνασθαι

2298 2334 2498 2396 παντὸς
2522 2330 2995 2399 κατευμεγεθῆσαι
3026 2327 3332 2398 πειρασμοῦ
3357 2327 3450 2380 καὶ
3476 2325 3619 2396 μάλα
3648 2326 3872 2397 ῥαδίως,

2297 2428 2389 2479 καὶ
2419 2429 2536 2489 ταῖς
2565 2425 2671 2477 τῶν
2704 2422 2891 2475 παθῶν
2931 2421 3140 2489 ἐφόδοις
3172 2418 3552 2489 ἀντιφέρεσθαι
3586 2419 3870 2481 νεανικῶς.

2295 2519 2360 2570 Τί
2390 2514 2502 2583 οῦν,
2530 2511 2575 2570 ὦ
2607 2516 2783 2569 Παῦλε
2803 2555 2816 2578 ,
2849 2516 2982 2583 φαίη
3013 2531 3095 2575 τις
3121 2512 3209 2577 ἂν,
3262 2514 3361 2564 οὐκ
3392 2512 3672 2576 ἀσθενείας
3709 2512 3873 2582 ἔργον

2294 2609 2400 2680 φὴς
2425 2604 2566 2662 εἶναι
2605 2609 2665 2660 τὸ
2694 2609 2983 2676 ὑπομεῖναι
3025 2604 3277 2675 σταυρόν,
3317 2605 3430 2655 ἀλλ’
3463 2602 3687 2667 ἔνδειξιν
3725 2593 3870 2654 εἶναι

2291 2701 2354 2752 τὸ
2383 2701 2570 2769 χρῆμα
2597 2699 2910 2767 δυνάμεωςς
2936 2693 3004 2750 'A
3018 2713 3084 2767 ρα
3122 2696 3222 2764 τῆς
3253 2694 3627 2764 θεοπρεποῦς;
3653 2695 3876 2763 Ούμενο

2291 2789 2405 2854 οῦν,
2442 2788 2631 2857 φησίν.
2663 2787 2942 2857 Ὀμολογῶ
2970 2787 3075 2854 γάρ
3103 2787 3265 2839 αὐτὸν
3293 2785 3651 2855 ήσθενηκέναι
3684 2788 3870 2857 σαρκὶ,

2293 2879 2457 2950 ζῆσαι
2480 2879 2535 2932 δὲ
2563 2878 2724 2932 πάλιν
2751 2879 2815 2931 ἐκ
2833 2879 3116 2947 δυνάμεως
3139 2875 3297 2929 Θεοῦ·
3320 2876 3451 2940 Θεὸς
3469 2876 3576 2947 γὰρ
3597 2872 3664 2947 ἦν
3686 2877 3869 2945 φύσει.

2294 2973 2417 3036 Πῶς
2439 2968 2529 3026 οῦν
2553 2972 2816 3042 ἠσθένησε
2842 2988 2856 3035 ;
2881 2971 3250 3041 Συγχωρήσας
3275 2969 3354 3039 τῷ
3386 2970 3500 3038 ἰδίῳ
3531 2968 3743 3039 σώματι
3778 2969 3875 3022 καὶ

2293 3064 2524 3118 θανάτου
2547 3063 2848 3131 γεύσασθαι
2875 3062 2942 3115 δι’
2992 3063 3139 3132 ἡμᾶς
3160 3103 3175 3127 ,
3211 3080 3229 3112 ι
3283 3060 3370 3113 ἵνα
3394 3061 3482 3114 διὰ
3513 3062 3606 3115 τοῦ
3640 3061 3871 3115 θανάτου

2293 3158 2613 3227 καταργήσῃ
2642 3155 2734 3208 τὸν
2765 3155 2824 3208 τὸ
2848 3155 3046 3226 κράτος
3079 3152 3268 3223 ἔχοντα
3299 3151 3392 3204 τοῦ
3421 3152 3650 3206 θανάτου
3670 3193 3682 3213 ,
3710 3169 3870 3204 τουτ-

622 3259 731 3314 tur,
760 3258 853 3304 aut
881 3248 1152 3318 quomodo
1181 3247 1486 3304 inﬁrmatus
1529 3251 1654 3304 est?
1695 3251 1974 3320 proprium
2019 3251 2185 3306 etiam

2293 3247 2407 3299 ἐστι
2444 3248 2535 3299 τὸν
2592 3247 2862 3312 διάϐολον,
2896 3247 2988 3298 καὶ
3019 3244 3299 3314 ἀπαλλάξῃ
3330 3243 3551 3306 τούτους
3583 3245 3694 3296 ὅσοι
3720 3243 3873 3313 φόὸῳ

616 3356 811 3411 corpus
836 3348 1061 3394 mortem
1089 3341 1256 3394 nostri
1287 3355 1448 3394 causa
1480 3342 1765 3410 degusmre
1797 3343 2006 3407 sinens,
2037 3362 2056 3395 ι
2081 3360 2188 3412 quo

618 3433 874 3486 nimirum
922 3445 1019 3498 per
1057 3442 1285 3487 mortem
1320 3433 1621 3486 destrueret
1679 3449 1800 3487 eum
1861 3435 1949 3503 qni
1995 3438 2189 3491 mortis

617 3525 848 3580 habebat
884 3526 1195 3595 imperium,
1237 3525 1340 3581 hoc
1371 3535 1453 3580 est
1487 3525 1800 3580 diabolum:
1845 3536 1898 3580 et
1933 3527 2191 3582 liberaret

615 3631 710 3671 eos
732 3617 821 3686 qui
853 3616 1048 3671 timore
1070 3617 1262 3672 mortis
1285 3631 1381 3686 per
1407 3625 1574 3670 totam
1602 3617 1765 3669 vitam
1785 3617 2005 3672 obnoxii
2033 3629 2189 3673 erant

616 3707 942 3762 servituti".
983 3725 1003 3759 ι
1040 3708 1172 3763 Cum
1201 3709 1368 3778 igitur
1403 3706 1614 3762 modica
1639 3708 1933 3762 secundum
1968 3724 2186 3765 carnem

616 3796 904 3851 inﬁrmitas
937 3798 1022 3852 his
1063 3798 1255 3853 salutis
1278 3812 1443 3853 causa
1484 3798 1758 3852 exstiterit
1783 3799 1872 3868 qui
1906 3799 2006 3852 sub
2050 3800 2190 3854 cmlo

613 3893 759 3948 sunt,
783 3886 1052 3953 quomodo
1081 3901 1183 3941 non
1229 3887 1429 3956 oppido
1460 3887 1685 3941 decebat
1735 3897 1792 3942 ut
1812 3903 1932 3941 eam
1964 3889 2188 3943 inﬁrmi-

615 3986 780 4029 tatem
845 3978 1074 4042 subiret,
1119 3993 1227 4047 quo
1289 3989 1521 4034 mortem
1563 3981 1907 4034 destrueret?
1970 3985 2188 4050 proprio

614 4067 812 4136 templo
847 4068 1043 4123 iterum
1073 4069 1366 4136 viviﬁcato,
1401 4071 1655 4125 omnibus
1703 4071 2046 4126 admirationi
2084 4082 2185 4138 est,

616 4174 724 4214 non
760 4175 854 4228 per
886 4162 1065 4215 carnis
1097 4161 1493 4225 inﬁrmitatem,
1541 4164 1634 4216 sed
1680 4178 1777 4231 per
1812 4165 2066 4217 virtutem
2103 4165 2189 4216 di-

612 4253 791 4305 vinam
822 4253 924 4306 hoc
947 4263 1242 4320 pnestans:
1271 4272 1288 4304 ι
1315 4252 1410 4307 Est
1436 4253 1578 4306 enim
1609 4255 1697 4307 ille
1722 4254 1894 4308 Patris
1927 4255 2092 4309 virtus
2116 4258 2186 4321 ⁸³,

613 4353 665 4398 et
695 4345 1025 4397 resurrectio
1083 4352 1137 4397 et
1191 4344 1434 4398 vita“.r
1489 4343 1630 4398 Vivit
1688 4345 1870 4414 itaque
1941 4361 2186 4415 semper;

613 4437 723 4487 vita
756 4450 988 4503 namque
1034 4445 1136 4490 est.
1170 4435 1355 4505 Neque
1384 4437 1736 4491 dubitandum
1791 4448 1873 4491 est
1928 4441 2058 4509 quin
2090 4457 2187 4496 nos

616 4539 829 4594 quoque
858 4526 985 4578 olim
1019 4529 1122 4580 vita
1166 4543 1288 4580 cum
1325 4527 1413 4580 illo
1444 4527 1658 4581 fruitnri
1698 4529 1889 4593 simus,
1924 4531 2012 4598 qni
2048 4547 2188 4585 nunc

2291 3338 2519 3391 θανάτου
2549 3338 2636 3391 διὰ
2666 3341 2868 3401 παντὸς
2892 3337 2987 3390 τοῦ
3025 3336 3125 3407 ζῇν
3160 3337 3331 3406 ἔνοχοι
3369 3331 3509 3406 ἦσαν
3537 3335 3802 3398 δουλείας.
3845 3356 3863 3386 ι

2293 3433 2420 3484 Ὅτε
2447 3431 2628 3482 τοίνυν
2668 3430 2725 3482 τὸ
2753 3430 3049 3507 ἀσθενῆσαι
3077 3429 3273 3500 βραχὺ,
3311 3428 3452 3481 κατά
3473 3445 3536 3494 γε
3567 3427 3666 3498 τὴν
3690 3429 3874 3498 σάρκα

2291 3523 2469 3592 φημὶ,
2504 3523 2777 3592 σωτηρίας
2821 3516 2888 3592 ἦν
2936 3521 3206 3593 πρόφασις
3250 3522 3361 3580 τοῖς
3390 3521 3494 3571 ἀνὰ
3541 3519 3719 3571 πᾶσαν
3768 3520 3874 3589 τὴν

2291 3615 2384 3666 ὑπ’
2415 3614 2664 3682 οὐρανὸν,
2714 3611 2833 3674 πῶς
2874 3611 2975 3664 οὐκ
3022 3611 3128 3663 ἔδει
3183 3611 3378 3663 παθεῖν
3427 3610 3524 3681 τὴν
3557 3610 3870 3674 ἀσθένειαν,

2291 3707 2376 3757 ἵνα
2408 3705 2472 3757 δι’
2504 3705 2674 3774 αὐτῆς
2709 3705 3035 3777 καταργήσῃ
3081 3703 3172 3756 τὸν
3219 3702 3481 3768 θάνατον;
3511 3702 3872 3772 θαυμάζεται

2290 3799 2450 3850 πάλιν
2475 3798 2565 3850 τὸν
2597 3795 2788 3850 ἑαυτοῦ
2816 3795 3160 3866 ζωοποιήσας
3182 3794 3308 3847 ναὸν
3330 3833 3344 3857 ,
3371 3795 3471 3846 οὐκ
3494 3794 3551 3858 ἐξ
3582 3794 3873 3856 ἀσθενείας

2288 3886 2445 3939 τοῦτο
2497 3884 2777 3956 κατορθῶν
2829 3885 3136 3956 σαρκικῆς,
3180 3884 3293 3936 ἀλλ’
3343 3882 3416 3942 ὡς
3465 3885 3529 3934 ὲκ
3577 3883 3871 3952 δυνάμεως

2289 3979 2446 4033 Θεοῦ’
2483 3977 2672 4031 «Ἐστι
2697 3978 2752 4029 δὲ
2781 3978 2939 4039 αὐτὸς
2969 3979 3001 4046 ή
3027 3976 3256 4045 δύναμις
3281 3975 3376 4027 τοῦ
3409 3974 3639 4043 Πατρὸς,
3667 3976 3700 4045 ή
3735 3975 3871 4028 ἀνά-

2292 4091 2478 4135 στασις
2504 4073 2598 4125 καὶ
2618 4075 2650 4141 ή
2680 4072 2848 4140 ζωή.»
2886 4073 2962 4141 Ζῇ
2989 4068 3277 4139 τοιγαροῦν
3295 4068 3532 4140 ἀεί-ζωὴ
3561 4069 3667 4140 γάρ
3690 4069 3865 4122 ἐστιν.

2293 4168 2414 4219 Ὅτι
2443 4166 2499 4217 δὲ
2527 4165 2622 4216 καὶ
2661 4166 2818 4234 ήμεῖς
2850 4164 3088 4232 ζήσομεν
3117 4163 3213 4214 σὺν
3249 4161 3432 4231 αὐτῷ,
3466 4180 3528 4215 συ
3543 4162 3867 4233 ιησθενηκό-

2291 4273 2379 4319 τες
2406 4255 2554 4324 αὖτῴ
2579 4295 2592 4319 ,
2627 4255 2768 4307 κατά
2798 4271 2862 4318 γε
2893 4252 2954 4304 τὸ
2985 4251 3350 4321 ἀποθνήσκειν
3381 4253 3514 4316 τέως
3534 4293 3548 4317 ,
3587 4254 3634 4304 εἰ
3674 4255 3766 4306 καὶ
3808 4255 3870 4305 ἐν

2292 4349 2503 4400 ἐλπίσιν
2533 4345 2697 4416 ἐσμὲν
2724 4347 2820 4414 τῆς
2843 4345 2923 4408 εἰς
2948 4344 3120 4396 αἰῶνα
3156 4343 3327 4414 ζωῆς,
3365 4344 3482 4408 πῶς
3515 4345 3658 4397 ἔστιν
3688 4347 3868 4414 ἀμφι-

2292 4440 2504 4504 ϐαλεῖν;
2549 4436 2773 4490 Ἀνεϐῖω
2801 4435 2909 4508 γὰρ
2937 4439 2999 4489 ἐκ
3029 4435 3238 4505 νεκρῶν
3262 4476 3278 4502 ,
3325 4435 3442 4498 ὁδὸς
3481 4439 3560 4499 εἰς
3596 4437 3740 4507 ζωὴν
3772 4455 3870 4505 γε..

2290 4531 2461 4598 γονὼς
2504 4531 2568 4598 τῇ
2619 4529 2799 4596 φύσει.
2852 4527 3081 4598 Εἴρηται
3126 4527 3235 4598 γὰρ
3284 4527 3628 4598 πρωτότοκος
3674 4531 3738 4581 ἐκ
3779 4548 3870 4583 νει

616 4617 778 4670 simul
795 4632 913 4671 cum
934 4617 1022 4671 illo
1043 4618 1354 4673 inﬁrmitate
1370 4619 1640 4688 jactamur
1660 4630 1886 4676 mortem
1911 4622 2184 4688 obeundo,

2293 4621 2459 4691 κρῶν,
2499 4639 2516 4670 ι
2572 4621 2667 4672 καὶ
2703 4638 2721 4669 ι
2750 4618 2971 4690 ἀπαρχὴ
3001 4619 3109 4670 τῶν
3138 4620 3574 4689 κεκοιμημένων.
3617 4639 3634 4669 ι

614 4711 860 4776 quamvis
905 4721 1050 4764 certa
1101 4708 1314 4765 aeterna:
1371 4727 1464 4781 spe
1523 4722 1908 4770 snstentemur.
1960 4717 2174 4772 Revixit
2213 4719 2355 4774 enim
2405 4731 2469 4769 ex
2561 4713 2811 4777 mortuis,
2871 4723 3076 4767 naturae
3135 4723 3335 4767 nostra:
3429 4714 3529 4767 iter
3581 4714 3646 4766 ad
3695 4715 3866 4769 vitam

615 4801 904 4854 muniens:
973 4804 1271 4870 appellatus
1341 4815 1426 4859 est
1493 4807 1637 4860 enim
1708 4830 1728 4858 ι
1781 4811 2178 4879 primogenitus

2350 4809 2578 4862 mortuis
2598 4807 2666 4873 ⁸⁵,
2697 4827 2713 4859 ι
2753 4817 2809 4860 et
2849 4825 2868 4857 ι
2910 4806 3164 4876 primitia:
3196 4807 3576 4861 dormientium
3603 4807 3669 4860 "‘.
3694 4828 3712 4859 ι

685 4890 793 4945 LV.
831 4909 850 4941 ι
884 4891 1041 4945 Nunc
1072 4893 1249 4946 anima
1301 4909 1417 4948 mea
1450 4897 1663 4949 turbata
1693 4906 1796 4950 est.
1833 4897 1896 4950 Et
1947 4899 2074 4966 quid
2107 4903 2186 4953 ili-

615 4982 781 5038 eam?
815 4982 991 5046 Pater,
1033 4984 1177 5037 salva
1226 4999 1311 5038 me
1345 5000 1408 5038 ex
1447 4987 1551 5040 hac
1595 4989 1747 5042 hora.
1807 4987 1918 5042 Sed
1968 5000 2186 5059 propter

617 5074 718 5127 hoc
756 5074 874 5126 veni
917 5074 968 5126 in
1013 5075 1197 5128 horam
1246 5081 1386 5130 hanc
1407 5078 1474 5130 ".
1516 5096 1533 5128 ι
1568 5108 1629 5118 -
1677 5098 1695 5130 ι
1730 5078 1915 5147 Pater,
1948 5083 2185 5136 clariﬁca

615 5161 808 5216 Filium
846 5174 993 5218 tuum
1015 5165 1080 5219 "'.
1116 5185 1135 5217 ι
1188 5167 1254 5219 Ει
1281 5168 1388 5220 alio
1421 5169 1537 5223 loco
1590 5187 1833 5227 rursum:
1876 5193 1892 5223 ι
1931 5173 1992 5227 Ει
2021 5176 2189 5241 etrapit

616 5255 931 5309 contristari
982 5267 1036 5310 et
1084 5268 1309 5312 IlltBSlilS
1361 5275 1502 5326 esse,
1540 5271 1593 5315 et
1643 5263 1815 5317 dixit:
1861 5265 2058 5320 Tristis
2106 5275 2189 5320 est

698 5407 806 5482 “ill
837 5409 963 5464 Cor.
999 5429 1118 5482 xm.
1146 5413 1201 5479 5,
1231 5414 1283 5467 4.
1360 5415 1404 5447 ⁸⁸
1431 5415 1593 5471 Hebr.
1631 5433 1668 5479 1,
1701 5418 1786 5482 ll,
1822 5419 1909 5472 l5.

622 5493 709 5543 ιν,
738 5481 829 5533 20.
907 5482 950 5512 ⁸⁷
985 5481 1140 5538 Joan.
1185 5501 1281 5548 xu,
1312 5485 1400 5538 27.
1481 5487 1524 5518 ⁸⁸
1551 5487 1703 5542 Joan.
1745 5481 1878 5553 xvn,
1916 5491 1965 5542 l.

1991 5419 2037 5452 ⁴³
2065 5419 2082 5471 1
2115 5419 2239 5475 Cor.
2274 5435 2310 5481 ι,
2338 5420 2428 5474 2i.

2359 4899 2486 4950 NE'.
2523 4916 2541 4949 ι
2568 4896 2682 4949 Νῦν
2718 4897 2750 4966 ή
2779 4896 2924 4968 ψυχή
2954 4914 3055 4967 μου
3084 4896 3440 4966 τετάρακται.
3474 4900 3583 4952 Kal.
3605 4900 3658 4951 τί
3682 4899 3824 4952 εἴπω
3849 4917 3865 4965 ;

2289 4991 2508 5060 Πάτερ,
2542 4989 2712 5042 σῶσόν
2760 5006 2829 5055 με
2871 4989 2936 5041 ὲκ
2987 4989 3084 5058 τῆς
3129 4987 3277 5058 ὥρας
3312 4991 3536 5059 ταύτης.
3586 4991 3746 5044 Ἀλλά
3777 4991 3871 5045 διὰ

2289 5081 2448 5134 τοῦτο
2469 5077 2631 5151 ἦλθον
2653 5082 2728 5142 εἰς
2746 5081 2844 5149 τὴν
2863 5079 3018 5151 ῶραν
3045 5082 3270 5149 ταύτην.
3284 5100 3406 5132 ›-‹
3419 5083 3620 5152 Πάτερ,
3641 5083 3868 5147 δόξασόν

2292 5193 2386 5227 σου
2415 5174 2675 5227 τονΥἱόν.·
2707 5192 2725 5224 ι
2762 5174 2872 5226 Kal.
2896 5173 3078 5226 πάλινσ
3113 5191 3131 5224 ι
3162 5175 3403 5244 ’Ἤρξατο
3434 5175 3739 5239 λυπεῖσθαι,
3769 5177 3869 5230 καὶ

2290 5267 2599 5337 ἀδημονεῖν,
2639 5265 2732 5318 καὶ
2762 5265 2960 5332 λέγειν·
2991 5265 3300 5335 Περίλυπός
3337 5267 3485 5318 ἐστιν
3517 5268 3550 5336 ὴ
3579 5265 3727 5337 ψυχή
3764 5286 3868 5338 μου

2507 5419 2551 5451 ιδ
2580 5419 2733 5474 Joan.
2765 5435 2842 5486 χι,
2868 5419 2959 5474 25.
3038 5421 3080 5450 "
3114 5420 3326 5478 Coloss.
3370 5437 3409 5486 t,
3449 5422 3531 5476 l8.
3611 5423 3656 5455 ⁸⁸
3691 5425 3867 5482 lCor.

3038 5421 3080 5450 "
3114 5420 3326 5478 Coloss.
3370 5437 3409 5488 ι,
3449 5422 3531 5476 l8.

1728 5622 1898 5677 Variae
1930 5624 2191 5680 lectiones
2224 5625 2430 5681 codicis
2453 5625 2814 5697 Seguiertani.

687 5773 733 5802 ω
759 5765 910 5835 ήμῖν.
983 5777 1010 5804 ⁸
1036 5764 1303 5818 ἀδυνατεῖ.
1379 5772 1405 5800 ο
1437 5763 1873 5835 ὲπενηνεγμένοί.

1956 5778 1980 5814 ν
2017 5765 2369 5836 ἀτιμότατον.

2451 5777 2476 5815 (ι
2507 5765 2934 5832 δυνατωτάτους,
2965 5766 3093 5838 [vel]
3140 5767 3532 5838 δυνατωτάτην.
