4092 6334
227 382 365 439 1415

1043 379 1134 435 AD
1175 376 1474 433 REGINAS
1512 374 1600 430 DE
1640 373 1866 430 RECTA
1908 375 2064 431 FIDE
2098 378 2359 434 ORATIO
2396 380 2697 437 ALTERA.

3338 380 3480 440 MM

224 501 328 565 ἕως
375 502 635 556 Θανάτου.
692 520 710 554 ι
749 502 858 555 Καὶ
903 500 1083 555 πάλιν·
1141 521 1158 552 t
1204 501 1315 554 Καὶ
1345 501 1600 569 φωνήσας
1650 502 1800 569 φωνῇ

1917 501 2082 555 mima
2116 517 2232 556 mea
2263 519 2433 572 usque
2463 506 2528 558 ad
2567 516 2791 560 mortem
2811 504 2879 559 ⁸³.
2920 525 2937 557 ο
2966 506 3036 560 Et
3067 521 3316 560 rursum:
3355 525 3373 558 ι
3411 507 3478 561 Et

230 593 436 664 μεγάλῃ
485 596 514 646 ὁ
575 593 822 663 Ἰησοῦς,
879 588 1033 646 εἴπεο
1088 594 1307 663 Πάτερ,
1369 595 1448 655 εἰς
1493 592 1679 661 χεῖράς
1711 609 1803 642 σου

229 685 569 756 παρατίθημι
595 696 616 724 τ
643 685 705 738 τὸ
729 685 948 756 πνεῦμά
977 703 1100 755 μου.
1135 704 1152 736 ι
1186 687 1249 737 Ol
1274 685 1376 753 τῆς
1427 682 1803 752 Ἀπολιναρίου

228 776 381 845 δόξης
429 776 735 846 ἡττώμενοι
795 781 887 830 καὶ
938 778 1006 830 τὰ
1067 775 1215 844 αὐτῷ
1269 775 1531 829 δοκοῦντα
1591 776 1805 844 φρονεῖν

231 867 536 937 ᾑρημένοι,
571 867 914 936 ἐνιστάμενοι
947 884 1006 919 τε
1050 869 1144 920 καὶ
1172 867 1459 934 λέγοντες,
1495 864 1698 934 ἄψυχόν
1745 881 1806 916 τε

231 963 321 1012 καὶ
345 962 507 1014 ἄνουν
539 961 807 1030 ὑπάρχειν
845 960 936 1012 τὸν
962 959 1232 1012 ὲνωθέντα
1270 959 1348 1028 τῷ
1387 958 1542 1024 Λόγῳ
1568 956 1710 1019 ναὸν,
1755 955 1806 1007 τί

231 1049 292 1119 δὴ
322 1049 430 1120 ἄρα
475 1053 632 1118 φαῖεν
662 1050 746 1115 ἂν,
793 1050 1148 1120 γεγραφότων
1190 1051 1322 1119 ἡμῖν
1359 1050 1429 1102 τὰ
1478 1047 1656 1100 τοιάδε
1698 1045 1807 1096 τῶν

237 1143 408 1210 ἁγίων
434 1143 838 1210 εὐαγγελιστῶν
861 1158 924 1194 πε
935 1142 989 1214 pi.
1014 1141 1106 1194 τοῦ
1131 1141 1346 1194 πάντων
1372 1140 1528 1210 ἡμῶν
1558 1137 1808 1206 Σωτῆρος

233 1234 505 1305 Χριστοῦ;
535 1234 734 1298 Πτοίας
767 1234 865 1304 μὲν
897 1235 1007 1306 γὰρ
1029 1275 1042 1298 ,
1077 1235 1172 1288 καὶ
1211 1234 1418 1302 λύπης,
1461 1234 1557 1286 καὶ
1592 1233 1700 1285 τῶν
1729 1235 1809 1293 εἰς

233 1325 433 1378 δειλίαν
480 1325 825 1394 αἱτιαμάτων
859 1327 1210 1390 ἀνεπίδεκτος
1257 1326 1537 1386 παντελῶς
1587 1324 1670 1393 εἴη
1719 1323 1804 1387 ἂν,

235 1417 376 1470 κατὰ
398 1435 463 1486 γε
490 1417 550 1468 τὸ
578 1417 748 1480 εἰκὸς,
777 1419 810 1487 ὴ
845 1417 963 1470 θεία
997 1435 1056 1470 τε
1091 1423 1185 1472 καὶ
1213 1418 1471 1471 ἀνωτάτω
1506 1415 1598 1468 τοῦ
1634 1415 1807 1481 Λόγου

236 1509 412 1576 φύσις.
446 1509 850 1578 Παραιτήσεται
890 1508 999 1579 γὰρ
1028 1511 1103 1572 εἰς
1133 1509 1278 1562 ἆπαν
1316 1509 1376 1560 τὸ
1418 1507 1475 1559 ἐν
1511 1524 1574 1575 γε
1602 1505 1810 1567 τούτοις

237 1596 371 1653 εἶναί
402 1615 532 1651 ποτε
555 1639 571 1663 ,
596 1599 690 1652 καὶ
720 1599 909 1653 παθῶν
933 1600 1068 1663 ὅλως
1108 1585 1214 1653 τῶν
1264 1601 1385 1652 καθ’
1412 1601 1559 1669 ἡμᾶς
1587 1600 1687 1649 οὐκ
1719 1598 1811 1649 ἁν-

237 1693 432 1758 έξεται.
471 1690 641 1761 Σῶμα
672 1692 728 1744 δὲ
776 1693 941 1745 πάλιν
973 1691 1176 1762 ἄψυχόν
1213 1709 1272 1744 τε
1320 1691 1412 1743 καὶ
1433 1692 1591 1744 ἄνουν
1616 1688 1714 1741 οὐκ
1745 1688 1811 1741 ἂν

236 1785 532 1850 εἰσδέξαιτο
564 1787 762 1855 λύπην,
795 1787 909 1839 ἀλλ’
942 1788 1048 1840 οὐδ’
1074 1788 1139 1840 ἂν
1166 1786 1434 1857 ὲννοήσειέ
1462 1803 1516 1838 τι
1545 1785 1651 1838 τῶν
1682 1802 1812 1836 σκυ-

237 1879 506 1948 θρωπῶν,
561 1877 593 1949 ἢ
644 1879 736 1930 τὸν
781 1879 844 1931 ὲκ
891 1879 1001 1931 τῶν
1062 1879 1280 1933 ἔσεσθαι
1344 1879 1808 1950 προσδοκωμένων

239 1969 641 2039 προαναθρήσει
670 1969 852 2033 φόϐον.
889 1970 1056 2022 ΠάΟοι
1089 1969 1132 2022 δ’
1164 1969 1229 2022 ἂν
1259 1970 1327 2022 τὰ
1360 1970 1535 2023 τοιάδε
1576 1969 1718 2022 κατά
1745 1986 1808 2036 γε

237 2061 295 2112 τὸ
332 2063 519 2122 πᾶσιν,
553 2061 627 2123 ὥς
654 2077 716 2127 γε
757 2057 911 2130 οἶμαι
937 2101 952 2125 ,
983 2061 1191 2114 δοκοῦν.
1235 2062 1392 2132 Ψυχὴ
1421 2061 1611 2131 λογικὴ
1639 2079 1810 2114 κατα-

240 2152 579 2222 σκεπτομένη
610 2151 689 2222 τῷ
737 2151 809 2222 νῷ
847 2152 916 2204 τά
936 2169 994 2203 τε
1030 2152 1129 2223 ἤδη
1159 2153 1402 2223 παρόντα
1421 2191 1436 2216 ,
1467 2152 1559 2206 καὶ
1586 2153 1722 2222 πρός
1748 2168 1809 2220 γε

237 2243 446 2306 τούτοις
471 2244 542 2297 τὰ
581 2244 992 2315 συμϐησόμενα.
1031 2247 1154 2309 Πῶς
1182 2243 1274 2300 οὖν
1296 2248 1402 2318 ἄρα
1433 2247 1594 2317 φησὶν
1621 2249 1648 2299 ὁ
1683 2248 1813 2316 Ἐμ-

242 2336 502 2406 μανουήλ·
541 2355 559 2387 ι
593 2335 706 2388 Νῦν
753 2339 786 2407 ἡ
817 2337 960 2407 ψυχή
996 2356 1096 2406 μου
1140 2341 1512 2407 τετάρακταις
1557 2359 1573 2387 ›
1602 2337 1716 2400 πῶς
1756 2338 1812 2390 δὲ

239 2430 331 2481 καὶ
355 2428 557 2498 ἤρξατο
583 2428 868 2481 λυπεῖσθαι
918 2429 1013 2480 καὶ
1057 2430 1389 2498 ἁδημονεῖν;
1442 2431 1473 2500 ἦ
1514 2429 1605 2482 καὶ
1659 2432 1813 2480 ποῖον

239 2520 374 2582 ὅλως
411 2523 493 2582 είς
537 2523 728 2589 χεῖρας
763 2518 858 2571 τοῦ
884 2519 1018 2571 Θεοῦ
1054 2522 1144 2572 καὶ
1175 2522 1387 2591 Πατρός
1413 2521 1678 2589 παρέθετο
1708 2519 1810 2591 [τὸ]

243 2610 494 2681 πνεῦμα,
535 2614 582 2664 ει
613 2612 707 2664 καὶ
747 2613 844 2681 τῆς
879 2612 1133 2682 θεότητος
1158 2611 1218 2663 τὸ
1251 2613 1439 2681 χρῆμά
1483 2614 1630 2664 ἐστιν
1660 2611 1815 2664 ἀλλό-

241 2721 408 2772 τριον,
437 2704 530 2755 καὶ
559 2705 693 2773 μηδὲ
717 2705 886 2771 μόνης
909 2703 1117 2771 ἀψύχου
1144 2720 1208 2755 σα
1220 2705 1378 2771 ρκός;
1412 2703 1679 2771 Πρόδηλον
1699 2697 1811 2765 οὖν,

241 2795 322 2846 ὅτι
347 2793 568 2862 γέγονεν
613 2793 897 2861 ἄνθρωπος
922 2795 950 2844 ό
984 2793 1296 2860 Μονογενὴς
1320 2831 1334 2854 ,
1383 2793 1482 2843 οὐκ
1511 2791 1715 2859 ἄψυχόν
1754 2807 1813 2841 τε

242 2884 334 2938 καὶ
385 2883 548 2938 ἄνουν
603 2882 761 2952 σῶμα
812 2881 1011 2943 λαϐὼν,
1062 2880 1454 2951 ἐμψυχωμένον
1509 2881 1564 2933 δὲ
1613 2879 1813 2950 μᾶλλον

241 2977 385 3046 ψυχῇ
430 2975 522 3028 καὶ
546 2974 736 3043 λογικῇ
761 3014 775 3036 ,
835 2973 926 3026 καὶ
957 2971 1177 3034 τελείως
1210 2970 1409 3041 ἐχούσῃ
1455 2970 1597 3022 κατὰ
1628 2985 1690 3037 γε
1723 2968 1816 3022 τὸν

243 3072 376 3138 αὐτῇ
407 3068 682 3137 πρέποντα
721 3066 898 3133 λόγον.
939 3066 1044 3118 Καὶ
1079 3064 1268 3133 ὥσπερ
1301 3063 1598 3116 οἰκειοῦται
1631 3062 1809 3116 πάντα

1907 590 2149 646 clamans
2191 607 2321 647 voce
2369 610 2558 663 magna
2609 594 2785 659 Jesns,
2827 597 2902 649 ait
2932 613 2946 650 :
2975 594 3158 659 Pater,
3198 596 3248 649 in
3291 611 3479 650 manus

1917 688 2036 733 tuas
2059 684 2376 739 commendo
2408 685 2653 750 spiritum
2685 701 2859 738 meum
2878 687 2945 740 '°.
2979 704 2996 736 ι
3031 685 3131 751 Qui
3157 686 3476 753 Apollinarii

1906 771 2216 838 Opinionem
2259 787 2579 843 sequuntur,
2635 777 2987 847 ejusdemque
3034 778 3317 832 sententia:
3347 776 3480 830 sub-

1909 865 2151 917 scribuut
2177 882 2189 928 ;
2220 866 2270 919 hi
2309 868 2560 934 templum
2619 868 2723 922 Deo
2757 869 2984 932 unitum,
3029 869 3273 921 iuanime
3299 883 3359 920 ac
3395 883 3483 919 ra-

1913 956 2056 1008 tione
2089 957 2408 1010 destitutulu
2459 958 2629 1013 fuisse
2660 960 3025 1012 contendunt:
3068 959 3160 1012 sed
3215 959 3343 1028 quid
3380 958 3488 1024 illis

1910 1049 2161 1110 obsecro,
2205 1049 2531 1115 respondere
2562 1060 2806 1118 possunt,
2835 1065 2956 1104 cum
2987 1061 3202 1103 sanctos
3248 1065 3475 1119 evange-

1911 1137 2063 1192 listas
2099 1138 2223 1191 talia
2266 1140 2330 1191 de
2372 1141 2612 1192 omnium
2665 1149 2910 1194 nostrum
2958 1140 3240 1193 Salvatore
3287 1140 3480 1193 litteris

1910 1228 2214 1295 prodidisse
2255 1229 2476 1296 legunt?
2499 1228 2629 1282 Nam
2676 1231 2836 1300 1'76
2867 1230 3037 1298 cujus,
3064 1245 3272 1298 quaeso,
3313 1229 3482 1283 tristi-

1911 1319 2020 1381 tim,
2077 1330 2169 1371 aut
2240 1334 2426 1374 eorum
2481 1320 2726 1373 omnium
2800 1337 2918 1388 qua:
2978 1331 3180 1374 metum
3228 1331 3479 1389 arguunt,

1912 1424 2121 1465 summa
2158 1411 2243 1464 illa
2294 1411 2580 1480 divinaque
2617 1413 2773 1465 Verbi
2822 1422 3012 1465 natura
3048 1412 3262 1466 tandem
3311 1428 3481 1479 rapax

1912 1512 2032 1554 esse
2053 1499 2259 1567 queat?
2287 1499 2454 1569 Major
2491 1510 2574 1553 est
2623 1502 2787 1564 enim,
2818 1515 2976 1568 quam
3013 1516 3132 1568 qua!
3177 1501 3483 1556 istiusmodi

1915 1590 2074 1643 rebus
2114 1589 2217 1643 ulla
2263 1601 2414 1658 parte
2460 1590 2620 1656 allici,
2671 1601 2763 1642 aut
2812 1591 2934 1644 ullis
2966 1591 3186 1645 omnino
3236 1592 3486 1645 humanis

1915 1681 2415 1748 perturbationibus
2463 1683 2791 1736 commoveri
2855 1681 3048 1734 valeat.
3104 1671 3168 1735 At
3243 1696 3371 1736 vero
3429 1681 3484 1734 in

1914 1787 2110 1840 corpus
2137 1788 2436 1841 sensusque
2465 1773 2770 1840 mentisque
2805 1789 3016 1841 expers,
3055 1774 3286 1826 tristitia:
3336 1773 3486 1826 dolo-

1914 1865 2054 1918 risve
2089 1879 2285 1919 sensus
2321 1864 2515 1919 cadere
2541 1879 2643 1916 nou
2697 1873 2872 1932 potest
2933 1882 2945 1917 :
2985 1864 3076 1917 sed
3113 1878 3285 1933 neque
3318 1865 3487 1918 mole-

1912 1957 2070 2010 stiam
2101 1957 2288 2020 ullam,
2324 1965 2416 2010 aut
2447 1956 2612 2010 ullum
2641 1957 2860 2009 omnino
2895 1969 3182 2009 mcerorem
3210 1969 3273 2008 ex
3308 1955 3487 2009 immi-

1912 2050 2154 2104 nentium
2249 2048 2717 2101 incommodorum
2803 2047 3118 2115 provisione
3215 2046 3486 2116 concipiet

1912 2140 2236 2208 aliquando;
2290 2137 2554 2208 ejusmodi
2599 2149 2802 2200 autem,
2863 2137 2988 2190 dum
3033 2151 3152 2205 qua:
3199 2138 3484 2205 praesentia

1914 2241 2061 2295 sunt,
2092 2241 2145 2286 et
2173 2231 2351 2286 adhuc
2380 2231 2560 2284 futura
2599 2231 2909 2297 trahuntur,
2947 2240 3126 2285 mente
3166 2240 3486 2300 pertractat,

1915 2325 2094 2378 anima
2133 2323 2358 2377 rationis
2403 2331 2458 2376 et
2487 2323 2858 2390 intelligentiae
2900 2335 3122 2388 compos
3163 2323 3272 2391 pati
3311 2321 3482 2377 solet:

1916 2417 1966 2468 id
1999 2418 2139 2484 quod
2176 2429 2383 2477 omnes,
2417 2423 2474 2466 ut
2507 2424 2655 2481 puto,
2692 2415 2948 2468 fatentur.
2988 2414 3267 2480 Quomodo
3305 2415 3488 2484 itaque

1915 2507 2235 2561 Emmanuel
2270 2508 2377 2560 ait:
2413 2525 2430 2556 ‹
2465 2503 2618 2559 Nunc
2663 2505 2842 2558 anima
2878 2519 2991 2557 mea
3033 2507 3244 2558 turbata
3302 2505 3424 2558 est?
3462 2523 3479 2555 ι

1916 2601 2186 2667 quomodo
2217 2600 2355 2652 idem
2393 2600 2592 2651 taedere
2635 2613 2697 2652 ac
2760 2607 2988 2653 incestus
3031 2610 3152 2650 esse
3183 2596 3364 2664 coepit,
3396 2605 3489 2647 aut

1915 2689 2124 2754 qualem
2157 2688 2373 2740 tandem
2406 2687 2654 2754 spiritum
2692 2687 2744 2739 in
2785 2703 2977 2740 manus
3004 2686 3178 2740 Patris
3211 2699 3488 2740 commen-

1915 2777 2081 2839 davit,
2113 2776 2155 2828 si
2193 2778 2292 2829 hoc
2327 2786 2382 2829 et
2411 2790 2438 2828 a
2465 2777 2748 2830 divinitate
2776 2791 2998 2844 prorsus
3026 2776 3259 2829 alienum
3298 2786 3400 2837 ρει,
3432 2783 3489 2827 et

1916 2883 1944 2920 a
1977 2881 2140 2920 carne
2165 2867 2276 2921 sola
2338 2868 2576 2921 inanima
2598 2869 2620 2921 ?
2644 2866 2994 2936 Perspicuum
3052 2879 3134 2922 est
3167 2883 3313 2936 ergo,
3350 2865 3488 2920 Uni-

1915 2956 2152 3022 geuitum
2176 2970 2406 3025 corpore
2433 2970 2733 3024 assumpto,
2753 2973 2857 3011 non
2888 2957 3102 3027 quidem
3129 2957 3217 3009 illo
3241 2956 3487 3020 inanimi,

1917 3056 2010 3100 aut
2056 3059 2237 3101 mente
2293 3048 2575 3111 destituto,
2625 3051 2718 3103 sed
2765 3051 2943 3103 anima
2992 3050 3201 3103 ratione
3240 3050 3484 3118 pra-dita,

241 3161 309 3210 τὰ
335 3159 426 3210 τοῦ
459 3159 589 3210 ἰδίου
619 3157 892 3226 σώματος,
922 3156 1065 3209 οὕτω
1095 3155 1189 3208 καὶ
1218 3153 1288 3206 τὰ
1315 3154 1412 3225 τῆς
1439 3154 1634 3224 ψυχῆς.
1669 3153 1815 3206 Ἔδει

1918 3140 2216 3210 eademque
2250 3141 2515 3210 perfecta,
2565 3141 2668 3194 hoc
2714 3151 2818 3207 est,
2853 3144 3035 3194 omnia
3085 3157 3203 3210 quae
3247 3143 3312 3193 ad
3347 3140 3488 3195 illius

242 3251 351 3318 γὰρ
377 3250 540 3301 αὑτὸν
572 3250 660 3302 διὰ
692 3249 890 3311 παντὸς
919 3247 1147 3317 ὁρᾶσθαι
1194 3246 1518 3318 πράγματος
1552 3244 1816 3316 σαρκικοῦ

242 3342 337 3393 καὶ
363 3340 596 3410 ψυχικοῦ
630 3340 694 3392 δι’
726 3341 870 3409 ἡμᾶς
897 3349 918 3376 ³
950 3338 1235 3407 γεγονότος
1274 3341 1320 3393 ⁸.
1387 3338 1585 3408 Ἐσμὲν
1627 3337 1683 3389 δὲ
1723 3337 1819 3390 καὶ

240 3435 404 3504 ἡμεῖς
434 3434 499 3484 ἐκ
530 3431 708 3501 ψυχῆς
732 3431 957 3500 λογικῆς
995 3448 1052 3483 τε
1083 3431 1176 3484 καὶ
1217 3430 1486 3500 σώματος.
1522 3431 1730 3501 Ὠσπερ
1761 3430 1818 3483 δὲ

240 3524 600 3596 οἰκονομικῶς
645 3524 1035 3593 συγκεχώρηκε
1063 3527 1130 3593 τῇ
1166 3524 1272 3594 ἰδίᾳ
1308 3524 1474 3592 σαρκὶ
1501 3523 1594 3575 καὶ
1622 3523 1817 3574 παθεῖν

244 3619 353 3672 ἔσθ’
383 3619 472 3672 ὅτε
524 3617 590 3670 τὰ
622 3616 729 3670 ἴδια
755 3655 768 3678 ,
799 3617 942 3667 οὕτω
974 3613 1134 3669 πάλιν
1166 3615 1259 3667 καὶ
1303 3617 1366 3683 τῇ
1401 3613 1545 3682 ψυχῇ
1584 3611 1818 3681 συνεχώ-

248 3727 378 3781 ρησε
410 3709 478 3762 τὰ
505 3710 679 3761 οἰκεῖα
712 3706 919 3760 παθεῖν·
957 3705 1051 3758 καὶ
1079 3705 1138 3758 τὺ
1170 3705 1268 3774 τῆς
1309 3703 1590 3765 κενώσεως
1620 3702 1817 3771 μέτρον

243 3805 513 3874 τετήρηκε
540 3800 810 3872 πανταχοῦ
833 3839 850 3864 ,
887 3799 1064 3852 καίτοι
1090 3797 1220 3861 Θεὸς
1249 3796 1324 3850 ὣν
1346 3796 1502 3866 φύσει
1520 3834 1534 3859 ,
1558 3794 1652 3848 καὶ
1678 3792 1818 3863 ὑπὲρ

247 3895 428 3947 πᾶσαν
457 3893 556 3963 τὴν
602 3894 800 3945 κτίσιν.
835 3891 1198 3962 Παρατίθεται
1231 3889 1287 3942 δὲ
1331 3888 1392 3941 τὸ
1440 3887 1569 3940 ἴδιον
1605 3884 1818 3955 πνεῦμα

246 3984 323 4055 τῷ
354 3984 474 4052 Θεῷ
518 3983 612 4036 καὶ
655 3983 865 4051 Πατρὶ,
897 3984 1151 4040 τουτέστι,
1189 3982 1289 4053 τὴν
1342 3979 1633 4034 ὲνωοεῖσαν
1675 3975 1819 4046 αὐτῷ

245 4075 444 4147 ψυχὴν,
484 4075 568 4126 ἵνα
599 4076 745 4144 ἡμᾶς
778 4075 869 4125 καὶ
899 4075 986 4126 διὰ
1027 4073 1216 4126 τούτου
1260 4072 1422 4124 πάλιν
1462 4069 1816 4138 εὐεργετήσῃ.

245 4168 420 4221 Πάλαι
451 4165 548 4236 μὲν
574 4169 684 4236 γὰρ
710 4165 1178 4235 ἀπαλλαττόμεναι
1199 4163 1307 4216 τῶν
1332 4160 1600 4231 σωμάτων
1623 4161 1682 4212 ἐν
1709 4161 1820 4222 τοῖς

248 4260 353 4313 ὑπὸ
376 4258 537 4330 χθόνα
571 4259 760 4328 μυχοῖς
784 4259 840 4310 al
866 4257 972 4309 τῶν
1006 4255 1308 4327 ἀνθρώπων
1337 4253 1505 4322 ψυχαὶ
1539 4250 1818 4319 κατεπέμ-

247 4364 440 4412 ποντο,
470 4345 772 4415 πληροῦσαι
811 4345 879 4398 τὰ
908 4343 1002 4396 τοῦ
1047 4343 1278 4397 θανάτου
1308 4343 1550 4410 ταμιεῖα.
1603 4339 1820 4409 Ἐπειδὴ

247 4440 302 4492 δὲ
333 4440 566 4509 Χριστὸς
591 4438 652 4490 τὸ
679 4437 807 4489 ἴδιον
839 4436 1064 4507 Πνεῦμα
1095 4435 1366 4506 παρέθετο
1387 4434 1464 4503 τῷ
1484 4433 1694 4502 Πατρὶ,
1729 4433 1822 4485 καὶ

1921 3231 2183 3285 rationem
2209 3231 2504 3300 pertinent,
2539 3233 2751 3298 sortita,
2787 3231 3058 3288 viviﬁcato
3083 3245 3139 3287 et
3173 3233 3482 3298 informata,

1920 3318 2192 3373 hominem
2232 3318 2432 3374 factum
2479 3335 2616 3375 esse.
2674 3321 2742 3376 Et
2803 3323 3251 3391 quemadmodum
3303 3324 3484 3377 omnia

1919 3426 2035 3480 qua:
2080 3412 2160 3467 sui
2190 3413 2430 3481 corporis
2457 3422 2581 3466 sunt
2621 3415 2721 3467 sibi
2776 3414 3018 3477 ascribit,
3059 3416 3128 3468 ita
3174 3425 3230 3468 et
3270 3429 3331 3468 ea
3368 3429 3488 3483 quae

1918 3504 1984 3557 ad
2011 3503 2244 3558 animam
2272 3511 2540 3569 spectant.
2588 3503 2818 3558 Necesse
2859 3506 3001 3558 enim
3058 3505 3158 3558 fuit
3191 3516 3248 3559 ut
3281 3507 3333 3560 iu
3369 3522 3488 3560 om-

1919 3593 2102 3656 nibus,
2137 3594 2250 3647 sive
2286 3609 2348 3645 ea
2387 3594 2452 3646 ad
2480 3593 2738 3657 animam,
2772 3593 2886 3647 sive
2919 3593 2986 3646 ad
3015 3608 3209 3662 corpus
3247 3604 3486 3662 pertine-

1918 3693 2060 3748 rent,
2101 3685 2255 3738 nobis
2284 3685 2698 3738 assimilaretur.
2729 3685 3054 3740 Constamus
3089 3693 3270 3741 autem
3298 3695 3348 3740 et
3390 3701 3488 3740 nos

1917 3789 1980 3828 ex
2017 3774 2196 3829 anima
2224 3777 2470 3830 rationali
2503 3786 2559 3830 et
2589 3791 2833 3845 corpore.
2873 3777 3236 3843 Quamobrem
3265 3786 3323 3830 ut
3345 3792 3497 3832 non-7

1918 3879 2190 3933 nunquam
2218 3869 2447 3936 propriae
2481 3867 2630 3922 carni
2663 3882 2726 3921 ea
2757 3869 2873 3936 pati
2937 3867 3332 3933 dispensatorie
3359 3881 3487 3938 per-

1919 3959 2163 4013 mittebat
2229 3973 2351 4027 qua:
2399 3960 2576 4014 carnis
2630 3969 2756 4014 sunt
2813 3961 3069 4030 propria,
3127 3960 3209 4014 ita
3251 3961 3486 4014 animam

1919 4065 2014 4105 sua
2039 4066 2254 4120 quoque
2277 4053 2384 4119 pati
2413 4051 2680 4121 permisit.
2711 4051 2952 4122 Denique
2978 4050 3100 4105 licet
3128 4061 3323 4106 natura
3348 4051 3491 4106 Deus

1919 4153 2082 4206 esset,
2105 4145 2361 4212 omnique
2386 4153 2634 4197 creatura
2653 4144 2920 4212 superior,
2949 4158 3068 4212 qua:
3099 4151 3276 4197 tamen
3299 4145 3489 4197 exina-

1921 4235 2144 4288 nitionis
2197 4244 2373 4300 erant,
2431 4249 2493 4288 ea
2548 4249 2764 4303 semper
2832 4245 3089 4290 accurate
3157 4235 3488 4289 observavit.

1921 4325 2090 4379 Porro
2133 4335 2310 4378 autem
2357 4325 2604 4394 Spiritum
2640 4342 2819 4390 suum,
2851 4325 2951 4380 hoc
2974 4336 3077 4392 est,
3119 4327 3354 4382 animum
3387 4327 3490 4381 sibi

1922 4419 2151 4483 unitam,
2190 4417 2298 4471 Deo
2327 4431 2380 4470 et
2416 4416 2560 4470 Patri
2601 4419 2965 4482 commendat,
2999 4427 3057 4470 ut
3083 4432 3220 4472 novo
3275 4431 3490 4472 rursum

246 4508 450 4602 ταύτην
493 4530 626 4599 ἡμῖν
672 4527 974 4582 ἐνεκαίνισε
1019 4529 1118 4596 τὴν
1163 4526 1296 4579 ὁδόν.
1339 4522 1672 4592 Βαδιούμεθα
1715 4521 1822 4591 γὰρ

1926 4509 2188 4563 bcnclicio
2233 4524 2327 4576 per
2365 4510 2466 4562 hoc
2514 4522 2612 4562 nos
2648 4508 2904 4562 cumulet.
2941 4508 3220 4574 Quondam
3260 4523 3493 4577 namque

246 4625 347 4677 οὐκ
375 4626 454 4685 εἰς
495 4620 623 4691 ᾇδου
656 4619 850 4684 ποθὲν,
883 4618 1126 4688 ἑψόμεθα
1171 4616 1228 4668 δὲ
1278 4613 1498 4685 μᾶλλονο
1544 4613 1639 4665 καὶ¹
1678 4611 1818 4663 κατὰ

246 4716 404 4769 τοῦτο
441 4713 590 4782 αὐτῷ
617 4713 696 4781 τῷ
739 4711 917 4781 πιστῷ
947 4711 1144 4782 κτίστῃ
1163 4709 1260 4772 τὰς
1282 4707 1492 4760 ἑαυτῶν
1526 4703 1821 4774 παρατιθέ-

252 4826 402 4878 μενοι
431 4807 607 4877 ψυχὰς
628 4846 643 4871 ,
671 4805 727 4857 ὲν
753 4803 965 4856 ἐλπίσιν
994 4803 1162 4870 ἐσμὲν
1206 4799 1434 4861 ἀγαθαῖς
1452 4814 1464 4826 ·
1510 4799 1692 4865 ἐγερεῖ
1719 4796 1826 4865 γὰρ

249 4900 496 4963 ἅπαντας
522 4901 551 4953 ό
576 4895 827 4959 Χριστός.

1933 4603 2182 4657 humanae
2209 4601 2400 4655 animae
2445 4599 2764 4667 corporibus
2789 4610 2967 4653 exuta
3000 4599 3065 4652 ad
3111 4601 3492 4654 subterraneos

1932 4707 2180 4746 Carcercs
2231 4690 2670 4753 demittebantur,
2724 4689 2915 4742 mortis
2978 4688 3316 4758 receptacula
3386 4689 3494 4744 illic

1925 4784 2259 4850 impletum:
2294 4791 2349 4833 at
2402 4796 2525 4834 veru
2561 4792 2911 4847 posteaquam
2959 4778 3209 4833 Christus
3246 4779 3493 4848 spiritum

1924 4890 2080 4928 suum
2114 4874 2166 4926 in
2231 4888 2423 4926 manus
2469 4871 2648 4925 Patris
2689 4871 3106 4934 commendavit,
3151 4870 3312 4924 etiam
3359 4871 3498 4925 hanc

1928 4969 2068 5020 viam
2103 4965 2257 5020 nobis
2289 4962 2734 5019 demutavit.Nec
2765 4964 2907 5017 enim
2946 4979 3086 5016 nunc
3120 4961 3497 5017 descendimus

257 5081 323 5132 ad
362 5079 584 5137 inferos.
619 5076 710 5132 sed
740 5075 932 5130 ducem
966 5079 1210 5126 nostrum
1239 5080 1378 5136 pone
1426 5064 1830 5131 subsequimur,
1873 5059 2177 5126 animisque
2196 5055 2668 5112 nostrisilliveluti
2693 5054 2799 5108 lido
2855 5051 3125 5107 conditori
3166 5052 3494 5118 commissis,

257 5170 521 5233 tantiSper
546 5168 686 5221 bona
714 5181 808 5234 spe
833 5165 1067 5218 vivimus
1097 5159 1272 5227 quoad
1296 5155 1547 5210 Christus
1579 5154 1860 5207 universos
1902 5148 2120 5203 tandem
2155 5149 2220 5202 ad
2253 5150 2415 5201 vitam
2443 5147 2740 5200 revocabit.

326 5259 467 5324 NG".
517 5275 533 5305 ι
566 5255 762 5318 Καθὼς
787 5253 1068 5309 ἀπέστειλέ
1105 5268 1171 5322 με
1218 5251 1245 5302 ὁ
1274 5247 1381 5312 ζῶν
1412 5247 1620 5315 Πατὴρ,
1666 5241 1822 5310 κάγὼ

254 5350 330 5414 ζῶ
360 5349 444 5402 διὰ
477 5347 568 5398 τὸν
602 5346 852 5415 Πατέρα·
884 5347 976 5399 καὶ
1012 5348 1040 5398 ὁ
1067 5344 1294 5414 τρώγων
1327 5357 1416 5411 με,
1447 5339 1692 5398 κάκεῖνος
1722 5335 1822 5406 ζή-

258 5451 392 5493 σειιι
438 5437 503 5491 δι’
537 5435 655 5506 ἐμέ.
683 5454 701 5488 ι
759 5435 961 5497 ’Πδέως
1011 5436 1078 5489 ἂν
1129 5434 1408 5502 ἐπυθόμην
1449 5433 1556 5484 τῶν
1603 5431 1682 5492 εις
1732 5428 1824 5481 δύο

352 5580 373 5610 ⁹
397 5574 588 5631 Matth.
620 5589 768 5640 xxvr,
797 5571 888 5628 27.
965 5571 1012 5602 '°
1048 5569 1176 5623 Luc.
1209 5583 1388 5631 utin,
1420 5567 1512 5622 46.

2006 5238 2141 5293 LVI.
2178 5257 2195 5289 ι
2236 5238 2385 5293 Sicut
2413 5239 2559 5291 misit
2587 5250 2673 5287 me
2709 5235 2892 5287 vivens
2923 5231 3104 5299 Pater,
3133 5244 3186 5288 et
3209 5248 3306 5304 ego
3338 5233 3494 5302 177

1931 5333 2054 5388 vivo
2080 5342 2299 5401 propter
2327 5328 2540 5380 Patrem
2577 5342 2591 5378 :
2625 5335 2678 5377 et
2713 5325 2803 5394 qui
2828 5327 3123 5381 manducat
3152 5342 3261 5388 me.
3296 5336 3352 5379 et
3380 5326 3495 5393 ipse

1931 5425 2075 5480 vivet
2117 5430 2334 5491 propter
2371 5433 2456 5473 me
2484 5417 2550 5470 ".
2592 5434 2609 5468 ι
2643 5414 2901 5474 Libenter
2952 5418 3038 5475 hic
3069 5432 3161 5474 cos
3193 5417 3495 5486 interroga-

1589 5568 1632 5599 ⁸¹
1662 5566 1818 5620 Joan.
1845 5578 1918 5626 vr,
1944 5564 1994 5617 5.

1360 5681 1532 5734 Varia:
1567 5682 1829 5735 lectiones
1866 5676 2069 5732 codicis
2103 5675 2462 5746 Seguieriani.

336 5819 360 5849 τ
385 5813 768 5882 παρατίθεμαι.
853 5819 872 5846 ⁸
914 5809 1027 5864 καθ’
1057 5807 1220 5878 quax
1305 5805 1320 5840 ί
1351 5800 1630 5871 γεγονότα.

1711 5807 1735 5834 υ
1774 5799 2010 5871 ζήσεται.
