4092 6334
604 383 745 439 ’415

1595 379 1653 433 S.
1694 376 1969 434 CVRILLI
2010 376 2477 433 ALEXANDRINI
2516 375 2838 433 ARCHIEP.

3704 372 3841 429 1M6

600 517 740 563 rem,
770 502 859 569 qui
908 514 1071 555 unum
1116 500 1397 555 Christum
1442 498 1499 553 in
1536 497 1672 552 duos
1725 497 1993 559 dividunt,
2026 506 2163 549 uter-

2281 490 2548 568 Χριστοὺς
2591 497 2933 568 διοριζὸντων
2966 496 3056 549 τὸν
3086 496 3183 549 ἕνα
3207 510 3221 525 ⁸
3258 494 3353 558 Τίς
3401 493 3465 563 δὴ
3501 492 3608 563 ἄρα
3639 492 3785 547 ἐστὶν
3817 494 3849 545 6

601 609 725 647 nam
751 592 837 647 ille
866 592 1046 662 sitqui
1076 606 1104 645 a
1134 592 1241 647 Deo
1258 592 1419 645 Patre
1453 590 1672 655 missus,
1698 599 1917 658 propter
1957 588 2170 642 Patrem

598 677 754 741 vivit,
787 686 840 731 et
866 677 935 732 ob
964 677 1016 733 id
1046 677 1293 732 viviﬂcus
1317 675 1576 731 exsistit?
1626 675 1759 729 Nam
1798 676 1840 728 si
1876 674 2018 729 illius
2048 673 2175 729 Ver-

600 773 726 824 bum
764 771 962 823 nudum
993 784 1089 840 per
1114 785 1173 825 se
1200 769 1435 835 positum
1459 782 1581 824 esse
1618 768 1826 833 dicunt,
1878 766 2172 837 quomodo,

600 877 804 929 qumso,
835 860 962 915 illud
992 875 1021 915 a
1048 862 1222 925 nobis,
1258 870 1315 914 ut
1345 861 1592 914 vivamus
1631 875 1726 927 per
1767 860 1922 925 illud,
1953 858 2174 912 mandu-

600 954 799 1008 catur?
832 952 965 1007 Nam
989 953 1245 1008 divinitas
1272 962 1464 1020 suapte
1496 961 1687 1005 natura
1709 965 1937 1020 corpore
1961 950 2173 1018 penitus

600 1054 779 1098 vacat.
823 1044 880 1098 Si
924 1054 1105 1097 autem
1157 1042 1431 1096 hominem
1469 1052 1681 1097 tantum
1706 1057 1801 1111 per
1832 1056 1891 1095 se
1924 1055 2168 1095 seorsum

598 1138 946 1200 conceptum,
999 1132 1226 1185 missum
1275 1140 1631 1193 asseverant,
1676 1129 1946 1198 quomodo
1996 1130 2171 1183 viviti-

597 1222 753 1277 candi
787 1222 893 1275 vim
943 1234 1011 1277 ex
1062 1237 1125 1275 eo
1168 1223 1351 1288 habet,
1393 1223 1518 1291 quia
1554 1223 1717 1276 vitam
1748 1236 1811 1275 ex
1841 1220 2001 1276 Patre
2033 1222 2171 1276 obti-

598 1313 739 1366 net?
785 1312 983 1369 Annon
1044 1328 1237 1367 omnes
1274 1324 1542 1382 quotquot
1594 1314 1645 1367 in
1693 1314 1853 1369 terris
1904 1314 2167 1382 (legimus,

596 1399 707 1456 Deo
742 1411 798 1457 et
846 1400 1012 1456 Patre
1060 1417 1158 1456 nos
1206 1404 1541 1469 viviﬁcante,
1579 1405 1744 1457 vitam
1778 1403 2031 1474 agimus?
2056 1404 2170 1458 An~

594 1502 703 1541 non
756 1506 774 1539 ι
818 1490 872 1541 In
909 1488 1029 1558 ipso
1067 1490 1320 1553 vivimus,
1368 1505 1652 1544 movemur
1689 1501 1742 1545 et
1786 1506 1972 1547 sumus
1999 1491 2091 1545 "?
2137 1509 2157 1544 ι

593 1578 730 1632 Cum
780 1594 909 1649 ergo
951 1596 1142 1635 omnes
1184 1596 1279 1649 per
1316 1581 1534 1637 Patrem
1590 1583 1857 1650 vivamus,
1899 1585 2170 1654 quomodo

596 1671 755 1723 unius
801 1680 1009 1724 tantum
1075 1672 1311 1725 hominis
1357 1687 1553 1740 corpus
1594 1688 1656 1728 ea
1700 1674 1768 1727 de
1802 1690 1961 1727 causa
1997 1674 2170 1727 viviﬁ-

594 1772 713 1811 cum
740 1759 1114 1826 prmdicatur?
1147 1761 1257 1818 Cur
1281 1768 1467 1814 nostra
1514 1778 1729 1830 quoque
1776 1778 2003 1831 corpora
2030 1778 2169 1816 eam-

2276 588 2688 659 ἀπεσταλμένος
2730 589 2880 660 παρά
2910 588 3005 642 τοῦ
3044 587 3178 641 Θεοῦ
3216 587 3309 640 καὶ
3340 584 3572 656 Πατρός,
3607 585 3701 637 καὶ
3736 585 3848 648 ζῶν

2274 681 2341 733 δι’
2366 681 2547 746 αὐτὸν,
2580 681 2838 751 ὑπάρχων
2882 698 2942 733 τε
2986 680 3075 733 διά
3118 679 3282 733 τοῦτο
3326 678 3617 744 ζωοποιόςς
3649 678 3711 731 Εἰ
3748 678 3852 748 μὲν

2274 769 2366 825 οὖν
2405 772 2609 843 γυμνὸς
2636 772 2732 826 καὶ
2774 772 2896 825 καθ’
2924 773 3119 825 ἑαυτὸν
3144 774 3172 825 6
3213 771 3272 837 ἐξ
3310 770 3476 824 αὑτοῦ
3508 771 3698 838 Λόγος,
3730 768 3851 832 πῶς

2276 858 2515 913 ἐσθίεται
2556 860 2693 929 πρὸς
2740 860 2920 930 ἡμῶν,
2967 860 3055 913 ἳνα
3089 859 3341 930 ζήσωμεν
3370 859 3434 911 δι’
3471 859 3668 922 αὑτόν;
3700 856 3852 912 ἀσώ-

2276 968 2446 1022 ματον
2478 952 2586 1020 γὰρ
2614 955 2681 1022 τῇ
2711 952 2869 1020 φύσει
2901 953 2963 1005 τὸ
2990 953 3162 1007 Θείον.
3195 953 3259 1005 Ei
3295 951 3352 1003 δὲ
3388 952 3545 1021 μόνον
3586 952 3681 1003 καὶ
3722 951 3849 1003 καθ’

2272 1044 2464 1097 ἑαυτὸν
2503 1043 2790 1115 ἄνθρωπον
2815 1037 2953 1097 εἷναί
2983 1062 3113 1113 φασι
3143 1046 3233 1098 τὸν
3262 1042 3692 1113 ἀπεσταλμένον,
3726 1042 3849 1105 πῶς

2271 1135 2379 1207 ἄρα
2414 1135 2531 1188 ἐστὶ
2570 1135 2847 1200 ζωοποιὸς,
2879 1136 2960 1189 ὅτι
3005 1136 3070 1205 ζῇ
3115 1136 3203 1190 διὰ
3232 1137 3321 1189 τὸν
3362 1135 3620 1204 Πατέρα;
3652 1133 3847 1187 Καίτοι

2272 1227 2389 1290 πῶς
2427 1227 2526 1297 οὐχ
2563 1228 2801 1291 ἅπαντες
2842 1230 2891 1280 οἱ
2929 1229 3022 1281 ἐπὶ
3068 1228 3167 1297 τῆς
3204 1218 3307 1297 γῆς
3351 1228 3408 1279 ὲν
3442 1225 3608 1290 ζῶσίν
3656 1226 3847 1291 ἐσμεν,

2271 1313 2657 1380 ζωοποιοῦντος
2704 1316 2799 1369 τοῦ
2851 1316 2985 1370 Θεοῦ
3042 1317 3135 1369 καὶ
3185 1316 3400 1386 Πατρὸς
3444 1309 3627 1385 ἡμᾶς,
3687 1311 3847 1382 εἴπερ

2272 1406 2424 1458 ἐστὶν
2453 1405 2652 1476 ἀληθὲς
2672 1443 2686 1469 ,
2717 1405 2801 1458 ὅτι
2837 1423 2855 1456 ι
2886 1405 3074 1474 Ζῶμεν
3102 1407 3161 1458 ὲν
3189 1404 3362 1473 αὐτῷ,
3399 1405 3492 1457 καὶ
3524 1401 3848 1471 κινούμεθα,

2271 1500 2364 1554 καὶ
2401 1499 2599 1570 ὲσμέν;
2633 1516 2650 1548 ι
2702 1498 2831 1551 Ὅτε
2880 1497 3057 1551 τοίνυν
3106 1496 3289 1566 ζῶμεν
3336 1496 3573 1558 ἅπαντες
3620 1494 3708 1547 διὰ
3752 1492 3849 1544 τὸν

2270 1588 2509 1660 Πατέρα,
2542 1588 2656 1650 πῶς
2690 1587 2754 1658 δὴ
2791 1587 2951 1657 μόνον
2983 1586 3044 1638 τὸ
3092 1584 3211 1647 ἑνὸς
3253 1582 3541 1656 ἀνθρώπου
3579 1581 3738 1651 σῶμα
3785 1581 3850 1633 τὸ

2271 1682 2457 1735 ποιοῦν
2492 1683 2606 1734 ἐστι
2638 1680 2817 1745 τοῦτο,
2844 1679 2942 1731 καί⁸
2966 1676 3088 1747 οὐχὶ
3131 1676 3330 1747 μᾶλλον
3369 1677 3470 1746 τὴν
3499 1675 3667 1745 αὐτὴν
3695 1674 3849 1743 ἐνέρ-

2270 1791 2425 1841 γειαν
2469 1773 2582 1843 ἔχει
2621 1775 2717 1825 καὶ
2748 1772 2815 1825 τὰ
2846 1772 3070 1842 ἐτέρων,
3105 1770 3261 1839 είπερ
3295 1768 3550 1832 ἅπαντες,
3580 1767 3654 1830 ὡς
3684 1765 3844 1834 ἔφην,

595 1851 713 1903 dem
766 1860 1091 1918 potestatem
1157 1853 1347 1918 adepta
1403 1852 1628 1906 minime
1672 1863 1839 1915 sunt,
1902 1854 2163 1922 siquidem

2272 1864 2440 1934 ἐσμέν
2471 1880 2528 1916 τε
2578 1865 2673 1916 καὶ
2703 1862 2888 1933 ζῶμεν
2916 1861 3005 1914 διὰ
3045 1860 3137 1914 τὸν
3183 1860 3440 1931 Πατέρα;
3471 1859 3536 1912 Τί
3570 1854 3663 1912 οὖν
3708 1857 3847 1928 πρὸς

590 1953 799 2004 omnes,
852 1951 908 1991 ut
950 1939 1089 2002 dixi,
1146 1957 1242 2010 per
1295 1940 1511 1995 Patrem
1565 1942 1798 1997 vivimus
1843 1952 1897 1997 et
1942 1945 2167 1998 sumus?

594 2030 798 2099 Ecquid
840 2046 971 2101 ergo
1018 2034 1086 2085 ad
1136 2035 1251 2087 haec
1280 2033 1561 2087 dicemus?
1602 2032 1695 2089 Dei
1751 2034 2012 2101 Verbum,
2043 2051 2164 2090 cum

591 2124 645 2176 in
683 2124 915 2177 humana
972 2124 1146 2179 forma
1188 2128 1469 2194 apparuit,
1507 2126 1785 2196 apostolus
1812 2126 1933 2195 fuit,
1958 2129 2059 2183 hoc
2085 2136 2168 2182 est

592 2213 810 2266 missus.
841 2231 859 2263 ι
895 2213 1117 2269 Missum
1152 2227 1237 2271 est
1272 2217 1414 2270 enim
1449 2217 1516 2271 ad
1559 2218 1959 2286 praedicandum
1984 2220 2160 2288 capti-

590 2304 670 2356 vis
725 2304 1128 2370 remissionem,
1178 2317 1233 2361 et
1261 2308 1421 2362 caecis
1460 2308 1635 2362 visum
1662 2308 1727 2361 ³³.
1763 2326 1782 2360 ι
1817 2308 1959 2364 Vivit
1982 2319 2163 2363 autem

591 2405 812 2463 propter
840 2396 1081 2463 Patrem,
1116 2399 1241 2467 quia
1268 2413 1337 2453 ex
1366 2399 1581 2454 vivente
1602 2398 1765 2453 Patre
1794 2400 2035 2469 genitum
2056 2412 2162 2455 est.

591 2485 843 2554 Oportuit
873 2488 1019 2542 enim
1064 2490 1243 2543 modis
1273 2490 1525 2544 omnibus
1562 2504 1688 2543 eum
1725 2490 1889 2543 vitam
1922 2505 2042 2545 esse
2074 2505 2162 2545 se-

589 2574 825 2626 cundum
852 2586 1124 2640 naturam,
1161 2579 1253 2646 qui
1284 2594 1348 2632 ex
1377 2578 1591 2632 vivente
1616 2589 1672 2633 et
1705 2580 1813 2633 vita
1849 2581 1957 2634 Deo
2002 2580 2167 2636 Patre

589 2676 768 2715 ortum
812 2662 1065 2717 ducebat.
1131 2665 1399 2731 Quoniam
1450 2679 1581 2721 vero
1631 2681 1833 2736 corpus
1891 2683 1957 2723 ex
2009 2684 2163 2724 sacra

595 2748 817 2820 Virgine
846 2760 1123 2822 sumptum
1162 2755 1266 2809 sibi
1297 2756 1512 2821 ascivit,
1546 2756 1674 2811 fecit
1707 2758 1835 2812 illud
1865 2759 2163 2826 vivilicum,

588 2853 644 2897 et
682 2843 733 2897 id
763 2844 981 2913 quidem
1013 2846 1303 2902 admodum
1339 2864 1576 2919 congrue
1605 2850 1628 2903 ?
1667 2850 1762 2906 Est
1784 2852 1929 2905 enim
1964 2867 2163 2921 corpus

588 2935 714 2988 vita:
751 2936 933 2990 omnia
977 2936 1323 2994 viviﬁcantis.
1364 2939 1470 2995 Fas
1498 2941 1683 3012 itaque
1714 2957 1819 2998 non
1852 2954 1934 2997 est
1997 2960 2162 2999 unum

514 3051 518 3055 -
592 3023 788 3078 Filium
840 3036 896 3080 et
942 3025 1220 3084 Christum
1265 3040 1321 3084 et
1378 3031 1663 3087 Dominum
1720 3033 1775 3088 in
1827 3036 1963 3091 duos
2024 3035 2163 3090 lilios

590 3120 920 3186 dispertire:
960 3120 1228 3190 siquidem
1285 3124 1426 3179 idem
1483 3125 1600 3193 ipse
1652 3135 1705 3178 et
1751 3128 1856 3179 vita
1885 3137 1989 3187 est.
2021 3143 2162 3195 quo-

2270 1952 2443 2007 ταῦτά
2477 1970 2698 2023 φαμεν;
2739 1952 3055 2016 Ἀπόστολος
3084 1953 3487 2022 κεχρημάτικεν
3510 1952 3539 2003 6
3573 1950 3666 2004 τοῦ
3708 1948 3846 2002 Θεοῦ

2269 2044 2457 2113 Λόγος,
2488 2047 2549 2098 ὲν
2574 2044 2889 2116 ἀνθρωπεία
2927 2045 3107 2115 μορφῇ
3148 2043 3401 2113 πεφηνώς
3427 2060 3441 2075 ·
3478 2062 3497 2096 ι
3538 2043 3849 2113 Ἀπεστάλῃ

2267 2138 2374 2210 γὰρ
2422 2137 2655 2211 κηρύξαι
2696 2147 2724 2176 ν
2773 2136 3137 2207 αἰχμαλώτοις
3196 2138 3420 2206 ἄφεσιν,
3469 2136 3563 2189 καὶ
3621 2134 3847 2203 τυφλοῖς

2266 2230 2581 2301 ἀνάϐλεψιν.
2607 2249 2626 2283 ι
2663 2232 2738 2302 Ζῇ
2769 2230 2826 2283 δὲ
2850 2229 2938 2283 διὰ
2972 2228 3061 2283 τὸν
3092 2228 3311 2298 Πατέρα
3332 2244 3346 2258 ⁸
3381 2227 3701 2295 γεγέννηται
3732 2226 3855 2295 γάρ

2268 2323 2332 2375 ὲκ
2371 2322 2572 2387 ζῶντος
2610 2321 2843 2393 Πατρός.
2876 2320 3023 2373 Ἔδει
3068 2320 3212 2392 γὰρ,
3259 2320 3367 2373 ἔδει
3416 2318 3593 2388 πάντη
3638 2334 3699 2371 τε
3745 2318 3847 2370 καὶ

2269 2415 2485 2477 πάντως
2525 2413 2666 2467 κατὰ
2701 2413 2861 2482 φύσιν
2883 2410 3021 2466 εἶναι
3056 2413 3200 2484 ζωὴν
3226 2412 3316 2465 τὸν
3341 2412 3407 2463 ὲκ
3430 2409 3628 2475 ζῶντός
3657 2426 3717 2461 τε
3749 2408 3848 2460 καὶ

2268 2503 2415 2573 ζωῆς
2442 2504 2536 2557 τοῦ
2558 2504 2690 2557 Θεοῦ
2716 2505 2807 2557 καὶ
2833 2505 3043 2574 Πατρὸς
3070 2503 3421 2573 ἐκπεφυκότα
3444 2502 3591 2555 Υἰόν.
3626 2500 3848 2571 Ἐπειδὴ

2267 2595 2324 2647 δὲ
2354 2594 2483 2647 ίδιον
2524 2595 2816 2664 ἐποιήσατο
2845 2595 2908 2647 τὸ
2948 2595 3107 2663 σῶμα
3146 2593 3207 2645 τὸ
3246 2594 3311 2645 ὲκ
3341 2594 3439 2660 τῆς
3489 2592 3648 2659 ἁγίας
3691 2594 3846 2662 Παρ-

2268 2683 2421 2737 θένου
2451 2683 2679 2756 ληφθὲν,
2710 2682 2971 2748 ζωοποιὸν
2996 2683 3278 2753 ἀπέφηνεν
3303 2682 3433 2735 αὐτὸ
3472 2682 3566 2735 καὶ
3600 2681 3739 2751 μάλα
3768 2683 3849 2735 εί-

2266 2776 2470 2839 κότως·
2506 2774 2665 2846 σῶμα
2698 2776 2806 2846 γάρ
2857 2775 2972 2827 ἐστι
3004 2773 3105 2845 τῆς
3147 2774 3215 2828 τά
3247 2774 3424 2828 πάντα
3471 2773 3847 2843 ζωογονούσης

2266 2866 2431 2936 ζωῆς.
2464 2866 2675 2919 Οὐκοῦν
2717 2868 2777 2919 οὑ
2810 2865 3107 2935 διαιρετέον
3156 2866 3237 2929 εἰς
3272 2866 3420 2928 υἱοὺς
3471 2866 3564 2919 δύο
3607 2866 3701 2917 τὸν
3745 2867 3847 2917 ’ἐνα

2266 2956 2395 3008 Υίὸν
2436 2956 2529 3007 καί¹
2562 2956 2795 3024 Χριστὸν
2844 2957 2939 3009 καὶ
2973 2955 3197 3027 Κύριον.
3244 2956 3418 3026 Εἴπερ
3449 2956 3595 3008 ἐστὶν
3627 2957 3655 3007 6
3681 2956 3846 3017 αὐτὸς

2268 3046 2382 3116 ζωὴ
2420 3047 2519 3116 μὲν
2563 3046 2635 3109 ὡς
2676 3050 2740 3099 ὲκ
2773 3046 2917 3116 ζωῆς
2952 3049 3044 3099 καὶ
3077 3046 3276 3109 ζῶντος
3312 3047 3546 3116 Πατρὺς,
3583 3045 3847 3110 (mortem;

2268 3134 2325 3187 δὲ
2356 3138 2450 3189 καὶ
2480 3137 2569 3189 διὰ
2593 3136 2688 3189 τοῦ
2721 3136 2850 3189 ἰδίου
2886 3136 3156 3206 σώματος,
3184 3137 3260 3199 ὡς
3290 3137 3407 3189 καθ’
3428 3138 3575 3207 ἡμᾶς
3607 3137 3847 3205 γεγονὼς

591 3212 735 3265 niam
788 3226 855 3266 ex
912 3213 1021 3265 vita
1072 3215 1396 3283 viventeque
1443 3214 1603 3269 Patre
1657 3228 1814 3272 natus
1848 3226 1949 3281 est,
1983 3229 2036 3273 et
2071 3235 2163 3287 per

2272 3227 2369 3280 καὶ
2394 3227 2820 3299 ὲνανϐρωπησας
2854 3198 3003 3291 Θεός.

590 3302 867 3371 proprium
898 3318 1098 3373 corpus
1133 3320 1352 3359 rursum
1392 3305 1636 3362 viviﬁcus
1665 3316 1769 3371 est,
1810 3317 1992 3379 utpote
2025 3310 2165 3366 Deus

590 3391 751 3446 homo
783 3392 976 3447 similis
997 3393 1154 3449 nobis
1186 3394 1432 3451 ellectus.

660 3483 813 3538 LVII.
845 3503 864 3536 ι
910 3484 1066 3541 Sicut
1096 3489 1240 3542 enim
1276 3490 1443 3545 Pater
1483 3489 1648 3545 vitam
1684 3491 1847 3547 habet
1874 3494 1929 3548 in
1966 3504 2165 3550 semet-

590 3575 724 3643 ipso,
777 3577 855 3631 sic
881 3577 1027 3631 dedit
1061 3588 1115 3632 et
1147 3578 1283 3636 Filio
1313 3581 1482 3635 vitam
1510 3582 1710 3636 habere
1735 3583 1788 3636 in
1818 3584 2114 3655 semetipso
2144 3604 2159 3641 :

587 3676 642 3721 et
674 3677 1000 3737 potestatem
1028 3672 1176 3728 dedit
1220 3673 1270 3727 ei
1310 3683 1365 3728 et
1388 3674 1657 3744 judicium
1689 3675 1890 3743 facere,
1922 3679 2047 3747 quia
2074 3680 2164 3735 Fi-

588 3761 692 3817 lius
746 3764 982 3821 hominis
1030 3776 1113 3822 est
1155 3767 1224 3822 “.
1274 3786 1294 3819 ι
1347 3769 1415 3823 At
1455 3770 1734 3839 quomodo
1782 3770 2026 3841 (quaerat
2077 3772 2164 3827 hic

586 3856 893 3927 quispiam)
951 3876 971 3908 c
1016 3857 1176 3913 Pater
1230 3860 1396 3915 vitam
1445 3862 1610 3917 habet
1667 3862 1717 3916 in
1752 3865 2097 3933 semetipso?
2138 3883 2156 3917 ι

586 3944 837 4017 Nunquid
900 3949 1120 4005 aliunde
1159 3960 1480 4021 acceptam,
1524 3952 1606 4007 vel
1662 3953 1730 4008 ab
1785 3953 1893 4009 alio
1935 3956 2161 4009 datam?

588 4041 963 4110 Nequaquam.
1021 4041 1166 4097 istud
1220 4058 1454 4113 namque
1510 4045 1709 4100 docere
1774 4047 1861 4101 vel
1918 4047 2158 4116 opinari,

585 4134 713 4202 quid
742 4142 890 4187 esset
927 4133 1071 4188 aliud
1114 4135 1218 4190 nisi
1266 4146 1517 4205 apertum
1565 4137 1864 4191 delirium?
1892 4138 2005 4193 lmo
2033 4152 2161 4193 vero

583 4226 714 4297 quid
745 4227 849 4280 nisi
893 4228 1184 4282 manifesta
1221 4228 1483 4285 adversus
1520 4229 1843 4285 inell'abilem
1878 4231 2026 4285 illam
2064 4247 2161 4285 na-

586 4329 763 4372 turam
806 4318 1187 4388 blasphemia?
1235 4320 1418 4375 Primo
1469 4335 1723 4390 namque,
1766 4322 1809 4375 si
1840 4322 1945 4374 vita
1996 4336 2159 4390 quam

584 4413 771 4477 habet,
817 4412 885 4465 ab
928 4412 1046 4481 ipso
1102 4412 1317 4465 diversa
1368 4411 1528 4473 foret,
1590 4414 1967 4465 universorum
2015 4412 2159 4462 Deus

584 4519 689 4560 non
730 4511 877 4559 esset
906 4514 1097 4557 natura
1129 4503 1373 4572 quaedam
1411 4504 1571 4573 178
1594 4504 1848 4572 simplex,
1888 4503 1980 4556 sed
2012 4518 2160 4555 com-

583 4595 780 4662 posita.
808 4596 889 4647 Ad
916 4596 1050 4658 haec,
1090 4595 1136 4648 si
1165 4596 1332 4647 vitam
1379 4596 1607 4648 aliunde
1649 4594 1930 4660 accepisse
1961 4600 2159 4646 statue-

583 4698 758 4753 retur,
794 4688 838 4741 is
871 4687 1057 4754 utique
1098 4688 1189 4755 qui
1229 4689 1393 4740 vitam
1438 4703 1541 4741 non
1587 4687 1804 4740 habenti
1833 4686 2156 4754 impertiret,

583 4786 720 4837 citra
779 4796 996 4835 onmem
1048 4781 1473 4834 controversiam
1544 4780 1724 4832 multis
1774 4780 2015 4847 partibus
2067 4778 2159 4831 illo

584 4876 778 4943 major,
804 4873 1070 4941 bonisque
1093 4872 1346 4927 omnibus
1376 4871 1705 4924 cumulatior
1731 4870 1888 4923 foret.
1917 4869 2160 4937 Denique

585 4968 928 5031 existimare,
978 4965 1092 5019 hac
1143 4965 1214 5017 ita
1262 4963 1503 5023 habere,
1565 4963 1665 5015 hoc
1723 4972 1823 5023 est,
1875 4961 2158 5029 imaginari

586 5059 753 5112 Deum
806 5057 1023 5111 Patrem
1067 5058 1237 5111 vitam
1272 5052 1512 5117 aliunde,
1541 5060 1597 5106 et
1620 5052 1773 5121 quasi
1805 5050 2158 5105 adventitiam

584 5142 837 5195 obtinere
866 5159 879 5204 ;
928 5144 1030 5196 hoc
1078 5145 1210 5197 nihil
1253 5143 1398 5197 aliud
1436 5150 1601 5205 esset,
1632 5148 1689 5193 ut
1714 5139 1849 5205 dixi,
1872 5154 2032 5209 quam
2062 5142 2158 5191 ab-

585 5233 911 5287 surdissime
953 5234 1208 5288 delirare.
1256 5234 1431 5289 Habet
1480 5236 1663 5303 itaque
1708 5231 1868 5285 Pater
1907 5232 2074 5285 vitam
2105 5228 2155 5281 in

588 5326 881 5395 semetipso
926 5339 1029 5378 nou
1074 5326 1364 5379 ascititiam
1400 5327 1479 5381 vel
1509 5325 1888 5390 adventitiam,
1932 5323 2027 5379 sed
2061 5336 2157 5374 na-

2342 3492 2462 3546 NZ'.
2514 3510 2533 3543 ι
2562 3491 2773 3561 Ὥσπερ
2801 3507 2910 3561 γαρ
2937 3491 2964 3543 6
3006 3488 3195 3561 Πατὴρ
3237 3489 3347 3559 ἔχει
3378 3486 3523 3559 ζωὴν
3554 3487 3612 3540 ὲν
3644 3484 3846 3557 ἐαυτῷ,

2272 3584 2414 3638 οὕτω
2442 3584 2536 3637 καὶ
2574 3582 2652 3655 τῷ
2680 3583 2795 3655 Υἰῷ
2829 3583 3029 3636 δέδωκε
3062 3581 3207 3651 ζωὴν
3241 3583 3384 3651 ἔχειν
3411 3583 3470 3633 ὲν
3508 3580 3683 3650 ἑαυτῷ
3703 3596 3715 3609 ’
3750 3580 3848 3632 καὶ

2270 3676 2519 3744 ἐξουσίαν
2559 3676 2754 3729 ἔδωκεν
2798 3675 2946 3745 αὑτῷ
2992 3676 3085 3728 καὶ
3124 3675 3302 3744 κρίσιν
3350 3677 3543 3738 ποιεῖν,
3588 3675 3667 3725 ὅτι
3714 3672 3847 3734 Υἱὸς

2269 3768 2554 3839 ἀνθρώπου
2605 3770 2739 3826 ὲστί,
2780 3787 2798 3818 ι
2855 3769 2987 3821 Τίνα
3024 3769 3088 3837 δὴ
3139 3768 3342 3838 τρόπον
3388 3766 3597 3837 οἰηθείη
3642 3784 3727 3828 τις
3773 3766 3845 3821 ἂν

2271 3860 2414 3931 ἔχειν
2473 3863 2532 3913 ἐν
2575 3860 2752 3931 ἑαυτῷ
2790 3863 2888 3930 τὴν
2935 3860 3081 3929 ζωὴν
3132 3860 3221 3912 τὸν
3269 3860 3520 3931 Πατέρα;
3572 3856 3681 3932 ἆρα
3730 3858 3843 3931 γὰρ

2269 3951 2464 4016 ἔξωθεν
2517 3951 2608 4003 καὶ
2641 3951 3080 4020 εἰσκεκριμένην,
3130 3949 3223 4003 καὶ
3269 3952 3401 4021 παρ’
3429 3950 3617 4021 ἐτέρου
3664 3950 3842 4002 δοθεῖ-

2270 4059 2406 4107 σαν;
2447 4042 2636 4094 Καίτοι
2673 4043 2790 4107 πῶς
2818 4043 2878 4095 οὐ
2910 4043 3069 4114 λῆρος
3107 4043 3173 4096 ἂν
3203 4042 3289 4111 εἴη
3319 4042 3476 4095 τοῦτό
3508 4059 3568 4110 γε
3600 4044 3840 4112 φρονεῖν,

2267 4136 2300 4206 ἢ
2332 4135 2537 4201 λέγεινς
2570 4134 2680 4204 ἔχει
2718 4135 2824 4205 γὰρ
2852 4136 2913 4187 οὺ
2951 4134 3179 4205 μετρίαν
3215 4136 3243 4187 6
3282 4133 3438 4201 λόγος
3466 4134 3562 4203 τῆς
3593 4135 3843 4205 ἀπορρή-

2267 4243 2361 4277 του
2405 4225 2618 4294 φύσεως
2653 4225 2749 4292 τὴν
2782 4225 3142 4294 κατάῥρησιν.
3195 4222 3415 4295 Πρῶτον
3465 4224 3562 4291 μὲν
3595 4224 3701 4293 γὰρ
3738 4224 3842 4291 οὐχ

2268 4317 2471 4381 ἁπλοῦς
2520 4318 2599 4370 ἔτι
2636 4317 2734 4389 τὴν
2768 4316 2928 4387 φύσιν
2954 4320 2981 4371 6
3022 4317 3132 4369 τῶν
3169 4316 3304 4368 ὅλων
3350 4316 3503 4369 ἔσται
3533 4317 3684 4379 Θεὸς,
3718 4317 3844 4369 σύν-

2268 4410 2417 4472 οετος
2447 4408 2503 4461 δὲ
2546 4410 2766 4480 μᾶλλον,
2798 4409 2956 4479 εἴπερ
2986 4408 3134 4460 ἐστὶν
3170 4408 3331 4478 ἑτέρα
3372 4409 3499 4479 παρ’
3530 4408 3690 4460 αὑτὸν
3721 4410 3753 4476 ή
3781 4410 3844 4461 ὲν

2266 4500 2413 4571 αὐτῷ
2445 4499 2580 4572 ζωή.
2614 4501 2716 4570 Εῖη
2744 4501 2787 4553 δ’
2813 4502 2878 4554 ἂν
2908 4502 3000 4554 καὶ
3029 4500 3229 4569 μείζων
3262 4500 3446 4566 αὐτοῦ,
3476 4504 3568 4555 καὶ
3599 4504 3655 4555 ὲν
3682 4504 3845 4572 ἀμεί-

2263 4609 2408 4644 νοσιν
2447 4592 2813 4663 ἁσυγκρίτως,
2845 4595 2873 4645 ὁ
2910 4591 2983 4655 ὡς
3021 4592 3121 4644 οὐκ
3166 4590 3341 4661 ἔχοντι
3375 4592 3497 4656 δοὺς
3529 4594 3624 4664 τὴν
3670 4594 3840 4663 ζωὴν,

2265 4684 2423 4753 εἴπερ
2463 4683 2599 4747 ὅλως
2645 4684 2797 4753 ἁλοίη
2832 4682 3029 4737 λαϐὼν.
3072 4683 3209 4736 ’Λλλ’
3237 4683 3408 4749 ἐστιν,
3437 4684 3511 4747 ὠς
3544 4684 3701 4755 ἔφην,
3732 4687 3844 4739 τῶν

2264 4776 2404 4842 ἄγαν
2431 4776 2823 4846 ἀπηχεστάτων
2850 4778 2909 4827 τὸ
2932 4768 3032 4828 ὦδὲ
3058 4793 3116 4828 τε
3142 4775 3282 4847 ἔχειν
3306 4776 3512 4829 οἴεσθαι
3541 4778 3717 4842 ταυτὶ,
3745 4778 3845 4832 καὶ

2268 4865 2498 4936 Θύραθεν
2528 4870 2724 4921 ὲννοεῖν
2753 4868 3245 4937 εἰσκεκομισμένην
3279 4868 3420 4920 ἑλεῖν
3449 4868 3546 4936 τὴν
3576 4869 3721 4938 ζωὴν
3747 4868 3845 4920 τὸν

2262 4957 2393 5009 Θεὸν
2436 4960 2526 5009 καὶ
2568 4960 2802 5029 Πατέρα.
2834 4962 2987 5029 Ἔχει
3024 4960 3201 5012 τοίνυν
3242 4962 3300 5011 ὲν
3338 4960 3514 5027 ἐαυτῷ
3555 4960 3652 5026 τὴν
3695 4957 3845 5029 ζωὴν

2263 5049 2363 5100 οὐκ
2407 5051 2695 5119 ἐπίκτητον
2728 5053 2758 5120 ἢ
2790 5052 3236 5122 εἰσκεκριμένως,
3271 5050 3512 5117 φυσικῶς
3545 5050 3600 5102 δὲ
3637 5051 3843 5121 μᾶλλον

2263 5140 2674 5209 ἐνυπάρχουσαν
2700 5157 2757 5192 τε
2805 5139 2975 5207 αὐτῷ,
3009 5140 3101 5190 καὶ
3139 5139 3368 5209 οὐσιώδη
3416 5140 3645 5210 καρπόν.
3682 5130 3843 5195 Οῦτὶυ

2263 5230 2488 5283 δέδωκεν
2521 5231 2663 5301 ἔχειν
2710 5233 2803 5285 καὶ
2849 5231 2928 5302 τῷ
2960 5231 3074 5301 Υἱῷ
3114 5231 3211 5302 τὴν
3249 5231 3412 5304 ζωήν.
3445 5228 3576 5287 Εἶτα
3619 5234 3739 5298 πῶς
3772 5234 3841 5288 ἂν

2263 5322 2478 5376 δύναιτο
2510 5324 2690 5377 λαϐὼν
2719 5326 2747 5378 6
2776 5324 2924 5389 Υἱὸς,
2958 5323 3227 5390 οὑσιωδῶς
3256 5326 3396 5398 ἔχειν
3436 5328 3493 5383 ἐν
3518 5326 3696 5398 ἑαυτῷ
3737 5328 3841 5397 τὴν

656 5484 702 5515 ⁸³
725 5484 880 5538 Joau.
922 5500 1050 5550 xm,
1079 5482 1170 5539 '28.
1249 5483 1294 5513 ⁵³
1324 5483 1423 5537 Isa.
1457 5502 1563 5551 LXI,
1593 5488 1616 5541 1
1646 5505 1659 5551 ;
1694 5485 1822 5541 Luc.
1865 5502 1940 5551 iV,
1978 5483 2163 5547 18,19.

2268 5483 2297 5514 ιδ
2320 5483 2479 5538 Joan.
2510 5500 2562 5543 v.
2589 5486 2681 5541 28.

1685 5641 1859 5699 Variae
1890 5644 2147 5701 lectiones
2173 5644 2374 5701 codicis
2403 5644 2758 5715 Seguieriani.

667 5785 693 5815 ν
716 5778 985 5848 κηρύξων.
