  <div class='ocr_page' id='page_1' title='image "/cluster/home/n/w/nwhite01/storage/ocr_20150623/76/pst.000005712755/738.png"; bbox 0 0 4092 6334; ppageno 0'>
   <div class='ocr_carea' id='block_1_1' title="bbox 188 380 323 437">
    <p class='ocr_par' dir='ltr' id='par_1_1' title="bbox 188 380 323 437">
     <span class='ocr_line' id='line_1_1' title="bbox 188 380 323 437; baseline -0.015 -3"><span class='ocrx_word' id='word_1_1' title='bbox 188 380 323 437; x_wconf 64' lang='lat'><strong>11.17</strong></span> 
     </span>
    </p>
   </div>
   <div class='ocr_carea' id='block_1_2' title="bbox 1001 380 2657 442">
    <p class='ocr_par' dir='ltr' id='par_1_2' title="bbox 1001 380 2657 442">
     <span class='ocr_line' id='line_1_2' title="bbox 1001 380 2657 442; baseline 0.001 -7"><span class='ocrx_word' id='word_1_2' title='bbox 1001 382 1091 436; x_wconf 83' lang='lat' dir='ltr'><strong>AI)</strong></span> <span class='ocrx_word' id='word_1_3' title='bbox 1129 380 1423 437; x_wconf 71' lang='lat' dir='ltr'><strong>IIEGINAS</strong></span> <span class='ocrx_word' id='word_1_4' title='bbox 1464 382 1548 437; x_wconf 82' lang='lat' dir='ltr'><strong>DE</strong></span> <span class='ocrx_word' id='word_1_5' title='bbox 1591 382 1814 439; x_wconf 69' lang='lat' dir='ltr'><strong>III&#39;JCTA</strong></span> <span class='ocrx_word' id='word_1_6' title='bbox 1860 385 2018 440; x_wconf 80' lang='lat' dir='ltr'><strong>FIDE</strong></span> <span class='ocrx_word' id='word_1_7' title='bbox 2057 383 2314 442; x_wconf 77' lang='lat' dir='ltr'><strong>ORATIO</strong></span> <span class='ocrx_word' id='word_1_8' title='bbox 2355 383 2657 440; x_wconf 77' lang='lat' dir='ltr'><strong>ALTERA.</strong></span> 
     </span>
    </p>
   </div>
   <div class='ocr_carea' id='block_1_3' title="bbox 3301 381 3438 439">
    <p class='ocr_par' dir='ltr' id='par_1_3' title="bbox 3301 381 3438 439">
     <span class='ocr_line' id='line_1_3' title="bbox 3301 381 3438 439; baseline 0.015 -2"><span class='ocrx_word' id='word_1_9' title='bbox 3301 381 3438 439; x_wconf 75' lang='grc'><strong>1418</strong></span> 
     </span>
    </p>
   </div>
   <div class='ocr_carea' id='block_1_4' title="bbox 184 499 1791 578">
    <p class='ocr_par' dir='ltr' id='par_1_4' title="bbox 184 499 1791 575">
     <span class='ocr_line' id='line_1_4' title="bbox 184 499 1791 575; baseline 0.003 -21"><span class='ocrx_word' id='word_1_10' title='bbox 184 501 369 572; x_wconf 73' lang='grc' dir='ltr'>ζωήνς</span> <span class='ocrx_word' id='word_1_11' title='bbox 404 501 570 554; x_wconf 77' lang='grc' dir='ltr'>Τουτὶ</span> <span class='ocrx_word' id='word_1_12' title='bbox 607 503 736 573; x_wconf 89' lang='grc' dir='ltr'>γὰρ,</span> <span class='ocrx_word' id='word_1_13' title='bbox 764 499 938 572; x_wconf 80' lang='grc' dir='ltr'>οἶμαι,</span> <span class='ocrx_word' id='word_1_14' title='bbox 974 504 1104 572; x_wconf 74' lang='grc' dir='ltr'>φαίη</span> <span class='ocrx_word' id='word_1_15' title='bbox 1145 522 1227 568; x_wconf 88' lang='grc' dir='ltr'><strong>τις</strong></span> <span class='ocrx_word' id='word_1_16' title='bbox 1273 506 1357 560; x_wconf 82' lang='grc' dir='ltr'><strong>ἄν.</strong></span> <span class='ocrx_word' id='word_1_17' title='bbox 1395 507 1544 575; x_wconf 78' lang='grc' dir='ltr'>Ἔχει</span> <span class='ocrx_word' id='word_1_18' title='bbox 1586 508 1760 562; x_wconf 79' lang='grc' dir='ltr'>τοίνυν</span> <span class='ocrx_word' id='word_1_19' title='bbox 1790 565 1791 568; x_wconf 28' lang='grc' dir='ltr'><strong>η</strong></span> 
     </span>
    </p>
   </div>
   <div class='ocr_carea' id='block_1_5' title="bbox 1875 499 3434 578">
    <p class='ocr_par' dir='ltr' id='par_1_5' title="bbox 1875 501 3434 578">
     <span class='ocr_line' id='line_1_5' title="bbox 1875 501 3434 578; baseline -0.004 -16"><span class='ocrx_word' id='word_1_20' title='bbox 1875 508 2118 564; x_wconf 87' lang='lat' dir='ltr'><strong>turaliter</strong></span> <span class='ocrx_word' id='word_1_21' title='bbox 2165 507 2340 578; x_wconf 98' lang='lat' dir='ltr'><strong>potius</strong></span> <span class='ocrx_word' id='word_1_22' title='bbox 2387 506 2545 575; x_wconf 89' lang='lat' dir='ltr'><strong>quasi</strong></span> <span class='ocrx_word' id='word_1_23' title='bbox 2617 501 3023 559; x_wconf 88' lang='lat' dir='ltr'><strong>substantialem</strong></span> <span class='ocrx_word' id='word_1_24' title='bbox 3097 502 3328 557; x_wconf 81' lang='lat' dir='ltr'><strong>fructum</strong></span> <span class='ocrx_word' id='word_1_25' title='bbox 3381 501 3434 555; x_wconf 93' lang='lat' dir='ltr'><strong>in</strong></span> 
     </span>
    </p>
   </div>
   <div class='ocr_carea' id='block_1_6' title="bbox 183 593 1756 668">
    <p class='ocr_par' dir='ltr' id='par_1_6' title="bbox 183 593 1756 668">
     <span class='ocr_line' id='line_1_6' title="bbox 183 593 1756 668; baseline 0.002 -22"><span class='ocrx_word' id='word_1_26' title='bbox 183 594 256 656; x_wconf 76' lang='grc' dir='ltr'>ὡς</span> <span class='ocrx_word' id='word_1_27' title='bbox 303 593 363 657; x_wconf 75' lang='grc' dir='ltr'>ἐξ</span> <span class='ocrx_word' id='word_1_28' title='bbox 405 594 570 647; x_wconf 74' lang='grc' dir='ltr'>αὑτοῦ</span> <span class='ocrx_word' id='word_1_29' title='bbox 616 595 753 648; x_wconf 73' lang='grc' dir='ltr'>κατὰ</span> <span class='ocrx_word' id='word_1_30' title='bbox 800 594 960 663; x_wconf 78' lang='grc' dir='ltr'>φύσιν</span> <span class='ocrx_word' id='word_1_31' title='bbox 1017 595 1306 665; x_wconf 76' lang='grc' dir='ltr'>ὑπάρχων,</span> <span class='ocrx_word' id='word_1_32' title='bbox 1340 597 1398 648; x_wconf 84' lang='grc' dir='ltr'><strong>ἐν</strong></span> <span class='ocrx_word' id='word_1_33' title='bbox 1440 596 1616 648; x_wconf 80' lang='grc' dir='ltr'>ἑαυτῶ</span> <span class='ocrx_word' id='word_1_34' title='bbox 1657 599 1756 668; x_wconf 78' lang='grc' dir='ltr'>τὴν</span> 
     </span>
    </p>
   </div>
   <div class='ocr_carea' id='block_1_7' title="bbox 181 686 1756 759">
    <p class='ocr_par' dir='ltr' id='par_1_7' title="bbox 181 686 1756 759">
     <span class='ocr_line' id='line_1_7' title="bbox 181 686 1756 759; baseline 0.003 -21"><span class='ocrx_word' id='word_1_35' title='bbox 181 686 351 757; x_wconf 76' lang='grc' dir='ltr'>ζωὴν,</span> <span class='ocrx_word' id='word_1_36' title='bbox 380 688 510 740; x_wconf 61' lang='lat' dir='ltr'><strong>mea</strong></span> <span class='ocrx_word' id='word_1_37' title='bbox 538 691 737 741; x_wconf 67' lang='grc' dir='ltr'>νοεῖται</span> <span class='ocrx_word' id='word_1_38' title='bbox 761 689 910 750; x_wconf 83' lang='grc' dir='ltr'>Θεός.</span> <span class='ocrx_word' id='word_1_39' title='bbox 937 688 1158 758; x_wconf 82' lang='grc' dir='ltr'><strong>Δέχεται</strong></span> <span class='ocrx_word' id='word_1_40' title='bbox 1185 688 1238 740; x_wconf 83' lang='grc' dir='ltr'><strong>δὲ</strong></span> <span class='ocrx_word' id='word_1_41' title='bbox 1271 689 1468 758; x_wconf 78' lang='grc' dir='ltr'>μᾶλλον</span> <span class='ocrx_word' id='word_1_42' title='bbox 1499 691 1636 759; x_wconf 79' lang='grc' dir='ltr'>μετὰ</span> <span class='ocrx_word' id='word_1_43' title='bbox 1665 688 1756 742; x_wconf 74' lang='grc' dir='ltr'>τοῦ</span> 
     </span>
    </p>
   </div>
   <div class='ocr_carea' id='block_1_8' title="bbox 185 778 1754 851">
    <p class='ocr_par' dir='ltr' id='par_1_8' title="bbox 185 778 1754 851">
     <span class='ocr_line' id='line_1_8' title="bbox 185 778 1754 851; baseline 0.004 -23"><span class='ocrx_word' id='word_1_44' title='bbox 185 778 280 829; x_wconf 77' lang='grc' dir='ltr'>καὶ</span> <span class='ocrx_word' id='word_1_45' title='bbox 310 779 516 847; x_wconf 86' lang='grc' dir='ltr'>κρίνειν</span> <span class='ocrx_word' id='word_1_46' title='bbox 555 781 740 850; x_wconf 83' lang='grc' dir='ltr'>αὐτὴν.</span> <span class='ocrx_word' id='word_1_47' title='bbox 775 780 951 833; x_wconf 83' lang='grc' dir='ltr'>καίτοι</span> <span class='ocrx_word' id='word_1_48' title='bbox 984 781 1173 850; x_wconf 77' lang='grc' dir='ltr'>κριτὴς</span> <span class='ocrx_word' id='word_1_49' title='bbox 1214 782 1476 851; x_wconf 77' lang='grc' dir='ltr'><strong>ὑπάρχων</strong></span> <span class='ocrx_word' id='word_1_50' title='bbox 1501 781 1575 846; x_wconf 83' lang='grc' dir='ltr'>ὡς</span> <span class='ocrx_word' id='word_1_51' title='bbox 1609 781 1754 845; x_wconf 84' lang='grc' dir='ltr'>Θεός.</span> 
     </span>
    </p>
   </div>
   <div class='ocr_carea' id='block_1_9' title="bbox 186 870 1759 944">
    <p class='ocr_par' dir='ltr' id='par_1_9' title="bbox 186 870 1759 944">
     <span class='ocr_line' id='line_1_9' title="bbox 186 870 1759 944; baseline 0.004 -24"><span class='ocrx_word' id='word_1_52' title='bbox 186 870 294 922; x_wconf 77' lang='grc' dir='ltr'><strong>Καὶ</strong></span> <span class='ocrx_word' id='word_1_53' title='bbox 326 872 408 934; x_wconf 89' lang='grc' dir='ltr'><strong>τίς</strong></span> <span class='ocrx_word' id='word_1_54' title='bbox 446 872 510 925; x_wconf 76' lang='grc' dir='ltr'>ἂν</span> <span class='ocrx_word' id='word_1_55' title='bbox 544 872 627 943; x_wconf 76' lang='grc' dir='ltr'>εἴη</span> <span class='ocrx_word' id='word_1_56' title='bbox 662 872 755 924; x_wconf 83' lang='grc' dir='ltr'>τοῦ</span> <span class='ocrx_word' id='word_1_57' title='bbox 801 873 987 926; x_wconf 77' lang='grc' dir='ltr'>λαϐεῖν</span> <span class='ocrx_word' id='word_1_58' title='bbox 1015 875 1043 924; x_wconf 87' lang='grc' dir='ltr'>ὁ</span> <span class='ocrx_word' id='word_1_59' title='bbox 1072 873 1307 944; x_wconf 81' lang='grc' dir='ltr'><strong>τρόπος,</strong></span> <span class='ocrx_word' id='word_1_60' title='bbox 1352 874 1548 940; x_wconf 78' lang='grc' dir='ltr'><strong>διδάξει</strong></span> <span class='ocrx_word' id='word_1_61' title='bbox 1586 875 1759 942; x_wconf 87' lang='grc' dir='ltr'>λέγων</span> 
     </span>
    </p>
   </div>
   <div class='ocr_carea' id='block_1_10' title="bbox 182 962 1760 1036">
    <p class='ocr_par' dir='ltr' id='par_1_10' title="bbox 182 962 1760 1036">
     <span class='ocr_line' id='line_1_10' title="bbox 182 962 1760 1036; baseline 0.004 -25"><span class='ocrx_word' id='word_1_62' title='bbox 182 962 366 1024; x_wconf 47' lang='lat' dir='ltr'><strong>etB-Jac,</strong></span> <span class='ocrx_word' id='word_1_63' title='bbox 396 964 475 1015; x_wconf 79' lang='grc' dir='ltr'><strong>ὅτι</strong></span> <span class='ocrx_word' id='word_1_64' title='bbox 508 980 525 1012; x_wconf 78' lang='grc' dir='ltr'><strong>ι</strong></span> <span class='ocrx_word' id='word_1_65' title='bbox 559 964 682 1025; x_wconf 73' lang='grc' dir='ltr'>Υἱὸς</span> <span class='ocrx_word' id='word_1_66' title='bbox 717 963 1004 1032; x_wconf 78' lang='grc' dir='ltr'>ἀνθρώπου</span> <span class='ocrx_word' id='word_1_67' title='bbox 1028 964 1193 1018; x_wconf 80' lang='grc' dir='ltr'>ἐστίν.</span> <span class='ocrx_word' id='word_1_68' title='bbox 1219 985 1234 1014; x_wconf 73' lang='grc' dir='ltr'><strong>ι</strong></span> <span class='ocrx_word' id='word_1_69' title='bbox 1263 966 1336 1016; x_wconf 71' lang='lat'><strong>0-3</strong></span> <span class='ocrx_word' id='word_1_70' title='bbox 1369 966 1474 1036; x_wconf 69' lang='grc' dir='ltr'><strong>γὰρ</strong></span> <span class='ocrx_word' id='word_1_71' title='bbox 1511 965 1640 1017; x_wconf 87' lang='grc' dir='ltr'>ίδιον</span> <span class='ocrx_word' id='word_1_72' title='bbox 1664 967 1760 1018; x_wconf 84' lang='grc' dir='ltr'><strong>ἁν-</strong></span> 
     </span>
    </p>
   </div>
   <div class='ocr_carea' id='block_1_11' title="bbox 186 1053 1763 1126">
    <p class='ocr_par' dir='ltr' id='par_1_11' title="bbox 186 1053 1763 1126">
     <span class='ocr_line' id='line_1_11' title="bbox 186 1053 1763 1126; baseline 0.003 -22"><span class='ocrx_word' id='word_1_73' title='bbox 186 1053 405 1120; x_wconf 82' lang='grc' dir='ltr'>θρώπου</span> <span class='ocrx_word' id='word_1_74' title='bbox 428 1054 487 1105; x_wconf 82' lang='grc' dir='ltr'><strong>τὸ</strong></span> <span class='ocrx_word' id='word_1_75' title='bbox 509 1054 762 1106; x_wconf 70' lang='grc' dir='ltr'>δύνασθαι</span> <span class='ocrx_word' id='word_1_76' title='bbox 787 1055 995 1109; x_wconf 76' lang='grc' dir='ltr'>οἴκοθεν</span> <span class='ocrx_word' id='word_1_77' title='bbox 1018 1055 1159 1124; x_wconf 80' lang='grc' dir='ltr'>ἔχειν</span> <span class='ocrx_word' id='word_1_78' title='bbox 1181 1055 1278 1124; x_wconf 77' lang='grc' dir='ltr'>τὴν</span> <span class='ocrx_word' id='word_1_79' title='bbox 1302 1056 1462 1124; x_wconf 76' lang='grc' dir='ltr'>ζωήν.</span> <span class='ocrx_word' id='word_1_80' title='bbox 1496 1075 1513 1107; x_wconf 77' lang='grc' dir='ltr'><strong>ι</strong></span> <span class='ocrx_word' id='word_1_81' title='bbox 1546 1055 1763 1126; x_wconf 79' lang='grc' dir='ltr'>Ἐπειδὴ</span> 
     </span>
    </p>
   </div>
   <div class='ocr_carea' id='block_1_12' title="bbox 177 1145 1764 1218">
    <p class='ocr_par' dir='ltr' id='par_1_12' title="bbox 177 1145 1764 1218">
     <span class='ocr_line' id='line_1_12' title="bbox 177 1145 1764 1218; baseline 0.001 -22"><span class='ocrx_word' id='word_1_82' title='bbox 177 1145 238 1196; x_wconf 77' lang='grc' dir='ltr'>δὲ</span> <span class='ocrx_word' id='word_1_83' title='bbox 287 1145 411 1197; x_wconf 75' lang='grc' dir='ltr'>ίδσον</span> <span class='ocrx_word' id='word_1_84' title='bbox 455 1145 644 1213; x_wconf 83' lang='grc' dir='ltr'>γέγονε</span> <span class='ocrx_word' id='word_1_85' title='bbox 682 1145 775 1198; x_wconf 70' lang='grc' dir='ltr'><strong>τοῦ</strong></span> <span class='ocrx_word' id='word_1_86' title='bbox 811 1146 1010 1210; x_wconf 75' lang='grc' dir='ltr'>ζῶντος</span> <span class='ocrx_word' id='word_1_87' title='bbox 1066 1147 1240 1215; x_wconf 87' lang='grc' dir='ltr'>Λόγου</span> <span class='ocrx_word' id='word_1_88' title='bbox 1291 1149 1351 1199; x_wconf 87' lang='grc' dir='ltr'><strong>τὸ</strong></span> <span class='ocrx_word' id='word_1_89' title='bbox 1385 1148 1582 1200; x_wconf 83' lang='grc' dir='ltr'>ὲνωθὲν</span> <span class='ocrx_word' id='word_1_90' title='bbox 1615 1149 1764 1218; x_wconf 71' lang='grc' dir='ltr'>αὐτῷ</span> 
     </span>
    </p>
   </div>
   <div class='ocr_carea' id='block_1_13' title="bbox 187 1237 1763 1308">
    <p class='ocr_par' dir='ltr' id='par_1_13' title="bbox 187 1237 1763 1308">
     <span class='ocr_line' id='line_1_13' title="bbox 187 1237 1763 1308; baseline 0.002 -20"><span class='ocrx_word' id='word_1_91' title='bbox 187 1237 364 1304; x_wconf 79' lang='grc' dir='ltr'>σῶμα,</span> <span class='ocrx_word' id='word_1_92' title='bbox 396 1237 566 1306; x_wconf 81' lang='grc' dir='ltr'>ταύτῃ</span> <span class='ocrx_word' id='word_1_93' title='bbox 605 1254 685 1289; x_wconf 86' lang='grc' dir='ltr'><strong>τοι</strong></span> <span class='ocrx_word' id='word_1_94' title='bbox 718 1238 811 1289; x_wconf 73' lang='grc' dir='ltr'>καὶ</span> <span class='ocrx_word' id='word_1_95' title='bbox 851 1239 995 1308; x_wconf 78' lang='grc' dir='ltr'>μάλα</span> <span class='ocrx_word' id='word_1_96' title='bbox 1025 1240 1278 1302; x_wconf 79' lang='grc' dir='ltr'><strong>εἰκότως,</strong></span> <span class='ocrx_word' id='word_1_97' title='bbox 1309 1239 1384 1301; x_wconf 84' lang='grc' dir='ltr'>ὡς</span> <span class='ocrx_word' id='word_1_98' title='bbox 1432 1239 1567 1308; x_wconf 79' lang='grc' dir='ltr'>ἔχων</span> <span class='ocrx_word' id='word_1_99' title='bbox 1600 1238 1763 1291; x_wconf 78' lang='grc' dir='ltr'>αὑτοῦ</span> 
     </span>
    </p>
   </div>
   <div class='ocr_carea' id='block_1_14' title="bbox 185 1330 1763 1400">
    <p class='ocr_par' dir='ltr' id='par_1_14' title="bbox 185 1330 1763 1400">
     <span class='ocr_line' id='line_1_14' title="bbox 185 1330 1763 1400; baseline 0.003 -20"><span class='ocrx_word' id='word_1_100' title='bbox 185 1331 285 1398; x_wconf 74' lang='grc' dir='ltr'><strong>τὴν</strong></span> <span class='ocrx_word' id='word_1_101' title='bbox 326 1331 587 1394; x_wconf 79' lang='grc' dir='ltr'>ξωοποιὺν</span> <span class='ocrx_word' id='word_1_102' title='bbox 631 1331 931 1400; x_wconf 81' lang='grc' dir='ltr'><strong>ἐνέργειαν,</strong></span> <span class='ocrx_word' id='word_1_103' title='bbox 985 1333 1165 1385; x_wconf 74' lang='grc' dir='ltr'>λαϐεῖν</span> <span class='ocrx_word' id='word_1_104' title='bbox 1200 1332 1414 1399; x_wconf 82' lang='grc' dir='ltr'>λέγεται</span> <span class='ocrx_word' id='word_1_105' title='bbox 1457 1331 1554 1400; x_wconf 81' lang='grc' dir='ltr'>τὴν</span> <span class='ocrx_word' id='word_1_106' title='bbox 1596 1330 1763 1399; x_wconf 77' lang='grc' dir='ltr'>ζωήν.</span> 
     </span>
    </p>
   </div>
   <div class='ocr_carea' id='block_1_15' title="bbox 187 1420 1768 1496">
    <p class='ocr_par' dir='ltr' id='par_1_15' title="bbox 187 1420 1768 1496">
     <span class='ocr_line' id='line_1_15' title="bbox 187 1420 1768 1496; baseline 0.001 -22"><span class='ocrx_word' id='word_1_107' title='bbox 187 1422 494 1476; x_wconf 75' lang='grc' dir='ltr'>υίκειοῦται</span> <span class='ocrx_word' id='word_1_108' title='bbox 523 1423 578 1476; x_wconf 75' lang='grc' dir='ltr'>δὲ</span> <span class='ocrx_word' id='word_1_109' title='bbox 614 1423 774 1477; x_wconf 85' lang='grc' dir='ltr'>πάλιν</span> <span class='ocrx_word' id='word_1_110' title='bbox 800 1425 858 1476; x_wconf 75' lang='grc' dir='ltr'><strong>τὸ</strong></span> <span class='ocrx_word' id='word_1_111' title='bbox 889 1425 1078 1496; x_wconf 77' lang='grc' dir='ltr'>χρῆμα</span> <span class='ocrx_word' id='word_1_112' title='bbox 1107 1425 1288 1490; x_wconf 69' lang='grc' dir='ltr'>αὐτὸς,</span> <span class='ocrx_word' id='word_1_113' title='bbox 1316 1420 1376 1477; x_wconf 72' lang='grc' dir='ltr'>οὗ</span> <span class='ocrx_word' id='word_1_114' title='bbox 1403 1424 1494 1476; x_wconf 67' lang='grc' dir='ltr'>καὶ</span> <span class='ocrx_word' id='word_1_115' title='bbox 1521 1423 1646 1476; x_wconf 77' lang='grc' dir='ltr'>ἴδιον</span> <span class='ocrx_word' id='word_1_116' title='bbox 1676 1423 1768 1490; x_wconf 82' lang='grc' dir='ltr'>γέ-</span> 
     </span>
    </p>
   </div>
   <div class='ocr_carea' id='block_1_16' title="bbox 186 1513 866 1584">
    <p class='ocr_par' dir='ltr' id='par_1_16' title="bbox 186 1513 866 1584">
     <span class='ocr_line' id='line_1_16' title="bbox 186 1513 866 1584; baseline 0.007 -20"><span class='ocrx_word' id='word_1_117' title='bbox 186 1530 312 1580; x_wconf 82' lang='grc' dir='ltr'>γονε</span> <span class='ocrx_word' id='word_1_118' title='bbox 347 1513 502 1583; x_wconf 84' lang='grc' dir='ltr'>σῶμα</span> <span class='ocrx_word' id='word_1_119' title='bbox 532 1514 591 1566; x_wconf 86' lang='grc' dir='ltr'><strong>τὸ</strong></span> <span class='ocrx_word' id='word_1_120' title='bbox 627 1515 866 1584; x_wconf 80' lang='grc' dir='ltr'>εἰληφός.</span> 
     </span>
    </p>
   </div>
   <div class='ocr_carea' id='block_1_17' title="bbox 1866 596 3438 669">
    <p class='ocr_par' dir='ltr' id='par_1_17' title="bbox 1866 596 3438 669">
     <span class='ocr_line' id='line_1_17' title="bbox 1866 596 3438 669; baseline -0.004 -13"><span class='ocrx_word' id='word_1_121' title='bbox 1866 601 2050 669; x_wconf 85' lang='lat' dir='ltr'><strong>seipse</strong></span> <span class='ocrx_word' id='word_1_122' title='bbox 2075 601 2448 655; x_wconf 77' lang='lat' dir='ltr'><strong>exsistentem.</strong></span> <span class='ocrx_word' id='word_1_123' title='bbox 2490 599 2668 666; x_wconf 84' lang='lat' dir='ltr'><strong>Atque</strong></span> <span class='ocrx_word' id='word_1_124' title='bbox 2719 597 2783 650; x_wconf 87' lang='lat' dir='ltr'><strong>ad</strong></span> <span class='ocrx_word' id='word_1_125' title='bbox 2832 596 3081 652; x_wconf 88' lang='lat' dir='ltr'><strong>eumdem</strong></span> <span class='ocrx_word' id='word_1_126' title='bbox 3131 597 3346 650; x_wconf 90' lang='lat' dir='ltr'><strong>modum</strong></span> <span class='ocrx_word' id='word_1_127' title='bbox 3383 603 3438 650; x_wconf 84' lang='lat' dir='ltr'><strong>et</strong></span> 
     </span>
    </p>
   </div>
   <div class='ocr_carea' id='block_1_18' title="bbox 1867 689 3435 764">
    <p class='ocr_par' dir='ltr' id='par_1_18' title="bbox 1867 689 3435 764">
     <span class='ocr_line' id='line_1_18' title="bbox 1867 689 3435 764; baseline -0.003 -16"><span class='ocrx_word' id='word_1_128' title='bbox 1867 695 2004 749; x_wconf 91' lang='lat' dir='ltr'><strong>Filio</strong></span> <span class='ocrx_word' id='word_1_129' title='bbox 2048 711 2261 764; x_wconf 86' lang='lat' dir='ltr'><strong>quoque</strong></span> <span class='ocrx_word' id='word_1_130' title='bbox 2314 695 2480 749; x_wconf 87' lang='lat' dir='ltr'><strong>vitam</strong></span> <span class='ocrx_word' id='word_1_131' title='bbox 2515 693 2568 746; x_wconf 88' lang='lat' dir='ltr'><strong>in</strong></span> <span class='ocrx_word' id='word_1_132' title='bbox 2603 693 2896 761; x_wconf 85' lang='lat' dir='ltr'><strong>semetipso</strong></span> <span class='ocrx_word' id='word_1_133' title='bbox 2926 693 3124 746; x_wconf 85' lang='lat' dir='ltr'><strong>habere</strong></span> <span class='ocrx_word' id='word_1_134' title='bbox 3162 691 3330 744; x_wconf 89' lang='lat' dir='ltr'><strong>dedit.</strong></span> <span class='ocrx_word' id='word_1_135' title='bbox 3363 689 3435 744; x_wconf 82' lang='lat' dir='ltr'><strong>Et</strong></span> 
     </span>
    </p>
   </div>
   <div class='ocr_carea' id='block_1_19' title="bbox 1866 782 3434 858">
    <p class='ocr_par' dir='ltr' id='par_1_19' title="bbox 1866 782 3434 858">
     <span class='ocr_line' id='line_1_19' title="bbox 1866 782 3434 858; baseline -0.003 -19"><span class='ocrx_word' id='word_1_136' title='bbox 1866 793 2138 858; x_wconf 89' lang='lat' dir='ltr'><strong>quomodo</strong></span> <span class='ocrx_word' id='word_1_137' title='bbox 2171 789 2360 851; x_wconf 80' lang='lat' dir='ltr'><strong>Filius,</strong></span> <span class='ocrx_word' id='word_1_138' title='bbox 2386 802 2508 842; x_wconf 90' lang='lat' dir='ltr'><strong>cum</strong></span> <span class='ocrx_word' id='word_1_139' title='bbox 2542 787 2706 839; x_wconf 83' lang='lat' dir='ltr'><strong>vitam</strong></span> <span class='ocrx_word' id='word_1_140' title='bbox 2741 802 2767 838; x_wconf 90' lang='lat' dir='ltr'><strong>a</strong></span> <span class='ocrx_word' id='word_1_141' title='bbox 2803 785 2960 839; x_wconf 85' lang='lat' dir='ltr'><strong>Patre</strong></span> <span class='ocrx_word' id='word_1_142' title='bbox 2986 784 3277 851; x_wconf 87' lang='lat' dir='ltr'><strong>acceperit,</strong></span> <span class='ocrx_word' id='word_1_143' title='bbox 3302 782 3434 836; x_wconf 84' lang='lat' dir='ltr'><strong>sob-</strong></span> 
     </span>
    </p>
   </div>
   <div class='ocr_carea' id='block_1_20' title="bbox 1869 877 3438 949">
    <p class='ocr_par' dir='ltr' id='par_1_20' title="bbox 1869 877 3438 949">
     <span class='ocr_line' id='line_1_20' title="bbox 1869 877 3438 949; baseline -0.005 -15"><span class='ocrx_word' id='word_1_144' title='bbox 1869 881 2192 935; x_wconf 81' lang='lat' dir='ltr'><strong>stantialiter</strong></span> <span class='ocrx_word' id='word_1_145' title='bbox 2239 897 2356 934; x_wconf 88' lang='lat' dir='ltr'><strong>eam</strong></span> <span class='ocrx_word' id='word_1_146' title='bbox 2403 880 2454 934; x_wconf 91' lang='lat' dir='ltr'><strong>in</strong></span> <span class='ocrx_word' id='word_1_147' title='bbox 2498 895 2554 934; x_wconf 92' lang='lat' dir='ltr'><strong>se</strong></span> <span class='ocrx_word' id='word_1_148' title='bbox 2597 880 2770 949; x_wconf 91' lang='lat' dir='ltr'><strong>possit</strong></span> <span class='ocrx_word' id='word_1_149' title='bbox 2819 877 3066 932; x_wconf 86' lang='lat' dir='ltr'><strong>habere?</strong></span> <span class='ocrx_word' id='word_1_150' title='bbox 3096 877 3150 931; x_wconf 90' lang='lat' dir='ltr'><strong>Id</strong></span> <span class='ocrx_word' id='word_1_151' title='bbox 3187 889 3438 944; x_wconf 82' lang='lat' dir='ltr'><strong>namque,</strong></span> 
     </span>
    </p>
   </div>
   <div class='ocr_carea' id='block_1_21' title="bbox 1871 965 3436 1039">
    <p class='ocr_par' dir='ltr' id='par_1_21' title="bbox 1871 965 3436 1039">
     <span class='ocr_line' id='line_1_21' title="bbox 1871 965 3436 1039; baseline -0.005 -15"><span class='ocrx_word' id='word_1_152' title='bbox 1871 979 1929 1024; x_wconf 88' lang='lat' dir='ltr'><strong>ut</strong></span> <span class='ocrx_word' id='word_1_153' title='bbox 1954 980 2106 1039; x_wconf 90' lang='lat' dir='ltr'><strong>puto,</strong></span> <span class='ocrx_word' id='word_1_154' title='bbox 2140 971 2338 1039; x_wconf 75' lang='lat' dir='ltr'><strong>aliquis</strong></span> <span class='ocrx_word' id='word_1_155' title='bbox 2362 969 2540 1024; x_wconf 82' lang='lat' dir='ltr'><strong>dicere</strong></span> <span class='ocrx_word' id='word_1_156' title='bbox 2575 969 2768 1038; x_wconf 88' lang='lat' dir='ltr'><strong>possit.</strong></span> <span class='ocrx_word' id='word_1_157' title='bbox 2803 967 2974 1020; x_wconf 72' lang='lat' dir='ltr'><strong>Ilaliet</strong></span> <span class='ocrx_word' id='word_1_158' title='bbox 3007 980 3134 1034; x_wconf 82' lang='lat' dir='ltr'><strong>ergo</strong></span> <span class='ocrx_word' id='word_1_159' title='bbox 3163 975 3214 1018; x_wconf 90' lang='lat' dir='ltr'><strong>et</strong></span> <span class='ocrx_word' id='word_1_160' title='bbox 3247 965 3436 1024; x_wconf 88' lang='lat' dir='ltr'><strong>Filius,</strong></span> 
     </span>
    </p>
   </div>
   <div class='ocr_carea' id='block_1_22' title="bbox 1871 1052 3440 1128">
    <p class='ocr_par' dir='ltr' id='par_1_22' title="bbox 1871 1052 3440 1128">
     <span class='ocr_line' id='line_1_22' title="bbox 1871 1052 3440 1128; baseline -0.006 -14"><span class='ocrx_word' id='word_1_161' title='bbox 1871 1075 1992 1114; x_wconf 88' lang='lat' dir='ltr'><strong>cum</strong></span> <span class='ocrx_word' id='word_1_162' title='bbox 2023 1061 2088 1113; x_wconf 90' lang='lat' dir='ltr'><strong>ab</strong></span> <span class='ocrx_word' id='word_1_163' title='bbox 2128 1060 2244 1128; x_wconf 89' lang='lat' dir='ltr'><strong>ipso</strong></span> <span class='ocrx_word' id='word_1_164' title='bbox 2269 1058 2431 1113; x_wconf 88' lang='lat' dir='ltr'><strong>Patre</strong></span> <span class='ocrx_word' id='word_1_165' title='bbox 2461 1059 2752 1112; x_wconf 88' lang='lat' dir='ltr'><strong>secundum</strong></span> <span class='ocrx_word' id='word_1_166' title='bbox 2785 1067 3036 1108; x_wconf 82' lang='lat' dir='ltr'><strong>naturam</strong></span> <span class='ocrx_word' id='word_1_167' title='bbox 3064 1056 3153 1117; x_wconf 90' lang='lat' dir='ltr'><strong>sit,</strong></span> <span class='ocrx_word' id='word_1_168' title='bbox 3193 1054 3357 1106; x_wconf 89' lang='lat' dir='ltr'><strong>vitam</strong></span> <span class='ocrx_word' id='word_1_169' title='bbox 3386 1052 3440 1106; x_wconf 90' lang='lat' dir='ltr'><strong>in</strong></span> 
     </span>
    </p>
   </div>
   <div class='ocr_carea' id='block_1_23' title="bbox 1872 1144 3441 1221">
    <p class='ocr_par' dir='ltr' id='par_1_23' title="bbox 1872 1144 3441 1221">
     <span class='ocr_line' id='line_1_23' title="bbox 1872 1144 3441 1221; baseline -0.008 -13"><span class='ocrx_word' id='word_1_170' title='bbox 1872 1153 2071 1220; x_wconf 87' lang='lat' dir='ltr'><strong>seipse,</strong></span> <span class='ocrx_word' id='word_1_171' title='bbox 2112 1164 2272 1221; x_wconf 89' lang='lat' dir='ltr'><strong>prout</strong></span> <span class='ocrx_word' id='word_1_172' title='bbox 2305 1153 2444 1206; x_wconf 89' lang='lat' dir='ltr'><strong>Deus</strong></span> <span class='ocrx_word' id='word_1_173' title='bbox 2470 1162 2591 1205; x_wconf 91' lang='lat' dir='ltr'><strong>est:</strong></span> <span class='ocrx_word' id='word_1_174' title='bbox 2627 1161 2683 1204; x_wconf 92' lang='lat' dir='ltr'><strong>at</strong></span> <span class='ocrx_word' id='word_1_175' title='bbox 2713 1165 2842 1203; x_wconf 90' lang='lat' dir='ltr'><strong>vero</strong></span> <span class='ocrx_word' id='word_1_176' title='bbox 2881 1163 2982 1202; x_wconf 88' lang='lat' dir='ltr'><strong>una</strong></span> <span class='ocrx_word' id='word_1_177' title='bbox 3019 1164 3138 1202; x_wconf 90' lang='lat' dir='ltr'><strong>cum</strong></span> <span class='ocrx_word' id='word_1_178' title='bbox 3161 1144 3441 1214; x_wconf 89' lang='lat' dir='ltr'><strong>judicandi</strong></span> 
     </span>
    </p>
   </div>
   <div class='ocr_carea' id='block_1_24' title="bbox 1871 1237 3434 1313">
    <p class='ocr_par' dir='ltr' id='par_1_24' title="bbox 1871 1237 3434 1313">
     <span class='ocr_line' id='line_1_24' title="bbox 1871 1237 3434 1313; baseline -0.003 -18"><span class='ocrx_word' id='word_1_179' title='bbox 1871 1252 2136 1313; x_wconf 87' lang='lat' dir='ltr'><strong>potestate</strong></span> <span class='ocrx_word' id='word_1_180' title='bbox 2198 1243 2342 1295; x_wconf 83' lang='lat' dir='ltr'><strong>illam</strong></span> <span class='ocrx_word' id='word_1_181' title='bbox 2392 1242 2670 1310; x_wconf 90' lang='lat' dir='ltr'><strong>accepisse</strong></span> <span class='ocrx_word' id='word_1_182' title='bbox 2731 1241 2966 1305; x_wconf 84' lang='lat' dir='ltr'><strong>dicitur,</strong></span> <span class='ocrx_word' id='word_1_183' title='bbox 3017 1250 3131 1292; x_wconf 86' lang='lat' dir='ltr'><strong>esto</strong></span> <span class='ocrx_word' id='word_1_184' title='bbox 3185 1248 3242 1291; x_wconf 91' lang='lat' dir='ltr'><strong>ut</strong></span> <span class='ocrx_word' id='word_1_185' title='bbox 3292 1237 3434 1291; x_wconf 88' lang='lat' dir='ltr'><strong>Deos</strong></span> 
     </span>
    </p>
   </div>
   <div class='ocr_carea' id='block_1_25' title="bbox 1870 1331 3442 1402">
    <p class='ocr_par' dir='ltr' id='par_1_25' title="bbox 1870 1331 3442 1402">
     <span class='ocr_line' id='line_1_25' title="bbox 1870 1331 3442 1402; baseline -0.005 -14"><span class='ocrx_word' id='word_1_186' title='bbox 1870 1335 2109 1388; x_wconf 90' lang='lat' dir='ltr'><strong>omnium</strong></span> <span class='ocrx_word' id='word_1_187' title='bbox 2129 1333 2292 1402; x_wconf 79' lang='lat' dir='ltr'><strong>judex</strong></span> <span class='ocrx_word' id='word_1_188' title='bbox 2320 1335 2567 1388; x_wconf 79' lang='lat' dir='ltr'><strong>exsistat.</strong></span> <span class='ocrx_word' id='word_1_189' title='bbox 2595 1333 2760 1388; x_wconf 82' lang='lat' dir='ltr'><strong>Porro</strong></span> <span class='ocrx_word' id='word_1_190' title='bbox 2779 1344 2958 1387; x_wconf 87' lang='lat' dir='ltr'><strong>autem</strong></span> <span class='ocrx_word' id='word_1_191' title='bbox 2989 1348 3106 1401; x_wconf 82' lang='lat' dir='ltr'><strong>quae</strong></span> <span class='ocrx_word' id='word_1_192' title='bbox 3139 1331 3442 1399; x_wconf 87' lang='lat' dir='ltr'><strong>suscipien-</strong></span> 
     </span>
    </p>
   </div>
   <div class='ocr_carea' id='block_1_26' title="bbox 1872 1424 3438 1496">
    <p class='ocr_par' dir='ltr' id='par_1_26' title="bbox 1872 1424 3438 1496">
     <span class='ocr_line' id='line_1_26' title="bbox 1872 1424 3438 1496; baseline -0.001 -18"><span class='ocrx_word' id='word_1_193' title='bbox 1872 1425 1922 1478; x_wconf 89' lang='lat' dir='ltr'><strong>di</strong></span> <span class='ocrx_word' id='word_1_194' title='bbox 1956 1426 2408 1491; x_wconf 83' lang='lat' dir='ltr'><strong>exstiteritratio,</strong></span> <span class='ocrx_word' id='word_1_195' title='bbox 2461 1427 2514 1480; x_wconf 91' lang='lat' dir='ltr'><strong>id</strong></span> <span class='ocrx_word' id='word_1_196' title='bbox 2572 1427 2684 1496; x_wconf 82' lang='lat' dir='ltr'><strong>ipse</strong></span> <span class='ocrx_word' id='word_1_197' title='bbox 2740 1427 2997 1490; x_wconf 81' lang='lat' dir='ltr'><strong>insinuat,</strong></span> <span class='ocrx_word' id='word_1_198' title='bbox 3063 1426 3188 1477; x_wconf 91' lang='lat' dir='ltr'><strong>dum</strong></span> <span class='ocrx_word' id='word_1_199' title='bbox 3248 1424 3438 1476; x_wconf 80' lang='lat' dir='ltr'><strong>addit:</strong></span> 
     </span>
    </p>
   </div>
   <div class='ocr_carea' id='block_1_27' title="bbox 1876 1513 3441 1583">
    <p class='ocr_par' dir='ltr' id='par_1_27' title="bbox 1876 1513 3441 1583">
     <span class='ocr_line' id='line_1_27' title="bbox 1876 1513 3441 1583; baseline 0 -19"><span class='ocrx_word' id='word_1_200' title='bbox 1876 1532 1894 1564; x_wconf 77' lang='grc' dir='ltr'><strong>ι</strong></span> <span class='ocrx_word' id='word_1_201' title='bbox 1930 1513 2065 1579; x_wconf 83' lang='lat' dir='ltr'><strong>Quia</strong></span> <span class='ocrx_word' id='word_1_202' title='bbox 2107 1514 2275 1568; x_wconf 80' lang='lat' dir='ltr'><strong>Filius</strong></span> <span class='ocrx_word' id='word_1_203' title='bbox 2334 1517 2566 1570; x_wconf 85' lang='lat' dir='ltr'><strong>hominis</strong></span> <span class='ocrx_word' id='word_1_204' title='bbox 2595 1525 2697 1572; x_wconf 88' lang='lat' dir='ltr'><strong>est.</strong></span> <span class='ocrx_word' id='word_1_205' title='bbox 2739 1534 2758 1568; x_wconf 75' lang='grc' dir='ltr'><strong>ι</strong></span> <span class='ocrx_word' id='word_1_206' title='bbox 2800 1515 2913 1570; x_wconf 86' lang='lat' dir='ltr'><strong>Non</strong></span> <span class='ocrx_word' id='word_1_207' title='bbox 2967 1515 3111 1569; x_wconf 88' lang='lat' dir='ltr'><strong>enim</strong></span> <span class='ocrx_word' id='word_1_208' title='bbox 3162 1514 3441 1583; x_wconf 85' lang='lat' dir='ltr'><strong>proprium</strong></span> 
     </span>
    </p>
   </div>
   <div class='ocr_carea' id='block_1_28' title="bbox 182 1602 3444 1676">
    <p class='ocr_par' dir='ltr' id='par_1_28' title="bbox 182 1602 3444 1676">
     <span class='ocr_line' id='line_1_28' title="bbox 182 1602 3444 1676; baseline -0.001 -19"><span class='ocrx_word' id='word_1_209' title='bbox 182 1615 270 1657; x_wconf 85' lang='lat' dir='ltr'><strong>est</strong></span> <span class='ocrx_word' id='word_1_210' title='bbox 306 1605 510 1658; x_wconf 85' lang='lat' dir='ltr'><strong>homini</strong></span> <span class='ocrx_word' id='word_1_211' title='bbox 561 1607 725 1660; x_wconf 83' lang='lat' dir='ltr'><strong>vitam</strong></span> <span class='ocrx_word' id='word_1_212' title='bbox 761 1624 790 1660; x_wconf 88' lang='lat' dir='ltr'><strong>a</strong></span> <span class='ocrx_word' id='word_1_213' title='bbox 832 1607 1122 1676; x_wconf 84' lang='lat' dir='ltr'><strong>semetipso</strong></span> <span class='ocrx_word' id='word_1_214' title='bbox 1165 1607 1364 1660; x_wconf 88' lang='lat' dir='ltr'><strong>habere</strong></span> <span class='ocrx_word' id='word_1_215' title='bbox 1399 1620 1556 1672; x_wconf 78' lang='lat' dir='ltr'><strong>posse</strong></span> <span class='ocrx_word' id='word_1_216' title='bbox 1593 1623 1605 1658; x_wconf 92' lang='lat'><strong>:</strong></span> <span class='ocrx_word' id='word_1_217' title='bbox 1665 1605 1756 1659; x_wconf 88' lang='lat' dir='ltr'><strong>sed</strong></span> <span class='ocrx_word' id='word_1_218' title='bbox 1799 1605 1924 1674; x_wconf 89' lang='lat' dir='ltr'><strong>quia</strong></span> <span class='ocrx_word' id='word_1_219' title='bbox 1998 1619 2191 1672; x_wconf 88' lang='lat' dir='ltr'><strong>corpus</strong></span> <span class='ocrx_word' id='word_1_220' title='bbox 2239 1605 2420 1659; x_wconf 78' lang='lat' dir='ltr'><strong>Verbo</strong></span> <span class='ocrx_word' id='word_1_221' title='bbox 2466 1607 2673 1660; x_wconf 90' lang='lat' dir='ltr'><strong>unitum</strong></span> <span class='ocrx_word' id='word_1_222' title='bbox 2731 1605 2962 1660; x_wconf 82' lang='lat' dir='ltr'><strong>viventis</strong></span> <span class='ocrx_word' id='word_1_223' title='bbox 3007 1605 3165 1658; x_wconf 86' lang='lat' dir='ltr'><strong>Verbi</strong></span> <span class='ocrx_word' id='word_1_224' title='bbox 3244 1602 3444 1656; x_wconf 82' lang='lat' dir='ltr'><strong>factum</strong></span> 
     </span>
    </p>
   </div>
   <div class='ocr_carea' id='block_1_29' title="bbox 184 1693 3446 1765">
    <p class='ocr_par' dir='ltr' id='par_1_29' title="bbox 184 1693 3446 1765">
     <span class='ocr_line' id='line_1_29' title="bbox 184 1693 3446 1765; baseline 0.001 -19"><span class='ocrx_word' id='word_1_225' title='bbox 184 1704 267 1748; x_wconf 86' lang='lat' dir='ltr'><strong>est</strong></span> <span class='ocrx_word' id='word_1_226' title='bbox 315 1695 616 1764; x_wconf 87' lang='lat' dir='ltr'><strong>preprium,</strong></span> <span class='ocrx_word' id='word_1_227' title='bbox 680 1706 989 1765; x_wconf 81' lang='lat' dir='ltr'><strong>propterea,</strong></span> <span class='ocrx_word' id='word_1_228' title='bbox 1034 1701 1090 1750; x_wconf 80' lang='lat' dir='ltr'><strong>et</strong></span> <span class='ocrx_word' id='word_1_229' title='bbox 1121 1695 1171 1749; x_wconf 91' lang='lat' dir='ltr'><strong>id</strong></span> <span class='ocrx_word' id='word_1_230' title='bbox 1241 1696 1464 1765; x_wconf 87' lang='lat' dir='ltr'><strong>quidem</strong></span> <span class='ocrx_word' id='word_1_231' title='bbox 1496 1693 1786 1748; x_wconf 81' lang='lat' dir='ltr'><strong>admodum</strong></span> <span class='ocrx_word' id='word_1_232' title='bbox 1863 1695 2268 1758; x_wconf 85' lang='lat' dir='ltr'><strong>convenienter,</strong></span> <span class='ocrx_word' id='word_1_233' title='bbox 2328 1695 2493 1748; x_wconf 91' lang='lat' dir='ltr'><strong>vitam</strong></span> <span class='ocrx_word' id='word_1_234' title='bbox 2563 1697 2838 1764; x_wconf 87' lang='lat' dir='ltr'><strong>accepisse</strong></span> <span class='ocrx_word' id='word_1_235' title='bbox 2897 1697 3138 1759; x_wconf 89' lang='lat' dir='ltr'><strong>dicitur,</strong></span> <span class='ocrx_word' id='word_1_236' title='bbox 3192 1703 3446 1764; x_wconf 87' lang='lat' dir='ltr'><strong>tanquam</strong></span> 
     </span>
    </p>
   </div>
   <div class='ocr_carea' id='block_1_30' title="bbox 184 1790 3447 1863">
    <p class='ocr_par' dir='ltr' id='par_1_30' title="bbox 184 1790 3447 1863">
     <span class='ocr_line' id='line_1_30' title="bbox 184 1790 3447 1863; baseline 0.001 -22"><span class='ocrx_word' id='word_1_237' title='bbox 184 1791 453 1844; x_wconf 72' lang='lat' dir='ltr'><strong>vitilieam</strong></span> <span class='ocrx_word' id='word_1_238' title='bbox 508 1791 677 1859; x_wconf 88' lang='lat' dir='ltr'><strong>ipsius</strong></span> <span class='ocrx_word' id='word_1_239' title='bbox 721 1792 996 1846; x_wconf 86' lang='lat' dir='ltr'><strong>actionem</strong></span> <span class='ocrx_word' id='word_1_240' title='bbox 1051 1792 1280 1846; x_wconf 87' lang='lat' dir='ltr'><strong>habens.</strong></span> <span class='ocrx_word' id='word_1_241' title='bbox 1315 1791 1446 1845; x_wconf 73' lang='lat' dir='ltr'><strong>Item</strong></span> <span class='ocrx_word' id='word_1_242' title='bbox 1514 1806 1641 1846; x_wconf 90' lang='lat' dir='ltr'><strong>vero</strong></span> <span class='ocrx_word' id='word_1_243' title='bbox 1701 1790 1814 1859; x_wconf 90' lang='lat' dir='ltr'><strong>ipse</strong></span> <span class='ocrx_word' id='word_1_244' title='bbox 1853 1790 1904 1844; x_wconf 90' lang='lat' dir='ltr'><strong>in</strong></span> <span class='ocrx_word' id='word_1_245' title='bbox 1974 1806 2033 1845; x_wconf 87' lang='lat' dir='ltr'><strong>se</strong></span> <span class='ocrx_word' id='word_1_246' title='bbox 2073 1790 2352 1858; x_wconf 80' lang='lat' dir='ltr'><strong>transfert,</strong></span> <span class='ocrx_word' id='word_1_247' title='bbox 2398 1791 2555 1862; x_wconf 83' lang='lat' dir='ltr'><strong>cujus</strong></span> <span class='ocrx_word' id='word_1_248' title='bbox 2606 1792 2886 1863; x_wconf 87' lang='lat' dir='ltr'><strong>propriqu</strong></span> <span class='ocrx_word' id='word_1_249' title='bbox 2939 1792 3137 1845; x_wconf 76' lang='lat' dir='ltr'><strong>factum</strong></span> <span class='ocrx_word' id='word_1_250' title='bbox 3182 1801 3264 1846; x_wconf 88' lang='lat' dir='ltr'><strong>est</strong></span> <span class='ocrx_word' id='word_1_251' title='bbox 3315 1790 3447 1845; x_wconf 89' lang='lat' dir='ltr'><strong>illud</strong></span> 
     </span>
    </p>
   </div>
   <div class='ocr_carea' id='block_1_31' title="bbox 185 1882 1054 1953">
    <p class='ocr_par' dir='ltr' id='par_1_31' title="bbox 185 1882 1054 1953">
     <span class='ocr_line' id='line_1_31' title="bbox 185 1882 1054 1953; baseline -0.001 -16"><span class='ocrx_word' id='word_1_252' title='bbox 185 1899 405 1953; x_wconf 77' lang='lat' dir='ltr'><strong>corpus,</strong></span> <span class='ocrx_word' id='word_1_253' title='bbox 450 1885 590 1952; x_wconf 87' lang='lat' dir='ltr'><strong>quod</strong></span> <span class='ocrx_word' id='word_1_254' title='bbox 624 1884 792 1936; x_wconf 89' lang='lat' dir='ltr'><strong>vitam</strong></span> <span class='ocrx_word' id='word_1_255' title='bbox 825 1882 1054 1951; x_wconf 86' lang='lat' dir='ltr'><strong>accepit.</strong></span> 
     </span>
    </p>
   </div>
   <div class='ocr_carea' id='block_1_32' title="bbox 187 2008 1791 2098">
    <p class='ocr_par' dir='ltr' id='par_1_32' title="bbox 187 2018 1766 2098">
     <span class='ocr_line' id='line_1_32' title="bbox 187 2018 1766 2098; baseline -0.001 -22"><span class='ocrx_word' id='word_1_256' title='bbox 187 2026 311 2078; x_wconf 81' lang='grc' dir='ltr'><strong>Ὅτι</strong></span> <span class='ocrx_word' id='word_1_257' title='bbox 342 2023 458 2098; x_wconf 57' lang='lat' dir='ltr'><strong>xii)&quot;</strong></span> <span class='ocrx_word' id='word_1_258' title='bbox 484 2024 621 2098; x_wconf 58' lang='grc' dir='ltr'><strong>ηζς</strong></span> <span class='ocrx_word' id='word_1_259' title='bbox 649 2023 962 2098; x_wconf 46' lang='lat' dir='ltr'><strong>iii-090.101)</strong></span> <span class='ocrx_word' id='word_1_260' title='bbox 990 2019 1233 2098; x_wconf 62' lang='grc' dir='ltr'>λέγηται</span> <span class='ocrx_word' id='word_1_261' title='bbox 1328 2020 1600 2098; x_wconf 67' lang='grc' dir='ltr'>Χριᾳτὸς,</span> <span class='ocrx_word' id='word_1_262' title='bbox 1629 2018 1766 2074; x_wconf 66' lang='grc' dir='ltr'><strong>ἀλλ’</strong></span> 
     </span>
    </p>
   </div>
   <div class='ocr_carea' id='block_1_33' title="bbox 1875 2008 3377 2098">
    <p class='ocr_par' dir='ltr' id='par_1_33' title="bbox 1945 2020 3377 2098">
     <span class='ocr_line' id='line_1_33' title="bbox 1945 2020 3377 2098; baseline -0.001 -23"><span class='ocrx_word' id='word_1_263' title='bbox 1945 2022 2099 2088; x_wconf 83' lang='lat' dir='ltr'><strong>Quod</strong></span> <span class='ocrx_word' id='word_1_264' title='bbox 2143 2022 2583 2098; x_wconf 23' lang='lat' dir='ltr'><strong>Christtts‘ver‘us</strong></span> <span class='ocrx_word' id='word_1_265' title='bbox 2628 2024 2693 2076; x_wconf 78' lang='lat' dir='ltr'><strong>sit</strong></span> <span class='ocrx_word' id='word_1_266' title='bbox 2738 2021 2892 2098; x_wconf 68' lang='lat' dir='ltr'><strong>Dens,</strong></span> <span class='ocrx_word' id='word_1_267' title='bbox 2937 2022 3145 2074; x_wconf 79' lang='lat' dir='ltr'><strong>etiamsi</strong></span> <span class='ocrx_word' id='word_1_268' title='bbox 3201 2020 3377 2075; x_wconf 70' lang='lat' dir='ltr'><strong>Filius</strong></span> 
     </span>
    </p>
   </div>
   <div class='ocr_carea' id='block_1_34' title="bbox 433 2088 1510 2162">
    <p class='ocr_par' dir='ltr' id='par_1_34' title="bbox 433 2088 1510 2162">
     <span class='ocr_line' id='line_1_34' title="bbox 433 2088 1510 2162; baseline -0.001 -17"><span class='ocrx_word' id='word_1_269' title='bbox 433 2088 614 2146; x_wconf 75' lang='grc' dir='ltr'><strong>ὸὺδὲν</strong></span> <span class='ocrx_word' id='word_1_270' title='bbox 642 2088 824 2162; x_wconf 55' lang='lat' dir='ltr'><strong>amr</strong></span> <span class='ocrx_word' id='word_1_271' title='bbox 860 2092 992 2144; x_wconf 84' lang='grc' dir='ltr'>ἐστι</span> <span class='ocrx_word' id='word_1_272' title='bbox 1027 2095 1170 2154; x_wconf 74' lang='grc' dir='ltr'>Θεὸς</span> <span class='ocrx_word' id='word_1_273' title='bbox 1202 2088 1510 2159; x_wconf 73' lang='grc' dir='ltr'>ἀληθινός.</span> 
     </span>
    </p>
   </div>
   <div class='ocr_carea' id='block_1_35' title="bbox 252 2221 1769 2296">
    <p class='ocr_par' dir='ltr' id='par_1_35' title="bbox 252 2221 1769 2296">
     <span class='ocr_line' id='line_1_35' title="bbox 252 2221 1769 2296; baseline -0.001 -19"><span class='ocrx_word' id='word_1_274' title='bbox 252 2226 387 2277; x_wconf 86' lang='lat' dir='ltr'><strong>NII&#39;.</strong></span> <span class='ocrx_word' id='word_1_275' title='bbox 427 2223 598 2286; x_wconf 67' lang='grc' dir='ltr'>Αὐτός</span> <span class='ocrx_word' id='word_1_276' title='bbox 625 2223 725 2275; x_wconf 76' lang='grc' dir='ltr'>πού</span> <span class='ocrx_word' id='word_1_277' title='bbox 749 2241 910 2292; x_wconf 85' lang='grc' dir='ltr'>φησιν</span> <span class='ocrx_word' id='word_1_278' title='bbox 932 2225 960 2275; x_wconf 90' lang='lat'><strong>6</strong></span> <span class='ocrx_word' id='word_1_279' title='bbox 983 2221 1186 2292; x_wconf 77' lang='grc' dir='ltr'>Κύριος</span> <span class='ocrx_word' id='word_1_280' title='bbox 1211 2221 1368 2294; x_wconf 76' lang='grc' dir='ltr'>ἡμῶν</span> <span class='ocrx_word' id='word_1_281' title='bbox 1405 2223 1610 2294; x_wconf 78' lang='grc' dir='ltr'>Ἰησοῦς</span> <span class='ocrx_word' id='word_1_282' title='bbox 1635 2226 1769 2296; x_wconf 85' lang='grc' dir='ltr'>Χρι-</span> 
     </span>
    </p>
   </div>
   <div class='ocr_carea' id='block_1_36' title="bbox 186 2313 1769 2390">
    <p class='ocr_par' dir='ltr' id='par_1_36' title="bbox 186 2313 1769 2390">
     <span class='ocr_line' id='line_1_36' title="bbox 186 2313 1769 2390; baseline 0.001 -21"><span class='ocrx_word' id='word_1_283' title='bbox 186 2319 328 2380; x_wconf 76' lang='grc' dir='ltr'>στός.</span> <span class='ocrx_word' id='word_1_284' title='bbox 367 2336 383 2367; x_wconf 79' lang='grc' dir='ltr'><strong>ι</strong></span> <span class='ocrx_word' id='word_1_285' title='bbox 414 2313 563 2386; x_wconf 74' lang='grc' dir='ltr'><strong>τΑρά</strong></span> <span class='ocrx_word' id='word_1_286' title='bbox 595 2332 658 2383; x_wconf 89' lang='grc' dir='ltr'><strong>γε</strong></span> <span class='ocrx_word' id='word_1_287' title='bbox 685 2314 854 2368; x_wconf 82' lang='grc' dir='ltr'>ἐλθὼν</span> <span class='ocrx_word' id='word_1_288' title='bbox 877 2316 904 2368; x_wconf 97' lang='lat'><strong>6</strong></span> <span class='ocrx_word' id='word_1_289' title='bbox 939 2316 1063 2378; x_wconf 79' lang='grc' dir='ltr'>Υἱὸς</span> <span class='ocrx_word' id='word_1_290' title='bbox 1095 2315 1189 2368; x_wconf 81' lang='grc' dir='ltr'>τοῦ</span> <span class='ocrx_word' id='word_1_291' title='bbox 1224 2316 1511 2388; x_wconf 84' lang='grc' dir='ltr'>ἀνθρώπου</span> <span class='ocrx_word' id='word_1_292' title='bbox 1547 2320 1769 2390; x_wconf 75' lang='grc' dir='ltr'>εὑρήσει</span> 
     </span>
    </p>
   </div>
   <div class='ocr_carea' id='block_1_37' title="bbox 182 2407 1770 2479">
    <p class='ocr_par' dir='ltr' id='par_1_37' title="bbox 182 2407 1770 2479">
     <span class='ocr_line' id='line_1_37' title="bbox 182 2407 1770 2479; baseline 0.003 -19"><span class='ocrx_word' id='word_1_293' title='bbox 182 2409 281 2477; x_wconf 79' lang='grc' dir='ltr'>τὴν</span> <span class='ocrx_word' id='word_1_294' title='bbox 329 2408 510 2460; x_wconf 83' lang='grc' dir='ltr'>πίστιν</span> <span class='ocrx_word' id='word_1_295' title='bbox 545 2409 635 2460; x_wconf 73' lang='grc' dir='ltr'><strong>ἐπὶ</strong></span> <span class='ocrx_word' id='word_1_296' title='bbox 687 2407 786 2476; x_wconf 78' lang='grc' dir='ltr'>τῆς</span> <span class='ocrx_word' id='word_1_297' title='bbox 825 2408 962 2478; x_wconf 85' lang='grc' dir='ltr'>γῆς;</span> <span class='ocrx_word' id='word_1_298' title='bbox 994 2427 1010 2458; x_wconf 74' lang='grc' dir='ltr'><strong>ι</strong></span> <span class='ocrx_word' id='word_1_299' title='bbox 1048 2409 1183 2479; x_wconf 81' lang='grc' dir='ltr'>Φέρε</span> <span class='ocrx_word' id='word_1_300' title='bbox 1228 2409 1292 2478; x_wconf 84' lang='grc' dir='ltr'>δὴ</span> <span class='ocrx_word' id='word_1_301' title='bbox 1334 2409 1494 2462; x_wconf 84' lang='grc' dir='ltr'>πάλιν</span> <span class='ocrx_word' id='word_1_302' title='bbox 1539 2411 1629 2464; x_wconf 82' lang='grc' dir='ltr'><strong>τὸν</strong></span> <span class='ocrx_word' id='word_1_303' title='bbox 1663 2411 1770 2464; x_wconf 82' lang='grc' dir='ltr'>τῶν</span> 
     </span>
    </p>
   </div>
   <div class='ocr_carea' id='block_1_38' title="bbox 183 2499 1769 2573">
    <p class='ocr_par' dir='ltr' id='par_1_38' title="bbox 183 2499 1769 2573">
     <span class='ocr_line' id='line_1_38' title="bbox 183 2499 1769 2573; baseline 0.003 -22"><span class='ocrx_word' id='word_1_304' title='bbox 183 2501 488 2570; x_wconf 77' lang='grc' dir='ltr'>εἰρημένων</span> <span class='ocrx_word' id='word_1_305' title='bbox 515 2499 890 2570; x_wconf 74' lang='grc' dir='ltr'>βασανίζοντες</span> <span class='ocrx_word' id='word_1_306' title='bbox 913 2499 1056 2561; x_wconf 73' lang='grc' dir='ltr'>νοῦν,</span> <span class='ocrx_word' id='word_1_307' title='bbox 1085 2502 1261 2553; x_wconf 82' lang='grc' dir='ltr'>έκεῖνο</span> <span class='ocrx_word' id='word_1_308' title='bbox 1289 2503 1769 2573; x_wconf 86' lang='grc' dir='ltr'>περιαθρήσωμεν,</span> 
     </span>
    </p>
   </div>
   <div class='ocr_carea' id='block_1_39' title="bbox 185 2592 1772 2663">
    <p class='ocr_par' dir='ltr' id='par_1_39' title="bbox 185 2592 1772 2663">
     <span class='ocr_line' id='line_1_39' title="bbox 185 2592 1772 2663; baseline 0.001 -19"><span class='ocrx_word' id='word_1_309' title='bbox 185 2595 346 2645; x_wconf 82' lang='grc' dir='ltr'>ποίαν</span> <span class='ocrx_word' id='word_1_310' title='bbox 399 2592 621 2663; x_wconf 75' lang='grc' dir='ltr'><strong>ζητήσει</strong></span> <span class='ocrx_word' id='word_1_311' title='bbox 673 2592 854 2644; x_wconf 84' lang='grc' dir='ltr'>πίστιν</span> <span class='ocrx_word' id='word_1_312' title='bbox 887 2592 976 2642; x_wconf 70' lang='grc' dir='ltr'><strong>ἐπὶ</strong></span> <span class='ocrx_word' id='word_1_313' title='bbox 1025 2592 1120 2660; x_wconf 85' lang='grc' dir='ltr'>τῆς</span> <span class='ocrx_word' id='word_1_314' title='bbox 1161 2593 1261 2662; x_wconf 83' lang='grc' dir='ltr'><strong>γῆς</strong></span> <span class='ocrx_word' id='word_1_315' title='bbox 1307 2593 1678 2663; x_wconf 77' lang='grc' dir='ltr'>ὑπονοστήσας</span> <span class='ocrx_word' id='word_1_316' title='bbox 1714 2595 1772 2658; x_wconf 79' lang='grc' dir='ltr'><strong>ἐξ</strong></span> 
     </span>
    </p>
   </div>
   <div class='ocr_carea' id='block_1_40' title="bbox 183 2681 1769 2753">
    <p class='ocr_par' dir='ltr' id='par_1_40' title="bbox 183 2681 1769 2753">
     <span class='ocr_line' id='line_1_40' title="bbox 183 2681 1769 2753; baseline 0.001 -19"><span class='ocrx_word' id='word_1_317' title='bbox 183 2683 430 2750; x_wconf 72' lang='grc' dir='ltr'>οὐρανῶν</span> <span class='ocrx_word' id='word_1_318' title='bbox 473 2684 500 2733; x_wconf 92' lang='lat'><strong>6</strong></span> <span class='ocrx_word' id='word_1_319' title='bbox 547 2682 748 2751; x_wconf 78' lang='grc' dir='ltr'>Κύριος</span> <span class='ocrx_word' id='word_1_320' title='bbox 797 2682 957 2749; x_wconf 83' lang='grc' dir='ltr'>ἡμῶν</span> <span class='ocrx_word' id='word_1_321' title='bbox 998 2681 1205 2750; x_wconf 78' lang='grc' dir='ltr'>Ἰησοῦς</span> <span class='ocrx_word' id='word_1_322' title='bbox 1253 2683 1522 2750; x_wconf 88' lang='grc' dir='ltr'>Χριστός;</span> <span class='ocrx_word' id='word_1_323' title='bbox 1562 2685 1623 2735; x_wconf 78' lang='lat' dir='ltr'><strong>Ei</strong></span> <span class='ocrx_word' id='word_1_324' title='bbox 1673 2686 1769 2753; x_wconf 81' lang='grc' dir='ltr'><strong>μὲν</strong></span> 
     </span>
    </p>
   </div>
   <div class='ocr_carea' id='block_1_41' title="bbox 183 2771 1770 2844">
    <p class='ocr_par' dir='ltr' id='par_1_41' title="bbox 183 2771 1770 2844">
     <span class='ocr_line' id='line_1_41' title="bbox 183 2771 1770 2844; baseline 0.001 -20"><span class='ocrx_word' id='word_1_325' title='bbox 183 2776 295 2844; x_wconf 80' lang='grc' dir='ltr'><strong>γὰρ</strong></span> <span class='ocrx_word' id='word_1_326' title='bbox 329 2771 680 2826; x_wconf 74' lang='grc' dir='ltr'>πιστεύεσθαι</span> <span class='ocrx_word' id='word_1_327' title='bbox 712 2772 847 2843; x_wconf 86' lang='grc' dir='ltr'>πρὸς</span> <span class='ocrx_word' id='word_1_328' title='bbox 880 2772 1036 2841; x_wconf 76' lang='grc' dir='ltr'>ἡμῶν</span> <span class='ocrx_word' id='word_1_329' title='bbox 1061 2771 1252 2835; x_wconf 80' lang='grc' dir='ltr'>ἐθέλει,</span> <span class='ocrx_word' id='word_1_330' title='bbox 1278 2772 1357 2824; x_wconf 84' lang='grc' dir='ltr'><strong>ὅτι</strong></span> <span class='ocrx_word' id='word_1_331' title='bbox 1382 2772 1512 2835; x_wconf 71' lang='grc' dir='ltr'>Θεὸς</span> <span class='ocrx_word' id='word_1_332' title='bbox 1545 2774 1642 2842; x_wconf 77' lang='grc' dir='ltr'>μὲν</span> <span class='ocrx_word' id='word_1_333' title='bbox 1671 2776 1770 2826; x_wconf 69' lang='grc' dir='ltr'>οὐκ</span> 
     </span>
    </p>
   </div>
   <div class='ocr_carea' id='block_1_42' title="bbox 185 2859 1771 2930">
    <p class='ocr_par' dir='ltr' id='par_1_42' title="bbox 185 2859 1771 2930">
     <span class='ocr_line' id='line_1_42' title="bbox 185 2859 1771 2930; baseline 0.002 -17"><span class='ocrx_word' id='word_1_334' title='bbox 185 2862 357 2923; x_wconf 81' lang='grc' dir='ltr'>ἐστιν,</span> <span class='ocrx_word' id='word_1_335' title='bbox 389 2862 510 2913; x_wconf 79' lang='grc' dir='ltr'>οὐδὲ</span> <span class='ocrx_word' id='word_1_336' title='bbox 538 2861 670 2922; x_wconf 74' lang='grc' dir='ltr'>Θεὸς</span> <span class='ocrx_word' id='word_1_337' title='bbox 703 2859 939 2929; x_wconf 81' lang='grc' dir='ltr'>ἀληθῶς,</span> <span class='ocrx_word' id='word_1_338' title='bbox 969 2859 1253 2929; x_wconf 83' lang='grc' dir='ltr'>ἄνθρωπος</span> <span class='ocrx_word' id='word_1_339' title='bbox 1284 2860 1338 2912; x_wconf 84' lang='grc' dir='ltr'><strong>δὲ</strong></span> <span class='ocrx_word' id='word_1_340' title='bbox 1369 2861 1586 2930; x_wconf 82' lang='grc' dir='ltr'>μᾶλλον,</span> <span class='ocrx_word' id='word_1_341' title='bbox 1617 2863 1771 2916; x_wconf 77' lang='grc' dir='ltr'>οὐδὲν</span> 
     </span>
    </p>
   </div>
   <div class='ocr_carea' id='block_1_43' title="bbox 186 2949 1766 3023">
    <p class='ocr_par' dir='ltr' id='par_1_43' title="bbox 186 2949 1766 3023">
     <span class='ocr_line' id='line_1_43' title="bbox 186 2949 1766 3023; baseline 0.001 -20"><span class='ocrx_word' id='word_1_342' title='bbox 186 2954 328 3023; x_wconf 74' lang='grc' dir='ltr'>ἔχων</span> <span class='ocrx_word' id='word_1_343' title='bbox 353 2955 459 3006; x_wconf 84' lang='grc' dir='ltr'><strong>τῶν</strong></span> <span class='ocrx_word' id='word_1_344' title='bbox 485 2954 605 3005; x_wconf 77' lang='grc' dir='ltr'>καθ’</span> <span class='ocrx_word' id='word_1_345' title='bbox 629 2954 772 3023; x_wconf 73' lang='grc' dir='ltr'>ἡμᾶς</span> <span class='ocrx_word' id='word_1_346' title='bbox 801 2951 1056 3003; x_wconf 73' lang='grc' dir='ltr'>ἐπέκεινα</span> <span class='ocrx_word' id='word_1_347' title='bbox 1075 2971 1087 2982; x_wconf 76' lang='grc' dir='ltr'><strong><em>ο</em></strong></span> <span class='ocrx_word' id='word_1_348' title='bbox 1119 2949 1234 3012; x_wconf 85' lang='grc' dir='ltr'><strong>πῶς</strong></span> <span class='ocrx_word' id='word_1_349' title='bbox 1257 2949 1320 3003; x_wconf 83' lang='grc' dir='ltr'><strong>ἂν</strong></span> <span class='ocrx_word' id='word_1_350' title='bbox 1349 2951 1638 3004; x_wconf 83' lang='grc' dir='ltr'>ἐνδοιάσειέ</span> <span class='ocrx_word' id='word_1_351' title='bbox 1665 2971 1766 3020; x_wconf 87' lang='grc' dir='ltr'>τις,</span> 
     </span>
    </p>
   </div>
   <div class='ocr_carea' id='block_1_44' title="bbox 187 3041 1768 3114">
    <p class='ocr_par' dir='ltr' id='par_1_44' title="bbox 187 3041 1768 3114">
     <span class='ocr_line' id='line_1_44' title="bbox 187 3041 1768 3114; baseline 0.003 -19"><span class='ocrx_word' id='word_1_352' title='bbox 187 3047 268 3096; x_wconf 75' lang='grc' dir='ltr'><strong>ὅτι</strong></span> <span class='ocrx_word' id='word_1_353' title='bbox 295 3045 391 3114; x_wconf 78' lang='grc' dir='ltr'><strong>τὴν</strong></span> <span class='ocrx_word' id='word_1_354' title='bbox 423 3044 630 3096; x_wconf 76' lang='grc' dir='ltr'>τοιάνδε</span> <span class='ocrx_word' id='word_1_355' title='bbox 665 3041 934 3111; x_wconf 71' lang='grc' dir='ltr'>διάληψιν,</span> <span class='ocrx_word' id='word_1_356' title='bbox 968 3042 1136 3112; x_wconf 77' lang='grc' dir='ltr'>ἤγουν</span> <span class='ocrx_word' id='word_1_357' title='bbox 1171 3042 1352 3096; x_wconf 88' lang='grc' dir='ltr'>πίστιν</span> <span class='ocrx_word' id='word_1_358' title='bbox 1380 3061 1438 3095; x_wconf 89' lang='grc' dir='ltr'><strong>τε</strong></span> <span class='ocrx_word' id='word_1_359' title='bbox 1470 3046 1562 3096; x_wconf 74' lang='grc' dir='ltr'><strong>καὶ</strong></span> <span class='ocrx_word' id='word_1_360' title='bbox 1588 3045 1768 3114; x_wconf 79' lang='grc' dir='ltr'>δόξαν,</span> 
     </span>
    </p>
   </div>
   <div class='ocr_carea' id='block_1_45' title="bbox 185 3135 1770 3209">
    <p class='ocr_par' dir='ltr' id='par_1_45' title="bbox 185 3135 1770 3209">
     <span class='ocr_line' id='line_1_45' title="bbox 185 3135 1770 3209; baseline 0 -19"><span class='ocrx_word' id='word_1_361' title='bbox 185 3141 248 3190; x_wconf 68' lang='grc' dir='ltr'>οὐ</span> <span class='ocrx_word' id='word_1_362' title='bbox 286 3139 416 3209; x_wconf 80' lang='grc' dir='ltr'>παρ’</span> <span class='ocrx_word' id='word_1_363' title='bbox 442 3139 571 3207; x_wconf 73' lang='grc' dir='ltr'>ἡμῖν</span> <span class='ocrx_word' id='word_1_364' title='bbox 602 3137 820 3206; x_wconf 75' lang='grc' dir='ltr'>εὑρήσει</span> <span class='ocrx_word' id='word_1_365' title='bbox 860 3135 1081 3206; x_wconf 79' lang='grc' dir='ltr'>μᾶλλον,</span> <span class='ocrx_word' id='word_1_366' title='bbox 1125 3136 1259 3190; x_wconf 76' lang='grc' dir='ltr'>ἀλλὰ</span> <span class='ocrx_word' id='word_1_367' title='bbox 1294 3138 1422 3208; x_wconf 81' lang='grc' dir='ltr'>παρ’</span> <span class='ocrx_word' id='word_1_368' title='bbox 1458 3138 1682 3208; x_wconf 80' lang='grc' dir='ltr'>Ἕλλησί</span> <span class='ocrx_word' id='word_1_369' title='bbox 1711 3157 1770 3191; x_wconf 88' lang='grc' dir='ltr'><strong>τε</strong></span> 
     </span>
    </p>
   </div>
   <div class='ocr_carea' id='block_1_46' title="bbox 188 3229 1774 3302">
    <p class='ocr_par' dir='ltr' id='par_1_46' title="bbox 188 3229 1774 3302">
     <span class='ocr_line' id='line_1_46' title="bbox 188 3229 1774 3302; baseline 0.001 -19"><span class='ocrx_word' id='word_1_370' title='bbox 188 3232 283 3283; x_wconf 66' lang='grc' dir='ltr'><strong>καὶ</strong></span> <span class='ocrx_word' id='word_1_371' title='bbox 322 3231 626 3296; x_wconf 81' lang='grc' dir='ltr'>Ὶουδαὶοις;</span> <span class='ocrx_word' id='word_1_372' title='bbox 661 3229 1060 3300; x_wconf 83' lang='grc' dir='ltr'>Είδωλολάτραι</span> <span class='ocrx_word' id='word_1_373' title='bbox 1093 3230 1193 3300; x_wconf 86' lang='grc' dir='ltr'><strong>μὲν</strong></span> <span class='ocrx_word' id='word_1_374' title='bbox 1228 3231 1336 3302; x_wconf 81' lang='grc' dir='ltr'><strong>γὰρ</strong></span> <span class='ocrx_word' id='word_1_375' title='bbox 1369 3233 1462 3284; x_wconf 81' lang='grc' dir='ltr'>καὶ</span> <span class='ocrx_word' id='word_1_376' title='bbox 1489 3234 1539 3284; x_wconf 81' lang='grc' dir='ltr'>οἱ</span> <span class='ocrx_word' id='word_1_377' title='bbox 1569 3235 1632 3302; x_wconf 84' lang='grc' dir='ltr'>τῇ</span> <span class='ocrx_word' id='word_1_378' title='bbox 1661 3232 1774 3284; x_wconf 83' lang='grc' dir='ltr'>κτί-</span> 
     </span>
    </p>
   </div>
   <div class='ocr_carea' id='block_1_47' title="bbox 188 3321 1772 3394">
    <p class='ocr_par' dir='ltr' id='par_1_47' title="bbox 188 3321 1772 3394">
     <span class='ocr_line' id='line_1_47' title="bbox 188 3321 1772 3394; baseline 0.002 -21"><span class='ocrx_word' id='word_1_379' title='bbox 188 3341 274 3374; x_wconf 84' lang='grc' dir='ltr'><strong>σει</strong></span> <span class='ocrx_word' id='word_1_380' title='bbox 308 3322 457 3390; x_wconf 79' lang='grc' dir='ltr'>παρὰ</span> <span class='ocrx_word' id='word_1_381' title='bbox 482 3324 572 3374; x_wconf 80' lang='grc' dir='ltr'><strong>τὸν</strong></span> <span class='ocrx_word' id='word_1_382' title='bbox 607 3321 846 3392; x_wconf 84' lang='grc' dir='ltr'>Κτίστην</span> <span class='ocrx_word' id='word_1_383' title='bbox 884 3321 1261 3393; x_wconf 84' lang='grc' dir='ltr'>λατρεύοντες,</span> <span class='ocrx_word' id='word_1_384' title='bbox 1290 3323 1518 3394; x_wconf 74' lang='grc' dir='ltr'>σταυρὸν</span> <span class='ocrx_word' id='word_1_385' title='bbox 1548 3323 1772 3376; x_wconf 82' lang='grc' dir='ltr'>ἀκούον-</span> 
     </span>
    </p>
   </div>
   <div class='ocr_carea' id='block_1_48' title="bbox 2387 2094 2951 2163">
    <p class='ocr_par' dir='ltr' id='par_1_48' title="bbox 2387 2094 2951 2163">
     <span class='ocr_line' id='line_1_48' title="bbox 2387 2094 2951 2163; baseline 0.004 -19"><span class='ocrx_word' id='word_1_386' title='bbox 2387 2095 2610 2148; x_wconf 80' lang='lat' dir='ltr'><strong>hominis</strong></span> <span class='ocrx_word' id='word_1_387' title='bbox 2639 2094 2951 2163; x_wconf 79' lang='lat' dir='ltr'><strong>appelletur.</strong></span> 
     </span>
    </p>
   </div>
   <div class='ocr_carea' id='block_1_49' title="bbox 1945 2226 3449 2283">
    <p class='ocr_par' dir='ltr' id='par_1_49' title="bbox 1945 2226 3449 2283">
     <span class='ocr_line' id='line_1_49' title="bbox 1945 2226 3449 2283; baseline -0.001 0"><span class='ocrx_word' id='word_1_388' title='bbox 1945 2227 2123 2283; x_wconf 82' lang='lat' dir='ltr'><strong>LVIII.</strong></span> <span class='ocrx_word' id='word_1_389' title='bbox 2184 2227 2449 2282; x_wconf 86' lang='lat' dir='ltr'><strong>Dominus</strong></span> <span class='ocrx_word' id='word_1_390' title='bbox 2503 2237 2694 2281; x_wconf 90' lang='lat' dir='ltr'><strong>noster</strong></span> <span class='ocrx_word' id='word_1_391' title='bbox 2741 2226 2899 2280; x_wconf 86' lang='lat' dir='ltr'><strong>Jesus</strong></span> <span class='ocrx_word' id='word_1_392' title='bbox 2945 2226 3198 2281; x_wconf 82' lang='lat' dir='ltr'><strong>Christus</strong></span> <span class='ocrx_word' id='word_1_393' title='bbox 3247 2226 3449 2282; x_wconf 79' lang='lat' dir='ltr'><strong>alicubi</strong></span> 
     </span>
    </p>
   </div>
   <div class='ocr_carea' id='block_1_50' title="bbox 1877 2318 3449 2382">
    <p class='ocr_par' dir='ltr' id='par_1_50' title="bbox 1877 2318 3449 2382">
     <span class='ocr_line' id='line_1_50' title="bbox 1877 2318 3449 2382; baseline -0.001 -6"><span class='ocrx_word' id='word_1_394' title='bbox 1877 2321 1952 2376; x_wconf 90' lang='lat' dir='ltr'><strong>ita</strong></span> <span class='ocrx_word' id='word_1_395' title='bbox 1998 2321 2109 2376; x_wconf 89' lang='lat' dir='ltr'><strong>ait:</strong></span> <span class='ocrx_word' id='word_1_396' title='bbox 2169 2339 2187 2372; x_wconf 82' lang='grc'>‹</span> <span class='ocrx_word' id='word_1_397' title='bbox 2251 2319 2642 2373; x_wconf 85' lang='lat' dir='ltr'><strong>Verumtamen</strong></span> <span class='ocrx_word' id='word_1_398' title='bbox 2698 2318 2868 2372; x_wconf 89' lang='lat' dir='ltr'><strong>Filius</strong></span> <span class='ocrx_word' id='word_1_399' title='bbox 2918 2319 3155 2374; x_wconf 89' lang='lat' dir='ltr'><strong>hominis</strong></span> <span class='ocrx_word' id='word_1_400' title='bbox 3207 2321 3449 2382; x_wconf 87' lang='lat' dir='ltr'><strong>veniens,</strong></span> 
     </span>
    </p>
   </div>
   <div class='ocr_carea' id='block_1_51' title="bbox 1878 2411 3451 2481">
    <p class='ocr_par' dir='ltr' id='par_1_51' title="bbox 1878 2411 3451 2481">
     <span class='ocr_line' id='line_1_51' title="bbox 1878 2411 3451 2481; baseline -0.001 -17"><span class='ocrx_word' id='word_1_401' title='bbox 1878 2422 2034 2481; x_wconf 90' lang='lat' dir='ltr'><strong>putas</strong></span> <span class='ocrx_word' id='word_1_402' title='bbox 2058 2412 2296 2465; x_wconf 83' lang='lat' dir='ltr'><strong>inveniet</strong></span> <span class='ocrx_word' id='word_1_403' title='bbox 2329 2411 2490 2466; x_wconf 81' lang='lat' dir='ltr'><strong>Iidem</strong></span> <span class='ocrx_word' id='word_1_404' title='bbox 2517 2412 2570 2464; x_wconf 91' lang='lat' dir='ltr'><strong>in</strong></span> <span class='ocrx_word' id='word_1_405' title='bbox 2607 2419 2754 2464; x_wconf 90' lang='lat' dir='ltr'><strong>terra</strong></span> <span class='ocrx_word' id='word_1_406' title='bbox 2781 2411 2876 2464; x_wconf 71' lang='lat'><strong>&quot;7</strong></span> <span class='ocrx_word' id='word_1_407' title='bbox 2912 2428 2929 2462; x_wconf 71' lang='grc' dir='ltr'><strong>ι</strong></span> <span class='ocrx_word' id='word_1_408' title='bbox 2968 2411 3211 2478; x_wconf 75' lang='lat' dir='ltr'><strong>Agedum</strong></span> <span class='ocrx_word' id='word_1_409' title='bbox 3255 2413 3451 2464; x_wconf 89' lang='lat' dir='ltr'><strong>horum</strong></span> 
     </span>
    </p>
   </div>
   <div class='ocr_carea' id='block_1_52' title="bbox 1877 2503 3456 2572">
    <p class='ocr_par' dir='ltr' id='par_1_52' title="bbox 1877 2503 3456 2572">
     <span class='ocr_line' id='line_1_52' title="bbox 1877 2503 3456 2572; baseline -0.003 -13"><span class='ocrx_word' id='word_1_410' title='bbox 1877 2508 2168 2559; x_wconf 88' lang='lat' dir='ltr'><strong>verborum</strong></span> <span class='ocrx_word' id='word_1_411' title='bbox 2205 2519 2426 2558; x_wconf 89' lang='lat' dir='ltr'><strong>sensum</strong></span> <span class='ocrx_word' id='word_1_412' title='bbox 2474 2505 2540 2558; x_wconf 86' lang='lat' dir='ltr'><strong>ad</strong></span> <span class='ocrx_word' id='word_1_413' title='bbox 2578 2503 2812 2558; x_wconf 85' lang='lat' dir='ltr'><strong>libellam</strong></span> <span class='ocrx_word' id='word_1_414' title='bbox 2842 2504 3232 2572; x_wconf 84' lang='lat' dir='ltr'><strong>expendentes,</strong></span> <span class='ocrx_word' id='word_1_415' title='bbox 3269 2505 3456 2557; x_wconf 89' lang='lat' dir='ltr'><strong>videa-</strong></span> 
     </span>
    </p>
   </div>
   <div class='ocr_carea' id='block_1_53' title="bbox 1879 2593 3452 2662">
    <p class='ocr_par' dir='ltr' id='par_1_53' title="bbox 1879 2593 3452 2662">
     <span class='ocr_line' id='line_1_53' title="bbox 1879 2593 3452 2662; baseline 0 -14"><span class='ocrx_word' id='word_1_416' title='bbox 1879 2611 2021 2658; x_wconf 83' lang='lat' dir='ltr'><strong>tuus,</strong></span> <span class='ocrx_word' id='word_1_417' title='bbox 2049 2595 2460 2662; x_wconf 88' lang='lat' dir='ltr'><strong>ecqualemnam</strong></span> <span class='ocrx_word' id='word_1_418' title='bbox 2509 2594 2668 2646; x_wconf 81' lang='lat' dir='ltr'><strong>ﬁdem</strong></span> <span class='ocrx_word' id='word_1_419' title='bbox 2745 2593 3004 2648; x_wconf 87' lang='lat' dir='ltr'><strong>Dominus</strong></span> <span class='ocrx_word' id='word_1_420' title='bbox 3057 2607 3244 2647; x_wconf 86' lang='lat' dir='ltr'><strong>noster</strong></span> <span class='ocrx_word' id='word_1_421' title='bbox 3292 2593 3452 2648; x_wconf 82' lang='lat' dir='ltr'><strong>Jcsus</strong></span> 
     </span>
    </p>
   </div>
   <div class='ocr_carea' id='block_1_54' title="bbox 1877 2683 3456 2754">
    <p class='ocr_par' dir='ltr' id='par_1_54' title="bbox 1877 2683 3456 2754">
     <span class='ocr_line' id='line_1_54' title="bbox 1877 2683 3456 2754; baseline 0.002 -17"><span class='ocrx_word' id='word_1_422' title='bbox 1877 2686 2132 2738; x_wconf 76' lang='lat' dir='ltr'><strong>Christus</strong></span> <span class='ocrx_word' id='word_1_423' title='bbox 2179 2685 2307 2738; x_wconf 90' lang='lat' dir='ltr'><strong>oIim</strong></span> <span class='ocrx_word' id='word_1_424' title='bbox 2352 2700 2381 2736; x_wconf 92' lang='lat' dir='ltr'><strong>e</strong></span> <span class='ocrx_word' id='word_1_425' title='bbox 2412 2683 2552 2738; x_wconf 64' lang='lat' dir='ltr'><strong>caelo</strong></span> <span class='ocrx_word' id='word_1_426' title='bbox 2599 2699 2919 2738; x_wconf 86' lang='lat' dir='ltr'><strong>reversurus</strong></span> <span class='ocrx_word' id='word_1_427' title='bbox 2971 2685 3171 2754; x_wconf 80' lang='lat' dir='ltr'><strong>exiget.</strong></span> <span class='ocrx_word' id='word_1_428' title='bbox 3225 2685 3360 2739; x_wconf 77' lang='lat' dir='ltr'><strong>Nam</strong></span> <span class='ocrx_word' id='word_1_429' title='bbox 3408 2687 3456 2740; x_wconf 85' lang='lat' dir='ltr'><strong>si</strong></span> 
     </span>
    </p>
   </div>
   <div class='ocr_carea' id='block_1_55' title="bbox 1879 2775 3448 2846">
    <p class='ocr_par' dir='ltr' id='par_1_55' title="bbox 1879 2775 3448 2846">
     <span class='ocr_line' id='line_1_55' title="bbox 1879 2775 3448 2846; baseline 0.002 -18"><span class='ocrx_word' id='word_1_430' title='bbox 1879 2776 2040 2830; x_wconf 85' lang='lat' dir='ltr'><strong>homo</strong></span> <span class='ocrx_word' id='word_1_431' title='bbox 2079 2786 2284 2829; x_wconf 84' lang='lat' dir='ltr'><strong>tantum</strong></span> <span class='ocrx_word' id='word_1_432' title='bbox 2321 2775 2463 2829; x_wconf 87' lang='lat' dir='ltr'><strong>nulla</strong></span> <span class='ocrx_word' id='word_1_433' title='bbox 2495 2791 2552 2829; x_wconf 86' lang='lat' dir='ltr'><strong>re</strong></span> <span class='ocrx_word' id='word_1_434' title='bbox 2581 2777 2797 2832; x_wconf 66' lang='lat' dir='ltr'><strong>cancris</strong></span> <span class='ocrx_word' id='word_1_435' title='bbox 2839 2787 3098 2846; x_wconf 74' lang='lat' dir='ltr'><strong>praestans</strong></span> <span class='ocrx_word' id='word_1_436' title='bbox 3131 2794 3157 2831; x_wconf 88' lang='lat' dir='ltr'><strong>a</strong></span> <span class='ocrx_word' id='word_1_437' title='bbox 3193 2778 3299 2831; x_wconf 88' lang='lat' dir='ltr'><strong>Deo</strong></span> <span class='ocrx_word' id='word_1_438' title='bbox 3347 2794 3448 2831; x_wconf 78' lang='lat' dir='ltr'><strong>no-</strong></span> 
     </span>
    </p>
   </div>
   <div class='ocr_carea' id='block_1_56' title="bbox 1879 2868 3455 2934">
    <p class='ocr_par' dir='ltr' id='par_1_56' title="bbox 1879 2868 3455 2934">
     <span class='ocr_line' id='line_1_56' title="bbox 1879 2868 3455 2934; baseline 0.002 -13"><span class='ocrx_word' id='word_1_439' title='bbox 1879 2869 1963 2921; x_wconf 93' lang='lat' dir='ltr'><strong>bis</strong></span> <span class='ocrx_word' id='word_1_440' title='bbox 2011 2868 2127 2921; x_wconf 83' lang='lat' dir='ltr'><strong>vult</strong></span> <span class='ocrx_word' id='word_1_441' title='bbox 2167 2868 2337 2931; x_wconf 89' lang='lat' dir='ltr'><strong>credi,</strong></span> <span class='ocrx_word' id='word_1_442' title='bbox 2383 2884 2488 2922; x_wconf 86' lang='lat' dir='ltr'><strong>non</strong></span> <span class='ocrx_word' id='word_1_443' title='bbox 2543 2871 2709 2922; x_wconf 91' lang='lat' dir='ltr'><strong>etiam</strong></span> <span class='ocrx_word' id='word_1_444' title='bbox 2765 2869 2938 2934; x_wconf 87' lang='lat' dir='ltr'><strong>Deus,</strong></span> <span class='ocrx_word' id='word_1_445' title='bbox 3006 2881 3098 2924; x_wconf 88' lang='lat' dir='ltr'><strong>aut</strong></span> <span class='ocrx_word' id='word_1_446' title='bbox 3151 2886 3308 2924; x_wconf 89' lang='lat' dir='ltr'><strong>verus</strong></span> <span class='ocrx_word' id='word_1_447' title='bbox 3362 2871 3455 2924; x_wconf 86' lang='lat' dir='ltr'><strong>Dei</strong></span> 
     </span>
    </p>
   </div>
   <div class='ocr_carea' id='block_1_57' title="bbox 1879 2959 3454 3026">
    <p class='ocr_par' dir='ltr' id='par_1_57' title="bbox 1879 2959 3454 3026">
     <span class='ocr_line' id='line_1_57' title="bbox 1879 2959 3454 3026; baseline 0.001 -14"><span class='ocrx_word' id='word_1_448' title='bbox 1879 2959 2074 3025; x_wconf 87' lang='lat' dir='ltr'><strong>Filius,</strong></span> <span class='ocrx_word' id='word_1_449' title='bbox 2139 2961 2409 3014; x_wconf 88' lang='lat' dir='ltr'><strong>neminem</strong></span> <span class='ocrx_word' id='word_1_450' title='bbox 2457 2961 2708 3015; x_wconf 87' lang='lat' dir='ltr'><strong>dubitare</strong></span> <span class='ocrx_word' id='word_1_451' title='bbox 2739 2961 2998 3026; x_wconf 84' lang='lat' dir='ltr'><strong>arbitror,</strong></span> <span class='ocrx_word' id='word_1_452' title='bbox 3049 2973 3227 3016; x_wconf 89' lang='lat' dir='ltr'><strong>tamen</strong></span> <span class='ocrx_word' id='word_1_453' title='bbox 3272 2964 3454 3024; x_wconf 83' lang='lat' dir='ltr'><strong>Iidem.</strong></span> 
     </span>
    </p>
   </div>
   <div class='ocr_carea' id='block_1_58' title="bbox 1880 3050 3457 3120">
    <p class='ocr_par' dir='ltr' id='par_1_58' title="bbox 1880 3050 3457 3120">
     <span class='ocr_line' id='line_1_58' title="bbox 1880 3050 3457 3120; baseline 0 -15"><span class='ocrx_word' id='word_1_454' title='bbox 1880 3051 2324 3116; x_wconf 69' lang='lat' dir='ltr'><strong>aestimationem,</strong></span> <span class='ocrx_word' id='word_1_455' title='bbox 2366 3051 2448 3102; x_wconf 84' lang='lat' dir='ltr'><strong>vel</strong></span> <span class='ocrx_word' id='word_1_456' title='bbox 2498 3050 2807 3119; x_wconf 82' lang='lat' dir='ltr'><strong>opinionem</strong></span> <span class='ocrx_word' id='word_1_457' title='bbox 2855 3050 2993 3119; x_wconf 89' lang='lat' dir='ltr'><strong>apud</strong></span> <span class='ocrx_word' id='word_1_458' title='bbox 3021 3066 3258 3120; x_wconf 79' lang='lat' dir='ltr'><strong>paganos</strong></span> <span class='ocrx_word' id='word_1_459' title='bbox 3282 3052 3457 3105; x_wconf 58' lang='lat' dir='ltr'><strong>etJuo</strong></span> 
     </span>
    </p>
   </div>
   <div class='ocr_carea' id='block_1_59' title="bbox 1882 3139 3456 3211">
    <p class='ocr_par' dir='ltr' id='par_1_59' title="bbox 1882 3139 3456 3211">
     <span class='ocr_line' id='line_1_59' title="bbox 1882 3139 3456 3211; baseline 0.001 -16"><span class='ocrx_word' id='word_1_460' title='bbox 1882 3143 2030 3196; x_wconf 68' lang='lat' dir='ltr'><strong>denos</strong></span> <span class='ocrx_word' id='word_1_461' title='bbox 2060 3139 2238 3211; x_wconf 83' lang='lat' dir='ltr'><strong>potius</strong></span> <span class='ocrx_word' id='word_1_462' title='bbox 2271 3151 2700 3210; x_wconf 86' lang='lat' dir='ltr'><strong>comperturum,</strong></span> <span class='ocrx_word' id='word_1_463' title='bbox 2735 3157 2896 3210; x_wconf 84' lang='lat' dir='ltr'><strong>quant</strong></span> <span class='ocrx_word' id='word_1_464' title='bbox 2931 3143 3071 3211; x_wconf 85' lang='lat' dir='ltr'><strong>apud</strong></span> <span class='ocrx_word' id='word_1_465' title='bbox 3112 3156 3209 3196; x_wconf 88' lang='lat' dir='ltr'><strong>nos</strong></span> <span class='ocrx_word' id='word_1_466' title='bbox 3235 3159 3247 3194; x_wconf 86' lang='lat'><strong>:</strong></span> <span class='ocrx_word' id='word_1_467' title='bbox 3278 3157 3456 3210; x_wconf 84' lang='lat' dir='ltr'><strong>quan-</strong></span> 
     </span>
    </p>
   </div>
   <div class='ocr_carea' id='block_1_60' title="bbox 1883 3232 3457 3303">
    <p class='ocr_par' dir='ltr' id='par_1_60' title="bbox 1883 3232 3457 3303">
     <span class='ocr_line' id='line_1_60' title="bbox 1883 3232 3457 3303; baseline 0.001 -16"><span class='ocrx_word' id='word_1_468' title='bbox 1883 3234 2171 3303; x_wconf 88' lang='lat' dir='ltr'><strong>doquidem</strong></span> <span class='ocrx_word' id='word_1_469' title='bbox 2229 3232 2545 3298; x_wconf 62' lang='lat' dir='ltr'><strong>idololatrm,</strong></span> <span class='ocrx_word' id='word_1_470' title='bbox 2602 3233 2896 3302; x_wconf 49' lang='lat' dir='ltr'><strong>exterique</strong></span> <span class='ocrx_word' id='word_1_471' title='bbox 2941 3235 3030 3302; x_wconf 90' lang='lat' dir='ltr'><strong>qui</strong></span> <span class='ocrx_word' id='word_1_472' title='bbox 3085 3247 3172 3286; x_wconf 90' lang='lat' dir='ltr'><strong>res</strong></span> <span class='ocrx_word' id='word_1_473' title='bbox 3204 3235 3457 3288; x_wconf 82' lang='lat' dir='ltr'><strong>conditas</strong></span> 
     </span>
    </p>
   </div>
   <div class='ocr_carea' id='block_1_61' title="bbox 1884 3325 3456 3394">
    <p class='ocr_par' dir='ltr' id='par_1_61' title="bbox 1884 3325 3456 3394">
     <span class='ocr_line' id='line_1_61' title="bbox 1884 3325 3456 3394; baseline 0.001 -16"><span class='ocrx_word' id='word_1_474' title='bbox 1884 3326 2054 3394; x_wconf 88' lang='lat' dir='ltr'><strong>ipsius</strong></span> <span class='ocrx_word' id='word_1_475' title='bbox 2093 3325 2252 3394; x_wconf 80' lang='lat'><strong>179</strong></span> <span class='ocrx_word' id='word_1_476' title='bbox 2283 3325 2596 3378; x_wconf 86' lang='lat' dir='ltr'><strong>Conditoris</strong></span> <span class='ocrx_word' id='word_1_477' title='bbox 2648 3325 2767 3379; x_wconf 91' lang='lat' dir='ltr'><strong>loco</strong></span> <span class='ocrx_word' id='word_1_478' title='bbox 2814 3336 3185 3390; x_wconf 81' lang='lat' dir='ltr'><strong>venerantur,</strong></span> <span class='ocrx_word' id='word_1_479' title='bbox 3239 3341 3456 3380; x_wconf 87' lang='lat' dir='ltr'><strong>crucem</strong></span> 
     </span>
    </p>
   </div>
   <div class='ocr_carea' id='block_1_62' title="bbox 187 3413 1791 3484">
    <p class='ocr_par' dir='ltr' id='par_1_62' title="bbox 187 3413 1770 3484">
     <span class='ocr_line' id='line_1_62' title="bbox 187 3413 1770 3484; baseline 0.002 -21"><span class='ocrx_word' id='word_1_480' title='bbox 187 3431 299 3474; x_wconf 83' lang='grc' dir='ltr'>τες,</span> <span class='ocrx_word' id='word_1_481' title='bbox 341 3413 399 3464; x_wconf 81' lang='grc' dir='ltr'>ὂν</span> <span class='ocrx_word' id='word_1_482' title='bbox 436 3413 690 3482; x_wconf 79' lang='grc' dir='ltr'>ὑπέμεινε</span> <span class='ocrx_word' id='word_1_483' title='bbox 725 3413 790 3465; x_wconf 83' lang='grc' dir='ltr'>δι’</span> <span class='ocrx_word' id='word_1_484' title='bbox 819 3415 991 3483; x_wconf 83' lang='grc' dir='ltr'>ἡμᾶς,</span> <span class='ocrx_word' id='word_1_485' title='bbox 1022 3415 1114 3466; x_wconf 74' lang='grc' dir='ltr'><strong>καὶ</strong></span> <span class='ocrx_word' id='word_1_486' title='bbox 1146 3415 1368 3484; x_wconf 79' lang='grc' dir='ltr'>προσέτι</span> <span class='ocrx_word' id='word_1_487' title='bbox 1399 3416 1488 3466; x_wconf 86' lang='grc' dir='ltr'><strong>τὸν</strong></span> <span class='ocrx_word' id='word_1_488' title='bbox 1520 3415 1770 3480; x_wconf 83' lang='grc' dir='ltr'>θάνατον,</span> 
     </span>
    </p>
   </div>
   <div class='ocr_carea' id='block_1_63' title="bbox 1875 3413 3454 3484">
    <p class='ocr_par' dir='ltr' id='par_1_63' title="bbox 1882 3414 3454 3484">
     <span class='ocr_line' id='line_1_63' title="bbox 1882 3414 3454 3484; baseline -0.001 -14"><span class='ocrx_word' id='word_1_489' title='bbox 1882 3425 1937 3470; x_wconf 90' lang='lat' dir='ltr'><strong>et</strong></span> <span class='ocrx_word' id='word_1_490' title='bbox 1976 3427 2203 3470; x_wconf 83' lang='lat' dir='ltr'><strong>mortem</strong></span> <span class='ocrx_word' id='word_1_491' title='bbox 2231 3431 2390 3484; x_wconf 90' lang='lat' dir='ltr'><strong>quam</strong></span> <span class='ocrx_word' id='word_1_492' title='bbox 2434 3415 2601 3468; x_wconf 86' lang='lat' dir='ltr'><strong>nostri</strong></span> <span class='ocrx_word' id='word_1_493' title='bbox 2645 3429 2807 3468; x_wconf 84' lang='lat' dir='ltr'><strong>causa</strong></span> <span class='ocrx_word' id='word_1_494' title='bbox 2850 3414 3094 3482; x_wconf 87' lang='lat' dir='ltr'><strong>pertulit,</strong></span> <span class='ocrx_word' id='word_1_495' title='bbox 3142 3416 3454 3476; x_wconf 81' lang='lat' dir='ltr'><strong>audientes.</strong></span> 
     </span>
    </p>
   </div>
   <div class='ocr_carea' id='block_1_64' title="bbox 188 3502 1776 3576">
    <p class='ocr_par' dir='ltr' id='par_1_64' title="bbox 188 3502 1776 3576">
     <span class='ocr_line' id='line_1_64' title="bbox 188 3502 1776 3576; baseline 0.003 -23"><span class='ocrx_word' id='word_1_496' title='bbox 188 3502 421 3568; x_wconf 71' lang='grc' dir='ltr'>γελῶσιν</span> <span class='ocrx_word' id='word_1_497' title='bbox 454 3505 502 3554; x_wconf 83' lang='grc' dir='ltr'>οἱ</span> <span class='ocrx_word' id='word_1_498' title='bbox 549 3502 813 3555; x_wconf 87' lang='grc' dir='ltr'>δείλαιοι·</span> <span class='ocrx_word' id='word_1_499' title='bbox 867 3502 968 3556; x_wconf 79' lang='grc' dir='ltr'>κᾶν</span> <span class='ocrx_word' id='word_1_500' title='bbox 1017 3505 1069 3556; x_wconf 78' lang='grc' dir='ltr'>εἴ</span> <span class='ocrx_word' id='word_1_501' title='bbox 1107 3522 1190 3568; x_wconf 87' lang='grc' dir='ltr'><strong>τις</strong></span> <span class='ocrx_word' id='word_1_502' title='bbox 1250 3505 1411 3558; x_wconf 76' lang='grc' dir='ltr'>αὑτὸν</span> <span class='ocrx_word' id='word_1_503' title='bbox 1461 3506 1713 3576; x_wconf 73' lang='grc' dir='ltr'>ὀνομάζει</span> <span class='ocrx_word' id='word_1_504' title='bbox 1753 3515 1776 3542; x_wconf 73' lang='grc' dir='ltr'><strong>ι</strong></span> 
     </span>
    </p>
   </div>
   <div class='ocr_carea' id='block_1_65' title="bbox 187 3595 1776 3668">
    <p class='ocr_par' dir='ltr' id='par_1_65' title="bbox 187 3595 1776 3668">
     <span class='ocr_line' id='line_1_65' title="bbox 187 3595 1776 3668; baseline 0.003 -21"><span class='ocrx_word' id='word_1_505' title='bbox 187 3595 344 3660; x_wconf 70' lang='grc' dir='ltr'>θεὸν,</span> <span class='ocrx_word' id='word_1_506' title='bbox 391 3595 738 3668; x_wconf 77' lang='grc' dir='ltr'>ἀναπηδῶσιν</span> <span class='ocrx_word' id='word_1_507' title='bbox 782 3595 943 3658; x_wconf 78' lang='grc' dir='ltr'>εὐθὺς</span> <span class='ocrx_word' id='word_1_508' title='bbox 977 3597 1491 3668; x_wconf 79' lang='grc' dir='ltr'>ἀνθρωττολατρείαν</span> <span class='ocrx_word' id='word_1_509' title='bbox 1533 3597 1671 3653; x_wconf 77' lang='grc' dir='ltr'>εἶναι</span> <span class='ocrx_word' id='word_1_510' title='bbox 1718 3601 1776 3652; x_wconf 83' lang='grc' dir='ltr'><strong>τὸ</strong></span> 
     </span>
    </p>
   </div>
   <div class='ocr_carea' id='block_1_66' title="bbox 192 3686 1768 3758">
    <p class='ocr_par' dir='ltr' id='par_1_66' title="bbox 192 3686 1768 3758">
     <span class='ocr_line' id='line_1_66' title="bbox 192 3686 1768 3758; baseline 0.001 -19"><span class='ocrx_word' id='word_1_511' title='bbox 192 3689 382 3756; x_wconf 79' lang='grc' dir='ltr'>χρῆμα</span> <span class='ocrx_word' id='word_1_512' title='bbox 406 3695 432 3734; x_wconf 70' lang='grc' dir='ltr'><strong>γ</strong></span> <span class='ocrx_word' id='word_1_513' title='bbox 464 3686 919 3756; x_wconf 79' lang='grc' dir='ltr'>διοριζόμενοι.0’ί</span> <span class='ocrx_word' id='word_1_514' title='bbox 949 3703 1011 3755; x_wconf 87' lang='grc' dir='ltr'><strong>γε</strong></span> <span class='ocrx_word' id='word_1_515' title='bbox 1055 3687 1160 3757; x_wconf 78' lang='grc' dir='ltr'>μὴν</span> <span class='ocrx_word' id='word_1_516' title='bbox 1190 3689 1252 3740; x_wconf 84' lang='grc' dir='ltr'><strong>ἐκ</strong></span> <span class='ocrx_word' id='word_1_517' title='bbox 1286 3689 1585 3758; x_wconf 74' lang='grc' dir='ltr'>περιτομῆς</span> <span class='ocrx_word' id='word_1_518' title='bbox 1629 3707 1768 3741; x_wconf 87' lang='grc' dir='ltr'>κατ-</span> 
     </span>
    </p>
   </div>
   <div class='ocr_carea' id='block_1_67' title="bbox 195 3778 1776 3850">
    <p class='ocr_par' dir='ltr' id='par_1_67' title="bbox 195 3778 1776 3850">
     <span class='ocr_line' id='line_1_67' title="bbox 195 3778 1776 3850; baseline 0.003 -21"><span class='ocrx_word' id='word_1_519' title='bbox 195 3778 426 3848; x_wconf 72' lang='grc' dir='ltr'>ειρύοντο</span> <span class='ocrx_word' id='word_1_520' title='bbox 474 3779 567 3831; x_wconf 74' lang='grc' dir='ltr'>τοῦ</span> <span class='ocrx_word' id='word_1_521' title='bbox 615 3778 902 3849; x_wconf 83' lang='grc' dir='ltr'>Σωτῆρος,</span> <span class='ocrx_word' id='word_1_522' title='bbox 951 3779 1201 3847; x_wconf 85' lang='grc' dir='ltr'>λέγοντες</span> <span class='ocrx_word' id='word_1_523' title='bbox 1261 3779 1540 3850; x_wconf 76' lang='grc' dir='ltr'>ἐναργῶςο</span> <span class='ocrx_word' id='word_1_524' title='bbox 1585 3800 1602 3830; x_wconf 75' lang='grc' dir='ltr'><strong>ι</strong></span> <span class='ocrx_word' id='word_1_525' title='bbox 1643 3781 1776 3850; x_wconf 72' lang='grc' dir='ltr'>Περὶ</span> 
     </span>
    </p>
   </div>
   <div class='ocr_carea' id='block_1_68' title="bbox 193 3869 1772 3942">
    <p class='ocr_par' dir='ltr' id='par_1_68' title="bbox 193 3869 1772 3942">
     <span class='ocr_line' id='line_1_68' title="bbox 193 3869 1772 3942; baseline 0.003 -22"><span class='ocrx_word' id='word_1_526' title='bbox 193 3870 360 3922; x_wconf 77' lang='grc' dir='ltr'>καλοῦ</span> <span class='ocrx_word' id='word_1_527' title='bbox 409 3869 574 3940; x_wconf 81' lang='grc' dir='ltr'>ἔργου</span> <span class='ocrx_word' id='word_1_528' title='bbox 612 3872 672 3922; x_wconf 81' lang='grc' dir='ltr'>οὺ</span> <span class='ocrx_word' id='word_1_529' title='bbox 709 3869 999 3940; x_wconf 78' lang='grc' dir='ltr'>λιθάζομέν</span> <span class='ocrx_word' id='word_1_530' title='bbox 1036 3888 1122 3934; x_wconf 90' lang='grc' dir='ltr'><strong>σε,</strong></span> <span class='ocrx_word' id='word_1_531' title='bbox 1172 3871 1306 3924; x_wconf 76' lang='grc' dir='ltr'>ἀλλὰ</span> <span class='ocrx_word' id='word_1_532' title='bbox 1359 3873 1488 3942; x_wconf 77' lang='grc' dir='ltr'><strong>περὶ</strong></span> <span class='ocrx_word' id='word_1_533' title='bbox 1524 3872 1772 3942; x_wconf 74' lang='grc' dir='ltr'>βλασφη-</span> 
     </span>
    </p>
   </div>
   <div class='ocr_carea' id='block_1_69' title="bbox 196 3961 1771 4032">
    <p class='ocr_par' dir='ltr' id='par_1_69' title="bbox 196 3961 1771 4032">
     <span class='ocr_line' id='line_1_69' title="bbox 196 3961 1771 4032; baseline 0.001 -19"><span class='ocrx_word' id='word_1_534' title='bbox 196 3961 360 4029; x_wconf 85' lang='grc' dir='ltr'>μίας·</span> <span class='ocrx_word' id='word_1_535' title='bbox 406 3962 488 4014; x_wconf 79' lang='grc' dir='ltr'>ὅτι</span> <span class='ocrx_word' id='word_1_536' title='bbox 522 3965 606 4028; x_wconf 78' lang='grc' dir='ltr'><strong>σὺ,</strong></span> <span class='ocrx_word' id='word_1_537' title='bbox 650 3961 933 4032; x_wconf 81' lang='grc' dir='ltr'>ἄνθρωπος</span> <span class='ocrx_word' id='word_1_538' title='bbox 989 3961 1086 4026; x_wconf 81' lang='grc' dir='ltr'>ὢν,</span> <span class='ocrx_word' id='word_1_539' title='bbox 1135 3967 1306 4026; x_wconf 84' lang='grc' dir='ltr'>ποιεῖς</span> <span class='ocrx_word' id='word_1_540' title='bbox 1353 3964 1542 4017; x_wconf 84' lang='grc' dir='ltr'>ἐαυτὸν</span> <span class='ocrx_word' id='word_1_541' title='bbox 1573 3964 1722 4016; x_wconf 87' lang='grc' dir='ltr'>Θεόν.</span> <span class='ocrx_word' id='word_1_542' title='bbox 1753 3984 1771 4015; x_wconf 68' lang='grc' dir='ltr'><strong>ι</strong></span> 
     </span>
    </p>
   </div>
   <div class='ocr_carea' id='block_1_70' title="bbox 197 4055 1775 4126">
    <p class='ocr_par' dir='ltr' id='par_1_70' title="bbox 197 4055 1775 4126">
     <span class='ocr_line' id='line_1_70' title="bbox 197 4055 1775 4126; baseline 0.003 -20"><span class='ocrx_word' id='word_1_543' title='bbox 197 4055 318 4106; x_wconf 80' lang='grc' dir='ltr'>Ὀτι</span> <span class='ocrx_word' id='word_1_544' title='bbox 353 4055 532 4107; x_wconf 86' lang='grc' dir='ltr'>τοίνυν</span> <span class='ocrx_word' id='word_1_545' title='bbox 563 4057 621 4107; x_wconf 79' lang='grc' dir='ltr'>οὺ</span> <span class='ocrx_word' id='word_1_546' title='bbox 657 4056 755 4126; x_wconf 75' lang='grc' dir='ltr'><strong>τὴν</strong></span> <span class='ocrx_word' id='word_1_547' title='bbox 799 4055 951 4126; x_wconf 88' lang='grc' dir='ltr'>παρά</span> <span class='ocrx_word' id='word_1_548' title='bbox 988 4073 1052 4123; x_wconf 90' lang='grc' dir='ltr'><strong>γε</strong></span> <span class='ocrx_word' id='word_1_549' title='bbox 1107 4059 1218 4117; x_wconf 77' lang='grc' dir='ltr'>τοῖς</span> <span class='ocrx_word' id='word_1_550' title='bbox 1263 4056 1636 4126; x_wconf 80' lang='grc' dir='ltr'>πλανωμένοις</span> <span class='ocrx_word' id='word_1_551' title='bbox 1684 4059 1775 4110; x_wconf 84' lang='grc' dir='ltr'>πί-</span> 
     </span>
    </p>
   </div>
   <div class='ocr_carea' id='block_1_71' title="bbox 197 4147 1775 4219">
    <p class='ocr_par' dir='ltr' id='par_1_71' title="bbox 197 4147 1775 4219">
     <span class='ocr_line' id='line_1_71' title="bbox 197 4147 1775 4219; baseline 0.005 -23"><span class='ocrx_word' id='word_1_552' title='bbox 197 4162 313 4198; x_wconf 88' lang='grc' dir='ltr'>στιν</span> <span class='ocrx_word' id='word_1_553' title='bbox 350 4149 627 4216; x_wconf 74' lang='grc' dir='ltr'>ἐπιζητεῖ,</span> <span class='ocrx_word' id='word_1_554' title='bbox 673 4147 770 4216; x_wconf 83' lang='grc' dir='ltr'><strong>τὴν</strong></span> <span class='ocrx_word' id='word_1_555' title='bbox 813 4148 941 4217; x_wconf 82' lang='grc' dir='ltr'>παρ’</span> <span class='ocrx_word' id='word_1_556' title='bbox 985 4150 1116 4217; x_wconf 80' lang='grc' dir='ltr'>ἡμῖν</span> <span class='ocrx_word' id='word_1_557' title='bbox 1152 4148 1207 4200; x_wconf 80' lang='grc' dir='ltr'><strong>δὲ</strong></span> <span class='ocrx_word' id='word_1_558' title='bbox 1254 4149 1452 4216; x_wconf 78' lang='grc' dir='ltr'>μᾶλλον</span> <span class='ocrx_word' id='word_1_559' title='bbox 1489 4151 1601 4211; x_wconf 87' lang='grc' dir='ltr'>τοῖς</span> <span class='ocrx_word' id='word_1_560' title='bbox 1642 4151 1775 4219; x_wconf 77' lang='grc' dir='ltr'>ὀρθά</span> 
     </span>
    </p>
   </div>
   <div class='ocr_carea' id='block_1_72' title="bbox 195 4239 1776 4309">
    <p class='ocr_par' dir='ltr' id='par_1_72' title="bbox 195 4239 1776 4309">
     <span class='ocr_line' id='line_1_72' title="bbox 195 4239 1776 4309; baseline 0.001 -19"><span class='ocrx_word' id='word_1_561' title='bbox 195 4242 412 4308; x_wconf 79' lang='grc' dir='ltr'>φρονεῖν</span> <span class='ocrx_word' id='word_1_562' title='bbox 440 4239 675 4305; x_wconf 87' lang='grc' dir='ltr'>εἰωοόσι,</span> <span class='ocrx_word' id='word_1_563' title='bbox 706 4241 856 4293; x_wconf 80' lang='grc' dir='ltr'>πᾶσά</span> <span class='ocrx_word' id='word_1_564' title='bbox 884 4257 998 4302; x_wconf 84' lang='grc' dir='ltr'><strong>πως</strong></span> <span class='ocrx_word' id='word_1_565' title='bbox 1021 4240 1234 4309; x_wconf 86' lang='grc' dir='ltr'>ἀνάγκη</span> <span class='ocrx_word' id='word_1_566' title='bbox 1263 4239 1670 4302; x_wconf 80' lang='grc' dir='ltr'>διανενευκότας</span> <span class='ocrx_word' id='word_1_567' title='bbox 1698 4243 1776 4302; x_wconf 83' lang='grc' dir='ltr'><strong>είς</strong></span> 
     </span>
    </p>
   </div>
   <div class='ocr_carea' id='block_1_73' title="bbox 194 4331 1775 4402">
    <p class='ocr_par' dir='ltr' id='par_1_73' title="bbox 194 4331 1775 4402">
     <span class='ocr_line' id='line_1_73' title="bbox 194 4331 1775 4402; baseline 0.003 -20"><span class='ocrx_word' id='word_1_568' title='bbox 194 4331 450 4401; x_wconf 82' lang='grc' dir='ltr'>ἀλήθειαν</span> <span class='ocrx_word' id='word_1_569' title='bbox 481 4332 784 4400; x_wconf 79' lang='grc' dir='ltr'>ὁμολογεῖν,</span> <span class='ocrx_word' id='word_1_570' title='bbox 815 4333 896 4384; x_wconf 75' lang='grc' dir='ltr'><strong>ὅτι</strong></span> <span class='ocrx_word' id='word_1_571' title='bbox 934 4332 1063 4395; x_wconf 80' lang='grc' dir='ltr'>Θεὸς</span> <span class='ocrx_word' id='word_1_572' title='bbox 1093 4334 1234 4386; x_wconf 81' lang='grc' dir='ltr'><strong>κατὰ</strong></span> <span class='ocrx_word' id='word_1_573' title='bbox 1269 4333 1429 4402; x_wconf 77' lang='grc' dir='ltr'>φύσιν</span> <span class='ocrx_word' id='word_1_574' title='bbox 1455 4335 1483 4385; x_wconf 90' lang='lat'><strong>6</strong></span> <span class='ocrx_word' id='word_1_575' title='bbox 1523 4334 1616 4386; x_wconf 78' lang='grc' dir='ltr'><strong>καὶ</strong></span> <span class='ocrx_word' id='word_1_576' title='bbox 1647 4334 1775 4397; x_wconf 78' lang='grc' dir='ltr'>Υἱὸς</span> 
     </span>
    </p>
   </div>
   <div class='ocr_carea' id='block_1_74' title="bbox 193 4422 1773 4496">
    <p class='ocr_par' dir='ltr' id='par_1_74' title="bbox 193 4422 1773 4496">
     <span class='ocr_line' id='line_1_74' title="bbox 193 4422 1773 4496; baseline 0.003 -22"><span class='ocrx_word' id='word_1_577' title='bbox 193 4422 482 4492; x_wconf 77' lang='grc' dir='ltr'>ἀνθρώπου</span> <span class='ocrx_word' id='word_1_578' title='bbox 511 4422 577 4474; x_wconf 85' lang='grc' dir='ltr'>δι’</span> <span class='ocrx_word' id='word_1_579' title='bbox 620 4425 766 4492; x_wconf 76' lang='grc' dir='ltr'>ἡμᾶς</span> <span class='ocrx_word' id='word_1_580' title='bbox 798 4426 1066 4492; x_wconf 85' lang='grc' dir='ltr'>γεγονώς·</span> <span class='ocrx_word' id='word_1_581' title='bbox 1100 4427 1184 4479; x_wconf 84' lang='grc' dir='ltr'><strong>ἵνα</strong></span> <span class='ocrx_word' id='word_1_582' title='bbox 1221 4425 1296 4496; x_wconf 83' lang='grc' dir='ltr'>μὴ</span> <span class='ocrx_word' id='word_1_583' title='bbox 1328 4429 1437 4488; x_wconf 81' lang='grc' dir='ltr'>τοῖς</span> <span class='ocrx_word' id='word_1_584' title='bbox 1481 4426 1590 4479; x_wconf 81' lang='grc' dir='ltr'>τῶν</span> <span class='ocrx_word' id='word_1_585' title='bbox 1638 4427 1773 4478; x_wconf 86' lang='grc' dir='ltr'>πλα-</span> 
     </span>
    </p>
   </div>
   <div class='ocr_carea' id='block_1_75' title="bbox 193 4515 1775 4587">
    <p class='ocr_par' dir='ltr' id='par_1_75' title="bbox 193 4515 1775 4587">
     <span class='ocr_line' id='line_1_75' title="bbox 193 4515 1775 4587; baseline 0.003 -22"><span class='ocrx_word' id='word_1_586' title='bbox 193 4515 450 4584; x_wconf 89' lang='grc' dir='ltr'>νωμένων</span> <span class='ocrx_word' id='word_1_587' title='bbox 482 4515 819 4585; x_wconf 83' lang='grc' dir='ltr'>ἐγκλήμασιν</span> <span class='ocrx_word' id='word_1_588' title='bbox 850 4519 1077 4580; x_wconf 78' lang='grc' dir='ltr'>ἑαυτοὺς</span> <span class='ocrx_word' id='word_1_589' title='bbox 1124 4519 1374 4581; x_wconf 83' lang='grc' dir='ltr'>ἐνιέντες,</span> <span class='ocrx_word' id='word_1_590' title='bbox 1426 4519 1675 4587; x_wconf 88' lang='grc' dir='ltr'>λάθωμεν</span> <span class='ocrx_word' id='word_1_591' title='bbox 1708 4519 1775 4570; x_wconf 79' lang='grc' dir='ltr'>τὰ</span> 
     </span>
    </p>
   </div>
   <div class='ocr_carea' id='block_1_76' title="bbox 196 4606 1775 4679">
    <p class='ocr_par' dir='ltr' id='par_1_76' title="bbox 196 4606 1775 4679">
     <span class='ocr_line' id='line_1_76' title="bbox 196 4606 1775 4679; baseline 0.003 -24"><span class='ocrx_word' id='word_1_592' title='bbox 196 4606 287 4658; x_wconf 74' lang='grc' dir='ltr'>ἶσα</span> <span class='ocrx_word' id='word_1_593' title='bbox 327 4607 542 4675; x_wconf 80' lang='grc' dir='ltr'>φρονεῖν</span> <span class='ocrx_word' id='word_1_594' title='bbox 576 4607 876 4676; x_wconf 77' lang='grc' dir='ltr'>ᾑρημένοι,</span> <span class='ocrx_word' id='word_1_595' title='bbox 931 4609 1027 4660; x_wconf 82' lang='grc' dir='ltr'><strong>καὶ</strong></span> <span class='ocrx_word' id='word_1_596' title='bbox 1065 4609 1235 4678; x_wconf 83' lang='grc' dir='ltr'>μικρὰ</span> <span class='ocrx_word' id='word_1_597' title='bbox 1282 4608 1596 4672; x_wconf 72' lang='grc' dir='ltr'>δοξάζοντες</span> <span class='ocrx_word' id='word_1_598' title='bbox 1646 4609 1775 4679; x_wconf 79' lang='grc' dir='ltr'>περὶ</span> 
     </span>
    </p>
   </div>
   <div class='ocr_carea' id='block_1_77' title="bbox 191 4695 1246 4766">
    <p class='ocr_par' dir='ltr' id='par_1_77' title="bbox 191 4695 1246 4766">
     <span class='ocr_line' id='line_1_77' title="bbox 191 4695 1246 4766; baseline 0.002 -19"><span class='ocrx_word' id='word_1_599' title='bbox 191 4695 454 4766; x_wconf 79' lang='grc' dir='ltr'>Χριστοῦ,</span> <span class='ocrx_word' id='word_1_600' title='bbox 485 4695 736 4765; x_wconf 82' lang='grc' dir='ltr'>καθάπερ</span> <span class='ocrx_word' id='word_1_601' title='bbox 760 4697 950 4765; x_wconf 85' lang='grc' dir='ltr'>ἀμέλει</span> <span class='ocrx_word' id='word_1_602' title='bbox 982 4698 1246 4750; x_wconf 83' lang='grc' dir='ltr'>κάκεῖνοι.</span> 
     </span>
    </p>
   </div>
   <div class='ocr_carea' id='block_1_78' title="bbox 263 4962 1774 5038">
    <p class='ocr_par' dir='ltr' id='par_1_78' title="bbox 263 4962 1774 5038">
     <span class='ocr_line' id='line_1_78' title="bbox 263 4962 1774 5038; baseline 0.001 -21"><span class='ocrx_word' id='word_1_603' title='bbox 263 4965 390 5018; x_wconf 69' lang='grc' dir='ltr'><strong>ΝΘ.</strong></span> <span class='ocrx_word' id='word_1_604' title='bbox 431 4965 564 5036; x_wconf 80' lang='grc' dir='ltr'>Φησί</span> <span class='ocrx_word' id='word_1_605' title='bbox 599 4983 702 5018; x_wconf 84' lang='grc' dir='ltr'><strong>που</strong></span> <span class='ocrx_word' id='word_1_606' title='bbox 730 4963 963 5035; x_wconf 83' lang='grc' dir='ltr'>Χριστός</span> <span class='ocrx_word' id='word_1_607' title='bbox 984 4978 996 4990; x_wconf 80' lang='grc'><strong><em>⁸</em></strong></span> <span class='ocrx_word' id='word_1_608' title='bbox 1034 4981 1052 5013; x_wconf 83' lang='grc'><strong>‹</strong></span> <span class='ocrx_word' id='word_1_609' title='bbox 1084 4962 1216 5014; x_wconf 79' lang='grc' dir='ltr'>Οὐδὲ</span> <span class='ocrx_word' id='word_1_610' title='bbox 1246 4964 1354 5033; x_wconf 70' lang='grc' dir='ltr'>γὰρ</span> <span class='ocrx_word' id='word_1_611' title='bbox 1380 4966 1406 5017; x_wconf 93' lang='lat'><strong>6</strong></span> <span class='ocrx_word' id='word_1_612' title='bbox 1438 4964 1625 5036; x_wconf 80' lang='grc' dir='ltr'>Πατὴρ</span> <span class='ocrx_word' id='word_1_613' title='bbox 1654 4968 1774 5038; x_wconf 85' lang='grc' dir='ltr'>κρί-</span> 
     </span>
    </p>
   </div>
   <div class='ocr_carea' id='block_1_79' title="bbox 194 5055 1769 5128">
    <p class='ocr_par' dir='ltr' id='par_1_79' title="bbox 194 5055 1769 5128">
     <span class='ocr_line' id='line_1_79' title="bbox 194 5055 1769 5128; baseline 0.001 -20"><span class='ocrx_word' id='word_1_614' title='bbox 194 5075 274 5108; x_wconf 86' lang='grc' dir='ltr'><strong>νει</strong></span> <span class='ocrx_word' id='word_1_615' title='bbox 319 5060 530 5122; x_wconf 78' lang='grc' dir='ltr'>οὐδένα,</span> <span class='ocrx_word' id='word_1_616' title='bbox 564 5059 700 5113; x_wconf 84' lang='grc' dir='ltr'>ἁλλὰ</span> <span class='ocrx_word' id='word_1_617' title='bbox 739 5059 915 5112; x_wconf 80' lang='grc' dir='ltr'>πᾶσαν</span> <span class='ocrx_word' id='word_1_618' title='bbox 951 5056 1046 5126; x_wconf 79' lang='grc' dir='ltr'>τὴν</span> <span class='ocrx_word' id='word_1_619' title='bbox 1086 5055 1264 5125; x_wconf 86' lang='grc' dir='ltr'>κρίσιν</span> <span class='ocrx_word' id='word_1_620' title='bbox 1296 5056 1462 5109; x_wconf 78' lang='grc' dir='ltr'>ἔδωκε</span> <span class='ocrx_word' id='word_1_621' title='bbox 1507 5057 1583 5127; x_wconf 78' lang='grc' dir='ltr'>τῷ</span> <span class='ocrx_word' id='word_1_622' title='bbox 1626 5059 1769 5128; x_wconf 79' lang='grc' dir='ltr'><strong>Υἱῷ·</strong></span> 
     </span>
    </p>
   </div>
   <div class='ocr_carea' id='block_1_80' title="bbox 196 5144 1772 5219">
    <p class='ocr_par' dir='ltr' id='par_1_80' title="bbox 196 5144 1772 5219">
     <span class='ocr_line' id='line_1_80' title="bbox 196 5144 1772 5219; baseline 0.003 -24"><span class='ocrx_word' id='word_1_623' title='bbox 196 5146 281 5197; x_wconf 66' lang='grc' dir='ltr'>ἕνα</span> <span class='ocrx_word' id='word_1_624' title='bbox 317 5148 514 5211; x_wconf 84' lang='grc' dir='ltr'>πάντες</span> <span class='ocrx_word' id='word_1_625' title='bbox 545 5151 745 5219; x_wconf 82' lang='grc' dir='ltr'>τιμῶσι</span> <span class='ocrx_word' id='word_1_626' title='bbox 777 5149 869 5202; x_wconf 78' lang='grc' dir='ltr'><strong>τὸν</strong></span> <span class='ocrx_word' id='word_1_627' title='bbox 905 5149 1052 5214; x_wconf 82' lang='grc' dir='ltr'>Υίὸν,</span> <span class='ocrx_word' id='word_1_628' title='bbox 1084 5144 1260 5208; x_wconf 85' lang='grc' dir='ltr'>καθὼς</span> <span class='ocrx_word' id='word_1_629' title='bbox 1295 5147 1496 5215; x_wconf 77' lang='grc' dir='ltr'>τιμῶσι</span> <span class='ocrx_word' id='word_1_630' title='bbox 1527 5148 1615 5199; x_wconf 69' lang='grc' dir='ltr'><strong>τὸν</strong></span> <span class='ocrx_word' id='word_1_631' title='bbox 1661 5150 1772 5199; x_wconf 81' lang='grc' dir='ltr'><strong>Πα-</strong></span> 
     </span>
    </p>
   </div>
   <div class='ocr_carea' id='block_1_81' title="bbox 193 5239 1774 5313">
    <p class='ocr_par' dir='ltr' id='par_1_81' title="bbox 193 5239 1774 5313">
     <span class='ocr_line' id='line_1_81' title="bbox 193 5239 1774 5313; baseline 0.001 -25"><span class='ocrx_word' id='word_1_632' title='bbox 193 5240 347 5309; x_wconf 84' lang='grc' dir='ltr'>τέρα.</span> <span class='ocrx_word' id='word_1_633' title='bbox 375 5257 392 5288; x_wconf 76' lang='grc'><strong>›</strong></span> <span class='ocrx_word' id='word_1_634' title='bbox 429 5240 537 5292; x_wconf 71' lang='grc' dir='ltr'>Καὶ</span> <span class='ocrx_word' id='word_1_635' title='bbox 570 5242 749 5306; x_wconf 84' lang='grc' dir='ltr'>πάλιν,</span> <span class='ocrx_word' id='word_1_636' title='bbox 786 5245 922 5313; x_wconf 79' lang='grc' dir='ltr'>ὅπερ</span> <span class='ocrx_word' id='word_1_637' title='bbox 956 5243 1211 5313; x_wconf 81' lang='grc' dir='ltr'>ἐλέγομεν</span> <span class='ocrx_word' id='word_1_638' title='bbox 1246 5239 1481 5310; x_wconf 82' lang='grc' dir='ltr'>ἀρτίως·</span> <span class='ocrx_word' id='word_1_639' title='bbox 1517 5257 1533 5288; x_wconf 77' lang='grc' dir='ltr'><strong>ι</strong></span> <span class='ocrx_word' id='word_1_640' title='bbox 1567 5241 1774 5309; x_wconf 77' lang='grc' dir='ltr'>Ὥσπερ</span> 
     </span>
    </p>
   </div>
   <div class='ocr_carea' id='block_1_82' title="bbox 196 5327 1778 5402">
    <p class='ocr_par' dir='ltr' id='par_1_82' title="bbox 196 5327 1778 5402">
     <span class='ocr_line' id='line_1_82' title="bbox 196 5327 1778 5402; baseline 0.001 -24"><span class='ocrx_word' id='word_1_641' title='bbox 196 5327 304 5399; x_wconf 69' lang='grc' dir='ltr'><strong>γάρ</strong></span> <span class='ocrx_word' id='word_1_642' title='bbox 336 5330 363 5380; x_wconf 85' lang='grc' dir='ltr'>ὁ</span> <span class='ocrx_word' id='word_1_643' title='bbox 398 5329 584 5399; x_wconf 79' lang='grc' dir='ltr'>Πατὴρ</span> <span class='ocrx_word' id='word_1_644' title='bbox 619 5331 729 5400; x_wconf 73' lang='grc' dir='ltr'>ἔχει</span> <span class='ocrx_word' id='word_1_645' title='bbox 774 5331 916 5402; x_wconf 77' lang='grc' dir='ltr'>ζωὴν</span> <span class='ocrx_word' id='word_1_646' title='bbox 949 5335 1004 5386; x_wconf 79' lang='grc' dir='ltr'>ἐν</span> <span class='ocrx_word' id='word_1_647' title='bbox 1035 5334 1233 5402; x_wconf 76' lang='grc' dir='ltr'>ἑαυτῷ,</span> <span class='ocrx_word' id='word_1_648' title='bbox 1265 5330 1436 5393; x_wconf 63' lang='grc' dir='ltr'>οὕτως</span> <span class='ocrx_word' id='word_1_649' title='bbox 1483 5329 1648 5382; x_wconf 76' lang='grc' dir='ltr'>ἔδωκε</span> <span class='ocrx_word' id='word_1_650' title='bbox 1683 5330 1778 5381; x_wconf 75' lang='grc' dir='ltr'>καὶ</span> 
     </span>
    </p>
   </div>
   <div class='ocr_carea' id='block_1_83' title="bbox 267 5486 1254 5553">
    <p class='ocr_par' dir='ltr' id='par_1_83' title="bbox 267 5486 1254 5553">
     <span class='ocr_line' id='line_1_83' title="bbox 267 5486 1254 5553; baseline 0.001 -10"><span class='ocrx_word' id='word_1_651' title='bbox 267 5486 315 5522; x_wconf 80' lang='grc'>⁸⁸</span> <span class='ocrx_word' id='word_1_652' title='bbox 344 5487 474 5543; x_wconf 85' lang='lat' dir='ltr'><strong>Luc.</strong></span> <span class='ocrx_word' id='word_1_653' title='bbox 517 5504 666 5552; x_wconf 74' lang='lat' dir='ltr'><strong>xvm,</strong></span> <span class='ocrx_word' id='word_1_654' title='bbox 694 5490 744 5542; x_wconf 84' lang='lat'><strong>8.</strong></span> <span class='ocrx_word' id='word_1_655' title='bbox 825 5488 869 5518; x_wconf 84' lang='lat'><strong>&quot;</strong></span> <span class='ocrx_word' id='word_1_656' title='bbox 901 5487 1055 5542; x_wconf 81' lang='lat' dir='ltr'><strong>Joan.</strong></span> <span class='ocrx_word' id='word_1_657' title='bbox 1091 5507 1141 5553; x_wconf 67' lang='grc' dir='ltr'>κ,</span> <span class='ocrx_word' id='word_1_658' title='bbox 1175 5491 1254 5544; x_wconf 74' lang='lat'><strong>55.</strong></span> 
     </span>
    </p>
   </div>
   <div class='ocr_carea' id='block_1_84' title="bbox 1882 3503 3451 3570">
    <p class='ocr_par' dir='ltr' id='par_1_84' title="bbox 1882 3503 3451 3570">
     <span class='ocr_line' id='line_1_84' title="bbox 1882 3503 3451 3570; baseline 0 -14"><span class='ocrx_word' id='word_1_659' title='bbox 1882 3504 1934 3556; x_wconf 86' lang='lat' dir='ltr'><strong>in</strong></span> <span class='ocrx_word' id='word_1_660' title='bbox 1974 3504 2219 3556; x_wconf 87' lang='lat' dir='ltr'><strong>insanum</strong></span> <span class='ocrx_word' id='word_1_661' title='bbox 2269 3519 2392 3556; x_wconf 81' lang='lat' dir='ltr'><strong>mox</strong></span> <span class='ocrx_word' id='word_1_662' title='bbox 2444 3503 2768 3556; x_wconf 81' lang='lat' dir='ltr'><strong>cachinnum</strong></span> <span class='ocrx_word' id='word_1_663' title='bbox 2803 3504 3090 3557; x_wconf 87' lang='lat' dir='ltr'><strong>solvuntur</strong></span> <span class='ocrx_word' id='word_1_664' title='bbox 3116 3505 3339 3570; x_wconf 85' lang='lat' dir='ltr'><strong>miseri;</strong></span> <span class='ocrx_word' id='word_1_665' title='bbox 3378 3517 3451 3567; x_wconf 83' lang='lat' dir='ltr'><strong>et,</strong></span> 
     </span>
    </p>
   </div>
   <div class='ocr_carea' id='block_1_85' title="bbox 1880 3589 3457 3663">
    <p class='ocr_par' dir='ltr' id='par_1_85' title="bbox 1880 3589 3457 3663">
     <span class='ocr_line' id='line_1_85' title="bbox 1880 3589 3457 3663; baseline 0.003 -20"><span class='ocrx_word' id='word_1_666' title='bbox 1880 3590 1923 3643; x_wconf 91' lang='lat' dir='ltr'><strong>si</strong></span> <span class='ocrx_word' id='word_1_667' title='bbox 1957 3589 2222 3657; x_wconf 88' lang='lat' dir='ltr'><strong>quispiam</strong></span> <span class='ocrx_word' id='word_1_668' title='bbox 2268 3590 2432 3643; x_wconf 84' lang='lat' dir='ltr'><strong>Deum</strong></span> <span class='ocrx_word' id='word_1_669' title='bbox 2460 3591 2608 3643; x_wconf 89' lang='lat' dir='ltr'><strong>illum</strong></span> <span class='ocrx_word' id='word_1_670' title='bbox 2646 3593 3028 3656; x_wconf 87' lang='lat' dir='ltr'><strong>nominaverit,</strong></span> <span class='ocrx_word' id='word_1_671' title='bbox 3069 3595 3457 3663; x_wconf 78' lang='lat' dir='ltr'><strong>imlignabnndi</strong></span> 
     </span>
    </p>
   </div>
   <div class='ocr_carea' id='block_1_86' title="bbox 1879 3682 3456 3755">
    <p class='ocr_par' dir='ltr' id='par_1_86' title="bbox 1879 3682 3456 3755">
     <span class='ocr_line' id='line_1_86' title="bbox 1879 3682 3456 3755; baseline 0.004 -20"><span class='ocrx_word' id='word_1_672' title='bbox 1879 3682 2168 3735; x_wconf 79' lang='lat' dir='ltr'><strong>Confestim</strong></span> <span class='ocrx_word' id='word_1_673' title='bbox 2241 3682 2517 3748; x_wconf 87' lang='lat' dir='ltr'><strong>resiliunt,</strong></span> <span class='ocrx_word' id='word_1_674' title='bbox 2573 3694 2623 3736; x_wconf 84' lang='lat' dir='ltr'><strong>et</strong></span> <span class='ocrx_word' id='word_1_675' title='bbox 2676 3686 2778 3738; x_wconf 86' lang='lat' dir='ltr'><strong>hoc</strong></span> <span class='ocrx_word' id='word_1_676' title='bbox 2813 3687 3302 3755; x_wconf 81' lang='lat' dir='ltr'><strong>autltrOpolalriaut</strong></span> <span class='ocrx_word' id='word_1_677' title='bbox 3335 3703 3456 3741; x_wconf 82' lang='lat' dir='ltr'><strong>esse</strong></span> 
     </span>
    </p>
   </div>
   <div class='ocr_carea' id='block_1_87' title="bbox 1880 3773 3454 3850">
    <p class='ocr_par' dir='ltr' id='par_1_87' title="bbox 1880 3773 3454 3850">
     <span class='ocr_line' id='line_1_87' title="bbox 1880 3773 3454 3850; baseline 0.006 -25"><span class='ocrx_word' id='word_1_678' title='bbox 1880 3774 2163 3827; x_wconf 80' lang='lat' dir='ltr'><strong>deliniant.</strong></span> <span class='ocrx_word' id='word_1_679' title='bbox 2210 3773 2380 3830; x_wconf 69' lang='lat' dir='ltr'><strong>Judzei</strong></span> <span class='ocrx_word' id='word_1_680' title='bbox 2411 3793 2627 3846; x_wconf 88' lang='lat' dir='ltr'><strong>quoque</strong></span> <span class='ocrx_word' id='word_1_681' title='bbox 2669 3779 2723 3830; x_wconf 89' lang='lat' dir='ltr'><strong>in</strong></span> <span class='ocrx_word' id='word_1_682' title='bbox 2781 3779 3063 3833; x_wconf 77' lang='lat' dir='ltr'><strong>Christum</strong></span> <span class='ocrx_word' id='word_1_683' title='bbox 3110 3782 3454 3850; x_wconf 76' lang='lat' dir='ltr'><strong>insurgentes</strong></span> 
     </span>
    </p>
   </div>
   <div class='ocr_carea' id='block_1_88' title="bbox 1881 3868 3454 3943">
    <p class='ocr_par' dir='ltr' id='par_1_88' title="bbox 1881 3868 3454 3943">
     <span class='ocr_line' id='line_1_88' title="bbox 1881 3868 3454 3943; baseline 0.004 -23"><span class='ocrx_word' id='word_1_684' title='bbox 1881 3869 2054 3933; x_wconf 80' lang='lat' dir='ltr'><strong>palam</strong></span> <span class='ocrx_word' id='word_1_685' title='bbox 2086 3868 2360 3936; x_wconf 86' lang='lat' dir='ltr'><strong>objectare</strong></span> <span class='ocrx_word' id='word_1_686' title='bbox 2412 3888 2516 3924; x_wconf 89' lang='lat' dir='ltr'><strong>non</strong></span> <span class='ocrx_word' id='word_1_687' title='bbox 2557 3873 2882 3926; x_wconf 89' lang='lat' dir='ltr'><strong>dubitabunt</strong></span> <span class='ocrx_word' id='word_1_688' title='bbox 2914 3891 2927 3927; x_wconf 92' lang='lat'><strong>:</strong></span> <span class='ocrx_word' id='word_1_689' title='bbox 2957 3893 2974 3922; x_wconf 73' lang='grc' dir='ltr'><strong>ι</strong></span> <span class='ocrx_word' id='word_1_690' title='bbox 3018 3874 3091 3928; x_wconf 88' lang='lat' dir='ltr'><strong>De</strong></span> <span class='ocrx_word' id='word_1_691' title='bbox 3120 3875 3260 3928; x_wconf 91' lang='lat' dir='ltr'><strong>bono</strong></span> <span class='ocrx_word' id='word_1_692' title='bbox 3289 3890 3454 3943; x_wconf 84' lang='lat' dir='ltr'><strong>opere</strong></span> 
     </span>
    </p>
   </div>
   <div class='ocr_carea' id='block_1_89' title="bbox 1881 3962 3452 4035">
    <p class='ocr_par' dir='ltr' id='par_1_89' title="bbox 1881 3962 3452 4035">
     <span class='ocr_line' id='line_1_89' title="bbox 1881 3962 3452 4035; baseline 0.004 -23"><span class='ocrx_word' id='word_1_693' title='bbox 1881 3976 1985 4014; x_wconf 89' lang='lat' dir='ltr'><strong>non</strong></span> <span class='ocrx_word' id='word_1_694' title='bbox 2039 3962 2342 4030; x_wconf 86' lang='lat' dir='ltr'><strong>lapidamus</strong></span> <span class='ocrx_word' id='word_1_695' title='bbox 2397 3972 2474 4026; x_wconf 84' lang='lat' dir='ltr'><strong>te,</strong></span> <span class='ocrx_word' id='word_1_696' title='bbox 2523 3963 2616 4016; x_wconf 92' lang='lat' dir='ltr'><strong>sed</strong></span> <span class='ocrx_word' id='word_1_697' title='bbox 2677 3966 2742 4017; x_wconf 91' lang='lat' dir='ltr'><strong>de</strong></span> <span class='ocrx_word' id='word_1_698' title='bbox 2782 3966 3155 4033; x_wconf 82' lang='lat' dir='ltr'><strong>blasphemia,</strong></span> <span class='ocrx_word' id='word_1_699' title='bbox 3194 3969 3317 4035; x_wconf 88' lang='lat' dir='ltr'><strong>quia</strong></span> <span class='ocrx_word' id='word_1_700' title='bbox 3375 3977 3452 4032; x_wconf 89' lang='lat' dir='ltr'><strong>tu,</strong></span> 
     </span>
    </p>
   </div>
   <div class='ocr_carea' id='block_1_90' title="bbox 1880 4052 3453 4125">
    <p class='ocr_par' dir='ltr' id='par_1_90' title="bbox 1880 4052 3453 4125">
     <span class='ocr_line' id='line_1_90' title="bbox 1880 4052 3453 4125; baseline 0.004 -20"><span class='ocrx_word' id='word_1_701' title='bbox 1880 4052 2040 4107; x_wconf 86' lang='lat' dir='ltr'><strong>homo</strong></span> <span class='ocrx_word' id='word_1_702' title='bbox 2093 4069 2214 4107; x_wconf 86' lang='lat' dir='ltr'><strong>com</strong></span> <span class='ocrx_word' id='word_1_703' title='bbox 2267 4055 2363 4119; x_wconf 89' lang='lat' dir='ltr'><strong>sis,</strong></span> <span class='ocrx_word' id='word_1_704' title='bbox 2421 4053 2551 4109; x_wconf 81' lang='lat' dir='ltr'><strong>facis</strong></span> <span class='ocrx_word' id='word_1_705' title='bbox 2616 4055 2848 4125; x_wconf 89' lang='lat' dir='ltr'><strong>teipsum</strong></span> <span class='ocrx_word' id='word_1_706' title='bbox 2905 4059 3072 4111; x_wconf 88' lang='lat' dir='ltr'><strong>Deum</strong></span> <span class='ocrx_word' id='word_1_707' title='bbox 3122 4057 3188 4110; x_wconf 79' lang='grc'><strong>⁵⁸.</strong></span> <span class='ocrx_word' id='word_1_708' title='bbox 3241 4078 3257 4110; x_wconf 70' lang='grc' dir='ltr'><strong>ι</strong></span> <span class='ocrx_word' id='word_1_709' title='bbox 3316 4058 3453 4113; x_wconf 88' lang='lat' dir='ltr'><strong>Cum</strong></span> 
     </span>
    </p>
   </div>
   <div class='ocr_carea' id='block_1_91' title="bbox 1878 4146 3449 4220">
    <p class='ocr_par' dir='ltr' id='par_1_91' title="bbox 1878 4146 3449 4220">
     <span class='ocr_line' id='line_1_91' title="bbox 1878 4146 3449 4220; baseline 0.005 -23"><span class='ocrx_word' id='word_1_710' title='bbox 1878 4146 2138 4212; x_wconf 84' lang='lat' dir='ltr'><strong>ejusmodi</strong></span> <span class='ocrx_word' id='word_1_711' title='bbox 2199 4163 2326 4216; x_wconf 80' lang='lat' dir='ltr'><strong>ergo</strong></span> <span class='ocrx_word' id='word_1_712' title='bbox 2374 4149 2534 4202; x_wconf 84' lang='lat' dir='ltr'><strong>tidem</strong></span> <span class='ocrx_word' id='word_1_713' title='bbox 2589 4161 2881 4205; x_wconf 83' lang='lat' dir='ltr'><strong>exacturus</strong></span> <span class='ocrx_word' id='word_1_714' title='bbox 2928 4168 3031 4206; x_wconf 87' lang='lat' dir='ltr'><strong>non</strong></span> <span class='ocrx_word' id='word_1_715' title='bbox 3089 4153 3182 4215; x_wconf 90' lang='lat' dir='ltr'><strong>sit,</strong></span> <span class='ocrx_word' id='word_1_716' title='bbox 3233 4154 3449 4220; x_wconf 80' lang='lat' dir='ltr'><strong>qualem</strong></span> 
     </span>
    </p>
   </div>
   <div class='ocr_carea' id='block_1_92' title="bbox 1877 4238 3454 4312">
    <p class='ocr_par' dir='ltr' id='par_1_92' title="bbox 1877 4238 3454 4312">
     <span class='ocr_line' id='line_1_92' title="bbox 1877 4238 3454 4312; baseline 0.006 -24"><span class='ocrx_word' id='word_1_717' title='bbox 1877 4247 2126 4291; x_wconf 89' lang='lat' dir='ltr'><strong>errantes</strong></span> <span class='ocrx_word' id='word_1_718' title='bbox 2181 4238 2402 4303; x_wconf 88' lang='lat' dir='ltr'><strong>habent,</strong></span> <span class='ocrx_word' id='word_1_719' title='bbox 2455 4243 2547 4294; x_wconf 91' lang='lat' dir='ltr'><strong>scd</strong></span> <span class='ocrx_word' id='word_1_720' title='bbox 2603 4243 2820 4310; x_wconf 89' lang='lat' dir='ltr'><strong>qualem</strong></span> <span class='ocrx_word' id='word_1_721' title='bbox 2881 4259 2979 4296; x_wconf 89' lang='lat' dir='ltr'><strong>nos</strong></span> <span class='ocrx_word' id='word_1_722' title='bbox 3037 4253 3302 4305; x_wconf 85' lang='lat' dir='ltr'><strong>tenemus,</strong></span> <span class='ocrx_word' id='word_1_723' title='bbox 3359 4246 3454 4312; x_wconf 85' lang='lat' dir='ltr'><strong>qui</strong></span> 
     </span>
    </p>
   </div>
   <div class='ocr_carea' id='block_1_93' title="bbox 1880 4334 3453 4404">
    <p class='ocr_par' dir='ltr' id='par_1_93' title="bbox 1880 4334 3453 4404">
     <span class='ocr_line' id='line_1_93' title="bbox 1880 4334 3453 4404; baseline 0.005 -24"><span class='ocrx_word' id='word_1_724' title='bbox 1880 4337 2030 4381; x_wconf 86' lang='lat' dir='ltr'><strong>recte</strong></span> <span class='ocrx_word' id='word_1_725' title='bbox 2083 4344 2276 4396; x_wconf 88' lang='lat' dir='ltr'><strong>sapere</strong></span> <span class='ocrx_word' id='word_1_726' title='bbox 2334 4334 2762 4387; x_wconf 87' lang='lat' dir='ltr'><strong>consuevimus:</strong></span> <span class='ocrx_word' id='word_1_727' title='bbox 2828 4335 3110 4388; x_wconf 86' lang='lat' dir='ltr'><strong>veritatem</strong></span> <span class='ocrx_word' id='word_1_728' title='bbox 3164 4347 3453 4404; x_wconf 84' lang='lat' dir='ltr'><strong>sequentes</strong></span> 
     </span>
    </p>
   </div>
   <div class='ocr_carea' id='block_1_94' title="bbox 1881 4418 3447 4492">
    <p class='ocr_par' dir='ltr' id='par_1_94' title="bbox 1881 4418 3447 4492">
     <span class='ocr_line' id='line_1_94' title="bbox 1881 4418 3447 4492; baseline 0.008 -24"><span class='ocrx_word' id='word_1_729' title='bbox 1881 4419 2191 4472; x_wconf 86' lang='lat' dir='ltr'><strong>necessario</strong></span> <span class='ocrx_word' id='word_1_730' title='bbox 2274 4418 2429 4473; x_wconf 80' lang='lat' dir='ltr'><strong>fateri</strong></span> <span class='ocrx_word' id='word_1_731' title='bbox 2489 4433 2700 4488; x_wconf 81' lang='lat' dir='ltr'><strong>Oportet</strong></span> <span class='ocrx_word' id='word_1_732' title='bbox 2753 4438 2874 4476; x_wconf 83' lang='lat' dir='ltr'><strong>eum</strong></span> <span class='ocrx_word' id='word_1_733' title='bbox 2927 4427 3018 4492; x_wconf 89' lang='lat' dir='ltr'><strong>qui</strong></span> <span class='ocrx_word' id='word_1_734' title='bbox 3075 4431 3241 4479; x_wconf 91' lang='lat' dir='ltr'><strong>nostri</strong></span> <span class='ocrx_word' id='word_1_735' title='bbox 3280 4442 3447 4481; x_wconf 76' lang='lat' dir='ltr'><strong>causa</strong></span> 
     </span>
    </p>
   </div>
   <div class='ocr_carea' id='block_1_95' title="bbox 1879 4509 3448 4577">
    <p class='ocr_par' dir='ltr' id='par_1_95' title="bbox 1879 4509 3448 4577">
     <span class='ocr_line' id='line_1_95' title="bbox 1879 4509 3448 4577; baseline 0.007 -17"><span class='ocrx_word' id='word_1_736' title='bbox 1879 4509 2047 4563; x_wconf 80' lang='lat' dir='ltr'><strong>Filius</strong></span> <span class='ocrx_word' id='word_1_737' title='bbox 2097 4510 2330 4565; x_wconf 87' lang='lat' dir='ltr'><strong>hominis</strong></span> <span class='ocrx_word' id='word_1_738' title='bbox 2385 4511 2556 4565; x_wconf 81' lang='lat' dir='ltr'><strong>factus</strong></span> <span class='ocrx_word' id='word_1_739' title='bbox 2618 4522 2720 4577; x_wconf 89' lang='lat' dir='ltr'><strong>est,</strong></span> <span class='ocrx_word' id='word_1_740' title='bbox 2769 4513 2937 4568; x_wconf 88' lang='lat' dir='ltr'><strong>Deum</strong></span> <span class='ocrx_word' id='word_1_741' title='bbox 2988 4531 3110 4570; x_wconf 72' lang='lat' dir='ltr'><strong>esse.</strong></span> <span class='ocrx_word' id='word_1_742' title='bbox 3152 4519 3448 4571; x_wconf 88' lang='lat' dir='ltr'><strong>secundum</strong></span> 
     </span>
    </p>
   </div>
   <div class='ocr_carea' id='block_1_96' title="bbox 1880 4603 3453 4664">
    <p class='ocr_par' dir='ltr' id='par_1_96' title="bbox 1880 4603 3453 4664">
     <span class='ocr_line' id='line_1_96' title="bbox 1880 4603 3453 4664; baseline 0.008 -13"><span class='ocrx_word' id='word_1_743' title='bbox 1880 4610 2129 4653; x_wconf 91' lang='lat' dir='ltr'><strong>naturam</strong></span> <span class='ocrx_word' id='word_1_744' title='bbox 2172 4618 2184 4651; x_wconf 93' lang='lat'><strong>:</strong></span> <span class='ocrx_word' id='word_1_745' title='bbox 2225 4616 2291 4655; x_wconf 91' lang='lat' dir='ltr'><strong>ne</strong></span> <span class='ocrx_word' id='word_1_746' title='bbox 2329 4603 2579 4657; x_wconf 85' lang='lat' dir='ltr'><strong>videlicet</strong></span> <span class='ocrx_word' id='word_1_747' title='bbox 2616 4605 2669 4658; x_wconf 88' lang='lat' dir='ltr'><strong>in</strong></span> <span class='ocrx_word' id='word_1_748' title='bbox 2720 4607 3018 4660; x_wconf 88' lang='lat' dir='ltr'><strong>errantium</strong></span> <span class='ocrx_word' id='word_1_749' title='bbox 3053 4609 3281 4662; x_wconf 90' lang='lat' dir='ltr'><strong>crimina</strong></span> <span class='ocrx_word' id='word_1_750' title='bbox 3310 4609 3453 4664; x_wconf 87' lang='lat' dir='ltr'><strong>ultro</strong></span> 
     </span>
    </p>
   </div>
   <div class='ocr_carea' id='block_1_97' title="bbox 1879 4692 3450 4770">
    <p class='ocr_par' dir='ltr' id='par_1_97' title="bbox 1879 4692 3450 4770">
     <span class='ocr_line' id='line_1_97' title="bbox 1879 4692 3450 4770; baseline 0.009 -27"><span class='ocrx_word' id='word_1_751' title='bbox 1879 4706 1977 4746; x_wconf 92' lang='lat' dir='ltr'><strong>nos</strong></span> <span class='ocrx_word' id='word_1_752' title='bbox 2019 4692 2362 4760; x_wconf 74' lang='lat' dir='ltr'><strong>olijicientes,</strong></span> <span class='ocrx_word' id='word_1_753' title='bbox 2407 4710 2503 4764; x_wconf 90' lang='lat' dir='ltr'><strong>per</strong></span> <span class='ocrx_word' id='word_1_754' title='bbox 2543 4696 2816 4753; x_wconf 88' lang='lat' dir='ltr'><strong>inscitiam</strong></span> <span class='ocrx_word' id='word_1_755' title='bbox 2865 4699 2970 4754; x_wconf 92' lang='lat' dir='ltr'><strong>illis</strong></span> <span class='ocrx_word' id='word_1_756' title='bbox 2997 4700 3193 4755; x_wconf 88' lang='lat' dir='ltr'><strong>similia</strong></span> <span class='ocrx_word' id='word_1_757' title='bbox 3235 4717 3450 4770; x_wconf 89' lang='lat' dir='ltr'><strong>sapere,</strong></span> 
     </span>
    </p>
   </div>
   <div class='ocr_carea' id='block_1_98' title="bbox 1807 4769 3453 4865">
    <p class='ocr_par' dir='ltr' id='par_1_98' title="bbox 1807 4769 3453 4865">
     <span class='ocr_line' id='line_1_98' title="bbox 1807 4769 3453 4865; baseline 0.01 -30"><span class='ocrx_word' id='word_1_758' title='bbox 1807 4769 2042 4854; x_wconf 78' lang='lat' dir='ltr'><strong>Datque</strong></span> <span class='ocrx_word' id='word_1_759' title='bbox 2085 4787 2220 4841; x_wconf 92' lang='lat' dir='ltr'><strong>adeo</strong></span> <span class='ocrx_word' id='word_1_760' title='bbox 2273 4789 2400 4844; x_wconf 88' lang='lat' dir='ltr'><strong>vilia</strong></span> <span class='ocrx_word' id='word_1_761' title='bbox 2451 4792 2695 4859; x_wconf 64' lang='lat' dir='ltr'><strong>quaedam</strong></span> <span class='ocrx_word' id='word_1_762' title='bbox 2746 4793 2814 4848; x_wconf 90' lang='lat' dir='ltr'><strong>de</strong></span> <span class='ocrx_word' id='word_1_763' title='bbox 2852 4794 3070 4850; x_wconf 83' lang='lat' dir='ltr'><strong>Christo</strong></span> <span class='ocrx_word' id='word_1_764' title='bbox 3121 4797 3342 4865; x_wconf 85' lang='lat' dir='ltr'><strong>perinde</strong></span> <span class='ocrx_word' id='word_1_765' title='bbox 3389 4813 3453 4851; x_wconf 89' lang='lat' dir='ltr'><strong>ac</strong></span> 
     </span>
    </p>
   </div>
   <div class='ocr_carea' id='block_1_99' title="bbox 1883 4877 2796 4952">
    <p class='ocr_par' dir='ltr' id='par_1_99' title="bbox 1883 4877 2796 4952">
     <span class='ocr_line' id='line_1_99' title="bbox 1883 4877 2796 4952; baseline 0.011 -22"><span class='ocrx_word' id='word_1_766' title='bbox 1883 4877 1956 4931; x_wconf 92' lang='lat' dir='ltr'><strong>illi</strong></span> <span class='ocrx_word' id='word_1_767' title='bbox 1991 4878 2274 4949; x_wconf 79' lang='lat' dir='ltr'><strong>imaginari</strong></span> <span class='ocrx_word' id='word_1_768' title='bbox 2303 4883 2796 4952; x_wconf 80' lang='lat' dir='ltr'><strong>deprehendantur.</strong></span> 
     </span>
    </p>
   </div>
   <div class='ocr_carea' id='block_1_100' title="bbox 1952 4970 3450 5049">
    <p class='ocr_par' dir='ltr' id='par_1_100' title="bbox 1952 4970 3450 5049">
     <span class='ocr_line' id='line_1_100' title="bbox 1952 4970 3450 5049; baseline 0.01 -25"><span class='ocrx_word' id='word_1_769' title='bbox 1952 4970 2088 5028; x_wconf 78' lang='lat' dir='ltr'><strong>LIX.</strong></span> <span class='ocrx_word' id='word_1_770' title='bbox 2129 4991 2147 5024; x_wconf 73' lang='grc' dir='ltr'><strong>ι</strong></span> <span class='ocrx_word' id='word_1_771' title='bbox 2184 4972 2367 5044; x_wconf 84' lang='lat' dir='ltr'><strong>Neque</strong></span> <span class='ocrx_word' id='word_1_772' title='bbox 2397 4976 2539 5028; x_wconf 92' lang='lat' dir='ltr'><strong>enim</strong></span> <span class='ocrx_word' id='word_1_773' title='bbox 2579 4975 2757 5042; x_wconf 87' lang='lat' dir='ltr'><strong>Pater,</strong></span> <span class='ocrx_word' id='word_1_774' title='bbox 2798 4978 2872 5029; x_wconf 91' lang='lat' dir='ltr'><strong>ait</strong></span> <span class='ocrx_word' id='word_1_775' title='bbox 2915 4993 3126 5032; x_wconf 90' lang='lat' dir='ltr'><strong>rursum</strong></span> <span class='ocrx_word' id='word_1_776' title='bbox 3175 4982 3450 5049; x_wconf 81' lang='lat' dir='ltr'><strong>Christus,</strong></span> 
     </span>
    </p>
   </div>
   <div class='ocr_carea' id='block_1_101' title="bbox 1878 5064 3452 5140">
    <p class='ocr_par' dir='ltr' id='par_1_101' title="bbox 1878 5064 3452 5140">
     <span class='ocr_line' id='line_1_101' title="bbox 1878 5064 3452 5140; baseline 0.008 -25"><span class='ocrx_word' id='word_1_777' title='bbox 1878 5064 2084 5133; x_wconf 84' lang='lat' dir='ltr'><strong>judicat</strong></span> <span class='ocrx_word' id='word_1_778' title='bbox 2124 5081 2478 5136; x_wconf 89' lang='lat' dir='ltr'><strong>quemquam,</strong></span> <span class='ocrx_word' id='word_1_779' title='bbox 2512 5071 2603 5120; x_wconf 87' lang='lat' dir='ltr'><strong>sed</strong></span> <span class='ocrx_word' id='word_1_780' title='bbox 2632 5085 2792 5122; x_wconf 86' lang='lat' dir='ltr'><strong>omne</strong></span> <span class='ocrx_word' id='word_1_781' title='bbox 2823 5070 3082 5138; x_wconf 83' lang='lat' dir='ltr'><strong>judicium</strong></span> <span class='ocrx_word' id='word_1_782' title='bbox 3108 5074 3252 5129; x_wconf 88' lang='lat' dir='ltr'><strong>dedit</strong></span> <span class='ocrx_word' id='word_1_783' title='bbox 3281 5075 3452 5140; x_wconf 86' lang='lat' dir='ltr'><strong>Filio;</strong></span> 
     </span>
    </p>
   </div>
   <div class='ocr_carea' id='block_1_102' title="bbox 1885 5157 3454 5224">
    <p class='ocr_par' dir='ltr' id='par_1_102' title="bbox 1885 5157 3454 5224">
     <span class='ocr_line' id='line_1_102' title="bbox 1885 5157 3454 5224; baseline 0.008 -18"><span class='ocrx_word' id='word_1_784' title='bbox 1885 5165 1938 5207; x_wconf 90' lang='lat' dir='ltr'><strong>ut</strong></span> <span class='ocrx_word' id='word_1_785' title='bbox 1987 5170 2175 5210; x_wconf 81' lang='lat' dir='ltr'><strong>omnes</strong></span> <span class='ocrx_word' id='word_1_786' title='bbox 2225 5157 2587 5210; x_wconf 79' lang='lat' dir='ltr'><strong>honoriﬁcent</strong></span> <span class='ocrx_word' id='word_1_787' title='bbox 2637 5157 2853 5224; x_wconf 85' lang='lat' dir='ltr'><strong>Filium,</strong></span> <span class='ocrx_word' id='word_1_788' title='bbox 2900 5161 3040 5216; x_wconf 90' lang='lat' dir='ltr'><strong>sicut</strong></span> <span class='ocrx_word' id='word_1_789' title='bbox 3090 5164 3454 5218; x_wconf 82' lang='lat' dir='ltr'><strong>honorilicant</strong></span> 
     </span>
    </p>
   </div>
   <div class='ocr_carea' id='block_1_103' title="bbox 1883 5242 3446 5316">
    <p class='ocr_par' dir='ltr' id='par_1_103' title="bbox 1883 5242 3446 5316">
     <span class='ocr_line' id='line_1_103' title="bbox 1883 5242 3446 5316; baseline 0.007 -23"><span class='ocrx_word' id='word_1_790' title='bbox 1883 5242 2098 5298; x_wconf 81' lang='lat' dir='ltr'><strong>Patrem</strong></span> <span class='ocrx_word' id='word_1_791' title='bbox 2129 5247 2193 5297; x_wconf 82' lang='grc'><strong>⁵⁷.</strong></span> <span class='ocrx_word' id='word_1_792' title='bbox 2241 5265 2258 5295; x_wconf 75' lang='grc' dir='ltr'><strong>ι</strong></span> <span class='ocrx_word' id='word_1_793' title='bbox 2297 5245 2363 5296; x_wconf 75' lang='lat' dir='ltr'><strong>Et</strong></span> <span class='ocrx_word' id='word_1_794' title='bbox 2415 5244 2636 5308; x_wconf 89' lang='lat' dir='ltr'><strong>iterum,</strong></span> <span class='ocrx_word' id='word_1_795' title='bbox 2686 5249 2830 5316; x_wconf 90' lang='lat' dir='ltr'><strong>quod</strong></span> <span class='ocrx_word' id='word_1_796' title='bbox 2882 5253 3038 5304; x_wconf 90' lang='lat' dir='ltr'><strong>modo</strong></span> <span class='ocrx_word' id='word_1_797' title='bbox 3089 5250 3446 5304; x_wconf 86' lang='lat' dir='ltr'><strong>dicebamus:</strong></span> 
     </span>
    </p>
   </div>
   <div class='ocr_carea' id='block_1_104' title="bbox 1889 5331 3452 5411">
    <p class='ocr_par' dir='ltr' id='par_1_104' title="bbox 1889 5331 3452 5411">
     <span class='ocr_line' id='line_1_104' title="bbox 1889 5331 3452 5411; baseline 0.01 -30"><span class='ocrx_word' id='word_1_798' title='bbox 1889 5350 1907 5381; x_wconf 84' lang='grc'><strong>‹</strong></span> <span class='ocrx_word' id='word_1_799' title='bbox 1951 5331 2106 5386; x_wconf 90' lang='lat' dir='ltr'><strong>Sicut</strong></span> <span class='ocrx_word' id='word_1_800' title='bbox 2150 5333 2295 5387; x_wconf 89' lang='lat' dir='ltr'><strong>enim</strong></span> <span class='ocrx_word' id='word_1_801' title='bbox 2337 5333 2494 5387; x_wconf 82' lang='lat' dir='ltr'><strong>Pater</strong></span> <span class='ocrx_word' id='word_1_802' title='bbox 2531 5335 2696 5390; x_wconf 87' lang='lat' dir='ltr'><strong>vitam</strong></span> <span class='ocrx_word' id='word_1_803' title='bbox 2732 5339 2892 5394; x_wconf 91' lang='lat' dir='ltr'><strong>habet</strong></span> <span class='ocrx_word' id='word_1_804' title='bbox 2929 5341 2979 5394; x_wconf 90' lang='lat' dir='ltr'><strong>in</strong></span> <span class='ocrx_word' id='word_1_805' title='bbox 3025 5340 3335 5411; x_wconf 88' lang='lat' dir='ltr'><strong>semetipso,</strong></span> <span class='ocrx_word' id='word_1_806' title='bbox 3371 5340 3452 5396; x_wconf 85' lang='lat' dir='ltr'><strong>sic</strong></span> 
     </span>
    </p>
   </div>
   <div class='ocr_carea' id='block_1_105' title="bbox 1342 5484 1906 5553">
    <p class='ocr_par' dir='ltr' id='par_1_105' title="bbox 1342 5484 1906 5553">
     <span class='ocr_line' id='line_1_105' title="bbox 1342 5484 1906 5553; baseline -0.007 -11"><span class='ocrx_word' id='word_1_807' title='bbox 1342 5491 1385 5521; x_wconf 83' lang='grc'><strong>⁸⁷</strong></span> <span class='ocrx_word' id='word_1_808' title='bbox 1427 5488 1580 5543; x_wconf 84' lang='lat' dir='ltr'><strong>Joau.</strong></span> <span class='ocrx_word' id='word_1_809' title='bbox 1613 5501 1662 5551; x_wconf 81' lang='grc' dir='ltr'><strong>ν,</strong></span> <span class='ocrx_word' id='word_1_810' title='bbox 1694 5484 1785 5553; x_wconf 70' lang='grc'><strong>22,</strong></span> <span class='ocrx_word' id='word_1_811' title='bbox 1813 5485 1906 5538; x_wconf 75' lang='lat'><strong>‘35.</strong></span> 
     </span>
    </p>
   </div>
   <div class='ocr_carea' id='block_1_106' title="bbox 1293 5639 2367 5709">
    <p class='ocr_par' dir='ltr' id='par_1_106' title="bbox 1293 5639 2367 5709">
     <span class='ocr_line' id='line_1_106' title="bbox 1293 5639 2367 5709; baseline 0.002 -14"><span class='ocrx_word' id='word_1_812' title='bbox 1293 5643 1462 5697; x_wconf 75' lang='lat' dir='ltr'><strong>Variae</strong></span> <span class='ocrx_word' id='word_1_813' title='bbox 1495 5642 1754 5698; x_wconf 88' lang='lat' dir='ltr'><strong>lectiones</strong></span> <span class='ocrx_word' id='word_1_814' title='bbox 1779 5639 1977 5696; x_wconf 89' lang='lat' dir='ltr'><strong>codicis</strong></span> <span class='ocrx_word' id='word_1_815' title='bbox 2012 5639 2367 5709; x_wconf 79' lang='lat' dir='ltr'><strong>Seguicriani.</strong></span> 
     </span>
    </p>
   </div>
   <div class='ocr_carea' id='block_1_107' title="bbox 267 5804 972 5877">
    <p class='ocr_par' dir='ltr' id='par_1_107' title="bbox 267 5804 972 5877">
     <span class='ocr_line' id='line_1_107' title="bbox 267 5804 972 5877; baseline -0.004 -17"><span class='ocrx_word' id='word_1_816' title='bbox 267 5814 292 5847; x_wconf 75' lang='grc'><strong><em>⁷</em></strong></span> <span class='ocrx_word' id='word_1_817' title='bbox 321 5805 592 5877; x_wconf 70' lang='grc' dir='ltr'>ὀνομάζοι.</span> <span class='ocrx_word' id='word_1_818' title='bbox 671 5811 697 5849; x_wconf 67' lang='grc' dir='ltr'><em>Υ</em></span> <span class='ocrx_word' id='word_1_819' title='bbox 723 5804 972 5872; x_wconf 67' lang='grc' dir='ltr'>πρᾶγμα.</span> 
     </span>
    </p>
   </div>
   <div class='ocr_carea' id='block_1_108' title="bbox 487 5894 1211 5963">
    <p class='ocr_par' dir='ltr' id='par_1_108' title="bbox 487 5894 1211 5963">
     <span class='ocr_line' id='line_1_108' title="bbox 487 5894 1211 5963; baseline -0.012 -1"><span class='ocrx_word' id='word_1_820' title='bbox 487 5903 755 5963; x_wconf 70' lang='grc' dir='ltr'>ΡΑτιιοι.</span> <span class='ocrx_word' id='word_1_821' title='bbox 803 5899 916 5958; x_wconf 64' lang='lat' dir='ltr'><strong>(in.</strong></span> <span class='ocrx_word' id='word_1_822' title='bbox 951 5894 1211 5956; x_wconf 73' lang='lat' dir='ltr'><strong>LXXVI.</strong></span> 
     </span>
    </p>
   </div>
   <div class='ocr_carea' id='block_1_109' title="bbox 3013 5901 3085 5960">
    <p class='ocr_par' dir='ltr' id='par_1_109' title="bbox 3013 5901 3085 5960">
     <span class='ocr_line' id='line_1_109' title="bbox 3013 5901 3085 5960; baseline 0 0"><span class='ocrx_word' id='word_1_823' title='bbox 3013 5901 3085 5960; x_wconf 75' lang='lat'><strong>45</strong></span> 
     </span>
    </p>
   </div>
  </div>
