4092 6334
615 395 752 453 “19

1641 386 1699 437 S.
1741 379 2015 436 CYRILLI
2056 375 2521 432 ALEXANDRINI
2559 374 2875 431 ARCHIEP.

3731 366 3751 421 Ι
3768 365 3873 420 420

621 517 768 571 dedit
825 522 876 568 et
928 513 1064 566 Filio
1109 510 1274 567 vitam
1316 507 1516 561 habere
1550 506 1603 560 in
1635 505 1936 575 semetipso
1972 521 1986 558 :
2016 511 2069 556 et
2098 517 2192 570 po-

2303 499 2375 570 τῷ
2413 499 2526 569 Υἱῷ
2556 499 2700 569 ζωὴν
2744 497 2886 568 ἔχειν
2925 497 2982 549 ὲν
3014 494 3226 566 ἑαυτῷ·
3260 494 3349 548 καὶ
3387 492 3632 558 ἐξουσίαν
3670 490 3873 544 ἔδωκεν

621 615 872 661 testatem
920 603 1065 658 dedit
1121 602 1169 655 ei
1200 609 1254 654 et
1299 599 1565 667 judicium
1617 597 1818 659 facere,
1851 595 1975 663 quia
2017 592 2189 647 Filius

621 698 856 752 hominis
907 705 990 750 est
1040 693 1110 749 ⁵⁸.
1169 711 1187 744 ι
1246 692 1406 746 Currit
1465 690 1662 744 alicubi
1719 689 1912 743 beatus
1965 685 2185 740 David:

628 809 644 839 ι
679 789 943 856 Quoniam
993 785 1138 839 Deus
1179 781 1346 850 jndex
1397 791 1480 835 est
1509 781 1577 833 ⁸³.
1621 799 1638 830 ι
1677 779 1819 845 Quin
1873 786 1924 830 et
1971 775 2189 846 quidam

621 896 835 952 quoque
857 896 920 934 ex
951 879 1152 934 Christi
1187 876 1468 944 discipulis
1510 889 1675 928 unum
1711 871 1966 942 jndicem,
2001 884 2193 937 unum-

622 990 726 1043 que
785 973 1149 1040 legislatorem
1210 981 1328 1021 esse
1379 965 1567 1020 scribit
1615 963 1682 1018 '°.
1731 962 1872 1029 Ergo
1919 956 2192 1026 indicandi

621 1069 916 1120 auctoritas
964 1063 1014 1115 in
1061 1060 1265 1114 lllliitllll
1316 1058 1480 1111 alium
1510 1056 1806 1110 convenire
1853 1059 2047 1121 potest,
2085 1047 2191 1102 nisi

623 1160 675 1212 in
718 1173 839 1211 eum
873 1155 1046 1208 solum
1089 1153 1178 1222 qui
1220 1161 1303 1205 est
1346 1149 1586 1203 omnium
1623 1145 1902 1207 Dominus,
1938 1142 2039 1194 hoc
2077 1148 2185 1204 est,

624 1251 676 1303 in
728 1249 916 1302 Deum.
967 1244 1252 1311 Quomodo
1286 1256 1416 1310 ergo
1450 1239 1586 1293 Filio
1642 1234 1878 1292 hominis
1925 1233 2191 1303 judicium

625 1339 886 1396 tradidit?
944 1337 1074 1390 Nam
1126 1337 1169 1390 si
1231 1349 1348 1388 eam
1395 1332 1470 1386 illi
1526 1338 1843 1399 potestatem
1886 1327 2034 1390 fecit,
2077 1335 2197 1378 tan-

623 1449 780 1501 quam
820 1432 906 1483 nni
946 1429 1099 1483 nobis
1127 1427 1315 1490 simili,
1371 1422 1641 1492 quomodo
1705 1435 1865 1474 verax
1911 1418 2016 1471 erit
2069 1420 2194 1469 dum

621 1524 741 1575 ait:
791 1540 808 1572 ι
846 1519 1083 1574 Gloriam
1145 1530 1316 1569 meam
1367 1513 1526 1566 alteri
1573 1526 1679 1564 non
1732 1509 1872 1562 dabo
1919 1507 2011 1558 3“!
2061 1523 2080 1556 ο
2115 1503 2197 1556 Ad

624 1613 716 1667 Dei
760 1612 902 1666 enim
937 1609 1160 1678 gloriam
1193 1606 1448 1675 pertinet,
1495 1602 1759 1669 judicium
1802 1613 2083 1653 exercere.
2139 1595 2196 1650 Si

626 1716 808 1757 autem
837 1699 1180 1770 iudiciariam
1224 1703 1544 1766 potestatem
1595 1691 1735 1745 Filio
1781 1691 1855 1743 ita
1891 1689 2202 1744 communi-

623 1796 791 1856 cavit,
843 1801 901 1844 nt
937 1791 1051 1860 ipse
1100 1799 1279 1840 tamen
1321 1795 1544 1852 propter
1585 1782 1901 1838 substantia:
1940 1779 2194 1833 identita-

626 1883 1030 1954 temjndicamli
1055 1880 1143 1946 ius
1178 1895 1281 1933 non
1316 1877 1586 1942 amiserit,
1639 1887 1694 1928 et
1726 1874 1813 1929 ille
1848 1873 2198 1927 nihilominus

623 1981 713 2048 qui
743 1977 987 2044 accepit,
1019 1974 1186 2028 Filius
1227 1972 1295 2025 sit
1321 1968 1585 2033 hominis,
1635 1967 1907 2036 quomodo
1940 1966 2196 2019 omnibus

625 2071 970 2126 manifestum
1020 2081 1126 2120 non
1183 2065 1241 2117 fit
1303 2062 1568 2124 Verbum,
1615 2069 1834 2130 propter
1870 2057 2192 2113 ineiiahiletn

626 2165 770 2216 illam
818 2176 881 2214 ex
937 2160 1044 2212 Deo
1099 2155 1259 2209 Patre
1308 2153 1758 2224 generationem,
1817 2149 1985 2203 Deum
2041 2164 2192 2214 esse;

626 2256 876 2321 idemque
926 2263 1163 2311 rursum,
1212 2257 1497 2315 propterea
1552 2243 1692 2312 quod
1759 2241 1909 2296 carni
1965 2241 2196 2304 unitum,

623 2345 957 2413 perindeque
997 2355 1060 2394 ac
1092 2355 1187 2392 nos
1219 2353 1285 2390 ex
1330 2337 1556 2389 muliere
1591 2345 1776 2388 natum
1809 2344 1912 2395 est,
1962 2332 2197 2386 hominis

626 2437 820 2491 Filium
869 2433 1030 2486 esse?
1079 2432 1213 2484 Cum
1261 2443 1390 2497 ergo
1442 2425 1643 2478 ,ἶιιιιιυίε
1696 2425 1866 2479 dicit:
1923 2424 2080 2477 «Cur
2116 2437 2200 2476 me

625 2524 872 2594 quarlitis
906 2522 1215 2574 interficere
1247 2518 1544 2578 hominem,
1589 2517 1681 2584 qui
1720 2517 2007 2570 veritatem
2049 2515 2200 2567 vobis

625 2619 836 2672 locutus
876 2628 992 2667 sum
1025 2611 1109 2664 ⁸³⁸2
1151 2629 1170 2662 ι
1207 2619 1260 2663 et
1297 2623 1509 2661 rursum
1560 2625 1573 2661 :
1614 2625 1631 2658 ι
1665 2605 1834 2660 Nemo
1871 2607 2110 2660 ascendit
2148 2607 2199 2659 in

626 2707 822 2762 coelum
878 2703 982 2756 nisi
1042 2702 1133 2771 qui
1187 2701 1464 2755 descendit
1511 2701 1576 2754 de
1625 2699 1785 2760 coelo,
1823 2695 1989 2752 Filius
2022 2698 2199 2751 humi-

627 2797 819 2864 nis”;
877 2813 895 2848 ι
945 2805 998 2848 et
1039 2794 1232 2847 iterum
1285 2810 1297 2846 :
1349 2809 1367 2842 ι
1443 2791 1507 2845 Et
1567 2790 1709 2844 sicut
1764 2789 1974 2859 Moyses
2033 2789 2194 2858 180

627 2889 888 2945 exaltavit
934 2895 1238 2948 serpentem
1268 2884 1320 2937 in
1355 2885 1593 2947 deserto,
1637 2883 1708 2936 ita
1737 2883 1961 2937 exaltari
1992 2892 2203 2952 Oportet

626 2983 824 3036 Filium
875 2978 1112 3033 hominis
1145 2977 1233 3041 Μ;
1283 2995 1301 3027 ι
1341 2984 1436 3029 aut
1479 2991 1602 3028 cum
1655 2975 1719 3028 de
1755 2975 1934 3042 seipso
1971 2975 2042 3027 ita
2077 2974 2149 3026 ait
2184 2990 2197 3025 :

635 3094 654 3127 ι
692 3072 859 3128 Filius
886 3072 1029 3124 enim
1068 3068 1303 3123 hominis
1331 3077 1594 3122 venturus
1618 3079 1698 3119 est
1735 3067 1786 3118 in
1819 3067 1987 3132 gloria
2024 3065 2200 3119 Patris

2292 591 2440 662 αὐτῷ
2471 591 2565 643 καὶ
2599 589 2779 660 κρίσιν
2826 589 3020 650 ποιεῖν,
3055 587 3137 639 ὅτι
3176 585 3306 648 Υἱὸς
3363 583 3647 653 ἀνθρώπου
3682 579 3817 634 ἐστι.
3847 597 3868 630 ι

2292 682 2497 734 Ψὰλλει
2523 681 2579 733 δέ
2617 697 2717 733 που
2761 680 2853 732 καὶ
2883 680 2910 731 6
2949 679 3215 749 μακάριος
3245 676 3406 730 Δαυῖδ
3428 693 3441 704 ·
3480 695 3499 727 ι
3530 675 3652 726 Ὅτι
3683 676 3710 725 ὁ
3740 671 3875 733 Θεὸς

2293 775 2482 845 κριτής
2537 775 2673 824 ἐστι.
2705 790 2723 822 ι
2769 772 3018 840 Γέγραφε
3052 770 3107 822 δὲ
3155 769 3250 821 καὶ
3298 771 3326 822 6
3377 766 3540 821 αὐτοῦ
3584 765 3872 836 μαθητήςο

2301 884 2318 917 t
2353 861 2448 928 Εἷς
2488 865 2635 916 ἐστιν
2661 865 2688 916 6
2723 863 3019 932 νομοθέτης
3052 862 3146 915 καὶ
3181 860 3396 932 κριτής.
3432 878 3450 909 ι
3489 856 3695 910 Οὐκοῦν
3743 856 3879 924 πρέ-

2295 974 2386 1011 ποι
2419 957 2482 1011 ἀν
2511 957 2610 1026 οὐχ
2652 956 2822 1026 ἑτέρῳ
2864 956 2971 1008 τινί
3011 953 3118 1008 τῶν
3166 952 3334 1006 ὄντων
3362 951 3421 1004 τὸ
3453 949 3679 1021 κρίνειν,
3733 945 3878 1014 πλὴν

2297 1053 2378 1105 ὃτι
2415 1050 2558 1119 μόνῳ
2589 1049 2664 1118 τῷ
2691 1050 2780 1101 ἐπὶ
2811 1048 3026 1101 πάντων
3057 1046 3192 1116 Θεῷ.
3227 1045 3348 1107 Πῶς
3379 1039 3470 1097 οὖν
3517 1041 3713 1094 ἔδωκεν
3743 1037 3878 1091 αὐτὸ

2297 1141 2375 1210 τῷ
2423 1140 2537 1210 Υἱῴ
2582 1138 2921 1210 ἀνθρώπους
2957 1137 3020 1190 Ei
3072 1138 3168 1207 μὲν
3227 1132 3318 1188 οὖν
3358 1134 3433 1195 ώς
3474 1133 3554 1184 ἑνὶ
3600 1130 3707 1182 τῶν
3752 1127 3878 1180 καθ’

2299 1235 2466 1304 ἡμᾶς,
2501 1233 2617 1293 πῶς
2661 1231 2946 1302 ἀληθεύσει
2994 1230 3199 1298 λέγων·
3242 1248 3260 1278 ι
3297 1228 3407 1297 Τὴν
3453 1226 3608 1291 δόξαν
3646 1239 3748 1293 μου
3779 1220 3880 1288 οὐχ

2301 1325 2473 1393 ἑτέρῳ
2505 1323 2693 1386 δώσως
2727 1341 2743 1372 ι
2785 1321 2921 1373 Θεοῦ
2969 1321 3076 1389 γάρ
3123 1319 3249 1385 δόξα
3282 1319 3342 1371 τὸ
3389 1313 3524 1370 εἶναι
3559 1315 3775 1384 κριτήν.
3814 1311 3880 1362 Ei

2301 1416 2355 1468 δὲ
2379 1416 2499 1477 δοὺς
2520 1415 2649 1467 αὐτὸ
2674 1413 2748 1482 τῷ
2767 1411 2877 1483 Υἱῷ
2903 1412 3001 1464 οὐκ
3029 1411 3132 1476 ἔξω
3157 1411 3346 1478 γέγονε
3375 1407 3466 1460 τοῦ
3496 1404 3695 1476 κρίνειν
3716 1399 3881 1462 αὐτὸς

2300 1509 2388 1561 διὰ
2426 1508 2524 1577 τὴν
2553 1507 2858 1575 ταυτότητα
2894 1505 2994 1573 τῆς
3024 1503 3208 1564 οὐσίας
3229 1517 3244 1531 ο
3275 1501 3386 1552 ἔστι
3411 1500 3466 1552 δὲ
3495 1501 3522 1550 6
3549 1494 3726 1549 λαϐὼν
3752 1493 3883 1555 Υἱὸς

2303 1598 2590 1670 ἀνθρώπου
2613 1614 2625 1627 ·
2666 1597 2781 1660 πῶς
2828 1598 2926 1665 οὐχ
2962 1596 3162 1648 ἆπασιν
3197 1593 3458 1662 ἐναργὲς,
3497 1592 3577 1643 ὅτι
3613 1589 3742 1650 Θεὸς
3779 1585 3882 1656 μέν

2306 1695 2452 1746 ἐστιν
2492 1695 2520 1745 6
2554 1692 2722 1757 Λόγος
2763 1689 2853 1742 διά
2901 1689 3001 1759 τὴν
3047 1690 3111 1740 ἐκ
3148 1686 3282 1738 Θεοῦ
3317 1684 3524 1753 Πατρὸς
3568 1681 3884 1752 ἀπόρρητον

2303 1786 2579 1854 γέννησιν,
2603 1784 2631 1834 ὁ
2653 1782 2814 1844 αὐτὸς
2843 1782 2898 1833 δὲ
2931 1781 3024 1833 καὶ
3056 1779 3183 1841 Υἱὸς
3220 1775 3504 1847 ἀνθρώπου
3533 1773 3619 1826 διὰ
3652 1782 3710 1824 1o
3739 1771 3883 1841 qu?)-

2305 1877 2428 1929 σθαι
2475 1874 2673 1944 σαρκὶ,
2710 1874 2803 1924 καὶ
2852 1871 2972 1924 καθ’
3000 1871 3150 1940 ἡμᾶς
3185 1869 3473 1937 ὑπομεῖναι
3520 1865 3770 1932 γέννησιν
3816 1861 3884 1911 ἐκ

2303 1968 2601 2038 γυναικόςς
2630 1968 2797 2019 Ὅταν
2826 1961 2917 2018 οῦν
2946 1964 3078 2034 λέγῃ
3130 1961 3264 2031 πρὸς
3302 1958 3590 2019 Ἰουδαίους
3610 1972 3623 1986 ·
3665 1975 3681 2006 ι
3711 1954 3775 2005 Τί
3813 1969 3882 2021 με

2303 2061 2516 2130 ζητεῖτε
2546 2059 2869 2112 ἀποκτεῖναι
2901 2055 3208 2126 ἄνθρωπον,
3237 2051 3293 2114 ὃς
3338 2051 3436 2119 τὴν
3469 2048 3722 2116 ἀλήθειαν
3753 2045 3885 2112 ὑμῖν

2300 2155 2597 2224 λελάληκας
2630 2172 2647 2205 ι
2679 2151 2787 2204 Καὶ
2816 2149 2974 2202 πάλιν
2995 2164 3009 2178 ⁸
3040 2167 3057 2198 ι
3090 2135 3195 2200 Καὶ
3226 2144 3397 2205 οὐδεὶς
3428 2138 3765 2208 ἀναϐέϐηκεν
3802 2137 3887 2198 εἰς

2300 2249 2388 2302 τὸν
2417 2246 2661 2318 οὐρανὸν,
2696 2246 2742 2296 εἰ
2784 2245 2858 2314 μὴ
2890 2246 2916 2296 6
2953 2243 3018 2293 ἐκ
3049 2240 3141 2292 τοῦ
3179 2236 3405 2308 οὐρανοῦ
3434 2232 3676 2293 καταϐὰς
3702 2234 3727 2282 6
3755 2229 3887 2291 Υἱὸς

2299 2343 2393 2394 τοῦ
2443 2338 2749 2409 ἀνθρώπου.
2785 2356 2802 2387 ι
2845 2337 2956 2388 Καὶ
2992 2334 3154 2387 πάλιν
3177 2349 3189 2362 ·
3225 2350 3243 2382 ι
3277 2331 3386 2383 Καὶ
3431 2327 3612 2388 καθὼς
3641 2323 3888 2390 Μωῡσῆς

2304 2434 2484 2502 ῦψωσε
2517 2432 2607 2483 τὸν
2645 2431 2768 2498 ὅφιν
2801 2429 2858 2480 ὲν
2907 2430 2971 2496 τῇ
3017 2428 3228 2496 ἐρήμῳ,
3275 2421 3448 2483 οὕτως
3495 2418 3774 2487 ὑψωθῆναι
3809 2414 3888 2465 δεῖ

2301 2524 2391 2577 τὸν
2419 2522 2545 2574 Υἱὸν
2570 2521 2662 2573 τοῦ
2691 2518 2999 2589 ἀνθρώπου.
3031 2536 3047 2566 ι
3075 2517 3146 2567 "H
3173 2516 3300 2566 ὅταν
3329 2513 3462 2581 λέγῃ
3493 2510 3618 2580 περὶ
3649 2507 3844 2560 ἑαυτοῦ
3867 2523 3885 2537 ο

2307 2635 2325 2668 ι
2358 2615 2557 2670 Μέλλει
2589 2615 2698 2682 γὰρ
2736 2612 2763 2662 ὁ
2795 2611 2921 2670 Υἱὸς
2966 2607 3059 2660 τοῦ
3095 2605 3383 2675 ἀνθρώπου
3425 2601 3682 2672 ἔρχεσθαι
3714 2601 3771 2650 ἐν
3819 2600 3886 2668 τῇ

2300 2709 2423 2779 δόξῃ
2466 2706 2560 2759 τοῦ
2597 2704 2808 2777 Πατρὸς
2840 2700 3003 2756 αὑτοῦ
3044 2699 3180 2770 μετά
3208 2696 3317 2750 τῶν
3362 2696 3532 2763 ἁγίων
3567 2690 3838 2760 ἀγγέλων.
3865 2711 3884 2741 .-

2302 2803 2409 2855 Καὶ
2438 2799 2630 2852 πάλιν·
2667 2819 2682 2848 ι
2713 2797 2845 2849 Τίνα
2881 2811 2946 2864 με
2975 2793 3220 2860 λέγουσιν
3249 2790 3297 2842 οἱ
3338 2788 3611 2857 ἄνθρωποι
3633 2779 3772 2835 εἶναι
3796 2781 3891 2832 τὸν

2301 2895 2430 2947 Υἱὸν
2456 2891 2545 2946 τοῦ
2579 2888 2896 2959 ἀνθρώπους
2930 2906 2948 2938 ι
2982 2885 3052 2938 ’Ἡ
3081 2885 3174 2937 καὶ
3203 2877 3564 2945 ἁπαξαπλῶς,
3598 2875 3790 2935 ὁσάκις
3823 2873 3894 2925 ἂν

2302 2986 2587 3057 ἄνθρωπος
2623 2978 2949 3049 ὀνομάζεται
2994 2974 3143 3046 παρὰ
3182 2976 3248 3043 τῇ
3281 2968 3626 3037 θεοπνεύστῳ
3671 2966 3894 3035 Γραςῇ,

2303 3078 2402 3128 οὐκ
2439 3075 2543 3143 ἰδίᾳ
2573 3073 2668 3124 καὶ
2701 3070 2803 3122 ἀνά
2839 3070 3002 3139 μέρος
3032 3065 3319 3136 ἄνθρωπον
3353 3058 3490 3113 εἷναί
3527 3076 3730 3129 φαμεν,
3759 3059 3895 3109 ἀπο-

630 3167 712 3222 sui
741 3180 863 3218 cum
897 3161 1103 3230 angelis
1141 3160 1256 3212 suis
1291 3159 1374 3222 ‘5;
1413 3176 1430 3208 ι
1476 3167 1529 3210 et
1562 3157 1756 3209 iterum
1793 3173 1807 3208 :
1847 3175 1864 3207 ι
1911 3155 2080 3220 Quem
2117 3171 2198 3208 me

2308 3166 2642 3236 διαιροῦντες
2668 3161 2832 3215 αὑτοῦ
2904 3160 2992 3212 τὸν
3032 3161 3095 3210 ὲκ
3139 3155 3273 3208 Θεοῦ
3297 3153 3508 3222 Πατρὸς
3553 3152 3758 3217 Λόγον⁸
3797 3166 3894 3201 πι-

630 3259 816 3315 diennt
850 3255 1094 3309 homines
1118 3266 1237 3306 esse
1265 3249 1458 3304 Filium
1493 3249 1729 3302 hominis
1759 3247 1803 3278 *ιθ
1831 3249 1852 3301 ?
1887 3268 1904 3299 ι
1940 3247 2196 3314 denique,

630 3359 688 3404 ut
731 3348 891 3400 unico
924 3343 1088 3396 verbo
1129 3340 1426 3405 absolvam,
1467 3337 1901 3406 quotiescunque
1946 3336 2000 3389 in
2056 3333 2204 3389 Scri-

625 3448 789 3509 ptura
853 3435 1118 3490 divinitus
1174 3433 1435 3501 inspirata
1497 3432 1657 3485 homo
1705 3429 2036 3499 appellatur,
2097 3445 2202 3482 non

631 3532 906 3586 hominem
959 3541 1203 3580 seorsum
1270 3540 1362 3591 per
1411 3541 1491 3589 se,
1564 3521 1746 3576 Verbo
1799 3523 1942 3591 quod
1983 3537 2048 3576 ex
2095 3521 2204 3577 Deo

630 3633 715 3679 est
736 3619 976 3684 secluso,
1014 3625 1192 3670 mente
1231 3615 1591 3682 concipimus,
1647 3612 1738 3667 sed
1785 3613 1965 3681 potius
2021 3613 2201 3666 credi-

632 3730 753 3769 mus
807 3711 905 3766 Dei
938 3708 1181 3764 Verbnm
1215 3705 1607 3776 dispensatorie
1635 3712 1852 3773 propter
1888 3719 1983 3757 nos
2009 3703 2202 3757 Filium

631 3803 871 3860 hominis
926 3800 1150 3862 factum,
1209 3797 1495 3851 divinitate
1529 3794 1743 3848 interitu
1773 3792 1917 3846 nulla
1952 3806 2016 3845 ex
2051 3802 2203 3860 parte

632 3897 832 3948 amissa
885 3900 978 3944 ant
1030 3889 1380 3951 labefactata,
1453 3897 1506 3940 et
1548 3902 1711 3939 unum
1750 3900 1869 3940 esse
1914 3884 2200 3939 Doarinum

632 3995 877 4039 nostrum
940 3981 1123 4045 Jesum
1183 3980 1480 4035 Christum.
1545 3977 1610 4031 Et
1675 3978 1796 4032 ideo
1864 3992 1968 4031 non
2028 3986 2205 4045 potest

632 4091 844 4130 summa
889 4090 1009 4126 cum
1062 4073 1339 4141 impietate
1387 4071 1735 4139 coniunctum
1771 4083 1875 4122 non
1906 4084 2047 4131 esse,
2081 4077 2206 4137 post

633 4165 959 4221 indivulsam
1009 4163 1157 4218 illam
1215 4160 1742 4230 inseparabilemque
1797 4160 2050 4214 unionem
2087 4174 2206 4227 qum

633 4271 849 4309 uirinem
871 4256 1094 4309 omnino
1118 4262 1172 4306 et
1205 4253 1403 4307 mentis
1447 4261 1499 4306 et
1532 4251 1759 4305 rationis
1788 4260 2004 4318 captum
2045 4265 2206 4305 exce-

634 4345 713 4398 dit
746 4345 1057 4412 plnrimum,
1106 4343 1151 4396 si
1204 4342 1326 4409 quis
1357 4357 1521 4394 unum
1557 4340 1609 4392 in
1650 4341 1783 4395 duos
1814 4338 2060 4394 Christos
2115 4349 2207 4394 aut

635 4435 777 4488 [ilius
807 4432 1033 4486 dividat.
1069 4432 1340 4485 Caeterum
1375 4431 1418 4484 si
1457 4430 1544 4483 cui
1581 4432 1797 4483 animus
1828 4440 1996 4494 esset,
2025 4431 2206 4484 omnia

2308 3254 2570 3322 στεύομεν
2618 3253 2674 3303 δὲ
2725 3249 2922 3320 μᾶλλον
2972 3249 3053 3300 ὅτι
3104 3245 3197 3300 καὶ
3239 3244 3369 3305 Θεός
3415 3244 3562 3296 ἐστιν
3600 3240 3893 3312 ἀληθινὸς.

2305 3346 2492 3414 γέγονε
2523 3345 2577 3396 δὲ
2611 3343 2703 3396 καὶ
2751 3343 2876 3403 Υἱὸς
2919 3337 3203 3410 ἀνθρώπου
3235 3336 3300 3388 δι’
3346 3337 3498 3405 ἡμᾶς
3530 3331 3897 3402 οἰκονομικῶς

2310 3437 2445 3507 μετὰ
2473 3435 2561 3488 τοῦ
2592 3438 2768 3505 μεῖναι
2794 3443 2815 3469 ι
2855 3432 3008 3496 Θεὸς,
3057 3431 3149 3482 καὶ
3180 3423 3258 3492 εἷς
3291 3429 3407 3480 ἐστι
3443 3426 3646 3498 Κύριος
3679 3422 3897 3493 Ἰησοῦς

2305 3526 2558 3595 Χριστός.
2597 3522 2818 3584 ’Λσεϐὲς
2847 3521 2901 3574 δὲ
2934 3521 3050 3573 λίαν
3085 3521 3146 3571 τὸ
3187 3518 3440 3588 διορίζειν
3481 3518 3558 3578 εἰς
3599 3515 3690 3567 δύο
3736 3513 3898 3574 υἱοὺς

2307 3619 2400 3671 καὶ
2436 3616 2528 3669 δύο
2561 3613 2828 3684 Χριστοὺς
2849 3654 2862 3678 ,
2899 3612 3037 3683 μετὰ
3065 3613 3163 3680 τὴν
3202 3611 3571 3662 ἀδιάσπαστον
3600 3607 3818 3666 ἕνωσιν,
3853 3603 3893 3674 ἦ

2306 3710 2401 3762 καὶ
2430 3706 2520 3760 νοῦ
2555 3706 2645 3759 καὶ
2674 3704 2830 3772 λόγου
2867 3705 3065 3766 παντὸς
3096 3700 3355 3754 ἐπέκεινά
3390 3699 3449 3750 τὲ
3479 3700 3592 3750 ἐστι
3624 3698 3715 3750 καὶ
3747 3697 3898 3748 ἀνω-

2306 3803 2470 3856 τάτω.
2504 3800 2612 3852 Καὶ
2644 3795 2711 3868 ἦν
2751 3798 2848 3866 μὲν
2895 3796 3024 3856 ἴσως
3062 3795 3121 3846 οὐ
3158 3791 3413 3861 δυσχερὲς
3461 3790 3601 3855 ἄγαν
3637 3792 3742 3850 τοῖς
3771 3786 3898 3839 602'-

2306 3895 2455 3947 λουσι
2490 3891 2794 3961 βασανίζειν
2842 3888 3059 3940 ἅπαντα
3097 3885 3166 3937 τὰ
3214 3883 3341 3954 περὶ
3367 3879 3603 3952 Χριστοῦ
3641 3897 3898 3951 γεγραμ-

2311 3985 2478 4055 μένα,
2527 3984 2619 4034 καὶ
2667 3981 2930 4033 πλειόνων
2975 3978 3193 4030 ἐννοιῶν
3253 3973 3581 4045 ποιήσασθαι
3634 3972 3729 4043 τὴν
3777 3989 3894 4024 παο

2313 4077 2555 4148 ράθεσιν·
2596 4073 2712 4126 ἀλλ’
2748 4073 2905 4140 ἴσμεν
2939 4071 2997 4123 τὸ
3043 4067 3454 4137 γεγραμμένον·
3487 4084 3504 4115 ι
3534 4064 3684 4130 Δίδου
3735 4062 3893 4132 σοφῷ

2309 4167 2579 4238 ἀφορμὴν,
2627 4166 2720 4217 καὶ
2770 4162 3073 4232 σοφώτερος
3121 4160 3288 4212 ἔσται.
3323 4178 3339 4209 ι
3381 4157 3683 4226 Ποδηγήσει
3715 4156 3823 4224 γὰρ
3857 4157 3889 4207 6

2308 4257 2415 4310 τῶν
2448 4259 2583 4309 ὅλων
2621 4255 2749 4315 Θεὸς
2774 4255 2859 4306 διὰ
2901 4253 2993 4305 τοῦ
3023 4251 3178 4317 ἁγίου
3214 4249 3530 4317 Πνεῦματος
3573 4248 3670 4309 τὰς
3704 4246 3895 4312 θεοφι-

2309 4349 2571 4410 λεστάτας
2623 4345 2777 4416 ὑμῶν
2824 4343 3041 4405 ἁκοὰςα
3091 4342 3174 4402 εἷς
3214 4356 3277 4406 γε
3321 4340 3380 4390 τὸ
3415 4338 3672 4392 δύνασθαι
3716 4337 3901 4407 ὀρθῶς

2311 4445 2469 4496 νοεῖν.
2511 4438 2697 4507 Εὑρὼν
2727 4436 2835 4505 γὰρ
2865 4433 3004 4486 οὕτω
3025 4430 3268 4501 ’Χριστὸς
3302 4431 3358 4480 ὲν
3389 4429 3516 4497 ὑμῖν
3557 4429 3656 4498 τὴν
3705 4428 3897 4478 πίστιν

637 4541 759 4595 quae
811 4526 876 4579 de
919 4523 1141 4577 Christo
1192 4521 1390 4575 litteris
1451 4521 1767 4587 consignata
1823 4531 2055 4584 exstant,
2089 4522 2198 4574 dili-

2317 4531 2506 4597 ἀκλινῆ
2536 4528 2629 4579 καὶ
2653 4524 2941 4592 ἀϐέϐηλον,
2974 4517 3304 4588 στεφανώσει
3333 4517 3597 4578 πλουσίως
3622 4519 3730 4579 τοῖς
3758 4516 3902 4567 ἄνω-

639 4617 854 4689 gentius
899 4616 1234 4678 examinare,
1289 4612 1363 4665 illi
1417 4612 1607 4680 utique
1635 4612 1775 4664 haud
1811 4612 1970 4664 nimis
1999 4611 2210 4668 diﬂicile

642 4712 785 4765 foret
827 4709 1010 4780 plures
1060 4707 1240 4760 adhuc
1289 4704 1424 4756 alias
1470 4703 1771 4756 sententias
1824 4701 1972 4756 hisce
2022 4703 2210 4770 adjun-

639 4821 806 4875 gere;
846 4807 937 4859 sed
981 4803 1243 4870 scriptum
1284 4797 1532 4853 novimus
1569 4811 1582 4848 :
1621 4815 1639 4846 ι
1679 4796 1751 4849 Da
1785 4796 2014 4866 sapienti
2050 4812 2212 4851 ocea-

637 4900 877 4962 sionem,
923 4904 972 4950 et
1021 4892 1321 4964 sapientior
1348 4889 1455 4944 erit
1488 4889 1548 4942 ⁶⁷.
1592 4906 1610 4940 ›
1647 4885 2037 4942 Universorum
2068 4889 2210 4943 Deus

2318 4622 2409 4673 θεν
2437 4617 2680 4685 ἀγαθοῖς,
2709 4613 2801 4666 καὶ
2831 4610 3256 4680 παμμακαρίους
3284 4609 3571 4676 ἀποφανεῖ.
3603 4607 3756 4658 Πᾶσα
3782 4605 3898 4675 γὰρ

2319 4711 2473 4782 ἡμῶν
2502 4707 2653 4768 ἐλπὶς
2679 4708 2737 4757 ἐν
2761 4703 2997 4774 Χριστῷ,
3025 4701 3091 4756 δι’
3118 4697 3176 4755 οὗ
3203 4702 3294 4754 καὶ
3325 4700 3442 4772 μεθ’
3465 4693 3526 4752 οῦ
3552 4699 3628 4770 τῷ
3659 4697 3833 4766 Πατρὶ
3860 4699 3898 4766 ή

2317 4801 2444 4867 δόξα
2474 4803 2568 4853 σὺν
2590 4798 2726 4869 ἁγίῳ
2752 4796 3028 4868 Πνεύματι
3054 4797 3133 4860 εἰς
3158 4798 3281 4858 τοὺς
3305 4793 3504 4856 αἰῶνας
3529 4792 3633 4846 τῶν
3657 4790 3897 4843 αἰώνων.

2331 4896 2382 4947 Ἀ
2397 4894 2522 4964 μὴν·

640 4999 850 5042 mentes
903 4995 1130 5050 vestras,
1182 4981 1601 5053 religiosissima:
1645 4981 2038 5050 imperatrices,
2095 5001 2190 5054 per
2229 4986 2487 5056 Spiritum
2549 4993 2795 5039 sanctum
2859 4984 3078 5053 diriget,
3111 4993 3169 5036 ut
3235 4990 3445 5034 rectum
3489 4989 3708 5028 sensum
3741 4987 3900 5028 asse-

639 5079 732 5150 qui
792 5075 1031 5145 possitis.
1099 5075 1310 5127 Etenim
1375 5073 1622 5127 Christus
1675 5073 1932 5126 Dominus
1988 5075 2060 5127 ita
2107 5092 2203 5132 vos
2279 5088 2642 5147 comparatas,
2686 5077 2788 5131 hoc
2853 5087 2955 5139 est,
2999 5079 3151 5128 lirma
3193 5088 3256 5125 ac
3324 5069 3503 5123 stabili
3546 5067 3647 5120 [ide
3671 5077 3900 5122 ornatas

641 5169 947 5229 inveniens,
999 5163 1310 5217 cmlcstibus
1353 5163 1506 5217 bonis
1559 5161 1764 5215 all‘atim
1821 5163 2186 5233 locnplctabit,
2265 5167 2529 5238 ioageque
2579 5168 2919 5223 beatissimus
2962 5164 3176 5218 eﬂiciet.
3220 5160 3408 5215 Omnis
3470 5177 3700 5232 namque
3770 5177 3901 5232 spes

641 5273 831 5321 nostra
877 5264 927 5316 in
968 5258 1192 5313 Christo
1223 5258 1324 5310 sita
1358 5267 1441 5311 est
1476 5276 1487 5310 :
1525 5273 1620 5327 per
1652 5273 1810 5326 quem
1844 5271 1897 5316 et
1930 5276 2052 5316 cum
2095 5277 2202 5330 quo
2240 5264 2385 5318 Patri
2409 5281 2530 5320 cum
2556 5264 2759 5333 Spiritu
2800 5269 2988 5316 sancto
3053 5258 3123 5311 sit
3183 5257 3352 5326 gloria
3388 5258 3439 5311 in
3472 5257 3669 5312 szecula
3732 5273 3904 5312 smcu-

643 5364 839 5416 lorum.
872 5360 1064 5413 Amen.

1329 5492 1373 5523 ⁵⁹
1401 5492 1542 5544 Psal.
1578 5510 1719 5560 xux,
1760 5498 1812 5550 6.
1918 5500 1962 5530 '°
1994 5497 2104 5553 Jac.
2144 5513 2214 5559 Iv.
2245 5501 2327 5555 1‘2.
2408 5501 2448 5531 ει
2487 5498 2588 5551 lsa.
2625 5509 2812 5560 xui”,
2847 5493 2928 5547 Η.
3043 5494 3085 5526 ⁵³
3117 5491 3269 5548 Joan.
3306 5504 3424 5559 vm,
3461 5489 3546 5545 40.
3661 5486 3705 5519 ⁸⁸
3734 5483 3898 5541 Joan.

715 5501 759 5531 “
782 5499 939 5554 Joan.
965 5514 1015 5558 ν,
1044 5496 1134 5561 ‘26,
1162 5495 1254 5551 27.
1329 5492 1373 5523 ⁵⁹
1401 5492 1542 5561 Psal.
1578 5510 1719 5560 xux,
1760 5498 1812 5550 6.
1918 5500 1962 5530 '°
1994 5497 2104 5553 Jac.
2144 5513 2195 5553 Iv

2303 5505 2327 5553 ε.
2408 5501 2448 5531 ει
2487 5498 2588 5551 lsa.
2625 5509 2812 5561 xui”,
2847 5493 2928 5547 Η.
3043 5494 3085 5526 ⁵³
3117 5491 3269 5548 Joan.
3306 5504 3424 5559 vm,
3461 5489 3546 5545 40.

645 5585 726 5638 nt,
761 5571 844 5623 15.
920 5568 962 5599 ⁸³
997 5560 1127 5623 ibid.
1158 5566 1242 5618 14.
1321 5563 1364 5594 ⁵⁵
1397 5560 1582 5617 Matth.
1622 5581 1730 5631 ινι,
1760 5569 1847 5620 27.
1929 5570 1970 5600 ⁸⁵
2005 5572 2131 5625 ibid.
2163 5572 2198 5626 il

2329 5571 2370 5602 "
2399 5569 2559 5624 Prov.
2595 5581 2670 5628 lx,
2701 5566 2752 5619 9.

1723 5680 1892 5739 Varia:
1933 5685 2195 5742 lectiones
2218 5685 2420 5742 codicis
2451 5680 2807 5751 Seguicriani.

717 5809 741 5838 ³
768 5793 923 5851 εἶναι.
1000 5806 1017 5827 ⁸
1049 5796 1299 5858 διανοίας.
