4092 6334
217 365 358 421 “’25

1403 359 1823 418 FRAGMENTA
1865 359 2278 419 llOGMATlCA.

3319 371 3340 424 l
3350 371 3453 425 4‘26

216 482 330 552 χαὶ,
359 478 474 532 ἀλλ’
507 480 562 531 ἐν
595 477 758 542 ζῶσιν
787 478 864 531 ἔτι
894 476 1193 546 λογίζονται
1244 477 1392 547 παρὰ
1421 476 1497 548 τῷ
1525 476 1662 540 Θεῶ,
1696 476 1778 538 τίς

1911 479 2024 546 pud
2057 480 2244 533 Deum.
2275 480 2408 547 Quis
2437 482 2537 538 boc
2567 496 2812 538 asserere
2844 485 3154 541 recusabit?
3184 485 3249 540 Et
3273 497 3455 554 paucis

215 575 243 624 ὁ
277 572 438 640 φάναι
472 569 941 642 παραιτούμενος;
997 568 1104 622 Kal
1144 567 1270 638 μετ’
1301 569 1495 637 ὀλίγα·
1540 566 1788 619 Ἐννοιῶν

218 665 325 734 ἄρα
358 662 535 730 σοφῶν
563 679 623 714 τε
654 664 747 715 καὶ
776 659 991 728 ἀγαθῶν
1020 661 1079 713 οὐ
1123 659 1355 731 μετρίως
1404 658 1788 730 ἡμαρτηκότας

219 756 423 808 κατίδοι
451 772 534 817 τις
564 755 628 807 ἂν
657 742 782 815 τοὺς
799 754 1117 822 ἀποστερεῖν
1149 751 1429 813 ἐθέλοντας
1457 752 1583 813 τοὺς
1613 766 1791 802 κεκοιο

223 848 498 917 μημένους
547 847 639 899 καὶ
669 846 854 908 θυσίας
887 848 984 916 τῆς
1017 846 1304 914 μυστικῆς,
1336 845 1429 898 καὶ
1460 843 1559 913 τῆς
1589 843 1792 898 ἀνωθεν

220 939 574 1006 ἡμερότητος.
603 936 746 989 Ζῶσι
779 935 906 1007 γὰρ,
938 936 1011 997 ὡς
1032 935 1188 1005 ἔφην,
1219 935 1279 986 τό
1297 953 1359 1003 γε
1389 935 1631 987 ὲνείκὸνι
1657 932 1792 986 Θεοῦ

217 1029 414 1099 ὥσπερ
437 1028 649 1082 οὐδέπω
665 1028 848 1097 ζήσειν
881 1027 1182 1096 μέλλοντες,
1218 1027 1311 1078 καὶ
1339 1024 1486 1095 αὺτῷ
1518 1026 1575 1077 δὲ
1608 1025 1794 1077 συνόν-

218 1137 312 1181 τες
341 1117 580 1188 Χριστῷ.
609 1118 715 1170 Kal
741 1116 868 1185 μετ’
886 1115 1209 1184 eligatur
1233 1112 1338 1168 τοῦ
1373 1114 1494 1168 Ἰὼϐ
1513 1114 1662 1180 ὑπὲρ
1679 1112 1796 1166 τῶν

221 1211 447 1262 τέκνων
477 1207 882 1274 παραθέμενος
911 1207 1149 1259 θυσίαν·
1173 1205 1322 1273 φησὶ
1343 1205 1472 1275 τὰρ,
1507 1205 1628 1256 ὅτι.
1663 1205 1794 1258 Ἀπ-

220 1303 512 1356 έστελλεν
539 1301 684 1364 Ἰὼϐ,
720 1301 818 1353 καὶ
859 1298 1198 1367 ἐκαθάριζεν
1230 1297 1449 1362 αὐτοὺς
1477 1296 1795 1364 ἀνιστάμε-

221 1412 329 1460 νος
362 1392 441 1457 τῷ
478 1393 645 1461 πρωϊ,
677 1391 774 1445 καί
803 1391 1157 1460 προσφέρων
1173 1389 1324 1458 ὑπὲρ
1355 1388 1553 1444 αὐτῶν
1582 1389 1796 1453 θυσίας

221 1487 374 1537 κατὰ
420 1484 528 1537 τὸν
575 1481 825 1552 ἀριθμὸν
863 1481 1080 1546 αὐτῶν,
1105 1502 1123 1532 ο
1162 1483 1258 1535 καί
1303 1480 1561 1548 ἐπιφέρει
1583 1481 1792 1549 λέγων·

221 1575 432 1627 Οὐκοῦν
450 1576 548 1627 οὐκ
565 1574 867 1644 ἀπόϐλητον
887 1573 1035 1642 παρά
1049 1573 1166 1642 Θεῷ
1180 1575 1240 1626 τὸ
1257 1574 1404 1625 θύειν
1421 1572 1557 1642 ὑπὲρ
1576 1571 1794 1641 ἐτέρων,

229 1666 348 1718 οὐδὲ
373 1666 507 1734 δρᾷν
554 1663 766 1732 ἐφίησιν
817 1663 1181 1730 ἀνεγκλήτως.
1242 1663 1486 1716 Ἐπαινεῖ
1529 1661 1678 1729 γοῦν,
1725 1659 1800 1722 ὡς

219 1758 322 1825 οὐκ
349 1757 590 1825 ὑπάρχον
618 1753 910 1823 ἀνωφελές.
947 1751 1091 1807 Εἶτα
1115 1753 1300 1807 πάλιν
1325 1753 1438 1822 τὴν
1462 1755 1530 1808 ἐν
1553 1753 1630 1819 τῷ
1655 1753 1802 1807 κατὰ

227 1845 470 1899 Λουκᾶν
503 1845 845 1913 Εὑαγη-ελίῳ
873 1844 1008 1912 περὶ
1040 1845 1144 1898 τοῦ
1171 1848 1536 1914 παραλύτου,
1560 1848 1655 1900 καί
1684 1845 1802 1898 τῶν

225 1936 626 2004 χαλασάντων
668 1933 855 1989 αὐτὸν
897 1935 995 1988 διὰ
1033 1935 1152 1990 τῶν
1199 1938 1466 2006 κεράμων
1510 1935 1802 2006 ἐξηγησά-

220 2045 401 2097 μενος
435 2027 708 2094 ἱστορίαν
741 2043 804 2078 τε
843 2025 940 2081 καί
975 2029 1468 2096 θαυματουργίαν,
1516 2027 1799 2096 ἐπιφέρει,

226 2115 329 2168 καί
355 2129 576 2183 φησιν·
632 2115 746 2167 Οὐκ
777 2113 1124 2184 ἀθαύμαστον
1161 2117 1309 2184 ἠφίει
1358 2119 1386 2168 ό
1431 2117 1662 2186 Χριστος
1694 2115 1802 2168 τῶν

229 2207 716 2278 προπομισὰντων
747 2205 844 2276 τὴν
873 2206 1073 2260 πίστιν.
1113 2206 1171 2258 '0
1197 2207 1251 2258 δὲ
1273 2207 1380 2259 τῶν
1412 2209 1586 2260 πόνων
1618 2207 1782 2259 ὲπλού

227 2317 308 2351 τει
337 2299 434 2371 τὴν
461 2297 632 2361 λύσιν,
674 2298 767 2350 καὶ
795 2297 856 2349 τὸ
885 2298 1261 2368 ἐτερογνὴσιον
1290 2300 1367 2361 εἰς
1399 2299 1671 2368 φιλοθεῒαν
1718 2298 1804 2350 εὐ-

235 2390 392 2460 μενῆ,
426 2390 522 2442 καὶ
553 2388 701 2458 φίλον
733 2387 878 2458 αὑτῷ
909 2390 1294 2458 κατεστήσατο,
1315 2389 1403 2441 τὸν
1421 2388 1805 2458 ἐλευθεροῦντα

232 2481 465 2552 Χριστὸν
494 2479 982 2550 πλημμελημάτων
1031 2496 1090 2532 τε
1137 2478 1271 2548 ὁμοῦ
1302 2480 1395 2533 καὶ
1437 2479 1803 2550 ἀρρωστημά-

229 2592 359 2626 των.
383 2572 491 2626 Καὶ
521 2567 690 2636 αὖθις
716 2572 846 2638 περὶ
879 2570 984 2623 τοῦ
1015 2569 1456 2637 ἑκατοντάρχου
1477 2572 1806 2638 μνημονεύ-

226 2681 344 2730 σας
379 2664 485 2717 τοῦ
517 2664 585 2716 ἐν
607 2663 685 2727 τῷ
711 2663 862 2714 κατὰ
897 2661 1195 2714 Ματθαῖον
1225 2662 1567 2729 Εὑαγγελίῳ
1599 2661 1806 2728 λέγον-

231 2773 353 2822 τος.
391 2776 408 2806 ι
457 2756 651 2822 Κύριε,
692 2755 723 2806 ὁ
756 2751 896 2816 παῖς
932 2749 1362 2819 μουβέϐληται
1406 2749 1806 2816 παραλυτικός

232 2847 303 2898 ἐν
346 2844 419 2913 τῇ
483 2843 639 2908 οἰκίᾳ
692 2830 902 2906 δεινῶς
948 2837 1453 2908 βασανιζόμενος·
1501 2838 1599 2893 καὶ
1648 2837 1807 2906 λέγει
1853 2868 1856 2872 -

231 2935 425 3001 αὐτῷ·
471 2935 612 3003 Ἐγὼ
644 2933 837 2987 ἐλθὼν
871 2930 1217 2999 θεραπεύσω
1261 2931 1466 2985 αὐτόν.
1509 2931 1618 2984 Kal
1665 2932 1810 2984 ἀπο-

235 3028 452 3095 κριθεὶς
484 3029 516 3079 ό
543 3026 979 3092 ἑκατόνταρχος
1001 3024 1116 3091 ἔφη
1135 3041 1150 3054 ·
1179 3024 1371 3091 Κύριε,
1408 3025 1516 3076 οὐκ
1541 3024 1652 3091 eiul
1689 3027 1811 3077 ἱκα-

1889 568 2209 636 interjectis:
2240 570 2281 623 E
2305 573 2590 624 sententiis
2618 573 2797 642 itaque
2823 574 2977 629 bonis
3008 589 3070 628 ac
3099 576 3453 644 sapientibus.

1891 671 1991 710 nec
2022 659 2366 713 mediocriter
2423 661 2694 713 excidisse
2730 662 2960 730 quisque
3003 665 3308 732 compcrict
3338 679 3455 726 eos,

1892 747 1981 817 qui
2029 750 2354 823 dormientes
2420 760 2473 803 et
2531 751 2795 806 sacriﬁcio
2848 754 3072 822 mystico
3125 764 3178 808 et
3225 771 3457 824 superna

1894 842 2178 896 clementia
2207 843 2444 912 spoliare
2495 853 2786 898 conantur.
2819 844 3016 899 Vivunt
3063 845 3207 899 enim
3266 848 3454 910 vitam,

1894 949 2014 1004 qua-
2054 935 2104 988 in
2129 935 2359 1004 imagine
2386 935 2477 988 Dei
2508 935 2730 1002 vivitur,
2762 944 2816 988 et
2847 949 3008 1004 quam
3043 951 3259 1000 semper
3303 938 3460 989 simul

1896 1043 2017 1081 cum
2054 1026 2270 1081 Christo
2317 1028 2507 1082 victuri
2541 1036 2688 1090 sunt,
2725 1026 2789 1080 Et
2835 1037 2947 1094 post
2994 1044 3186 1095 pauca,
3215 1029 3335 1080 Jobi
3369 1045 3461 1093 pro

1896 1119 2021 1186 filiis
2071 1119 2334 1186 sacriﬁcio
2385 1118 2643 1187 apposito,
2698 1118 2894 1171 dicitur
2938 1121 3114 1172 enim:
3152 1136 3170 1168 ι
3223 1118 3461 1171 Mittebat

1896 1208 2018 1272 Job,
2045 1220 2090 1262 et
2129 1209 2439 1278 puriﬁcabat
2488 1225 2595 1274 eos,
2627 1225 2905 1278 exsurgens
2937 1225 3110 1272 mane,
3143 1218 3190 1263 et
3241 1209 3463 1275 offerens

1896 1317 1989 1367 pro
2033 1303 2108 1354 eis
2146 1304 2382 1355 uictimas
2433 1302 2717 1355 secundum
2775 1318 3050 1354 numerum
3092 1304 3336 1365 eorum',
3380 1302 3465 1352 in-

1898 1392 2038 1461 fert:
2071 1410 2091 1443 ι
2127 1393 2268 1460 Ergo
2295 1392 2559 1445 sacrilicia
2591 1390 2787 1447 oﬂ'erre
2832 1407 2929 1460 pro
2965 1391 3085 1445 aliis
3119 1405 3148 1444 a
3185 1390 3292 1444 Deo
3355 1406 3460 1443 non

1902 1483 2164 1550 rejicitur,
2199 1485 2338 1550 quod
2371 1485 2576 1552 absque
2599 1484 2826 1537 crimine
2859 1483 2972 1537 lieri
3008 1482 3294 1552 permittit.
3324 1481 3467 1534 Lau-

1902 1578 1991 1632 dat
2047 1577 2211 1646 igitur
2269 1585 2523 1644 tanquam
2582 1575 2748 1628 utile?
2777 1574 2908 1628 Tum
2951 1575 3192 1641 deinceps
3242 1569 3466 1626 historia

1903 1677 2054 1735 atque
2084 1665 2359 1728 miraculo,
2393 1682 2509 1733 qua:
2534 1665 2584 1716 in
2612 1663 2767 1719 Luca:
2798 1663 3079 1732 Evangelia
3156 1665 3219 1718 de
3253 1663 3472 1731 paraly-

1905 1758 2005 1810 tico
2029 1761 2070 1823 ’,
2098 1768 2142 1811 et
2168 1758 2252 1818 iis,
2271 1758 2357 1826 qui
2385 1773 2449 1810 ex
2471 1766 2601 1810 tecto
2624 1772 2740 1810 eum
2787 1756 3165 1820 submiserant,
3191 1755 3464 1824 expositis,

1902 1849 2155 1917 subinfert
2181 1860 2228 1902 et
2260 1849 2330 1901 ait
2356 1865 2374 1902 :
2409 1847 2522 1902 Non
2553 1851 2753 1915 absque
2780 1847 3043 1901 miraculo
3069 1846 3224 1900 [idem
3253 1861 3466 1907 eorum,

1901 1943 1991 2011 qui
2046 1942 2402 2005 adduxerant,
2459 1941 2695 2008 reliquit.
2744 1939 2814 1993 At
2869 1937 2960 1994 hic
3014 1937 3264 1992 dolorum
3321 1936 3470 1989 solu-

1898 2033 2097 2085 tionem
2120 2032 2333 2086 abunde
2350 2033 2800 2099 consequebatur,
2824 2038 2880 2085 et
2907 2030 3050 2098 quod
3085 2028 3306 2083 alterius
3329 2036 3465 2089 erat,

1903 2123 1954 2176 in
2013 2122 2294 2175 candidum
2366 2121 2459 2175 Dei
2519 2135 2760 2174 amorem
2815 2119 3142 2179 immutavit,
3190 2127 3244 2172 et
3301 2115 3400 2169 sibi
3438 2131 3468 2167 υ

1904 2214 2145 2276 Christo,
2176 2214 2265 2283 qui
2295 2228 2322 2264 a
2349 2213 2584 2281 peccatis
2614 2212 2775 2266 simul
2814 2223 2867 2267 et
2892 2209 3302 2279 {egritudinibus
3333 2207 3470 2260 libe-

1906 2315 2008 2372 rat,
2037 2304 2460 2358 benevolentiam
2485 2302 2818 2357 cauciliavit.
2860 2300 3091 2370 Itemque
3147 2295 3466 2352 centurionis

1906 2395 2163 2446 mentione
2193 2395 2427 2457 inducta,
2457 2394 2606 2461 cujus
2629 2394 2682 2446 in
2717 2392 2952 2446 Matthwi
2985 2389 3264 2459 Evangelia
3297 2387 3468 2440 histo-

1907 2484 1985 2534 ria
2019 2492 2288 2544 narratur,
2321 2483 2574 2539 dicentis:
2604 2500 2622 2532 t
2672 2482 2913 2542 Domine,
2955 2497 3084 2548 puer
3121 2495 3263 2532 meus
3323 2479 3468 2545 jacet

1904 2575 1958 2625 in
1982 2573 2134 2624 domo
2159 2571 2496 2639 paralyticus,
2530 2580 2577 2623 et
2612 2571 2748 2624 male
2794 2581 3106 2637 torquetur;
3142 2579 3188 2621 et
3220 2570 3297 2621 ait
3350 2567 3470 2620 illi:

1908 2660 2019 2730 Ego
2045 2660 2240 2713 veniam
2264 2673 2308 2714 et
2333 2660 2528 2714 curabo
2580 2679 2720 2717 eum.
2754 2659 2821 2715 Ει
2866 2663 3183 2729 respondens
3213 2661 3468 2721 centurio,

1904 2752 1978 2805 ait
2011 2765 2028 2803 :
2070 2752 2302 2815 Domine,
2345 2768 2448 2804 non
2475 2770 2588 2805 sum
2618 2755 2834 2822 dignus,
2861 2763 2915 2807 ut
2956 2755 3119 2806 intres
3149 2752 3241 2806 sub
3281 2761 3471 2804 tectum

1908 2860 2094 2907 meum,
2122 2848 2210 2896 sed
2228 2854 2428 2898 tantum
2463 2847 2548 2899 dic
2578 2846 2748 2911 verba,
2769 2854 2816 2898 et
2841 2847 3116 2898 sanabitur
3149 2859 3276 2911 puer
3300 2858 3467 2895 meus.

1909 2931 2140 2986 Audiens
2170 2943 2343 2987 autem
2369 2933 2522 2988 Jesus
2562 2935 2784 2991 miratus
2829 2945 2927 2997 est,
2950 2944 2999 2986 et
3055 2934 3388 3003 sequentibus
3421 2948 3474 2983 se

1912 3026 2046 3078 dixit
2077 3039 2096 3080 :
2127 3028 2286 3078 Amen
2321 3027 2435 3079 dico
2495 3026 2659 3089 vobis,
2688 3043 2789 3081 non
2830 3027 3001 3081 inveni
3068 3034 3270 3078 tantam
3318 3024 3473 3090 ﬁdem

235 3119 363 3184 νὸς,
396 3119 497 3169 ἵνα
531 3133 650 3184 μου
677 3116 794 3169 ὑπὸ
816 3115 930 3182 τὴν
957 3115 1184 3183 στέγην
1207 3114 1515 3182 εἰσέλθῃς·
1532 3114 1809 3169 ἁλλέὶπὲ

1915 3116 1966 3168 in
1999 3116 2185 3173 Israel.
2209 3115 2340 3169 Tum
2361 3117 2492 3185 ipsi:
2528 3115 2686 3180 Vade,
2706 3129 2751 3170 et
2769 3117 2902 3170 sicut
2928 3117 3211 3178 credidisti,
3246 3115 3338 3184 ﬂat
3362 3115 3476 3167 tibi.

235 3210 416 3275 λόγῳ,
457 3206 555 3258 καὶ
606 3204 910 3269 ἰαθήσεται
957 3207 989 3257 d
1023 3204 1163 3268 παῖς
1187 3222 1326 3271 μου.
1379 3205 1672 3270 Ἀκούσας
1720 3205 1816 3266 δὲ,

238 3299 449 3367 φησιν,
487 3295 714 3363 Ἰησοῦς
738 3296 1056 3362 ἐθαύμασε,
1104 3296 1200 3347 καὶ
1243 3292 1372 3347 εἷπε
1406 3295 1526 3359 τοῖς
1568 3298 1816 3348 ἀκολου·

241 3392 486 3445 θοῦσιν·
543 3387 747 3455 Ἀμὴν,
783 3385 935 3455 λέγω
983 3386 1146 3454 ὑμῖν,
1183 3388 1316 3454 παρ’
1351 3388 1550 3440 οὐδενὶ
1600 3390 1816 3441 τοσαύ-

239 3499 354 3549 την
402 3481 610 3532 πίστιν
665 3474 845 3546 εὖρον
894 3477 960 3529 ἐν
1017 3476 1095 3542 τῷ
1163 3478 1431 3546 Ἰσραήλ.
1485 3475 1628 3531 Εἶτα
1669 3480 1816 3546 πρὸς

243 3574 460 3628 αὐτόν·
514 3573 761 3640 "ferare,
816 3568 915 3622 καὶ
967 3570 1046 3634 ὡς
1094 3555 1465 3633 ἐπίστευσας
1513 3569 1816 3637 γενηθήτω

244 3682 359 3719 σοι’
405 3664 505 3718 καὶ
552 3665 685 3729 ἰάθη
724 3667 756 3717 ὁ
805 3662 944 3728 παῖς
988 3663 1056 3714 ἐν
1089 3661 1162 3731 τῇ
1206 3661 1328 3729 ὣρςι
1375 3661 1601 3728 ἐκείνῃ.
1649 3680 1666 3711 ›
1708 3661 1818 3714 Καὶ

245 3757 529 3825 ἐπιφέρει,
570 3757 670 3810 καί
694 3770 885 3823 φησιν
909 3769 921 3781 ⁶
959 3755 1146 3825 Ἀθρει
1175 3754 1236 3825 δή
1277 3771 1365 3824 μοι
1395 3754 1496 3806 κάν
1524 3752 1697 3822 τούτῳ
1742 3752 1817 3822 τῷ

247 3847 331 3898 διὰ
367 3848 464 3914 τῆς
505 3845 690 3915 ἐτέρου
723 3844 955 3904 πίστεως
999 3845 1090 3895 τὸν
1118 3846 1176 3896 οὐ
1220 3845 1463 3914 παρόντα
1494 3844 1816 3914 σωζόμενον.

249 3937 311 3990 Τί
358 3937 537 3989 τοίνυν
584 3938 713 4004 ἡμῖν
743 3933 970 3995 ἀνοσίως
1000 3935 1096 4004 τὴν
1134 3935 1506 4005 φιλοκέρδειαν
1555 3935 1820 4004 ἐπιφημί-

253 4029 454 4092 ζουσιν,
486 4031 532 4080 οἱ
565 4028 703 4079 τῶν·
731 4025 932 4086 εἰδότες
977 4026 1146 4088 οὐδὲν,
1176 4026 1208 4094 ἢ
1238 4025 1335 4094 τὴν
1369 4025 1572 4077 ἄνωθεν
1613 4026 1820 4095 ἡμερό-

249 4137 386 4189 τητα
417 4122 526 4180 τοῖς
557 4122 611 4171 ὲν
642 4118 818 4168 πίστει
850 4117 1268 4186 κεκοιμημένοις
1302 4117 1691 4185 σπουδάζομεν,
1722 4116 1820 4186 τὴν

253 4213 411 4279 ἁγίαν
439 4228 497 4262 τε
529 4211 619 4260 καὶ
653 4206 918 4276 μυστικὴν
959 4207 1044 4259 ἐπ’
1076 4208 1272 4268 αὐτοὺς
1301 4207 1576 4268 τελοῦντες
1609 4206 1819 4270 θυσίαν,

253 4302 548 4373 ἠλεήμεθα,
579 4301 672 4351 καὶ
693 4299 823 4350 αὐτὸ
852 4299 907 4349 δὲ
938 4299 995 4350 τὸ
1019 4296 1112 4350 τοῦ
1141 4298 1369 4350 θανάτου
1402 4298 1656 4351 πέπτωκε
1688 4302 1822 4370 κρά-

253 4413 361 4459 τος,
393 4395 486 4447 καὶ
515 4397 546 4461 ἡ
596 4392 695 4459 τῆς
745 4390 1101 4460 ἀτελευτήτου
1147 4389 1291 4459 ζωῆς
1331 4390 1639 4459 ἀνέλαμψεν
1671 4391 1823 4451 ἐλπὶς

1919 3204 1984 3258 Et
2009 3211 2223 3257 sanatus
2247 3214 2321 3256 est
2353 3220 2478 3270 puer
2499 3204 2550 3256 in
2577 3204 2668 3256 illa
2694 3205 2824 3256 liora
2849 3205 2890 3268 ³,
2920 3221 2938 3255 ›
2979 3203 3256 3265 subnectit,
3284 3213 3330 3256 et
3368 3205 3480 3255 ait:

1919 3296 2052 3350 Vide
2087 3296 2249 3348 etiam
2281 3295 2333 3348 in
2371 3297 2471 3349 hoc
2493 3296 2770 3349 absentem
2800 3309 2893 3363 per
2929 3295 3155 3350 alterius
3192 3294 3350 3348 [idem
3396 3310 3481 3348 sa-

1919 3399 2124 3441 natum.
2156 3387 2292 3452 Quid
2323 3389 2484 3455 igitur
2509 3388 2662 3442 nobis
2690 3389 2974 3441 avaritiam
3006 3397 3061 3442 et
3110 3387 3245 3441 lucri
3286 3387 3484 3454 cupidi-

1920 3494 2040 3533 nem
2072 3479 2410 3546 exprobratis
2443 3496 2618 3535 rerum
2650 3480 2906 3534 similium
2932 3494 3153 3549 prorsus
3179 3479 3369 3548 ignari,
3396 3479 3484 3546 qui

1919 3583 2204 3638 supernam
2253 3572 2594 3624 clementiam
2640 3571 2691 3624 in
2745 3570 2847 3624 lide
2898 3569 3166 3624 defunctis
3201 3567 3486 3622 conciliare

1921 3660 2162 3724 nitimur,
2194 3669 2249 3712 et
2307 3676 2518 3714 sacrum
2553 3677 2617 3715 ac
2648 3662 2934 3732 mysticum
2983 3675 3078 3729 pro
3109 3660 3217 3713 illis
3277 3659 3484 3712 sacriﬁ-

1920 3756 2060 3808 cium
2096 3765 2486 3823 perpetramus,
2522 3755 2674 3820 cujus
2709 3769 2808 3822 ope
2837 3750 3267 3807 misericordiam
3292 3764 3487 3804 conse-

1920 3848 2155 3914 quimur.
2199 3845 2350 3913 cujus
2389 3845 2629 3899 subsidio
2662 3845 2830 3912 ipsius
2862 3844 3052 3898 mortis
3093 3843 3257 3896 robur
3274 3841 3488 3900 cecidit.

1923 3948 1975 3991 et
2004 3938 2126 3992 vitm
2170 3951 2442 4004 nunquam
2499 3936 2794 3989 desinentis
2835 3950 2962 4004 spes
3016 3934 3067 3987 in
3119 3933 3336 3987 Christo
3365 3931 3489 3984 Jcsu

1923 4027 2151 4080 Domino
2199 4035 2383 4077 tmstro
2420 4024 2634 4077 reluxit.
2666 4022 2997 4077 Contentiose
3035 4019 3316 4073 admodum
3369 4035 3488 4070 ora-

1922 4118 2110 4170 tionem
2139 4131 2290 4167 suam
2344 4116 2547 4180 sapiens
2595 4130 2655 4166 ac
2704 4113 2926 4179 optimus
2985 4109 3148 4163 Pater
3194 4111 3490 4172 instituens,

1925 4225 2023 4262 non
2083 4208 2192 4259 sine
2245 4207 2600 4272 indignatione
2662 4218 2816 4273 atque
2900 4206 3045 4273 graui
3098 4204 3380 4270 o/fensione
3429 4205 3490 4255 ab

1923 4314 2097 4352 errore
2149 4313 2304 4367 quant
2358 4295 2655 4364 longissime
2708 4295 2904 4364 repellit
2942 4310 3048 4355 eos,
3076 4295 3163 4363 qui
3199 4309 3301 4345 non
3362 4303 3496 4344 recte

1925 4390 2114 4443 sentire
2165 4389 2262 4441 sibi
2293 4388 2345 4439 in
2375 4387 2548 4439 animo
2612 4393 2990 4453 proposuerant
3035 4400 3052 4437 :
3099 4394 3206 4436 tum
3255 4384 3496 4450 deinceps

254 4488 309 4539 ὲν
349 4483 567 4556 Χριστῷ
609 4481 781 4551 Ἰησοῦ
832 4482 906 4550 τῷ
954 4482 1142 4551 Κυρίῳ
1173 4480 1348 4550 ἡμῶν.
1412 4480 1809 4549 Ἀπωνιστικῶς

1930 4480 2258 4534 abundanter
2289 4479 2438 4530 nimis
2467 4479 2630 4530 sacris
2654 4478 2895 4543 eloquiis,
2926 4489 2971 4530 et
2993 4475 3262 4529 miraculis
3289 4492 3318 4527 α
3340 4475 3495 4528 Chri-

254 4580 348 4630 νιιὶ
383 4575 556 4629 τόνδε
603 4575 706 4625 τὸν
749 4574 936 4638 λόγον
965 4571 1510 4637 παραστησάμενος
1555 4576 1587 4626 ὀ
1633 4575 1824 4640 σοφὸς

255 4669 350 4721 καὶ
383 4664 753 4731 πανάριστος
781 4661 1000 4728 Πατὴρ,
1037 4659 1569 4728 καταμεμψάμενός
1608 4679 1690 4722 τε,
1723 4665 1818 4716 καὶ

254 4757 645 4823 ἀποσςϐήσας
702 4755 895 4821 πόρρω
940 4768 1055 4804 που
1112 4750 1220 4817 τῆς
1271 4751 1510 4817 πλάνης
1557 4753 1696 4818 τοὺς
1734 4752 1820 4822 μὴ

256 4855 398 4920 ι’ρθὰ
419 4848 663 4919 φρονεῖν
690 4844 1034 4914 ἑλομένους·
1066 4838 1192 4895 εἶτα
1220 4842 1315 4894 καὶ
1341 4845 1825 4911 καταπλουτίσας

255 4944 440 4995 αὑτὸν
461 4942 529 4995 ἐκ
564 4959 627 4993 τε
651 4939 768 4992 τῶν
797 4937 968 4991 θείων
993 4934 1229 5004 λογίων,
1250 4933 1317 4986 ἔκ
1349 4951 1412 4986 τε
1438 4934 1554 4986 τῶν
1580 4939 1829 5005 θαυματ-

257 5032 527 5101 ει.νργιῶν,
560 5026 646 5084 ὧν
670 5030 888 5096 ἔδρασε
914 5024 1165 5094 Χριστὸς
1195 5027 1226 5077 δ
1260 5022 1357 5075 ἐπὶ
1391 5022 1632 5076 πάντων
1659 5027 1822 5090 Θεὸς.

256 5126 350 5179 καὶ
387 5123 492 5190 τὰς
529 5126 674 5191 ὑπὲρ
717 5123 750 5176 t'i
775 5125 922 5174 ίλων
968 5120 1069 5186 ὑφ’
1109 5116 1324 5183 ἑτέρων
1348 5115 1506 5180 αὐτῷ
1550 5117 1646 5169 καὶ
1681 5135 1825 5184 προ-

254 5215 592 5284 capones-ar;
614 5214 908 5277 ἐντεύξεις
933 5211 1084 5278 μετὰ
1110 5211 1388 5271 πίστεως,
1415 5209 1628 5273 θυσίας
1649 5226 1711 5261 τε
1732 5209 1828 5260 καὶ

256 5307 603 5370 ,προσφορὰς
635 5300 1112 5368 προσηκιίμενος,
1159 5296 1424 5348 παιδεύει
1461 5294 1641 5364 σιγᾷν
1689 5297 1828 5361 τοὺς

1930 4583 2007 4625 sto
2040 4574 2091 4624 in
2129 4572 2366 4624 omnibus
2391 4571 2518 4632 Deo,
2553 4586 2667 4639 qme
2725 4585 2818 4636 pro
2863 4570 2984 4622 aliis
3023 4569 3368 4638 precationes,
3405 4583 3495 4618 nec

1930 4683 2031 4718 non
2062 4664 2410 4732 sacriﬁcia,et
2461 4664 2683 4715 donaria
2729 4663 2832 4730 [ide
2870 4663 2970 4715 sibi
3018 4663 3194 4713 oblata
3234 4661 3493 4724 excipiens

1929 4754 2169 4823 confecit,
2212 4756 2520 4816 instructus,
2567 4755 2672 4807 illis
2715 4755 2801 4822 qui
2856 4754 3198 4804 adversantur
3224 4789 3238 4812 ,
3286 4767 3495 4820 seseque

1930 4859 2187 4914 Oppomtnt
2220 4847 2599 4909 constitutioni,
2629 4841 2990 4896 consuetudini
3038 4842 3258 4904 scilicet,
3289 4850 3336 4896 et
3359 4854 3495 4895 recto

1931 4939 2203 4992 catholica:
2253 4949 2300 4991 et
2332 4938 2629 5003 apostolica:
2660 4933 2908 4986 Ecclesia
2942 4934 3196 5003 dogmati,
3232 4935 3495 4988 silentium

1932 5029 2171 5094 imponit,
2207 5031 2486 5094 suadetque
2515 5027 2586 5076 .in
2637 5034 2898 5090 posterum
2930 5029 3120 5095 sa’pius
3153 5041 3250 5095 pro
3277 5027 3494 5078 mortuis

1935 5117 2216 5168 oblationes
2247 5125 2401 5182 atque
2444 5112 2850 5180 supplicationes
2881 5117 3166 5179 absolvere,
3200 5134 3311 5169 cum
3340 5117 3496 5182 plane

1932 5205 2177 5268 cal/eant,
2209 5205 2312 5255 illis
2349 5203 2451 5256 Deo
2502 5213 2550 5256 et
2615 5203 2764 5258 l’atri
2797 5206 2984 5261 oblatis
3037 5209 3320 5261 maximam
3375 5210 3494 5260 inde

1935 5296 2152 5347 mortuis
2187 5310 2428 5347 emanare
2465 5296 2765 5352 ntilitatent.

255 5393 833 5463 ἀντιδιατιθεμένους
858 5393 942 5445 ἔτι
967 5390 1064 5443 καὶ
1120 5389 1583 5451 ἁντιπίπτυντας
1623 5386 1695 5453 τῇ
1738 5385 2120 5448 καταστάσει,
2181 5382 2371 5452 ἤγουν
2431 5391 2740 5455 συνηθείᾳ,
2783 5378 2879 5440 καί
2935 5387 3012 5450 τῷ
3065 5388 3214 5453 ὀρθῷ
3251 5387 3494 5456 δόγματι

257 5487 366 5556 τῆς
395 5486 714 5553 κτιθονῖικῆς
757 5487 852 5539 καὶ
885 5479 1294 5547 ἁποστολικῆς
1349 5479 1732 5544 Ἐκκλησίας,
1800 5479 1985 5532 πείθει
2039 5495 2103 5531 τε
2156 5479 2262 5532 τοῦ
2301 5483 2518 5536 λοι.τοῦ
2547 5480 2818 5548 συνεχῶς
2836 5483 2939 5546 τὰς
2978 5479 3127 5547 ὑπὲρ
3157 5480 3273 5534 τῶν
3300 5501 3492 5538 κεκοι-

254 5577 532 5646 μημένων
560 5579 854 5632 ἐπιτελεῖν
899 5575 1082 5644 εὐχάς
1122 5593 1181 5628 τε
1217 5572 1317 5626 καὶ
1372 5565 1824 5637 προσφορὰςβῦ
1869 5569 2120 5638 εἰδότας,
2153 5571 2229 5638 ὡς
2247 5571 2481 5639 πάντως
2502 5572 2991 5643 ὠφεληθήσεσθαι
3025 5571 3244 5638 αὐτοὺς
3276 5576 3500 5630 τούτων

260 5667 722 5740 προσαγομένων
756 5669 833 5733 τῷ
877 5667 997 5732 Θεῷ
1037 5667 1129 5719 καὶ
1161 5655 1360 5731 Πατρί.

337 5763 472 5818 ’,Ιιὼ
499 5778 534 5826 t,
567 5762 617 5814 li.
697 5766 713 5790 ’
742 5762 869 5818 Luc.
913 5779 1026 5828 vlli,
1068 5762 1144 5815 IG.
1227 5763 1245 5791 ³
1275 5757 1462 5812 Matth.
1502 5772 1617 5819 vm,
1644 5758 1675 5812 6
1712 5757 1790 5813 Ιίῐ.
