4092 6334
606 311 746 365 1427

2180 472 2267 527 lll.

1591 311 1650 367 S.
1685 311 1958 370 CVRILLI
1995 313 2462 370 ΑιΕιιΑκυιιιΝι
2500 312 2823 370 ARCIIIEP.

3709 303 3870 362 “28

1719 613 1785 652 ex
1819 612 1971 652 uano
2007 611 2208 650 comm
2244 605 2586 649 svnususns
2608 588 2706 664 (1).

603 744 653 800 l.
688 746 919 817 Cyrillus
953 749 1008 801 in
1045 747 1177 802 libro
1217 746 1463 802 adversus
1496 764 1581 802 eos
1631 747 1722 816 qui
1777 757 1999 801 naturas
2031 763 2170 800 con—
2197 749 2246 806 Α
2275 749 2361 802 aio
2411 767 2423 802 :
2469 746 2732 813 Quoniam
2821 742 3241 798 inconvertibilis
3323 750 3514 794 natura
3585 736 3680 793 Dei
3741 745 3862 804 est,

671 818 895 886 fundunt
926 819 1000 888 (2)
1031 822 1119 888 qui
1164 820 1384 886 incipit:
1418 836 1436 869 ι
1474 817 1643 872 Paulo
1694 826 1815 872 ante
1865 818 2026 871 locuti
2077 817 2170 870 diu

669 904 872 941 sumus.
917 906 935 939 Ι

670 1087 959 1158 Quousque
981 1090 1195 1146 tandem
1235 1091 1475 1147 nonnulli
1502 1093 1720 1162 scriptis
1750 1094 1862 1150 suis
1901 1102 2168 1160 astruent,

596 1177 683 1233 vel
714 1181 1054 1234 somniabunt
1083 1182 1283 1251 potius,
1315 1182 1475 1237 Verbi
1525 1185 1576 1236 in
1615 1199 1831 1237 carnem
1859 1198 1920 1238 ac
1951 1185 2171 1251 sangui-

597 1283 720 1323 nem
745 1272 1179 1336 conversionem,
1218 1275 1509 1328 amentium
1542 1275 1712 1329 instar
1755 1277 2054 1344 nugantes?
2079 1275 2173 1331 His

597 1374 700 1414 nos
749 1360 977 1415 dicimus
1013 1381 1026 1416 :
1059 1362 1338 1431 Evigilate,
1377 1364 1510 1418 ebrii
1535 1367 1599 1417 de
1645 1366 1770 1420 vino
1809 1377 2010 1422 vestro.
2044 1366 2174 1432 Quae

596 1451 740 1505 etaim
766 1461 940 1506 vestra
969 1460 1051 1508 est
1081 1455 1145 1507 de
1165 1463 1354 1507 natura
1383 1457 1562 1511 carnis
1582 1458 1845 1511 sententia
1876 1467 1968 1511 aut
2000 1458 2168 1523 notio,

597 1543 680 1597 vel
721 1546 990 1612 quomodo
1015 1546 1412 1601 inscrutabilem
1432 1550 1747 1603 scrutamini
1770 1549 1862 1603 Dei
1883 1552 2174 1604 naturam?

599 1637 731 1698 Quis
777 1651 940 1705 porro
994 1639 1188 1692 audeat
1239 1654 1350 1692 rem
1383 1640 1557 1694 metiri
1625 1641 2173 1696 immensurabilem?

599 1724 768 1780 Nemo
796 1737 945 1782 certe
984 1729 1145 1783 dicet.
1171 1744 1326 1784 nemo
1386 1732 1504 1786 sine
1543 1746 1728 1786 errore
1766 1733 2002 1797 deﬁniet,
2042 1750 2174 1804 qna-

599 1832 723 1870 nam
754 1818 823 1871 sit
858 1820 1114 1887 praeditus
1156 1831 1342 1875 natura
1406 1821 1568 1889 Deus,
1594 1826 1832 1878 omnium
1890 1825 2171 1892 Dominus,

600 1905 712 1970 lux,
747 1909 877 1973 vita,
909 1909 1077 1977 gloria
1101 1913 1434 1979 etpotentia,
1470 1913 1558 1967 ille
1577 1915 1785 1967 demum
1812 1916 1900 1983 qui
1929 1917 2170 1970 omnium

599 2013 778 2051 rerum
833 2010 1080 2054 naturam
1127 2003 1295 2068 novit,
1331 2014 1383 2056 et
1439 2005 1696 2073 quidquid
1728 2009 1780 2060 in
1835 2008 2052 2063 homine
2092 2019 2174 2064 est

599 2090 821 2143 scientia
850 2107 945 2145 sua
986 2096 1377 2163 complectitur.
1429 2097 1717 2167 Quousque
1767 2101 1981 2152 tandem
2035 2115 2171 2153 nou-
2203 2083 2247 2142 Β

598 2183 730 2237 nulli
777 2184 1148 2253 afﬁrmabunt,
1193 2187 1347 2242 Verbi
1410 2190 1605 2244 factam
1650 2193 1702 2244 in
1745 2202 2016 2246 terrenum
2071 2194 2172 2248 hoc

598 2289 797 2342 corpus
853 2279 1225 2343 mutationem,
1254 2280 1304 2332 id
1332 2289 1415 2334 est
1446 2281 1611 2334 Deum
1666 2279 1898 2335 Verbum
1951 2282 2016 2335 de
2047 2283 2172 2335 sub-

597 2366 799 2417 stantia
831 2367 1048 2434 propria
1078 2367 1373 2421 confecisse
1400 2369 1503 2420 sibi
1559 2384 1778 2437 corpus,
1799 2370 1937 2436 quod
1986 2379 2172 2423 nostro

599 2454 1059 2510 consubstantiale
1079 2456 1185 2509 sit?
1214 2455 1277 2508 Hi
1307 2457 1559 2511 videlicet
1599 2458 1774 2525 primo
1802 2458 2016 2522 quidem
2045 2473 2166 2525 pro-

599 2545 841 2610 fitentur,
879 2543 1110 2600 Verbum
1145 2563 1173 2599 a
1201 2548 1490 2616 semetipso
1547 2548 1782 2602 alienum
1840 2550 2094 2615 evasisse,
2122 2549 2174 2603 id

596 2646 700 2701 est,
727 2636 837 2706 jam
866 2653 972 2691 non
999 2638 1228 2707 amplius
1257 2638 1423 2693 Deum
1453 2653 1595 2702 esse,
1617 2649 1674 2692 ut
1699 2640 1826 2706 dixi,
1849 2651 2170 2704 creatorem,

594 2731 785 2796 vitam,
815 2730 1058 2800 gloriam,
1081 2732 1370 2800 potentiam
1395 2750 1407 2786 :
1428 2742 1588 2801 atque
1619 2732 1780 2786 etiam
1813 2734 2006 2787 docent
2051 2748 2172 2786 eum

598 2821 651 2873 in
673 2836 910 2875 errorem
942 2837 1098 2891 posse
1150 2823 1447 2888 incurrere,
1476 2824 1561 2878 cui
1614 2823 1862 2877 obnoxiae
1912 2833 2175 2877 creaturae

599 2921 724 2964 sunt
753 2930 766 2965 :
802 2911 1014 2981 aliaque
1042 2913 1347 2981 lmjusmodi
1375 2913 1549 2969 eidem
1586 2915 1888 2968 attribuunt
1940 2917 2173 2983 pessima

597 3003 812 3070 Oppido,
851 3013 905 3058 et
937 3006 1049 3072 ipso
1079 3005 1315 3076 indigna.
1343 3005 1601 3074 Equidem
1633 3007 1981 3074 quaerendum
2017 3008 2084 3059 ab
2112 3023 2175 3060 eo

599 3096 854 3161 arbitror,
892 3098 980 3165 qui
1029 3097 1168 3152 hanc
1207 3099 1517 3167 opinionem
1568 3098 1619 3151 in
1681 3100 1912 3152 medium
1970 3099 2173 3163 attulit,

599 3204 726 3242 num
787 3190 1093 3257 passionum
1147 3191 1498 3260 ignominiam
1541 3190 1593 3242 in
1649 3191 1880 3244 Verbum
1934 3191 2176 3244 incidere

600 3297 824 3336 necesse
851 3281 1046 3335 fuerit?
1073 3283 1376 3354 Atquehazc
1397 3282 1779 3337 nonnullorum
1797 3283 1977 3350 opinio
2001 3297 2177 3336 nonne

2275 841 2458 909 utique
2489 855 2600 893 rem
2643 837 2820 905 seipso
2852 837 3122 903 indignam
3169 847 3327 903 agere
3360 831 3640 885 voluisset.

2562 931 2617 983 2.
2650 929 2796 983 Idem
2838 926 3067 997 Cyrillus
3100 927 3154 979 in
3178 925 3356 978 eodem
3387 922 3542 976 libro.

2346 1022 2451 1076 Sed
2483 1021 2568 1076 isti
2613 1020 2843 1074 fortasse
2865 1019 3146 1087 opinantes
3193 1016 3372 1070 dicent
3416 1015 3584 1070 Deum
3611 1009 3858 1065 Verbum

2275 1128 2595 1168 conversum
2645 1112 2857 1181 quidem
2899 1109 2952 1163 in
2976 1123 3211 1168 carnem,
3247 1108 3339 1162 sed
3376 1121 3482 1160 non
3515 1113 3711 1167 totum,
3745 1115 3860 1157 nec

2275 1206 2513 1269 omnino,
2563 1218 2660 1257 nec
2711 1203 2760 1255 in
2827 1202 3096 1254 omnibus.
3148 1198 3621 1254 Verumenimvero
3668 1209 3864 1250 nonne

2274 1295 2810 1352 evidenterinsaniet
2830 1293 2875 1347 si
2915 1293 3036 1362 quis
3085 1291 3268 1346 dicere
3322 1297 3415 1343 aut
3464 1290 3684 1344 credere
3721 1287 3858 1340 talia

2275 1385 2433 1440 velit?
2460 1384 2514 1437 In
2540 1384 2727 1454 primis
2770 1383 2919 1436 aiunt
2973 1380 3205 1435 Verbum
3237 1380 3379 1433 haud
3421 1393 3478 1433 se
3529 1387 3697 1431 totum
3740 1377 3860 1430 im—

2275 1485 2520 1530 mutasse
2553 1474 2634 1528 vel
2667 1474 3074 1528 conversionem
3121 1485 3339 1541 passum
3363 1488 3376 1524 :
3399 1469 3596 1523 deinde
3629 1484 3753 1522 eum
3789 1469 3860 1520 fi-

2276 1568 2435 1621 nibus
2488 1565 2956 1630 circumscribunt,
3019 1563 3261 1617 dicentes
3327 1561 3499 1628 ipsum
3543 1559 3859 1626 quantitate

2275 1656 2561 1720 contineri,
2591 1655 2707 1710 loco
2735 1655 2997 1718 cohiberi,
3038 1656 3136 1708 sub
3167 1653 3532 1707 definitionem
3562 1652 3778 1711 cadere,
3801 1658 3862 1703 et

2275 1764 2398 1804 cum
2441 1748 2561 1802 aliis
2614 1750 2774 1802 rebus
2827 1746 3227 1802 connumerari.
3263 1744 3542 1810 Quomodo
3589 1752 3769 1796 autem
3801 1742 3857 1794 hi

2276 1839 2569 1895 adversarii
2593 1839 2862 1908 ignorant,
2883 1851 3080 1906 corpus
3102 1835 3240 1903 quod
3261 1836 3328 1889 sit
3352 1832 3632 1888 divisionis
3652 1847 3823 1900 capax
3840 1872 3858 1893 ,

2275 1931 2453 1984 omnia
2487 1944 2700 1998 semper
2756 1928 2888 1998 pati,
2934 1942 3054 1997 qua:
3088 1925 3309 1995 singulae
3363 1933 3542 1993 partes
3588 1922 3704 1991 ejus
3755 1935 3859 1990 pa-

2277 2019 2731 2089 tiunturiNeque
2756 2020 2899 2074 enim
2934 2019 3024 2071 uni
3067 2018 3432 2071 membrorum
3492 2013 3602 2082 pati
3637 2013 3857 2067 contin-

2276 2119 2450 2180 geret,
2480 2111 2582 2164 nisi
2620 2111 2867 2163 universa
2915 2107 3156 2178 corporis
3185 2118 3378 2160 natura
3410 2105 3661 2175 patiendo
3708 2104 3856 2158 foret

2275 2203 2526 2258 obnoxia.
2564 2201 2780 2256 Interim
2823 2201 2878 2254 hi
2929 2215 3026 2254 nos
3079 2209 3277 2268 cogunt
3329 2198 3396 2252 ad
3433 2196 3596 2252 verba
3633 2209 3856 2262 quoque

2275 2294 2495 2347 minime
2523 2294 2676 2346 nobis
2699 2301 2995 2359 spontanea
3021 2292 3378 2344 descendere:
3404 2290 3493 2344 sed
3526 2289 3678 2340 venia
3703 2286 3858 2354 prius

2276 2398 2305 2434 a
2337 2383 2510 2436 Verbo
2549 2383 2640 2435 Dei
2674 2383 2958 2450 postulata,
2985 2382 3215 2436 dicimus
3233 2381 3397 2448 quod,
3434 2382 3478 2434 si
3515 2380 3653 2433 forte
3672 2388 3858 2431 muta-

2278 2475 2456 2528 bilitas
2486 2474 2552 2527 ab
2591 2490 2655 2528 eo
2693 2489 2802 2527 non
2829 2482 2974 2527 esset
3009 2472 3205 2536 aliena,
3234 2485 3405 2539 neque
3437 2469 3508 2525 illi
3543 2468 3827 2538 impossibi

2277 2566 2344 2620 lis
2374 2567 2488 2636 ejus
2518 2566 2592 2619 rei
2627 2565 2826 2634 passio,
2855 2565 3039 2634 utique
3081 2565 3148 2619 ad
3203 2563 3413 2617 Patrem
3463 2576 3675 2631 quoque
3723 2575 3857 2614 san—

2279 2666 2528 2724 ctmnque
2552 2656 2810 2725 Spiritum
2841 2655 2922 2708 vis
2946 2655 3102 2722 hujus
3126 2653 3477 2723 blasphemiae
3502 2651 3855 2721 perveniret:

2279 2755 2387 2801 tota
2417 2757 2499 2802 est
2529 2748 2671 2800 enim
2701 2746 3180 2801 consubstantialis
3229 2745 3571 2800 sanctissima
3605 2741 3854 2796 Trinitas

2277 2848 2333 2892 et
2393 2835 2768 2890 immutabilis.
2806 2836 3089 2902 Quodnam
3147 2851 3273 2889 vero
3327 2837 3494 2888 robur
3544 2831 3852 2887 infirmitati

2277 2938 2477 2982 nostra:
2522 2926 2958 2992 impetraremus,
2989 2925 3035 2979 si
3078 2925 3217 2979 Deus
3257 2939 3406 2993 aeque
3456 2938 3518 2976 ac
3558 2937 3655 2976 nos
3712 2920 3858 2975 foret

2278 3020 2547 3082 inﬁrmus,
2584 3028 2745 3086 atque
2808 3018 2860 3071 in
2917 3033 2981 3071 ea
3021 3017 3267 3070 converti
3305 3026 3505 3084 posset,
3541 3029 3659 3082 qua:
3699 3011 3858 3067 nobis

2277 3110 2424 3165 effari
2453 3126 2552 3164 non
2584 3109 2728 3174 licet,
2759 3111 2972 3164 etiamsi
3000 3109 3068 3162 ab
3099 3108 3220 3163 aliis
3266 3109 3467 3162 diserte
3510 3106 3650 3161 dicta
3697 3103 3855 3156 audi-

2279 3201 2434 3252 mus?
2467 3198 2569 3253 Sed
2598 3217 2615 3249 ι
2647 3199 2820 3252 videte
2865 3214 2972 3262 me,
3025 3199 3199 3267 inquit
3239 3196 3541 3266 Scriptura,
3565 3193 3690 3263 quia
3744 3193 3860 3259 ipse

2281 3305 2422 3353 sum,
2454 3299 2505 3342 et
2539 3305 2644 3343 non
2679 3304 2796 3342 sum
2846 3299 3085 3343 mutatus
3112 3291 3150 3343 ί.
3189 3308 3206 3340 ι
3243 3288 3378 3341 Τυιη
3405 3297 3460 3342 et
3501 3286 3656 3339 divus
3700 3283 3857 3338 Psal-

598 3373 811 3430 furiosa
841 3375 961 3428 est?
992 3375 1241 3428 Profecto
1278 3376 1408 3428 nihil
1450 3373 1719 3427 amelllius
1740 3375 2035 3442 excogilal‘i
2079 3388 2175 3442 ρο·
2207 3413 2248 3470 C
2283 3383 2438 3435 mista
2465 3383 2658 3436 alicubi
2687 3383 2831 3436 canit
2865 3399 2878 3434 :
2919 3400 2936 3431 ι
2970 3380 3144 3448 Opera
3188 3395 3442 3433 manuum
3477 3389 3689 3432 tuarum
3732 3384 3857 3430 sunt

602 3475 710 3520 test
743 3482 900 3532 quam
942 3466 1016 3518 ita
1069 3464 1227 3520 Verbi
1278 3475 1527 3518 naturam
1577 3465 1899 3518 contumelia
1936 3463 2174 3518 afficere.

602 3556 816 3624 Alioqui
871 3557 962 3625 qui
996 3555 1110 3609 lieri
1160 3563 1358 3624 posset,
1404 3565 1459 3608 ut
1502 3555 1596 3608 Dei
1646 3570 1838 3610 nomen
1896 3555 2180 3609 sublimius

603 3649 792 3716 quovis
817 3648 1033 3702 nomine
1067 3656 1230 3713 esset,
1257 3657 1309 3701 ct
1340 3649 1450 3716 ipse
1495 3647 1754 3700 Dominus
1788 3648 2044 3701 virtutum
2096 3647 2180 3702 fo-

602 3741 720 3793 ret?
746 3741 850 3795 Sed
874 3741 1014 3794 enim
1034 3742 1228 3808 aliquis
1256 3741 1488 3795 fortasse
1526 3741 1689 3802 dicet,
1719 3739 1858 3792 haud
1884 3740 1934 3792 id
1959 3740 2176 3809 quidem

604 3833 970 3885 necessarium
1006 3831 1199 3895 fuisse,
1241 3841 1429 3900 sponte
1474 3841 1651 3884 tamen
1707 3833 1782 3886 ita
1814 3841 1984 3886 semet
2028 3848 2179 3884 com-

603 3931 862 3988 mutasse,
903 3932 959 3977 ut
989 3924 1281 3978 inevitabili
1325 3924 1559 3992 passioni
1589 3922 1856 3976 subesset.
1888 3923 2051 3992 Atqui
2081 3939 2178 3992 ego

684 4083 950 4140 *Malacb.
990 4101 1068 4152 ιιι,
1106 4085 1158 4140 6.
1237 4089 1255 4117 ¹
1278 4085 1420 4141 Psal.
1451 4101 1522 4150 cu,
1556 4084 1642 4149 ΞΟ,
1676 4086 1764 4139 9.7.

680 4243 757 4310 (l)
791 4243 866 4295 Ex
892 4242 1148 4310 Apologia
1180 4240 1403 4294 Joannis
1429 4241 1781 4295 Caesariensis
1819 4255 1914 4306 pro
1950 4242 2180 4295 concilio

605 4312 1030 4368 Chalcedonensi
1093 4327 1210 4376 qua:
1271 4313 1322 4361 in
1385 4313 1566 4364 codice
1620 4312 1846 4379 Syriaco
1925 4311 2181 4367 Vaticano

608 4391 874 4449 superest.
909 4410 976 4420 —-
1004 4381 1103 4432 Mai
1135 4379 1383 4431 Btblioth.
1424 4397 1553 4432 nova
1579 4379 1824 4442 Patrum,
1847 4380 1911 4442 ll,
1950 4381 2073 4433 445.

681 4453 759 4521 (2)
797 4452 856 4505 lli
886 4452 1100 4521 proprie
1133 4449 1448 4521 dicebantur
1475 4450 1814 4521 sanunxoi,
1851 4450 2177 4521 confusanei,

2287 3471 2439 3526 coeli:
2465 3473 2564 3541 ipsi
2593 3473 2863 3541 peribunt,
2895 3481 2948 3525 tu
2995 3480 3174 3525 autem
3218 3484 3543 3538 permanes:
3580 3468 3678 3535 ipsi
3716 3475 3858 3519 vete-

2291 3575 2508 3617 rascent
2547 3579 2734 3617 omnes
2782 3578 2878 3617 ceu
2922 3563 3328 3626 vestimentum,
3361 3569 3416 3614 et
3457 3568 3709 3626 tanquam
3745 3556 3858 3625 pal-

2289 3653 2415 3707 lium
2449 3654 2684 3707 iuvertes
2703 3668 2816 3717 eos,
2851 3662 2906 3704 et
2955 3653 3328 3715 invertentur;
3368 3650 3461 3705 sed
3498 3660 3550 3702 tu
3587 3647 3726 3700 idem
3776 3661 3856 3709 es,

2287 3757 2340 3802 et
2372 3745 2494 3800 anni
2546 3746 2619 3798 tui
2676 3760 2778 3798 non
2823 3745 3076 3797 linientnr
3110 3746 3152 3796 ².
3201 3763 3217 3793 ι
3266 3741 3650 3797 Animadverte
3697 3739 3862 3808 igitur

2287 3835 2553 3902 quomodo
2574 3833 2795 3887 edoctus
2824 3848 2853 3886 a
2883 3831 2990 3886 Deo
3026 3832 3313 3900 PrOpheta,
3344 3833 3409 3886 ad
3441 3841 3741 3884 creatarum
3768 3842 3859 3881 re-

2290 3939 2406 3977 rum
2437 3935 2684 3977 naturam
2727 3923 3137 3977 mutabilitatem
3182 3924 3456 3986 amaudat,
3485 3920 3636 3986 cujus
3664 3920 3738 3972 rei
3770 3932 3862 3970 ar-

2291 4242 2432 4296 κατὰ
2483 4243 2893 4298 Συνουσιαστῶν
2960 4242 3140 4298 sexies
3199 4240 3456 4296 rccitetur
3494 4243 3544 4295 in
3591 4241 3862 4309 opusculis

2291 4313 2495 4366 Graecis
2530 4329 2558 4364 a
2595 4328 2679 4365 me
2726 4316 2885 4370 editis
2912 4314 3107 4380 Scripl.
3161 4322 3260 4364 vel.
3310 4323 3347 4365 t.
3391 4311 3498 4371 Vll.
3527 4329 3614 4380 pp.
3647 4312 3731 4373 10,
3772 4313 3858 4374 15,

2291 4383 2382 4446 27,
2409 4383 2536 4444 290,
2570 4383 2696 4447 995,
2729 4383 2851 4447 502,
2891 4400 3011 4439 cum
3073 4383 3322 4435 brevibus
3366 4383 3481 4452 ejus
3528 4384 3861 4450 fragmentis,

2294 4468 2412 4520 quae
2441 4455 2637 4520 partim
2663 4469 2782 4505 cum
2805 4456 2892 4509 his
2914 4472 2941 4507 a
2980 4452 3188 4506 Joanne
3233 4452 3552 4506 Carsariensi
3602 4453 3862 4517 recitatis,

611 4518 912 4587 cujusmodi
946 4520 1162 4572 fuerunt
1192 4518 1516 4591 Apollinaris
1537 4531 1588 4571 et
1613 4519 1971 4591 Eulyeltes,et
2000 4519 2181 4587 postea
2217 4527 2260 4581 D
2292 4518 2426 4574 inire
2444 4518 2778 4591 congruunt,
2803 4535 2860 4576 ιιι
2884 4533 3068 4591 postea
3102 4522 3423 4576 videbimus.
3457 4524 3652 4576 Contra
3683 4519 3860 4590 Syno-

614 4595 874 4654 Severus,
923 4591 1014 4658 qui
1057 4588 1438 4658 duaspChristi
1473 4590 1787 4658 naturasiin
1843 4604 2001 4640 unam
2057 4591 2188 4643 adu-

609 4673 876 4715 noverunt
902 4657 1062 4726 aiqne
1100 4657 1480 4712 c0nfuderunt.
1517 4657 1652 4710 llinc
1677 4657 1999 4726 Theodoreti
2020 4659 2186 4712 dialo-

610 4747 709 4798 gus
732 4742 914 4783 contra
945 4724 1314 4798 Apollinarem
1346 4725 1659 4779 inscribitur
1704 4724 2055 4798 ’Aqtiyxutog,
2092 4727 2185 4780 In-

614 4796 887 4866 confusus.
937 4796 1200 4867 l’roprius
1253 4809 1431 4850 tamen
1471 4798 1664 4867 ioperis
1697 4811 1723 4846 a
1764 4796 1964 4867 CyArillo
1998 4798 2184 4867 scripti

617 4863 803 4922 titulus
831 4870 928 4920 fuit
952 4863 1093 4922 κατᾶ
1125 4863 1554 4930 Συνουσιαστῶν,
1597 4877 1780 4918 contra
1819 4863 2182 4933 Synusia'slns,

620 4941 737 4993 sive
770 4949 956 4991 contra
992 4955 1083 4991 eos
1113 4942 1353 5006 quiduas
1377 4933 1710 4991 substantias
1743 4936 1978 4991 divinam
2011 4946 2064 4988 et
2090 4937 2186 4988 hu-

617 5025 834 5065 manam
862 5010 930 5059 ita
963 5008 1013 5059 in
1042 5009 1255 5062 Christo
1282 5011 1546 5064 adunatas
1577 5008 1815 5066 aiebant,
1850 5016 1905 5058 ut
1939 5022 2038 5058 una
2067 5016 2186 5073 post

618 5079 1002 5132 :ulunationem
1036 5087 1199 5130 esset.
1229 5080 1275 5132 ls
1301 5094 1485 5133 revera
1506 5079 1693 5132 titulus
1710 5078 1889 5147 operis
1905 5076 2182 5147 Cyrilliani

618 5156 695 5204 ita
743 5153 1003 5203 recitatur
1040 5147 1103 5198 ab
1138 5147 1440 5212 lipbraemio
1487 5152 1825 5202 Antiocheno
1875 5151 2011 5215 apud
2046 5148 2185 5201 Pho-

620 5223 753 5273 tium
782 5221 901 5273 cod.
938 5217 1062 5276 9.29.
1098 5233 1148 5282 ιι.
1173 5216 1296 5277 796.
1326 5220 1467 5283 quod
1511 5220 1827 5274 vocabulum
1877 5223 1958 5272 vix
1995 5219 2183 5272 vellem

620 5311 648 5342 ιι
686 5291 872 5344 Scolto
904 5290 1230 5356 explicatum
1270 5286 1434 5356 fuisse
1491 5289 1676 5342 Latine
1726 5303 1908 5343 contra
1959 5293 2183 5344 consub-

622 5355 999 5424 stantialistns,
1027 5376 1093 5414 ne
1139 5359 1276 5430 forte
1310 5355 1629 5430 Eutychiani
1681 5360 1913 5416 haeretici
1966 5379 2181 5430 permu-

627 5442 808 5484 tentur
838 5446 958 5484 cum
993 5429 1311 5484 orthodoxis
1356 5426 1767 5500 rllomousianis;
1796 5426 2098 5500 quanquam
2133 5434 2183 5485 bi

624 5516 815 5567 reapse
847 5504 909 5552 de
929 5502 1235 5555 substantia
1262 5499 1437 5552 divina
1484 5506 1689 5548 tantum
1721 5499 2029 5565 loquuntur,
2072 5518 2188 5568 qua:

626 5573 813 5623 eadem
851 5570 901 5621 in
940 5572 1098 5625 Patre
1129 5571 1372 5637 Filioque
1406 5577 1521 5632 est;
1562 5569 1632 5619 illi
1667 5582 1728 5619 ex
1763 5571 1966 5622 duabus
1989 5573 2189 5623 (lbristi

628 5641 834 5692 Itaturis
875 5640 1102 5694 humana
1140 5656 1202 5695 ac
1231 5641 1407 5693 divina
1448 5656 1625 5699 unam,
1660 5647 1714 5690 ut
1743 5639 1873 5690 dixi.
1902 5642 2185 5692 faciebant.

629 5711 880 5764 Sedenim
908 5713 1182 5766 commode
1199 5712 1393 5768 accidit
1413 5721 1468 5766 ut
1491 5710 1677 5765 titulos
1709 5708 1986 5778 Cyrilliani
2012 5713 2188 5778 operis

2291 4594 2488 4660 siastas
2543 4593 2878 4660 scripserant
2938 4594 3102 4646 etiam
3163 4591 3428 4646 Diodorus
3479 4592 3766 4646 Tarsensis
3808 4603 3863 4644 et

2291 4659 2607 4713 Theodorus
2647 4659 3056 4729 Mopsustenus,
3122 4663 3350 4715 testibus
3418 4661 3670 4719 Facundo
3725 4660 3860 4712 Iler-

2292 4731 2552 4800 mianensi
2612 4731 2706 4800 lib.
2746 4748 2863 4797 νιιι,
2909 4749 3029 4800 cap.
3092 4732 3146 4788 4.
3214 4747 3418 4784 necnon
3472 4731 3696 4784 Leontio
3741 4732 3856 4785 adv.

2291 4799 2517 4862 lt'ulyrh.
2569 4798 2708 4863 apud
2763 4798 3039 4854 Canisitint
3085 4801 3260 4865 Antiq.
3297 4800 3412 4851 lect.
3450 4802 3536 4852 ed.
3581 4815 3704 4851 nov.
3755 4809 3790 4852 t.
3819 4801 3857 4862 Ι,

2290 4882 2343 4934 p.
2369 4867 2493 4926 591,
2521 4868 2756 4933 itemque
2788 4871 2926 4935 apud
2962 4869 3247 4933 meSpicil.
3280 4867 3431 4921 liam.
3464 4879 3502 4921 t.
3526 4869 3592 4929 Χ,
3623 4878 3760 4934 part.
3799 4886 3855 4934 ιι,

2291 4953 2380 5005 pp.
2412 4938 2497 4996 87.
2531 4938 2618 4988 88.
2648 4936 2885 5005 Denique
2908 4939 3072 4991 etiam
3122 4936 3432 4992 Theodotus
3461 4939 3854 5003 Autiochcuus,

2291 5010 2365 5060 nti
2412 5007 2680 5060 allirmaut
2736 5010 2873 5076 apud
2927 5023 3010 5059 me
3063 5017 3190 5060 tom.
3221 5008 3311 5060 cit.
3345 5024 3394 5076 p.
3433 5009 3496 5063 10
3546 5009 3856 5064 Anastasius

2290 5079 2596 5149 presbyter,
2634 5089 2686 5131 et
2741 5078 2998 5132 Leontius
3043 5092 3093 5146 p.
3126 5077 3247 5132 154.
3286 5076 3402 5133 Uno
3449 5080 3719 5133 versiculo
3750 5096 3853 5132 rem

2292 5150 2575 5202 tleliniet'at
2617 5151 2756 5217 apud
2813 5149 3218 5202 Tlteodot'elttm
3261 5150 3387 5202 tlial.
3421 5151 3517 5203 cit.
3546 5166 3596 5216 β.
3627 5150 3727 5202 106
3750 5153 3854 5202 Att-

2294 5220 2502 5274 tiocltus
2538 5219 2881 5274 Ptoletnaitlis
2912 5234 2927 5272 :
2959 5220 3050 5288 Μὴ
3093 5221 3322 5290 συγχέῃς
3371 5220 3716 5290 τὰςνῗφύσεις,
3768 5221 3854 5270 καὶ

2289 5293 2349 5343 οὐ
2393 5293 2686 5362 ναρκήπεις
2736 5291 2863 5361 περὶ
2915 5290 3011 5360 τὴν
3049 5292 3394 5362 οἰκονομίαν·
3457 5289 3583 5342 Noli
3620 5301 3852 5362 naturus

2292 5360 2634 5431 confundere.
2689 5374 2734 5415 ct
2785 5360 2926 5415 circa
2973 5361 3355 5412 incarnationis
3415 5360 3851 5431 tngstetiumrnon

2293 5430 2533 5500 torpebis.
2582 5432 2833 5485 Sedenim
2862 5440 2936 5481 tot
2985 5433 3111 5482 olim
3159 5441 3210 5481 et
3245 5443 3425 5496 postea
3483 5441 3671 5482 contra
3715 5430 3850 5480 illam

2291 5504 2538 5555 luem-siin
2564 5502 2805 5568 scriptis,
2835 5515 2895 5552 ea
2925 5500 3274 5552 nihilominus
3302 5502 3454 5552 vivax
3494 5501 3690 5552 residet
3719 5503 3848 5564 apud

2289 5584 2490 5640 partem
2515 5574 2798 5623 niaximum
2828 5571 3529 5640 §yrorum,Armeniorum,
3547 5568 3849 5636 [Ethiopum

2289 5639 2449 5706 atque
2482 5642 2793 5708 Copton-unt.
2825 5639 2995 5694 Tanta
3024 5649 3101 5696 est
3131 5639 3423 5710 pra'judicii
3453 5657 3515 5695 ex
3541 5641 3850 5707 antiquitate

2290 5714 2524 5779 suscepti
2559 5712 2836 5766 tenacitas!
