4092 6334
277 321 299 373 Ι
319 319 413 375 ι29

1456 330 1872 387 FRAGMENTA
1919 335 2330 392 DOGMATICA.

3369 343 3504 399 “30

273 445 522 502 gnnicnta
555 437 842 490 ordinatim
873 439 1266 497 recitatdiccns
1297 445 1409 497 fore
1455 455 1511 499 ut
1550 451 1668 502 coeli
1727 466 1848 502 con.
1873 455 1917 509 Λ
1947 455 2128 505 obrent
2150 454 2168 505 ’ἒ
2189 454 2344 506 Certe
2361 466 2486 506 caro
2510 453 2572 505 ad
2593 452 2642 505 id
2666 459 2852 520 sponte
2871 467 2964 506 sua
2988 467 3090 507 non
3115 452 3303 514 fertur,
3328 468 3503 522 neque

277 537 609 592 senescant;
655 542 905 594 supremo
956 543 1132 586 autem
1196 533 1304 586 Deo
1354 535 1837 593 immutabilitatem

276 628 581 679 conservat,
611 619 782 683 ipsum
812 623 1053 682 eumdem
1093 624 1205 677 fore
1257 640 1472 692 semper
1526 635 1686 695 atque
1734 631 1836 682 im-

273 707 584 758 mutabilem
616 715 839 760 testans.
864 709 1030 765 Siculi
1057 725 1231 765 autem
1255 728 1356 766 non
1407 724 1487 768 est
1511 718 1833 770 credendum

272 795 430 847 ullam
461 810 583 849 esse
616 807 724 850 tam
761 804 1118 855 necessariam
1175 819 1307 867 rem,
1343 820 1460 872 qua:
1493 804 1647 860 Verbi
1676 819 1827 862 natu-

275 901 384 936 ram
420 887 471 938 itt
506 887 555 939 id
602 900 932 955 convertere,
965 894 1104 960 quod
1153 907 1338 961 reapse
1368 911 1470 948 non
1503 906 1607 962 est,
1640 909 1831 966 queat:

275 974 344 1026 ita
405 975 550 1032 nulla
608 979 841 1036 vicissim
893 993 1137 1036 creatura
1195 987 1258 1038 ad
1323 987 1538 1040 deitatis
1585 998 1831 1043 naturam

273 1068 504 1136 migrare
546 1074 771 1140 poterit;
799 1088 865 1126 ne
892 1075 1054 1126 multa
1104 1077 1352 1146 deinceps
1382 1080 1428 1132 ei
1456 1082 1834 1150 contingerent

271 1157 717 1226 inconvenientia,
762 1179 881 1231 qnze
937 1180 1065 1218 sane
1111 1166 1448 1225 inveniabilis
1503 1171 1828 1240 blasphemia

269 1250 423 1306 foret.
462 1255 617 1310 Certe
638 1257 682 1309 si
713 1257 885 1323 aliqua
903 1269 1151 1312 creatura
1174 1261 1238 1312 ad
1269 1260 1482 1315 deitatis
1513 1273 1709 1317 statum
1736 1280 1829 1317 na-

269 1344 513 1398 turaliter
539 1347 808 1410 transiret,
841 1363 995 1403 nemo
1016 1348 1126 1418 jam
1167 1367 1195 1404 a
1247 1363 1391 1407 recta
1437 1353 1656 1407 deviare
1703 1371 1828 1408 sen-

268 1438 428 1491 tentia
460 1438 751 1503 videretur,
783 1440 826 1492 si
856 1438 994 1494 forte
1025 1441 1228 1496 diceret
1259 1459 1374 1496 eam
1411 1459 1473 1497 ex
1507 1445 1674 1498 nihilo
1709 1461 1828 1501 esse

266 1529 481 1594 factam,
509 1530 603 1583 sed
636 1530 754 1584 ideo
787 1533 1023 1587 materia:
1044 1535 1357 1602 particulam
1379 1536 1478 1590 sibi
1504 1538 1823 1607 sumpsisse,

267 1627 320 1669 ut
352 1617 642 1673 exsisteret
679 1637 694 1673 :
729 1630 838 1674 tum
877 1638 1071 1691 corpus
1097 1624 1384 1694 aliquando
1422 1627 1740 1681 exstiturum
1769 1630 1822 1683 in

266 1707 568 1761 substantia
624 1724 731 1764 non
786 1715 1108 1781 corporali;
1156 1730 1376 1784 remque
1426 1716 1686 1771 visibilem
1755 1734 1818 1772 ac

266 1799 426 1851 tactui
470 1799 785 1867 subiectam,
812 1802 924 1855 fieri
970 1817 1150 1873 postea
1203 1808 1520 1860 invisibilem
1575 1819 1628 1862 et
1675 1810 1816 1864 nullo

265 1898 405 1943 tactu
453 1892 1081 1963 sentiendum:denique
1128 1912 1323 1966 corpus
1373 1899 1499 1952 illud
1557 1902 1718 1952 vitam
1773 1903 1822 1955 vi

263 1979 491 2049 propriae
532 1992 735 2037 natura:
762 1984 978 2051 habere,
1014 1988 1088 2040 uti
1141 1987 1369 2042 Verbum
1421 1991 1582 2043 vitam
1612 2007 1638 2043 a
1668 1992 1826 2045 Patre

264 2071 487 2138 accepit.
522 2071 685 2126 Aiunt
711 2074 928 2142 insuper
960 2077 1131 2144 ipsum
1168 2077 1218 2131 in
1251 2093 1313 2133 ea
1367 2082 1664 2135 mutatione
1694 2096 1825 2135 con-

265 2162 772 2219 substantialitatem
802 2182 921 2220 cum
948 2179 1138 2238 natura
1165 2181 1345 2225 nostra
1368 2172 1536 2227 fuisse
1554 2177 1823 2244 adeptum,

269 2269 335 2308 ne
358 2256 482 2324 quis
528 2256 667 2310 forte
695 2258 893 2312 diserte
938 2261 1139 2313 diceret
1187 2262 1351 2314 vitam
1378 2264 1425 2315 ei
1454 2279 1558 2317 non
1611 2265 1822 2319 inesse:

263 2359 438 2413 neque
476 2361 594 2400 esse
635 2347 994 2412 inconfusum,
1024 2350 1282 2418 quidquid
1326 2354 1596 2422 corrumpi
1632 2365 1823 2423 potest.

261 2431 394 2484 Tum
424 2435 765 2502 opinionibus
797 2439 912 2492 suis
952 2439 1372 2508 dispensationis
1401 2458 1616 2496 carnem
1653 2460 1824 2513 oppu—

259 2523 583 2591 gnantJam
618 2542 716 2597 ego
758 2529 882 2596 quid
939 2529 1149 2582 dicam?
1185 2531 1442 2586 Dominus
1491 2535 1627 2588 Deus
1674 2538 1826 2589 nobis

260 2615 532 2682 apparuit,
568 2626 626 2668 ut
677 2618 1079 2685 corruptionem
1129 2617 1386 2674 adversus
1422 2636 1521 2675 nos
1563 2623 1826 2676 rebellan-

259 2713 361 2757 tem
378 2706 697 2770 destrucret,
719 2724 822 2762 non
844 2723 970 2762 vero
985 2717 1041 2762 ut
1062 2712 1370 2764 ostenderet
1398 2721 1645 2766 naturam
1667 2729 1820 2768 suam

260 2798 456 2852 factam
503 2815 623 2855 esse
681 2803 993 2870 participem
1045 2804 1459 2872 corruptionis:
1517 2807 1610 2858 sed
1670 2821 1822 2860 snam

260 2887 456 2941 factam
483 2905 606 2943 esse
638 2892 1023 2947 demonstravit
1053 2909 1268 2948 carnem
1303 2893 1470 2958 illam,
1507 2911 1624 2963 qua:
1663 2899 1820 2951 morti

257 2990 372 3035 erat
405 2983 726 3049 mancipata.
760 2982 862 3036 Sed
886 2983 1174 3051 numjuste
1208 2985 1496 3053 aliquando
1537 2991 1825 3043 contendet

1944 543 1993 594 id
2039 559 2186 596 more
2220 559 2317 598 suo
2356 546 2555 613 appetit
2601 543 2928 597 naturalibus
2976 545 3210 599 motibus
3251 543 3490 597 incitata.

1940 632 2078 700 Ergo
2114 633 2247 686 falso
2281 635 2545 688 diceretur
2574 650 2700 688 caro
2741 635 2804 686 ad
2842 650 2958 686 eum
3010 635 3164 686 finem
3205 634 3354 702 jussu
3407 633 3499 687 Dei

1942 721 2098 776 Verbi
2137 725 2462 789 pervenisse.
2500 728 2577 776 An
2624 739 2748 778 vero
2791 723 3204 788 dispensationis
3234 723 3495 775 rationem

1937 814 2348 867 abominabilcm
2375 815 2717 882 excogitavit,
2751 824 2806 866 ιιι
2834 828 3048 866 carnem
3079 814 3140 863 ad
3185 813 3496 878 dignitatem

1935 907 2180 958 cvexisse
2213 903 2327 970 ipso
2356 902 2529 955 Verbo
2584 903 2836 970 majorem
2887 901 3304 961 demonstraret,
3336 910 3498 964 atque

1933 1001 1990 1045 nt
2020 1008 2080 1046 ca
2115 992 2411 1062 pompatica
2468 993 2774 1044 videretur?
2801 995 2974 1058 Atque
3017 990 3316 1042 audiendus
3357 988 3500 1041 Psal-

1934 1084 2090 1137 tnista
2120 1094 2199 1138 est
2236 1103 2249 1139 :
2295 1102 2313 1134 ι
2349 1083 2623 1137 Sacrificia
2671 1093 2726 1136 et
2775 1084 3076 1137 oblationes
3131 1098 3233 1135 non
3289 1083 3498 1149 expeti-

1932 1175 2074 1240 visti,
2107 1175 2415 1228 holocausta
2459 1189 2554 1242 pro
2603 1185 2823 1242 peccato
2845 1173 3097 1237 noluisti;
3130 1186 3327 1239 corpus
3367 1173 3494 1224 mibi

1931 1267 2169 1332 parasti;
2205 1266 2324 1318 ideo
2355 1265 2464 1318 dixi
2494 1283 2506 1317 :
2537 1263 2671 1317 Ecce
2703 1266 2878 1317 venio.
2905 1264 3059 1317 Initio
3093 1262 3208 1314 libri
3239 1263 3496 1329 scriptum

1929 1365 2011 1409 est
2039 1356 2106 1409 de
2140 1370 2222 1408 me
2247 1354 2506 1409 utfaciam
2530 1355 2852 1407 voluntatem
2879 1365 3048 1417 tuatn,
3071 1356 3207 1408 Deus
3229 1355 3270 1406 ³.
3314 1373 3331 1403 ι
3362 1354 3497 1422 Ergo

1935 1445 2184 1500 Mosaicae
2246 1446 2374 1514 legis
2426 1446 2688 1499 sacrificia
2723 1444 2900 1497 Patris
2933 1445 3202 1498 voluntate
3254 1460 3355 1498 non
3385 1445 3501 1495 exi-

1927 1549 2146 1608 guntur,
2201 1538 2369 1608 magis
2429 1551 2556 1589 vero
2614 1536 2916 1590 incarnatio
2967 1535 3125 1589 Verbi
3179 1535 3494 1602 requiritur,

1928 1645 2118 1701 nempe
2150 1630 2264 1700 ejus
2295 1629 2630 1686 bumanatio.
2664 1639 2721 1680 nt
2751 1643 2842 1682 eos
2899 1628 2989 1696 qui
3048 1628 3147 1681 sub
3207 1626 3342 1681 cado
3374 1633 3500 1678 sunt

1926 1722 2167 1792 perficiat
2197 1721 2246 1774 in
2278 1722 2449 1790 gratia
2473 1735 2566 1788 per
2593 1718 2750 1772 fidem
2783 1736 2797 1771 :
2833 1735 2994 1787 quam
3029 1733 3142 1772 rem
3186 1717 3496 1771 misericor-

1927 1815 2026 1865 diae
2061 1813 2313 1881 pacisque
2349 1826 2510 1866 causa
2567 1811 2713 1875 fecit,
2763 1818 2919 1878 prout
2957 1809 3066 1862 Deo
3115 1807 3332 1877 dignum
3386 1815 3490 1860 est-

1873 1907 1878 1911 ‘
1927 1901 2167 1967 Quonam
2195 1911 2348 1967 pacto
2371 1902 2548 1955 dicere
2563 1901 2681 1969 quis
2697 1897 3044 1951 ausitfactam
3069 1897 3133 1950 ab
3158 1897 3273 1964 ipso
3288 1895 3494 1948 abomi-

1928 1993 2160 2046 nabilem
2211 1993 2661 2061 dispensationem
2695 1992 2861 2053 illam,
2893 2005 3011 2058 qua:
3042 1989 3176 2042 adeo
3207 1997 3290 2041 est
3329 2001 3490 2039 vene—

1929 2083 2111 2136 rabilis
2169 2098 2229 2135 ac
2278 2082 2542 2136 salubris?
2571 2083 2619 2135 id
2654 2083 2794 2150 quod
2845 2095 3031 2148 reapse
3092 2079 3403 2140 accidisset,
3445 2078 3489 2130 si

1928 2180 2130 2225 mutata
2180 2170 2473 2225 divinitatis
2527 2181 2715 2224 natura
2775 2173 2826 2223 in
2885 2183 3135 2222 carneam
3181 2167 3488 2223 transisset.

1928 2258 2124 2314 Paulus
2163 2259 2376 2326 quidem
2423 2259 2854 2327 sapientissimus
2900 2256 3131 2309 scribit:
3168 2271 3184 2302 ι
3229 2253 3490 2307 Sanctum

1927 2347 2042 2414 ejus
2063 2363 2273 2417 corpus,
2310 2348 2359 2400 in
2386 2362 2491 2416 quo
2521 2363 2708 2416 passus
2747 2357 2850 2408 est,
2883 2361 3001 2399 cum
3033 2345 3083 2398 in
3140 2343 3493 2397 tentationcm

1930 2441 2137 2503 incidit,
2169 2450 2226 2492 ut
2273 2440 2352 2493 eis
2380 2441 2469 2506 qui
2512 2440 2747 2492 tentandi
2798 2438 2973 2491 forent
3003 2451 3156 2503 opem
3192 2435 3355 2488 ferret
3388 2433 3429 2484 ⁸.
3467 2452 3484 2482 ι

1929 2531 1983 2584 Si
2015 2530 2177 2583 verba
2221 2527 2306 2580 illa
2335 2529 2390 2579 in
2425 2543 2524 2595 quo
2556 2542 2739 2592 passus
2781 2535 2854 2577 est
2891 2524 3147 2585 dolemus,
3173 2537 3378 2574 summa
3414 2519 3488 2571 rei

1929 2621 2153 2685 deletur,
2191 2621 2422 2687 itemque
2462 2618 2780 2688 suppeditati
2837 2616 2991 2670 nobis
3036 2615 3221 2666 auxilii
3268 2627 3486 2679 scepns.

1927 2712 2077 2778 Quod
2109 2712 2174 2775 si,
2217 2719 2274 2764 ut
2300 2710 2481 2764 volunt
2519 2711 2608 2777 qui
2656 2724 2716 2762 ea
2764 2709 2922 2761 verba
2972 2706 3330 2774 supprinmnt,
3363 2719 3490 2756 caro

1927 2806 1979 2858 in
2012 2804 2226 2859 deitatis
2257 2802 2606 2856 substantiam
2629 2801 2884 2853 transisse
2913 2799 3127 2860 dicitur,
3165 2804 3224 2849 ut
3256 2796 3306 2848 id
3343 2794 3483 2861 quod

1928 2910 2030 2948 non
2068 2903 2184 2947 erat
2216 2894 2385 2954 fieret,
2420 2890 2524 2958 iam
2561 2890 2674 2957 ipsa
2707 2903 2833 2942 caro
2883 2886 3018 2940 baud
3053 2885 3276 2937 ulterius
3319 2880 3484 2934 menti

1927 2997 2122 3040 nostrae
2151 2985 2589 3039 occnrritzsecns
2625 2981 2766 3033 enim
2805 2995 2922 3047 quae
2978 2977 3290 3031 mutationis
3349 2975 3486 3025 ratio

261 3070 469 3137 aliquis,
504 3071 666 3125 Detnn
692 3072 922 3127 Verbum
961 3075 1013 3128 in
1063 3085 1308 3128 naturam
1351 3093 1663 3145 corpoream
1707 3093 1823 3132 esse
1853 3101 1893 3158 ς
1929 3079 2134 3142 fuisset,
2182 3079 2225 3131 si
2285 3077 2423 3144 quod
2455 3085 2590 3138 erat,
2629 3075 2678 3126 in
2724 3082 2862 3127 statu
2923 3087 3021 3126 suo
3065 3068 3487 3140 permansisset?

261 3171 554 3226 mutatura,
593 3173 685 3218 aut
719 3181 874 3218 versa
907 3166 1018 3219 vice
1066 3182 1283 3221 carnem
1337 3169 1402 3221 ad
1443 3169 1532 3222 Dei
1573 3179 1815 3223 naturam

260 3251 541 3319 migrasse,
570 3267 627 3309 ut
653 3256 754 3324 ipsi
796 3256 946 3310 fieret
1004 3258 1520 3313 consubstantialis?
1554 3259 1688 3312 Num
1722 3275 1819 3314 nos

255 3357 318 3394 ea
369 3346 592 3400 credere
646 3356 875 3416 oportet,
928 3364 1044 3417 qua:
1103 3351 1321 3404 omnino
1384 3351 1648 3405 credenda
1708 3368 1816 3406 non

257 3435 415 3488 sunt?

553 3525 603 3580 5.
636 3528 779 3581 Idem
806 3529 1032 3600 Cyrillns
1057 3534 1107 3586 in
1135 3534 1310 3588 eodem
1348 3534 1499 3588 libro.

328 3612 564 3669 Verbum
593 3617 657 3671 de
691 3621 825 3672 coelo
874 3621 1181 3687 lapsum,et
1229 3624 1381 3691 cujus
1431 3623 1643 3691 propria
1691 3637 1817 3677 caro

262 3703 397 3758 facta
434 3715 534 3769 est,
565 3723 746 3761 revera
790 3711 853 3764 de
885 3713 1022 3766 coelo
1067 3715 1352 3770 advenisse
1379 3716 1594 3779 dicitur,
1623 3717 1814 3769 vitam-

255 3810 358 3865 que
390 3801 587 3853 mundo
640 3801 955 3855 contulisse.
983 3801 1170 3855 Divina
1225 3818 1355 3857 caro
1401 3813 1485 3856 est
1531 3805 1730 3872 itaque,
1759 3815 1818 3858 ut

249 3885 354 3954 jam
385 3888 492 3942 dixi
525 3907 538 3943 :
575 3905 728 3944 nemo
758 3901 936 3945 tamen
989 3902 1134 3946 recta
1177 3895 1384 3948 ratione
1441 3895 1819 3962 intellectuqne

253 3983 531 4048 prazditus,
563 3983 763 4036 idcirco
798 3983 1024 4037 Verbum
1057 3986 1108 4038 in
1151 4000 1369 4040 carnem
1400 3994 1667 4038 mutatttm
1698 4001 1816 4039 esse

253 4071 348 4124 sibi
375 4073 733 4139 persuadebit.
765 4073 996 4127 Necesse
1034 4085 1115 4129 est
1162 4077 1304 4130 enim
1346 4085 1402 4127 ut
1430 4076 1813 4129 sublimissima

250 4162 487 4214 omnium
518 4172 708 4214 natura
740 4178 930 4230 purum
962 4173 1160 4218 statmn
1195 4163 1440 4226 retineat,
1476 4163 1526 4216 id
1569 4173 1652 4217 est
1684 4166 1814 4216 sim-

250 4249 437 4316 plicem
460 4252 576 4304 sine
595 4252 814 4306 alterius
839 4254 1236 4313 commistione,
1272 4268 1337 4306 ne
1384 4253 1522 4306 forte
1570 4253 1814 4306 videatur

248 4341 564 4406 composita,
602 4350 692 4395 aut
722 4343 1052 4397 incremento
1084 4344 1348 4410 indigens,
1382 4351 1474 4396 aut
1495 4341 1808 4411 cujusquam

250 4431 323 4485 rei
359 4434 625 4501 particeps
679 4450 796 4504 quae
834 4444 1078 4487 naturam
1119 4451 1268 4487 suam
1327 4436 1546 4488 minime
1596 4434 1803 4497 deceat,
1841 4433 1886 4490 D

247 4522 369 4575 dum
395 4524 447 4575 in
474 4533 676 4577 natura:
727 4526 1006 4590 unitatem,
1037 4527 1147 4580 sive
1189 4526 1803 4580 consubstantialitatcm

246 4616 514 4667 etutcnrrit
534 4616 629 4684 (l).
657 4616 804 4671 Nune
831 4619 970 4671 acuti
997 4619 1301 4673 intellectus
1321 4621 1477 4672 oculo
1496 4620 1800 4687 opinionem

245 4705 704 4760 Confusaneorum
738 4718 1061 4771 scrutemur,
1091 4710 1376 4762 dicentium
1414 4725 1628 4761 carnem
1665 4710 1804 4762 inef-

246 4794 386 4848 fabili
433 4796 639 4849 ratioiie
667 4797 742 4850 sic
769 4812 888 4851 esse
927 4806 1202 4861 mutatam,
1239 4808 1295 4849 nt
1329 4795 1433 4850 Deo
1466 4795 1640 4851 Verbo
1677 4814 1807 4851 con-

245 4887 612 4939 substantialis
643 4887 895 4940 evaserit.
931 4885 1039 4941 Cur
1094 4887 1167 4950 id,
1196 4887 1433 4954 inquam,
1476 4895 1567 4939 aut
1607 4903 1800 4955 quant-

328 5060 350 5092 ³
377 5060 520 5117 Psal.
555 5076 738 5124 xxxix,
770 5061 885 5115 7-9.
961 5063 982 5092 ⁸
1005 5062 1164 5117 llebr.
1195 5077 1254 5125 ιι,
1291 5061 1370 5118 18.

314 5213 392 5284 (l)
421 5213 608 5267 Exstat
637 5216 820 5270 Grmce
859 5216 942 5270 bie
975 5215 1123 5286 locus
1146 5217 1280 5281 apud
1309 5215 1649 5286 Anastasinm
1676 5233 1793 5286 pre-

244 5284 516 5352 sbyterum
546 5300 574 5336 a
602 5286 754 5338 nobis
786 5287 984 5339 editunt
1022 5285 1212 5353 Script.
1251 5295 1345 5338 vel.
1383 5296 1419 5338 ι.
1453 5284 1557 5349 VII,
1591 5284 1792 5353 pleO,

246 5353 330 5424 l5,
353 5353 441 5424 277,
476 5367 599 5424 cum
626 5357 712 5407 vix
740 5356 943 5423 aliquot
969 5355 1316 5424 varietatibus
1342 5356 1419 5408 sie
1449 5373 1460 5408 :
1492 5355 1793 5424 Κυρίλλου

239 5423 308 5492 ἐκ
341 5423 445 5475 τοῦ
469 5423 617 5492 κατὰ
659 5423 1121 5478 Συνουσιαστῶν
1153 5427 1356 5492 λόγου.
1407 5424 1514 5476 Ναὶ
1551 5423 1657 5492 μὴν
1703 5425 1795 5478 καὶ

243 5491 306 5564 ἐξ,
327 5491 556 5564 οὐρανοῦ
584 5494 1012 5564 κατανὸεὸηκὲναι
1041 5491 1276 5564 λέγεται,
1309 5493 1401 5545 καὶ
1426 5491 1567 5564 ζωὴν
1599 5491 1795 5547 διδόναι

243 5559 316 5633 τῷ
342 5559 548 5633 κόσμῳ,
577 5562 662 5633 διὰ
688 5563 775 5614 τὸν
795 5559 998 5617 ἄνωθεν
1020 5559 1189 5629 nisi
1223 5563 1282 5615 οὺ
1294 5563 1452 5633 ρανοῦ
1487 5559 1796 5617 κὰταϐἁντα

245 5612 416 5702 λέγων,
442 5612 511 5685 ὃς
534 5612 635 5683 ’καὶ
661 5632 766 5685 ἰδία
797 5634 1016 5699 γέγονεν
1042 5636 1072 5702 ἡ
1106 5612 1268 5701 σάῖρξο
1294 5612 1495 5685 ὀὐκοῦν
1529 5633 1649 5686 Oef:
1677 5635 1795 5702 μὲν,

247 5699 312 5764 ὡς
354 5699 508 5772 ἔφην,
547 5703 723 5756 ἐστίν·
757 5704 816 5757 οὐ
855 5705 958 5773 μὴν
1002 5699 1074 5756 ἔτι
1109 5699 1198 5756 κοιῖ
1231 5703 1306 5766 εἰς
1362 5703 1516 5771 φύςιν
1554 5699 1799 5775 mdium;

1919 3173 2047 3236 Quae
2098 3178 2282 3221 nostro
2335 3165 2546 3231 corpori
2596 3164 2798 3217 utilitas
2857 3163 3138 3216 accederet
3183 3175 3212 3213 a
3259 3159 3485 3229 mystico

1920 3271 2213 3328 sanctoque
2252 3257 2539 3320 sacrificio,
2573 3260 2723 3322 cujus
2759 3257 2996 3325 suscepti
3033 3253 3231 3306 factum
3256 3261 3484 3318 estpar-

1921 3351 2123 3420 ticeps?
2150 3350 2374 3415 Quinam
2429 3348 2545 3416 ejns
2596 3350 2667 3402 rei
2714 3348 2917 3400 fructus
2963 3345 3100 3398 alius
3139 3343 3348 3404 fuisset,
3382 3341 3483 3394 nisi

1918 3441 2059 3510 quod
2103 3440 2333 3494 Verbum
2361 3445 2602 3491 naturam
2635 3452 2787 3492 suam
2822 3445 3031 3487 mutare
3055 3432 3349 3486 voluisset?
3374 3430 3482 3484 Cur

1918 3532 2072 3586 nobis
2104 3531 2217 3598 ipse
2259 3529 2479 3584 dixisset
2520 3546 2531 3580 :
2573 3546 2590 3578 ι
2627 3528 2735 3594 Ego
2776 3539 2894 3578 sum
2932 3521 3086 3592 panis
3120 3521 3242 3574 vita:
3282 3519 3373 3588 qui
3417 3520 3482 3572 de

1916 3624 2053 3678 coelo
2085 3622 2381 3685 descendit,
2412 3621 2716 3686 mundoque
2752 3618 2917 3669 vitam
2961 3624 3216 3668 aeternam
3270 3612 3382 3665 dat.
3419 3611 3483 3664 Et

1917 3715 2090 3784 panis,
2116 3728 2274 3782 quem
2297 3726 2395 3780 ego
2429 3711 2625 3773 tribuo,
2665 3723 2780 3762 mea
2806 3722 2930 3761 curo
2962 3707 3150 3767 ρει,οὺ
3193 3705 3372 3757 nmmli
3402 3704 3479 3755 vi-

1919 3817 2048 3862 tam.
2082 3805 2180 3871 Qui
2214 3806 2500 3857 mandueat
2554 3817 2726 3855 meam
2781 3814 2999 3853 carnem
3031 3809 3085 3851 et
3117 3797 3249 3851 bibit
3299 3810 3474 3850 meum

1916 3895 2323 3963 sanguinem,in
2379 3909 2462 3947 me
2490 3901 2689 3957 manet,
2725 3899 2776 3945 et
2819 3905 2916 3956 ego
2967 3890 3018 3943 in
3051 3905 3112 3943 eo
3133 3889 3174 3940 ⁸.
3209 3907 3226 3940 ι
3262 3888 3400 3956 Ergo
3431 3889 3474 3940 si

1918 3999 2044 4038 caro
2075 3984 2125 4036 in
2156 3984 2204 4036 id
2238 3986 2379 4051 quod
2404 3997 2506 4035 non
2535 3992 2653 4036 erat
2707 3989 2908 4035 mutata
2939 3991 3042 4043 est,
3077 3988 3239 4049 atque
3289 3980 3352 4032 ad
3387 3995 3480 4032 su-

1916 4075 2212 4126 blimiorem
2248 4084 2435 4126 natura
2469 4073 2683 4141 propria
2711 4073 2934 4141 gradum
2968 4072 3202 4132 transiit,
3235 4069 3284 4122 id
3309 4079 3395 4122 est
3429 4069 3476 4121 si

1914 4181 2033 4218 eam
2065 4164 2220 4218 Verbi
2245 4166 2492 4218 voluntas
2526 4164 2871 4218 excelsiorem
2909 4163 3053 4224 fecit,
3088 4163 3240 4215 nobis
3265 4176 3479 4230 quoque

1913 4257 2017 4308 vim
2043 4255 2198 4322 bnjns
2222 4257 2483 4324 mysterii,
2520 4269 2710 4322 resque
2744 4254 2806 4307 ad
2837 4254 2887 4306 id
2916 4254 3244 4322 pertinentes
3269 4252 3475 4305 ratione

1913 4347 2015 4400 alia
2048 4349 2224 4401 licebit
2259 4361 2533 4414 peragere.

2195 4477 2247 4532 4.
2283 4475 2430 4529 Idem
2468 4474 2693 4543 Cyr-illus
2733 4476 2787 4527 in
2819 4474 2997 4528 eodem
3039 4473 3190 4526 fibra.

1985 4613 2124 4682 Ergo
2147 4611 2534 4665 incarnationis
2566 4611 2753 4678 dogma
2792 4609 3071 4677 perspicua
3104 4622 3336 4676 veraque
3368 4608 3471 4662 lidc

1912 4706 2168 4759 Creditur.
2195 4705 2344 4769 Quod
2371 4705 2435 4764 si,
2479 4711 2533 4755 ut
2587 4700 2877 4754 adversarii
2931 4699 3132 4762 dicunt,
3165 4698 3369 4762 abiecta
3393 4707 3474 4751 est

1911 4811 2057 4857 caro,
2089 4806 2138 4848 et
2172 4796 2222 4847 in
2249 4807 2495 4847 natm-am
2539 4793 2693 4847 Verbi
2731 4803 2957 4858 tnntata,
2995 4793 3136 4860 quod
3195 4792 3241 4845 ci
3276 4807 3334 4844 se
3377 4806 3470 4844 co-

1912 4886 2135 4952 pulavit,
2170 4902 2303 4940 vana
2327 4900 2537 4955 quoque
2569 4885 2815 4939 evaderet
2860 4901 2961 4938 una
2995 4900 3114 4938 cum
3151 4885 3330 4937 carnis
3357 4899 3471 4938 mu-

1451 5065 1470 5095 ⁵
1492 5061 1648 5118 Joan.
1681 5079 1755 5128 vr,
1789 5063 1978 5120 51—53.

1948 5219 2228 5297 εςαϐᾳλεῖν
2262 5222 2696 5297 ᾢπρπτεύσοι-τις
2721 5225 2805 5297 ἂν,
2835 5226 2965 5297 εἵλγε
2995 5226 3116 5279 νοῦν
3150 5227 3261 5297 ἔχει
3291 5227 3379 5280 τὸν
3404 5223 3461 5278 εὖ

1948 5235 2228 5273 grauatam
2262 5235 2588 5276 οποπτεῡσοι
2614 5242 2696 5287 τις
2721 5235 2805 5290 ἂν,
2835 5235 2886 5278 εἰ
2906 5242 2965 5293 γε
2995 5235 3116 5279 νοῦν
3150 5235 3261 5297 ἔχει
3291 5235 3379 5280 τὸν
3404 5235 3461 5278 εὑ

1902 5235 2290 5366 ἕξϐηκρταικαὶ
2326 5291 2659 5366 δογματικῆς
2687 5295 2965 5365 εὐτεχνίας
2994 5297 3330 5366 ἐπιστήμονα
3344 5315 3360 5366 ν·
3385 5297 3464 5348 δεῖ

1899 5359 2006 5432 γᾴρ
2035 5362 2097 5429 τῇ
2126 5360 2339 5432 πάντων
2362 5359 2737 5432 ἐπέκειναζκαὶ
2778 5359 3034 5418 ἀνωτάτω
3072 5359 3250 5432 (ptiust,
3288 5365 3456 5428 σώζε-

1901 5428 2021 5506 σραι
2048 5428 2302 5506 καθαρῶς
2332 5431 2783 5506 Έὸ-ἁπξοῦνηκαὶν,
2802 5428 3110 5505 ἁσυμμιγὲξ
3151 5435 3339 5506 ἑτέρῳ,
3369 5435 3462 5506 xei.

1899 5497 1957 5572 σεδ
2002 5498 2074 5568 μὴ
2121 5497 2486 5572 συνιςεοεῖσοᾳι
2517 5501 2711 5560 δοκεῖν,
2759 5503 2814 5555 ἔν
2845 5497 2922 5572 γε’
2955 5497 3069 5565 Eoi;
3099 5505 3217 5557 καθ’
3241 5497 3461 5571 ’ἐξιυτὴν

1900 5568 2065 5642 ἠξίουν
2090 5569 2402 5638 προσθήκης
2436 5571 2714 5640 δεδεῆσοαί
2747 5568 2888 5636 τινος
2905 5575 2995 5626 καὶ
3017 5573 3334 5642 ἀσυμφυοῦς
3364 5568 3463 5626 αὖ-

1902 5640 1997 5717 τῆς
2031 5642 2450 5722 πράξματοςίεἱς
2475 5642 2753 5722 κοινωνίαν
2777 5643 2944 5699 ἐλθεῖν
2966 5644 3063 5715 τὴν
3096 5640 3149 5698 κ)
3179 5640 3460 5714 tata-«3mm

1907 5712 2116 5775 φύσεως
2150 5712 2311 5778 ἤγουν
2336 5712 2726 5782 ὸμοονσιῆτητι.
