4092 6334
623 357 755 414 Ηδι

1612 366 1670 426 S.
1712 370 1981 426 CYRILLI
2017 371 2491 429 ALEXANDRINI
2533 375 2853 435 ARClllEP.

3731 392 3753 447 l
3765 392 3875 451 452

623 478 826 531 talione
873 476 1126 533 salutaris
1187 479 1307 536 fidei
1368 495 1568 542 nostrae
1609 490 1914 544 confessio:
1943 491 2051 544 imo
2105 506 2192 544 res
2223 498 2268 552 Λ
2297 508 2404 561 quo
2440 495 2503 547 de
2535 496 2674 548 coelo
2706 498 2976 550 rediturus
3017 507 3100 551 est
3132 500 3173 562 ’,
3211 501 3333 557 hinc
3391 513 3599 558 conStat
3649 520 3870 560 carnem

620 573 730 620 tota
782 568 1236 636 pessunidaretur,
1299 589 1420 628 cum
1473 577 1703 631 indidem
1744 593 1997 635 manante
2028 582 2190 651 justi-

621 659 899 724 ticatione;
934 675 1436 736 consequenterqne
1477 684 1573 723 nos
1621 671 1796 725 adhuc
1845 675 1896 726 in
1952 677 2189 744 peccatis

625 752 820 804 nostris
847 768 1145 824 manemus,
1177 776 1348 828 neque
1380 771 1618 815 veterum
1656 765 1935 834 culparum
1976 778 2189 822 nostra-

618 857 736 895 rum
761 845 947 900 sordes
982 850 1239 904 discussae
1269 863 1412 906 sunt.

924 961 977 1015 5.
1015 964 1163 1016 Idem
1199 965 1500 1033 Cyrillusin
1526 969 1704 1024 eodem
1732 972 1879 1026 libro.

687 1070 744 1125 Si
779 1087 904 1127 caro
932 1074 1090 1130 Verbi
1112 1095 1138 1131 a
1161 1088 1356 1132 nostrm
1385 1084 1565 1138 carnis
1595 1086 1903 1142 conditione
1930 1089 2190 1142 recessis«

615 1173 717 1227 set,
751 1167 998 1235 superior
1049 1169 1206 1222 nobis
1238 1170 1450 1236 effecta,
1483 1177 1606 1243 quia
1655 1180 1706 1230 in
1751 1181 2005 1233 deitatem
2057 1195 2188 1233 con-

620 1267 790 1318 versa,
826 1256 1014 1310 salutis
1042 1269 1243 1319 nostrae
1280 1262 1425 1318 basis
1472 1280 1770 1334 corrueret,
1819 1285 2021 1338 nosque
2058 1272 2192 1324 adeo

614 1346 711 1399 sub
738 1349 926 1402 mortis
947 1353 1256 1421 peccatique
1279 1357 1542 1412 smvitiam
1585 1363 1980 1418 recideremus.
2012 1362 2188 1429 Sicut,

611 1433 804 1491 domus
838 1441 1044 1494 murivc
1073 1443 1314 1500 subrutis
1341 1448 1539 1504 inlimis
1563 1450 1947 1518 fundamentis,
1978 1456 2194 1509 univcr-

611 1544 729 1583 sum
767 1534 1052 1589 :edilicium
1090 1538 1444 1608 dilaberetur,
1469 1555 1524 1597 et
1573 1547 1826 1614 quidquid
1873 1548 1976 1602 illis
2008 1550 2193 1604 faleris

610 1633 1040 1688 superstructum
1096 1626 1304 1694 fuerat;
1348 1632 1418 1685 ita
1465 1636 1508 1688 si
1550 1635 1814 1702 Unigeniti
1865 1655 1985 1691 cum
2033 1655 2194 1695 carne

609 1713 943 1781 dispensatio
975 1732 1101 1770 vera
1145 1736 1250 1773 non
1286 1732 1451 1790 esset,
1488 1741 1574 1779 res
1599 1738 1795 1781 nostra:
1840 1729 1996 1782 simul
2032 1740 2192 1800 atque

611 1797 663 1850 in
702 1812 1019 1868 perpetuum
1061 1817 1433 1864 evertereutur
1486 1823 1539 1865 et
1584 1815 1813 1869 inlirmte
1859 1820 2069 1872 fierent.
2103 1819 2192 1875 Sic

610 1890 698 1943 aio
733 1894 958 1960 pariter,
998 1901 1138 1965 quod
1170 1900 1214 1954 si
1270 1899 1426 1955 Verbi
1462 1919 1590 1958 caro
1620 1907 1671 1959 in
1699 1907 1917 1963 deitatis
1942 1919 2191 1964 naturam

609 1993 818 2037 mutata
851 1984 1060 2055 fuisset,
1083 1994 1391 2046 necessario
1431 2005 1592 2064 atque
1644 1998 1696 2052 in
1746 2003 2191 2058 a‘ternumaFilii

611 2075 850 2130 hominis
890 2080 1250 2147 appellatione
1297 2087 1594 2143 excideret.
1641 2091 1750 2145 Cur
1795 2107 1922 2164 ergo
1976 2096 2194 2164 sapien-

611 2163 856 2220 tissimus
882 2167 1077 2225 Paulus
1107 2173 1336 2229 dixisset
1372 2195 1383 2228 :
1418 2196 1435 2228 ‹
1491 2179 1643 2235 Unus
1670 2195 1750 2237 est
1782 2163 1943 2250 Deus,
1969 2199 2022 2242 et
2044 2163 2193 2244 funus

611 2256 878 2311 mediator
929 2260 1067 2314 inter
1124 2261 1292 2318 Deum
1350 2278 1404 2320 ct
1450 2271 1712 2336 homines,
1742 2276 1900 2332 homo
1945 2278 2193 2336 Christus

611 2343 793 2410 Jesus,
839 2352 930 2419 qui
971 2352 1116 2408 dedit
1180 2357 1416 2428 seipsum
1475 2365 1898 2433 redemptionem
1945 2386 2041 2439 pro
2089 2390 2190 2429 no-

609 2436 695 2492 bis
727 2440 826 2492 “?i
869 2441 962 2497 Est
989 2445 1102 2515 ipse
1131 2451 1397 2505 mediator
1444 2464 1501 2506 ut
1543 2457 1703 2520 Deus,
1737 2436 1986 2529 idemque
2028 2467 2191 2522 homo

610 2529 792 2595 simul,
836 2532 1001 2587 Deum
1057 2534 1271 2594 Patrem
1310 2543 1466 2597 nobis
1495 2546 1756 2614 placaris;
1795 2552 1905 2618 ipse
1943 2570 2082 2608 unus
2109 2569 2190 2610 est

610 2620 839 2680 inunica
868 2627 1216 2695 adunationc.
1257 2633 1310 2686 in
1347 2650 1450 2703 qua
1477 2651 1606 2693 sane
1642 2642 1829 2709 grandi
1876 2660 1997 2697 cum
2033 2647 2188 2702 diffe-

608 2717 786 2771 rentia
857 2718 1267 2790 distinguuntur
1334 2739 1542 2784 natura:
1595 2732 1943 2802 (i):e:edcm
2007 2748 2187 2794 tamen

610 2821 944 2866 concurrunt
999 2816 1161 2870 simul
1216 2818 1270 2873 in
1316 2820 1615 2890 Christum,
1650 2837 1704 2880 et
1750 2829 1802 2883 in
1849 2830 2186 2887 inconfusam

610 2902 992 2960 adunationem
1029 2915 1193 2977 atque
1251 2911 1627 2983 insolubilem;
1665 2919 1856 2974 similis
1914 2921 2056 2976 Patri
2107 2936 2188 2978 est

611 2995 831 3063 deitate,
850 2999 1042 3056 similis
1067 3005 1221 3059 nobis
1240 3005 1604 3075 humanitate;
1637 3025 1798 3082 atque
1817 3015 1888 3068 ita
1909 3019 2190 3085 cognosci-

610 3097 697 3141 tur
737 3090 900 3144 homo
927 3093 1175 3150 Christus
1221 3095 1378 3152 Jesus
1421 3102 1685 3158 mediator
1730 3117 1936 3162 noster.
1963 3109 2112 3174 Quod
2139 3112 2184 3166 si

610 3178 992 3236 abominabilis
1039 3185 1092 3237 in
1148 3197 1314 3252 eo,ut
1362 3190 1448 3244 isti
1496 3193 1855 3262 volunt,caro
1905 3207 2072 3265 esset,
2108 3202 2182 3254 rei
2213 3195 2257 3256 C

609 3283 817 3322 summa
853 3273 916 3326 de
944 3274 1116 3329 medio
1141 3278 1439 3345 tolleretur,
1480 3299 1580 3336 nec
1619 3282 1729 3351 jam
1768 3285 1884 3354 ipse
1918 3287 2059 3341 inter
2091 3304 2188 3344 nos

607 3357 936 3432 Patremque
954 3380 1107 3420 suum
1145 3369 1409 3425 mediator
1444 3385 1608 3429 esset.
1647 3375 1797 3431 Tunc
1835 3389 2012 3434 autem
2045 3397 2185 3450 quo-

609 3453 774 3508 modo
804 3456 868 3508 ad
904 3456 1051 3511 illutn
1079 3465 1505 3520 accederemus?
1529 3480 1624 3521 aut
1655 3481 1800 3524 certe
1830 3473 1949 3540 quis
1978 3489 2075 3528 nos
2111 3474 2186 3528 illi

610 3543 959 3600 admoveret?
986 3550 1110 3618 quis
1146 3555 1360 3608 demum
1380 3562 2001 3626 superessetmediator?
2025 3563 2190 3622 Divus

608 3632 809 3690 Paulus
842 3639 980 3693 dixit
1033 3643 1309 3700 hominem
1336 3664 1457 3702 esse
1499 3654 2030 3710 mediatorem.Tum
2074 3658 2188 3727 ipse

610 3724 858 3783 Christus
885 3730 1092 3814 inquit:
1115 3754 1132 3786 ι
1164 3736 1333 3792 Nemo
1363 3746 1512 3795 venit
1561 3745 1626 3797 ad
1683 3745 1917 3813 Patrem,
1948 3749 2047 3802 nisi
2092 3724 2191 3819 per

609 3821 760 3874 me".
792 3840 810 3871 ι
855 3810 1235 3882 Portentosum
1287 3841 1370 3886 est
1428 3849 1559 3902 ergo
1620 3845 1670 3891 et
1717 3837 2187 3910 insaniawplenum

609 3924 977 3970 commentum
1001 3919 1213 3974 illorum
1242 3923 1330 3992 qui
1360 3935 1583 3981 naturas
1617 3929 1972 3987 confundunt.

895 4029 948 4084 6.
993 4031 1142 4086 Idem
1191 4034 1422 4105 Cyrillus
1456 4040 1510 4093 in
1543 4046 1720 4095 eodem
1747 4044 1902 4098 libro.

687 4157 706 4189 ι
741 4138 872 4193 Cum
903 4141 1069 4199 Filius
1094 4145 1328 4202 hominis
1356 4153 1582 4219 venerit,
1615 4169 1740 4208 num
1773 4155 1827 4209 in
1858 4167 2000 4212 terra
2027 4160 2188 4216 fidem

608 4236 852 4292 inveniet
872 4235 932 4290 ll?
964 4257 982 4288 ιι
1033 4236 1189 4291 Nunc
1219 4244 1508 4307 qumrimus
1538 4246 1604 4299 ab
1628 4248 1981 4313 adversariis,
2007 4267 2191 4320 quam-

606 4342 732 4379 nam
771 4329 914 4382 volet
969 4329 1204 4384 hominis
1251 4331 1421 4388 Filius
1468 4337 1626 4391 fidem
1670 4339 1934 4407 invenire,
1970 4360 2090 4398 cum
2124 4347 2191 4402 de

608 4415 747 4467 coelo
802 4415 1095 4475 descendet
1133 4421 1272 4488 apud
1322 4437 1416 4476 eos
1467 4426 1556 4494 qui
1593 4427 1645 4481 in
1685 4438 1828 4483 terra
1863 4438 2191 4490 versantur?

608 4505 704 4559 Vel
738 4508 995 4574 quidnam
1024 4510 1090 4562 de
1128 4525 1192 4564 eo
1247 4514 1454 4581 opinari
1498 4521 1829 4586 possumus?
1874 4521 2014 4578 Num
2052 4526 2192 4584 forte
2224 4550 2267 4604 ι)

609 4597 925 4667 abjecturus
965 4611 1047 4655 est
1070 4600 1191 4656 Filii
1218 4603 1452 4661 hominis
1493 4610 1887 4679 conditionem,
1914 4629 1981 4669 an
2009 4618 2188 4686 potius

609 4691 661 4743 in
693 4691 1046 4748 similitudine
1078 4706 1262 4751 nostra
1287 4713 1592 4766 mansurus,
1624 4712 1682 4756 ut
1709 4704 1872 4761 homo
1914 4722 2034 4763 esse
2071 4726 2188 4766 cre-

610 4786 806 4837 datur?
839 4786 992 4851 Quod
1054 4789 1097 4843 si
1134 4789 1289 4861 louge
1328 4792 1562 4861 abesset,
1589 4806 1648 4850 ut
1696 4797 1870 4867 ipsum
1925 4816 2077 4871 aeque
2124 4819 2188 4859 ac

607 4892 707 4932 nos
759 4879 1031 4934 hominem
1081 4893 1330 4952 reputare
1371 4901 1672 4958 possemus,
1713 4906 2185 4963 consequentcrne

613 4971 792 5026 dicere
842 4972 1031 5028 liceret
1061 4985 1349 5032 venturum
1410 4979 1642 5038 fortasse
1690 4999 1790 5039 ceu
1824 4987 2094 5043 hominem
2129 4999 2186 5045 ut

610 5064 769 5117 fidem
797 5065 848 5117 in
875 5075 1020 5120 terra
1051 5067 1307 5136 inveniat,
1337 5081 1390 5126 et
1417 5089 1522 5127 non
1554 5078 1735 5144 potius
1769 5089 2052 5135 venturum
2086 5098 2185 5136 ceu

611 5155 779 5208 Deum
819 5155 1052 5212 Verbum
1103 5161 1333 5232 simplex
1368 5174 1424 5218 et
1471 5168 1675 5236 absque
1716 5185 1902 5237 carne,
1945 5184 2003 5228 ut
2048 5173 2188 5229 hanc

612 5249 770 5302 fidem
800 5251 940 5318 apud
979 5260 1264 5310 terrestres
1319 5256 1593 5311 inveniat“?
1625 5260 1729 5315 Sed
1779 5264 1902 5332 quia
1963 5266 2190 5334 ipsemet

613 5341 901 5398 manifeste
915 5357 972 5398 se
993 5341 1189 5399 Filium
1220 5347 1453 5405 hominis
1472 5351 1727 5408 vocitavit
1745 5362 1991 5425 tempore
2023 5357 2186 5411 etiam

708 5501 773 5575 ξῐ
795 5506 934 5560 Tim.
967 5523 1026 5575 tt,
1059 5509 1111 5563 5.

1189 5511 1208 5540 "
1231 5510 1387 5584 Joan_.
1423 5526 1532 5577 xw,
1573 5512 1625 5565 6.
1704 5514 1724 5545 ⁸
1747 5515 1876 5573 Luc.
1902 5533 2035 5584 xvii,
2070 5518 2118 5574 8.

617 5573 661 5605 "
683 5571 910 5647 Philipp.
947 5571 1029 5648 nt,
1068 5581 1158 5635 2f.

1240 5580 1321 5632 "l
1350 5581 1504 5636 Joau.
1541 5599 1613 5648 tv,
1653 5585 1739 5640 1‘2.

2226 1843 2323 1926 nc

2200 5519 2220 5551 ’
2244 5517 2436 5575 Matth.
2469 5536 2618 5588 xxvi,
2650 5520 2702 5576 6.

2294 589 2359 641 ab
2391 603 2454 641 eo
2485 589 2536 641 in
2569 589 2710 642 aliud
2741 587 2966 657 quodvis
2993 605 3094 641 non
3131 589 3297 646 fuisse
3332 603 3616 658 mutatam,
3643 596 3737 650 sed
3755 596 3874 665 glo-

2297 681 2491 734 riosam
2523 684 2660 748 apud
2687 697 2808 735 eum
2833 696 3068 744 manere,
3105 681 3587 754 incorruptibilem,
3613 691 3730 742 sine
3761 705 3878 743 Ina-

2260 794 2268 802 -
2294 772 2435 836 cnla,
2456 785 2616 842 atque
2637 774 2722 826 illa
2755 773 2870 826 luce
2899 773 3191 839 fulgentem
3226 775 3290 826 ad
3319 793 3477 844 quam
3513 795 3669 834 uenio
3698 791 3876 849 potest

2295 867 2575 920 accedere.
2604 866 2773 921 Porro
2809 865 2949 919 haud
2995 879 3115 917 Cum
3160 864 3251 918 illo
3299 870 3468 934 tenui,
3495 882 3554 924 ut
3601 874 3872 942 primitus,

2294 956 2582 1023 Splendore
2617 959 2927 1012 descendet.

2579 1069 2628 1122 '7.
2664 1068 2810 1123 Idem
2851 1069 3076 1138 Cyrillus
3118 1069 3170 1121 in
3214 1070 3392 1122 eodem
3439 1073 3591 1126 libro.

2368 1181 2422 1235 Si
2457 1198 2584 1236 caro
2609 1184 2726 1250 ejus
2755 1185 2820 1236 ad
2855 1192 3100 1236 naturam
3130 1182 3346 1236 deitatis
3370 1183 3536 1252 ipsius
3567 1191 3877 1248 transisset.

2288 1271 2399 1339 jam
2433 1275 2600 1329 Filius
2623 1276 2856 1330 hominis
2885 1289 3003 1326 esse
3031 1275 3340 1336 desineret;
3388 1277 3670 1346 palamque
3696 1283 3877 1332 omni-

2297 1365 2395 1418 bus
2428 1367 2580 1421 fieret
2629 1367 2854 1436 gloriam
2897 1364 3202 1433 adoptionis
3253 1368 3449 1448 amitti!
3476 1384 3503 1420 a
3541 1369 3717 1430 nobis,
3757 1381 3879 1422 tan-

2297 1473 2456 1524 quam
2489 1460 2536 1512 si
2567 1458 2982 1528 primogenitum
3009 1457 3150 1510 inter
3171 1456 3368 1514 multos
3400 1460 3881 1515 fratres“diutius

2299 1565 2405 1602 non
2440 1550 2784 1605 haberemus.

2596 1664 2649 1719 8.
2684 1664 2832 1719 Idem
2866 1664 3093 1735 Cyrillus
3119 1666 3172 1720 in
3199 1670 3377 1722 eodem
3412 1668 3569 1722 libro.

2370 1779 2483 1833 Non
2519 1790 2743 1848 apparet
2781 1779 3017 1836 Verbum
3066 1795 3284 1836 carnem
3335 1793 3592 1848 mutasse,
3624 1797 3742 1852 qua:
3789 1782 3873 1835 in-

2330 1874 2728 1928 onvertibiliter
2784 1881 2838 1926 et
2885 1874 3089 1942 absque
3120 1873 3440 1930 confusione
3473 1869 3546 1930 illi
3579 1875 3874 1944 conjuncta

2295 1977 2379 2021 est
2406 1969 2456 2020 in
2477 1968 2695 2022 deitatis
2727 1975 2939 2020 natura.
2971 1965 3104 2018 lllud
3137 1968 3314 2034 potius
3347 1970 3718 2030 observamus,
3758 1980 3877 2019 mc-

2295 2060 2402 2114 rito
2451 2059 2595 2113 illam
2654 2059 2822 2129 gloria
2859 2073 2954 2113 sua
3009 2059 3409 2127 magnificasse,
3459 2061 3868 2127 honoribusque

2294 2149 2404 2205 Deo
2437 2151 2630 2204 debitis
2661 2148 3182 2218 cumulassezatque
3223 2151 3294 2205 ita
3353 2162 3597 2221 tempore
3631 2165 3729 2205 suo
3752 2165 3877 2202 car-

2292 2243 2378 2298 nis
2423 2259 2636 2312 quoque
2695 2241 3088 2309 dispensatoria
3146 2243 3445 2298 substantia
3474 2244 3561 2316 [de
3597 2242 3734 2297 coelo
3777 2243 3870 2294 de-

2293 2333 2751 2405 scendet]:quam
2798 2333 3041 2387 videntes
3070 2334 3428 2393 admiratione
3457 2337 3688 2407 perculsi
3722 2346 3872 2390 sunt.

2296 2426 2447 2481 Hane
2479 2440 2668 2493 reapse
2701 2425 2889 2479 oculus
2917 2425 3071 2488 vidit,
3103 2427 3177 2481 uti
3211 2429 3471 2498 scriptum
3505 2441 3606 2484 eat.
3649 2429 3878 2484 Sancto-

2291 2533 2409 2570 rum
2443 2519 2586 2570 enim
2624 2517 2934 2586 angelorum
2985 2532 3122 2570 unus
3173 2518 3496 2575 mirantibus
3542 2522 3659 2575 ait:
3702 2539 3722 2570 ι
3754 2518 3875 2573 Viri

2293 2608 2664 2676 Galilzei,quid
2691 2608 2888 2663 caelum
2908 2607 3217 2676 sn5picitis?
3249 2608 3345 2663 llic
3361 2610 3520 2665 Jesus
3541 2613 3629 2678 qui
3655 2627 3838 2664 assum
3857 2638 3878 2650 ο

2290 2714 2412 2768 ptus
2445 2709 2527 2753 est
2561 2716 2588 2753 a
2621 2701 2792 2766 vobis,
2832 2701 2910 2755 sic
2939 2700 3116 2753 veniet
3155 2703 3612 2768 quemadmodum
3662 2703 3875 2755 vidistis

2288 2806 2410 2846 eum
2440 2803 2654 2848 etintem
2680 2795 2731 2848 in
2762 2793 2928 2848 caelos
2951 2793 3015 2846 ¹¹.
3054 2811 3071 2844 ι
3104 2790 3239 2845 Num
3288 2791 3483 2846 dicturi
3513 2794 3645 2847 estis
3697 2796 3873 2847 visum

2289 2897 2410 2938 esse
2439 2885 2504 2938 ab
2542 2885 2609 2938 iis
2643 2886 2929 2939 salientem
2973 2886 3038 2938 ad
3074 2885 3287 2938 Patrem
3345 2886 3548 2952 absque
3582 2886 3786 2939 carne?
3821 2887 3874 2941 id

2288 2984 2372 3031 est
2408 2974 2580 3030 forma
2611 2988 2794 3032 nostra
2829 2977 3169 3046 indignanter
3194 2977 3552 3044 abjecta,jam
3579 2994 3681 3032 non
3707 2979 3878 3034 fuisse

2289 3067 2343 3122 in
2369 3084 2597 3137 corpore
2634 3069 2853 3132 visibili,
2886 3070 3115 3138 ideoque
3159 3082 3216 3122 se
3243 3077 3615 3124 commutasse
3648 3072 3699 3123 in
3736 3071 3879 3124 invi-

2288 3160 2498 3213 sibilem
2523 3160 3091 3229 incorruptibilemque
3123 3167 3375 3211 naturam
3403 3159 3425 3210 ?
3449 3158 3600 3224 Quis,
3625 3162 3874 3228 inquam,

2296 3252 2409 3304 haec
2459 3251 2636 3304 dicere
2690 3249 2868 3303 ausit?
2902 3249 2994 3302 Sin
3021 3259 3211 3302 contra
3251 3249 3321 3302 ita
3365 3261 3628 3304 venturus
3662 3261 3766 3317 est,
3797 3252 3877 3304 uti

2296 3343 2574 3405 ascendit,
2609 3341 2794 3409 quidni
2839 3355 2966 3394 vere
3005 3341 3239 3404 dicetur,
3269 3355 3390 3393 cum
3422 3342 3609 3394 eodem
3651 3357 3881 3410 corpore

2296 3433 2554 3499 Verbum,
2589 3449 2692 3488 non
2747 3444 2924 3486 autem
2976 3433 3027 3485 in
3067 3443 3260 3485 natura
3299 3433 3532 3499 simplici
3565 3443 3618 3488 et
3669 3437 3881 3503 absque

2294 3541 2476 3591 carne,
2510 3541 2630 3579 esse
2663 3523 2989 3579 venturum?

2599 3640 2651 3694 9.
2694 3637 2841 3692 Idem
2864 3636 3094 3706 Cyrillus
3122 3637 3174 3691 in
3205 3639 3381 3691 eodem
3410 3639 3562 3693 libro.

2365 3753 2442 3808 De
2462 3753 2679 3807 ChriSto
2706 3752 2922 3822 scripsit
2940 3752 3371 3821 sapientissimus
3394 3767 3609 3821 quoque
3636 3751 3876 3806 Paulus:

2301 3860 2319 3894 ι
2354 3845 2451 3910 Qui
2489 3843 2795 3898 immutabit
2847 3858 3041 3912 corpus
3094 3844 3418 3898 humilitatis
3470 3856 3687 3902 nostrae.
3721 3857 3778 3896 ut
3805 3846 3880 3899 sit

2295 3936 2471 3990 simile
2503 3935 2716 4004 corpori
2755 3936 2938 4004 gloria:
2963 3936 3026 3987 ¹².
3062 3952 3078 3985 ι
3115 3934 3253 3999 Quid
3298 3937 3363 3987 ad
3399 3935 3515 3988 haec
3569 3934 3748 3988 dicent
3771 3934 3879 4000 illi,

2294 4027 2386 4094 qui
2411 4041 2626 4079 carnem
2663 4036 2919 4077 mutatam
2950 4025 3102 4078 aiunt
3145 4025 3199 4077 in
3228 4023 3390 4078 Verbi
3424 4023 3710 4078 naturam?
3734 4024 3876 4078 Num

2295 4126 2603 4172 sanctorum
2642 4131 2867 4184 corpora
2937 4115 3056 4169 ideo
3089 4123 3366 4168 mutantur
3393 4115 3680 4169 in‘deitatis
3712 4122 3879 4169 natu-

2298 4225 2436 4274 ram,
2483 4208 2606 4277 quia
2664 4211 2780 4276 ipsa
2838 4221 3058 4276 quoque
3119 4205 3421 4261 conformia
3471 4207 3606 4260 (tum
3654 4209 3875 4276 corpori

2295 4301 2479 4370 gloriae
2519 4299 2667 4366 ejus?
2699 4299 2884 4352 Nonne
2926 4313 3087 4353 mera:
3131 4314 3300 4368 gerrae
3345 4307 3471 4353 sunt
3521 4301 3634 4353 haec
3679 4315 3873 4354 eorum

2296 4396 2484 4461 verba,
2541 4407 2659 4462 quin
2707 4392 2920 4446 inscitia
2969 4393 3216 4446 scatent?
3247 4390 3303 4445 Si
3351 4406 3478 4445 caro
3523 4392 3591 4444 ad
3652 4391 3877 4446 deitatis

2298 4497 2565 4550 naturam,
2606 4494 2661 4538 ut
2688 4485 2861 4548 aiunt,
2894 4483 3129 4549 transiit,
3158 4498 3393 4552 quonam
3426 4485 3637 4536 demum
3670 4484 3720 4536 in
3747 4497 3874 4536 cor-

2296 4595 2429 4649 pore
2455 4578 2595 4632 Deus
2625 4575 2856 4632 Verbum
2879 4577 3162 4630 versatur?
3185 4575 3279 4628 Est
3308 4574 3452 4629 enim
3477 4575 3648 4628 deitas
3679 4575 3866 4628 incor-

2296 4687 2483 4742 porea,
2542 4670 2935 4739 verissimcque
2970 4669 3201 4723 dicimus
3267 4667 3467 4722 nemini
3519 4668 3684 4723 Deum
3753 4681 3875 4722 esse

2297 4764 2644 4832 conspicuum
2677 4762 2741 4816 ²³.

2589 4877 2673 4932 10.
2708 4877 2852 4932 Idem
2877 4878 3104 4949 Cyrillus
3131 4881 3183 4933 in
3212 4881 3388 4932 eodeni
3417 4878 3571 4931 libro.

2369 4991 2474 5046 Sed
2530 4992 2765 5047 fortasse
2807 4992 2989 5047 dicent
3047 5006 3266 5047 carnem
3294 4992 3438 5046 haud
3477 4990 3697 5046 omnino
3737 4992 3873 5045 sub-

2297 5087 2552 5139 stantiam
2595 5100 2748 5138 suam
2772 5086 3054 5151 amisisse;
3089 5087 3184 5140 sed
3215 5101 3335 5139 cum
3366 5084 3474 5139 Deo
3502 5084 3677 5138 Verbo
3701 5092 3875 5138 semet

2297 5175 2706 5229 commiscuisse
2737 5176 2968 5228 naturali
2993 5177 3223 5246 quadam
3244 5177 3590 5229 adunationc.
3613 5174 3724 5244 Ego
3743 5189 3872 5229 vero

2296 5269 2566 5336 quomodo
2596 5266 2679 5321 his
2713 5282 3029 5333 occurram,
3063 5268 3359 5338 praesertim
3393 5267 3520 5337 quia
3568 5268 3869 5321 humanum

2297 5358 2642 5413 ratiocinium
2676 5359 2727 5413 in
2749 5359 2832 5416 his
2864 5367 3062 5430 torpet,
3101 5375 3276 5430 neque
3303 5360 3545 5431 propria,
3589 5371 3647 5414 ut
3673 5360 3746 5414 ita
3782 5359 3875 5414 di-

2785 5522 2827 5554 ”
2853 5521 3010 5578 Rom.
3048 5538 3167 5586 vm,
3198 5523 3284 5579 29.
3418 5522 3455 5553 ¹¹
3481 5521 3600 5577 Act.
3635 5539 3670 5586 ι,
3710 5522 3797 5578 Η.

689 5731 767 5800 (l)
802 5731 964 5788 Vides
982 5735 1081 5816 hic
1115 5737 1643 5822 etiamquantoperc
1673 5743 1902 5816 Cyrillus
1957 5748 2244 5807 abhorreat
2283 5763 2312 5806 a
2353 5746 2539 5807 Severi
2580 5748 2973 5822 lllonophysitze
3024 5752 3315 5818 sententia,
3366 5749 3456 5820 qui
3515 5762 3690 5805 tamen
3723 5746 3870 5804 illius

617 5803 752 5859 falso
787 5807 1166 5864 auctoritatem
1202 5811 1300 5866 sibi
1328 5803 1724 5880 pt'tetcndcbat:
