4092 6334
128 475 130 480 ι
161 396 292 454 uss

1336 383 1754 443 FRAGMENTA
1799 382 2213 439 DOGMATICA.

3265 382 3408 439 N34

161 526 299 568 cam.
351 511 400 562 iu
435 507 715 576 provincia
742 507 1034 559 versatur?
1062 505 1192 559 Nam
1224 505 1305 560 vel
1335 522 1462 559 caro
1501 507 1730 558 inmuta-
1765 513 1806 562 Α
1837 517 1988 556 suam
2046 516 2447 572 personamque
2500 501 2707 565 amisit,
2739 516 2838 555 nec
2891 500 3127 570 priorem
3166 516 3283 554 cum
3318 501 3410 555 illo

162 607 280 660 bilis
331 613 433 664 est,
491 604 720 670 ideoque
784 602 835 652 in
886 597 1044 653 Verbi
1102 611 1350 653 naturam
1395 614 1500 652 non
1554 610 1728 650 muta-

163 698 444 751 tnr...vel
480 696 528 747 iu
567 695 615 746 id
660 707 872 760 semper
916 703 1154 746 mutatur
1200 692 1342 760 quod
1405 705 1558 743 antea
1614 691 1729 758 ipsa

161 797 437 850 nouerat;
476 801 635 854 quam
689 785 1040 837 mutationem
1102 785 1224 835 dum
1276 783 1498 850 patitur,
1561 781 1628 833 ab
1669 795 1730 833 ea

163 879 455 932 stabilitate
506 877 732 929 discedit.
785 892 901 944 qua:
955 877 1117 930 Deum
1149 879 1321 938 decet,
1351 885 1508 942 atque
1539 873 1604 926 ab
1646 871 1730 924 illa

165 988 266 1039 qua
305 969 628 1023 naturaliter
672 971 957 1024 fruebatur
1007 969 1317 1022 securitate.
1357 965 1509 1017 Tune
1551 975 1731 1017 autem

163 1078 395 1130 quonam
431 1059 554 1127 jure
608 1063 766 1115 homo
808 1071 986 1127 posset
1029 1057 1319 1128 appellari?
1369 1055 1586 1108 Interim
1644 1070 1733 1107 sa-

165 1152 376 1220 pienter
411 1165 668 1215 recteque
703 1151 1126 1204 existimandum
1163 1149 1345 1212 credo,
1382 1146 1578 1199 nullam
1622 1160 1734 1198 rem

166 1253 425 1306 creatam,
454 1245 516 1297 ad
549 1245 761 1299 deitatis
797 1258 951 1311 posse
985 1253 1231 1294 naturam
1263 1256 1497 1309 unquam
1545 1254 1736 1295 assur-

168 1335 415 1402 gcrc,id,
468 1337 706 1405 inquam,
737 1339 876 1388 inter
937 1334 1287 1402 impossibilia
1348 1335 1736 1387 nurneranduut

169 1437 267 1480 est.
307 1426 457 1491 Quod
490 1431 531 1482 si
568 1428 620 1482 hi
659 1428 796 1482 forte
851 1428 1041 1479 idonea
1079 1437 1390 1493 argumenta
1441 1424 1741 1493 repererint

152 1518 235 1575 .ad
271 1523 700 1587 persuadendmn
724 1521 836 1572 fore
869 1530 942 1581 ut,
973 1520 1023 1570 in
1049 1519 1395 1586 permistiOnc
1426 1530 1740 1570 naturarum

97 1655 143 1674 .._
174 1621 330 1679 atque
364 1613 681 1677 inset'tioue,
715 1612 1073 1680 proprietates
1101 1611 1258 1663 unius
1296 1610 1366 1662 ita
1412 1625 1743 1663 conserven-

176 1714 261 1755 tur
294 1715 352 1758 ut
392 1721 494 1760 non
526 1707 997 1760 comnmniccntur
1052 1703 1226 1766 alteri,
1262 1712 1586 1770 maneatque
1617 1718 1743 1771 per-

176 1797 316 1848 fecta
364 1797 699 1867 singularum
776 1794 1042 1858 definitio,
1101 1796 1185 1848 bis
1237 1808 1366 1847 sane
1412 1793 1743 1862 argumentis

177 1895 397 1942 utantur
424 1907 437 1942 :
460 1898 587 1941 tunc
619 1889 761 1941 enim
822 1903 918 1940 nos
974 1887 1358 1946 coocedemus,
1392 1884 1743 1954 permistione

177 1980 506 2049 huiusmodi,
556 1983 694 2035 haud
757 1996 971 2033 onmem
1042 1979 1284 2033 veritatis
1351 1979 1456 2031 vim
1528 1979 1740 2046 perimi.

179 2068 297 2139 [(l)
329 2070 711 2124 Ventrntamen
740 2071 782 2122 si
820 2070 957 2124 forte
993 2071 1175 2125 dicant
1233 2087 1450 2124 carnem
1502 2081 1555 2124 et
1608 2069 1745 2124 Ver-

177 2162 299 2215 bum
337 2179 398 2218 eo
429 2164 587 2217 modo
615 2164 755 2216 inter
782 2181 841 2216 se
889 2164 1046 2216 mista
1094 2179 1199 2232 quo
1241 2163 1424 2231 liquidi
1489 2165 1745 2217 humores

177 2253 369 2320 solent,
419 2255 687 2324 quomodo
737 2257 986 2323 ignorant
1043 2254 1265 2323 liquida,
1337 2269 1455 2322 qua:
1512 2254 1742 2308 invicem

177 2353 566 2413 temperantur,
614 2345 800 2398 vinum
855 2356 979 2412 puta
1027 2359 1089 2397 ac
1144 2343 1396 2410 mel,jam
1451 2361 1558 2398 non
1614 2361 1745 2412 pura

178 2452 395 2492 manere
453 2448 508 2491 ut
567 2450 742 2502 erant,
791 2439 882 2491 sed
934 2438 1121 2491 aliena:
1163 2438 1480 2490 substantia:
1533 2452 1747 2491 assunt-

179 2530 446 2594 pti0ne,in
473 2529 616 2581 aliud
647 2530 898 2596 quiddam
930 2529 1312 2582 transmutari?
1345 2527 1398 2582 Si
1425 2544 1554 2597 ergo
1596 2529 1748 2581 aiunt

179 2629 488 2673 concretam
563 2619 731 2672 fuisse
787 2635 908 2672 cum
947 2619 1124 2672 Verbo
1164 2635 1408 2680 carnem,
1442 2619 1750 2672 necessario

180 2729 398 2781 prorsus
448 2713 732 2767 dicendum
786 2723 871 2767 est
909 2723 1194 2781 utramque
1250 2715 1513 2767 dictarutn
1569 2729 1746 2766 rerum

181 2817 207 2853 a
244 2819 343 2856 suo
377 2805 557 2872 priore
591 2812 732 2857 statu
791 2805 1129 2868 discessisse,
1167 2805 1514 2874 mediumque
1543 2804 1748 2874 aliquid

179 2911 240 2947 ex
277 2907 504 2965 utraque
539 2896 870 2959 confectum,
895 2895 1105 2950 diversa
1146 2906 1582 2964 prorsusuatura
1608 2913 1745 2967 prae-

180 2988 373 3051 ditum,
427 3004 587 3055 quam
633 2996 790 3042 antea
851 3004 934 3042 res
968 3000 1196 3057 utraque
1248 2991 1526 3058 partiatim
1574 2989 1750 3062 erat.]

180 3076 332 3132 Nunc
375 3091 474 3146 ego
516 3080 859 3133 adversarios
909 3078 1176 3134 sciscitari
1228 3080 1435 3146 vellem,
1470 3096 1628 3150 quem
1683 3082 1751 3135 ad

182 3179 377 3222 statum
410 3171 668 3224 transisse
704 3180 892 3238 putent
922 3172 1082 3226 Verbi
1120 3183 1368 3225 naturam
1422 3175 1548 3226 dum
1604 3174 1753 3227 carni
1784 3187 1825 3243 ς,

182 3264 341 3316 rnista
373 3264 491 3319 est?
527 3265 961 3333 quandoquidem
1001 3264 1052 3316 in
1085 3267 1263 3332 priore
1293 3276 1442 3318 certe
1475 3276 1615 3319 statu
1647 3282 1752 3320 nou

185 3357 492 3422 mansisset,
544 3372 683 3410 anne
707 3356 1014 3410 commistio
1037 3355 1271 3409 Verbum
1313 3371 1342 3408 a
1374 3357 1588 3426 propria
1619 3373 1751 3410 eort-

182 3447 388 3500 ditione
419 3446 707 3516 depulerit,
732 3461 794 3499 ac
824 3462 917 3500 sua
953 3446 1154 3498 virtute
1187 3447 1440 3499 minuerit
1495 3448 1559 3498 ad
1618 3447 1754 3500 infe-

185 3539 327 3593 riora
365 3539 707 3593 detractum?
745 3536 838 3591 Sili
875 3537 1198 3592 alterutrum
1260 3537 1413 3590 aiunt
1463 3537 1758 3607 perfectius

187 3631 518 3699 apparuisse,
558 3631 696 3682 hanc
735 3629 950 3697 quidem
1013 3628 1399 3696 perfectionem
1454 3629 1604 3682 carni
1666 3644 1759 3695 po-

191 3725 296 3776 tius
326 3721 720 3774 attribuendam
757 3730 1070 3784 censerent;
1105 3730 1379 3774 constaret
1408 3723 1548 3773 enim
1588 3723 1756 3790 ipsam

190 3816 253 3866 ad
304 3813 675 3866 sublimiorem
735 3821 936 3864 statum
973 3823 1237 3864 evectam.
1272 3811 1365 3865 Sin
1423 3828 1553 3866 vero
1605 3829 1759 3868 secus

190 3915 290 3967 est,
328 3903 674 3970 Verbumque
705 3902 882 3969 potius
911 3903 976 3954 ad
1015 3917 1126 3955 rem
1166 3903 1428 3954 minorem
1467 3914 1638 3956 semet
1674 3906 1760 3956 in-

193 3997 437 4057 clinavit,
470 4008 598 4046 num
659 4007 786 4045 caro
843 3990 1019 4044 Verbo
1070 3992 1274 4053 nocuit,
1323 3991 1480 4043 sicuti
1551 4001 1760 4043 nosmet

195 4094 595 4157 gravatnostra
652 4080 1025 4136 naturaiNos
1085 4082 1296 4134 interim
1360 4092 1502 4135 recte
1536 4082 1762 4134 dicimus

202 4181 430 4234 Verbum
491 4185 663 4231 semet
718 4176 781 4227 ad
847 4175 1276 4226 exinanitiouem
1328 4174 1632 4238 demisisse,
1671 4187 1762 4224 no-

198 4282 476 4336 SIramque
514 4266 742 4319 fortnam
775 4264 1156 4332 assumpsisse,
1187 4263 1324 4315 haud
1360 4277 1487 4315 Sane
1515 4275 1570 4314 ιιι
1605 4263 1764 4329 quid-

197 4379 354 4432 quam
385 4362 436 4413 in
469 4374 564 4413 sua
613 4373 670 4410 se
703 4372 922 4426 passum
957 4365 1147 4407 natura
1210 4355 1635 4419 demonstraret,
1670 4355 1762 4407 sed

199 4468 252 4508 ut
284 4469 382 4508 nos
435 4454 498 4506 de
557 4467 717 4504 carne
768 4451 1020 4518 erigeret,
1056 4448 1144 4514 qui
1205 4462 1364 4499 carne
1404 4457 1456 4498 et
1505 4446 1766 4514 sanguine

200 4544 460 4612 eompacti
498 4557 708 4605 sumus,
739 4551 897 4606 atque
922 4538 992 4589 ab
1026 4538 1258 4589 humana
1312 4537 1621 4588 cooditione
1657 4537 1766 4588 cle-

200 4651 372 4700 vatus,
401 4635 487 4688 Dei
511 4635 647 4687 filios
673 4633 926 4685 ellicerct.
957 4629 1051 4682 Siti
1088 4637 1297 4690 contra,
1325 4636 1381 4678 ut
1427 4629 1510 4679 isti
1550 4635 1764 4679 vetera-

205 4741 344 4782 totes
378 4729 547 4789 aiunt,
584 4723 923 4778 commiscuit.
983 4737 1039 4773 se
1102 4720 1252 4772 carni
1313 4718 1568 4778 Verbum,
1608 4727 1769 4784 atque

205 4823 254 4875 id
287 4819 426 4889 quod
464 4833 567 4870 neu
614 4817 787 4866 fuerat
820 4812 1068 4865 eli‘ectunt
1119 4820 1225 4872 est,
1264 4812 1534 4878 quomodo
1593 4809 1765 4877 ipsum

203 4930 294 4968 sua
328 4913 587 4980 dignitate
630 4909 892 4960 ntiuutum
925 4906 1045 4973 jure
1072 4913 1348 4972 negarent,
1373 4918 1475 4955 non
1508 4902 1765 4970 intelligo.

203 5007 282 5059 An
341 5017 466 5057 vero
517 5003 642 5056 dum
682 4999 772 5052 Dei
829 4998 1042 5050 affectat
1077 4995 1508 5059 similitudinem,
1542 4993 1766 5046 formant

272 5158 318 5190 “
340 5154 385 5209 ll
411 5156 532 5211 Cor.
567 5171 619 5221 γ,
652 5154 740 5207 16.
819 5151 861 5182 ¹⁵
887 5150 1041 5204 Rom.
1077 5166 1191 5216 viti,
1226 5149 1275 5202 8.

277 5320 352 5388 (Ξ)
376 5318 697 5386 Sequentem
727 5308 910 5388 Cyr-illi
945 5316 1371 5388 [ilt’il‘lttlti,ltltli_lll"|
1407 5301 1557 5382 tineis
1598 5299 1770 5353 inclu.

210 5373 403 5454 ditintis,
445 5373 576 5441 mire
599 5373 936 5454 (eiusei-vain
967 5378 1150 5431 Graece
1177 5373 1768 5454 Justiuiairusimpera-

214 5443 719 5526 ιονὶιιίΙοειιιιιιίοιι
759 5452 822 5526 ad
871 5451 1160 5526 monachos
1209 5444 1606 5526 lil‘onophysitas
1655 5443 1766 5526 Ἥξει-

407 5508 566 5594 ήιιιῗιη
605 5541 700 5576 uos
733 5523 888 5595 primi
909 5519 1209 5595 edidimus
1230 5508 1419 5595 Sc'riiit.
1443 5508 1550 5595 iuet:
1577 5520 1628 5594 It.
1657 5508 1771 5591 ΧΗ.

307 5581 436 5669 ergo
469 5615 518 5666 p.
553 5595 656 5649 ’ξΩὸ
704 5581 774 5645 ifa
821 5591 1012 5669 legitur
1038 5604 1055 5669 ,ε
1098 5587 1156 5637 '0
1195 5582 1476 5669 ἐγκὰγίοιῒξ.
1512 5581 1776 5669 litigant);

542 5651 949 5718 Συνουσιαστῶν
994 5656 1135 5723 λέγει
1186 5653 1330 5706 τάδε·
1363 5673 1379 5702 ι
1419 5654 1478 5704 ΕΞ
1515 5652 1570 5702 δὲ
1602 5651 1674 5711 ὡς
1716 5654 1774 5701 ἐν

211 5739 360 5804 τάξει
394 5737 574 5809 ὑγρῶν
590 5728 1181 5809 ῌάνᾳμεμίχῡαιηφασιν
1216 5724 1471 5809 spissat;
1494 5723 1771 5809 capitalia

217 5789 649 5878 eo;
683 5789 952 5874 ihvdq'aav
981 5789 1060 5851 δ’τί
1089 5795 1157 5849 τὰ
1204 5789 1448 5864 ἀλλήλοις
1483 5789 1770 5860 ἀνακιρνά-

1357 5146 1575 5201 “Joan.
1612 5161 1674 5209 ll,
1706 5145 1790 5199 l9.

1833 595 2197 661 :equalitatem
2264 595 2505 658 retinuit,
2551 593 2642 648 sed
2685 592 2974 647 humiliore
3013 593 3130 647 loco
3181 591 3410 659 depres-

1833 697 1975 747 sum,
2011 693 2211 736 naturae
2241 684 2532 753 gloria‘que
2577 697 2688 736 sua:
2719 681 3142 736 deminutionem
3186 695 3410 751 passum

1834 787 1912 830 est
1934 775 1956 828 ?

2121 867 2207 919 Η.
2248 865 2392 919 Idem
2416 865 2643 935 Cyrillus
2678 867 2730 918 in
2759 864 2943 919 eodem
2971 864 3123 918 libro.

1908 981 2348 1035 Molestissimum
2374 991 2455 1032 est
2500 980 2728 1033 tolerare
2760 977 2960 1047 aliquid
2994 992 3024 1031 e
3064 977 3248 1030 multis
3294 992 3414 1049 qua:

1839 1071 1926 1125 isti
1959 1073 2144 1124 dicunt
2183 1069 2432 1137 pessimis
2469 1086 2481 1121 :
2527 1068 2883 1136 quamobrem
2929 1065 3157 1133 videtur,
3190 1065 3319 1116 mihi
3349 1064 3414 1116 ab

1840 1167 1924 1220 his
1953 1165 2203 1219 absurdis
2232 1161 2576 1232 opinionibus
2605 1159 2987 1214 recedendum.
3018 1155 3230 1227 Ergone
3261 1170 3416 1208 coni-

1842 1258 2146 1311 mistiouem
2199 1254 2471 1324 fugimus?
2496 1253 2694 1320 Utique
2737 1254 2994 1306 damnum
3027 1251 3229 1318 pariter
3263 1248 3328 1300 ab
3351 1262 3414 1300 ea

1841 1359 2054 1402 scatens
2104 1349 2354 1400 vitamus.
2393 1344 2550 1397 Aliud
2595 1357 2810 1412 quoque
2867 1349 3242 1410 argumentum
3295 1354 3419 1407 pro-

1843 1438 2038 1504 ferent,
2067 1440 2244 1492 divum
2280 1437 2488 1492 scilicet
2529 1434 2752 1489 Paulum
2780 1435 2851 1488 ita
2874 1435 3200 1501 scribentem
3225 1447 3237 1484 :
3261 1449 3278 1480 ι
3305 1428 3416 1484 Etsi

1844 1533 2118 1587 Christum
2157 1533 2207 1586 iu
2251 1547 2414 1586 carne
2446 1530 2712 1592 novimus,
2738 1542 2880 1581 nunc
2913 1541 3016 1581 non
3052 1525 3178 1580 item
3213 1524 3276 1575 ".
3302 1543 3320 1576 ι
3362 1523 3417 1578 Si

1843 1641 1972 1693 ergo
2004 1625 2231 1678 dicimus
2258 1623 2534 1678 Christum
2580 1622 2632 1675 in
2685 1636 2850 1675 carne
2888 1620 2997 1687 jam
3034 1633 3138 1672 non
3175 1615 3419 1686 agnosci,

1845 1717 2153 1770 necessario
2183 1729 2399 1769 carnem
2431 1713 2482 1766 in
2518 1711 2678 1766 Verbi
2715 1721 2964 1765 naturam
3001 1717 3261 1763 mutatam
3281 1705 3424 1759 aflir-

1848 1822 2078 1868 ruamus,
2122 1815 2180 1858 ιιι
2225 1815 2480 1872 tanquam
2535 1802 2626 1856 Dei
2692 1819 2819 1856 caro
2878 1810 3222 1870 agnoscatur.
3257 1799 3419 1866 Atqui

1847 1899 2039 1966 aliquis
2072 1897 2251 1950 forsan
2271 1898 2336 1948 ad
2361 1896 2473 1949 hare
2498 1895 2642 1948 illico
2667 1896 3056 1962 responderet:
3083 1907 3207 1944 num
3226 1887 3423 1944 Paulus

1847 2007 1968 2043 cum
2001 1991 2064 2043 de
2096 1990 2248 2042 nobis
2285 1989 2464 2042 aiebat
2501 2005 2514 2041 :
2554 2005 2571 2038 ι
2608 1986 2709 2053 Qui
2749 1986 2802 2039 in
2833 2000 3004 2040 carne
3037 1994 3182 2050 sunt,
3211 1982 3425 2051 placere

1846 2082 1955 2138 Deo
1984 2091 2290 2152 nequeunt;
2331 2096 2424 2135 vos
2461 2091 2639 2134 tamen
2671 2081 2813 2134 haud
2844 2081 2894 2132 in
2922 2091 3086 2131 carne
3106 2075 3424 2139 versamini,

1845 2177 1939 2230 sed
1969 2177 2018 2228 in
2050 2175 2240 2244 Spiritu
2265 2174 2326 2236 η,
2350 2192 2366 2224 ι
2396 2189 2484 2235 an,
2516 2174 2756 2241 inquam,
2785 2186 2948 2226 carne
2969 2186 3067 2224 nos
3089 2180 3142 2223 et
3166 2168 3434 2236 sanguine

1846 2281 2034 2320 carere
2085 2264 2452 2334 cognoverat?
2505 2264 2646 2332 Ergo
2682 2263 2785 2316 hoc
2822 2263 2887 2315 de
2928 2261 3267 2328 incorporeis
3317 2257 3428 2325 spi-

1852 2358 2045 2412 ritibus
2088 2357 2244 2410 dixit.
2277 2354 2451 2410 Porro
2506 2355 2693 2424 quidni
2731 2353 2985 2408 stolidum
3019 2349 3430 2405 detestandum-

1848 2466 1954 2519 que
1982 2452 2074 2513 sit,
2103 2451 2149 2503 si
2179 2451 2299 2516 quis
2324 2461 2565 2511 carnem,
2597 2447 2646 2500 id
2678 2456 2761 2500 est
2797 2445 2977 2498 carnis
3021 2441 3299 2511 passiones
3329 2438 3434 2493 Do-

1849 2545 1998 2598 mino
2049 2543 2341 2596 attribuat?
2392 2542 2652 2594 Servatur
2699 2539 2842 2592 enim
2890 2538 3132 2590 omnium
3183 2533 3433 2585 Christus

1851 2633 2234 2688 immaculatus
2290 2642 2394 2696 est,
2449 2641 2610 2697 atque
2668 2628 2814 2682 omni
2867 2623 3122 2694 peccandi
3180 2622 3437 2677 facultate

1852 2742 2065 2782 carens.
2092 2727 2222 2778 Cum
2250 2734 2428 2776 autem
2459 2722 2500 2775 si
2525 2720 2722 2774 dicitur
2749 2720 2802 2772 in
2839 2732 3002 2772 carne
3033 2732 3134 2770 non
3159 2712 3435 2783 cognosci,

1855 2816 2262 2886 intelligendum
2309 2823 2390 2868 est
2423 2829 2543 2867 eum
2573 2812 2624 2865 in
2680 2807 3094 2864 infirmitatibus
3119 2805 3301 2860 carnis
3324 2805 3434 2873 jam

1853 2927 1960 2967 non
1983 2910 2259 2979 cognosci.

2125 2999 2210 3052 12.
2253 2995 2402 3050 Idem
2437 2994 2666 3066 Cyrillus
2695 2995 2748 3047 in
2777 2993 2953 3046 eodem
2990 2991 3144 3045 fibra.

1929 3115 2202 3182 Jejunavit
2259 3113 2442 3181 igitur,
2475 3109 2690 3171 esui-iit,
2747 3109 2910 3177 longo
2970 3108 3164 3160 itinere
3205 3105 3440 3158 lassatus

1859 3219 1963 3271 est,
1997 3207 2232 3272 itemque
2288 3201 2434 3256 cruci
2496 3200 2636 3253 fixus
2693 3199 2823 3250 obiit
2854 3212 2869 3250 :
2898 3206 3057 3265 atque
3107 3198 3222 3249 lucc
3257 3194 3439 3247 omnia

1858 3312 2145 3368 perpessus
2167 3306 2272 3358 est,
2297 3292 2438 3347 haud
2466 3303 2642 3345 tamen
2672 3290 2723 3342 in
2756 3289 2973 3343 deitatis
3009 3299 3196 3341 tiatura
3225 3285 3442 3356 (neque

1859 3392 2003 3448 enim
2035 3389 2319 3458 imaginari
2363 3388 2489 3440 licet
2515 3385 2824 3455 passibilern
2859 3396 2980 3436 esse
3010 3380 3244 3434 divinam
3275 3386 3436 3431 natu-

1862 3481 2039 3551 ram),
2074 3482 2166 3534 sed
2206 3480 2258 3532 in
2307 3493 2473 3532 carne
2498 3492 2593 3530 sua
2626 3475 2826 3546 potius.
2859 3473 2977 3528 Jam
3014 3487 3135 3527 cum
3169 3471 3282 3539 ipse
3330 3469 3442 3521 vita

1861 3574 1932 3627 sit
1968 3580 2306 3636 mortemque
2338 3567 2655 3629 calcaverit,
2685 3567 2974 3618 humanam
3005 3561 3162 3614 nobis
3195 3568 3441 3611 naturam

1861 3666 1926 3717 ad
1956 3659 2520 3729 iucorruptibilitatem
2549 3658 2826 3723 vitamque
2855 3651 3156 3707 renovavit.
3177 3647 3293 3718 lpse
3310 3663 3443 3701 vero

1863 3771 2006 3810 nunc
2057 3752 2204 3806 omni
2237 3752 2470 3804 humana
2523 3748 2839 3802 infirmitate
2870 3757 3057 3799 carere
3088 3740 3443 3809 conspicitur,

1863 3849 2023 3903 sicuti
2051 3857 2198 3900 recte
2231 3844 2434 3898 dictum
2461 3842 2590 3896 fuit:
2617 3854 2815 3909 nempe
2860 3839 2911 3891 in
2939 3850 3101 3890 carne
3125 3849 3228 3888 non
3252 3848 3447 3902 cogno-

1866 3940 2055 4001 scitur,
2085 3937 2235 3989 idest
2258 3935 2309 3987 in
2333 3932 2513 3988 carnis
2537 3931 2874 3992 inﬁrmitate,
2896 3940 2951 3980 ιιι
2972 3928 3045 3980 ait
3067 3924 3448 3995 mysteriorum

1866 4031 1982 4099 ejus
2016 4029 2285 4080 minister.

2144 4119 2230 4172 1'5.
2269 4117 2418 4170 Idem
2445 4113 2675 4184 Cyrillus
2705 4113 2756 4164 in
2784 4113 2963 4164 eodem
3010 4109 3166 4162 libro.

1939 4235 2072 4288 Cum
2108 4242 2290 4284 autem
2353 4236 2605 4292 mortem,
2632 4226 2802 4278 nostri
2840 4237 3028 4285 causa,
3061 4222 3112 4274 in
3163 4231 3326 4271 carne
3356 4232 3452 4286 gu-

1869 4335 2085 4391 stasset,
2117 4323 2318 4392 pariter
2359 4334 2481 4374 cum
2518 4331 2746 4385 corpore
2780 4314 3046 4368 ascendit.
3089 4312 3332 4378 Cumque
3355 4307 3452 4360 Ju-

1871 4421 2108 4473 dzrorum
2163 4416 2332 4468 turbae
2383 4409 2765 4478 praedixisset:
2801 4423 2819 4456 ι
2869 4403 3144 4456 Destruite
3195 4399 3450 4468 templum

1802 4518 1843 4569 D
1873 4513 1989 4571 hoc,
2039 4519 2091 4560 et
2145 4507 2315 4558 tribus
2370 4502 2560 4555 diebus
2610 4513 2800 4552 rursus
2851 4497 3054 4561 erigant
3093 4494 3167 4559 “‘;
3207 4511 3223 4542 ι
3266 4504 3450 4544 revera

1881 4607 2242 4654 restauratum
2293 4605 2379 4647 est
2421 4593 2562 4659 quod
2609 4591 2786 4645 fuerat
2835 4589 3194 4642 destructum.
3228 4585 3452 4636 Destru-

1871 4703 2010 4744 ctam
2030 4705 2154 4743 vero
2173 4701 2390 4740 carnem
2417 4684 2668 4746 dicimus,
2698 4697 2800 4735 non
2823 4678 2983 4732 Verbi
3011 4687 3283 4739 naturam,
3309 4674 3453 4744 quod

1873 4784 1986 4837 ﬁeri
2014 4780 2218 4849 nequit.

2154 4872 2242 4924 14.
2279 4869 2430 4922 Idem
2458 4864 2765 4936 (Iyrilfusliu
2801 4863 2979 4915 eodem
3007 4860 3161 4914 libro.

1943 4987 2059 5041 Jatn
2088 5001 2207 5040 cum
2243 4982 2500 5053 apostolis
2530 4981 2644 5048 ipse
2677 4987 2862 5032 noster
2901 4975 3155 5030 Salvator
3201 4973 3489 5028 Christust

1927 5313 2019 5349 sva.
2049 5294 2155 5345 τῶν
2200 5293 2400 5360 ὑγρῶν,
2427 5288 2566 5355 οἶνος
2609 5292 2740 5363 φέρε
2784 5293 2962 5363 εἰπεῖν
2988 5289 3082 5363 xei.
3121 5288 3262 5363 paid.
3296 5286 3323 5340 ὃ
3357 5289 3455 5363 μέν

1877 5313 2019 5418 gnava.
2049 5313 2155 5345 των
2200 5313 2400 5360 υγρων,
2427 5313 2566 5355 οινος
2609 5313 2740 5363 φερε
2784 5313 2962 5345 ειπειν
2988 5313 3082 5343 και
3121 5313 3262 5357 μεΛι.
3296 5313 3323 5340 υ
3357 5313 3455 5356 μεν

1900 5385 2036 5435 ⁸σοιν,
2070 5364 2175 5415 εἰσὶ
2203 5363 2456 5432 καθαρῶς
2480 5365 2696 5435 οὐκέτι,
2714 5361 3013 5435 προσλήψει
3033 5361 3094 5435 ,δὲ
3130 5359 3328 5427 μᾶλλον
3355 5359 3456 5435 cf];

1876 5428 2202 5506 ἕτεροειδοῦς
2234 5428 2533 5506 ποιότητος,
2567 5436 2647 5495 εἰς
2675 5428 2860 5504 ἓτέρόν
2885 5428 3305 5500 τίήμεθίστατακ
3329 5428 3456 5506 09x.-

1883 5498 1977 5558 o-Cni
2007 5508 2053 5556 εἰ
2105 5498 2509 5572 συγκεκρᾶάθαί
2532 5520 2664 5570 φασι
2685 5498 2848 5572 nam
2864 5519 2931 5572 ίῳ
2948 5498 3044 5571 ἑὴν
3073 5502 3269 5570 σάρκα,
3303 5498 3456 5551 πᾶσά

1885 5593 1998 5638 πως
2033 5556 2242 5642 ἁνὰγέςη
2273 5556 2447 5643 λέγειν
2477 5556 3290 5643 ὲκᾶτξροέτὼιίὧνοξιασμῖἐνών
3322 5570 3441 5620 ἁποι

1883 5647 2074 5713 στῆναι
2109 5639 2206 5714 μὲν
2232 5639 2330 5695 ’τοῦ
2367 5639 2506 5694 εἶναι
2547 5643 2574 5694 ὃ
2602 5639 2690 5713 ἧς),
2722 5643 2778 5694 ἓν
2821 5644 2876 5696 δὲ
2906 5660 2957 5714 τι
2986 5639 3044 5693 τὸ
3078 5642 3278 5707 ἀμφοῖν
3318 5640 3456 5714 ἀπρ-

1879 5705 2314 5783 τελέσαίμέσον,
2367 5705 2803 5783 ereptione-{nou
2848 5713 3084 5776 πάντως,
3117 5705 3338 5781 ἢνὸπερ
3389 5705 3455 5778 ἦν

1878 5788 2134 5856 ἑκάτερον
2191 5786 2292 5840 ἀνὰ
2340 5784 2524 5856 μέρος.
2557 5803 2573 5835 ι
