4092 6334
187 353 327 413 1457

1380 367 1802 426 FRAGMENTA
1843 372 2258 433 DOGMATICA.

3301 377 3438 434 H38

188 477 476 532 derandam
525 477 833 536 Servatoris
865 484 1039 538 nostri
1083 483 1281 540 Christi
1315 502 1598 556 personam
1620 533 1634 558 ,
1671 494 1753 546 di-
1783 499 1830 555 Α
1861 499 2152 564 potentiam
2174 540 2187 560 ,
2221 508 2276 554 et
2310 498 2514 569 reliqua
2549 499 2750 556 omnia.
2782 498 2919 552 Caro
2949 498 3132 568 utique
3161 501 3437 554 crescebat

186 583 396 623 versam
428 583 551 624 esse
579 572 940 639 comperimus
969 584 1237 640 naturam,
1270 579 1355 632 cui
1385 581 1631 649 imposita
1648 594 1753 640 est.

192 661 408 714 Interim
436 661 550 730 ipse
587 678 812 730 persona
853 665 1187 734 hypostatica
1211 679 1291 723 est
1315 681 1473 740 atque
1493 673 1755 738 absoluta,

187 752 495 806 lmmanitas
515 765 567 806 et
589 755 840 808 divinitas
867 773 880 821 ;
907 757 1208 828 diciturque
1227 775 1466 818 summus
1494 766 1756 832 pontifex,

188 839 355 895 factor
382 853 434 896 ct
459 842 652 898 factus.

450 949 541 1005 22.
591 951 739 1005 Idem
774 952 1005 1024 Cyrillus
1045 959 1097 1012 in
1128 961 1481 1017 eodemlibro.

257 1060 362 1116 Sed
395 1061 629 1118 fortasse
664 1075 714 1117 tu
746 1066 918 1121 dicis:
968 1070 1106 1140 Ergo
1141 1088 1245 1125 non
1281 1074 1541 1129 habitavit
1576 1078 1629 1131 in
1666 1079 1755 1133 illo

186 1153 459 1221 plenitudo
485 1154 732 1209 universa
768 1159 1067 1214 divinitatis
1100 1177 1353 1232 corporea
1384 1167 1612 1222 ratione.
1646 1167 1754 1223 Ve-

187 1259 300 1296 rum
339 1245 461 1310 hoc,
509 1245 750 1313 inquam,
801 1259 918 1315 est;
955 1267 1218 1322 nemoque
1256 1269 1424 1309 sacra:
1463 1256 1756 1325 Scriptura:

186 1336 530 1390 contradicit.
581 1335 690 1394 Nos
741 1348 916 1395 tamen
961 1343 1188 1398 dicimus
1241 1345 1362 1400 Filii
1416 1349 1752 1405 divinitatem

187 1423 324 1478 haud
369 1427 545 1483 alieno
589 1429 641 1484 in
681 1446 938 1500 corpore,
985 1435 1076 1488 sed
1122 1435 1174 1488 in
1216 1450 1314 1491 suo
1336 1439 1515 1506 potius
1558 1441 1754 1511 templo

187 1512 477 1580 habitasse,
517 1518 661 1573 velut
682 1519 735 1573 in
771 1521 990 1575 homine
1016 1525 1216 1588 anima,
1246 1541 1364 1594 qua:
1395 1527 1743 1584 licetacarne

185 1601 454 1672 differens,
479 1615 714 1664 attamen
752 1627 859 1666 una
891 1628 1010 1667 cum
1053 1629 1213 1670 carne
1239 1627 1485 1670 naturam
1516 1620 1752 1673 hominis

187 1693 411 1759 perlicit,
433 1709 490 1751 ut
510 1699 580 1752 sit
605 1699 797 1755 Petrus
822 1703 900 1756 vel
927 1705 1145 1760 Paulus.
1173 1705 1286 1761 lloe
1317 1709 1422 1762 imo
1448 1710 1751 1764 evidentius

188 1783 238 1835 in
279 1785 496 1842 Christo
539 1799 638 1844 est.
705 1792 887 1863 Neque
935 1807 1110 1849 tamen
1157 1799 1354 1854 idcirco
1391 1801 1617 1855 dicimus
1659 1801 1749 1855 Dei

187 1874 418 1930 Verbum
443 1882 636 1936 animm
651 1884 826 1939 oflicio
846 1887 897 1940 in
923 1904 1147 1957 corpore
1169 1889 1432 1955 functum,
1459 1908 1574 1960 quae
1589 1894 1757 1962 pessi-

191 1980 272 2017 ma
302 1971 679 2026 nonmillorum
710 1977 892 2042 Opinio
911 1987 1013 2042 est,
1039 1981 1129 2032 sed
1155 1991 1395 2033 sanctum
1422 1982 1540 2050 ejus
1563 1999 1755 2052 corpus

189 2056 518 2127 intelligente
539 2064 717 2117 anima
741 2066 967 2124 dicimus
993 2085 1111 2124 esse
1140 2074 1456 2128 animatum.

464 2170 557 2226 23.
603 2174 752 2229 Idem
775 2177 1004 2246 Cyrillus
1040 2182 1091 2234 in
1124 2185 1297 2236 eodem
1323 2185 1474 2240 libro.

256 2276 350 2333 Dei
375 2279 608 2337 Verbum
635 2300 761 2341 vere
788 2289 837 2341 in
863 2292 1115 2346 omnibus
1137 2294 1434 2359 perfectum
1457 2305 1560 2360 est,
1586 2314 1756 2369 neque

191 2366 522 2427 incremento
541 2375 758 2443 indiget.
785 2378 976 2433 Natum
995 2393 1172 2436 autem
1196 2386 1491 2453 perfectum
1517 2389 1581 2442 de
1603 2366 1758 2444 Patre

191 2466 294 2523 est,
327 2464 584 2530 sapientia
617 2469 680 2522 de
707 2470 999 2538 sapientia,
1034 2476 1269 2542 potentia
1305 2477 1369 2530 de
1400 2481 1659 2543 potentia.
1696 2480 1761 2533 Et

191 2550 315 2615 quia
339 2565 528 2607 natura
562 2556 896 2615 immutabile
927 2572 1028 2628 est,
1057 2564 1188 2616 nihil
1219 2565 1265 2616 ei
1290 2567 1541 2632 templum
1574 2568 1623 2618 in
1654 2583 1760 2635 quo

192 2640 339 2694 Stetit
387 2646 590 2712 nocuit,
651 2649 745 2702 sed
800 2651 1092 2716 perfectam
1144 2654 1364 2707 retinuit
1416 2657 1757 2721 sapientiam,

1866 589 2067 642 viribus
2106 589 2356 658 paulatim
2392 599 2565 654 aucta,
2607 599 2765 659 prout
2796 590 3046 644 humana:
3080 599 3284 642 natura:
3310 589 3434 659 jura

1865 676 2063 731 ferunt.
2104 678 2339 732 Verbum
2382 688 2558 731 autem
2611 679 2762 731 carni
2799 679 3004 730 unitum
3050 676 3304 746 paulatim
3336 691 3430 731 sa-

1864 768 2118 836 pientiam
2169 783 2320 822 suam
2366 766 2766 831 manifestabat,
2810 781 2929 835 quae
2971 767 3210 834 corporis
3253 767 3432 819 incre-

1865 868 2102 911 mentum
2127 860 2506 923 comitabatur,
2531 867 2584 912 et
2607 858 2849 928 corporis
2875 873 2930 912 se
2951 867 3169 912 statura:
3186 857 3430 910 adamusv

1862 949 1963 1001 sint
2000 952 2460 1003 accommodabat.

2123 1061 2213 1116 24.
2261 1062 2409 1114 Idem
2442 1061 2672 1132 Cyrillus
2709 1064 2760 1113 in
2793 1062 2967 1115 eodem
3003 1063 3158 1115 libro.

1932 1169 2070 1238 Ergo
2085 1170 2148 1223 ad
2167 1170 2575 1226 similitudinem
2602 1182 2836 1227 nostram
2859 1173 3122 1240 particeps
3140 1171 3237 1225 fuit
3253 1173 3433 1228 carnis

1861 1271 1914 1316 et
1940 1262 2233 1331 sanguinis.
2257 1263 2497 1332 Cumque
2521 1274 2744 1318 mortem
2770 1266 2916 1318 carni
2941 1279 3049 1318 suae
3066 1265 3429 1333 applicuisset,

1862 1353 2142 1422 ipsamque
2185 1364 2410 1408 mortem
2470 1356 2858 1420 destruxisset,
2905 1370 3128 1424 corpora
3185 1357 3430 1409 mortalia

1862 1453 2044 1496 nostra
2074 1444 2139 1498 ad
2175 1446 2732 1514 incorruptibilitatem
2755 1446 2988 1511 direxit,
3026 1456 3083 1501 ιιι
3112 1463 3431 1501 carneorum

1861 1537 2224 1590 membrorum
2253 1537 2502 1591 rebellem
2531 1537 2696 1606 legem
2720 1539 2789 1592 ab
2811 1551 2872 1590 ea
2899 1537 3181 1607 tyrannide
3207 1552 3308 1606 qua
3334 1553 3433 1591 nos

1862 1625 2136 1694 premebat
2159 1625 2428 1693 dejiceret.
2466 1626 2635 1680 Secus
2663 1627 2806 1680 enim
2839 1628 2944 1679 vita
2975 1628 3130 1679 morti
3159 1641 3260 1680 non
3290 1635 3434 1680 esset

1859 1716 2156 1779 dominata,
2187 1717 2292 1772 nisi
2314 1717 2550 1771 Verbum
2579 1717 2815 1771 mortalis
2837 1718 3078 1785 corporis
3099 1716 3286 1770 fuisset
3309 1731 3434 1784 par-

1863 1807 2028 1873 ticeps
2056 1823 2069 1858 :
2109 1822 2280 1875 neque
2313 1808 2436 1861 item
2465 1808 2814 1876 cupiditatum
2835 1807 3154 1860 naturalium
3185 1806 3434 1861 stimulus

1863 1906 2075 1949 retusus
2109 1895 2319 1960 luisset,
2353 1899 2450 1951 nisi
2480 1897 2641 1952 Verbi
2668 1913 2862 1967 corpus
2893 1912 2958 1952 ex
2985 1899 3214 1952 humana
3249 1905 3431 1951 nostra

1864 1998 2053 2040 natura
2086 1997 2356 2055 sumptum
2389 1986 2602 2040 fuisset.

2131 2097 2222 2151 25.
2273 2097 2423 2150 Idem
2451 2096 2682 2168 Cyrillus
2715 2100 2766 2152 in
2800 2099 2976 2152 eodem
3009 2098 3166 2150 libro.

1938 2209 2231 2264 lnanimem
2259 2211 2401 2264 haud
2431 2211 2659 2266 dicimus
2691 2227 2908 2265 carnem
2939 2211 3081 2263 illam
3114 2205 3288 2262 Verbo
3315 2205 3434 2259 uni-

1863 2313 1989 2366 tam,
2028 2318 2145 2369 qua:
2175 2303 2239 2354 de
2271 2304 2476 2357 semine
2512 2303 2728 2357 Davidis
2768 2311 2871 2356 est.
2906 2300 3116 2355 Nemini
3155 2301 3279 2353 item
3316 2298 3433 2367 epi-

1863 2396 1978 2446 nari
2015 2393 2138 2447 licet
2174 2395 2404 2448 Verbum
2448 2396 2644 2463 templo
2679 2410 2776 2450 suo
2809 2403 2999 2448 sancto
3039 2394 3212 2446 instar
3241 2391 3434 2443 anith

1865 2484 2276 2554 intellectusque
2301 2487 2488 2540 fuisse.
2522 2484 2705 2555 Neque
2737 2498 3006 2554 posuemo
3050 2484 3219 2547 illum,
3249 2483 3336 2550 qui
3369 2481 3435 2534 de

1864 2575 2071 2630 semine
2101 2585 2206 2640 est,
2241 2592 2336 2644 per
2363 2592 2423 2632 se
2443 2580 2614 2632 solum
2647 2578 2918 2648 appellare
2954 2577 3146 2632 Filium
3178 2575 3431 2630 solemus.

1783 2782 1872 2840 Ν.

795 2925 859 2962 EX
890 2926 1058 2966 LIBRIS
1085 2929 1285 2968 CONTRA
1325 2931 1638 2971 THEODORUM
1677 2934 2079 2979 MOPSUESTENUH
2108 2943 2174 2980 ET
2207 2942 2468 2982 DIODORL'M
2504 2943 2817 2982 TARSENSEM.

196 3037 246 3092 ι.
282 3039 491 3130 Sancta:
529 3051 792 3100 memoria:
841 3049 1158 3130 (l)__l2‘yr_illi
1199 3071 1262 3108 ea:
1292 3057 1459 3130 primo
1491 3059 1625 3114 libro
1660 3077 1748 3114 eo-
1782 3071 1824 3128 ο
1871 3067 2091 3117 verbum
2144 3077 2367 3119 vocatur
2416 3067 2597 3130 homo,
2653 3080 2754 3118 non
2788 3072 2871 3117 est
2907 3062 3081 3115 factus
3123 3060 3284 3114 homo
3319 3070 3432 3109 ma-

413 3129 528 3165 rum
560 3132 687 3184 quos
708 3131 887 3172 contra
914 3119 1236 3178 Theodorum
1262 3119 1492 3195 scripsit.

807 3248 1144 3290 TIIEODORUS.

260 3340 320 3395 Si
348 3343 463 3410 quis
500 3344 619 3396 velit
643 3344 850 3399 abusive
873 3355 921 3399 et
957 3345 1160 3400 Filium
1189 3349 1288 3402 Dei
1323 3350 1487 3405 Deum
1529 3352 1754 3407 Verbum

188 3431 359 3498 [ilium
391 3431 558 3485 David
596 3437 890 3499 nominare,
928 3447 1140 3506 propter
1176 3439 1272 3492 Dei
1321 3439 1472 3494 Verbi
1509 3443 1757 3512 templum

188 3527 326 3591 quod
354 3539 418 3576 ea:
452 3523 622 3578 David
646 3536 719 3578 est
745 3565 760 3588 ,
801 3530 1024 3580 nominet
1050 3567 1065 3591 ,
1089 3539 1135 3581 et
1169 3530 1318 3583 illum
1356 3535 1444 3598 qui
1467 3543 1543 3586 est
1579 3551 1643 3588 ex
1671 3551 1756 3588 se-

189 3614 327 3666 mine
354 3614 543 3680 David,
573 3613 769 3669 Filium
795 3616 911 3680 Dei,
952 3621 1120 3686 gratia
1153 3637 1254 3672 non
1295 3630 1487 3674 natura
1515 3625 1756 3691 appellet,

191 3705 456 3758 naturales
487 3715 664 3774 patres
701 3723 802 3760 non
842 3710 1112 3778 ignorans,
1165 3727 1324 3778 neque
1362 3714 1597 3765 ordinent
1629 3715 1755 3766 sub—

190 3806 387 3848 vertens
412 3810 430 3846 :
463 3813 624 3864 neque
652 3814 769 3850 eum
809 3801 898 3867 qui
929 3802 1271 3868 incorporalis
1311 3814 1408 3865 est,
1443 3807 1606 3857 etiam
1642 3820 1758 3856 cor—

190 3903 285 3952 pus
320 3887 535 3949 dicens;
581 3898 628 3940 et
663 3899 785 3941 ante
809 3891 1003 3943 stecula
1033 3909 1095 3944 ea:
1131 3892 1255 3955 Deo,
1291 3905 1335 3946 et
1377 3910 1439 3946 ex
1468 3894 1660 3956 David,
1709 3895 1786 3945 et'

190 3993 419 4045 passum,
461 3987 510 4029 et
559 3980 921 4047 impassibile;
971 3998 1178 4047 corpus,
1229 4000 1329 4036 non
1377 3996 1449 4036 est
1515 3987 1758 4051 incorpo-

194 4071 340 4132 rale;
378 4069 513 4136 quod
562 4081 635 4123 est
680 4075 948 4135 deorsum,
994 4090 1095 4125 non
1151 4084 1223 4126 est
1278 4076 1589 4137 desursum;
1621 4075 1757 4144 quod

191 4172 266 4216 est
315 4172 435 4215 ante
481 4165 698 4229 strculu,
755 4182 857 4218 non
907 4175 979 4217 est
1024 4181 1087 4217 ex
1136 4165 1333 4218 semine
1379 4165 1758 4236 David;quod

191 4269 404 4323 passum
461 4264 558 4319 est,
598 4271 698 4308 non
744 4267 819 4309 est
866 4257 1202 4324 impassibile.
1248 4257 1356 4309 Nec
1387 4259 1523 4310 enim
1550 4259 1653 4311 ista
1688 4257 1754 4309 ad

192 4347 429 4399 eumdem
457 4344 768 4398 intellectum
805 4349 1174 4400 obvertuntnr:
1209 4365 1326 4416 qua:
1347 4359 1466 4400 sunt
1492 4351 1749 4417 corporis,

193 4452 292 4489 non
343 4444 462 4486 sunt
498 4433 592 4486 Dei
644 4434 843 4489 Verbi:
886 4448 932 4490 et
995 4453 1110 4506 qua:
1144 4419 1265 4490 sunt
1301 4438 1396 4489 Dei
1439 4437 1592 4490 Verbi
1631 4456 1755 4507 pro-

191 4529 328 4596 pria,
380 4541 482 4578 non
529 4527 716 4579 habent
751 4544 958 4594 corpus.
1007 4526 1246 4580 Natnrus
1288 4528 1651 4596 conﬁteamur,
1711 4540 1758 4582 et

191 4618 608 4687 dispensationes
651 4633 752 4668 non
787 4619 1123 4686 abnegemus.

840 4745 1115 4783 CVIllLLUS.

262 4845 364 4912 Qui
407 4843 534 4898 dicit
566 4850 815 4911 oportere
846 4857 952 4895 non
995 4840 1248 4909 abnegari
1297 4841 1749 4910 dispensationes,

196 4935 551 4990 humanitatis
590 4934 901 5004 mysterium
933 4933 1150 4985 omnino
1171 4932 1432 4984 eradicat.
1473 4932 1756 4986 Praesumit

194 5028 342 5080 enim
371 5028 572 5090 dicere,
610 5026 750 5096 quod
784 5039 955 5094 neque
986 5024 1158 5078 factus
1192 5033 1274 5077 est
1307 5026 1466 5079 homo
1507 5026 1758 5095 unigeni-

196 5129 282 5172 tus
316 5118 408 5171 Dei
443 5117 674 5173 Verbum
697 5161 711 5184 ,
765 5133 938 5187 neque
966 5131 1029 5170 ex
1065 5116 1268 5170 semine
1304 5118 1551 5185 apparuit
1581 5119 1756 5171 sancti

196 5208 366 5263 David
404 5228 417 5262 ε
459 5210 555 5264 sed
597 5211 824 5264 liliormn
859 5209 1151 5264 introducit
1179 5219 1363 5275 aperte
1417 5209 1756 5275 dualitatem,

198 5299 515 5367 inaequalem
565 5309 809 5354 naturam
865 5312 918 5355 et
969 5301 1155 5354 falsam
1190 5299 1425 5353 nomine.
1474 5299 1586 5353 lloe
1615 5302 1756 5354 enim

199 5391 341 5458 quod
395 5391 613 5445 abusive
665 5392 880 5458 dicitur,
935 5393 1243 5446 omnimodo
1283 5395 1520 5457 ostendit
1574 5395 1758 5461 utique

200 5487 340 5552 quod
388 5499 513 5537 vere
557 5501 659 5537 non
710 5496 791 5540 cst
845 5487 946 5540 hoc
1003 5486 1142 5555 quod
1187 5484 1426 5539 dicitur:
1486 5497 1760 5539 tnutuatttr

202 5576 342 5631 enim
389 5577 611 5630 alterius
660 5580 1088 5646 appellationem.
1134 5578 1271 5647 lirgo
1314 5580 1355 5633 si
1398 5580 1616 5635 abusive
1662 5576 1756 5632 Dei

275 5750 351 5822 (Ι)
387 5752 824 5820 Mansi,Concil.,
872 5765 907 5808 t.
943 5755 1032 5821 IX,
1072 5771 1121 5824 ι).
1152 5754 1277 5808 250.

1863 3155 2074 3210 nifeste.
2113 3156 2167 3210 Si
2200 3157 2424 3211 abusive
2450 3157 2620 3211 Filius
2646 3167 2698 3208 et
2727 3154 2868 3208 Deus
2896 3153 2984 3207 ille
3008 3152 3097 3221 qui
3126 3166 3188 3205 ex
3219 3150 3428 3204 semine

1860 3257 1941 3300 est
1966 3245 2155 3311 David,
2188 3261 2360 3313 neque
2399 3247 2536 3298 Deus
2573 3260 2746 3312 neque
2776 3243 2944 3296 Filius
2967 3251 3155 3294 natura
3188 3246 3242 3291 et
3276 3237 3420 3290 veri-

1861 3351 1973 3396 tate
2005 3351 2106 3395 est.
2143 3340 2293 3394 Falsa
2319 3340 2483 3406 igitur
2523 3340 2572 3392 in
2603 3350 2831 3406 Utroque
2864 3339 2977 3390 haec
3019 3332 3341 3403 appellatio,
3378 3338 3434 3382 et

1859 3433 1972 3497 ipsa
2006 3444 2088 3483 res
2113 3445 2231 3483 esse
2260 3431 2454 3483 merito
2485 3429 2807 3498 intelligitur
2839 3448 2851 3481 :
2887 3435 3111 3494 uterque
3140 3423 3290 3476 enim
3329 3421 3433 3475 hoc

1861 3522 2188 3585 nominatur,
2219 3522 2362 3591 quod
2389 3535 2492 3573 non
2529 3528 2630 3574 est.

2359 3633 2415 3687 2.
2455 3630 2536 3685 Ea:
2563 3632 2740 3685 eodem
2775 3628 2928 3683 libro.

2478 3759 2812 3800 THEODORUS.

1930 3861 1994 3914 Et
2023 3863 2258 3916 convenit
2301 3878 2388 3915 eos
2442 3862 2529 3930 qui
2581 3859 2704 3911 bene
2735 3858 2971 3926 sapiunt,
3011 3851 3432 3923 quandoquidem

1859 3955 2123 4007 naturales
2164 3965 2338 4021 patres
2390 3952 2690 4021 quiet-imus,
2741 3965 2900 4017 neque
2954 3947 3120 3999 Deunt
3189 3942 3433 4006 Verbum,

1860 4045 2026 4099 Dat-id
2073 4047 2150 4098 vel
2203 4046 2427 4099 Abrahae
2471 4045 2642 4112 [ilium
2672 4044 2963 4103 nominare,
3004 4041 3093 4092 sed
3123 4039 3380 4105 factorem
3411 4049 3430 4087 .‘

1860 4153 2019 4205 neque
2068 4153 2253 4205 corpus
2313 4146 2434 4188 ante
2477 4137 2672 4188 saicula
2733 4149 2796 4187 ea:
2848 4130 3045 4193 Patre,
3107 4131 3194 4182 sed
3259 4145 3434 4182 semen

1859 4227 2083 4280 Abrahae
2130 4238 2176 4280 et
2230 4228 2399 4280 David
2430 4243 2493 4280 ea:
2529 4227 2701 4278 Maria
2737 4235 2943 4277 natum.
2984 4220 3051 4274 Et
3083 4239 3200 4273 cum
3235 4225 3298 4274 de
3332 4238 3430 4273 na—

1861 4319 2118 4372 turalibus
2180 4320 2540 4372 nativitatibus
2585 4318 2648 4369 sit
2689 4318 2844 4380 ratio,
2880 4330 3039 4382 neque
3071 4312 3258 4364 Maria:
3288 4313 3432 4380 filius

1794 4421 1835 4477 [)
1866 4409 2004 4462 Deus
2034 4427 2142 4463 esse
2183 4408 2401 4463 Verbum
2431 4409 2782 4462 existimetur.
2831 4406 3075 4459 Mortalis
3122 4407 3255 4456 enim
3292 4422 3431 4455 mor-

1871 4498 2026 4550 talem
2076 4508 2284 4566 generat
2336 4501 2611 4550 secundum
2655 4507 2921 4555 naturam,
2969 4506 3013 4546 et
3058 4510 3266 4559 corpus,
3294 4493 3430 4559 quod

1868 4592 1968 4642 sibi
1997 4590 2165 4642 simile
2203 4599 2298 4641 est.
2343 4588 2485 4641 Duas
2529 4588 2827 4640 nativitates
2865 4586 3004 4638 Deus
3064 4583 3284 4636 Verbum
3329 4600 3430 4634 non

1869 4682 2138 4742 sustinuit,
2168 4697 2324 4731 unant
2354 4680 2561 4746 quidem
2600 4689 2721 4733 ante
2749 4679 2968 4741 alecula,
3001 4676 3220 4727 alterum
3254 4685 3430 4726 autem

1869 4771 1918 4821 in
1951 4771 2146 4822 ultimis
2189 4770 2501 4836 temporibus
2529 4785 2547 4822 :
2577 4772 2666 4823 sed
2703 4787 2765 4822 et
2797 4767 2958 4820 I’atrc
2989 4765 3197 4834 quidem
3236 4776 3431 4816 natura

1861 4863 2062 4930 genitus
2095 4872 2188 4925 cst,
2231 4862 2475 4925 templum
2513 4878 2630 4914 vero
2653 4861 2789 4928 quod
2814 4875 2876 4910 (3.13
2913 4858 3084 4908 Maria
3123 4868 3306 4906 nutum
3329 4869 3426 4919 est,

1861 4970 1925 5006 ea:
1950 4954 2061 5022 ipso
2091 4965 2234 5006 utero
2268 4955 2366 5007 sibi
2393 4953 2688 5022 fabricavit.

2501 5074 2775 5113 CHIIIJJJS.

1936 5176 1989 5229 5.
2042 5174 2236 5229 Deimlc
2296 5176 2458 5226 breve
2516 5172 2836 5240 procedens,
2878 5183 2930 5226 et
2962 5175 3284 5241 quibusdam
3335 5191 3430 5242 per

1869 5268 2103 5320 medimn
2146 5261 2478 5329 interpositis
2517 5264 2708 5315 iterum
2744 5263 2911 5317 dixit:

2486 5390 2821 5429 TIIEODORUS.

1937 5487 2064 5539 Cum
2105 5503 2224 5539 vero
2248 5488 2311 5541 tle
2341 5488 2565 5542 salutari
2593 5489 2974 5556 dispensatione
3008 5489 3142 5536 ratio
3171 5498 3423 5549 movetur,

1865 5585 1908 5630 ct
1943 5575 2076 5630 Deus
2113 5589 2322 5630 vocetur
2349 5579 2522 5644 homo,
2570 5594 2667 5629 non
2706 5575 2841 5644 quod
2873 5575 2966 5626 hoc
2995 5573 3167 5642 [actus
3198 5585 3296 5642 cst,
3340 5574 3434 5629 sed
