4092 6334
637 338 774 394 M39

1613 339 1668 390 S.
1710 335 1984 392 CYRILLI
2026 334 2491 390 ALEXANDBINI
2532 333 2857 390 ARCHIEP.

3734 339 3878 396 1440

633 457 771 525 quod
813 452 908 506 hoc
949 456 1229 520 assumpsit
1262 471 1278 507 :
1318 467 1362 506 et
1415 455 1567 506 homo
1604 453 1764 516 Deus,
1811 470 1912 504 non
1948 461 2197 520 tanquam
2230 465 2274 519 Α
2306 453 2424 504 dem
2471 465 2648 518 neque
2688 449 2881 504 Filium
2912 465 3118 515 rerum,
3150 465 3320 520 neque
3353 451 3519 506 Deum
3551 467 3670 508 esse
3699 456 3877 512 dicis:

635 546 1193 614 incircumscriptibilis
1222 546 1414 612 factus,
1448 561 1537 596 nec
1561 546 1746 610 ubique
1772 545 2063 606 exsistens;
2092 558 2200 594 cor-

634 655 732 703 pus
777 638 910 688 enim
964 649 1072 690 erat
1112 647 1158 688 et
1191 647 1302 702 post
1345 639 1776 688 resurrectionem
1818 633 2102 701 palpabile,
2156 641 2203 707 et

638 726 740 776 tale
773 734 1032 791 receptura
1076 734 1148 776 est
1191 725 1244 777 in
1293 723 1498 788 cwlum,
1539 734 1584 776 et
1633 724 1707 778 sic
1745 724 1903 776 veniet
1951 724 2082 775 sicut
2115 738 2198 775 re-

637 823 839 884 ceptum
865 825 964 866 est.

1276 939 1550 979 CYRILLUS.

707 1033 846 1086 Ecce
894 1032 1048 1100 plane
1082 1040 1133 1087 et
1175 1035 1452 1087 evidenter
1482 1043 1671 1088 contra
1702 1034 1938 1087 divinam
1983 1033 2201 1102 quidem

641 1124 808 1178 fertur
847 1125 1220 1194 Scripturam;
1277 1127 1532 1193 reprobat
1585 1141 1713 1180 vero
1755 1125 1952 1180 Christi
2012 1133 2209 1194 myste-

639 1219 800 1282 rium,
842 1227 895 1272 et
937 1219 1088 1286 quasi
1127 1219 1362 1286 increpat
1409 1217 1572 1270 Deum
1603 1216 1865 1279 Verbum,
1903 1217 2048 1286 quod
2083 1231 2208 1284 pro-

638 1316 757 1375 pter
787 1323 885 1361 nos
913 1307 1339 1362 exinanitioncm
1368 1309 1476 1375 pati
1508 1308 1673 1361 voluit
1711 1325 1726 1374 ;
1776 1316 1831 1360 et
1859 1306 2000 1374 quod
2035 1306 2210 1358 factus

635 1408 721 1448 est
756 1397 934 1460 homo,
969 1398 1300 1451 contristare
1341 1399 1570 1450 videtur.
1609 1397 1874 1450 lnterimit
1907 1396 2051 1450 enim
2094 1410 2211 1448 om-

637 1490 769 1541 nino
815 1490 1292 1552 humanationem,
1339 1499 1392 1542 et
1436 1489 1698 1544 adversus
1749 1487 2072 1541 ineffabilem
2123 1501 2213 1539 sa-

636 1582 894 1648 pientiam
935 1581 1146 1636 extollit
1187 1598 1272 1643 se,
1331 1596 1468 1648 pene
1512 1579 1940 1633 dicensJudaiee
1970 1578 2209 1631 omnium

636 1681 884 1725 nostrum
927 1670 1192 1724 Salvatori
1244 1672 1462 1725 Christo
1496 1689 1509 1724 :
1561 1689 1578 1720 ‹
1630 1670 1701 1724 De
1733 1670 1873 1722 bono
1911 1683 2074 1738 opere
2107 1684 2210 1722 non

637 1773 688 1814 le
721 1761 1044 1829 lapidamus,
1075 1763 1168 1815 sed
1201 1765 1263 1815 de
1305 1763 1657 1831 blasphemia,
1687 1762 1827 1830 quod
1856 1772 1930 1826 tu,
1971 1779 2095 1816 Clltll
2136 1762 2212 1815 sis

636 1851 828 1915 homo,
854 1851 987 1904 facis
1025 1861 1074 1904 te
1110 1853 1274 1904 Deum
1314 1853 1400 1903 ¹⁷⁴.
1443 1871 1458 1901 ι
1500 1853 1697 1904 Audiat
1739 1853 1900 1920 igitur
1931 1854 2206 1905 dicentem
2242 1851 2283 1904 Β

639 1949 824 2008 aperte
855 1955 870 1993 :
898 1958 917 1990 ι
961 1942 1012 1994 Si
1062 1943 1223 2011 igitur
1268 1959 1371 1994 non
1413 1943 1550 1995 facio
1580 1958 1740 2010 opera
1775 1943 1955 1997 Patris
1986 1944 2110 2005 mei,
2140 1957 2207 1996 ne

638 2033 769 2086 mihi
800 2035 1037 2100 credite;
1103 2035 1144 2088 si
1183 2050 1306 2088 vero
1336 2035 1498 2097 facio,
1552 2035 1678 2089 licet
1719 2035 1845 2088 mihi
1879 2035 2196 2088 noncreda-

640 2123 728 2187 tis,
776 2125 1027 2192 operibus
1076 2127 1210 2178 meis
1253 2127 1456 2179 credite
1493 2126 1558 2178 η.
1609 2145 1626 2176 ι
1681 2125 1811 2178 Cum
1855 2127 1997 2178 enim
2044 2126 2210 2178 sciret

637 2216 781 2284 quod
822 2217 1002 2269 divina
1048 2218 1246 2270 virtute
1283 2225 1335 2267 et
1379 2227 1644 2282 polestate
1681 2218 1952 2278 utebatur,
1990 2227 2042 2268 et
2086 2230 2207 2267 cum

637 2309 976 2374 apparuisset
1011 2309 1172 2361 homo
1201 2307 1289 2360 Dei
1316 2305 1574 2369 Verbum,
1620 2305 1851 2373 abnegat
1881 2307 2052 2374 ipsum
2087 2318 2209 2358 esse

638 2398 828 2460 Deum,
861 2408 914 2450 et
951 2398 999 2449 in
1034 2397 1251 2450 homine
1286 2397 1455 2465 magis
1480 2396 1748 2449 habitasse
1783 2396 1914 2448 dicit
1943 2410 2091 2456 enirn,
2142 2405 2202 2448 ut

639 2487 732 2540 Dei
767 2488 1000 2539 Verbum
1036 2487 1193 2539 nobis
1219 2487 1486 2538 hominem
1534 2487 1842 2539 ostenderet
1873 2487 2203 2538 adorandum

637 2588 690 2631 et
728 2594 860 2646 pura
887 2578 1102 2631 deitatis
1130 2577 1500 2632 nominatione
1532 2579 1876 2633 hOnoratum.
1911 2577 2207 2631 Convictus

641 2669 805 2738 igitur
863 2678 945 2722 est
999 2668 1278 2738 ignorasse
1339 2669 1562 2722 omnino
1631 2670 1884 2723 virtutem
1959 2670 2203 2738 mysterii

639 2759 864 2814 Christi.

1139 2873 1195 2928 4.
1229 2873 1312 2928 Ex
1349 2873 1527 2926 eodem
1558 2872 1716 2925 libro.

1265 3000 1597 3040 TilEODORUS.

715 3097 819 3154 Sed
863 3099 909 3150 si
956 3114 1102 3157 caro,
1146 3097 1292 3159 dicit,
1349 3107 1460 3149 erat
1511 3113 1627 3165 qum
1670 3097 1924 3164 cruri/ima
1957 3112 2054 3160 est,
2082 3114 2214 3166 quo—

642 3189 796 3244 modo
844 3191 922 3241 sol
968 3190 1149 3241 radios
1196 3189 1404 3250 avertit,
1455 3199 1500 3242 et
1558 3189 1782 3242 teuebrre
1837 3199 2214 3256 occupaverunt
2244 3198 2285 3254 C

642 3292 804 3335 totam
852 3290 1064 3344 terram,
1091 3289 1139 3333 et
1166 3289 1316 3332 terra:
1335 3291 1526 3344 motus,
1568 3289 1618 3333 et
1648 3290 1808 3348 petra:
1849 3281 2216 3348 tlirurnpebau-

645 3383 754 3436 tur,
783 3382 829 3426 et
869 3374 1062 3425 mortui
1102 3373 1438 3440 resurgebant
1475 3373 1562 3425 HI?
1593 3372 1731 3437 Quid
1766 3374 1925 3441 igitur
1949 3376 2131 3426 dicunt
2166 3383 2216 3426 et

645 3465 709 3518 tle
749 3466 972 3518 tenebris
993 3466 1046 3517 in
1096 3465 1330 3534 Λῖσῃρτο
1379 3465 1535 3528 factis
1590 3468 1684 3520 sub
1729 3476 1958 3534 tempore
2008 3468 2215 3523 Illosis:

645 3573 749 3609 non
797 3557 849 3609 in
895 3557 1064 3609 tribus
1103 3557 1245 3610 horis
1269 3598 1281 3621 ,
1313 3561 1400 3610 sed
1436 3561 1487 3610 in
1518 3559 1685 3610 tribus
1726 3558 1906 3611 diebus
1941 3560 2032 3612 ‘°?
2071 3560 2215 3623 Quid

644 3661 762 3698 vero
791 3644 855 3698 de
888 3647 1011 3698 aliis
1041 3662 1133 3712 per
1167 3645 1350 3698 Mosen
1381 3647 1542 3714 factis
1574 3648 1845 3699 miraculis
1872 3689 1886 3710 ,
1928 3657 1974 3700 et
2006 3665 2098 3714 per
2125 3647 2217 3701 Je-

645 3753 759 3788 sum
789 3736 955 3800 Nave,
1003 3738 1092 3806 qui
1130 3739 1292 3790 solem
1335 3751 1474 3792 stare
1504 3738 1631 3807 fecit
1655 3738 1720 3800 ²¹,
1747 3739 1837 3807 qui
1871 3738 1948 3791 sol
1976 3741 2068 3790 sub
2104 3756 2218 3807 rege

647 3823 877 3878 Ezechia
907 3833 954 3876 et
983 3835 1174 3892 prteler
1205 3836 1454 3878 naturam
1487 3838 1804 3880 retroversus
1831 3836 1900 3878 est
1934 3827 1977 3857 “
2006 3829 2027 3878 ?
2057 3825 2120 3877 Et
2155 3829 2217 3880 de

648 3916 832 3970 Eliswi
865 3919 1138 3987 reliquiis,
1180 3935 1298 3986 qua:
1352 3929 1621 3970 mortuum
1674 3921 2113 3971 resuscitaverunt
2141 3920 2219 3971 ’³2

649 4009 707 4062 St
744 4010 882 4062 enim
933 4009 1093 4061 Deum
1133 4008 1350 4062 Verbum
1391 4027 1599 4076 passum
1637 4027 1746 4062 esse
1777 4010 2074 4073 ostendunt,
2104 4026 2219 4080 qua:

648 4101 704 4150 in
757 4109 986 4165 tempore
1025 4099 1194 4151 crucis
1237 4100 1380 4165 facta
1417 4109 1572 4163 sunt,
1616 4112 1661 4153 et
1714 4112 1922 4168 propter
1962 4100 2220 4153 hominem

650 4207 756 4242 nou
809 4192 1091 4242 concedant
1139 4207 1201 4244 ea
1248 4191 1393 4260 facta
1442 4206 1598 4245 esse:
1631 4203 1676 4244 et
1712 4208 1827 4260 gnte
1853 4194 1946 4244 sub
1996 4201 2221 4259 tempore

654 4282 820 4335 Hosis
863 4293 1073 4350 propter
1115 4300 1275 4352 genus
1324 4285 1569 4348 Abraltw,
1618 4294 1664 4337 et
1710 4301 1828 4353 qua:
1865 4285 1959 4336 sub
1995 4296 2221 4351 tempore

651 4375 780 4426 Jesu
824 4372 969 4426 Nave
1009 4385 1054 4425 et
1107 4374 1350 4427 ιξῖιεεΙιὶίυ
1379 4376 1513 4442 regis
1542 4392 1642 4427 non
1678 4384 1852 4428 erunt.
1894 4372 1951 4427 Si
1983 4390 2099 4426 vero
2126 4376 2222 4425 illa

651 4475 864 4530 propter
899 4466 1208 4519 Judworum
1269 4467 1516 4533 populum
1562 4466 1829 4519 miracula
1876 4467 2021 4533 facta
2075 4476 2218 4526 sunt,

652 4556 819 4607 multo
863 4558 1026 4624 magis
1069 4572 1183 4623 qua:
1231 4574 1284 4608 rit
1327 4573 1478 4608 cruce
1517 4567 1726 4626 propter
1767 4557 1863 4608 Dei
1909 4554 2056 4608 Verbi
2095 4565 2222 4608 tem-

652 4648 818 4713 plum.

1303 4774 1580 4813 CYRlLLUS.

732 4908 748 4940 ι
781 4889 1149 4957 Stnpefactum
1191 4903 1272 4945 est
1313 4892 1507 4947 cmlnm
1555 4905 1716 4957 super
1762 4892 1884 4954 hoc,
1917 4902 1970 4944 et
1996 4902 2220 4944 contre-

657 4981 795 5034 muit
841 4980 1067 5045 amplius
1113 4984 1474 5047 Vehementer,
1532 4982 1660 5034 dicit
1706 4979 1961 5034 Dominus
1997 4982 2060 5034 “.
2102 4999 2119 5030 ι
2181 4979 2224 5033 Ο

660 5069 1058 5125 intolerabilem
1097 5073 1525 5139 malignitatem!
1569 5075 1611 5128 0
1637 5074 1872 5142 linguam
1915 5071 2223 5139 loquentem

662 5161 1004 5228 iniquitatem
1035 5160 1294 5214 adversus
1323 5163 1506 5228 Deum,
1545 5176 1599 5218 et
1631 5174 1860 5218 mentem
1895 5162 1946 5216 in
1982 5161 2224 5214 altitudi-

661 5269 783 5307 nem
827 5268 995 5307 cornu
1045 5253 1428 5306 extollentem!
1482 5255 1676 5310 Parum
1705 5272 1827 5311 esse
1886 5255 1979 5310 tibi
2017 5254 2228 5307 videtur

663 5343 880 5399 aﬂixum
914 5361 1034 5401 esse
1065 5345 1207 5416 ligno
1243 5345 1525 5400 Dominum
1558 5349 1775 5416 gloriae?
1811 5349 1975 5415 Quem
2009 5357 2061 5402 tu
2099 5347 2223 5416 qui-

739 5502 802 5532 ¹τ⁶
834 5497 988 5554 Joan.
1030 5519 1083 5564 x,
1118 5502 1207 5556 55.
1285 5501 1328 5534 ¹³
1355 5500 1483 5555 ibid.
1519 5500 1606 5566 37,
1638 5501 1723 5553 58.

671 5587 762 5636 xx,
806 5570 893 5624 10.
969 5573 1017 5602 ⁸³
1043 5573 1102 5625 ιν
1135 5573 1264 5642 Reg.
1304 5589 1422 5634 xw,
1460 5572 1548 5624 2|.
1628 5571 1672 5600 "
1698 5570 1896 5626 Jerem.
1933 5589 1990 5638 ιι,
2027 5574 2104 5626 1'2.

751 5728 828 5798 (ι)
866 5728 945 5782 ΑΙ.
981 5745 1113 5797 (aut,
1145 5730 1261 5784 scil.
1291 5731 1537 5800 gratiam.
1578 5727 1744 5782 Hann.

1803 5504 1842 5533 ¹⁹
1869 5503 2050 5556 Matth.
2074 5505 2240 5568 xxvu,
2271 5501 2460 5555 iii-53.

2308 557 2405 594 nos
2433 552 2608 592 autem
2645 541 2936 604 credimus,
2979 544 3120 609 quod
3149 554 3228 596 est
3258 559 3383 598 vere
3425 545 3592 600 Filius
3623 555 3677 598 et
3706 544 3879 614 Deus,

2307 642 2521 685 creator
2549 643 2602 683 et
2637 633 2812 698 opifex
2842 636 3102 688 ninnium.
3161 634 3346 704 Neque
3395 637 3537 690 enim
3572 647 3688 692 erat
3715 639 3882 695 homo

2309 724 2646 790 simpliciter,
2696 726 2787 777 sed
2825 727 2879 778 in
2912 726 3090 795 specie
3124 726 3380 791 humana,
3419 730 3510 798 qui
3556 739 3640 783 est
3663 745 3729 783 ex
3771 731 3885 786 Deo

2309 813 2469 866 Patre
2502 812 2638 866 Deus
2667 813 2937 868 Verbum:
2984 833 3085 869 non
3128 817 3531 871 translationem
3579 820 3661 871 vel
3704 829 3885 872 mula-

2313 905 2536 970 tionem,
2563 921 2679 972 quaa
2712 907 2871 960 estin
2905 923 3068 961 carne
3102 924 3313 976 passus,
3349 909 3529 964 unitus
3555 925 3682 964 vero
3706 911 3885 980 magis

2313 992 2359 1045 ei
2397 997 2689 1046 secundum
2741 996 2897 1050 tidem
2935 1012 3210 1050 sacrarum
3254 997 3605 1052 Litterarum.
3651 998 3756 1054 Iste
3783 1002 3880 1069 qui

2312 1086 2366 1138 in
2398 1100 2562 1138 carne
2599 1101 2807 1151 passus,
2841 1098 2892 1139 et
2922 1103 3216 1156 snspensas
3245 1091 3296 1143 in
3326 1090 3468 1161 ligno
3488 1100 3591 1155 est,
3615 1093 3882 1145 miracula

2314 1177 2443 1230 fecit
2468 1177 2518 1229 in
2551 1176 2806 1248 Aigypto,
2847 1180 2897 1232 in
2945 1181 3194 1235 omnibus
3225 1197 3320 1250 per
3357 1183 3658 1252 sapientem
3695 1182 3883 1238 Mosen

2314 1287 2465 1324 suam
2494 1271 2719 1341 gloriam
2757 1271 3131 1327 manifestans.

2814 1382 2868 1436 5.
2905 1381 2989 1435 Ex
3017 1384 3197 1436 eodem
3221 1383 3376 1438 libro.

2939 1511 3275 1551 THEODOBUS.

2385 1604 2572 1658 Gratia
2621 1604 2826 1669 Filius,
2868 1607 2960 1670 qui
2998 1622 3061 1659 ea:
3113 1607 3290 1661 Maria
3334 1619 3409 1661 est
3469 1607 3640 1675 homo,
3687 1617 3884 1662 natura

2314 1713 2432 1750 vero
2459 1696 2593 1749 Deus
2631 1695 2874 1750 Verbum.
2905 1697 3058 1762 Quod
3097 1713 3216 1751 vero
3247 1707 3320 1751 est
3353 1699 3658 1766 gratia,non
3684 1711 3886 1752 natura

2315 1799 2386 1842 est
2420 1804 2437 1840 :
2473 1799 2521 1842 et
2552 1789 2689 1858 quod
2721 1799 2796 1843 est
2831 1800 3049 1854 natura,
3105 1807 3207 1843 non
3233 1793 3430 1859 gratia,
3471 1807 3575 1845 non
3610 1794 3714 1844 duo
3753 1793 3881 1860 ﬁlii.

2313 1879 2542 1948 Sufﬁciat
2565 1882 2770 1945 corpori
2817 1881 2955 1951 quod
2989 1897 3054 1933 ex
3094 1883 3240 1933 nobis
3285 1891 3383 1944 est,
3427 1884 3708 1936 secundum
3752 1899 3883 1951 gra-

2315 1969 2442 2020 tiam
2484 1967 2697 2036 ﬁliatio,
2756 1970 2963 2037 gloria,
3024 1969 3438 2035 immortalitas,
3487 1985 3588 2039 quo
3632 1971 3888 2037 templum

2315 2060 2410 2113 Dei
2453 2058 2602 2113 Verbi
2633 2062 2829 2129 factum
2863 2071 2979 2114 est:
3017 2077 3118 2113 nou
3160 2078 3320 2128 supra
3354 2073 3596 2115 naturam
3623 2060 3875 2125 elevetur,

2315 2161 2361 2201 et
2393 2148 2528 2201 Deus
2567 2148 2787 2201 Verbum
2815 2166 2908 2219 pro
2933 2150 3103 2204 debita
3135 2167 3166 2203 a
3208 2151 3352 2203 nobis
3383 2153 3677 2220 gratiarum
3715 2151 3884 2202 actio-

2317 2255 2378 2291 ne
2411 2256 2509 2292 non
2550 2241 2849 2308 injurietur.
2901 2239 2962 2294 Et
3009 2258 3126 2310 qua:
3167 2253 3240 2295 est
3283 2243 3481 2310 injuria
3510 2241 3533 2294 ν
3559 2241 3886 2310 Componere

2317 2328 2488 2394 ipsum
2531 2346 2647 2380 cum
2696 2346 2931 2397 corpore,
2987 2343 3034 2383 et
3097 2343 3280 2398 putare
3335 2347 3448 2383 eum
3495 2332 3563 2382 ad
3597 2330 3888 2398 perfectam

2316 2419 2630 2487 ﬁliutionent
2665 2421 2895 2488 corporis
2928 2422 3178 2488 indigere.
3212 2420 3393 2488 Neque
3426 2422 3534 2486 ipse
3562 2420 3700 2472 Deus
3751 2418 3880 2472 Ver-

2318 2508 2437 2560 bum
2473 2507 2577 2560 vult
2609 2509 2831 2574 seipsum
2879 2506 3078 2560 Filium
3110 2509 3277 2561 David
3309 2525 3438 2574 esse,
3461 2509 3551 2562 sed
3575 2508 3838 2563 Dominus
3868 2522 3890 2564 :

2317 2616 2504 2667 corpus
2549 2616 2665 2653 vero
2716 2602 2890 2653 vocari
2936 2600 3108 2668 [ilium
3149 2600 3355 2666 David,
3411 2617 3513 2655 non
3573 2600 3737 2658 solum
3777 2617 3890 2656 non

2316 2694 2536 2756 invidit,
2567 2692 2657 2746 sed
2681 2695 2837 2746 etiam
2868 2704 3078 2762 propter
3105 2694 3204 2746 ltoc
3237 2694 3492 2763 pervenit.

2963 2838 3244 2882 εῐιιιιιυε.

2392 2956 2532 3025 Ergo
2579 2957 2835 3025 quoniam
2885 2959 3025 3026 quod
3077 2966 3163 3011 est
3213 2957 3411 3026 gratia,
3440 2973 3544 3012 non
3575 2967 3792 3026 natura,
3825 2969 3884 3015 et

2322 3049 2461 3115 quod
2496 3057 2581 3100 est
2622 3055 2837 3111 natura,
2866 3065 2971 3100 non
3000 3049 3168 3118 gratia
3191 3091 3206 3113 ,
3240 3063 3346 3102 non
3379 3059 3504 3105 sunt
3528 3050 3618 3104 lilii
3657 3051 3762 3105 duo
3791 3065 3880 3106 se-

2325 3141 2555 3192 cundum
2588 3149 2730 3193 tuam
2771 3141 3054 3195 rationem.
3089 3139 3189 3204 Qui
3229 3141 3400 3210 gratia
3441 3143 3656 3210 quidem
3686 3151 3740 3195 et
3771 3157 3880 3194 non

2323 3243 2513 3286 natura
2574 3232 2741 3288 Filius
2774 3243 2874 3298 est,
2913 3250 3016 3286 non
3053 3244 3133 3286 est
3168 3248 3291 3287 vere
3317 3234 3480 3298 titius,
3518 3244 3761 3297 superest
3787 3249 3886 3286 au-

2321 3333 2425 3375 tem
2475 3333 2531 3375 ut
2574 3332 2743 3375 staret
2786 3337 2926 3376 vera:
2972 3321 3247 3375 ﬁliationis
3279 3322 3445 3392 gloria
3485 3323 3535 3375 in
3574 3337 3638 3377 en
3664 3323 3758 3390 qui
3799 3333 3887 3374 est

2321 3423 2508 3466 natura
2537 3423 2590 3466 et
2623 3427 2726 3466 non
2768 3413 2960 3481 gratia,
2997 3413 3048 3464 id
3081 3422 3185 3478 est,
3230 3415 3280 3466 in
3313 3414 3418 3467 Deo
3449 3413 3642 3475 Verbo,
3679 3412 3770 3480 qui
3803 3421 3890 3463 est

2319 3521 2383 3559 ex
2413 3504 2520 3558 Deo
2566 3505 2750 3559 Patre.
2802 3504 3067 3572 Expulsus
3108 3504 3400 3572 estigitur,
3435 3504 3577 3555 sicut
3606 3503 3738 3563 dixi,
3768 3516 3890 3555 esse

2319 3612 2372 3654 et
2394 3601 2496 3653 dici
2521 3600 2686 3654 Filius
2716 3601 2806 3653 Dei
2834 3601 3080 3653 Christus
3100 3597 3276 3658 Jesus,
3313 3611 3405 3664 per
3430 3610 3586 3664 quem
3625 3605 3675 3646 et
3714 3592 3882 3646 salvi-

2323 3692 2463 3744 licati
2498 3707 2702 3750 sumus,
2759 3700 2984 3744 mortem
3029 3689 3143 3754 ejus
3183 3688 3586 3746 annuntiantes,
3623 3694 3675 3738 et
3707 3681 3886 3738 contio

2323 3793 2497 3838 tentes
2551 3783 3021 3837 resurrectionem.
3073 3780 3301 3833 Verbum
3364 3779 3506 3832 enim
3567 3778 3684 3831 ﬁdei
3733 3775 3877 3844 quod

2322 3875 2694 3942 pratdicauius,
2747 3873 2810 3924 ad
2857 3872 3012 3924 istam
3045 3886 3142 3923 nos
3185 3870 3577 3923 confessionem
3612 3867 3882 3936 producit.

2323 3964 2460 4032 Ergo
2507 3964 2558 4015 in
2599 3963 2868 4015 hominem
2917 3963 3046 4015 lides
3092 3970 3195 4025 est,
3229 3969 3279 4014 et
3316 3975 3418 4012 non
3465 3963 3515 4010 in
3556 3973 3677 4011 eum
3711 3959 3802 4027 qui
3834 3965 3889 4009 et

2323 4066 2510 4108 natura
2543 4066 2594 4108 et
2625 4071 2750 4108 rere
2789 4054 2878 4107 Dei
2927 4053 3093 4105 Filius
3146 4062 3245 4106 est.
3296 4052 3350 4104 Si
3387 4050 3528 4102 enim
3559 4040 3744 4104 verum
3781 4058 3891 4114 est,

2324 4146 2412 4214 qui
2451 4147 2578 4199 dicit
2627 4147 2799 4212 gratia
2858 4146 3173 4198 liliatinuem
3228 4145 3475 4197 sortitum
3529 4159 3647 4197 esse
3688 4145 3888 4210 ipsum,

2326 4235 2652 4288 multitudini
2695 4235 2923 4286 liliorum
2959 4234 3457 4296 connumerabitnr,
3502 4232 3554 4285 id
3598 4241 3680 4286 est
3713 4233 3889 4293 nobis,

2325 4322 2520 4389 quibus
2548 4335 2774 4387 superna
2809 4323 2978 4389 gratia
3011 4322 3320 4375 tiliationem
3353 4323 3536 4382 donat,
3577 4338 3594 4370 ε
3629 4325 3693 4374 ad
3725 4336 3887 4389 quam

2325 4413 2498 4465 vocati
2543 4428 2725 4465 sumus
2757 4427 2851 4480 per
2895 4412 3072 4466 Jesnm
3123 4413 3419 4475 Christum,
3457 4411 3544 4478 qui
3579 4427 3640 4466 ex
3679 4412 3892 4466 semine

2255 4535 2297 4586 Β
2330 4505 2492 4556 David
2538 4513 2621 4556 est
2661 4504 2952 4556 secundum
3001 4519 3220 4558 carnem
3254 4503 3318 4553 ".
3359 4521 3376 4554 ι
3410 4503 3471 4556 Et
3497 4511 3701 4556 certum
3730 4514 3780 4555 te
3809 4502 3892 4555 fa-

2326 4599 2434 4651 ciat
2474 4597 2656 4650 dicens
2712 4596 2928 4649 divinus
2957 4596 3325 4664 evangelista:
3361 4613 3379 4644 ι
3419 4595 3517 4660 Qui
3566 4609 3697 4647 vero
3727 4608 3890 4646 acce-

2326 4698 2518 4756 perunt
2541 4703 2660 4741 eum
2693 4687 2792 4757 (l),
2825 4687 2970 4740 dedit
2997 4689 3074 4740 eis
3099 4696 3417 4755 potestatem
3454 4685 3590 4738 tilios
3620 4685 3715 4738 Dei
3750 4684 3888 4748 ticri,

2327 4778 2671 4832 credentibus
2713 4781 2763 4830 in
2797 4779 3016 4831 nomine
3049 4778 3183 4845 ejus.
3226 4796 3242 4826 ι
3273 4778 3471 4830 Deinde
3500 4777 3769 4842 quomodo
3799 4776 3892 4841 qui

2329 4869 2394 4920 ab
2425 4870 2590 4920 altero
2629 4871 2806 4920 datam
2847 4870 3158 4937 dignitatem
3215 4869 3488 4920 ﬁliationis
3525 4869 3753 4919 sortitus
3784 4877 3892 4933 est,

2328 4966 2382 5008 et
2410 4957 2560 5009 nubis
2603 4957 2732 5022 ipsis
2775 4957 2976 5010 donare
3021 4975 3122 5009 non
3168 4971 3319 5009 suam
3351 4956 3542 5026 magis,
3574 4960 3666 5010 sed
3700 4958 3894 5025 acqui-

2329 5045 2484 5099 situin
2515 5046 2934 5104 ei.cxtriusccus
2958 5047 3227 5116 gratiam?

2405 5156 2468 5208 Et
2496 5166 2608 5224 post
2639 5175 2808 5225 pauca
2835 5173 2853 5212 :
2889 5159 3040 5212 Dedit
3080 5159 3314 5228 seipsum
3353 5162 3403 5214 in
3435 5162 3891 5216 examinationem

2331 5252 2520 5316 Filius,
2567 5263 2619 5304 et
2661 5267 2779 5306 cum
2809 5254 2859 5307 in
2889 5255 3140 5308 omnibus
3186 5266 3329 5311 esset
3376 5255 3673 5326 perfectus,
3725 5254 3896 5307 voluit

2332 5343 2439 5414 pati
2473 5343 2856 5411 humilitatem,
2901 5355 2954 5400 et
2992 5349 3286 5403 secundum
3329 5362 3547 5401 carnem
3575 5362 3639 5400 ex
3667 5345 3896 5398 muliere

2539 5497 2774 5574 f°Exod.
2808 5515 2863 5565 ι,
2899 5501 2989 5557 22.
3069 5503 3111 5534 ²¹
3141 5499 3301 5558 Josuc
3326 5517 3380 5568 χ,
3417 5500 3504 5555 t2.
3579 5503 3624 5534 ”
3651 5499 3718 5556 IV
3751 5501 3888 5574 Reg.

2184 5576 2226 5606 ”
2261 5575 2415 5628 l‘xom.
2460 5586 2497 5638 t,
2529 5571 2579 5624 ὖ.
