4092 6334
260 304 391 361 HM

1460 296 1881 365 FRAGMENTA
1927 294 2346 349 DOGMATICA.

3374 298 3511 352 1642

260 423 532 479 sustinere
568 424 932 488 nativitatem,
960 431 1014 475 et
1057 420 1353 490 appellatus
1379 430 1463 473 est
1492 420 1631 471 lilius
1660 419 1833 471 Abra-
1866 422 1909 475 Α
1940 430 2056 467 rum
2119 414 2484 482 apostolorum
2537 423 2591 467 et
2642 415 3094 483 evangelistarum
3170 417 3511 486 impudenter

265 517 344 568 ha:
372 524 425 568 et
461 514 653 570 David.
698 517 811 571 Non
847 516 1074 569 miratus
1101 530 1158 567 es
1187 524 1293 568 tam
1328 515 1525 566 bonum
1552 512 1832 579 dispensa-

265 606 426 660 tionis
477 608 793 670 artiﬁcium,
845 608 1018 676 magis
1068 622 1197 661 vero
1237 603 1589 673 reprehendis
1632 611 1835 671 myste-

267 698 405 751 rium
444 717 456 751 :
501 699 754 766 injuriam
797 712 917 751 esse
953 698 1138 752 dicens
1173 696 1599 750 incarnationem
1632 694 1832 763 Unige-

266 789 389 852 niti,
431 790 685 861 inerepas
742 792 1025 844 consiliqu
1076 791 1170 844 Dei
1213 798 1266 842 et
1303 788 1482 840 Patris
1527 807 1538 841 :
1576 787 1835 842 inclamas

263 895 391 935 vero
422 884 582 935 etiam
622 883 794 949 ipsum
828 881 1046 946 Filium,
1081 881 1171 950 qui
1210 881 1316 948 pati
1350 880 1515 931 voluit
1541 888 1757 947 propter
1784 887 1835 929 te

262 974 711 1027 exinanitionem.
760 972 893 1028 Cum
947 975 1107 1041 igitur
1157 971 1394 1024 audieris
1450 971 1716 1023 dicentem
1768 970 1834 1021 ad

245 1062 537 1117 .caalestem
574 1063 786 1119 l‘atrem
832 1076 885 1119 ct
935 1066 1126 1118 Deum.
1165 1080 1182 1112 ι
1227 1062 1564 1115 Sacriﬁcium
1600 1072 1652 1115 et
1687 1060 1835 1113 obla-

266 1154 464 1206 tionem
515 1156 768 1221 noluisti,
849 1155 1161 1208 holocausta
1223 1162 1276 1206 et
1322 1168 1416 1220 pro
1469 1152 1663 1204 delicto
1725 1166 1830 1203 non

263 1250 572 1313 postulasti,
603 1263 799 1316 corpus
824 1254 1001 1299 autem
1028 1246 1300 1312 perl’eeisti
1334 1245 1461 1297 mihi
1500 1264 1511 1297 :
1545 1254 1654 1297 tum
1686 1244 1833 1295 dixi:

263 1334 397 1389 Ecce
433 1338 591 1390 venio
626 1355 637 1389 ε
672 1337 723 1387 in
777 1335 952 1401 capite
1011 1333 1133 1393 libri
1181 1336 1443 1403 scriptum
1496 1342 1577 1386 cst
1610 1334 1673 1385 de
1726 1347 1832 1397 me,

264 1438 319 1477 ut
348 1424 541 1478 faciam
585 1424 915 1477 voluntatem
948 1433 1115 1487 tuam,
1172 1424 1329 1485 Deus,
1379 1422 1521 1476 volui
1554 1424 1598 1452 ¹⁶
1626 1440 1639 1487 ;
1672 1441 1689 1471 ι
1732 1439 1833 1475 non

266 1528 408 1571 recta
455 1516 695 1584 cogitare
740 1516 965 1568 forsitan
1011 1513 1203 1568 Filium
1241 1516 1306 1568 de
1341 1531 1433 1568 sua
1465 1514 1633 1582 gloria
1669 1515 1833 1567 dices.

261 1610 435 1678 Elegit
464 1612 605 1661 enim
633 1608 877 1675 corporis
914 1606 1321 1676 perfectionem,
1370 1618 1423 1659 et
1455 1621 1559 1659 non
1595 1606 1681 1657 alii
1720 1622 1835 1658 ma-

262 1704 341 1771 gis
373 1702 594 1762 factam,
624 1701 714 1752 sed
743 1699 845 1753 sibi
883 1698 1177 1753 secundum
1221 1699 1383 1750 verba
1422 1698 1610 1765 ipsius,
1631 1696 1833 1765 Corpus

259 1795 393 1846 enim
427 1789 871 1855 perfecisti,_dicit
910 1807 923 1843 :
959 1789 1084 1842 licet
1114 1788 1351 1841 audieris
1392 1788 1617 1840 Paulum
1646 1790 1831 1841 diecu-

260 1894 366 1938 tem
424 1882 491 1935 de
528 1882 634 1936 Deo
684 1882 861 1935 Verbo
910 1898 979 1935 ε(
1026 1880 1166 1950 Ergo
1214 1881 1338 1947 quia
1404 1878 1497 1933 lilii
1546 1880 1837 1948 participes

262 1983 390 2029 sunt
415 1975 699 2042 sanguinis
730 1984 782 2027 et
815 1973 1021 2033 carnis,
1050 1982 1101 2024 et
1145 1973 1259 2040 ipse
1283 1972 1534 2025 similiter
1566 1973 1836 2039 particeps

259 2065 437 2119 iactus
469 2076 553 2118 est
596 2069 911 2120 eornmdem
948 2066 1035 2129 '7;
1077 2084 1093 2115 ‹
1134 2074 1189 2117 et
1233 2066 1311 2118 sic
1358 2066 1573 2132 sapiens
1600 2064 1836 2119 Joannes

258 2159 451 2211 scribit
483 2174 496 2209 :
537 2176 556 2209 σ
600 2159 662 2212 Et
696 2160 928 2212 Verbum
972 2173 1099 2211 caro
1125 2157 1323 2210 factum
1355 2166 1457 2217 est,
1489 2167 1541 2211 et
1572 2157 1838 2210 habitavit

260 2253 308 2304 in
338 2251 496 2305 nobis
527 2252 571 2282 ’⁸
597 2269 610 2315 ;
641 2270 661 2302 ι
697 2267 858 2318 surge
882 2262 1068 2305 contra
1108 2264 1201 2303 eos
1235 2250 1479 2303 clamans
1506 2268 1519 2302 :
1570 2248 1693 2303 Non
1739 2266 1834 2315 pro

258 2343 429 2394 debila
473 2344 773 2409 gratiarum
817 2343 1026 2395 actione
1065 2358 1095 2393 a
1142 2341 1293 2393 nobis
1336 2340 1642 2409 injurictur,
1697 2339 1834 2391 Deus

272 2432 491 2487 Verbum
517 2452 617 2487 non
644 2435 820 2502 [actus
854 2444 928 2487 est
961 2450 1106 2497 caro,
1136 2433 1269 2487 Deus
1319 2431 1540 2487 Verbum
1574 2449 1676 2485 non
1708 2447 1835 2499 pur-

257 2524 416 2589 ticeps
463 2524 560 2589 fuit
609 2539 722 2576 vere
764 2523 1035 2591 sanguinis
1075 2534 1120 2574 et
1161 2523 1334 2573 carnis
1362 2538 1380 2574 :
1412 2522 1655 2573 similiter
1689 2521 1835 2571 nobis

257 2630 357 2667 non
387 2623 544 2667 natus
572 2625 647 2668 est
670 2617 957 2667 secundum
996 2630 1203 2666 carnem
1238 2629 1301 2665 ea:
1327 2613 1564 2674 muliere,
1606 2627 1708 2663 non
1742 2627 1837 2676 ap-

254 2706 479 2773 pellatus
500 2715 575 2759 est
603 2706 747 2772 [ilius
787 2705 980 2758 David.
1010 2703 1125 2757 Hoc
1158 2704 1316 2767 enim,
1349 2703 1489 2772 quod
1517 2711 1565 2755 et
1592 2702 1835 2754 nomina-

255 2797 299 2847 ri
338 2812 455 2848 eum
523 2796 779 2864 injurium
828 2808 922 2858 est,
968 2806 1014 2848 et
1052 2811 1152 2847 non
1183 2794 1471 2846 secundum
1519 2793 1833 2849 voluntatem

254 2886 441 2953 ipsius,
479 2887 738 2953 quomodo
773 2887 885 2954 pati
920 2886 1213 2940 voluisset?
1244 2886 1347 2940 Sed
1382 2901 1502 2951 nos,
1533 2902 1565 2937 υ
1596 2887 1829 2954 sapiens,

254 2978 561 3048 gloriﬁcare
593 2978 980 3034 consuevimus
1014 2979 1179 3032 Deum
1203 2989 1258 3033 et
1284 2978 1521 3041 Patrem,
1554 2978 1680 3045 quia
1708 2993 1830 3030 eor-

1943 506 2301 558 resistentia?
2347 505 2724 560 Recusandum
2775 506 2935 573 igitur
2967 525 3059 563 eos
3086 510 3175 579 qui
3212 519 3318 563 tam
3353 510 3510 565 malis

1940 596 2113 663 culpis
2164 597 2379 651 obnoxii
2431 608 2576 661 sunt,
2624 598 2735 652 sive
2764 601 2814 650 in
2855 600 2989 653 vivis
3032 609 3175 667 sunt,
3223 601 3335 654 sive
3378 614 3504 654 non.

1942 688 2022 740 Ab
2057 686 2144 740 illo
2170 689 2312 741 enim
2347 689 2487 758 quod
2524 701 2698 753 nocet,
2732 692 2983 745 recedere
3006 694 3367 748 necessarium
3390 700 3506 755 est;

1939 791 1991 833 et
2037 781 2240 834 nonad
2288 797 2575 851 personam
2621 783 2912 851 respicere‘,
2971 785 3066 838 sed
3118 784 3171 838 id
3220 786 3361 854 quod
3401 786 3509 840 Deo

1941 875 2138 942 placet,
2172 884 2384 944 oportet
2414 876 2782 930 considerare.

2316 990 2364 1042 7.
2397 987 2479 1043 Ea:
2510 990 2737 1043 secundo
2765 990 2895 1042 libro
2922 990 3129 1058 Cyrilli.

2559 1118 2895 1158 THEODORUS.

2016 1256 2033 1288 ι
2073 1236 2209 1303 Quid
2243 1248 2323 1292 est
2355 1241 2513 1291 homo
2538 1241 2681 1307 quod
2728 1252 2932 1293 memor
2962 1255 3019 1294 es
3051 1239 3165 1306 ejus
3195 1241 3217 1295 ’ἲ
3248 1252 3338 1295 aut
3368 1242 3508 1299 ﬁlius

1941 1332 2193 1392 hominis,
2233 1332 2374 1400 quod
2412 1333 2598 1385 visitas
2629 1348 2749 1385 eum
2779 1333 2863 1384 3°?
2904 1352 2919 1383 ξ
2960 1332 3366 1389 Consideremus
3402 1339 3506 1405 igi-

1941 1438 2045 1484 tur,
2099 1425 2214 1489 quis
2267 1425 2419 1475 homo
2466 1425 2563 1485 sit,
2614 1426 2676 1476 de
2728 1441 2830 1493 quo
2871 1428 3111 1491 stupescit
3165 1438 3209 1480 et
3260 1429 3507 1492 miratur,

1939 1518 2075 1585 quod
2132 1516 2438 1584 Unigenitus
2482 1518 2727 1585 dignatus
2778 1527 2848 1570 est
2890 1518 3003 1585 ejus
3045 1520 3347 1571 memoriam
3392 1521 3514 1573 visi-

1943 1610 2298 1676 tatiouenique
2357 1608 2548 1675 facere.
2602 1608 2707 1661 Sed
2746 1612 2883 1673 quod
2934 1612 3138 1678 quidem
3179 1627 3279 1663 non
3313 1612 3511 1663 dictum

1940 1710 2012 1752 cst
2067 1702 2128 1752 de
2172 1701 2347 1763 omni,
2409 1704 2463 1751 in
2517 1702 2872 1766 superioribus
2926 1702 3344 1755 demonstratum
3396 1715 3511 1757 est:

1936 1794 2076 1859 quod
2111 1804 2286 1845 autem
2324 1809 2423 1845 non
2454 1794 2516 1845 de
2554 1810 2655 1845 uno
2696 1795 2945 1861 quolibet,
2979 1803 3027 1847 et
3059 1795 3154 1847 hoc
3184 1807 3380 1848 certum
3408 1808 3507 1849 est.

1941 1882 2007 1936 Ut
2053 1893 2225 1936 autem
2278 1887 2452 1936 omnia
2511 1885 3014 1950 prwtermittamus,
3071 1887 3207 1954 quod
3271 1886 3512 1939 omnibus

1938 1972 2239 2025 credibilius
2270 1985 2366 2039 est,
2401 1975 2742 2040 apostolicum
2783 1976 3135 2029 testimonium
3165 1980 3508 2045 excipiamus.

1940 2062 2129 2115 Scribit
2187 2064 2350 2131 igitur
2404 2064 2688 2131 Apostolus
2737 2067 2806 2117 ad
2854 2062 3121 2129 Hebraeos,
3174 2085 3397 2122 narrans
3449 2071 3512 2121 de

1939 2152 2169 2215 Christo,
2203 2170 2590 2224 personamque
2621 2172 2770 2207 suam
2805 2172 2905 2208 non
2953 2158 3321 2223 acceptabilem
3370 2160 3511 2224 apud

1935 2262 2021 2297 eos
2057 2244 2394 2311 conﬁrmans,
2422 2246 2497 2299 ita
2525 2246 2689 2309 dicit;
2719 2247 3032 2314 testiﬁcatus
3062 2259 3134 2301 est
3163 2266 3281 2302 vero
3305 2250 3504 2303 alicubi

1936 2339 2152 2406 quidam
2187 2335 2404 2389 dicens:
2442 2356 2458 2385 ‹
2497 2338 2634 2403 Quid
2683 2348 2765 2391 est
2816 2339 2976 2391 homo
3006 2342 3145 2407 quod
3192 2356 3398 2395 memor
3451 2360 3511 2397 es

1935 2427 2071 2494 ejus,
2136 2437 2229 2480 aut
2269 2428 2409 2482 ﬁlius
2440 2429 2696 2491 hominis,
2743 2433 2883 2499 quod
2931 2432 3118 2485 visitas
3150 2433 3315 2485 eum?
3348 2434 3513 2487 Mino-

1939 2521 2065 2571 rasti
2095 2532 2216 2571 eum
2250 2519 2407 2585 paulo
2438 2520 2617 2573 minus
2650 2521 2718 2573 ab
2752 2523 2991 2595 angelis,
3029 2524 3192 2591 gloz'ia
3222 2536 3271 2578 et
3307 2526 3512 2581 honore

1935 2610 2208 2662 coronasti
2241 2625 2389 2672 eum,
2418 2619 2473 2663 et.
2494 2613 2825 2665 constituisti
2854 2628 2975 2665 eum
3013 2630 3174 2683 supra
3213 2633 3377 2685 opera
3405 2633 3513 2670 ma-

1936 2716 2102 2753 nuum
2166 2712 2431 2754 tuarum:
2497 2704 2676 2755 omnia
2752 2702 3029 2769 subjecisti
3102 2708 3201 2759 sub
3280 2709 3509 2776 pedibus

1935 2792 2049 2858 ejus
2083 2792 2124 2822 ³¹
2153 2808 2165 2855 ;
2200 2811 2216 2843 ι
2246 2802 2291 2844 et
2322 2808 2439 2845 cum
2471 2794 2824 2845 testimonium
2860 2796 3106 2861 dixisset,
3161 2798 3509 2866 interpretans

1935 2883 2103 2949 ipsum
2152 2884 2329 2937 intulit
2369 2900 2387 2938 :
2426 2902 2444 2935 ι
2481 2884 2832 2953 Snbjicientlo
2883 2897 3063 2941 autem
3117 2890 3321 2954 omnia,
3374 2892 3508 2944 nihil

1933 2973 2140 3027 dimisit
2165 2990 2269 3029 non
2306 2976 2627 3041 subjectum.
2680 2977 2835 3031 Modo
2880 2988 3059 3031 autem
3092 2982 3324 3034 nondum
3364 2983 3510 3036 vide-

254 3086 352 3138 pus
384 3067 677 3139 perfecerit
712 3068 890 3126 Filio:
926 3079 980 3124 et
1014 3072 1186 3139 ipsum
1213 3085 1341 3125 vero
1372 3070 1599 3123 dicimus
1634 3068 1825 3123 Filium
1857 3104 1899 3161 Ο
1938 3079 2054 3116 mus
2078 3068 2258 3116 omnia
2294 3065 2340 3117 ei
2384 3065 2625 3133 Subjecta
2665 3065 2731 3118 ³⁸.
2780 3085 2797 3115 ›
2855 3064 2917 3118 Et
2947 3069 3058 3135 quis
3087 3069 3239 3120 homo
3275 3080 3370 3131 est,
3413 3072 3508 3122 do-

252 3160 453 3213 t'actuni
500 3172 755 3224 carnem,
802 3162 852 3215 id
891 3172 975 3215 est
1021 3162 1314 3227 hominem,
1354 3175 1568 3229 passum
1610 3160 1827 3229 quidem

251 3237 372 3302 esse
401 3261 627 3318 propter
663 3266 761 3305 nos
790 3252 1242 3317 exinanitionem,
1281 3260 1335 3305 et
1366 3262 1566 3305 nostra:
1597 3267 1830 3320 pauper-

254 3341 379 3394 tatis
410 3343 622 3396 subisse
660 3342 1046 3407 humilitatem,
1081 3344 1452 3411 permansisse
1487 3358 1615 3395 vero
1662 3352 1715 3394 et
1752 3343 1830 3395 sic

255 3431 446 3494 Deum,
496 3444 549 3486 et
588 3432 784 3486 Filium
822 3448 1008 3486 verum
1049 3434 1142 3488 Dei
1185 3444 1239 3487 et
1293 3433 1494 3486 Patris.
1549 3436 1829 3500 Quomodo

254 3524 418 3591 igitur
451 3540 556 3578 non
606 3525 769 3578 voluit
813 3526 983 3579 Filius
1017 3526 1289 3580 nominari
1325 3525 1518 3592 David,
1551 3528 1596 3581 si
1634 3527 1827 3580 buma—

253 3626 411 3669 natus
441 3626 544 3679 est,
578 3624 632 3669 et
663 3617 764 3669 hoc
790 3632 895 3670 non
930 3618 1177 3671 invitus?

252 3726 303 3780 6.
331 3726 418 3780 Ea:
451 3728 625 3798 primo
655 3728 794 3798 libro,
840 3738 1038 3783 sancta:
1090 3733 1357 3784 memoria:
1406 3730 1615 3798 Cyrilli,
1664 3734 1728 3787 de
1767 3751 1825 3787 eo

317 3797 455 3865 quod
492 3813 626 3850 unus
662 3809 735 3852 est
762 3797 1023 3866 Christus,
1067 3811 1247 3853 contra
1286 3797 1630 3856 Theodorum.

319 3910 456 3966 Sunt
494 3912 673 3975 enim,
715 3921 839 3967 sunt
874 3915 963 3982 qui
1002 3914 1422 3985 Redemptorem
1456 3930 1510 3973 et
1540 3922 1821 3975 Dominum

247 4019 405 4058 suum
444 4013 664 4076 negant,
715 4014 767 4061 et
800 4006 1013 4061 Filium.
1037 4010 1257 4077 quidem
1290 4027 1479 4065 verum
1507 4014 1597 4066 Dei
1645 4013 1823 4069 Patris

247 4111 352 4151 non
376 4096 562 4151 dicunt
594 4113 715 4152 eum
746 4113 888 4162 esse,
924 4099 1015 4167 qui
1053 4101 1103 4153 in
1142 4100 1348 4155 ultimis
1406 4104 1587 4157 saeculi
1617 4115 1823 4173 tempo-

247 4188 400 4244 ribus
450 4204 513 4243 ει
562 4189 792 4244 muliere
852 4192 1147 4244 secundum
1200 4206 1422 4246 carnem
1482 4197 1821 4250 nativitatem

245 4286 470 4347 propter
518 4293 617 4333 nos
670 4280 968 4343 sustinuit,
1042 4282 1359 4348 apparuisse
1408 4294 1587 4337 autem
1649 4286 1822 4355 magis

246 4370 366 4424 orbi
422 4378 688 4422 terrarum
747 4369 914 4424 Deum
963 4381 1233 4424 recentem
1268 4382 1321 4425 et
1348 4386 1643 4442 posterum,
1682 4379 1820 4431 lilia"-

246 4460 411 4514 tionis
470 4460 695 4528 gloriam
757 4462 1099 4515 extrinsecus
1152 4464 1477 4530 acquisitam
1534 4467 1819 4523 habentem

244 4550 389 4605 sicut
429 4557 484 4605 et
525 4564 644 4615 nos,
690 4560 744 4603 et
788 4552 940 4617 quasi
980 4554 1300 4620 quibusdam
1345 4556 1664 4612 adulterinis
1703 4561 1817 4631 glo-

248 4641 476 4695 riantem
523 4642 845 4706 honoribus,
903 4653 959 4695 ut
995 4643 1108 4711 jam
1144 4646 1569 4716 anthropolatria
1598 4659 1651 4703 et
1684 4652 1816 4705 nihil

244 4733 387 4786 aliud
431 4744 596 4796 esset,
641 4742 695 4788 et
744 4734 1004 4788 adoretur
1048 4735 1210 4791 homo
1251 4736 1446 4806 aliquis
1472 4754 1595 4793 eum
1623 4752 1809 4796 sancta

245 4824 507 4880 Trinitate
528 4834 639 4879 tam
671 4841 699 4880 a
732 4826 908 4889 nobis,
938 4843 1099 4896 quam
1126 4844 1154 4881 a
1181 4831 1386 4885 sanctis
1421 4832 1663 4902 angelis:
1702 4834 1819 4889 haec

245 4918 466 4986 quidam
508 4917 665 4971 valde
696 4918 935 4987 superbi,
969 4928 1024 4972 et
1053 4934 1248 4989 magna
1300 4922 1573 4990 sapientes
1598 4926 1648 4978 in
1675 4926 1815 4978 divi—

248 5022 436 5059 narum
486 5005 892 5075 Seripturarum
938 5009 1196 5077 scientia,
1245 5014 1359 5067 suis
1407 5016 1625 5084 scriptis
1664 5017 1814 5073 inse-

248 5105 509 5150 ruerunt:
544 5106 597 5151 et
627 5097 768 5151 sicut
800 5099 933 5151 dicit
972 5100 1212 5153 omnium
1244 5100 1501 5157 Dominus
1531 5119 1810 5172 perunum

247 5198 557 5244 sanctorum
601 5190 1005 5257 prophetarum,
1049 5208 1067 5240 ‹
1112 5190 1357 5259 laqueum
1386 5196 1576 5247 statuit
1606 5197 1671 5248 ad
1698 5213 1819 5251 cor-

248 5278 571 5345 rumpendae
597 5279 843 5332 homines
872 5279 972 5332 ".i
1017 5278 1152 5345 Quid
1173 5284 1314 5334 enim
1350 5284 1492 5337 aliud
1527 5285 1618 5347 sit,
1653 5300 1814 5357 quam

249 5367 473 5437 laqueus
518 5379 573 5423 et
613 5370 949 5435 scandalum,
997 5372 1178 5442 lingua
1224 5374 1445 5441 loquens
1481 5377 1727 5444 distorta,
1765 5392 1818 5434 et

250 5460 422 5513 sacris
467 5459 692 5515 Litteris
748 5461 1124 5530 abhorrentia,
1177 5476 1232 5519 et
1281 5467 1557 5522 traditioni
1595 5480 1814 5525 sancto-

320 5636 365 5705 {‘
387 5633 528 5691 Psal.
560 5652 748 5702 χχχιχ,
778 5638 895 5692 7-9.
924 5639 1083 5694 Hebr.
1120 5659 1193 5705 Ix,
1237 5644 1353 5697 6-0.

1430 5647 1474 5675 ’⁷
1500 5646 1662 5701 Hebr.
1686 5664 1740 5709 ιι,
1772 5651 1856 5705 Μ.

253 5701 463 5761 “Psal.
506 5721 619 5773 vin,
648 5710 701 5760 6.
778 5709 971 5765 "ibid.
1011 5713 1133 5779 0-3;
1166 5701 1329 5769 l'lcbr.
1362 5731 1418 5783 ιι,
1458 5716 1609 5789 (3-3.,
1651 5701 1856 5775 “ibid.
1882 5720 1935 5776 8.
1999 5701 2224 5780 ’δίῖὶὶίάῗ
2251 5701 2301 5784 ὁ.

1936 3171 2053 3209 cens
2085 3171 2200 3218 nos,
2237 3157 2484 3224 quoniam
2518 3156 2736 3209 dubiant
2771 3166 2885 3210 erat
2927 3176 2958 3210 a
3005 3176 3123 3213 voce
3162 3163 3339 3229 posita
3366 3164 3509 3229 apud

1934 3247 2140 3297 beatum
2192 3246 2386 3309 David,
2437 3247 2613 3299 intulit
2654 3262 2676 3300 ε
2712 3268 2729 3299 ‹
2776 3246 2944 3303 Paulo
2991 3260 3168 3307 autem
3220 3255 3400 3307 minus
3441 3258 3508 3308 ab

1934 3334 2142 3401 angelis
2181 3336 2509 3388 minoratum
2552 3338 2793 3392 videmus
2838 3337 3044 3403 Jesum,
3102 3354 3323 3412 propter
3382 3362 3506 3413 pas-

1934 3426 2138 3479 sionem
2196 3429 2385 3481 mortis
2439 3428 2607 3496 gloria
2663 3443 2715 3483 et
2772 3433 2979 3489 honore
3023 3447 3339 3489 coronatum
3378 3439 3441 3491 ³³.
3482 3460 3501 3490 ι

1934 3518 1993 3571 Si
2039 3520 2202 3588 igitur
2232 3537 2299 3573 ea:
2339 3520 2638 3593 Evangeliis
2687 3528 2894 3594 quidem
2951 3528 3246 3591 erudimur,
3293 3531 3361 3581 ad
3396 3530 3505 3582 Do-

1932 3610 2130 3663 minum
2164 3612 2361 3666 dixisse
2395 3613 2601 3666 beatum
2644 3615 2813 3669 David
2852 3621 3025 3670 omnia
3067 3636 3184 3686 qua:
3215 3631 3331 3672 sunt
3363 3624 3507 3689 psal-

1931 3701 2025 3765 mi,
2072 3711 2118 3754 et
2156 3712 2367 3766 ca-tera,
2420 3715 2469 3757 et
2514 3706 2657 3773 quod
2703 3722 2913 3761 memor
2956 3725 3035 3773 es,
3090 3722 3137 3763 et
3194 3712 3406 3776 visitas,
3456 3724 3504 3765 et

1932 3796 2237 3858 zuiuorasli,
2292 3808 2338 3849 et
2396 3798 2695 3865 subjecisti,
2760 3817 2824 3853 ea:
2875 3802 3125 3868 Apostalo
3170 3820 3284 3856 vero
3315 3803 3502 3859 Iesum

1929 3904 2037 3940 esse
2062 3890 2334 3953 discimus,
2369 3891 2431 3941 de
2464 3908 2564 3953 quo
2595 3891 2808 3954 loquens
2838 3893 3007 3947 David
3036 3895 3183 3958 dicit,
3214 3899 3353 3965 quod
3389 3901 3504 3966 ejus

1929 3994 2128 4029 memor
2179 3990 2271 4040 est,
2315 3990 2361 4031 et
2404 3982 2541 4045 quod
2574 3998 2692 4032 eum
2723 3984 2970 4048 risitavit,
3019 3987 3108 4037 sed
3154 3989 3309 4039 etiam
3359 3994 3499 4057 quod

1932 4066 2110 4116 omnia
2143 4066 2359 4133 subjecit
2401 4069 2465 4133 ei,
2508 4084 2625 4120 cum
2667 4071 2828 4137 paulo
2873 4074 3042 4125 minus
3075 4075 3138 4127 ab
3171 4078 3371 4145 angelis
3404 4083 3503 4133 mi-

1931 4167 2167 4207 nor-asset
2227 4174 2364 4223 eum,
2416 4172 2611 4212 cessate
2655 4160 2730 4214 uel
2795 4163 2881 4215 eia:
2926 4166 3212 4233 aliquando
3254 4187 3285 4221 a
3333 4183 3505 4227 vestra

1928 4244 2273 4311 impudentia,
2315 4262 2681 4316 cognoscentes
2718 4253 2857 4321 quod
2879 4264 3097 4322 oportet.
3142 4255 3337 4311 Videtis
3359 4264 3502 4314 enim

1927 4336 2194 4390 hominum
2230 4341 2645 4407 sceleratissimi,
2678 4356 2875 4412 quanta
2906 4357 3217 4402 naturarum
3244 4362 3317 4404 est
3350 4354 3500 4422 di/Te-

1851 4450 1900 4503 ,υ
1928 4427 2116 4490 rentia,
2148 4431 2287 4497 quod
2315 4430 2398 4482 hic
2425 4432 2631 4495 quidem
2663 4435 2989 4501 stupefactus
3026 4451 3123 4499 est,
3156 4442 3280 4509 quia
3308 4454 3353 4496 et
3390 4462 3501 4499 me-

1931 4535 2042 4569 mor
2076 4536 2186 4573 csse
2222 4522 2444 4575 hominis
2482 4524 2751 4591 dignatur,
2792 4536 2842 4579 et
2866 4528 3077 4583 visitare
3117 4548 3255 4599 eum,
3281 4548 3497 4591 cwtero‘

1928 4626 2145 4678 rumque
2177 4614 2480 4679 participem
2524 4616 2716 4684 facere,
2763 4636 2983 4687 quorum
3029 4638 3143 4675 eum
3191 4628 3497 4693 participem

1923 4702 2043 4768 fecit
2075 4719 2091 4756 :
2135 4703 2223 4757 ille
2250 4722 2366 4759 vero
2397 4724 2422 4759 e
2450 4711 2719 4764 contrario
2761 4714 3007 4782 miratur,
3043 4719 3181 4780 quod
3227 4729 3498 4773 tantorum

1928 4795 2185 4861 particeps
2224 4813 2333 4850 esse
2370 4814 2529 4865 supra
2575 4818 2726 4854 suam
2764 4820 3007 4859 naturam
3052 4810 3241 4862 meruit
3281 4827 3301 4864 .'
3332 4822 3379 4864 et
3413 4814 3497 4865 hic

1928 4886 2135 4951 quidem
2198 4898 2443 4959 tanquam
2504 4892 2811 4959 bene/icium
2853 4898 2984 4953 dans
3036 4904 3384 4969 miriﬁcatur,
3445 4915 3496 4959 et

1926 4994 2116 5045 magna
2156 4992 2436 5047 prwstaus,
2482 4994 2529 5037 et
2574 5003 2734 5054 supra
2760 5003 3008 5043 naturam
3048 4995 3162 5060 ejus
3188 4998 3276 5057 qui
3308 5014 3495 5050 consc—

1921 5070 2103 5137 quitur
2157 5072 2462 5141 beneﬁcium
2510 5092 2529 5127 .'
2582 5079 2670 5133 ille
2712 5098 2830 5134 vero
2879 5093 3129 5151 tanquam
3186 5088 3491 5155 bene/icium

1924 5174 2258 5229 consequens,
2309 5175 2356 5217 et
2404 5166 2636 5235 majora,
2687 5186 2841 5237 quam
2871 5182 2967 5237 est,
3005 5175 3068 5225 ab
3098 5190 3158 5227 eo
3179 5178 3489 5243 suscipiens.

2572 5294 2845 5336 CYBHLUS.

1999 5383 2171 5439 Sobrii
2224 5397 2399 5444 estote
2441 5390 2485 5419 ³³
2533 5392 2669 5444 ebrii
2713 5408 2776 5446 ex
2812 5410 2936 5448 vino
2968 5411 3175 5463 eorum,
3226 5399 3489 5453 declamet

1926 5475 2119 5544 aliquis
2150 5476 2227 5532 sic
2258 5480 2568 5535 errantibus
2597 5504 2607 5536 :
2634 5502 2650 5533 ι
2678 5483 2915 5554 impone,
2950 5488 3128 5550 homo,
3169 5499 3267 5542 tuae
3297 5488 3495 5557 lingua

1936 5652 2150 5736 “13am
2176 5670 2224 5736 _i,
2254 5658 2341 5736 μ.
2385 5730 2419 5736 __
2456 5660 2665 5736 _'°_Psal.
2700 5676 2804 5736 ιη,
2833 5662 2893 5731 7;
2933 5681 3114 5731 cxux,
3147 5664 3214 5736 6‘;
3248 5681 3391 5730 esu,
3428 5667 3470 5722 ἱ.

2373 5730 2470 5784 ,³⁵1
2500 5731 2645 5785 Ρυιγ.
2679 5748 2727 5795 v,
2762 5733 2812 5785 8.
