4092 6334
612 349 751 406 MC)

1644 350 1700 404 S.
1743 348 2017 406 CYltlLLl
2054 346 2519 404 ALEXANDRINI
2559 347 2876 401 ARCIIIEP.

3727 343 3867 399 MM»

607 469 807 523 ostium
859 476 912 520 et
963 479 1136 521 seram
1176 465 1220 496 "
1257 485 1268 520 :
1306 480 1458 522 cessa
1507 480 1676 521 conm
1741 468 1794 521 itt
1847 468 2186 522 altitudinem
2220 472 2260 525 A
2289 468 2420 520 duos
2457 467 2595 532 ﬁlios
2631 465 2882 518 dicemus.
2915 463 3021 517 Sed
3045 480 3159 518 ecce
3191 473 3236 518 et
3277 463 3450 518 Filius
3493 464 3664 516 dictus
3694 473 3768 517 est
3805 465 3862 516 in

609 557 892 622 extollens,
910 563 962 609 et
983 554 1206 624 loquens
1227 557 1566 627 iniquitatem
1586 557 1873 610 adversum
1898 559 2059 612 Deum
2081 559 2145 611 ³⁸.
2161 577 2177 608 ι

610 647 904 714 Quousque
938 646 1168 702 insultas
1197 648 1418 716 patienti
1453 646 1711 700 Christo?
1744 645 1797 698 lu
1834 660 2012 702 mente
2046 649 2184 704 habe

607 738 749 805 quod
785 737 1045 806 scriptum
1087 748 1169 793 est
1201 754 1229 792 a
1256 739 1435 792 divino
1469 736 1633 792 Paulo
1670 757 1682 790 :
1728 756 1744 788 σ
1787 738 1878 791 Sic
1911 756 2036 793 vero
2063 757 2186 809 pec-

610 838 799 882 cantes
829 829 880 882 in
922 829 1140 893 fratres,
1190 840 1244 883 et
1293 829 1658 896 pereutientes
1689 845 1875 883 eorum
1912 830 2183 884 infirmam

608 920 1019 987 conscientiam,
1079 923 1130 974 in
1186 920 1459 974 Christum
1511 922 1750 990 peccatis
1800 921 1866 975 ³⁷.
1928 941 1946 972 ι
1998 922 2070 974 Ει
2129 932 2185 977 ιιι

609 1011 810 1079 aliquid
864 1014 1028 1067 etiam
1085 1029 1150 1067 ex
1212 1014 1546 1081 propheticis
1606 1015 1797 1083 loquar
1859 1014 2179 1068 codicibus:

614 1122 631 1154 ι
667 1102 970 1159 .lustificata
1016 1117 1144 1159 sunt
1174 1104 1410 1158 Sodoma
1440 1122 1502 1160 ex
1539 1115 1611 1172 te,
1646 1107 1914 1174 superasti
1945 1121 2182 1173 pagano-

609 1212 726 1250 rum
759 1199 1139 1260 verbositates,
1191 1214 1326 1266 quas
1373 1198 1614 1252 fecerunt
1652 1207 1840 1252 contra
1875 1197 2177 1260 Christum,

607 1288 887 1343 stultitiam
962 1290 1335 1343 existimantes
1391 1305 1605 1344 crucem
1658 1289 1724 1351 ³⁸,
1782 1307 1799 1338 ι
1868 1287 1998 1340 nihil
2059 1303 2182 1341 esse

605 1382 886 1436 ostendisti
954 1381 1196 1435 Judaica:
1263 1383 1528 1451 superbia:
1593 1381 1844 1435 crimina.
1908 1379 2182 1432 Minorare

606 1475 908 1538 przesumis,
953 1483 1006 1527 et
1042 1475 1181 1541 quod
1211 1475 1275 1527 ad
1327 1486 1375 1526 te
1429 1474 1681 1541 pertinet,
1722 1470 1963 1524 detrahis
1998 1471 2064 1522 ad
2103 1472 2182 1522 iu-

607 1561 824 1614 fatniant
871 1577 990 1614 cum
1034 1564 1124 1630 qui
1178 1577 1441 1630 supernas
1490 1562 1646 1614 sedes
1680 1561 1960 1622 concedet,
1991 1571 2042 1612 et
2079 1576 2180 1613 una

605 1668 727 1706 cum
758 1653 864 1707 Deo
891 1663 943 1705 et
977 1653 1136 1708 Patre
1161 1654 1403 1706 eamdem
1433 1654 1614 1706 sedem
1655 1654 1835 1706 habet.
1875 1652 2005 1706 Eum
2038 1654 2179 1706 enim

605 1746 695 1812 qui
723 1761 786 1798 ex
811 1745 1038 1797 mortuis
1073 1745 1395 1809 reSurresit,
1431 1745 1481 1797 in
1513 1747 1732 1799 sedibus
1759 1747 1971 1800 deitatis
1994 1748 2181 1800 sedere

606 1836 736 1889 dicit
802 1836 1240 1903 sapientissimus
1299 1835 1518 1889 Paulus.
1573 1837 1720 1890 Dixit
1790 1840 1971 1902 enim,

609 1946 630 1978 ε
672 1927 830 1980 talem
871 1928 1130 1980 habemus
1163 1928 1458 1994 principem
1495 1927 1859 1990 sacerdotum,
1906 1929 1995 1996 qui
2033 1929 2184 1982 sedet

605 2018 657 2071 in
702 2019 920 2070 dextera
967 2019 1110 2070 sedis
1168 2016 1470 2083 majestatis
1515 2018 1565 2070 in
1614 2018 1849 2072 excelsis
1879 2018 1943 2084 ³9,
1975 2020 2181 2085 quiest

603 2125 768 2179 super
815 2125 1031 2162 omnem
1068 2107 1456 2177 Principatum,
1513 2122 1566 2163 et
1595 2109 1949 2174 Potestatem,
1985 2120 2037 2164 et
2075 2111 2181 2166 Do-

605 2204 975 2265 tninationem,
1014 2212 1067 2254 et
1103 2217 1295 2256 nomen
1327 2204 1466 2271 quod
1501 2204 1831 2266 nominatur,
1861 2218 1964 2257 non
2001 2205 2177 2256 solum

613 2295 664 2348 in
697 2295 799 2348 hoc
834 2293 1053 2358 saeculo,
1096 2295 1188 2346 sed
1237 2303 1291 2346 et
1331 2294 1381 2346 in
1423 2294 1601 2346 fttturo
1635 2291 1700 2345 ⁸ο.
1736 2292 1994 2347 Flectitur
2037 2294 2181 2347 enim

606 2387 654 2438 'ei
690 2401 847 2438 omne.
892 2400 1052 2454 genu,
1103 2393 1158 2436 et
1209 2383 1388 2436 omnis
1447 2384 1624 2453 lingua
1684 2385 1990 2449 confitetur,
2042 2385 2182 2451 quod

609 2475 865 2528 Dominus
900 2473 1062 2527 Jesns
1103 2474 1349 2527 Christus
1382 2473 1628 2542 ingloria
1663 2482 1747 2527 est
1787 2475 1875 2527 Dei
1909 2473 2084 2527 Patris
2114 2474 2178 2526 “.

605 2567 671 2620 Et
699 2567 820 2633 quis
862 2574 944 2618 est
991 2565 1080 2631 qui
1118 2566 1170 2617 in
1209 2564 1294 2617 his
1334 2574 1418 2617 est
1455 2574 1709 2631 tanquam
1754 2565 1936 2618 Deus?
1980 2565 2177 2617 ltertttn

604 2658 742 2709 idem
785 2656 897 2723 ipse
944 2653 1271 2720 explanavit,
1305 2653 1393 2720 qui
1423 2652 1540 2719 ejus
1572 2653 1955 2722 mysteriorum
1986 2668 2172 2706 sacer-

604 2747 701 2800 dos
741 2753 842 2798 est.
891 2743 1037 2796 Dixit
1062 2744 1226 2805 enim,
1257 2745 1396 2809 quod
1434 2761 1451 2792 ι
1486 2743 1790 2797 exinanivit
1815 2744 2073 2811 seipsnm,
2117 2744 2170 2798 itt

602 2833 955 2889 similitudine
999 2833 1237 2886 hominis
1286 2831 1461 2886 factus
1511 2844 1612 2894 est,
1664 2843 1717 2888 et
1770 2834 1819 2886 in
1871 2833 2055 2887 habitu
2101 2834 2182 2887 itt-

603 2935 797 2980 ventus
824 2935 1082 2994 tanquam
1139 2925 1337 2978 homo:
1380 2934 1433 2978 et
1469 2925 1775 2978 humiliavit
1831 2927 2068 2994 seipsnm
2103 2926 2180 2980 fa-

603 3029 723 3071 ctus
755 3016 1011 3070 ohediens
1063 3030 1233 3084 usque
1286 3017 1349 3069 ad
1403 3024 1670 3082 mortem,
1727 3023 1955 3070 mortem
2002 3029 2178 3074 autem

605 3108 782 3162 erucis
808 3108 874 3159 δ’.
912 3106 1173 3160 Flectitur
1221 3108 1383 3176 igitur
1421 3123 1582 3161 omne
1611 3123 1750 3178 genu
1786 3108 2087 3164 caelestium
2122 3119 2177 3164 et

607 3201 947 3254 terreStrium
993 3209 1045 3254 et
1080 3202 1378 3255 inferorum
1411 3202 1458 3256 ei
1495 3201 1584 3270 qui
1621 3216 1837 3256 crucem
1873 3202 2170 3255 sustinuit:

603 3307 763 3360 quem
806 3293 953 3360 puris
998 3303 1050 3345 et
1089 3291 1216 3345 solis
1250 3293 1600 3346 humanitatis
1630 3293 1899 3346 mensuris
1927 3292 2176 3360 injiciens

604 3384 974 3445 adversarius,
1035 3384 1348 3436 memoriam
1394 3392 1446 3436 et
1496 3385 1860 3437 visitationem
1910 3383 2174 3436 meruisse

608 3475 736 3527 dicit
767 3488 794 3526 a
831 3472 936 3527 Deo
967 3473 1163 3536 Verbo,
1194 3489 1312 3526 cum
1344 3482 1491 3528 certe
1521 3477 1732 3543 oportet
1764 3478 1904 3528 scire
1934 3482 1986 3526 et
2015 3490 2172 3542 sape-

609 3580 688 3627 re,
725 3565 864 3632 quod
897 3581 1000 3616 non
1027 3565 1161 3617 alter
1184 3563 1326 3618 Deus
1364 3565 1597 3620 Verbum
1626 3576 1744 3620 erat
1775 3575 1970 3634 prreter
1995 3566 2170 3633 ipsum

606 3656 776 3710 Filius
816 3656 1104 3723 separatim
1157 3667 1212 3709 et
1263 3672 1356 3725 per
1409 3667 1638 3724 partem,
1691 3657 1780 3725 qui
1839 3673 1906 3710 ex
1966 3657 2176 3712 semine

610 3746 799 3810 David,
833 3747 971 3800 sicut
1019 3746 1167 3810 dicit,
1219 3747 1422 3799 homo:
1463 3745 1556 3800 sed
1614 3758 1731 3801 erat
1789 3746 1903 3815 ipse
1947 3761 2013 3800 ex
2066 3746 2176 3800 Deo

605 3835 764 3890 Patre
799 3835 940 3891 Deus
986 3837 1242 3898 Verbum,
1293 3835 1466 3890 factus
1503 3838 1800 3891 secundum
1843 3853 1965 3902 nos,
2011 3838 2176 3892 homo

601 3927 873 3989 videlicet,
906 3937 958 3980 et
997 3943 1099 3981 non
1137 3928 1299 3980 alimn
1331 3929 1621 3996 quemdam
1661 3930 1840 3999 magis
1889 3944 2049 3998 quam
2088 3944 2177 3984 se-

607 4019 781 4087 ipsnm
811 4018 1115 4073 visitatione
1141 4027 1194 4072 et
1220 4020 1478 4073 memoria
1501 4019 1748 4087 dignans.

1080 4156 1133 4209 8.
1170 4153 1234 4205 Et
1257 4170 1320 4206 ea:
1349 4155 1528 4207 eodem
1562 4154 1714 4207 libro.

1218 4281 1554 4321 τηεοῡοηυδ.

672 4404 960 4459 Cessabunt
977 4403 1095 4472 jam
1118 4402 1180 4454 ab
1204 4402 1504 4469 impudente
1537 4417 1710 4470 pugna
1733 4403 1756 4455 7
1778 4401 2022 4454 desistent
2054 4417 2172 4455 vero

603 4513 735 4549 rana
761 4496 1113 4556 contentione,
1145 4493 1505 4546 erubescentes
1529 4494 1795 4545 dictorum
1823 4492 2173 4546 evidentiam?
2208 4527 2249 4579 Β

603 4589 801 4642 Multos
839 4590 1000 4650 enim,
1025 4588 1170 4652 dicit,
1200 4587 1340 4652 ﬁlios
1373 4587 1426 4640 in
1461 4586 1681 4654 gloriam
1712 4585 2003 4638 ducentem.
2040 4584 2172 4638 Ecce

603 4681 769 4748 igitur
809 4681 863 4730 in
910 4678 1114 4731 ratione
1163 4679 1436 4744 ﬁliationis
1484 4694 1863 4731 connumerans
1895 4678 2178 4745 Apostolus

603 4781 813 4837 apparet
849 4778 1171 4835 assumptum
1208 4771 1470 4822 hominem
1506 4770 1730 4831 cccleris,
1756 4785 1857 4821 non
1887 4771 2173 4822 secundum

602 4861 738 4930 quod
775 4860 1018 4911 similiter
1065 4858 1169 4908 illis
1201 4857 1483 4924 [iliationis
1531 4858 1792 4922 particeps
1831 4865 1927 4920 est,
1977 4858 2067 4908 sed
2091 4873 2173 4908 se-

603 4953 827 5004 cundum
868 4948 1008 5017 quod
1037 4948 1281 5000 similiter
1305 4948 1533 5015 gratiam
1559 4945 1843 5012 assumpsit
1872 4945 2169 5012 ﬁliationis,

602 5042 796 5094 deitnte
831 5041 944 5092 sola
980 5039 1272 5090 naturalem
1302 5038 1609 5104 ﬁliationem
1631 5037 1944 5104 possidente.
1963 5035 2171 5089 Certant

604 5133 743 5185 enim
778 5142 855 5184 est
887 5131 1041 5198 illud,
1077 5132 1214 5198 quod
1239 5130 1516 5198 ﬁliutionis
1535 5129 1702 5197 gloria
1736 5138 1929 5196 prwter
1958 5138 2172 5182 ca'teros

601 5223 834 5275 homines
879 5225 1005 5274 inest
1044 5223 1089 5273 ei
1126 5223 1384 5287 pra'cipue
1431 5235 1521 5287 per
1562 5221 1815 5271 unitatem
1855 5234 1971 5286 qua?
1999 5229 2070 5270 est
2102 5219 2169 5268 ad

601 5315 767 5365 illum.
805 5311 951 5364 Unde
993 5323 1038 5364 et
1080 5313 1133 5364 in
1181 5313 1294 5378 ipsa
1327 5328 1447 5362 voce
1486 5309 1816 5378 signiﬁcante
1852 5307 2072 5369 Filium,
2105 5309 2172 5359 si-

603 5405 798 5456 militer
828 5407 984 5457 aia":
1030 5403 1119 5455 ille
1155 5402 1629 5468 comprehenditur.
1685 5399 1787 5453 Sed
1815 5401 2168 5452 sermocinan-

605 5504 688 5546 tur
735 5497 802 5545 ad
837 5508 967 5546 nos:
1012 5492 1070 5546 Si
1095 5497 1198 5546 duo
1225 5492 1455 5560 perfecta
1484 5491 1659 5543 dicitis
1707 5493 1846 5543 omni
1894 5491 2069 5552 modo,
2121 5499 2167 5540 et

1211 5669 1250 5700 "
1275 5685 1456 5731 Lxxw,
1484 5668 1534 5732 5,
1571 5667 1630 5723 (ἶ.
1703 5667 1782 5718 "l
1815 5669 1919 5721 Cor

1211 5755 1262 5794 ιι.
1299 5740 1496 5794 10.11.
1579 5738 1621 5769 ⁸³
1651 5739 1780 5794 ibid.
1813 5739 1862 5794 7.
1894 5739 1924 5792 8

1651 5755 1780 5794 tntu.
1822 5755 1862 5805 ι,
1894 5755 1946 5792 δ.

673 5673 715 5701 ³⁸
745 5672 881 5725 l’sal.
919 5687 1040 5730 (λι,
1085 5671 1138 5722 5.

640 5743 674 5809 l,
705 5743 794 5796 2|.
872 5741 912 5773 ⁸³
945 5741 1171 5810 Philipp.
1203 5755 1262 5806 tt,
1299 5740 1496 5806 10,11.

1703 5667 1782 5718 "l
1815 5669 1939 5721 Cor.
1972 5684 2090 5728 vm,
2125 5666 2211 5728 ‘ll,
2250 5667 2334 5719 1‘2.
2413 5671 2418 5696 ³

1710 5739 1780 5792 id.
1813 5739 1862 5792 7.
1894 5739 1946 5792 8.
2026 5737 2244 5792 "Joan.
2280 5755 2317 5792 t.
2354 5738 2418 5792 Μ

2124 5753 2244 5791 oan.
2280 5755 2317 5802 t,
2354 5753 2437 5793 Μ.

2286 560 2464 613 divina
2506 559 2786 624 Scriptura
2832 571 2924 624 per
2976 557 3227 623 seipsnm,
3281 557 3559 612 divinitate
3613 566 3854 625 excepta,

2288 653 2494 706 caeteris
2540 649 2834 704 hominibus
2873 662 3296 716 connunteratus,
3354 659 3398 704 et
3453 665 3554 702 non
3583 649 3696 717 jam
3725 650 3861 700 duos

2286 739 2506 791 dicimus
2547 739 2706 806 ﬁlios.
2763 735 2909 789 Unde
2949 752 3066 790 vero
3121 736 3289 793 Filius
3332 741 3385 792 in
3425 738 3746 804 confessione
3779 748 3858 790 est

2277 831 2445 898 juste,
2487 831 2733 895 quoniam
2790 839 3099 883 naturarum
3130 831 3314 884 divisio
3369 831 3662 885 necessario
3707 829 3861 882 debet

2285 937 2605 987 permanere,
2663 930 2708 974 et
2760 934 2994 989 persona:
3054 921 3222 974 unitio
3262 921 3642 993 indissipabilis
3673 930 3861 975 custo—

2285 1010 2410 1062 diri.

2926 1139 3202 1180 CYRILLUS.

2358 1253 2516 1324 Papae
2551 1256 2853 1310 insaniam!
2896 1255 3167 1324 lgnoravit
3213 1257 3555 1311 omnifariam
3605 1255 3853 1310 altitudi-

2287 1364 2406 1400 nem
2440 1347 2678 1418 mysterii
2717 1347 2940 1408 Christi,
2979 1346 3069 1413 qui
3122 1346 3192 1398 ita
3234 1346 3444 1416 frigidis
3471 1359 3523 1403 et
3554 1349 3858 1418 puerilibus

2283 1439 2462 1492 verbis
2494 1438 2727 1490 conlisus
2764 1445 2865 1489 est.
2915 1435 3067 1500 Quod
3122 1445 3298 1490 autem
3345 1449 3398 1493 et
3441 1441 3632 1507 prolati
3665 1439 3857 1508 scripti

2285 1530 2535 1581 virtutem
2576 1528 2792 1581 minime
2849 1527 3122 1595 intelligit,
3164 1539 3368 1582 rectam
3427 1546 3552 1584 vero
3597 1531 3856 1585 semitam

2286 1620 2539 1682 declinat,
2582 1630 2635 1673 et
2679 1617 3004 1671 transfertur
3049 1619 3240 1672 iterum
3293 1621 3342 1674 in
3393 1623 3710 1677 sceleratam
3751 1621 3856 1675 sibi

2287 1713 2620 1782 propositam
2677 1713 3054 1773 intentionem,
3115 1714 3298 1766 statim
3359 1713 3641 1771 docemus.
3699 1714 3856 1780 Quod

2038 1837 2180 1905 quod
2214 1811 2255 1865 Β
2284 1805 2427 1857 enim
2456 1817 2582 1859 ante
2617 1805 2798 1857 omnia
2843 1804 3078 1857 studium
3116 1804 3162 1858 ei
3204 1813 3306 1867 est,
3341 1823 3533 1875 purum
3565 1809 3720 1863 nobis
3759 1809 3863 1860 ho—

2289 1895 2489 1949 minem
2519 1896 2654 1950 velle
2680 1897 3061 1948 demonstrare
3102 1910 3478 1952 consessorem
3507 1900 3672 1967 Patri,
3705 1910 3760 1953 et
3786 1900 3858 1952 ab

2288 1987 2539 2041 universa
2572 1997 2822 2041 creatura
2864 1997 3117 2056 tanquam
3157 1989 3320 2041 Deum
3349 1990 3702 2058 adorandum,
3738 1992 3858 2060 ipse

2287 2077 2440 2132 testis
2482 2078 2834 2146 ingredietur.
2861 2076 2956 2130 llis
3000 2079 3143 2131 enim
3175 2079 3263 2146 qui
3302 2081 3595 2134 secundum
3622 2083 3854 2150 gratiam

2287 2165 2381 2221 ﬁlii
2429 2177 2595 2233 sunt,
2645 2176 2698 2221 et
2753 2169 2998 2222 humanae
3067 2170 3397 2222 multitudini
3456 2185 3858 2226 connumerans

2284 2273 2427 2322 eum,
2466 2258 2626 2312 Verbi
2654 2260 2906 2313 deitatem
2936 2260 3104 2313 solam
3143 2276 3283 2314 verae
3316 2261 3594 2316 liliationis
3626 2263 3855 2331 gloriam

2285 2351 2484 2405 habere
2527 2352 2824 2418 contendit,
2870 2368 3004 2422 pene
3047 2355 3211 2407 etiam
3262 2355 3549 2423 increpans
3587 2370 3709 2409 eum
3762 2357 3854 2424 qui

2285 2455 2506 2512 propter
2527 2460 2622 2498 nos
2654 2446 3079 2498 exiuanitionem
3116 2445 3223 2512 pati
3261 2445 3432 2500 voluit
3468 2465 3480 2501 :
3517 2447 3601 2500 vel
3628 2446 3856 2499 forsitan

2283 2535 2445 2588 etiam
2497 2536 2764 2605 objiciens
2818 2537 3158 2591 inhonestam
3201 2553 3353 2593 suam
3405 2537 3730 2591 dementiam
3769 2539 3858 2590 di-

2283 2625 2493 2693 scipulo
2535 2627 2736 2680 dicenti
2771 2645 2783 2680 :
2822 2644 2840 2676 t
2877 2627 2942 2679 Et
2969 2627 3202 2681 Verbum
3235 2644 3362 2682 caro
3395 2629 3591 2683 factum
3626 2638 3706 2683 est
3731 2629 3799 2680 ".
3829 2647 3848 2677 ι

2284 2713 2575 2768 Sciendum
2609 2715 2771 2783 igitur
2808 2717 2972 2784 quod,
3005 2717 3128 2770 licet
3152 2733 3338 2786 ‘unum
3371 2718 3566 2772 alicubi
3594 2719 3759 2781 dicat,
3803 2727 3861 2772 et

2284 2820 2385 2858 non
2425 2805 2597 2876 magis
2627 2806 2766 2860 duos
2804 2808 2961 2870 filios,
2999 2807 3221 2875 eiiciens
3251 2810 3471 2863 omnino
3516 2824 3636 2864 esse
3680 2810 3847 2863 Deum

2282 2907 2336 2950 et
2367 2895 2560 2951 Filium
2589 2913 2734 2964 eum,
2779 2901 2867 2969 qui
2905 2901 3045 2954 sicut
3075 2902 3186 2970 ipse
3213 2901 3361 2965 dicit,
3409 2901 3474 2954 de
3520 2901 3725 2955 semine
3765 2911 3853 2955 est

2283 2989 2492 3054 David;
2554 2990 2619 3044 ad
2673 2991 2845 3044 solum
2908 2991 3074 3045 refert
3129 2992 3296 3046 Deum
3347 2991 3585 3046 Verbum
3641 2993 3730 3060 qui
3787 3007 3858 3045 ex

2286 3080 2397 3134 Deo
2429 3081 2590 3136 Patre
2633 3092 2738 3146 est,
2790 3098 2930 3136 verte
2976 3084 3253 3138 liliationis
3301 3084 3550 3154 gloriam.
3585 3085 3696 3139 lloc
3729 3100 3859 3139 vero

2205 3164 2247 3221 C
2283 3173 2415 3225 nihil
2470 3174 2613 3228 aliud
2661 3184 2766 3238 est,
2824 3175 2965 3229 sicut
3021 3176 3152 3240 dixi,
3210 3192 3365 3245 quam
3419 3193 3524 3230 non
3581 3179 3858 3246 suscipere

2284 3265 2502 3317 modum
2561 3266 2914 3320 humanitatis
2962 3286 2975 3321 :
3037 3269 3259 3321 omnino
3315 3278 3492 3321 autem
3544 3270 3859 3325 interimere

2283 3354 2762 3422 dispensationem,
2805 3372 2899 3425 per
2932 3373 3091 3426 quam
3123 3368 3176 3413 et
3222 3358 3354 3412 salvi
3388 3358 3512 3413 facti
3543 3375 3750 3422 sumus,
3794 3372 3851 3414 et

2282 3459 2512 3500 mortem
2557 3457 2611 3502 et
2661 3457 2942 3517 peccatum
3003 3450 3392 3518 transivimus,
3453 3459 3510 3505 et
3566 3452 3855 3508 diabolica:

2281 3538 2522 3592 avaritiae
2557 3539 2742 3610 jugum
2771 3540 3139 3610 deposuimus.

2786 3675 2838 3731 9.
2873 3675 2957 3731 Ea:
2990 3679 3169 3731 eodem
3204 3677 3359 3733 libro.

2901 3828 3232 3869 THEODORCS.

2355 3949 2522 4003 Nemo
2552 3949 2778 4014 artiﬁcio
2813 3951 3277 4015 interrogationum
3313 3949 3625 4015 decipiatur.
3663 3950 3857 4023 Flagi-

2281 4042 2472 4093 tiosum
2513 4041 2651 4091 enim
2690 4049 2795 4102 est,
2847 4040 3102 4105 deponere
3147 4040 3354 4108 quidem
3399 4048 3596 4093 tantam
3644 4043 3855 4095 testium

2280 4133 2497 4196 nubem,
2541 4131 2823 4182 secundant
2858 4131 2997 4199 quod
3043 4132 3320 4199 Apostolus
3367 4132 3501 4185 dixit
3544 4132 3626 4197 “,
3665 4138 3857 4187 astutis

2279 4228 2452 4271 autent
2521 4220 3020 4288 interrogationibus
3099 4221 3370 4289 deceptos,
3435 4221 3855 4275 adversariorum

2278 4312 2415 4377 parti
2445 4311 2712 4380 conjungi.
2750 4311 2882 4375 Qua:
2912 4329 3027 4366 vero
3055 4324 3195 4377 sunt,
3222 4331 3335 4383 qua:
3375 4330 3491 4367 cum
3539 4325 3651 4368 arte
3691 4316 3855 4368 inter-

2279 4401 2502 4469 rogant?
2543 4400 2786 4456 Ilominis
2829 4403 3072 4471 genitrix,
3100 4403 3296 4468 Maria,
3340 4421 3407 4457 an
3457 4404 3551 4458 Dei
3580 4406 3854 4474 genitrix?

2280 4489 2368 4556 Et,
2402 4494 2490 4561 qui
2523 4494 2802 4561 cruciﬁxus
2831 4505 2940 4558 est,
2970 4504 3145 4548 utrunt
3193 4495 3334 4549 Deus
3356 4535 3370 4559 ,
3419 4512 3485 4550 an
3517 4497 3711 4550 homo?
3744 4496 3853 4550 Sed

2278 4582 2497 4634 istorum
2539 4584 2743 4652 quidem
2780 4594 2919 4637 certa
2967 4595 3041 4637 est
3091 4585 3345 4638 absolutio
3384 4597 3432 4640 et
3477 4603 3541 4640 ea:
3593 4587 3672 4641 his
3731 4604 3852 4654 qua:

2275 4675 2617 4741 prwdiximus
2676 4676 2732 4727 in
2786 4679 3076 4743 responsis,
3132 4693 3248 4745 qua:
3294 4679 3362 4730 ad
3414 4679 3850 4749 interrogationes

2277 4765 2489 4833 fuerunt
2523 4780 2539 4818 :
2571 4775 2742 4819 tamen
2771 4784 2884 4820 vero
2911 4767 3140 4830 dicatur,
3176 4779 3222 4821 et
3245 4768 3358 4837 jam
3386 4785 3540 4834 nunc,
3565 4786 3680 4840 qua:
3706 4787 3851 4823 com-

2275 4858 2517 4924 pendiose
2568 4860 2875 4926 respondere
2918 4869 3152 4925 Oportet,
3214 4869 3268 4912 ut
3315 4861 3464 4914 nulla
3518 4864 3592 4916 eis
3643 4863 3849 4916 occasio

2276 4949 2487 5001 astutite
2516 4949 2858 5018 relinquatur.
2885 4949 3015 5004 Cum
3047 4951 3210 5019 igitur
3243 4954 3584 5024 interrogant,
3618 4955 3849 5008 hominis

2274 5041 2522 5106 genitrix,
2551 5057 2618 5093 an
2642 5040 2740 5093 Dei
2761 5043 2989 5111 genitrix
3015 5052 3087 5095 est
3120 5041 3296 5096 Maria
3323 5045 3344 5083 ⁷
3368 5046 3580 5098 dicatur
3608 5063 3638 5097 a
3671 5047 3844 5108 nobis,

2276 5129 2506 5198 Utraque
2537 5146 2555 5183 :
2603 5146 2762 5182 unum
2815 5132 3022 5199 quidem
3083 5142 3273 5186 natura
3316 5136 3406 5198 rei,
3455 5134 3674 5186 alterum
3724 5149 3844 5188 vero

2273 5223 2545 5275 relatione.
2602 5222 2845 5277 [laminis
2891 5226 3028 5278 enim
3077 5227 3310 5295 genitrix
3354 5235 3429 5279 est
3480 5229 3840 5290 naturaliter,

2272 5311 2514 5377 quoniam
2547 5312 2698 5364 homo
2726 5324 2838 5366 erat
2874 5315 2928 5367 in
2961 5325 3106 5367 utero
3135 5315 3349 5380 .llarite,
3377 5317 3466 5385 qui
3493 5328 3539 5370 et
3569 5318 3689 5369 inde
3718 5335 3843 5383 pra-

2272 5399 2421 5451 cessit
2457 5415 2474 5450 :
2507 5398 2600 5451 Dei
2646 5411 2818 5454 autem
2867 5405 3124 5471 genitrix,
3163 5406 3412 5472 quoniam
3447 5405 3586 5458 Deus
3633 5415 3744 5458 erat
3788 5409 3842 5458 in

2273 5492 2478 5544 homine
2533 5503 2688 5558 nato,
2743 5511 2843 5547 non
2889 5499 2943 5548 in
2991 5513 3050 5551 eo
3101 5498 3521 5569 circumscriptus
3559 5502 3840 5553 secundum

2413 5669 2456 5699 ⁸⁸
2481 5669 2673 5724 Ezeeh.
2707 5686 2816 5733 xw,
2855 5672 2942 5726 52.

3023 5673 3065 5707 ³⁹
3093 5673 3255 5731 llehr.
3289 5689 3404 5742 vin,
3437 5675 3486 5730 l.

2517 5742 2560 5772 “
2586 5740 2748 5807 llcbr,
2782 5758 2876 5810 xtt,
2918 5744 2964 5798 1.

3565 5675 3608 5709 ’⁵⁸
3634 5674 3832 5745 Ephcs.
