4092 6334
196 384 328 439 1445

197 597 428 650 luntatis.
465 591 647 659 Itaque
680 599 894 654 utraque
921 584 1128 652 quidem
1163 581 1494 647 dicijustum
1524 590 1620 641 est,
1659 595 1760 630 non

196 699 362 740 autem
397 685 679 737 secundum
720 678 940 731 similem
979 677 1250 726 rationem.
1298 673 1406 725 Nec
1454 673 1588 724 enim
1624 675 1758 723 sicut

197 784 342 831 homo
378 777 429 827 in
466 782 610 826 utero
642 780 695 824 ut
726 779 854 823 esset
882 767 1101 831 suscepit
1153 765 1385 825 initium,
1414 763 1488 815 sic
1528 771 1579 814 et
1625 762 1759 814 Deus

210 868 447 922 Verbum.
492 863 625 915 Erat
659 863 794 914 enim
823 868 945 912 ante
975 873 1175 909 onmem
1207 864 1524 908 creaturam.
1573 852 1759 922 Itaque

197 969 243 1012 et
267 967 484 1024 utraque
507 953 830 1020 dicijustum
865 957 959 1010 est,
990 956 1037 1000 et
1067 954 1340 1014 utrumque
1370 961 1549 998 eorum
1579 959 1761 995 secun-

198 1054 315 1102 dum
341 1048 604 1116 propriam
633 1043 912 1096 rationem.
945 1038 1092 1092 Idem
1130 1048 1304 1090 autem
1351 1036 1759 1104 respondendum

199 1154 242 1195 et
285 1143 330 1194 si
382 1143 726 1205 interrogant,
773 1132 908 1186 Deus
963 1131 1245 1196 cruciﬁxus
1301 1141 1396 1192 est,
1447 1145 1515 1180 an
1566 1126 1761 1179 homo?

199 1233 334 1303 quod
363 1239 582 1298 utraque
607 1226 840 1294 quidem,
873 1240 974 1276 non
1009 1232 1179 1275 autem
1207 1221 1491 1273 secundum
1547 1219 1760 1272 similem

201 1326 470 1378 rationem.
508 1319 645 1371 Nam
681 1319 763 1369 hic
803 1317 1006 1386 quidem
1047 1313 1330 1380 cruciﬁxus
1373 1320 1470 1373 est,
1509 1318 1681 1375 utpote
1713 1317 1759 1361 et

200 1416 488 1486 passionem
519 1411 820 1478 suscipiens,
854 1419 900 1462 et
936 1409 1073 1476 ligno
1111 1406 1316 1475 aﬂixus,
1356 1413 1405 1456 et
1451 1404 1515 1455 ab
1558 1400 1760 1453 Judazis

199 1511 434 1560 detentus
461 1522 478 1557 :
514 1504 601 1556 ille
626 1513 824 1565 autem,
865 1499 1002 1570 quod
1041 1509 1148 1553 erat
1182 1512 1298 1550 cum
1338 1496 1447 1562 ipso
1477 1493 1760 1548 secundum

199 1595 500 1665 praedictam
528 1607 763 1645 causam.

839 1716 1115 1759 CYRILLUS.

1389 367 1807 424 FRAGMENTA
1850 363 2266 420 DOGMATICA.

199 518 457 566 naturam,
490 500 578 554 sed
607 495 742 567 quod
781 495 832 548 in
865 509 923 545 eo
953 501 1024 545 est
1062 490 1344 544 secundum
1381 491 1626 557 aﬂ'ectum
1676 505 1764 540 vo-
1795 491 1840 546 Α

3290 353 3315 408 1
3327 351 3428 409 “6

2505 491 2781 532 CVRILLUS.

1934 615 2198 668 Insaniam
2233 613 2390 681 igitur
2418 624 2539 665 esse
2578 610 2745 671 dicis,
2775 606 2910 661 velle
2945 619 3135 675 sapere
3163 614 3342 669 recte,
3375 612 3431 659 et

1863 709 1913 762 in
1949 718 2127 761 meme
2161 706 2356 759 habere
2386 717 2567 756 veram
2601 711 2656 755 et
2689 710 2885 755 rectam
2920 709 2973 752 et
3009 697 3424 751 inadulteratam

1864 798 2064 851 Iidem?
2100 812 2220 850 cum
2272 805 2416 849 certe
2467 794 2651 862 plenos
2702 805 2981 845 sermones
3023 789 3247 842 insania:
3286 790 3430 842 dicat

1861 887 2057 954 aliquis
2089 901 2230 949 esse,
2280 895 2333 938 et
2372 883 2528 937 valde
2571 883 2782 944 merito,
2813 896 2905 934 eos
2948 881 3036 947 qui
3087 878 3424 947 unigenitum

1866 976 1958 1030 Dei
1989 976 2223 1030 Verbum
2267 976 2532 1044 abnegauit
2584 973 2948 1026 introductum
2999 986 3118 1025 esse
3164 985 3192 1023 a
3237 969 3345 1023 Deo
3377 979 3433 1023 et

1862 1068 2021 1123 Patre
2047 1070 2097 1122 in
2133 1068 2314 1121 orbem
2355 1079 2616 1121 terrarum
2647 1079 2766 1118 cum
2797 1062 2968 1116 iactus
2995 1075 3077 1116 est
3111 1061 3309 1116 homo?
3330 1061 3433 1127 Qui

1862 1161 2005 1215 enim
2083 1160 2373 1213 secundum
2456 1167 2700 1211 naturam
2775 1165 2828 1207 et
2893 1154 3249 1208 dilTerentiam
3316 1153 3434 1206 aliis

1861 1253 2110 1306 omnibus
2163 1251 2406 1317 superior
2455 1257 2567 1314 est,
2619 1248 2866 1316 quoniam
2922 1255 3003 1300 est
3061 1254 3272 1300 creator
3341 1260 3436 1298 eo-

1861 1360 2014 1408 rum,
2061 1354 2114 1397 et
2164 1351 2366 1396 tantum
2414 1342 2493 1395 eis
2539 1338 2962 1394 substantialiter
3008 1339 3256 1406 superior
3317 1347 3433 1401 est,

1864 1435 2232 1504 superpositus
2304 1443 2433 1496 est,
2503 1441 2763 1499 quantum
2831 1439 2912 1482 est
2987 1429 3161 1482 minor
3227 1428 3435 1481 factura

1865 1528 2091 1589 factore,
2141 1527 2415 1592 ingressus
2457 1533 2537 1575 est
2584 1523 2633 1594 in
2677 1520 2863 1573 orbem
2914 1529 3180 1571 terrarum
3223 1518 3437 1584 quando

1867 1618 2163 1686 appellatus
2206 1625 2285 1669 est
2318 1631 2440 1684 pars
2469 1615 2604 1682 ejus,
2635 1613 2928 1666 secundum
2969 1612 3109 1680 quod
3146 1613 3304 1665 homo
3336 1624 3436 1678 ap-

1866 1718 2062 1778 paruit.

265 1818 488 1884 Insuper
529 1827 706 1871 autem
737 1816 821 1871 his
855 1817 1017 1869 infert
1056 1814 1236 1869 statim
1266 1811 1589 1882 procedens,
1624 1805 1764 1876 quod
1801 1819 1843 1877 Β
1945 1823 2009 1876 El
2047 1830 2159 1891 ροει
2214 1837 2403 1890 pauca.
2465 1818 2629 1872 Μίτοι-
2691 1833 2815 1872 vero
2873 1815 3242 1870 adversarium
3301 1814 3438 1869 seri-

199 1911 489 1965 crucilixus
522 1910 680 1962 homo
717 1917 833 1961 erat
886 1907 1089 1959 habens
1129 1906 1294 1959 Deum
1345 1902 1759 1957 inhabitanlem.

269 2002 467 2055 lterum
505 1999 714 2069 Cyrilli.
746 1999 883 2064 Quid
913 1999 1069 2061 dicis,
1114 2012 1146 2049 0
1177 1997 1350 2058 fortis,
1410 1994 1500 2047 Dei
1535 1992 1765 2061 genitrix

201 2104 312 2147 erat
344 2104 531 2146 sancta
567 2091 746 2159 Virgo,
785 2090 922 2158 quod
963 2099 1091 2141 nato
1121 2103 1184 2139 ex
1228 2087 1340 2156 ipsa
1387 2088 1523 2140 Deus
1570 2085 1764 2144 inerat,

202 2186 448 2238 habitans
517 2185 808 2237 secundum
891 2182 1062 2234 solum
1131 2178 1378 2232 allectum
1434 2173 1768 2229 wluntatis?

205 2275 361 2330 Istam
396 2291 515 2328 esse
561 2273 794 2327 allirmas
842 2272 1140 2325 unitatem?
1170 2271 1307 2339 Ergo
1349 2283 1468 2322 cum
1519 2266 1678 2319 etiam
1715 2265 1766 2317 in

205 2370 357 2422 nobis
387 2367 513 2435 ipsis
542 2366 872 2418 mansionem
932 2363 1091 2416 faciat
1141 2363 1278 2415 Deus
1322 2359 1587 2413 exsisteus
1637 2355 1768 2409 Ver-

205 2459 326 2512 bum
360 2458 645 2527 (inhabitat
674 2457 815 2510 enim
844 2456 1124 2507 animabus
1174 2460 1483 2505 sanctorum
1517 2464 1609 2517 per
1645 2462 1770 2500 san-

207 2563 347 2609 ctum
399 2549 702 2618 Spiritum),
753 2547 1130 2600 conﬁtearisne
1200 2543 1490 2596 secundum
1541 2539 1769 2592 similem

206 2643 605 2698 modumetiam
637 2656 732 2694 nos
755 2640 900 2707 ipsos
937 2638 1001 2690 ad
1039 2638 1212 2704 ipsum
1247 2634 1444 2687 habere
1476 2630 1774 2684 unitatem?

208 2734 305 2791 Ubi
337 2736 500 2801 igitur
533 2733 846 2784 miraculum
895 2727 1135 2797 mystcrii
1169 2725 1366 2778 Christi
1417 2723 1643 2786 aspiciat
1676 2721 1772 2772 ali-

210 2825 370 2895 quis?
405 2823 534 2875 Nam
586 2819 1017 2889 (litandoquidem
1057 2815 1295 2869 creditur
1339 2813 1628 2865 secundum
1677 2824 1773 2862 nos

211 2919 371 2972 homo
404 2915 517 2969 ﬁeri
549 2913 689 2966 Deus
724 2910 976 2972 Verbum,
1010 2905 1259 2960 mirabile
1295 2913 1376 2956 est
1421 2917 1546 2955 vere
1577 2910 1774 2968 myste-

210 3011 370 3072 rium,
406 3016 461 3060 et
487 3004 714 3058 miretur
744 3001 929 3067 utique
953 2997 1147 3064 aliquis
1185 2997 1284 3048 hoc
1317 2995 1509 3046 merito
1534 3001 1587 3044 et
1614 2991 1775 3043 vehe-

209 3107 438 3152 menter.
475 3095 529 3148 Si
576 3102 753 3147 autem
797 3093 846 3144 in
876 3089 1093 3144 homine
1145 3086 1388 3140 habitare
1432 3085 1643 3138 dicatur
1689 3096 1774 3135 se-

210 3191 443 3243 cundum
473 3186 718 3240 alTectum
755 3181 1063 3245 voluntatis,
1113 3179 1272 3233 aliam
1306 3179 1468 3231 habet
1514 3176 1773 3228 rationem

210 3294 298 3332 res
345 3274 784 3344 dispensationis.
848 3270 1140 3325 Meruimus
1190 3270 1364 3331 enim,
1421 3267 1561 3320 sicut
1612 3265 1775 3326 dixit,

209 3368 472 3437 ejusmodi
524 3366 770 3435 gratiam,
838 3364 924 3432 qui
980 3362 1100 3425 lide,
1161 3377 1279 3430 (μω
1340 3360 1389 3412 in
1452 3359 1623 3423 ipsum
1676 3365 1776 3420 est,

211 3458 601 3528 splemluimus.
636 3455 750 3509 Non
792 3455 932 3508 enim
967 3454 1160 3521 aliquis
1207 3452 1390 3520 utique
1434 3448 1599 3511 dicat,
1641 3448 1779 3516 quod

212 3565 320 3604 non
362 3547 664 3602 voluntarie
695 3549 837 3599 inest
866 3544 1018 3597 nobis
1050 3559 1062 3595 :
1111 3543 1278 3612 magis
1311 3556 1437 3594 vero
1480 3539 1781 3592 voluntarie

212 3643 328 3695 sive
358 3639 651 3694 secundum
686 3638 1013 3691 voluntatem
1056 3636 1273 3688 insitam
1317 3633 1364 3684 ei
1409 3631 1475 3684 ad
1524 3646 1621 3684 nos
1654 3629 1781 3684 alle-

213 3743 360 3786 ctum
393 3731 618 3785 fecerat.
655 3730 759 3784 Sed
801 3743 897 3783 nec
932 3743 961 3781 a
994 3743 1156 3781 carne
1184 3734 1384 3779 sancta:
1416 3723 1650 3790 Virginis
1690 3723 1782 3775 ini-

217 3824 350 3876 tium
384 3826 631 3877 essentne
662 3822 915 3875 habuisse
947 3819 1175 3874 dicimus
1207 3817 1371 3869 Deum
1402 3814 1658 3877 Verbum,
1691 3813 1781 3880 qui

213 3914 692 3970 consubstantialis
724 3925 805 3966 est
836 3913 983 3965 Patri
1019 3929 1031 3964 :
1066 3921 1183 3965 erat
1228 3910 1369 3963 enim
1420 3921 1631 3975 semper
1679 3918 1780 3956 una

214 4023 335 4062 cum
369 4022 434 4060 eo
467 4005 770 4060 subsistens
801 4023 813 4056 :
850 4004 1017 4071 magis
1048 4012 1227 4055 autem
1260 4001 1460 4054 scimus
1491 3997 1782 4052 secundum

215 4113 318 4154 nos
363 4097 563 4150 factum
612 4109 732 4149 esse
773 4094 1067 4148 hominem.
1116 4092 1296 4157 Itaque
1345 4097 1452 4141 tam
1496 4088 1637 4153 juste
1689 4085 1784 4138 Dei

215 4189 450 4259 genitrix
481 4186 692 4238 dicatur
725 4201 753 4237 a
792 4185 946 4238 nobis
975 4191 1161 4237 sancta
1202 4178 1387 4248 Virgo,
1415 4191 1574 4242 quam
1609 4175 1783 4227 homi-

218 4283 302 4335 nis
333 4278 587 4348 genitrix,
617 4291 738 4330 cum
771 4285 917 4331 certe
948 4274 1240 4330 secundum
1270 4261 1489 4327 carnem
1517 4266 1782 4322 Christum

218 4370 537 4440 peperisset.

1871 1915 2062 1982 psisse,
2094 1915 2234 1982 quod
2264 1927 2537 1978 nunquam
2565 1910 2992 1977 coniunctionem
3020 1911 3082 1962 ad
3111 1908 3274 1962 Deum
3300 1906 3438 1960 Ver-

1870 2007 1993 2058 hmn
2025 2005 2305 2058 meruisset
2327 2013 2379 2056 et
2409 2002 2582 2064 Jesus,
2604 2002 2703 2054 nisi
2725 2003 2871 2070 prius
2896 2000 3264 2053 immaculatus
3298 2007 3440 2052 esset

1870 2095 2090 2147 eiTectus
2123 2109 2218 2161 per
2277 2097 2603 2146 unctionem.
2638 2091 2767 2144 Nam
2812 2093 3025 2159 quidem
3059 2092 3290 2156 primum
3323 2090 3437 2141 dis-

1864 2188 2038 2254 jungit
2061 2185 2702 2246 manil'esteetdiscernit,
2719 2193 2898 2250 aperte
2922 2185 3053 2235 duos
3068 2182 3250 2235 dicens
3275 2179 3436 2232 tilios.

1874 2279 2072 2331 Deinde
2102 2279 2261 2338 dicat,
2295 2278 2511 2342 quando
2539 2277 2677 2328 sicut
2707 2276 2782 2328 ait
2814 2257 3187 2327 iminaculatus
3217 2271 3440 2324 effectus

1871 2379 1973 2432 ρει,
2025 2379 2077 2420 ct
2122 2369 2185 2419 ad
2240 2369 2400 2420 Deum
2443 2365 2676 2418 Verbum
2728 2365 3157 2432 conjum-tiouem
3211 2362 3438 2425 meruit,

1874 2471 2052 2512 utrum
2086 2476 2148 2512 ex
2183 2459 2296 2526 ipso
2328 2468 2503 2519 utero,
2529 2466 2618 2507 aut
2647 2470 2766 2507 cum
2804 2455 3073 2506 tricesimo
3105 2468 3244 2504 anno
3276 2463 3440 2508 essm.

1875 2552 2125 2604 Pervenit
2155 2550 2369 2616 quidem
2406 2549 2470 2600 ad
2503 2546 2814 2611 .lordanem,
2847 2546 3092 2613 qnzesivit
3126 2559 3251 2596 vero
3280 2545 3443 2596 etiam

1876 2640 2095 2692 Joannis
2129 2639 2453 2705 baptismum
2487 2638 2551 2688 ⁸⁸.
2587 2635 2640 2688 Si
2676 2636 2889 2702 quidem
2922 2652 2985 2688 ex
3030 2646 3182 2690 utero
3228 2647 3446 2688 sanctus

1875 2739 2039 2791 esset,
2093 2728 2361 2795 quomodo
2408 2727 2534 2778 dicit
2575 2735 2820 2777 sanctum
2854 2724 2986 2777 eilici
3036 2740 3188 2786 etim,
3240 2734 3292 2778 et
3337 2741 3442 2779 non

1878 2822 2046 2889 magis
2083 2820 2238 2873 esse?
2279 2819 2428 2884 Quod
2470 2818 2611 2869 enim
2657 2817 2854 2870 dicitur
2905 2817 3046 2879 licri,
3091 2817 3310 2870 omnino
3352 2830 3447 2868 ue-

1876 2927 2027 2965 cesse
2071 2920 2152 2964 est
2200 2911 2496 2978 intelligere
2541 2911 2680 2973 quod
2731 2924 2834 2961 non
2887 2918 3002 2962 erat
3051 2909 3190 2976 quod
3247 2907 3442 2960 factum

1877 3015 1978 3055 est.
2017 3001 2109 3054 Sin
2141 3011 2317 3053 autem
2350 3008 2467 3050 erat
2510 3006 2727 3051 sanctus
2759 3012 2988 3065 semper,
3036 3008 3087 3049 et
3122 2998 3222 3049 hoc
3251 3010 3355 3049 non
3394 2996 3445 3048 in

1881 3102 2120 3162 tempore
2151 3093 2323 3146 iactus
2355 3100 2458 3154 est,
2507 3091 2772 3157 quomodo
2813 3090 2940 3140 dicit
2985 3088 3242 3156 Spiritum
3287 3101 3449 3155 super

1882 3204 2001 3239 eum
2035 3185 2330 3245 devolasse,
2362 3193 2413 3237 et
2456 3182 2837 3248 conjunctione
2887 3181 3103 3248 dignum
3142 3180 3313 3245 ipsum
3357 3181 3451 3231 de-

1883 3287 2239 3338 monstrasse,
2285 3284 2338 3328 et
2384 3274 2652 3328 addidisse
2695 3272 2741 3325 ei
2791 3273 2932 3340 quod
2975 3271 3198 3324 deerat?
3243 3271 3305 3323 Et
3350 3270 3449 3324 hoc

1883 3370 2024 3424 enim
2061 3370 2112 3421 in
2168 3369 2286 3420 aliis
2325 3368 2438 3420 suis
2488 3365 2664 3434 posuit
2708 3363 2878 3417 libris.
2931 3363 3066 3427 Quid
3112 3365 3254 3416 enim
3295 3372 3448 3424 erat,

1883 3463 2026 3530 quod
2057 3461 2273 3513 omnino
2304 3460 2365 3511 ad
2413 3457 2890 3512 sanctiﬁcationem
2922 3456 3106 3508 deerat
3147 3456 3193 3507 ei
3238 3470 3301 3506 ex
3335 3457 3451 3520 ipso

1885 3565 2059 3610 utero,
2091 3551 2259 3618 magis
2291 3564 2417 3602 vero
2445 3559 2496 3601 et
2528 3558 2649 3600 ante
2681 3547 2973 3599 secundum
3006 3560 3220 3598 carnem
3255 3545 3452 3597 nativi-

1885 3653 2047 3695 tatem
2080 3652 2265 3694 sancto
2307 3650 2359 3694 et
2392 3639 2764 3701 immaculato,
2800 3648 2851 3689 et
2895 3636 3248 3691 sanctiﬁcanti
3299 3651 3451 3689 crea—

1887 3734 2107 3787 turam?
2138 3731 2271 3785 Cnm
2307 3733 2471 3801 igitur
2502 3730 2662 3795 dicat,
2701 3734 2843 3796 quod
2877 3745 2978 3780 non
3014 3728 3194 3792 utique
3225 3729 3451 3781 meruis-

1886 3837 1964 3878 set
2016 3825 2171 3878 Jesus
2219 3824 2656 3893 coniunctionem
2709 3825 2774 3875 ad
2823 3821 2986 3874 Deum
3035 3820 3297 3883 Verbum,
3349 3819 3451 3872 nisi

1884 3917 2032 3985 prius
2080 3916 2453 3968 immaculatus
2502 3913 2725 3969 ellectus
2771 3922 2940 3976 esset,
2989 3913 3241 3980 plurimas
3290 3911 3450 3965 simul

1886 4007 2258 4060 accusationes
2303 4007 2558 4058 adversus
2601 4020 2698 4058 sua
2745 4004 2926 4057 scribit
2963 4003 3284 4070 vaniloquia.
3319 4001 3452 4054 Nam

1889 4099 2118 4164 primum
2150 4098 2361 4163 quidem
2397 4097 2707 4150 indecenter
2739 4095 2892 4160 ὠνὴ,
2928 4094 3189 4148 meruisse
3221 4113 3233 4147 :
3262 4093 3454 4146 deinde

1887 4185 2144 4254 disjungit
2183 4185 2232 4236 in
2267 4185 2505 4238 alterum
2538 4184 2826 4251 separatim
2861 4181 3076 4247 Filium,
3121 4185 3211 4252 qui
3258 4198 3323 4236 ex
3368 4197 3456 4237 se-

1887 4278 2031 4328 mine
2062 4284 2142 4328 est
2175 4275 2358 4338 David,
2397 4289 2553 4343 quem
2588 4275 2759 4342 ipsum
2810 4275 2978 4326 solum
3031 4275 3317 4339 separatim
3360 4271 3472 4326 ,ἰε-

1889 4381 2008 4420 sum
2044 4366 2321 4419 nominare
2353 4365 2688 4433 impudenter
2718 4365 3016 4418 contendit.
3061 4365 3139 4416 Ad
3171 4364 3305 4426 bmc,
3347 4363 3453 4416 im-

289 4461 358 4514 Et
386 4471 496 4530 post
532 4458 660 4512 alia.
707 4458 839 4512 Cum
877 4459 1021 4513 enim
1071 4457 1135 4511 ad
1190 4456 1623 4525 explanationem
1681 4454 1783 4508 hoc
1814 4465 1861 4524 ι)
1895 4458 2221 4513 maculatum
2275 4457 2409 4510 eilici
2459 4472 2580 4509 eum
2640 4457 2836 4517 dicere,
2895 4466 3145 4522 tanquam
3195 4453 3296 4506 hoc
3351 4453 3450 4506 ali-

216 4554 556 4626 pr0positum
583 4560 685 4613 est,
716 4552 857 4619 quod
890 4561 972 4604 est
1003 4567 1016 4603 :
1057 4571 1074 4602 ι
1107 4550 1238 4604 Cum
1271 4549 1558 4603 introducit
1582 4547 1783 4616 primo-

217 4649 460 4716 genitum
503 4645 552 4696 in
584 4643 766 4697 orbem
798 4653 1080 4706 terrarum,
1109 4644 1242 4696 dicit
1275 4661 1286 4695 :
1322 4642 1385 4694 Et
1409 4641 1634 4694 adorent
1663 4653 1783 4692 cum

220 4738 456 4792 universi
484 4734 653 4804 angeli
691 4732 779 4786 Dei
815 4732 878 4798 ⁸⁵,
921 4753 938 4784 ι
976 4734 1161 4788 scribit
1194 4737 1380 4787 iterum
1413 4733 1489 4786 sic
1525 4749 1538 4784 :

780 4866 865 4921 l0.
909 4881 1237 4920 'l‘ilEODORUS.

294 4985 427 5053 Quis
456 4998 529 5040 est
560 4985 719 5056 igitur
752 4981 838 5050 qui
882 4981 933 5032 in
965 4980 1133 5031 orbem
1185 4990 1443 5032 terrarum
1491 4976 1786 5030 introduci-

222 5086 330 5140 tur,
359 5090 403 5129 et
434 5078 837 5130 dominationem
872 5073 984 5142 ejus
1018 5071 1194 5135 incipit
1248 5067 1407 5139 [forte
1451 5065 1684 5138 accipit].
1721 5067 1784 5120 de

221 5183 323 5236 qua
355 5169 400 5219 ci
452 5178 499 5219 et
534 5169 742 5218 adorari
784 5166 847 5219 ab
893 5164 1088 5233 angelis
1132 5161 1465 5228 acquiritur?
1507 5157 1616 5211 Nec
1651 5159 1788 5211 enim

223 5258 489 5309 insaniens
537 5259 731 5324 aliquis
777 5261 915 5310 dicat
961 5256 1122 5309 Deum
1189 5252 1408 5306 Verbum
1454 5268 1561 5303 esse
1619 5253 1790 5304 intro-

225 5352 462 5411 ductum,
516 5349 605 5416 qui
663 5351 839 5400 omnia
896 5366 997 5400 non
1047 5347 1305 5400 ersttmtia
1343 5342 1482 5410 fecit,
1534 5343 1787 5412 ine/fabiii

227 5436 339 5504 ejus
378 5437 568 5489 virtute
600 5435 798 5488 donans
828 5438 899 5487 eis
928 5447 981 5487 ut
1018 5448 1203 5489 essent.

303 5589 348 5623 “
372 5589 535 5646 Hebr.
565 5604 602 5652 I,
644 5588 698 5652 ϐ,
775 5587 821 5618 ⁸⁸
839 5588 1023 5643 Matth.
1066 5607 1123 5655 ιι,
1157 5592 1296 5645 1-17.

1889 4553 2103 4618 quando
2158 4563 2262 4601 non
2321 4549 2626 4608 habentem,
2687 4546 2968 4614 plurimam
3030 4546 3128 4598 hoc
3187 4545 3343 4598 habet
3397 4554 3453 4599 ct

1890 4640 2295 4708 blasphemiam.
2332 4638 2524 4692 Unitus
2572 4638 2712 4690 enim
2762 4638 2898 4689 Deus
2945 4636 3175 4688 Verbum
3226 4653 3290 4690 ex
3339 4638 3454 4705 ipso

1893 4742 2043 4784 utero
2072 4733 2220 4784 carni
2255 4744 2382 4791 sum,
2417 4744 2554 4781 unus
2594 4737 2730 4790 erat,
2775 4736 2827 4780 et
2869 4728 2945 4780 sic
2985 4737 3038 4781 et
3079 4728 3456 4784 immaculatus

1891 4819 2090 4882 Filius,
2127 4817 2360 4871 Sanctus
2400 4827 2728 4882 sanctorum,
2778 4826 2832 4871 et
2881 4817 2944 4871 de
2987 4832 3083 4870 sua
3127 4817 3458 4886 plenitudine.

1896 4905 2151 4973 Spiritum
2211 4908 2343 4960 dans
2394 4922 2498 4961 non
2549 4907 2718 4961 solum
2768 4908 3107 4972 hOminibus,
3157 4910 3247 4961 sed
3294 4909 3456 4962 etiam

1895 5013 2128 5063 sursum,
2159 5010 2212 5055 et
2245 5001 2297 5053 in
2325 5000 2462 5055 εωιο
2509 5001 2919 5054 rationabilibns
2959 5000 3264 5053 virtutibus.

2401 5157 2487 5209 1-1.
2524 5156 2590 5208 Et
2619 5165 2730 5223 post
2760 5170 2946 5220 pauca.

2515 5297 2840 5337 THEODORUS.

1970 5436 2045 5505 (l)
2082 5452 2100 5486 ι
2139 5432 2426 5488 Multil'arie
2451 5431 2740 5502 multisque
2782 5435 2952 5489 modis
2982 5433 3106 5488 olim
3146 5431 3283 5487 Deus
3313 5431 3463 5489 locu-

303 5751 378 5822 (l)
412 5749 552 5806 Citat
584 5749 725 5803 hunc
756 5745 925 5803 locum
956 5747 1208 5803 Leontius
1244 5749 1276 5803 l.
1316 5765 1396 5813 ιιι,
1435 5750 1568 5817 apud
1601 5749 1777 5805 Canis.
1823 5757 1858 5800 t.
1897 5745 1959 5801 iV
1985 5745 2160 5816 .iutiq.
2191 5743 2307 5800 lect.
2343 5759 2398 5816 p.
2440 5744 2527 5800 93.
2562 5744 2736 5800 “Aab.
