4092 6334
622 353 759 411 144⁸1

1565 351 1620 407 S.
1663 350 1936 406 CYRlle
1976 345 2450 404 ALEXANDRINI
2495 342 2814 400 ARCllllil’.

3749 340 3890 396 1448

623 482 710 524 tus
739 466 982 540 patribus
1013 469 1066 522 in
1098 468 1394 538 prophetis,
1429 467 1482 522 in
1539 470 1848 524 novissimis
1886 467 2076 523 diebus
2119 466 2203 520 his
2234 475 2279 530 Α
2310 462 2578 518 Theodori
2614 463 2788 532 sequi,
2821 475 2926 516 non
2957 459 3348 515 absolutionem
3395 455 3444 512 ei
3482 457 3890 514 accusationum

622 561 831 615 loculus
862 569 948 616 est
976 560 1129 614 nobis
1161 561 1211 613 in
1257 559 1393 614 Filio
1424 560 1490 625 ⁸⁷,
1525 579 1543 613 ι
1579 561 1685 615 Per
1725 559 1924 613 Filium
1959 561 2097 614 enim
2124 559 2204 611 lo-

621 659 772 704 cutus
800 659 876 705 est
913 649 1058 704 nobis
1086 665 1104 702 :
1143 661 1338 703 certum
1365 662 1442 705 est
1477 667 1614 714 vero,
1647 651 1785 721 quod
1827 651 1890 703 de
1933 659 2202 717 assumpto

622 743 850 796 homine.
896 761 913 794 ι
959 741 1058 797 Cui
1121 743 1264 796 enim
1315 744 1449 796 dixit
1495 743 1786 812 aliquando
1837 743 2198 812 angelorum:

623 831 793 887 Filius
825 847 976 887 meus
1006 847 1063 885 es
1098 843 1172 899 tu,
1197 849 1292 902 ego
1328 833 1487 888 hodie
1519 835 1675 904 genui
1713 845 1760 888 te
1788 832 1874 885 ‘3?
1913 853 1930 884 ι
1981 831 2201 885 Nullum

623 926 770 986 dicit,
831 925 1138 992 participem
1189 925 1312 992 fecit
1368 926 1644 994 dignitatis
1704 924 1848 979 Filii.
1902 923 2016 978 Hoc
2062 925 2199 977 enim

622 1015 762 1082 quod
790 1016 947 1082 dixit,
981 1017 1137 1085 genui
1169 1026 1253 1080 te,
1287 1019 1439 1087 quasi
1473 1034 1564 1086 per
1610 1018 1707 1071 ltoc
1749 1017 2200 1086 participationem

622 1105 898 1173 ﬁliationis
929 1107 1068 1161 dedit
1093 1124 1112 1161 :
1142 1111 1353 1162 omnino
1398 1125 1514 1164 vero
1557 1120 1734 1179 aperte
1767 1108 1965 1162 nullam
2004 1107 2201 1160 habens

624 1200 692 1250 ad
729 1198 892 1251 Deum
943 1198 1163 1253 Verbum
1200 1202 1649 1265 communionem,
1684 1212 1896 1271 apparet
1942 1202 2037 1254 hoc
2065 1201 2203 1271 quod

623 1291 820 1343 dictum
853 1301 948 1344 est.

1272 1400 1549 1441 CYRILLUS.

693 1473 854 1529 Certe
889 1488 942 1531 et
988 1477 1038 1530 in
1084 1477 1522 1543 allocutionibus,
1557 1495 1691 1548 quas
1741 1480 1867 1534 fecit
1914 1481 1978 1533 ad
2025 1480 2201 1547 bapti-

622 1570 843 1634 zandus,
883 1569 1078 1622 iterum
1127 1570 1266 1624 dixit
1313 1572 1451 1626 idem
1501 1571 1869 1627 Theodorus:
1920 1571 2034 1624 Hoc
2084 1589 2202 1626 vero

623 1676 726 1712 non
759 1675 823 1711 ex
850 1659 994 1712 nobis
1017 1661 1143 1728 ipsis
1178 1663 1468 1716 invenimus
1501 1665 1875 1728 testimonium,
1911 1666 2000 1718 sed
2025 1680 2089 1717 ea;
2123 1665 2204 1716 di-

622 1747 742 1800 vina
793 1748 964 1800 edocti
1008 1765 1190 1802 sumus
1241 1748 1552 1818 Scriptura,
1613 1754 1861 1821 quoniam
1924 1764 1970 1806 et
2025 1754 2200 1808 beatus

2307 555 2470 622 facit;
2528 556 2697 625 magis
2751 571 2879 610 vero
2935 555 3276 623 grandiorem
3336 554 3597 609 adversus
3655 566 3775 606 eum
3834 553 3888 606 in

2309 647 2711 700 damnationem
2759 645 2900 716 Hor.
2949 641 3496 715 condemnationem]
3551 647 3888 713 operabitur.

2307 737 2442 790 Dutn
2474 738 2616 790 enim
2655 736 2842 791 liceret
2872 738 2920 792 ei
2959 747 3269 792 sanctorum
3315 736 3533 790 l’atrum
3585 737 3747 789 rectis
3774 752 3892 788 ver-

2305 827 2390 882 bis
2436 837 2490 882 et
2531 827 2891 882 immaculatis
2935 831 3000 882 de
3045 829 3247 882 deitate
3296 827 3636 881 sermonibus
3686 826 3887 894 potiri,

2308 922 2664 990 prmposuisse
2700 922 3034 990 dignoscitur
3070 921 3282 975 veritati
3328 920 3684 974 mendacium.
3731 920 3886 974 Prm-

2307 1015 2542 1068 termisit
2569 1014 2711 1068 enim
2745 1031 2862 1083 qua:
2897 1015 3109 1069 illorum
3141 1026 3305 1080 sunt;
3358 1013 3530 1083 magis
3560 1029 3689 1066 vero
3721 1014 3888 1082 elegit

2309 1107 2552 1176 turpibus
2583 1109 2892 1174 adhaerere,
2938 1117 2991 1162 et
3036 1119 3142 1162 tam
3175 1109 3421 1162 distortis
3457 1107 3728 1161 limiticare
3761 1122 3886 1160 ser-

2308 1199 2581 1254 monibus.
2609 1199 2761 1253 llunc
2795 1215 2919 1254 vero
2947 1203 3037 1270 qui
3065 1201 3224 1254 talem
3259 1202 3422 1254 habet
3469 1200 3799 1253 voluntatem
3834 1209 3891 1250 et

2306 1290 2659 1355 dementiam,
2695 1292 2746 1345 in
2782 1293 2882 1346 hoc
2917 1291 3200 1347 desiluisse
3252 1293 3488 1362 inculpet
3533 1291 3761 1361 aliquis,
3798 1306 3891 1342 ar-

2307 1383 2480 1436 bitror
2506 1392 2559 1435 et
2587 1381 2737 1436 valde
2781 1384 2994 1437 merito.
3039 1385 3336 1453 Oportebat
3376 1385 3517 1438 enim
3567 1384 3890 1437 memoriam

2307 1476 2508 1529 habere
2549 1476 2875 1530 sanctissimi
2919 1475 3100 1543 Pauli,
3142 1477 3304 1545 plane
3349 1478 3636 1531 scribentis
3681 1476 3838 1530 nobis
3874 1495 3886 1528 :

2312 1586 2331 1618 ‹
2373 1566 2559 1621 Estote
2611 1569 2906 1638 prudentes
2956 1568 3300 1621 nummularii
3346 1586 3358 1621 :
3408 1570 3586 1621 omnia
3628 1567 3887 1637 probate,

2306 1659 2446 1724 quod
2480 1659 2679 1711 bonum
2716 1667 2794 1711 est
2837 1666 3010 1710 tenete
3041 1676 3052 1711 :
3091 1657 3156 1709 ab
3193 1658 3338 1710 omni
3364 1658 3544 1724 specie
3592 1656 3727 1708 mala
3763 1657 3893 1708 abs-

2310 1751 2478 1805 tiuete
2529 1767 2625 1804 vos
2658 1752 2725 1804 ⁸³.
2768 1769 2785 1802 ι
2828 1750 2978 1817 Quod
3010 1760 3063 1804 et
3103 1765 3262 1818 agere
3305 1751 3483 1815 soliti,
3520 1765 3616 1805 nos
3657 1759 3710 1804 et
3752 1751 3890 1803 soli-

623 1838 828 1894 Paulus
858 1842 931 1896 ita
965 1843 1134 1896 dicit:
1188 1860 1206 1893 t
1252 1844 1326 1898 Ei;
1364 1817 1570 1912 quibus
1612 1817 1862 1900 Christus
1904 1849 2200 1901 secundum
2234 1817 2278 1876 Β
2310 1843 2497 1897 dorum
2544 1845 2861 1911 probatores
2897 1843 3100 1898 imitari
3147 1842 3501 1907 festinantes,
3544 1843 3628 1896 illa
3666 1843 3886 1910 quidem

622 1948 867 2001 carnem,
900 1934 990 2004 qui
1026 1943 1108 1988 est
1154 1950 1319 2005 super
1363 1937 1542 1990 omnia
1595 1937 1735 1992 Deus
1767 1938 1833 2003 ‘9,
1873 1957 1891 1991 ι
1930 1957 2032 1994 ηοη
2067 1941 2206 2009 quod

621 2043 686 2079 ea:
719 2025 925 2080 Juda'is
954 2037 1000 2079 et
1032 2028 1317 2081 secundum
1349 2045 1560 2082 carnem
1589 2041 1684 2096 est,
1718 2033 1806 2100 qui
1849 2047 2004 2098 super
2028 2034 2203 2086 omnia

624 2119 761 2173 Deus
790 2133 903 2184 est;
933 2123 1022 2175 sed
1059 2122 1155 2174 hoc
1194 2124 1407 2192 quidem
1450 2124 1518 2176 ad
1559 2124 1968 2192 signiﬁcandam
2013 2127 2202 2178 huma-

622 2229 742 2264 nam
771 2224 1015 2266 naturam
1059 2214 1220 2279 dixit,
1257 2230 1414 2283 quam
1443 2216 1507 2267 ab
1543 2213 1839 2269 Israelitico
1875 2233 2060 2286 genere
2093 2233 2203 2270 esse

620 2302 837 2368 sciebat,
870 2303 1002 2356 illud
1039 2313 1213 2357 autem
1247 2305 1317 2358 ad
1364 2306 1738 2359 ostendendam
1779 2309 2010 2361 divinam
2046 2318 2206 2362 natu-

619 2411 766 2458 ram,
817 2411 971 2466 quam
1006 2411 1167 2465 supra
1236 2399 1413 2450 omnia
1459 2408 1507 2450 et
1557 2399 1797 2451 omnibus
1846 2401 2200 2453 dominantem

619 2486 815 2538 sciebat
847 2503 866 2540 :
903 2505 920 2536 ι
948 2487 991 2542 Ο
1014 2489 1184 2553 surdi,
1218 2489 1420 2554 audite,
1451 2500 1528 2555 et,
1559 2492 1709 2552 caeci,
1743 2491 1922 2545 videte
1947 2492 2017 2556 ⁸ο,
2059 2510 2076 2541 ›
2115 2507 2206 2547 ac-

623 2577 878 2630 clamavit
911 2578 1104 2647 aliquis
1138 2589 1448 2632 sanctorum
1482 2585 1562 2634 eis
1602 2581 1690 2649 qui
1722 2581 1940 2635 fuerunt
1980 2593 2046 2636 cx
2078 2598 2205 2635 san-

621 2669 784 2737 guine
814 2669 995 2724 lsrael.
1035 2669 1146 2740 Ego
1177 2680 1357 2725 autem
1405 2672 1665 2737 arbitror,
1700 2683 1754 2727 et
1799 2673 1950 2727 valde
1992 2673 2201 2737 merito,

621 2762 724 2815 hoc
753 2773 932 2830 aptmn
965 2777 1085 2818 esse
1120 2778 1222 2817 non
1258 2763 1601 2828 habentibus,
1629 2764 1712 2819 vel
1746 2781 1850 2819 non
1895 2765 2203 2820 volentibus

623 2864 771 2907 recte
803 2853 1104 2924 intelligere
1136 2855 1339 2911 Christi
1370 2857 1710 2927 mysterium.
1739 2854 1873 2909 Nam
1906 2858 2205 2912 obcazcavit

621 2949 838 3018 quidem
878 2949 1017 3003 Deus
1049 2950 1232 3004 szeculi
1270 2950 1427 3005 istius
1476 2949 1864 3020 intelligendas
1903 2951 2202 3006 infidelium

623 3049 679 3095 et
709 3039 1044 3112 intelligibile
1080 3041 1132 3094 in
1181 3051 1361 3096 mente
1410 3051 1464 3095 et
1506 3040 1557 3094 in
1605 3042 1768 3095 corde
1801 3056 1907 3094 non
1940 3042 2205 3096 habentes

621 3133 818 3188 merito
857 3141 1182 3187 erraverunt
1213 3134 1281 3187 “.
1320 3132 1376 3186 Si
1411 3147 1537 3186 vero
1576 3133 1795 3201 quidam
1834 3145 1961 3186 sunt
2007 3132 2206 3187 illumi-
2233 3163 2275 3220 ε

624 3225 761 3288 nati,
793 3225 964 3295 magis
988 3239 1116 3279 vero
1145 3225 1312 3280 etiam
1345 3225 1657 3280 doctoribus
1689 3226 2087 3288 connumerati,
2111 3227 2204 3294 qui

617 3315 892 3371 similibus
924 3317 1130 3373 morbis
1161 3317 1343 3373 nescio
1373 3318 1646 3388 quomodo
1670 3318 1872 3372 detenti
1905 3328 2052 3385 sunt,
2079 3319 2206 3386 quid

622 3408 767 3463 aliud
817 3409 896 3464 eis
947 3409 1146 3480 aliquis
1188 3411 1467 3477 acclamet,
1500 3425 1660 3479 quam
1709 3410 1811 3464 hoc
1852 3412 1992 3478 quod
2036 3425 2064 3462 a
2098 3409 2207 3464 Deo

623 3502 827 3555 dictum
885 3513 969 3557 est
1027 3518 1122 3571 per
1171 3519 1336 3557 unum
1393 3511 1705 3558 sanctorum
1765 3503 2200 3572 prophetarum:

625 3611 646 3646 1
686 3593 839 3658 Quod
873 3595 1099 3663 laqueus
1143 3593 1270 3649 lacti
1315 3596 1446 3650 estis
1483 3594 1714 3664 speculae
1764 3597 1814 3649 in
1865 3595 2202 3662 visitatione,

623 3696 676 3740 et
706 3686 846 3740 sicut
894 3687 1026 3739 retia
1073 3695 1300 3741 extensa
1333 3687 1383 3741 in
1413 3689 1729 3752 statumine,
1761 3703 1921 3756 quam
1971 3689 2062 3759 qui
2113 3704 2205 3742 ve-

623 3790 846 3844 nantur,
871 3779 1216 3832 coulixerunt
1241 3779 1329 3832 l”?
1365 3799 1383 3831 ι
1422 3779 1521 3846 Qui
1556 3781 1696 3833 enim
1747 3781 2202 3851 quamplurimant

618 3868 910 3922 utilitatem
959 3868 1217 3938 subjectis
1251 3870 1422 3936 magis
1469 3872 1648 3924 facere
1692 3872 1911 3936 debent,
1959 3873 2046 3926 isd
2094 3870 2205 3926 fue-

625 3969 748 4013 runt
777 3969 830 4013 et
860 3959 1103 4028 laqueus,
1135 3971 1188 4014 et
1222 3971 1354 4025 rete,
1387 3970 1439 4015 et
1473 3963 1715 4016 scandali
1752 3964 1993 4028 occasio,
2027 3974 2081 4017 et
2113 3980 2204 4031 pe-

623 4063 838 4105 taurum
872 4051 1090 4105 inferni.
1125 4052 1194 4106 Et
1225 4053 1323 4108 ista
1373 4054 1491 4108 dico
1538 4056 1767 4108 miratus
1812 4057 1999 4118 Valde,
2037 4064 2093 4109 et
2124 4058 2201 4106 vi-

622 4140 751 4194 dere
782 4156 885 4193 non
918 4150 1108 4208 potens
1137 4141 1203 4194 ad
1242 4141 1370 4211 qttid
1405 4143 1626 4212 respicit
1673 4143 1902 4198 intentio
1949 4145 2205 4197 adversa-

621 4229 709 4284 rii.
742 4227 876 4282 Nam
912 4229 1195 4285 confessus
1223 4242 1306 4285 est
1333 4233 1549 4300 quidem
1589 4234 1890 4298 evidenter,
1919 4235 2061 4304 quod
2110 4251 2205 4304 per

625 4321 819 4376 Filium
850 4321 1061 4374 locutus
1092 4331 1178 4377 est
1215 4323 1369 4377 nobis
1399 4323 1540 4379 Deus
1569 4335 1623 4378 et
1669 4324 1832 4380 Pater
1865 4345 1876 4380 :
1919 4342 2038 4380 esse
2077 4342 2204 4380 vero

623 4415 785 4466 istum
820 4413 952 4466 dicit
995 4423 1334 4483 assumptum
1386 4416 1681 4482 hominem,
1719 4417 1921 4470 nullam
1975 4419 2204 4473 habente

2307 1951 2426 2005 qua:
2455 1944 2584 1991 sunt
2619 1937 2796 2006 turpia
2835 1947 2888 1990 et
2927 1938 3152 2004 reproba
3205 1936 3451 2005 dogmata
3499 1937 3888 2005 reprobamus,

2306 2031 2632 2100 suscipimus
2673 2045 2803 2084 vero
2845 2038 2900 2083 et
2944 2029 3094 2083 valde
3143 2029 3373 2083 libenter
3407 2029 3587 2083 omnia
3632 2044 3750 2098 qua:
3797 2045 3889 2082 re-

2308 2121 2594 2191 splendent
2620 2121 2764 2177 clara
2799 2121 3044 2175 veritatis
3081 2121 3500 2190 pulchritudine.
3530 2121 3722 2174 lterum
3756 2135 3890 2174 vero

2311 2213 2467 2267 nobis
2508 2215 2643 2267 ratio
2678 2224 3027 2268 convertetur
3063 2215 3127 2268 ad
3159 2216 3441 2268 decentem
3475 2215 3523 2268 ei
3557 2224 3610 2268 et
3641 2215 3892 2283 proposi-

2309 2316 2415 2359 tam
2449 2307 2612 2362 viam.
2646 2305 2846 2377 Scripti
2883 2317 3009 2362 sunt
3043 2309 3205 2378 igitur
3236 2323 3264 2360 a
3296 2310 3436 2361 bono
3475 2307 3756 2361 Theodoro
3787 2306 3888 2358 ad-

2306 2411 2497 2451 versus
2532 2398 2781 2452 haeresim
2829 2399 3155 2453 Arianorum
3202 2411 3258 2452 et
3301 2400 3754 2454 Eunomianorum
3805 2398 3891 2450 vi-

2308 2489 2444 2556 ginti
2488 2505 2624 2558 pene
2678 2506 2902 2543 numero
2946 2491 3028 2544 vcl
3081 2491 3369 2559 ampliores
3425 2491 3577 2554 libri,
3627 2507 3726 2544 nec
3779 2507 3888 2544 non

2308 2581 2472 2632 etiam
2504 2581 2618 2643 alii,
2653 2581 3075 2648 interpretantes
3101 2581 3444 2648 evangelicos
3474 2591 3527 2634 et
3556 2582 3889 2648 apostolicos

2308 2670 2514 2726 libros:
2552 2686 2688 2740 quos
2726 2672 2944 2741 quidem
2991 2672 3206 2727 labores
3257 2673 3421 2727 nollet
3463 2675 3656 2743 aliquis
3701 2675 3890 2729 incre~

2307 2776 2454 2830 pare,
2491 2763 2664 2833 magis
2710 2772 2887 2816 autem
2929 2763 3152 2818 decreto
3190 2762 3426 2817 studiutn
3473 2765 3793 2828 honoraret,
3838 2767 3889 2819 si

2307 2854 2509 2907 inesset
2554 2856 2635 2908 eis
2681 2854 2987 2924 dogmatum
3039 2856 3328 2910 rectitudo.
3378 2854 3433 2908 Si
3485 2869 3615 2909 vero
3660 2857 3887 2923 quidam

2307 2955 2457 3002 extra
2499 2948 2827 3002 destinatum
2860 2948 3120 3012 ambulet,
3157 2957 3212 3002 et
3251 2958 3454 3002 rectam
3491 2949 3635 3001 viam
3675 2948 3888 3002 verita-

2311 3040 2380 3093 tis
2411 3039 2745 3110 relinqucns,
2783 3057 2877 3111 per
2910 3042 3157 3094 semitam
3199 3049 3284 3094 eat
3322 3041 3640 3106 distortam,
3674 3041 3888 3110 simpli-

2308 3132 2626 3200 ciorumque
2655 3134 2817 3187 corda
2847 3134 3124 3199 vulneret,
3167 3134 3592 3188 adulteratorum
3640 3135 3720 3188 eis
3758 3135 3891 3203 inji—

2310 3223 2459 3276 ciens
2507 3223 2874 3278 intellectuum
2920 3225 3165 3290 semina,
3205 3234 3333 3278 tunc
3376 3227 3716 3295 requiescere
3774 3243 3886 3280 non

2309 3315 2426 3369 sine
2454 3315 2649 3369 damno
2681 3319 2785 3370 erit
2818 3317 2896 3370 eis
2931 3317 3023 3385 qui
3061 3318 3270 3388 populis
3302 3319 3628 3388 praesident,
3670 3335 3888 3375 merce-

2308 3409 2428 3461 dem
2465 3424 2592 3462 vcro
2627 3409 2905 3462 habebunt
2954 3418 3008 3463 et
3051 3409 3301 3474 lucrum,
3342 3413 3386 3464 si
3427 3413 3699 3466 resistant.
3740 3413 3890 3480 Ergo

2308 3501 2562 3568 quoniam
2600 3501 2649 3553 in
2681 3501 2765 3554 his
2812 3500 2964 3556 libris
3003 3502 3117 3556 sive
3166 3505 3450 3558 memorati
3495 3506 3595 3561 viri
3641 3507 3890 3559 conscri-

2309 3593 2415 3662 ptis
2439 3608 2559 3662 quse
2583 3594 2740 3648 modo
2773 3595 3195 3662 nominavimus,
3231 3598 3448 3651 inventa
3480 3608 3602 3651 sunt
3636 3599 3886 3667 quietiam

2308 3685 2510 3738 ultimae
2543 3685 2839 3754 impietatis
2871 3687 3047 3755 plena,
3074 3689 3345 3757 quomodo
3389 3698 3507 3741 erat
3543 3704 3888 3755 consequens

2306 3775 2446 3830 velle
2478 3777 2698 3829 tacere?
2731 3777 2931 3831 Dividit
2963 3779 3104 3832 enim
3153 3778 3483 3831 individuum
3528 3779 3799 3833 Christum
3832 3789 3892 3833 et

2307 3883 2405 3936 pro
2433 3882 2540 3920 uno
2572 3867 2711 3921 Filio
2756 3870 3069 3922 dualitatem
3106 3869 3236 3922 colit
3278 3886 3305 3922 a
3353 3870 3583 3924 veritate
3624 3871 3889 3924 exciden-

2309 3970 2448 4024 tem,
2505 3968 2558 4013 et
2611 3961 2768 4028 quasi
2825 3961 2976 4014 t'alsis
3025 3962 3335 4017 nominibus
3388 3964 3704 4017 coloratam.
3748 3961 3890 4016 Nam

2307 4051 2474 4106 Deum
2511 4051 2771 4118 Verbum,
2805 4055 2894 4121 qui
2929 4069 2993 4107 ex
3032 4055 3142 4108 Deo
3169 4056 3328 4108 Patre
3351 4066 3457 4119 est,
3487 4059 3759 4113 hominem
3793 4073 3890 4110 vo-

2305 4144 2417 4197 cari
2455 4143 2608 4206 dicit,
2645 4159 2751 4197 non
2784 4154 2958 4198 tamen
2989 4155 3044 4199 et
3070 4147 3172 4200 hoc
3205 4147 3403 4201 factum
3437 4162 3558 4202 esse
3589 4150 3886 4203 secundum

2309 4237 2628 4302 veritatem;
2678 4238 2954 4291 hominem
2995 4253 3122 4292 vero
3151 4254 3272 4294 eum
3318 4241 3409 4310 qui
3455 4256 3520 4294 ex
3566 4240 3735 4295 Maria
3767 4253 3885 4306 est,

2307 4330 2446 4381 sicut
2487 4328 2637 4393 dicit,
2672 4344 2829 4399 quem
2876 4341 2929 4385 et
2965 4347 3184 4386 carnem
3227 4343 3405 4388 astute
3442 4335 3596 4390 nobis
3641 4337 3891 4389 nominat

2308 4419 2359 4472 in
2393 4418 2574 4471 multis
2605 4418 2736 4472 locis
2772 4419 2938 4473 Deum
2989 4421 3203 4487 quidem
3247 4422 3378 4475 dicit
3425 4433 3476 4476 et
3520 4423 3715 4479 Filium
3754 4425 3884 4486 Dei,

624 4507 735 4559 Deo
767 4503 942 4559 Verbo
973 4504 1041 4558 ad
1076 4503 1177 4557 hoc
1204 4505 1406 4558 dictum
1441 4507 1900 4562 communionem.
1925 4508 2205 4572 Quomodo
2241 4510 2286 4565 Ι)
2316 4525 2420 4562 non
2448 4519 2631 4563 autem
2664 4511 2763 4565 hoc
2787 4526 2908 4566 esse
2941 4511 3236 4566 secundum
3268 4514 3572 4569 veritatem.

625 4595 789 4665 igitur
827 4609 931 4648 non
964 4594 1222 4647 omnibus
1256 4593 1542 4648 manifesta
1576 4604 1659 4648 est
1696 4597 1958 4651 adversus
1987 4597 2201 4651 beatum

626 4684 850 4740 Paulum
883 4685 1178 4752 calumnia,
1222 4685 1395 4755 magis
1420 4700 1548 4740 vero
1580 4686 1751 4754 ipsius
1776 4687 2021 4742 veritatis
2045 4704 2205 4742 accu-

617 4778 802 4832 satio?
854 4794 956 4833 nec
1010 4779 1154 4833 enim
1205 4779 1285 4832 sic
1335 4777 1603 4832 intellexit
1652 4780 1912 4849 Spiritum
1956 4793 2204 4836 sanctum

629 4870 834 4924 habens
877 4871 1188 4940 Apostolus.
1219 4870 1416 4924 lterum
1465 4885 1593 4924 vero
1638 4871 1848 4925 derivat
1895 4874 2204 4944 dogtnatunt

625 4962 1008 5014 rectitudinem
1046 4963 1112 5017 ad
1142 4979 1298 5018 suam
1330 4963 1655 5032 placentiam
1693 4964 2056 5022 adversarius.

628 5071 713 5127 1‘2.
735 5069 819 5124 Ex
846 5075 1071 5146 secundo
1100 5074 1231 5127 libro
1269 5073 1461 5145 Cyrilli
1491 5076 1714 5143 episcopi
1753 5077 2108 5146 Alexandria',
2140 5082 2203 5136 de

707 5159 768 5196 eo
791 5143 928 5211 quod
959 5160 1090 5195 unus
1121 5155 1196 5197 est
1230 5143 1495 5211 Christus,
1524 5157 1710 5199 contra
1754 5143 2103 5204 Theodorum.

700 5258 852 5326 Quod
893 5266 1072 5310 tamen
1119 5258 1290 5314 voluit
1345 5262 1544 5329 impius
1611 5260 1896 5316 Nestorius
1951 5263 2203 5330 dogmata

695 5415 928 5471 “llcbr.
967 5433 1004 5481 ι,
1042 5417 1090 5476 ί.
1120 5414 1175 5469 ’2.

629 5487 676 5517 ⁸³
706 5487 720 5539 l
754 5485 946 5543 Thess.
984 5504 1034 5552 v,
1067 5488 1158 5553 ‘21,
1185 5484 1279 5538 22.

1287 5414 1570 5468 “ibid.5.
1676 5417 1719 5448 δ’
1748 5414 1912 5469 Rom.
1975 5431 2050 5479 tx,
2115 5419 2166 5470 5.

1353 5483 1400 5514 ⁵⁸
1422 5484 1610 5538 Matth.
1643 5505 1801 5552 xxm,
1837 5489 1926 5543 10.

706 5631 779 5701 (l)
817 5631 1016 5685 lterum
1047 5645 1112 5684 ex
1143 5627 1467 5701 Bibliotheca
1496 5624 1649 5701 Maii,
1687 5636 1724 5679 t.
1755 5627 1828 5693 ll,
1861 5646 1912 5698 p.
1945 5629 2066 5682 455.

706 5697 784 5768 (⁸2)
825 5702 961 5767 Ergo
988 5717 1051 5754 cx
1085 5701 1252 5754 tribus
1280 5699 1385 5750 illis
1413 5697 1584 5753 libris.
1620 5711 1753 5762 quos
1779 5697 1991 5752 veteres
2020 5702 2204 5752 dicunt

631 5787 667 5826 ει
699 5773 896 5841 Cyrillo
926 5779 1151 5841 scriptos
1185 5778 1369 5826 contra
1425 5767 1713 5823 Diodorum
1749 5783 1809 5820 ac
1837 5769 2201 5835 Theodoram,

2268 5421 2440 5477 “"lsa.
2507 5441 2636 5492 xui,
2689 5426 2776 5480 i8.

2309 4644 2673 4717 13._Sanctus
2719 4644 2948 4716 Cyrillns
2987 4647 3062 4717 (l)
3102 4649 3157 4704 in
3199 4655 3425 4707 secundo
3464 4653 3598 4710 libro
3639 4657 3888 4710 adversus

2386 4715 2731 4795 Theodorum,
2755 4715 3061 4795 quilincipit
3092 4735 3109 4773 :
3146 4739 3163 4772 ι
3206 4721 3256 4774 Ii
3285 4726 3373 4792 qui
3403 4742 3611 4778 sacrum
3641 4743 3770 4795 puro
3802 4732 3887 4778 ln-

2381 4788 2614 4839 telleclus
2646 4787 2795 4841 oculo
2827 4787 3022 4842 Iibrum
3051 4796 3274 4847 scrutati
3297 4787 3424 4848 sunt
3457 4797 3556 4866 (2).
3594 4817 3612 4846 ι

2384 4901 2669 4972 Discipulis
2695 4905 2873 4960 aiebat
2902 4923 2914 4959 :
2956 4924 2974 4957 ι
3014 4905 3293 4963 Neminem
3320 4910 3372 4963 in
3401 4920 3539 4963 terra
3567 4912 3886 4978 magistrum

2311 4995 2620 5064 appelletis;
2652 5013 2788 5052 unus
2814 5009 2898 5054 est
2923 5003 3063 5054 enim
3093 5001 3282 5054 doctor
3309 5012 3484 5054 vester
3504 5002 3830 5058 Christus".
3862 5024 3881 5055 ι

2313 5087 2447 5140 Dum
2486 5087 2555 5140 ita
2589 5091 2860 5158 apostolos
2897 5093 3238 5154 hortabatur,
3273 5091 3411 5143 haud
3447 5101 3596 5146 certe
3629 5095 3886 5149 deitatem

2314 5197 2342 5232 a
2367 5181 2561 5234 visibili
2588 5199 2812 5252 corpore
2836 5184 3155 5252 scparabat;
3185 5197 3353 5250 neque
3384 5183 3495 5252 ipse
3519 5183 3769 5241 Christus
3798 5201 3887 5240 se-

2317 5282 2422 5323 met
2453 5273 2519 5325 ab
2551 5272 2729 5326 anima
2762 5285 2813 5326 et
2845 5288 3007 5326 carne
3039 5273 3267 5326 divisum
3300 5279 3602 5344 reputabat.
3638 5277 3728 5332 Sic
3759 5292 3887 5348 ergo

2895 5427 2936 5458 "
2963 5426 3002 5480 ll
3028 5429 3157 5485 Cor.
3190 5447 3264 5496 tv,
3305 5432 3349 5486 ι.
3464 5433 3668 5490 5’Osce
3725 5451 3773 5502 v,
3832 5437 3882 5492 Ι.

2313 5631 2517 5698 ργὶιιευς
2540 5651 2748 5714 ,ἔξηνε-ε
2789 5646 2975 5690 contra
3025 5638 3314 5714 Diodorum
3363 5651 3509 5714 erat,
3544 5642 3653 5714 duo
3693 5643 3884 5714 reliqui

2312 5715 2498 5756 contra
2540 5703 2907 5775 Theodorum,
2953 5718 3007 5762 ut
3046 5725 3112 5764 ex
3157 5712 3395 5781 ipsorum
3439 5712 3605 5768 initiis
3647 5703 3880 5770 consmt.
