4092 6334
176 398 312 455 Η49

1371 387 1787 445 FRAGMENTA
1827 385 2237 443 DOGMATICA.

3280 386 3417 444 “50

178 528 296 565 cum
329 511 466 564 Deus
495 517 638 564 esset
666 516 718 561 et
748 508 927 571 homo,
962 520 1153 576 nempe
1186 506 1583 563 visibili'iorma
1618 525 1727 563 ser-
1766 515 1807 569 Α
1838 516 1923 561 cta
1962 517 2065 561 est.
2106 508 2198 562 Sic
2235 504 2487 560 Dominus
2522 504 2648 558 dum
2695 506 2747 558 in
2777 502 3013 575 Virginis
3049 513 3203 559 utero
3238 516 3414 570 esset,

179 618 294 665 vus,
333 600 677 656 intellectuali
713 600 901 654 notitia
941 598 1220 661 Dominus,
1256 598 1474 652 deltatis
1508 600 1739 653 excelsi—

182 705 339 748 tatem
372 694 471 747 sub
501 692 685 746 humili
719 690 1071 746 humanitatis
1100 703 1261 742 sensu
1294 689 1503 743 celabat
1535 712 1546 743 :
1585 692 1739 743 vicis-

181 789 387 853 simque
432 784 662 838 visibilis
708 782 953 851 eorporis
1002 779 1397 845 humilitatem,
1444 780 1741 833 divinitatis

182 879 411 933 ellicacia
437 876 750 933 extollebat.

469 991 688 1047 Joasms
725 990 1086 1044 C£SARIENSIS
1125 1006 1449 1046 ADNO'I‘ATIO.

248 1120 424 1177 Locus
468 1121 864 1188 suprascriptus
909 1136 938 1173 a
989 1120 1196 1189 Cyrillo
1243 1129 1428 1189 contra
1477 1118 1740 1172 Theodori

184 1194 483 1247 doctrinam
520 1191 840 1259 productus,
878 1188 1151 1244 auctorem
1193 1191 1351 1243 habet
1384 1188 1740 1257 Theophilum

182 1262 597 1317 Alexandrinum
627 1261 959 1327 episcopum.

250 1330 579 1402 Cyrillusin
626 1329 727 1402 alia
776 1330 1041 1383 sententia
1087 1330 1326 1402 ejusdem
1383 1330 1502 1384 libri
1556 1337 1741 1402 contra

185 1398 445 1455 Theodori
477 1398 811 1462 doctrinam;
844 1414 964 1466 quas
992 1399 1252 1466 particula
1285 1408 1459 1453 exstat
1490 1402 1541 1451 in
1576 1398 1741 1466 printa

184 1473 243 1524 ad
278 1471 593 1524 Cledonium
630 1470 853 1535 epistola
887 1468 1131 1535 Gregorii
1171 1468 1487 1522 Nazianzeni
1527 1468 1593 1521 ad
1625 1468 1745 1521 Cleo

184 1544 417 1593 donium.
451 1538 642 1603 Incipit
677 1538 1023 1604 fragmentum
1054 1552 1071 1588 :
1109 1536 1182 1588 Ne
1216 1539 1458 1592 homines
1495 1539 1579 1593 isti
1614 1539 1744 1590 alios

183 1611 470 1678 decipiant.
503 1607 701 1660 Desinit
736 1624 751 1659 :
783 1609 950 1662 Totus
981 1610 1141 1660 homo
1172 1608 1222 1659 in
1257 1618 1535 1675 peccatum
1570 1612 1747 1676 lapsus

186 1684 493 1749 relingatur.

458 1789 545 1843 14.
591 1789 733 1841 Idem
766 1788 995 1856 Cyrillus
1027 1786 1078 1839 in
1112 1789 1289 1840 eodem
1321 1788 1477 1841 libro.

1849 607 2009 666 atque
2041 598 2107 650 ad
2138 596 2281 649 illius
2311 594 2665 648 substantiam
2702 594 2877 647 adhuc
2908 594 3180 658 attineret,
3209 596 3414 647 honore

1851 688 1968 741 Filii
1991 689 2230 740 carebat.
2253 684 2386 739 Cum
2410 694 2588 739 autem
2612 685 2984 739 conformatus
3004 692 3106 748 est,
3133 684 3388 752 templum

1849 791 1954 844 que
1990 775 2081 829 Dei
2108 776 2265 829 Verbi
2298 773 2519 827 elTeetns
2556 781 2772 839 recepto
2808 771 3125 839 Unigenito,
3159 771 3416 825 honorent

1850 867 2081 920 nominis
2111 866 2331 935 adeptus
2361 875 2478 928 est,
2508 880 2574 917 ex
2605 878 2713 933 quo
2745 863 2819 917 illi
2853 864 3021 932 gloria
3057 862 3285 915 accessit
3316 861 3413 930 (l).

1978 979 2061 1033 18.
2107 978 2252 1032 Idem
2284 977 2513 1046 Cyrillus
2546 986 2737 1029 contra
2771 976 2987 1029 Diodori
3015 977 3290 1042 scriptum.

1921 1111 2368 1166 Pra'clarissime!
2406 1111 2528 1170 Aio,
2553 1111 2715 1165 verba
2740 1123 2858 1177 quae
2894 1123 3052 1161 nemo
3087 1107 3291 1173 docuit,
3324 1108 3416 1159 sed

1851 1217 1878 1255 a
1910 1212 1959 1256 te
1988 1201 2198 1271 publice
2225 1201 2668 1271 pronuntiantur,
2696 1197 3028 1266 gravissimis
3054 1200 3306 1251 sordibus
3335 1197 3416 1248 iu-

1850 1291 2082 1359 quinari.
2113 1289 2307 1345 Sancta
2343 1290 2429 1344 illa
2461 1306 2614 1354 caro,
2646 1304 2765 1359 quae
2796 1288 2975 1342 Mariae
3004 1287 3127 1349 fuit,
3156 1286 3265 1353 jam
3296 1286 3419 1339 inde

1853 1397 1878 1432 a
1908 1382 2080 1448 primo
2106 1394 2396 1447 conceptus
2426 1391 2723 1445 momento,
2750 1382 2862 1434 sive
2893 1381 2944 1434 in
2974 1387 3126 1433 utero
3151 1379 3421 1431 exsisten-

1853 1475 1962 1536 tiae,
1999 1481 2181 1526 sancta
2225 1472 2346 1538 fuit,
2388 1482 2573 1541 utpote
2615 1472 2821 1525 Christi
2868 1485 3060 1539 corpus
3100 1488 3112 1521 ι
3154 1483 3421 1536 nemoque

1853 1564 1930 1617 vel
1962 1572 2175 1617 tenuem
2205 1565 2449 1618 concedit
2479 1563 2740 1631 temporis
2771 1561 2937 1615 fuisse
2967 1560 3285 1623 articulum,
3316 1572 3421 1627 quo

1856 1655 1939 1707 illa
1968 1655 2268 1709 communis
2295 1655 2615 1721 czeterisque
2648 1652 2903 1705 carnibus
2931 1651 3124 1704 similis
3155 1649 3337 1711 fuerit,
3366 1659 3421 1700 ut

1855 1762 1882 1797 ει
1913 1756 1963 1798 te
1992 1747 2191 1799 dictum
2219 1755 2333 1807 est,
2365 1755 2419 1799 et
2450 1759 2550 1797 non
2583 1745 2761 1812 potius
2785 1740 2943 1795 Verbi
2978 1756 3123 1794 caro.

260 1918 276 1949 ι
322 1898 457 1952 Cum
492 1898 809 1966 Unigenitus
840 1912 896 1950 se
929 1896 1324 1960 incarnaverit,
1358 1898 1447 1964 qui
1480 1897 1584 1949 vita
1618 1912 1739 1948 sua-

1855 1881 1927 1933 Ex
1961 1879 2154 1932 SEVERI
2186 1881 2513 1966 Aurio‘cnen't
2543 1891 2798 1966 A'POLOGIA
2829 1890 2927 1929 PRO
2955 1889 3122 1966 opiter.
3151 1890 3252 1966 sono
3278 1890 3417 1937 ouoo

186 2000 269 2057 pte
304 1999 494 2040 natura
526 1996 627 2047 est,
664 2001 908 2054 regressa
940 1996 1022 2039 est
1053 1988 1117 2038 ad
1150 1987 1312 2038 vitam
1348 1997 1535 2039 natura
1570 1988 1745 2040 homi-

188 2082 286 2132 nis.
316 2078 433 2147 Ipse
461 2092 588 2132 vero
615 2086 772 2144 caput
799 2077 1041 2130 omnium
1072 2084 1178 2139 est,
1209 2076 1439 2144 ideoque
1466 2077 1749 2130 vivilicans

190 2171 311 2223 illud
359 2171 536 2223 Patris
575 2168 804 2222 Verbum
830 2183 1046 2221 carnem
1091 2168 1191 2221 sibi
1238 2168 1509 2236 propriam
1559 2167 1749 2220 ascivit

186 2278 301 2330 quae
342 2264 395 2314 in
438 2261 626 2314 mortis
670 2259 934 2326 mancipio
975 2268 1114 2321 erat,
1153 2268 1211 2311 ut
1255 2260 1380 2311 dum
1421 2275 1539 2311 eain
1589 2259 1745 2310 morti

185 2352 607 2421 corruptelzrque
639 2352 971 2418 superiorem
1001 2350 1257 2413 elliceret,
1295 2350 1434 2403 idem
1470 2349 1622 2403 nobis
1653 2351 1747 2401 do-

187 2458 309 2497 num
357 2444 739 2511 impertirctur.
779 2442 954 2510 Atque
997 2450 1052 2494 ut
1098 2442 1150 2495 in
1198 2442 1387 2495 mortis
1426 2450 1748 2509 potestatein

186 2536 374 2588 Adami
408 2550 571 2588 causa
610 2534 915 2599 incidimus,
948 2536 1017 2587 ita
1056 2549 1151 2601 per
1180 2534 1456 2587 Christum
1492 2548 1520 2585 a
1560 2534 1751 2585 mortis

186 2627 388 2679 saevitia
418 2625 647 2687 liberati,
674 2625 850 2678 denuo
878 2625 1147 2678 tendimus
1172 2626 1238 2677 ad
1268 2625 1747 2677 immortalitatem.

190 2758 271 2810 Ιῦ.
320 2756 463 2809 Idem
494 2756 718 2825 L’yrillus
745 2758 797 2807 in
825 2755 977 2807 tertio
1005 2766 1185 2806 contra
1213 2753 1541 2825 Theodorum
1581 2753 1752 2825 Mons-

254 2830 435 2881 ucslia:
459 2822 753 2892 episcopum
794 2826 956 2885 libro,
983 2826 1071 2892 qui
1100 2827 1321 2893 incipit:
1363 2844 1380 2876 t
1415 2823 1608 2875 Nostra
1643 2822 1754 2888 for-

254 2902 395 2953 sitan
428 2899 580 2949 verba
614 2899 747 2948 dura
781 2906 922 2948 sunt.
962 2912 979 2944 ι

255 3033 391 3085 Audi
424 3046 522 3085 nos
554 3032 731 3100 itaque
762 3038 922 3099 atque
951 3028 1209 3099 intellige,
1238 3044 1270 3084 o
1297 3029 1480 3094 homo,
1510 3030 1751 3099 mysterii

188 3123 632 3192 profunditatem,
656 3124 796 3190 quod
824 3137 945 3174 cum
973 3137 1253 3176 sacrorum
1284 3122 1539 3176 librorum
1568 3124 1753 3175 ortho-

1962 1964 2295 2003 INSCRIBITUR
2328 1947 2669 2011 Philalethes,
2701 1961 2751 1999 IN
2782 1960 2970 2000 CODICE
3000 1946 3133 1999 Vn“.
3167 1946 3293 1999 Sin.

2055 2062 2141 2117 19.
2184 2061 2330 2115 Idem
2362 2059 2589 2129 Cyrillus
2620 2061 2870 2115 adversus
2902 2058 3213 2113 Diodorum.

1926 2196 2094 2249 Sicuti
2129 2197 2291 2250 etiam
2330 2196 2466 2249 idem
2504 2196 2731 2248 Verbum
2755 2236 2768 2260 ,
2807 2196 2871 2249 de
2908 2194 3082 2248 Patris
3118 2196 3416 2248 substantia

1852 2288 2116 2357 genitum,
2157 2287 2442 2339 Abrahami
2494 2300 2675 2340 semen
2726 2288 2775 2339 in
2822 2301 2987 2339 carne
3032 2286 3419 2354 apprehendit,

1857 2380 2013 2447 idque
2057 2392 2153 2445 per
2189 2377 2609 2444 dispensationis
2652 2376 2995 2444 mysterium,
3036 2376 3152 2428 sine
3197 2377 3423 2444 propria:

1859 2469 2171 2524 substantiae
2214 2468 2558 2523 detrimento.
2609 2466 2816 2521 Etenim
2869 2482 2991 2519 cum
3042 2477 3185 2521 esset
3234 2475 3425 2525 natura

1861 2562 2031 2622 Deus,
2067 2573 2224 2613 verus
2260 2574 2474 2628 quoque
2514 2560 2747 2613 hominis
2783 2558 2954 2614 Filius
2992 2558 3169 2614 factus
3203 2571 3285 2614 est
3321 2578 3332 2613 :
3372 2570 3427 2612 et.

1858 2652 1948 2718 qui
1980 2649 2147 2703 Filius
2179 2648 2322 2702 Patri
2358 2651 2465 2703 Deo
2495 2659 2599 2713 est,
2629 2664 2735 2702 non
2770 2660 2852 2703 est
2882 2651 2955 2703 illi
2988 2659 3299 2716 extraneus,
3330 2665 3424 2704 ne-

1857 2755 1959 2808 que
1988 2740 2180 2793 falsum
2211 2740 2328 2793 Filii
2360 2754 2553 2794 nomen
2585 2741 2722 2809 gerit
2752 2758 2765 2794 :
2795 2742 2994 2795 etenim
3026 2756 3212 2810 reapse
3238 2758 3299 2796 ex
3334 2740 3427 2795 illo

1858 2839 2013 2884 natus
2039 2840 2120 2884 est
2143 2831 2398 2884 inell'abili
2425 2846 2732 2902 arcanoque
2759 2834 2937 2897 modo,
2962 2848 3268 2902 quanquam
3293 2850 3425 2888 non-

1858 2922 1959 2975 nisi
1983 2922 2036 2975 in
2057 2935 2220 2976 carne
2242 2932 2365 2992 post
2388 2924 2771 2978 adunationem
2796 2936 3176 2994 cognoscatur.
3196 2924 3273 2979 Tu
3297 2940 3427 2996 ergo

1856 3015 1983 3068 dum
2008 3014 2125 3081 ejus
2156 3015 2527 3070 tantummodo
2560 3018 3067 3071 transmutationem
3098 3018 3339 3073 admittis
3375 3022 3426 3071 in

1855 3122 2072 3162 carnem
2110 3107 2402 3161 inanimem
2442 3107 2830 3175 intellectuque
2861 3118 3171 3173 carentem,
3208 3112 3425 3163 unicum

186 3217 343 3270 doxia
371 3228 641 3282 sc0poque
667 3214 956 3267 consentit.
987 3213 1169 3269 Deitas
1195 3230 1224 3268 a
1254 3230 1437 3280 carne,
1467 3216 1518 3270 id
1544 3227 1628 3269 est
1657 3216 1747 3269 liii-

1860 3200 2006 3253 itlum
2048 3200 2100 3252 in
2147 3198 2283 3253 duos
2328 3198 2522 3253 dividis
2572 3197 2733 3264 ﬁlios,
2777 3200 3058 3255 veritatem
3105 3201 3243 3254 hanc
3285 3201 3427 3270 quod

187 3322 343 3363 mana
379 3316 598 3369 natura,
629 3304 801 3359 dilfert
839 3307 1136 3359 secundum
1174 3307 1449 3374 utriusque
1484 3307 1752 3375 propriam

186 3398 471 3452 rationem.
510 3396 677 3449 Secus
716 3395 986 3463 quomodo
1029 3396 1185 3447 nobis
1226 3396 1418 3450 similis
1455 3397 1752 3459 evasisset,

185 3485 619 3556 quandoquidem
647 3486 737 3539 Dei
762 3483 995 3539 Verbum
1024 3486 1074 3538 in
1100 3499 1197 3539 suo
1222 3500 1443 3555 prorsus
1466 3496 1607 3541 statu
1634 3503 1755 3556 per-

187 3578 419 3633 mansit?
451 3578 641 3631 Verum
683 3578 728 3631 si
768 3578 918 3631 carni
954 3578 1069 3646 ejus
1104 3578 1515 3646 inseparabilem
1551 3582 1755 3633 aduna-

187 3671 383 3723 tionem
417 3669 698 3733 attribuas,
727 3682 902 3737 neque
926 3682 1046 3723 eam
1078 3684 1171 3723 sua
1198 3678 1347 3723 veste
1377 3670 1601 3738 spolies,
1632 3673 1743 3724 uni-

187 3776 305 3814 cum
350 3771 479 3815 tunc
520 3761 713 3814 Filium
756 3762 1009 3816 adorabis
1052 3762 1194 3815 Patri
1240 3763 1751 3816 consubstantialem

185 3852 489 3913 divinitate,
515 3851 669 3904 nobis
700 3854 823 3904 item
856 3854 1365 3908 consubstantialem
1396 3855 1750 3908 humanitate.

188 3945 354 3999 Porro
378 3944 467 4010 qui
500 3943 572 3994 ita
601 3943 808 4010 opinari
836 3943 1157 4009 decernunt,
1184 3946 1263 3999 eis
1291 3947 1544 4000 Christus
1573 3946 1751 4001 lumen

188 4036 492 4106 suppeditat
522 4033 589 4086 ad
620 4033 819 4087 suimet
848 4036 1159 4105 mysterium
1190 4038 1643 4104 cognoscendum.

458 4165 545 4220 16.
588 4165 732 4220 Idem
767 4166 995 4237 Cyrillns
1030 4171 1080 4223 in
1115 4172 1291 4223 eodem
1324 4168 1475 4230 libro.

255 4278 499 4334 llominis
539 4295 659 4348 qum
702 4281 754 4334 in
798 4282 1015 4335 Christo
1059 4291 1142 4337 est
1187 4291 1412 4346 natura,
1458 4282 1753 4336 honoratur

186 4390 316 4431 sane
359 4387 423 4426 ac
459 4374 857 4439 sanctiﬁcatut‘;
896 4385 1266 4429 verumtamen
1311 4384 1575 4444 quatenus
1615 4376 1755 4429 Deus

186 4480 285 4533 est,
324 4466 589 4536 baptisnto
626 4480 731 4518 non
774 4466 1063 4535 indigebat,
1102 4481 1274 4535 neque
1310 4467 1542 4535 Spiritus
1578 4470 1750 4523 sancti

186 4560 347 4621 dono,
373 4556 801 4626 quandoquidem
834 4558 1004 4625 ipsum
1034 4558 1295 4621 Spiritum
1327 4560 1466 4612 idem
1496 4564 1678 4614 donat.

189 4695 258 4749 Ex
299 4706 516 4748 ωενιτο
548 4687 841 4742 Pliilaletlie
877 4690 1072 4743 Ssvem
1108 4707 1439 4745 nartocusui
1480 4709 1528 4746 IN
1566 4708 1751 4748 CODICE

670 4758 899 4813 Srniaco
935 4760 1231 4814 VATICANO.

190 4875 272 4927 l7.
312 4872 573 4928 Diodorus
600 4868 749 4923 Tarsi
775 4869 1043 5010 Episcopus
1074 4869 1217 5007 ξιῗρὲἑ
1243 4868 1475 4922 Nestorii
1503 4871 1749 4938 magister

800 4953 871 4992 ita
904 4949 1107 5004 scripsti
1143 4975 1157 4989 .

800 4953 871 4992 ita
904 4949 1107 5004 scripsti
1124 4949 1157 5004 |.

251 5076 384 5130 Cum
415 5077 585 5129 adhuc
614 5075 796 5129 Mariae
821 5082 962 5128 esset
991 5083 1118 5125 caro
1145 5070 1254 5133 illa,
1285 5072 1505 5124 necdum
1535 5087 1749 5126 assmu-

186 5177 303 5233 pta,
341 5177 549 5219 terrena
582 5177 727 5231 erat,
767 5180 938 5235 neque
970 5165 1235 5218 ullatenus
1265 5178 1294 5217 a
1326 5165 1536 5217 caeteris
1569 5166 1748 5219 carni-

185 5261 281 5313 bus
312 5256 589 5311 diﬂerebat
619 5274 630 5307 :
660 5258 751 5309 sed
783 5257 833 5308 in
865 5258 1142 5311 uativitate
1171 5259 1384 5311 demum
1419 5256 1622 5310 honore
1653 5273 1747 5309 au-

269 5438 333 5505 t!)
379 5435 537 5509 Vides
571 5443 749 5506 putant
782 5433 1024 5509 haeresim
1059 5434 1461 5509 Nestorianam,
1494 5454 1653 5509 quam
1690 5440 1741 5493 iii

186 5520 443 5574 sequente
477 5505 775 5573 fragmento
805 5505 1040 5558 retundit
1071 5505 1321 5572 Cyrillus.

254 5580 332 5648 (2)
373 5576 611 5644 lutellige
651 5575 947 5648 apologiam
988 5584 1175 5648 contra
1219 5576 1507 5648 orientales
1545 5579 1742 5646 cpisco-

222 5643 297 5700 os.
340 5648 446 5700 Sed
491 5643 778 5701 tatttcu'de
822 5643 1069 5711 capitulis
1112 5658 1322 5711 quoque
1367 5643 1631 5699 Theodori
1680 5666 1741 5701 ac

222 5666 297 5700 os.
340 5661 446 5700 bed
491 5661 667 5701 tamen
712 5661 778 5699 ue
822 5661 1069 5711 captiuus
1112 5661 1322 5711 quoque
1377 5661 1631 5699 inoouori
1680 5666 1738 5701 ac

187 5661 404 5770 fiiodori
446 5733 473 5769 a
515 5732 571 5771 se
614 5715 854 5768 refutatis
895 5714 1126 5781 loquitur
1158 5711 1390 5780 Cyrillus
1438 5716 1486 5766 iu
1514 5719 1738 5783 epistola

188 5789 252 5840 ad
279 5788 533 5843 Acacium
563 5784 960 5840 Heliteuensem
986 5785 1292 5853 episcopum
1325 5787 1441 5854 (cp.
1478 5784 1567 5855 40)
1600 5806 1611 5841 ;
1648 5788 1738 5840 In-

504 5879 784 5941 Pn‘utiL.
822 5879 934 5939 GR.
966 5878 1068 5938 LX
1085 5876 1238 5935 XVI.

1858 3306 1997 3345 unus
2028 3290 2098 3344 sit
2129 3288 2294 3344 Filius
2327 3290 2486 3360 impie
2521 3305 2801 3359 respuens.

1916 3423 1990 3477 EX
2026 3439 2198 3476 EAM-3M
2235 3422 2432 3477 SEVERI
2464 3424 2795 3478 ANTIOCIIENI
2828 3440 3085 3480 APOLOGIA
3118 3442 3167 3479 IN
3197 3442 3373 3480 εουεκ

2533 3509 2746 3547 CODICE.

2043 3606 2131 3661 20.
2178 3606 2327 3659 Idem
2361 3606 2592 3675 Cyrillus
2628 3606 2877 3663 adversus
2917 3608 3227 3665 Diodorum.

1929 3717 2079 3786 Szepe
2104 3718 2212 3785 jam
2241 3718 2495 3785 diximus,
2523 3734 2627 3788 quo
2660 3727 2899 3788 tempore
2928 3722 3283 3791 capitulorum
3312 3740 3428 3780 om—

1856 3811 2003 3890 nium
2032 3810 2330 3877 apologiam
2358 3811 2755 3879 quodammodo
2790 3811 3014 3867 fecimus
3043 3815 3142 3885 (τὶ),
3172 3833 3276 3871 non
3304 3834 3429 3887 pro-

1858 3912 2039 3969 pterea
2079 3901 2222 3967 quod
2267 3911 2472 3954 natum
2514 3902 2579 3953 ad
2622 3903 3004 3958 adunalionem
3047 3917 3425 3973 accesserunt,

1858 3990 2061 4045 idcirco
2100 3992 2413 4047 dualitatem
2450 3993 2535 4061 (in
2570 3992 2820 4066 Christo)
2855 4010 2975 4050 esse
3010 3997 3423 4053 admittendam.

1858 4081 2067 4136 Etenim
2109 4083 2250 4136 sicut
2275 4084 2456 4145 homo,
2484 4084 2729 4151 quamvis
2763 4101 2829 4140 ex
2868 4086 3048 4139 anima
3084 4086 3332 4142 rationali
3374 4100 3428 4145 et

1857 4187 2083 4241 corpore
2120 4175 2471 4241 compositus,
2508 4188 2647 4227 unus
2682 4185 2765 4228 est
2801 4191 2974 4243 neque
3007 4179 3058 4231 in
3095 4178 3203 4233 duo
3234 4181 3425 4237 dividi-

1859 4274 1964 4328 tur,
2004 4266 2160 4331 idque
2201 4274 2369 4317 totum
2410 4264 2608 4318 dicitur
2644 4266 2840 4319 animal
2882 4269 3141 4325 rationale
3176 4286 3239 4326 ac
3279 4288 3426 4327 mor-

1858 4355 1978 4421 tale,
2005 4369 2310 4425 quanquam
2340 4371 2530 4425 rcapse
2557 4372 2659 4411 una
2694 4359 2744 4411 in
2776 4369 2926 4427 parte
2957 4363 3204 4425 mortale,
3235 4365 3289 4418 in
3321 4366 3424 4420 alia

1856 4446 2145 4511 rationale;
2184 4447 2262 4500 sic
2295 4447 2458 4501 etiam
2500 4447 2841 4514 Emmanuel,
2880 4465 3001 4504 eum
3035 4454 3105 4507 sit
3142 4468 3310 4518 unus,
3346 4458 3428 4511 di-

1785 4539 1829 4594 D
1859 4537 2081 4591 vinitate
2107 4546 2159 4590 et
2185 4538 2514 4591 humanitate
2535 4551 2811 4606 constans,
2836 4556 3062 4610 quarum
3088 4560 3183 4613 per
3202 4562 3259 4601 se
3284 4559 3425 4601 utra-

1861 4643 1963 4697 que
1998 4629 2232 4696 perfecta
2268 4637 2376 4688 est,
2416 4629 2552 4682 idem
2591 4629 2729 4685 Deus
2763 4642 2841 4685 est
2873 4640 2925 4685 et
2960 4634 3149 4699 homo,
3189 4639 3426 4692 mortalis

1860 4731 1911 4771 et
1940 4721 2258 4773 immortalis
2276 4762 2288 4783 ,
2320 4722 2626 4787 temporalis
2652 4734 2704 4775 et
2731 4723 2879 4790 prior
2903 4726 3154 4781 oumibus
3184 4728 3421 4793 szeculis,

1859 4804 2133 4875 palpabilis
2157 4820 2209 4862 et
2235 4810 2611 4879 impalpabilis,
2636 4813 2863 4867 visibilis
2888 4827 2939 4867 et
2964 4815 3266 4868 invisibilis.
3293 4816 3424 4873 Nam

1857 4899 1901 4951 si
1951 4898 2035 4952 ille
2082 4910 2268 4952 natura
2318 4917 2412 4955 sua
2464 4903 2800 4965 immortalis.
2848 4906 2977 4957 nihil
3028 4909 3345 4974 sumpsisset
3394 4927 3422 4963 a

1858 4990 2068 5043 mortali
2108 5000 2321 5053 natura,
2362 4993 2411 5046 id
2447 5003 2528 5046 est
2560 4993 2850 5046 Abrabanii
2889 4992 3113 5056 semine,
3151 4994 3293 5051 haud
3331 5015 3427 5053 nos

1856 5081 2102 5147 equidem
2135 5086 2372 5137 renovati
2405 5099 2645 5137 essemus
2678 5094 2836 5149 atque
2868 5082 2931 5135 ad
2967 5084 3424 5145 immortalitatem

1858 5175 2053 5239 erecti;
2096 5190 2339 5243 vanaque
2387 5187 2565 5229 nostra
2612 5176 2741 5228 tides
2791 5175 2959 5243 foret,
2998 5185 3052 5231 et
3098 5179 3149 5233 in
3195 5186 3424 5251 peccatis

1861 5264 2060 5318 nostris
2094 5264 2264 5316 adhuc
2290 5264 2615 5329 jaceremus.

1853 5442 2034 5509 apertis
2076 5439 2344 5513 Theodori
2371 5454 2430 5492 ac
2472 5439 2689 5513 Diodori
2730 5443 2895 5505 libris,
2934 5461 3058 5513 quos
3103 5446 3435 5511 scripserunt

1853 5529 1953 5563 non
1991 5516 2053 5563 de
2089 5510 2446 5562 incarnatione
2482 5510 2774 5581 Unigeniti,
2810 5517 2899 5567 sed
2938 5510 3101 5581 magis
3138 5510 3319 5569 contra
3358 5522 3429 5570 in-

1852 5582 2204 5654 carnationem
2224 5618 2239 5644 ,
2260 5583 2421 5654 posui
2454 5583 2639 5649 aliqua
2670 5600 2732 5635 ea:
2762 5584 3007 5654 capitulis
3027 5622 3039 5644 ,
3073 5594 3119 5636 et
3152 5603 3253 5654 quo
3283 5599 3427 5653 potui

1850 5651 2001 5727 modo
2030 5652 2325 5701 rontradixi
2358 5654 2455 5727 eis,
2486 5654 2760 5727 declarans
2792 5651 3179 5709 abominatione
3211 5651 3426 5727 prunus

1849 5722 2053 5787 plemnn
2084 5736 2193 5774 esse
2226 5726 2535 5777 sententiam
2571 5726 2822 5792 ipsorum.

3036 5883 3107 5943 46
