4092 6334
631 375 764 434 “5|

1608 381 1664 437 S.
1703 381 1980 439 CYRILLI
2021 386 2437 443 FRAGMENTA
2483 386 2896 443 DOCMATICA.

3728 387 3873 444 “52

621 491 696 543 Ex
725 505 1120 555 QUESTIONIBUS
1154 491 1350 546 SEVERI
1379 493 1703 570 Asrtoeusm
1731 513 1836 550 cmi
1866 513 2188 567 unguens,
2220 505 2262 560 Α
2295 500 2663 570 imperfectus,
2693 509 2912 570 peccato
2939 511 3127 553 carere
3159 497 3383 568 nequit:
3411 499 3611 554 etenim
3640 501 3729 570 qui
3760 518 3869 556 una

1075 577 1127 616 IN
1164 577 1282 616 ALIO
1315 577 1438 615 con.
1466 564 1592 616 Sru.
1628 564 1764 620 Vn.

816 672 907 728 21.
954 673 1099 728 Idem
1134 675 1357 743 Cyrillns
1389 677 1635 730 adversus
1671 679 1980 733 Diodorum.

695 786 954 839 Sanctum
987 787 1128 838 enim
1159 796 1241 840 est
1272 802 1333 841 ac
1363 788 1482 842 sine
1513 800 1738 857 peccato
1765 805 1962 858 corpus
1990 792 2191 846 Christi

625 877 718 931 Dei
758 878 1169 947 Servatorisque
1204 881 1370 933 nostri
1410 896 1424 933 :
1461 889 1515 933 et
1548 881 1688 948 quod
1723 881 1937 950 quidem
1973 883 2039 936 ad
2075 883 2191 936 cul-

625 982 746 1036 pam
788 969 999 1033 attinet,
1030 968 1139 1037 jam
1181 970 1306 1024 inde
1349 987 1377 1023 a
1421 971 1597 1040 primo
1641 974 2026 1028 incarnationis
2077 989 2192 1029 mo-

625 1067 808 1113 mento
840 1059 1244 1128 incorruptibile
1276 1061 1404 1127 fuit,
1435 1071 1597 1128 atque
1626 1063 1677 1116 in
1710 1078 1772 1118 ea
1804 1065 2058 1132 qualitate
2087 1077 2191 1120 non

623 1157 705 1202 ρει
743 1148 790 1202 ei
831 1148 936 1202 ulla
970 1149 1242 1205 nobiscum
1281 1151 1586 1206 conmmuio
1621 1152 1700 1207 vel
1738 1154 2033 1206 similitudo
2069 1177 2080 1210 :
2111 1165 2193 1208 et-

623 1237 767 1291 enim
810 1237 913 1292 alia
954 1241 1141 1307 quavis
1187 1254 1246 1294 re
1289 1241 1440 1315 nobis
1480 1251 1560 1295 est
1598 1242 1790 1296 similis
1834 1254 2188 1312 praeterquam

623 1327 799 1396 culpa.
828 1326 1130 1398 Caateroqui
1160 1331 1403 1384 eamdem
1433 1345 1648 1384 carnem
1678 1332 2033 1400 eumdemque
2061 1350 2193 1388 sau-

621 1419 839 1488 guinem
871 1420 948 1473 uti
973 1435 1070 1475 nos
1093 1420 1456 1490 participavit,
1478 1431 1536 1475 ut
1563 1422 1636 1475 ait
1662 1423 1948 1491 Apostolus
1970 1425 2035 1476 ⁸⁵.
2058 1423 2100 1480 0
2121 1426 2190 1480 mi

621 1513 915 1566 reverenda
939 1513 1028 1582 qui
1056 1513 1218 1568 stulta
1247 1529 1310 1569 ac
1337 1515 1645 1583 turpissima
1672 1516 1832 1568 verba
1861 1515 2073 1582 elfutis;
2101 1534 2190 1572 sa-

620 1617 772 1655 crmn
808 1604 1023 1670 quidem
1059 1619 1253 1675 corpus
1287 1606 1416 1661 illud
1448 1607 1514 1660 de
1548 1604 1714 1659 Maria
1749 1619 2064 1676 sumptum,
2105 1611 2192 1663 in»-

624 1693 864 1748 firmitati
891 1703 1004 1749 erat
1033 1696 1345 1760 obnoxium,
1372 1696 1462 1750 sed
1493 1707 1669 1750 tamen
1691 1696 1800 1763 jam
1831 1697 1952 1752 inde
1981 1700 2047 1754 ab
2075 1700 2191 1769 ejus

621 1785 983 1841 concretiOuis
1008 1787 1178 1851 initio,
1201 1799 1254 1842 et
1282 1787 1331 1841 in
1361 1795 1515 1840 utero
1540 1786 1919 1855 subsistentiae,
1943 1802 2186 1844 sanctum

623 1873 810 1941 utique
845 1887 1059 1943 semper
1091 1874 1220 1938 fuit,
1256 1876 1381 1944 quia
1417 1874 1620 1929 Christi
1657 1891 1852 1946 corpus
1885 1887 2032 1942 erat,
2071 1878 2188 1931 titil-

623 1965 842 2031 lnmque
889 1966 1144 2033 temporis
1192 1965 1530 2021 intervallum
1587 1965 1705 2034 fuit,
1749 1982 1855 2037 quo
1903 1969 2030 2022 illud
2085 1986 2189 2022 uon

624 2056 940 2123 possederit.
975 2057 1139 2112 Porro
1172 2057 1416 2128 simplex,
1459 2067 1515 2112 ut
1550 2059 1649 2123 ais,
1686 2069 1785 2122 est,
1824 2061 2033 2116 czeteris
2068 2077 2193 2116 car—

624 2147 781 2202 nibus
811 2160 1204 2218 comparatum.

621 2262 711 2316 '29..
739 2262 867 2316 IDEM
892 2263 1160 2320 CYRILIJJS
1178 2282 1310 2321 non
1339 2265 1537 2323 SEVERI
1563 2283 1965 2326 acomcertcun
1987 2283 2197 2324 CONTRA

693 2331 959 2388 JULIANUM
997 2335 1555 2401 IIALICARNASSENSEM,
1585 2357 1633 2393 IN
1662 2354 1852 2395 CODICE
1870 2339 1996 2394 SYR.
2024 2338 2157 2394 Vn.

693 2445 1043 2514 Participavit
1079 2448 1240 2516 igitur
1273 2463 1426 2516 reque
1466 2465 1529 2502 ac
1574 2466 1672 2504 nos
1717 2465 1935 2504 carnem
1981 2462 2033 2505 et
2074 2467 2197 2506 sau-

624 2540 860 2609 guiuem,
910 2548 966 2592 ut
1013 2540 1064 2592 in
1109 2553 1273 2593 carne
1316 2555 1410 2593 sua
1460 2542 1783 2595 damtonlum
1836 2554 2193 2612 oppugnaret,

625 2645 798 2699 eoque
825 2629 1120 2698 profligato.
1149 2632 1393 2684 mortalia
1422 2643 1598 2686 nostra
1627 2649 1853 2702 corpora
1879 2636 1943 2686 ad
1972 2635 2190 2688 iuunoro

628 2723 884 2775 talitatem
911 2723 1245 2786 transferret,
1266 2723 1504 2792 jugoque
1531 2724 1661 2794 legis
1683 2726 2049 2793 subtraheret,
2077 2741 2195 2795 qua:

625 2816 883 2869 adversus
925 2817 1160 2870 membra
1202 2817 1381 2870 carnis
1426 2818 1801 2884 prmvaluerat.
1847 2818 1996 2872 Haud
2040 2822 2196 2874 aliter

625 2907 788 2959 vitam
826 2916 1160 2974 mortemque
1197 2908 1339 2960 inter
1369 2921 1427 2960 se
1463 2907 1648 2975 pra-lio
1679 2909 2015 2962 committere
2046 2921 2196 2977 pote-

630 3007 735 3064 rat,
773 2998 871 3051 nisi
909 2997 1121 3051 mortali
1158 3013 1384 3066 corpore
1420 3013 1547 3051 usus
1581 2997 1793 3060 fuisset,
1828 3015 2001 3068 neque
2038 3000 2190 3065 cupi-

626 3090 856 3146 ditatum
894 3102 1199 3145 nostrarunt
1234 3089 1509 3144 stimulum
1543 3089 1865 3159 obtudisset,
1898 3092 2001 3146 nisi
2033 3094 2097 3146 de
2132 3093 2196 3145 fi-

629 3193 845 3249 gmento
873 3192 1059 3236 nostro
1088 3197 1282 3250 corpus
1314 3183 1653 3252 sumpsisset.
2226 3185 2267 3242 C

627 3313 705 3368 Ex
741 3328 916 3371 LIBRIS
954 3313 1148 3368 Serrani
1188 3328 1455 3437 ADVERSSUS
1492 3313 1760 3436 {Iomanen
1786 3311 1973 3368 llauc.
2014 3329 2066 3368 lN
2103 3330 2199 3370 cu-

1192 3399 1309 3437 pies
1383 3400 1467 3437 ra.
1545 3400 1637 3437 ΛΤ.

1192 3399 1309 3438 DICE
1339 3399 1467 3437 δῐιι.
1506 3399 1532 3436 Υ
1545 3400 1637 3439 ΛΤ.

831 3497 923 3553 25.
965 3496 1115 3551 Idem
1143 3496 1374 3567 Cyrillns
1405 3499 1655 3552 adversus
1688 3497 2000 3553 Diodorum.

698 3611 822 3666 llrec
854 3621 934 3665 est
955 3653 969 3674 ,
1001 3626 1034 3664 ο
1065 3620 1248 3663 noster
1281 3609 1511 3675 sodalis,
1547 3621 1755 3666 natura:
1788 3613 2035 3666 humana:
2065 3613 2198 3666 deli-

629 3704 790 3769 nitio,
829 3718 947 3771 qua!
987 3702 1186 3756 dicitur
1219 3703 1523 3757 substantia
1562 3702 1844 3762 animalis.
1881 3703 2196 3769 rationalis,

633 3805 791 3864 atque
828 3795 1092 3848 mortalis.

816 3910 907 3962 24.
951 3908 1099 3962 Idem
1131 3908 1361 3977 Cyrinus
1389 3908 1636 3962 adversus
1661 3906 2007 3961 Theodorum.

700 4026 792 4081 Ille
834 4036 1013 4079 autem
1055 4040 1150 4077 ore
1195 4038 1292 4076 suo
1331 4022 1578 4084 dilatato,
1621 4031 1676 4074 et
1716 4021 1909 4074 laxatis
1957 4021 2201 4087 blasphe-

631 4122 754 4176 miae
781 4119 1030 4180 habenis,
1060 4115 1195 4171 dixit
1225 4114 1425 4175 Christi
1458 4112 1829 4181 imperfectam
1856 4114 2199 4167 sanctitatem

632 4216 830 4278 fuisse,
865 4224 1038 4278 neque
1075 4208 1193 4277 ejus
1231 4208 1443 4261 culmen
1480 4204 1726 4272 attigisse
1758 4212 2048 4270 antequam
2082 4203 2204 4270 Spi-

635 4310 772 4361 ritus
807 4313 1027 4358 sanctus
1061 4301 1160 4354 sub
1200 4300 1463 4354 columba:
1505 4297 1684 4367 specie
1725 4296 1777 4349 in
1815 4310 1938 4349 eum
1977 4295 2204 4349 descen-

634 4398 823 4454 disset.
855 4393 1050 4462 Quidni
1087 4399 1266 4449 autem
1298 4391 1570 4463 perfectus
1602 4388 1754 4446 erat?
1781 4386 1943 4442 Certe
2001 4388 2092 4456 qui
2122 4396 2207 4443 est

2294 593 2347 646 in
2382 599 2534 660 parte
2566 600 2786 646 sanctus
2820 591 3082 654 creditur,
3115 589 3169 645 in
3205 592 3310 645 alia
3343 590 3589 646 infirmus
3619 604 3866 662 putatur.

2293 683 2503 752 Alioqui
2535 684 2753 752 quinam
2785 683 2886 737 iste
2915 682 3158 738 defectus
3187 689 3325 749 erat,
3356 697 3514 752 quem
3546 685 3592 738 ei
3627 683 3865 754 Spiritus

2294 783 2515 829 sanctus
2555 773 2858 843 supplevit,
2891 781 2950 827 ut
2992 773 3160 827 altera
3203 788 3417 842 quoque
3458 791 3582 842 pars
3624 777 3868 843 perfecta

2293 866 2573 929 evaderet,
2607 873 2769 932 atque
2803 863 2999 917 diaboli
3036 863 3292 931 impetum
3330 864 3634 933 frangeret,
3670 875 3726 919 ut
3762 867 3866 918 ad-

2293 953 2568 1008 versarius
2606 951 2833 1007 asserit?
2868 950 3038 1005 Porro
3075 965 3180 1005 non
3215 961 3434 1006 sanctus
3472 956 3868 1018 tantummodo,

2293 1051 2344 1100 et
2386 1043 2600 1114 quidem
2645 1042 3043 1113 perfectissime
3082 1049 3231 1109 erat,
3270 1058 3459 1098 verum
3503 1045 3665 1097 etiam
3711 1044 3868 1112 plena

2295 1139 2529 1206 potentia
2570 1136 2615 1190 is
2653 1134 2909 1205 praeditus
2941 1141 3091 1200 erat,
3124 1133 3217 1202 qui
3257 1133 3472 1189 dolores
3506 1145 3667 1202 atque
3702 1149 3873 1188 omne

2293 1242 2463 1294 genus
2493 1225 2821 1282 infirmitatis
2853 1225 3099 1280 sanabat.
3126 1253 3194 1263 —
3217 1222 3350 1278 Cum
3383 1224 3521 1278 Deus
3550 1233 3739 1292 suapte
3769 1237 3872 1276 na-

2296 1329 2414 1373 tura
2456 1327 2625 1384 esset,
2666 1330 2934 1387 verusque
2979 1315 3071 1371 Dei
3114 1315 3292 1371 Patris
3337 1313 3527 1379 Filius,
3571 1316 3866 1369 humanam

2296 1409 2521 1463 formam
2543 1408 2645 1463 sibi
2670 1408 2865 1473 induit,
2887 1423 3038 1462 suam
3066 1406 3269 1462 faciens
3291 1419 3510 1461 carnem
3536 1406 3679 1460 illam
3702 1422 3870 1476 quam

2296 1500 2361 1553 de
2393 1509 2577 1553 sancta
2607 1497 2827 1568 Virgine
2865 1499 3120 1567 sumpsit.
3159 1512 3280 1566 quae
3317 1497 3558 1567 profecto
3598 1513 3725 1552 caro
3768 1497 3865 1552 Dei

2293 1599 2398 1654 est,
2425 1601 2479 1645 et
2511 1601 2776 1660 potestate
2806 1591 2987 1644 divina
3021 1590 3246 1658 pollens.
3275 1590 3478 1645 Idcirco
3507 1588 3756 1643 Christus
3780 1591 3865 1643 vi.

2296 1683 2519 1736 rificans
2550 1696 2762 1751 quoque
2793 1681 2919 1748 fuit,
2950 1689 3004 1736 et
3035 1682 3410 1737 infirmitatum
3443 1692 3683 1745 sanator,
3716 1695 3868 1734 mor—

2299 1772 2474 1842 tisque
2506 1772 2833 1827 destructor.

2487 1863 2580 1918 25.
2621 1862 2769 1917 Idem
2804 1863 3035 1934 Cyrillus
3069 1867 3321 1920 adversus
3359 1863 3670 1918 Diodorum.

2366 1971 2545 2027 Audes
2571 1974 2733 2027 etiam
2765 1974 3027 2030 herilibus
3054 1976 3244 2031 formis
3275 1976 3422 2031 illum
3453 1976 3708 2040 induere,
3739 1975 3830 2043 qui
3850 2011 3868 2036 ν

2297 2073 2354 2117 ut
2384 2065 2486 2127 ais,
2515 2065 2674 2118 homo
2700 2074 2782 2119 est
2813 2066 2877 2120 de
2904 2065 3095 2132 Maria,
3123 2077 3177 2122 et
3204 2069 3297 2135 qui
3329 2067 3485 2122 initio
3512 2082 3540 2120 a
3575 2067 3728 2121 nobis
3757 2064 3872 2117 nul-

2297 2153 2506 2207 latenus
2535 2153 2778 2208 diversus
2805 2164 2922 2208 erat
2949 2164 3039 2208 aut
3067 2158 3333 2224 superior,
3362 2157 3453 2210 sed
3486 2164 3668 2225 postea
3697 2152 3872 2206 multo

2294 2247 2582 2302 conamine
2619 2246 2740 2301 Filii
2782 2263 2976 2302 nomen
3016 2248 3352 2317 gloriamque
3389 2249 3627 2301 divinam
3665 2259 3896 2314 prome-_

2298 2337 2431 2391 ritus
2469 2346 2572 2401 est,
2611 2349 2795 2407 postea
2839 2354 3000 2408 quam
3047 2341 3258 2395 scilicet
3300 2340 3366 2393 de
3405 2349 3592 2394 ventre
3639 2338 3870 2391 exierat.

2297 2429 2461 2497 Igitur
2494 2429 2629 2495 duo,
2671 2440 2722 2484 te
2760 2439 3048 2494 censente,
3085 2441 3210 2486 sunt
3249 2433 3373 2497 lilii;
3417 2444 3692 2499 novusque
3730 2430 3876 2482 Deus

2297 2531 2379 2574 est
2415 2519 2682 2584 Christus,
2719 2522 2813 2589 qui
2853 2536 2882 2574 a
2925 2522 3033 2575 Deo
3070 2523 3469 2591 supernaturali
3510 2523 3713 2576 honore
3750 2520 3876 2574 affe-

2297 2620 2417 2666 ctus
2453 2604 2555 2675 e‘st,
2588 2610 2757 2680 magis
2797 2609 3075 2679 aliquanto
3111 2626 3274 2679 quam
3317 2611 3535 2681 reliqua:
3567 2623 3869 2673 creaturae;

2299 2713 2356 2756 ut
2388 2717 2508 2756 eum
2547 2701 2781 2768 simplici
2817 2703 3033 2757 homine
3065 2703 3320 2758 adoretur
3353 2702 3398 2758 is
3431 2706 3523 2772 qui
3559 2703 3707 2772 lapsu
3744 2713 3880 2755 tem-

2298 2793 2468 2862 poris,
2507 2807 2605 2846 nec
2644 2793 2746 2847 nisi
2785 2794 2883 2847 sub
2920 2793 3081 2847 finem
3118 2794 3342 2863 gloriam
3380 2795 3638 2864 possedit.
3681 2793 3877 2845 factus-

2298 2900 2403 2956 que
2438 2895 2520 2941 est
2552 2885 2834 2940 Trinitatis
2869 2885 3356 2953 complementum,
3394 2895 3586 2940 natura
3625 2883 3874 2954 aequalis.

2497 2998 2587 3054 ΞΟ.
2629 2997 2782 3054 Idem
2814 2999 3045 3068 Cyrillus
3077 2999 3324 3052 adversus
3358 2997 3670 3052 Diodorum.

2369 3115 2612 3184 namque
2647 3125 2706 3168 ut
2743 3130 2930 3184 passus
2965 3115 3178 3169 dolores
3218 3115 3269 3168 in
3307 3131 3490 3179 carne,
3526 3114 3877 3170 nihilominus

2305 3207 2356 3261 in
2389 3222 2498 3261 sure
2532 3207 2748 3260 deitatis
2778 3216 2969 3260 natura
3000 3206 3345 3276 impassibilis
3378 3208 3574 3259 mansit
3608 3225 3621 3260 :
3655 3208 3733 3260 sic
3766 3203 3875 3267 aio,

2304 3307 2356 3350 et
2387 3297 2510 3351 dum
2542 3304 2834 3360 cresceret,
2863 3294 3162 3364 perfectum
3191 3298 3413 3351 ouiuino
3442 3295 3628 3351 fuisse.
3658 3296 3721 3348 Et
3751 3310 3876 3347 eum

2305 3387 2566 3456 sapientia
2613 3386 2798 3456 augeri
2845 3389 3192 3452 credebatur,
3240 3399 3367 3442 tunc
3410 3389 3522 3455 ipse
3571 3387 3879 3440 redundans

2304 3479 2584 3548 sapientize
2614 3477 2734 3533 fons
2761 3486 2901 3545 erat,
2936 3494 2963 3532 a
2995 3492 3100 3548 quo
3127 3477 3308 3532 creteri
3339 3492 3525 3532 oumes
3555 3475 3876 3544 sapientiam

2310 3573 2579 3626 hauriunt.

3071 3663 3160 3717 27.

2308 3779 2374 3834 B.
2406 3781 2590 3848 Cyrilli
2627 3780 2959 3834 Alexandria:
3000 3794 3063 3831 ea:
3140 3778 3249 3832 Τοῦ

2404 3843 2554 3912 onere
2619 3861 2801 3903 contra
2866 3848 3062 3901 Diodo-
3203 3843 3318 3900 .101}
3349 3845 3792 3910 Ἀλεξανδρείας
3816 3843 3886 3893 ἐκ

2405 3935 2540 3971 rum.
3203 3918 3309 3971 τοῦ
3340 3917 3488 3969 κατὰ
3522 3914 3830 3979 Διοδώρου,

3305 3777 3616 3846 μακαρίου
3659 3773 3884 3846 K11374-

3218 4032 3378 4097 Ἀλλ’,
3422 4025 3465 4084 ὦ
3503 4029 3661 4098 σοφὲ,
3720 4024 3891 4092 φαίην

3134 4123 3221 4188 ἂν,
3251 4123 3396 4193 ψυχὴ
3452 4122 3549 4190 μὲν
3581 4119 3675 4172 καὶ
3728 4117 3891 4183 σῶμα.

3133 4215 3269 4285 πρὸς
3313 4214 3406 4267 tiu/0
3418 4212 3596 4282 ρώπου
3653 4207 3773 4274 γένε
3785 4221 3868 4255 σιν

3134 4308 3227 4359 καὶ
3247 4306 3343 4360 οὐκ
3367 4307 3430 4359 ἂν
3454 4301 3773 4374 προανίσκει
3799 4298 3896 4350 ϐα·-

3133 4398 3290 4467 τέρου
3319 4396 3564 4466 Οάτερον.

2381 4030 2507 4095 Sed,
2525 4047 2557 4082 n
2584 4033 2819 4100 sapiens,
2843 4032 3056 4101 inquam

2307 4136 2442 4189 ego,
2506 4124 2681 4176 anima
2742 4126 2954 4191 quidem
3006 4132 3061 4179 et

2309 4225 2504 4279 corpus
2534 4214 2599 4265 ad
2634 4214 2861 4268 hominis
2897 4215 3063 4283 origi—

2314 4314 2437 4354 nem
2470 4302 2759 4370 pertinent,
2788 4319 2963 4373 ueque
2992 4306 3063 4360 al-

2315 4399 2575 4447 terutrum
2614 4398 2882 4463 przeccdil.

2213 4523 2299 4582 IV.

1643 4679 1712 4717 ex
1751 4677 1915 4717 orsae
1947 4677 2205 4718 auvensus
2243 4678 2722 4720 PNEUMATONACIIOS
2756 4665 2855 4733 (Ι).

704 4797 890 4858 Sancti
919 4797 1108 4870 Cyrilfi
1137 4811 1201 4850 ea:
1230 4794 1580 4849 antirrhelicis
1612 4797 1931 4849 sermonibus
1964 4808 2145 4849 contra

1164 4889 1691 4943 Pneumatomachos.

711 5004 946 5070 Digitum
991 5002 1088 5057 Dei
1134 4999 1270 5056 solet
1314 4995 1592 5065 Scriptura
1636 4995 1905 5064 appellare
1949 4995 2206 5061 Spiritum

648 5106 923 5154 sanctum.
961 5094 1116 5146 sicuti
1151 5091 1402 5147 Christus
1435 5088 1570 5142 dixit
1609 5103 1622 5140 :
1665 5104 1684 5137 ι
1729 5086 1786 5140 Si
1823 5100 1922 5154 ego
1957 5086 2010 5138 in
2047 5086 2212 5152 digito

646 5188 737 5241 Dei
765 5184 923 5255 cjieio
946 5183 1330 5247 daemonia";i
1364 5183 1414 5236 id
1443 5181 1582 5252 quod
1610 5179 1745 5233 alius
1765 5174 2212 5246 evangelista,du

644 5277 847 5348 Spiritu
884 5273 974 5327 Dei
1000 5293 1018 5324 ι
1051 5273 1197 5327 dicit.
1227 5274 1317 5326 Sic
1350 5275 1471 5327 item
1506 5275 1782 5328 dexteram
1825 5269 2212 5335 braehinmque

1742 5429 1784 5460 ⁵⁷
1812 5426 2003 5481 Matth.
2038 5438 2132 5488 xu,
2155 5421 2247 5476 28.

718 5434 762 5466 ⁸⁸
788 5432 948 5488 Hebr.
981 5449 1042 5498 ll,
1074 5430 1159 5484 Η.
1241 5430 1284 5460 ⁵⁵
1309 5430 1435 5483 Luc.
1473 5446 1542 5493 χι,
1574 5431 1663 5484 20.

717 5592 792 5660 (l)
834 5591 909 5643 Ex
939 5589 1140 5660 synodo
1170 5585 1777 5660 Byzajtliuauadyersus
1803 5585 2210 5639 Pneumatoma-

646 5654 785 5714 chos"
812 5676 898 5724 ap.
931 5654 1052 5721 Milli,
1087 5654 1272 5726 Spicil.
1305 5654 1456 5708 Rom.
1486 5654 1553 5718 Χ,
1586 5654 1674 5707 40.

721 5730 797 5798 (2)
842 5722 1021 5781 Sancti
1064 5722 1246 5798 Cyrilli
1292 5722 2213 5798 sermonesantirrbeticoslaudat

652 5793 989 5871 lip'hrtemius
1029 5793 1333 5868 patriarcha
1375 5793 1739 5852 Autiochcnus
1783 5797 1920 5864 apud
1965 5793 2210 5849 Pholium

2240 4823 2288 4881 ι)
2319 4805 2430 4858 Τοῦ
2463 4805 2635 4874 ἁγίου
2682 4804 2991 4881 Κυρζλλορ).
3019 4800 3087 4852 ἐκ
3135 4815 3283 4881 ζων⁸
3303 4798 3452 4881 ξιατὰ
3476 4791 3898 4881 Ηγευματομὰ-

2639 4867 3218 4941 κων-ἀντιρῤητικών
3245 4871 3443 4937 λόγων
3471 4867 3570 4935 (9.).

2398 4990 2667 5043 Δάκτυλον
2715 4988 2847 5042 Θεοῦ
2893 4987 3078 5041 καλεῖν
3105 4979 3210 5036 οἶδε
3262 4980 3452 5050 Γραφὴ
3480 4979 3540 5030 τὸ
3586 4977 3807 5046 Πνεῦμα
3837 4977 3897 5028 τὸ

2319 5081 2495 5146 ἅγιον,
2527 5079 2708 5142 καθὼς
2759 5081 2854 5131 καὶ
2878 5079 2907 5130 ὁ
2938 5073 3172 5145 Χριστὸς
3214 5071 3437 5141 εἴρηκεν
3457 5085 3471 5099 ·
3496 5089 3513 5120 ι
3555 5070 3616 5122 ΕΞ
3648 5069 3703 5120 δὲ
3730 5069 3786 5119 ὲν
3817 5066 3899 5136 τῷ

2317 5171 2563 5240 δακτύλῳ
2595 5171 2726 5222 Θεοῦ
2757 5168 3001 5223 ἐκϐάλλω
3026 5166 3094 5218 τὰ
3118 5165 3422 5235 δαιμόνια-ι
3446 5166 3584 5234 ὅπερ
3617 5162 3772 5223 ἄλλος
3803 5160 3899 5211 εὑ-

2320 5263 2666 5334 αγγελιστὴς,
2701 5281 2716 5313 ι
2759 5267 2814 5316 ὲν
2839 5261 3112 5332 Πνεύματι
3142 5260 3332 5325 Θεοῦ,ι
3369 5260 3538 5313 εἶπεν.
3576 5257 3808 5328 Ὁμοίως
3839 5253 3899 5306 δὲ

2317 5578 2436 5651 eod.
2470 5592 2684 5640 ccxxux,
2720 5580 2821 5631 col.
2853 5576 2956 5629 793
2993 5576 3082 5651 lin.
3114 5592 3127 5627 :
3161 5571 3425 5651 ξίύριὶλος
3460 5573 3516 5651 ἐκ(
3554 5571 3674 5651 egi;
3718 5568 3901 5651 (ξθτιά-

2319 5647 2507 5716 ῥήσεσὶ
2539 5639 2690 5715 φησιν.
2722 5645 3031 5716 C:eteroqui
3055 5639 3409 5716 cmtfcreudus
3442 5648 3522 5691 cst
3560 5641 3712 5716 idem
3734 5639 3904 5716 (ὶῖυίΙ-

2321 5707 2400 5770 ius
2436 5707 2570 5788 Opp.
2603 5707 2645 5770 ἱ.
2689 5716 2727 5766 V
2767 5707 3105 5788 [nium-Vill]
3134 5711 3494 5788 iu_'I_'hcsanro,
3535 5707 3733 5788 “E39.
3764 5709 3898 5760 Item

2322 5787 2460 5857 apud
2486 5780 2586 5842 nos
2620 5789 2671 5841 in
2704 5780 3104 5842 commentario
3131 5782 3194 5835 ad
3229 5780 3427 5834 Lucam
3466 5796 3544 5841 ιι,
3576 5780 3667 5832 90.
