3946 6372
44 5187 94 5262 ῐδ

37 5266 85 5402 ἓ

43 5407 90 5451 cn

46 5488 97 5556 ε

55 5579 105 5644 ’ὃ

62 5671 113 5718 3

78 5812 125 5938 Ξ

82 5961 126 6094 ἐ

831 536 2237 693 SANCTIGREGORH
2352 547 2839 658 MAGNI

1432 735 1747 803 ROMANI
1792 738 2242 808 PONTIFICIS

300 916 1594 1147 MORALI

1633 791 3448 1181 IlldWLIBBI,

1743 1252 1912 1312 SIVE

712 1438 1491 1550 EXPOSITIO
1588 1441 1739 1550 IN
1834 1442 2389 1555 LIBRUM
2485 1447 2602 1555 B.
2694 1444 2964 1558 JOB

1571 1659 2073 1741 (Continuatio.)

1753 1822 1770 1837 Α
1789 1822 1875 1837 νρρῆ
1889 1822 1907 1835 Ρ

1038 1827 2179 1876 ι-Μ-*ψῆκ-ρ
2204 1843 2527 1853 -.....—..-—-...
2556 1845 2579 1851 ο
2610 1846 2617 1851 .

1444 1995 1700 2086 PARS
1766 1996 2197 2095 QUARTA.

1133 2148 1782 2211 CONTINENS

1866 2148 2251 2212 LIBROS
2334 2150 2521 2212 SEX

1358 2315 2073 2354 MM
2092 2328 2281 2343 _--r~~<~

996 2495 1332 2582 LIBER
1442 2494 1940 2581 DECIMUS
2060 2494 2645 2583 SEPTIMUS.

173 2684 326 2759 (mae
360 2673 721 2767 supersunt
740 2701 886 2765 cap.
919 2686 998 2746 24
1023 2704 1066 2748 a
1089 2700 1279 2747 versu
1308 2684 1388 2745 20
1415 2681 1787 2759 dimidia-to,
1820 2699 1969 2745 cum
1998 2680 2314 2762 capitibus
2344 2686 2422 2745 25
2443 2690 2499 2747 et
2529 2684 2609 2745 26
2638 2682 2910 2764 integris
2941 2682 3213 2765 exponit
3242 2682 3488 2749 morali

1476 2789 1901 2869 potissimum
1934 2805 2156 2853 sensu.

705 3084 933 3144 CAPUT
961 3085 1253 3141 PRIMUM.

241 3181 393 3241 533
430 3183 613 3240 Sancti
635 3181 882 3238 Doctoris
906 3196 1116 3251 scapus,
1138 3178 1416 3233 historiam
1443 3178 1540 3233 Job
1571 3180 1710 3249 typis
1727 3188 1776 3236 et

163 3275 232 3331 ad
270 3274 554 3347 mysticum
594 3289 799 3329 sensum
827 3287 1104 3343 exponere.
1132 3299 1204 3310 —
1232 3267 1458 3335 Quoties
1501 3267 1559 3321 in
1596 3266 1771 3322 sancti

162 3363 270 3420 viri
291 3361 531 3420 historia
549 3376 645 3433 per
669 3374 879 3415 novum
900 3358 1161 3414 volumen
1181 3356 1417 3414 enodare
1444 3355 1768 3429 mysterium

170 3457 181 3490 ¹
217 3454 421 3528 typicaa
444 3449 807 3524 expositionis
828 3447 1197 3520 aggredimur,
1223 3454 1437 3519 oportet
1457 3454 1517 3502 ut
1537 3462 1607 3501 ex
1628 3444 1769 3517 ejus-

161 3543 283 3601 dem
330 3544 440 3600 viri
479 3542 567 3597 vel
604 3540 852 3609 nomine,
890 3539 977 3594 vel
1017 3538 1268 3610 passione
1310 3534 1767 3608 signiﬁcationem

162 3633 457 3707 mysticam
479 3630 857 3705 principaliter
879 3628 1240 3702 proferamus,
1273 3634 1540 3700 quatenus
1559 3625 1768 3688 habita-

161 3727 417 3783 culorum
440 3740 612 3792 more,
630 3722 763 3779 dum
792 3718 1310 3794 superscriptionem
1338 3718 1487 3775 tituli
1518 3720 1540 3755 ²
1570 3719 1631 3776 in
1650 3720 1767 3793 ipsa

162 3814 337 3886 postis
366 3813 551 3870 fronte
581 3810 1081 3885 praeﬁgimus,quia
1106 3808 1357 3882 cujusest
1380 3807 1577 3866 domus
1603 3827 1765 3883 agno-

161 3904 358 3972 scitur,
417 3901 665 3957 securius
711 3900 965 3955 intretur.
997 3898 1200 3957 Crebro
1233 3906 1415 3956 autem
1446 3898 1655 3955 dixisse
1679 3916 1766 3956 me

162 3990 395 4049 memini
418 3991 440 4026 ³
474 3989 732 4064 quoniam
761 3989 951 4046 beatus
976 3988 1078 4044 Job
1118 3987 1395 4060 passiones
1428 3988 1766 4061 Redempto-

164 4084 235 4141 ris
265 4083 467 4152 nostri,
499 4081 725 4156 ejusque
747 4081 1014 4154 corporis,
1046 4080 1103 4137 id
1138 4089 1221 4137 est
1249 4089 1451 4138 sanctae
1478 4082 1762 4150 Ecclesiae,

162 4183 212 4230 et
242 4172 497 4247 passione
525 4189 624 4229 sua
652 4170 892 4245 signavit
918 4178 973 4227 et
998 4170 1243 4227 nomine.
1298 4170 1400 4227 Job
1443 4171 1644 4244 quippe
1682 4171 1762 4227 in-

164 4270 494 4337 terpretatur
548 4261 761 4319 dolens.
818 4262 891 4317 Et
944 4260 1068 4334 quis
1114 4260 1256 4316 alius
1308 4260 1366 4316 in
1408 4260 1516 4317 hoc
1543 4260 1763 4317 dolente

163 4352 452 4426 ﬁguratur,
487 4352 597 4409 nisi
629 4351 676 4408 is
706 4351 773 4408 de
805 4367 915 4424 quo
944 4350 1213 4422 scriptum
1237 4358 1350 4406 est:
1395 4352 1520 4409 Vere
1546 4351 1762 4422 languo-

1816 3086 1866 3145 Α
1902 3083 2015 3151 dia,
2043 3100 2169 3140 cum
2196 3084 2581 3142 immutatione
2609 3088 2762 3145 vocis
2787 3090 2940 3148 illius
2955 3101 3143 3149 nostra
3167 3110 3384 3169 quoque
3406 3096 3487 3153 in-

1887 3170 2189 3242 telligentia
2223 3173 2477 3241 alternet,
2510 3182 2573 3229 ut
2614 3182 2770 3232 tanto
2822 3179 3009 3236 verius
3062 3178 3181 3251 ejus
3232 3182 3489 3238 sensibus

1880 3267 2167 3331 congruat,
2200 3268 2405 3333 quanto
2454 3277 2510 3317 se
2552 3271 2606 3318 et
2636 3281 2763 3320 cum
2797 3264 2917 3338 ejus
2944 3266 3180 3325 vocibus
3207 3270 3484 3327 immutat.

1879 3348 2073 3405 Verbis
2098 3350 2283 3422 itaque
2331 3352 2769 3423 praecedentibus
2811 3364 3033 3414 sanctus
3063 3357 3151 3414 vir
3197 3375 3294 3431 per
3318 3359 3487 3416 diser-

1877 3444 1959 3493 tas
1991 3438 2297 3510 prudentiae
2350 3447 2466 3497 arte
2502 3443 2801 3499 sententias
2830 3443 3011 3519 iniqui
3053 3446 3349 3519 cujuslibet
3374 3451 3487 3506 cul-

1876 3544 1973 3599 pas
2027 3528 2278 3600 protulit,
2309 3537 2364 3585 et
2392 3546 2555 3602 quam
2606 3531 2679 3587 sit
2723 3532 3036 3591 damnanda
3065 3536 3184 3608 ejus
3222 3538 3365 3594 actio
3394 3554 3486 3594 ex-

1874 3616 2090 3688 pressit.
2120 3619 2197 3674 De
2225 3617 2384 3690 cujus
2402 3635 2563 3691 poena
2590 3637 2719 3677 mox
2749 3621 2994 3695 subjicit,
3030 3624 3219 3682 dicens
3252 3644 3263 3682 :

2360 3723 2589 3783 CAPUT
2624 3728 2673 3783 11
2708 3726 2852 3802 [Rec.
2884 3728 2991 3804 II].

1947 3814 2116 3872 Vens.
2151 3814 2240 3872 20.
2273 3846 2342 3858 -
2370 3817 2492 3873 Non
2519 3818 2590 3872 sit
2615 3818 2674 3873 in
2701 3820 3086 3888 recordatione,
3117 3822 3206 3877 sed
3244 3829 3451 3879 contem

1878 3910 1966 3959 tur
1988 3906 2143 3976 quasi
2171 3905 2372 3977 lignum
2403 3905 2819 3977 infructuosum.

1944 3996 1997 4052 2.
2030 3996 2195 4051 Poena
2222 3996 2531 4067 iniquorum
2560 4003 2635 4052 est
2671 4015 2736 4052 ea:
2764 3999 2865 4054 Dei
2892 4001 3150 4056 memoria
3193 4002 3379 4057 deleri.
3413 4030 3484 4043 --

1874 4085 1933 4140 In
1994 4084 2433 4140 recordationem
2486 4085 2634 4140 enim
2691 4086 2997 4142 conditoris
3026 4103 3139 4144 non
3178 4088 3482 4158 reducitur,

1872 4172 2123 4246 quisquis
2150 4188 2325 4245 usque
2351 4172 2419 4228 ad
2448 4172 2615 4230 ﬁnem
2645 4174 2774 4231 vitae
2800 4175 2956 4231 vitiis
2977 4176 3319 4249 subjugatur.
3348 4180 3483 4236 Nam

1870 4266 1917 4321 si
1969 4266 2119 4324 hunc
2169 4267 2393 4339 superni
2446 4275 2726 4339 respectus
2772 4270 3039 4327 memoria
3068 4276 3335 4343 tangeret,
3364 4289 3485 4344 pro-

1869 4358 1959 4413 cul
1987 4357 2159 4413 dubio
2191 4356 2259 4413 ab
2291 4356 2587 4429 iniquitate
2614 4367 2916 4416 revocaret.
2948 4359 3087 4433 Ejus
3115 4361 3315 4434 quippe
3368 4379 3479 4418 me-

163 4460 244 4499 res
272 4449 483 4499 nostros
512 4443 621 4515 ipse
650 4441 792 4507 tulit,
823 4446 871 4496 et
897 4440 1105 4495 dolores
1133 4446 1341 4495 nostros
1368 4440 1480 4512 ipse
1522 4442 1762 4512 portavit
1789 4440 1834 4505 B
1872 4446 1978 4501 rita
2002 4445 2233 4518 exigunt
2262 4453 2326 4501 ut
2353 4445 2607 4503 funditus
2624 4447 2691 4503 ab
2720 4449 2964 4505 auctoris
2990 4450 3372 4507 recordatione
3390 4450 3480 4507 de-

162 4536 320 4607 (Isai.
353 4553 476 4605 Lm,
502 4534 560 4607 4)
589 4534 618 4591 ?
643 4535 723 4590 De
752 4550 861 4607 quo
888 4547 1108 4589 rursum
1133 4530 1340 4588 dicitur
1374 4550 1385 4587 :
1420 4532 1609 4587 Livore
1650 4532 1763 4603 ejus

164 4627 334 4683 sanati
347 4642 531 4682 sumus
544 4624 740 4696 (Ibid.,
757 4618 838 4695 5).
853 4622 1035 4679 Amici
1063 4638 1194 4678 vero
1222 4621 1340 4694 ejus
1377 4621 1759 4680 haereticorum

166 4712 631 4788 speciem’tenent,
663 4711 782 4785 qui;
806 4719 870 4767 ut
897 4726 1037 4782 sape
1068 4709 1184 4781 jam
1238 4711 1506 4779 diximus,
1535 4713 1709 4767 Deum
1737 4714 1759 4749 ‘

158 4803 290 4883 dum
320 4802 615 4861 defendere
646 4800 1242 4871 nituntur,otl‘endunt.
1266 4801 1497 4857 Sanctus
1525 4817 1652 4873 ergo
1673 4802 1762 4857 vir

167 4909 255 4966 per
287 4896 520 4951 vulnera
545 4899 600 4949 et
634 4892 799 4949 verba
828 4891 909 4948 sic
942 4892 1201 4965 loquatur
1231 4909 1350 4961 sua,
1376 4900 1442 4948 ut
1466 4891 1630 4949 etiam
1663 4910 1757 4951 no-

166 4991 270 5041 stra
292 4983 590 5057 signiﬁcet,
622 4990 677 5039 et
705 4983 1027 5055 plerumque
1051 4998 1148 5053 per
1173 4984 1475 5056 prophetiae
1498 4983 1756 5057 spiritum

165 5083 390 5131 ventura
418 5081 623 5143 narret,
646 5072 936 5146 praesentia
948 5075 1332 5143 transcendat;
1359 5091 1757 5148 nonnunquam

166 5178 290 5220 vero
312 5165 393 5222 sic
419 5163 489 5221 de
517 5162 879 5237 praesentibus
908 5162 1158 5232 disserat,
1186 5172 1249 5220 ut
1277 5164 1344 5220 de
1372 5165 1575 5223 futuris
1612 5173 1760 5231 534

166 5263 463 5322 reticescat.
498 5251 733 5337 Cognita
766 5264 951 5339 itaque
1007 5264 1356 5323 discretionis
1384 5266 1552 5339 hujus
1581 5274 1760 5326 custo-

235 5456 429 5540 ﬂUtic.
467 5457 788 5544 et‘Gem‘et”
827 5475 990 5532 quem
1021 5458 1303 5544 in‘multis
1328 5463 1764 5544 praecedentibus

165 5527 320 5605 libris
376 5529 636 5605 mutilum
683 5527 778 5588 hic
833 5527 1185 5605 resumimus,
1208 5527 1413 5605 itypicw
1460 5536 1759 5593 locutionis.

162 5600 372 5680 Qesunt
413 5599 545 5657 libri
585 5599 1309 5680 sequentes'in_Qodicibus
1337 5606 1466 5680 [ἀπ’.
1499 5615 1553 5664 et
1581 5608 1758 5680 Bigot.

164 5670 365 5753 gerum
412 5687 602 5753 eorum
644 5670 793 5753 vices
834 5674 1174 5753 supplebunt
1214 5670 1585 5753 Bratellensis,
1628 5670 1766 5736 alter

164 5742 534 5813 Ebroicensis,
563 5743 674 5802 duo
701 5742 1085 5804 Laudunénsis
1118 5747 1400 5818 Ecclesiae,
1432 5742 1763 5807 Germanen-

379 5845 624 5904 Parnm.
665 5844 915 5904 LXXVI.

1464 6002 1815 6105 13333

1872 4536 2068 4592 leatur.
2102 4535 2399 4593 Sciendum
2426 4553 2557 4592 vero
2587 4544 2669 4593 est
2697 4538 2847 4611 quod
2900 4539 3181 4595 recordari
3211 4541 3357 4597 Deus
3385 4558 3476 4597 ne-

1871 4641 2144 4698 quaquam
2176 4625 2394 4698 proprie
2450 4627 2676 4684 dicitur.
2709 4627 2816 4695 Qui
2872 4628 3021 4685 enim
3076 4629 3333 4687 oblivisci
3367 4647 3479 4686 non

1870 4721 2068 4785 potest,
2100 4732 2208 4788 quo
2265 4724 2423 4787 pacto
2479 4716 2755 4773 recordari
2788 4725 2967 4789 potest
2994 4719 3022 4775 ?
3077 4718 3184 4776 Sed
3235 4719 3365 4792 quia
3389 4735 3482 4775 eos

1869 4820 1969 4858 nos
1994 4820 2229 4877 quorum
2258 4805 2612 4861 recordamur
2640 4808 3050 4878 amplectimur,
3082 4808 3151 4864 ab
3182 4808 3271 4864 his
3299 4816 3480 4865 autem

1867 4910 2102 4967 quorum
2131 4895 2519 4952 obliviscimur
2551 4897 2896 4968 elongamur,
2924 4897 3169 4954 humano
3196 4915 3299 4955 usu
3328 4905 3381 4954 et
3397 4912 3477 4953 re-

1866 4989 2080 5047 cordari
2110 4991 2255 5045 Deus
2283 4988 2509 5058 dicitur,
2536 5007 2664 5047 cum
2694 4990 2839 5047 dona
2868 4991 3088 5059 tribuit,
3120 5000 3175 5048 et
3200 4988 3478 5059 oblivisci,

1866 5095 1997 5136 cum
2029 5079 2087 5133 in
2114 5079 2276 5150 culpa
2326 5078 2682 5151 derelinquit.
2709 5080 2817 5136 Sed
2850 5081 2981 5152 quia
3014 5088 3213 5137 cuncta
3266 5085 3478 5150 pensat,

1867 5176 2065 5227 cuncta
2090 5169 2209 5226 sine
2237 5169 2665 5226 intermissionis
2692 5170 3054 5227 alternatione
3089 5172 3234 5231 535
3291 5167 3480 5225 consi-

1869 5266 2023 5324 derat
2055 5287 2069 5336 ;
2101 5275 2155 5324 et
2179 5268 2500 5326 recordatur
2532 5269 2829 5336 bonorum,
2858 5282 3095 5339 quorum
3122 5274 3308 5324 tamen
3338 5280 3479 5324 nun-

1870 5446 1966 5515 sis,
1998 5445 2160 5504 Corb.
2194 5444 2604 5511 Germanensis,
2637 5450 2745 5500 etc.

1944 5519 1967 5553 I
1996 5519 2016 5553 Ι
2076 5516 2303 5553 Ῐληπιιιη
2374 5517 2428 5553 ἆυ
2458 5516 2574 5553 inea
2605 5516 2765 5553 τιηεὶῒὶ

1944 5513 1967 5553 ³
1996 5519 2022 5573 1
2049 5516 2352 5599 ,[ιδιιάιιῐιη
2374 5517 2434 5571 in
2458 5516 2577 5587 ipsa
2602 5516 2765 5585 positi
2777 5513 2992 5644 fronte.

1942 5588 1967 5629 ³
1992 5588 2255 5656 deoc.,
2284 5586 2544 5660 quomodo
2571 5585 2749 5641 beatus
2812 5587 2897 5643 ob.

1946 5681 1966 5715 ‘
1999 5675 2248 5745 I~Laud.,
2287 5674 2455 5735 Corb.
2509 5674 2722 5743 Germ.,
2753 5676 2923 5732 Deum
2979 5675 3106 5731 dunt
3149 5671 3479 5745 defenderint

1872 5752 2160 5822 offendunt.
2308 5820 2315 5833 ᾇ
2913 5829 2916 5833 ’
3187 5772 3209 5793 ~

3214 5841 3241 5893 1

2906 5922 2953 5949 δι

1825 6002 1989 6068 εἴ)Γὶ

1824 6069 1949 6104 ντὶ
