3946 6366
474 329 541 382 11
1707 320 1959 377 SANCTI
1993 320 2332 379 GREGOHII
2371 323 2595 380 MAGNI
3724 327 3788 382 12

477 469 641 529 quam
677 450 1029 510 obliviscitur
1059 468 1073 519 ;
1107 458 1161 508 et
1193 450 1511 508 nullatenus
1537 450 1858 508 recordatur
1913 451 2081 507 malo-
2109 455 2161 514 Α
2194 453 2444 524 pertulit,
2473 460 2528 509 et
2557 467 2707 511 nunc
2733 451 2792 508 in
2817 450 2942 509 caeli
2972 447 3345 526 penetralibus
3369 449 3440 508 ab
3465 449 3588 523 ejus
3620 452 3795 509 oculis

477 559 625 612 rum,
682 559 819 624 quos
864 549 1047 598 tamen
1097 558 1194 614 per
1241 540 1518 614 judicium
1567 557 1780 614 semper
1808 540 2074 597 intuetur.

476 633 643 702 Quasi
673 621 822 689 enim
852 632 994 689 redit
1023 632 1093 688 ad
1121 633 1393 689 bonorum
1440 621 1783 700 memoriam,
1809 648 1974 704 quam
2001 639 2078 687 ta-

476 739 605 780 men
623 739 910 796 nunquam
939 722 1216 791 deseruit;
1253 729 1308 780 et
1331 722 1487 797 quasi
1521 739 1865 796 nequaquam
1905 723 2080 779 malos

476 811 721 886 respicit,
748 829 983 886 quorum
1011 820 1197 870 tamen
1229 813 1375 871 facta
1408 812 1741 882 considerat,
1789 811 1884 870 sed
1919 829 2082 886 super

477 901 598 960 haec
639 901 1010 960 damnationis
1056 901 1335 976 judicium
1370 903 1430 960 in
1455 901 1671 960 ultimis
1703 909 1904 959 servat.
1939 903 2082 960 Hinc

477 991 626 1048 enim
646 991 911 1065 scriptum
925 999 1006 1049 est
1030 1011 1042 1048 ε
1073 993 1227 1051 Oculi
1245 993 1464 1050 Domini
1477 994 1902 1065 contemplantur
1923 992 2082 1070 bonos

477 1087 525 1138 et
564 1084 732 1140 malos
759 1083 954 1154 (Prov.
985 1099 1082 1152 xv,
1115 1083 1197 1155 3).
1252 1083 1394 1141 Hinc
1418 1099 1515 1157 per
1559 1081 1904 1140 Psalmistam
1949 1079 2083 1139 dici-

475 1179 598 1230 tur:
644 1175 661 1210 ¹
701 1173 886 1233 Vultus
913 1171 1130 1232 Domini
1157 1190 1315 1246 super
1334 1172 1585 1244 facientes
1610 1175 1778 1242 male,
1808 1179 1868 1229 ut
1890 1173 2084 1244 perdat

476 1261 539 1317 de
568 1267 710 1318 terra
737 1262 1042 1319 memoriam
1085 1278 1268 1318 eorum
1292 1262 1471 1334 (Psal.
1505 1279 1713 1331 xxxm,
1741 1262 1858 1333 17).
1893 1259 2080 1318 Consi-

475 1350 630 1407 derat
655 1351 824 1424 igitur
854 1367 990 1424 quos
1023 1349 1236 1424 puniat,
1263 1349 1357 1408 sed
1389 1349 1609 1408 eosdem
1632 1351 1780 1424 ipsos
1808 1356 1934 1406 ante
1969 1365 2080 1405 non

476 1439 638 1508 vidit,
669 1456 806 1514 quos
834 1439 1027 1498 nescit.
1056 1441 1194 1497 Nam
1225 1439 1557 1514 quibusdam
1588 1439 1645 1496 in
1677 1440 1786 1496 ﬁne
1831 1439 2082 1496 dicturus

473 1535 554 1584 est
585 1545 598 1585 :
625 1528 810 1586 Nescio
841 1546 929 1585 vos
957 1529 1094 1588 unde
1119 1529 1238 1584 sitis
1263 1545 1276 1598 ;
1309 1528 1555 1584 discedite
1579 1547 1612 1585 a
1638 1547 1718 1584 me
1755 1545 1930 1584 omnes
1959 1547 2078 1600 ope-

472 1615 614 1673 rarii
635 1616 933 1688 iniquitatis
959 1619 1180 1690 (Matth.
1212 1617 1402 1686 vn,23
1429 1637 1452 1685 ;
1479 1619 1607 1676 Luc.
1639 1635 1766 1688 xm,
1791 1619 1913 1692 27).
1939 1619 2082 1676 Miro

472 1705 645 1780 igitur
668 1705 834 1763 modo
861 1723 1158 1780 pravorum
1187 1707 1362 1763 vitam
1390 1714 1446 1763 et
1469 1707 1738 1776 intuetur,
1781 1715 1835 1764 et
1861 1706 2080 1764 oblivi-

2186 542 2456 610 occultus,
2488 541 2644 615 quasi
2697 540 2754 597 in
2811 547 2963 613 parte
3019 539 3246 595 alterius
3296 539 3538 613 regionis
3583 540 3604 575 ³
3633 538 3792 596 vivit.

2190 628 2328 704 [Vet.
2380 629 2486 703 ῙΙ.]
2521 629 2749 703 Iniquus
2803 645 2930 701 ergo
2983 629 3225 684 sterilem
3281 627 3475 700 pascit,
3502 636 3558 684 et
3614 626 3794 684 vidum

2188 719 2506 776 benefacere
2536 720 2784 794 negligit,
2813 719 2942 792 quia
2971 720 3154 777 carnis
3206 719 3496 776 desideriis
3530 718 3794 787 serviens,

2188 827 2378 866 curam
2432 809 2630 866 animae
2674 809 2956 882 vitamque
3003 809 3331 866 contemnit.
3390 808 3527 864 Tota
3561 823 3797 882 namque

2191 901 2496 960 intentione
2525 901 2786 975 omnique
2823 901 3009 958 studio
3053 901 3278 974 cogitat,
3303 917 3469 975 quam
3519 899 3638 956 sine
3668 897 3798 956 ullis

2189 993 2606 1051 necessitatibus
2630 1009 2758 1048 caro
2777 991 3045 1048 moritura
3074 991 3358 1060 subsistat,
3388 999 3442 1047 et
3471 1007 3663 1048 curare
3682 989 3796 1047 ani-

2191 1099 2293 1138 mae
2324 1083 2495 1138 vitam
2523 1084 2544 1118 °
2579 1080 2834 1154 despicit,
2865 1097 2987 1154 qua;
3016 1081 3104 1137 vel
3135 1080 3196 1136 in
3226 1087 3402 1136 morte
3430 1080 3516 1136 vel
3543 1079 3602 1136 in
3628 1077 3797 1136 beati-

2192 1171 2382 1229 tudine
2414 1171 2604 1246 procul
2636 1170 2808 1228 dubio
2855 1169 2913 1226 in
2959 1177 3285 1243 perpetuum
3315 1169 3479 1226 vivit.
3513 1170 3677 1227 Recte
3703 1186 3798 1227 au-

2190 1269 2300 1318 tem
2329 1279 2456 1319 cum
2487 1261 2763 1319 diceretur
2792 1277 2805 1317 :
2835 1261 2993 1317 Pavit
3020 1260 3271 1329 sterilem,
3303 1259 3557 1333 protinus
3605 1258 3797 1332 adjun-

2191 1351 2366 1424 gitur:
2397 1353 2470 1408 Et
2498 1369 2615 1423 qua:
2633 1368 2742 1406 non
2775 1351 2947 1424 parit.
2991 1349 3265 1418 Quasdam
3283 1365 3521 1424 namque
3547 1365 3617 1405 ex
3645 1364 3800 1406 sacra
3873 1409 3878 1414 ,

2190 1438 2424 1495 historia
2478 1439 2715 1496 feminas
2773 1438 3036 1496 novimus
3066 1444 3212 1502 536
3258 1439 3474 1496 steriles
3496 1438 3797 1508 exstitisse,

2189 1537 2284 1594 sed
2313 1545 2498 1594 tamen
2544 1537 2601 1594 in
2642 1545 2890 1610 tempore
2924 1545 3180 1594 extremo
3211 1537 3504 1611 peperisse.
3538 1536 3676 1594 Caro
3704 1552 3801 1593 au-

2189 1634 2299 1683 tem
2355 1643 2467 1684 non
2519 1627 2696 1684 solum
2747 1627 2975 1696 sterilis,
3007 1626 3101 1684 sed
3155 1627 3323 1684 etiam
3347 1643 3468 1701 quin
3517 1642 3630 1682 non
3654 1624 3803 1698 parit

2189 1716 2414 1786 dicitur,
2446 1715 2576 1790 quia
2601 1733 2702 1773 suo
2731 1733 2895 1774 sensu
2949 1715 3120 1773 bonas
3162 1715 3524 1790 cogitationes
3578 1715 3801 1788 gignere

473 1795 668 1866 scitur,
692 1795 822 1870 quia
847 1813 986 1870 quos
1013 1798 1035 1833 ³
1058 1813 1154 1870 per
1208 1796 1616 1854 districtionem
1663 1797 1948 1854 sententias
1973 1796 2075 1870 ju-

2193 1826 2290 1868 nec
2320 1809 2379 1866 in
2407 1808 2624 1866 ultimis
2653 1809 2820 1864 valet.
2839 1809 2888 1865 A
2925 1807 3114 1881 vigore
3145 1807 3293 1864 enim
3318 1806 3434 1881 jam
3464 1805 3688 1880 proprio
3706 1804 3800 1862 de-

474 1887 643 1956 dicat,
699 1893 968 1960 quantum
1033 1894 1116 1944 est
1172 1885 1242 1944 ad
1299 1886 1622 1944 memoriam
1682 1886 2076 1944 misericordiae

474 1975 710 2050 ignorat.

545 2065 600 2123 3.
631 2064 734 2134 Qui
771 2071 1024 2138 tanquam
1071 2063 1464 2136 infructuosum
1495 2064 1694 2138 lignum
1721 2069 2075 2122 conterentur.

473 2155 655 2225 —-Qui
681 2156 947 2230 quoniam
977 2155 1036 2212 in
1061 2154 1178 2228 ejus
1203 2155 1642 2214 recordationem
1675 2171 1788 2212 non
1819 2155 2076 2224 veniunt,

2188 1899 2325 1969 ficit,
2357 1906 2412 1956 et
2463 1906 2647 1956 tamen
2703 1897 2886 1956 adhuc
2915 1897 3234 1956 transitoria
3263 1895 3653 1970 concupiscere
3684 1912 3801 1954 non

2187 1988 2427 2058 desistit,
2451 1987 2676 2060 jamque
2705 2003 2735 2044 a
2760 1986 2996 2061 pristino
3029 1990 3076 2024 ¹⁰
3098 1987 3294 2044 robore
3315 1987 3534 2056 lassata,
3563 2001 3699 2060 pene
3727 1985 3803 2042 ab

2188 2079 2308 2152 ipso
2337 2093 2498 2152 quem
2519 2076 2705 2150 diligit
2744 2077 2953 2134 mundo
2981 2077 3290 2151 repellitur,
3319 2085 3374 2134 et
3402 2085 3586 2134 tamen
3615 2073 3804 2132 adhuc

2187 2169 2387 2226 annisu
2413 2167 2666 2241 improbo
2697 2166 2949 2224 obtinere
2981 2168 3311 2241 temporalia
3337 2175 3588 2224 conatur.
3621 2165 3804 2236 Agere

474 2247 630 2323 quasi
659 2247 1067 2306 infructuosum
1088 2247 1301 2321 lignum
1332 2264 1402 2304 ex
1427 2247 1586 2322 cujus
1633 2246 1848 2321 judicio
1881 2253 2075 2304 conte-

2193 2257 2298 2331 iam
2351 2274 2605 2332 perversa
2659 2273 2773 2314 non
2824 2256 3048 2327 suﬂicit,
3079 2257 3172 2315 sed
3207 2265 3391 2315 tamen
3439 2255 3678 2330 cogitare
3707 2255 3801 2311 vel

474 2344 692 2395 runtur.
724 2337 890 2394 Terra
929 2337 1134 2412 quippe
1165 2353 1258 2394 eos
1312 2337 1602 2411 temporali
1659 2345 1883 2410 sumptu
1915 2336 2076 2406 aluit,

473 2425 882 2500 praedicationis
935 2426 1168 2500 desuper
1225 2426 1415 2500 pluvia
1442 2425 1668 2483 infudit.
1701 2427 1808 2483 Sed
1837 2425 1965 2500 quia
1991 2442 2078 2483 eo-

471 2533 597 2575 rum
628 2517 745 2574 vita
770 2532 1116 2590 nequaquam
1147 2515 1390 2574 fructum
1419 2516 1552 2574 boni
1585 2518 1767 2590 operis
1823 2517 2076 2591 protulit,

472 2603 650 2664 iratus
681 2606 826 2664 hanc
878 2605 1119 2679 agricola
1148 2606 1170 2641 ³
1205 2604 1460 2676 abscidit,
1517 2614 1580 2663 ut
1627 2605 1792 2679 juxta
1819 2607 2084 2667 Veritatis

473 2696 800 2754 sententiam
827 2696 1014 2754 locum
1039 2711 1151 2752 non
1183 2703 1412 2768 occupet
1441 2712 1604 2769 quem
1633 2703 1820 2753 tenere
1851 2697 1994 2754 alius
2013 2697 2082 2754 ad

471 2786 715 2846 fructum
736 2787 880 2842 valet
911 2786 1063 2858 (Luc.
1087 2803 1214 2854 xm,
1235 2786 1314 2859 7).
1335 2787 1414 2842 De
1438 2785 1546 2844 hoc
1561 2785 1910 2844 infructuoso
1932 2789 2082 2862 ligno

471 2893 569 2951 per
594 2877 858 2934 Joannem
885 2876 1122 2933 dicitur:
1152 2877 1276 2932 Jam
1302 2875 1500 2932 securis
1527 2877 1600 2932 ad
1616 2877 1848 2932 radicem
1877 2879 1898 2914 ‘
1927 2877 2079 2932 arbo-

469 2971 551 3026 ris
566 2971 745 3042 posita
772 2976 863 3026 est.
901 2968 1085 3025 Omnis
1113 2985 1236 3040 ergo
1265 2968 1453 3032 arbor,
1493 2984 1611 3040 qua:
1637 2985 1744 3022 non
1771 2967 1905 3039 facit
1930 2967 2078 3038 fruc-

470 3067 580 3116 tum
609 3061 820 3127 bonum,
867 3059 1161 3124 excidetar,
1191 3063 1240 3112 et
1274 3074 1338 3113 en
1389 3057 1562 3130 ignem
1589 3057 1826 3113 mittetur
1852 3058 2074 3130 (Matth.

467 3167 554 3220 ιιι,
588 3151 653 3208 10
688 3167 708 3217 ;
734 3151 862 3207 Luc.
896 3167 982 3218 ιιι,
1011 3149 1097 3218 9).
1132 3149 1248 3205 lloc
1276 3155 1460 3204 autem
1491 3149 1634 3218 loco,
1661 3156 1725 3206 ut
1751 3157 1953 3206 aeterna
1997 3166 2078 3206 re-

469 3241 628 3312 probi
647 3239 920 3312 supplicia
933 3237 1309 3310 designentur,
1329 3254 1670 3312 nequaquam
1701 3239 1914 3313 lignum
1941 3239 2076 3296 dici-

469 3339 562 3386 tur
589 3333 611 3367 ⁵
635 3329 867 3398 abscidi,
898 3326 994 3385 sed
1049 3327 1281 3398 conteri,
1313 3329 1443 3402 quia
1499 3329 1761 3388 videlicet
1813 3329 2075 3402 reprobos

471 3435 620 3476 mors
648 3418 871 3491 quidem
897 3417 1080 3475 carnis
1106 3418 1400 3488 abscindit,
1428 3419 1524 3477 sed
1549 3437 1710 3494 paena
1738 3420 2076 3494 subsequens

470 3509 726 3568 conterit.
764 3507 930 3576 Quasi
959 3508 1108 3565 enim
1137 3508 1229 3566 hic
1257 3508 1547 3581 inciditur,
1578 3527 1707 3569 cum
1738 3527 1770 3566 a
1816 3507 2074 3582 praesenti

470 3601 588 3657 vita
609 3607 908 3672 separatur.
932 3599 1038 3658 Sed
1065 3599 1123 3657 in
1153 3600 1402 3674 gehenna
1430 3601 1758 3670 conteritur,
1783 3617 1912 3658 cum
1956 3613 2073 3672 per-

470 3697 634 3765 petua
656 3689 1007 3748 damnatione
1029 3690 1326 3749 cruciatur.
1349 3691 1454 3750 Vir
1475 3699 1659 3748 autem
1691 3688 2075 3762 sanctus,quia

469 3780 778 3839 districtam
807 3780 1049 3854 perversi
1074 3797 1290 3853 poenam
1311 3781 1564 3854 protulit,
1596 3779 1854 3853 protinus
1873 3777 1942 3834 ad
1959 3777 2072 3834 cul-

468 3886 594 3945 pam
622 3871 876 3940 recurrit,
906 3878 969 3927 ut
995 3887 1065 3926 ex
1117 3870 1405 3942 injustitiae
1449 3869 1820 3926 immensitate
1849 3866 2076 3924 edoceat

469 3961 616 4037 quod
641 3969 792 4019 tanta
819 3961 938 4035 ejus
967 3961 1248 4018 damnatio
1277 3977 1390 4019 non
1415 3962 1490 4018 sit
1520 3959 1744 4032 injusta.
1772 3958 2068 4032 Sequitur:

843 4061 853 4073 ’
936 4069 1165 4128 CAPUT
1199 4071 1276 4127 ΙΙΙ
1307 4068 1452 4144 [Ηεο.
1484 4067 1626 4142 III].

536 4155 708 4218 Vnus.
744 4159 833 4218 21.
855 4188 927 4201 -
954 4161 1114 4218 Pavit
1137 4159 1276 4216 enim
1319 4159 1574 4224 sterilem,
1604 4163 1653 4215 et
1678 4173 1797 4230 qua
1845 4173 1953 4214 non
1975 4173 2073 4230 pa-

466 4247 563 4318 rit,
591 4253 640 4306 et
665 4249 839 4306 viduae
865 4248 985 4306 bene
1010 4265 1121 4304 non
1143 4248 1164 4284 °
1191 4245 1335 4318 fecit.

544 4336 598 4396 4.
631 4337 859 4412 Iniquus
889 4354 1105 4396 carnem
1127 4352 1348 4410 pascens
1376 4334 1634 4398 sterilem,
1667 4349 1856 4390 curam
1882 4331 2076 4392 anima:

465 4428 674 4486 deserit.
703 4459 776 4472 —
803 4429 936 4498 Qua
963 4427 1070 4486 hoc
1097 4427 1219 4484 loco
1252 4424 1479 4494 sterilis,
1511 4422 1622 4479 nisi
1649 4439 1779 4480 caro
1809 4421 2068 4480 nomina-

463 4523 554 4575 tur
579 4518 609 4577 ?
640 4518 772 4588 Quae
825 4519 960 4576 dum
1011 4517 1129 4575 sola
1180 4515 1471 4589 praesentia
1520 4513 1750 4586 appetit,
1776 4513 1950 4570 bonas
1993 4513 2070 4587 gi-

2187 2365 2308 2424 quae
2341 2365 2452 2404 non
2479 2347 2592 2420 agit
2648 2363 2994 2422 nequaquam
3042 2346 3279 2404 desistit.
3312 2347 3476 2404 Recte
3525 2362 3653 2418 ergo
3682 2361 3799 2402 non

2188 2439 2366 2495 solum
2398 2437 2623 2506 sterilis,
2655 2437 2751 2494 sed
2807 2436 2976 2494 etiam
3008 2453 3121 2493 non
3165 2436 3387 2510 pariens
3415 2435 3642 2504 dicitur,
3673 2451 3801 2508 quze

2193 2543 2292 2583 suo
2321 2543 2506 2596 sensu,
2537 2532 2600 2582 ut
2629 2523 2896 2594 diximus,
2919 2523 2990 2580 ad
3001 2523 3159 2581 bonae
3180 2522 3533 2597 cogitationis
3559 2521 3798 2596 prolem,

2191 2633 2293 2673 nec
2321 2633 2448 2675 cum
2481 2615 2760 2672 infirmata
2785 2613 2974 2683 fuerit,
3011 2613 3234 2672 fetatur.

2262 2707 2316 2764 5.
2351 2707 2580 2762 Labores
2624 2704 2989 2761 hereticorum
3025 2705 3245 2761 steriles.
3276 2734 3348 2746 —
3398 2700 3556 2771 Quod
3609 2708 3801 2760 tamen

2189 2794 2429 2868 intelligi
2481 2794 2646 2851 etiam
2683 2793 2751 2851 de
2804 2793 3081 2852 haereticis
3110 2791 3545 2866 praedicantibus
3592 2799 3799 2864 potest.

2191 2883 2577 2958 Unusquisque
2627 2883 2774 2940 enim
2809 2883 3134 2956 praedicator
3163 2882 3386 2951 erroris,
3417 2881 3548 2937 dum
3579 2880 3802 2953 plebem

2187 2981 2346 3030 extra
2371 2974 2642 3030 unitatem
2671 2973 2930 3030 Ecclesiae
2955 2972 3190 3045 positam
3219 2971 3400 3034 docet,
3419 2968 3663 3038 profecto
3688 2975 3801 3024 ste-

2189 3063 2371 3130 rilem,
2400 3069 2454 3117 et
2479 3079 2597 3118 eam
2628 3077 2748 3134 qua:
2774 3077 2966 3131 parere
2997 3075 3108 3112 non
3139 3057 3306 3124 valet,
3360 3055 3554 3128 pascit,
3583 3057 3712 3130 quia
3741 3067 3803 3114 et

2187 3151 2238 3207 ei
2268 3167 2428 3206 usum
2457 3150 2545 3206 sui
2573 3147 2778 3204 laboris
2806 3145 3100 3218 impendit,
3133 3161 3252 3218 quae
3281 3144 3555 3216 spiritales
3579 3144 3802 3205 fructus

2188 3256 2533 3314 nequaquam
2591 3237 2794 3294 reddit.
2851 3238 2998 3292 Bene
3047 3240 3228 3290 autem
3287 3233 3468 3289 viduae
3498 3250 3608 3290 non
3636 3234 3798 3306 facit,

2187 3329 2316 3403 quia
2341 3328 2600 3385 videlicet
2629 3333 2830 3383 sanctas
2878 3322 3180 3381 universali
3205 3323 3487 3392 Ecclesia,
3517 3323 3675 3397 cujus
3705 3323 3802 3382 vir

2185 3419 2414 3476 adversa
2465 3415 2662 3472 mortis
2706 3415 2956 3488 pertulit,
2989 3413 3178 3469 vivere
3221 3430 3284 3470 ac
3335 3412 3610 3470 deservire
3663 3430 3800 3470 con-

2185 3508 2402 3566 temnit.
2439 3506 2636 3566 Viduse
2664 3505 2812 3562 enim
2839 3503 3157 3561 benefacere
3174 3511 3256 3559 est
3276 3502 3333 3559 in
3355 3501 3477 3575 ejus
3504 3519 3624 3576 quas
3648 3519 3802 3560 mor-

2183 3597 2267 3654 tui
2298 3595 2408 3652 viri
2437 3595 2525 3652 sui
2555 3610 2740 3650 amore
2757 3590 3490 3650 conteritur“consolatione
3518 3590 3797 3649 laborare.

2186 3685 2340 3744 Unde
2371 3693 2426 3741 et
2455 3682 2755 3741 Psalmistae
2785 3697 2920 3738 voce
2976 3681 3095 3738 haec
3125 3679 3315 3738 eadem
3357 3680 3546 3750 vidua,
3577 3679 3801 3739 scilicet

2183 3783 2371 3834 sancta
2406 3773 2654 3832 Ecclesia
2691 3774 2968 3848 queritur,
3002 3771 3193 3830 dicens
3226 3789 3239 3829 :
3303 3771 3671 3828 Consolantem
3710 3788 3802 3828 me

2182 3867 2424 3940 quaesivi,
2445 3873 2492 3922 et
2519 3883 2624 3922 non
2648 3865 2827 3922 inveni
2845 3865 3026 3936 (Psal.
3056 3880 3255 3932 vam,
3283 3862 3402 3935 21).
3429 3861 3583 3920 Tunc
3607 3861 3797 3920 solum

2183 3958 2383 4033 quippe
2413 3957 2786 4016 consolantem
2813 3953 3050 4023 invenit,
3077 3970 3202 4011 cum
3229 3969 3300 4010 ex
3319 3969 3382 4009 ea
3412 3959 3590 4008 morte
3617 3967 3798 4025 quam

2183 4049 2272 4106 vir
2299 4047 2416 4122 ejus
2445 4046 2675 4120 pertulit
2701 4044 2906 4100 multos
2927 4043 3074 4100 intra
3101 4043 3450 4117 semetipsam
3470 4059 3692 4115 surgere
3721 4041 3801 4100 ad

2183 4139 2355 4196 vitam
2390 4137 2586 4195 cernit.
2618 4136 2769 4208 Saepe
2799 4141 2983 4191 autem
3012 4133 3339 4207 praedicator
3391 4130 3594 4188 erroris
3623 4129 3802 4204 hujus

2183 4227 2380 4285 mundi
2409 4225 2679 4284 divitibus
2725 4223 3001 4298 jungitur,
3032 4224 3129 4298 qui
3160 4239 3261 4296 pro
3286 4239 3350 4280 eo
3380 4219 3529 4296 quod
3557 4219 3803 4278 terrenis

2182 4319 2638 4392 occupationibus
2691 4315 2978 4386 incubant,
3027 4315 3303 4373 dictorum
3384 4308 3804 4386 deprehendere

2181 4410 2411 4468 astutias
2433 4409 2722 4482 ignorant;
2745 4413 2800 4463 et
2823 4422 2954 4464 cum
2979 4410 3230 4480 potentes
3259 4419 3375 4460 esse
3413 4400 3660 4460 exterius
3679 4417 3803 4457 am-

2180 4501 2364 4572 biunt,
2393 4515 2662 4574 perversae
2711 4495 3124 4572 praedicationis
3179 4494 3376 4570 laqueo
3437 4491 3558 4550 sine
3604 4491 3804 4550 labore

463 4624 627 4682 gnere
649 4577 1034 4683 ~cogitationes
1081 4577 1278 4664 nescit.
1340 4605 1473 4674 Quae
1507 4577 1691 4661 autem
1733 4577 1930 4673 vidua,
1962 4577 2072 4662 nisi
2103 4577 2152 4638 D
2182 4591 2496 4666 capiuntur.
2536 4587 2700 4648 Unde
2724 4595 2780 4646 et
2807 4585 3117 4683 {ubfljfllrni

460 4699 645 4756 anima
659 4698 1049 4772 nuncupatur?
1079 4697 1254 4766 Quam
1282 4695 1412 4770 quia
1440 4693 1547 4752 sibi
1567 4692 1822 4751 conditor
1843 4693 2071 4766 conjun-

460 4805 584 4860 gere
635 4789 837 4857 voluit,
867 4787 936 4844 ad
995 4786 1304 4844 thalamum
1333 4787 1355 4822 ⁷
1415 4782 1560 4842 uteri
1618 4783 1859 4840 carnalis
1890 4784 2068 4854 venit,

459 4878 749 4936 Psalmista
775 4883 1087 4945 attestante,
1119 4875 1214 4948 qui
1242 4875 1322 4932 ait
1349 4892 1362 4931 :
1395 4876 1471 4932 Et
1495 4875 1609 4947 ipse
1638 4881 1897 4946 tanquam
1911 4892 2069 4948 span.

458 4986 570 5038 sus,
595 4969 881 5042 procedens
921 4967 986 5024 de
1030 4967 1262 5024 thalamo
1290 4983 1386 5022 suo
1412 4967 1594 5040 (Psal.
1625 4982 1791 5036 xvm,
1821 4966 1901 5039 6).
1937 4966 2068 5034 Quae

459 5069 606 5118 recte
665 5057 836 5117 vidua
885 5057 1112 5128 dicitur,
1144 5056 1276 5131 quia
1327 5056 1446 5132 ejus
1473 5055 1562 5115 vir
1590 5073 1692 5132 pro
1741 5073 1804 5114 ea
1833 5063 2068 5114 mortem

522 5255 552 5338 f
583 5251 830 5338 ζει)τοίοη
860 5254 1074 5314 Gemet.
1105 5262 1160 5314 et
1187 5253 1286 5312 alii
1312 5253 1729 5324 Norm.,oultus
1757 5258 1934 5310 autem
1953 5253 2066 5311 Do-

456 5341 613 5383 mmi.

458 5472 496 5525 ι,
531 5399 554 5436 ³
584 5397 846 5472 Vindoc.,
868 5417 968 5474 per
1021 5398 1403 5457 districtionem
1457 5399 1705 5466 scientiis,
1727 5399 1812 5456 vel
1865 5402 2067 5455 senten-

480 5487 563 5525 ue.

480 5487 790 5615 miGemet.
825 5553 878 5603 et
902 5542 998 5602 alii
1028 5545 1242 5615 Norm.,
1273 5543 1481 5603 incidit.

530 5616 552 5688 4
583 5613 616 5674 2
645 5616 924 5688 Laudun.,
955 5613 1232 5674 arborum.

2801 4675 3030 4735 CAPUT
3068 4673 3166 4734 IV.

2250 4774 2422 4833 Vens.
2455 4773 2546 4832 22.
2575 4802 2649 4816 -
2674 4767 2926 4828 Detraxit
2952 4766 3117 4838 fortes
3144 4762 3200 4820 in
3228 4758 3545 4838 fortitudine
3563 4778 3690 4823 sua.

2249 4866 2302 4923 6.
2371 4867 2436 4923 In
2477 4861 2806 4920 fortitudine
2843 4858 3046 4934 quippe
3113 4873 3225 4914 suae
3276 4855 3568 4930 pravitatis
3617 4853 3802 4913 fortes

2179 4971 2422 5032 quosque
2479 4952 2740 5018 detrahit,
2788 4965 2916 5008 cum
2980 4964 3078 5022 per
3138 4946 3225 5004 sui
3276 4945 3482 5003 erroris
3527 4943 3796 5004 astutiam

2177 5049 2374 5107 mundi
2401 5047 2570 5122 hujus
2591 5050 2840 5120 potentes
2859 5041 3024 5116 rapit.
3039 5039 3189 5110 Quos
3203 5046 3401 5098 contra
3432 5053 3533 5112 per
3549 5036 3796 5094 Paulum

2250 5250 2270 5286 ⁷
2301 5247 2402 5307 Ms.
2456 5259 2647 5319 omnes
2704 5241 2920 5319 Norm.,
2959 5236 3092 5319 duo
3113 5231 3790 5319 _I_.aud.,_Germ.,.Corh_.

2177 5323 2361 5404 Germ.
2381 5327 2434 5376 et
2453 5318 2571 5388 alii,
2599 5317 2678 5372 ita
2705 5315 2928 5372 habent.
2958 5314 3022 5370 In
3047 5311 3200 5369 Edit.
3228 5311 3430 5384 legitur
3453 5311 3595 5364 uteri
3619 5311 3794 5379 vir-gi.

2175 5396 2336 5451 nalis.

2249 5467 2270 5543 f
2297 5465 2452 5543 linus
2478 5459 2676 5543 Laud,
2703 5458 2863 5543 uenit,

2247 5539 2268 5574 ⁸
2295 5538 2510 5604 Norm.,
2536 5535 2770 5604 negligit.

2249 5591 2810 5674 1'{Vindo'cq"labore.
2841 5602 2906 5658 In
2953 5597 3122 5668 Utic.,
3150 5595 3255 5654 hac
3290 5611 3427 5654 voce
3482 5591 3792 5653 dimidiata

527 5687 550 5721 ⁵
570 5688 755 5762 Laud.
786 5677 922 5760 duo,
947 5691 1136 5748 Norm.
1170 5697 1226 5746 et
1261 5686 1371 5762 alii
1400 5689 1583 5762 vulgo
1597 5684 1806 5745 habent
1836 5681 2061 5757 abscidi,
2171 5679 2384 5762 relicta,
2415 5677 2625 5762 legitur.
2643 5677 2850 5732 robore.

457 5761 504 5810 et
531 5759 908 5845 absciditmtcz,
934 5777 1034 5845 pro
1057 5761 1318 5830 abscindi,
1345 5759 1627 5819 abscindit.

531 5831 554 5866 ⁶
583 5831 822 5905 Gemet.,
845 5831 998 5908 facit.

2245 5755 2290 5790 ιι
2317 5737 2383 5808 In
2417 5752 2443 5806 1
2468 5737 2676 5816 Laud,
2716 5745 3070 5804 consolatione
3117 5742 3374 5810 relevare,
3426 5747 3486 5800 et
3533 5737 3793 5799 secunda

2170 5840 2338 5882 manu
2357 5820 2706 5879 consolatione
2725 5819 2990 5876 laborare.
