3946 6376
179 355 237 412 13
914 350 1294 412 MORALIUM
1332 352 1467 427 LIB.
1510 349 1686 410 XVII.
1725 378 1801 399 -
1837 351 1909 409 IN
1950 352 2180 412 CAPUT
2219 356 2406 415 XXIV
2444 358 2506 413 B.
2549 358 2692 417 JOB.
3407 360 3473 419 14

172 483 394 545 dicitur:
428 480 661 555 Inﬁma
688 482 878 539 mundi
917 482 1071 555 elegit
1095 483 1258 552 Deus,
1288 484 1304 518 ¹
1340 488 1399 539 ιιι
1424 481 1766 553 confunderet
1796 481 1849 543 Α
1876 485 2059 542 ducit?
2097 487 2177 542 Tu
2194 492 2370 543 autem
2388 488 2671 544 secundum
2693 491 2714 525 ⁷
2743 489 3004 546 duritiam
3022 496 3166 550 tuam
3190 499 3239 551 et
3264 511 3358 551 cor
3374 494 3471 551 im-

171 572 326 645 fortia
350 571 429 643 (Ι.
458 572 584 628 Cor.
619 588 660 640 ι,
690 572 809 643 27).
844 572 1133 629 Fortitudo
1157 579 1340 629 autem
1362 571 1603 646 perversi
1634 589 1766 645 pras-

171 662 417 721 dicatoris
444 668 531 719 est
567 662 709 718 elata
751 661 983 718 scientia
1024 662 1343 732 locutionis,
1378 679 1487 736 qua
1520 662 1764 733 inﬂatus,

170 760 381 810 ceteros
414 750 671 825 despicit,
702 759 867 827 atque
889 751 946 808 in
978 760 1301 825 contemptu
1325 752 1579 810 omnium
1610 753 1764 827 quasi

168 841 510 915 singulariter
536 841 683 915 apud
710 858 767 899 se
802 842 1012 916 peritus
1041 842 1384 900 intumescit.
1423 844 1529 912 Qui
1570 861 1768 917 magna

165 930 226 989 de
261 948 316 987 se
342 931 609 1000 sentiens,
645 931 741 988 sed
768 948 899 989 vera
926 931 994 988 de
1021 932 1261 989 Domino
1284 932 1568 1005 ignorans,
1604 935 1765 1007 longe

163 1036 193 1077 a
213 1019 337 1077 ﬁdei
364 1021 682 1094 cognitione
709 1020 1069 1095 disjungitur,
1126 1029 1182 1078 et
1209 1030 1394 1079 tamen
1425 1023 1604 1081 videri
1634 1024 1763 1082 ﬁdei

164 1109 485 1185 pradicator
511 1118 763 1169 conatur.
792 1112 948 1169 Unde
972 1111 1156 1170 adhuc
1181 1112 1473 1171 subditur:

614 1219 844 1279 CAPUT
872 1220 925 1279 ν
956 1218 1099 1294 [νει.
1128 1219 1267 1293 III].

226 1311 360 1370 Ῑιιιιι.
397 1340 474 1354 -
499 1312 575 1369 Et
600 1328 718 1367 cum
744 1310 965 1377 steterit,
988 1311 1012 1347 ²
1038 1328 1146 1367 non
1164 1311 1337 1367 credet
1364 1311 1484 1368 vita:
1509 1329 1639 1370 sure.

227 1402 275 1459 7.
314 1400 501 1460 Omnis
510 1407 754 1474 peccator
767 1401 1167 1459 incredulitatis
1180 1418 1321 1458 reus.
1340 1432 1411 1444 —
1426 1402 1544 1459 Stat
1573 1402 1630 1459 in
1655 1402 1762 1461 hoc

158 1488 359 1546 mundo
422 1505 716 1563 perversus
765 1490 1000 1564 quisque
1066 1489 1415 1563 praedicator,
1474 1508 1759 1566 quousque

159 1586 372 1636 terreno
402 1579 552 1636 vivit
598 1580 657 1636 in
696 1596 945 1654 corpore.
986 1579 1092 1637 Sed
1136 1579 1264 1637 vitae
1290 1596 1403 1637 sua)
1430 1581 1650 1639 credere
1679 1598 1759 1638 re-

154 1669 291 1739 nuit,
324 1668 460 1743 quia
483 1669 551 1726 de
584 1672 699 1728 Deo
732 1687 863 1727 vera
903 1685 1232 1743 cognoscere
1258 1670 1583 1727 contemnit.
1616 1671 1759 1729 Vita:

158 1759 299 1816 enim
331 1775 449 1816 suae
486 1759 750 1829 crederet,
782 1759 830 1818 si
873 1760 941 1816 de
969 1759 1277 1817 conditoris
1318 1759 1404 1816 sui
1451 1760 1761 1818 substantia

1870 576 2126 649 paenitens
2154 577 2483 634 thesaurizas
2512 577 2606 633 tibi
2633 578 2775 635 iram
2818 580 2874 634 in
2896 580 2979 635 die
3005 580 3104 637 ira:
3129 590 3177 637 et
3198 584 3471 642 revelatio-

1874 667 1959 722 nis
1973 666 2113 737 justi
2127 666 2323 737 judicii
2347 668 2447 724 Dei
2475 667 2659 739 (Rom.
2691 684 2756 735 ιι,
2782 667 2837 737 ’s,
2865 668 2951 741 ὅ).
2986 670 3129 727 Hinc
3164 671 3330 729 Isaias
3358 674 3468 731 ait:

1873 757 2020 814 Puer
2052 764 2254 814 centum
2281 774 2549 813 annorum
2586 757 2867 825 morietur,
2914 764 2964 814 et
2986 766 3229 832 peccator
3270 769 3474 819 centum

1872 862 2142 902 annorum
2173 847 2481 903 maledicta:
2518 846 2625 902 erit
2666 847 2834 918 (Isai.
2886 865 3020 915 va,
3066 847 3187 920 20).
3219 850 3242 885 ⁸
3290 851 3374 907 Ac
3423 851 3472 907 si

1873 944 2056 1009 aperte
2084 952 2185 992 nos
2216 935 2506 1005 deterreat,
2535 935 2763 995 dicens:
2809 937 2940 995 Vita
2970 937 3194 1012 quidem
3229 939 3386 1012 pueri
3415 938 3471 995 in

1874 1025 2101 1099 longum
2131 1025 2394 1095 trahitur,
2426 1034 2491 1086 ut
2537 1043 2570 1083 a
2598 1027 2761 1085 factis
2788 1027 3099 1101 puerilibus
3126 1028 3434 1101 corrigatur
3457 1046 3481 1086 :.

1871 1116 1966 1173 sed
1993 1116 2042 1173 si
2071 1132 2104 1172 a
2143 1116 2353 1189 peccati
2383 1117 2786 1189 perpetratione
2818 1133 2921 1174 nec
2960 1117 3223 1191 temporis
3261 1118 3474 1191 longin-

1871 1206 2081 1282 quitate
2133 1206 2524 1279 compescitur,
2575 1206 2695 1264 hinc
2724 1206 2846 1280 ipsa
2890 1206 3021 1264 vita:
3074 1208 3474 1281 longinquitas,

1871 1313 2037 1372 quam
2084 1313 2182 1371 per
2215 1295 2651 1354 misericordiam
2691 1296 2925 1371 accepit,
2973 1296 3024 1354 ei
3071 1296 3138 1354 ad
3185 1298 3473 1356 cumulum

1870 1387 2278 1446 maledictionis
2303 1387 2522 1445 crescit.
2555 1386 2713 1445 Unde
2752 1403 2975 1445 necesse
3004 1395 3087 1444 est
3113 1395 3176 1444 ut
3219 1404 3347 1445 cum
3374 1404 3475 1444 nos

1869 1479 2081 1537 diutius
2108 1479 2415 1552 exspectari
2444 1478 2835 1552 conspicimus,
2867 1478 2985 1551 ipsa
3033 1485 3334 1551 prorogatae
3362 1478 3475 1552 pie-

1868 1570 2001 1627 tatis
2044 1577 2294 1641 tempora
2340 1568 2497 1642 quasi
2526 1568 2902 1625 damnationis
2929 1573 3254 1640 argumenta
3280 1567 3473 1624 timea-

1869 1676 2013 1728 mus,
2035 1676 2106 1715 ne
2125 1675 2194 1715 ex
2217 1658 2509 1715 clementia
2533 1656 2741 1728 judicis
2769 1664 2977 1714 crescat
2998 1656 3331 1728 supplicium
3353 1673 3474 1728 pec-

1868 1748 2074 1807 catoris
2098 1766 2112 1816 ;
2144 1755 2199 1804 et
2227 1746 2375 1804 unde
2406 1745 2639 1820 quisque
2668 1745 2810 1818 eripi
2837 1762 2870 1801 a
2899 1752 3073 1802 morte
3094 1751 3327 1818 poterat,
3344 1744 3475 1803 inde

156 1857 296 1907 recte
325 1849 579 1907 sentiret.
625 1850 755 1907 Haec
796 1849 981 1923 itaque
1007 1848 1260 1922 superius
1283 1848 1351 1905 de
1379 1849 1627 1923 quolibet
1654 1850 1757 1906 ini.
1790 1855 1840 1918 Β
1870 1838 2093 1911 gravius
2121 1836 2191 1894 ad
2219 1844 2455 1894 mortem
2484 1834 2693 1892 tendat.
2725 1834 2884 1904 Quod
2914 1835 3121 1893 idcirco
3151 1835 3476 1909 plerumque

156 1954 260 2012 quo
287 1939 508 2012 prolata
532 1938 871 2009 dicebamus,
909 1937 1003 1995 sed
1042 1944 1266 2011 repente
1295 1937 1364 1994 ad
1395 1938 1598 1995 erroris
1628 1934 1783 2012 prae?

153 2025 458 2085 dicatorem
510 2026 897 2085 intellectum3
943 2027 1233 2084 vertimus.
1279 2026 1434 2083 Unde
1474 2027 1759 2084 sciendum

152 2122 231 2172 est
259 2117 393 2190 quia
419 2116 503 2173 sic
529 2116 599 2173 ad
618 2116 855 2189 speciem
875 2115 1154 2183 ducimur,
1179 2114 1201 2147 ⁴
1232 2119 1295 2168 ιιι
1316 2128 1661 2187 nequaquam
1684 2123 1763 2170 ta-

152 2222 276 2262 men
326 2223 360 2262 a
410 2223 608 2280 genere
638 2206 892 2263 funditus
921 2204 1243 2261 evellamur.
1286 2203 1423 2259 Nam
1473 2219 1762 2275 perversus

151 2297 387 2370 quisque
416 2294 581 2352 etiam
626 2296 673 2352 si
708 2302 912 2353 rectam
956 2293 1123 2350 ﬁdem
1172 2292 1231 2349 in
1275 2292 1402 2348 sinu
1432 2291 1763 2351 universalis

146 2393 415 2451 Ecclesiae
470 2401 657 2451 tenere
706 2393 981 2462 videatur,
1026 2400 1153 2462 stat,
1202 2389 1351 2447 537
1378 2401 1433 2450 et
1473 2393 1602 2451 vita;
1648 2413 1759 2453 suae

148 2501 257 2541 non
288 2484 493 2554 credit,
531 2485 662 2559 quia
710 2492 860 2541 recta
904 2483 1126 2556 quidem
1156 2491 1286 2541 sunt
1310 2501 1431 2558 quae
1459 2502 1556 2558 per
1594 2485 1759 2542 ﬁdem

146 2573 211 2632 de
240 2575 538 2633 conditore
569 2573 856 2646 intelligit,
888 2573 982 2630 sed
1011 2582 1194 2630 tamen
1225 2574 1353 2631 ﬁdei
1384 2592 1548 2647 opera
1576 2584 1761 2631 tenere

145 2666 501 2734 contemnit;
531 2674 586 2723 et
616 2664 1024 2725 incredulitatis
1050 2666 1418 2740 redarguitur,
1450 2668 1580 2741 quia
1608 2668 1676 2726 ab
1696 2685 1761 2725 eo

143 2756 293 2828 quod
319 2772 382 2813 se
412 2756 655 2813 ostendit
682 2755 926 2824 credere,
957 2754 1197 2812 vivendo
1229 2756 1569 2829 reprobatur.
1622 2757 1761 2814 Hinc

140 2849 296 2903 enim
332 2864 435 2921 per
463 2849 731 2905 Joannem
762 2846 973 2903 dicitur
998 2865 1009 2904 :
1046 2848 1151 2916 Qui
1169 2849 1297 2903 dicit
1320 2866 1373 2904 se
1396 2867 1546 2904 nosse
1572 2850 1759 2919 Deum,

142 2944 187 2994 et
206 2938 484 2995 mandata
517 2938 630 3008 ejus
658 2955 765 2993 non
794 2937 1041 3002 custodit,
1066 2938 1299 2993 mendax
1322 2944 1397 2994 est
1417 2940 1483 3008 (Ι
1507 2939 1664 2994 Joan.
1696 2956 1761 3006 ιι,

141 3026 222 3099 4).
255 3025 414 3083 Hinc
441 3026 646 3081 Paulus
670 3027 749 3079 ait
772 3042 784 3078 :
826 3026 1156 3097 Conﬁtentur
1180 3044 1233 3081 se
1269 3044 1419 3082 nosse
1445 3028 1636 3096 Deum,
1663 3028 1765 3099 fa-

142 3118 236 3174 ctis
267 3123 455 3174 autem
484 3121 677 3186 negant
719 3114 854 3187 (Tit.
884 3130 926 3181 ι,
962 3117 1077 3186 16).
1118 3116 1261 3171 Iiinc
1312 3117 1545 3175 Iacobus
1585 3120 1759 3178 dicit:

1872 1929 2075 2003 agitur,
2093 1927 2222 2001 quia
2237 1942 2583 2001 nequaquam
2613 1942 2646 1982 a
2673 1925 3035 1999 praesentibus
3063 1925 3265 1983 mentis
3280 1925 3476 1983 oculus

1873 2026 2174 2092 separatur.
2208 2016 2568 2075 Considerare
2598 2032 2836 2089 namque
2864 2023 3121 2089 peccator
3148 2015 3474 2089 Redempto-

1871 2110 1950 2167 ris
1978 2109 2097 2165 vias
2125 2107 2375 2180 negligit,
2406 2114 2462 2163 et
2504 2105 2713 2164 idcirco
2760 2105 2820 2162 in
2870 2106 2985 2163 suis
3032 2104 3327 2164 itineribus
3354 2106 3475 2164 sine

1874 2201 2177 2259 cessatione
2206 2200 2515 2256 veterascit.
2550 2197 2707 2256 Unde
2734 2204 2789 2254 et
2817 2197 3112 2255 subditur:

2194 2307 2424 2365 CAPUT
2453 2306 2554 2363 VII
2587 2305 2725 2380 [νει.
2772 2307 2871 2375 IV,
2902 2307 3021 2363 Rec.
3062 2304 3150 2379 η.

1945 2400 2083 2456 Iam.
2115 2429 2185 2441 --
2219 2397 2373 2455 Oculi
2400 2396 2537 2451 enim
2560 2396 2674 2467 ejus
2698 2401 2820 2451 sunt
2848 2395 2905 2449 in
2930 2395 3032 2450 viis
3060 2394 3232 2451 illius.

1944 2488 1998 2545 9.
2030 2489 2278 2545 Peccator
2306 2486 2406 2542 viis
2432 2485 2651 2542 Domini
2688 2484 2909 2551 relictis,
2936 2484 2993 2540 in
3034 2484 3167 2552 suis,
3198 2483 3292 2539 hoc
3318 2489 3395 2539 est
3418 2482 3475 2540 in

1873 2581 2016 2636 vitiis
2046 2580 2351 2635 delectatur.
2370 2608 2441 2619 —
2462 2576 2595 2635 Vias
2614 2575 2762 2632 enim
2778 2590 2906 2631 suas
2926 2581 3178 2648 peccator
3205 2573 3473 2643 intuetur,

1874 2671 2003 2746 quia
2033 2670 2185 2728 sola9
2217 2668 2477 2742 cogitare,
2508 2668 2625 2725 sola
2653 2682 2873 2725 cernere
2902 2666 3102 2723 nititur
3121 2681 3241 2739 quae
3270 2662 3379 2723 sibi
3404 2664 3475 2722 ad

1873 2761 2228 2820 commodum
2284 2758 2584 2831 temporale
2640 2756 3027 2830 suifragentur.
3080 2756 3224 2813 Hinc
3269 2753 3473 2812 etenim

1872 2850 2076 2909 Paulus
2104 2850 2271 2907 dicit:
2310 2850 2496 2906 Omnes
2520 2864 2638 2920 quis
2668 2864 2767 2903 sua
2790 2853 2913 2902 sunt
2930 2852 3198 2918 quierunt,
3226 2861 3333 2901 non
3359 2861 3477 2918 qua:

1873 2941 1999 2996 Iesu
2038 2939 2240 2996 Christi
2266 2939 2498 3010 (Philip.
2547 2955 2610 3005 ιι,
2642 2936 2760 3007 2i).
2811 2935 2918 2994 Via
2943 2952 3181 3009 namque
3207 2934 3359 3004 elati,
3387 2952 3475 2992 su-

1874 3029 2094 3105 perbia;
2130 3027 2222 3082 via
2241 3025 2497 3097 raptoris,
2528 3025 2796 3089 avaritia;
2822 3025 2912 3080 via
2938 3031 3019 3079 est
3040 3023 3262 3090 lubrici,
3282 3025 3329 3060 ¹⁰
3347 3040 3474 3081 con-

1874 3116 2213 3192 cupiscentia
2239 3115 2491 3172 carnalis.
2525 3115 2587 3169 In
2618 3113 2726 3168 viis
2754 3128 2880 3183 ergo
2916 3111 3031 3167 suis
3078 3112 3301 3184 iniquus
3329 3113 3478 3185 quis-

143 3207 300 3263 Fides
332 3205 452 3262 sine
477 3204 724 3292 operibus
754 3209 971 3292 mortua
999 3209 1075 3292 est
1100 3204 1246 3275 (Jac.
1280 3222 1344 3272 ιι,
1375 3205 1466 3275 20,
1496 3207 1615 3277 26).
1650 3210 1752 3265 Sed
1784 3218 1830 3281 α
1861 3228 1970 3292 que
2000 3208 2192 3266 oculos
2234 3204 2517 3277 deprimit,
2562 3202 2693 3292 quia
2734 3202 2866 3292 solis
2891 3200 3069 3292 vitiis,
3114 3208 3176 3292 ut
3199 3217 3317 3292 per
3357 3200 3475 3259 haec

145 3294 293 3353 inter
345 3293 473 3351 haec
511 3291 767 3349 conditor
808 3290 951 3347 mira
980 3291 1387 3366 dispensatione
1438 3296 1659 3351 consilii
1706 3306 1761 3354 et

141 3386 337 3460 culpas
362 3383 613 3459 respicit,
643 3390 698 3440 et
723 3382 951 3440 vivendi
979 3384 1531 3459 temporaimpendit,
1556 3396 1618 3443 ut
1642 3389 1761 3462 lon,

142 3477 299 3552 giora
350 3476 677 3551 temporalis
705 3476 836 3533 vitae
886 3476 1062 3550 spatia
1103 3485 1199 3534 aut
1239 3495 1506 3537 converso
1536 3479 1672 3536 ﬁant
1700 3480 1757 3537 in

141 3568 497 3643 adjutorium
529 3565 799 3637 muneris,
828 3574 924 3623 aut
951 3584 1063 3624 non
1093 3569 1458 3627 converso-ad
1487 3586 1759 3644 augmen-

143 3665 262 3716 tum
290 3656 695 3716 damnationis.
731 3656 886 3715 Unde
916 3656 1096 3715 adhuc
1124 3657 1409 3717 subditur:

622 3765 852 3826 CAPUT
878 3765 953 3823 VI
990 3764 1133 3840 [Rec.
1167 3764 1294 3840 IV].

213 3856 404 3917 Vsus.
430 3857 522 3917 23.
553 3880 625 3900 ε-
651 3857 811 3914 Dedit
835 3857 884 3912 ei
914 3857 1058 3914 Deus
1105 3858 1277 3914 locum
1326 3856 1665 3931 pamitentiie,
1712 3864 1763 3915 et

140 3950 231 4010 ille
258 3950 521 4008 abutitur
549 3966 607 4005 eo
632 3948 691 4004 in
719 3948 984 4021 superbia.

210 4042 266 4099 8.
304 4038 691 4102 Misericordia
707 4040 971 4111 peccatori
990 4040 1227 4113 impensa
1246 4046 1294 4096 et
1315 4040 1565 4113 neglecta,
1587 4040 1644 4096 in
1654 4057 1760 4113 pa:-

142 4148 267 4189 nam
300 4130 564 4188 vertitur.
596 4159 667 4170 —
693 4128 957 4203 Quisquis
980 4129 1256 4204 delinquit
1281 4138 1336 4186 et
1354 4129 1518 4200 vivit,
1551 4129 1761 4188 idcirco

141 4219 295 4280 hunc
327 4220 533 4278 divina
560 4219 898 4293 dispensatio
922 4221 943 4256 ⁶
966 4218 1025 4275 in
1053 4219 1345 4293 iniquitate
1369 4220 1589 4286 tolerat,
1604 4227 1667 4276 ut
1692 4219 1761 4276 ab

140 4309 452 4386 iniquitate
478 4317 807 4384 compescat.
839 4309 945 4367 Sed
976 4308 1073 4384 qui
1110 4308 1320 4366 diutius
1342 4309 1629 4379 toleratur,
1660 4326 1763 4367 nec

138 4407 330 4460 tamen
360 4401 440 4459 ab
465 4399 757 4475 iniquitate
784 4399 1177 4473 compescitur,
1203 4417 1406 4458 munus
1429 4399 1653 4475 quidem
1672 4417 1760 4457 su-

138 4509 324 4565 perna
358 4491 647 4567 patientiae
672 4489 928 4565 percipit,
958 4490 1054 4548 sed
1078 4498 1261 4548 reatus
1285 4490 1373 4547 sui
1402 4490 1664 4559 vinculis,
1691 4506 1761 4546 ex

1866 3289 2055 3366 animo
2108 3295 2432 3364 satisfaciat,
2480 3291 2740 3348 intendit.
2788 3289 2942 3347 Unde
2988 3307 3085 3363 per
3126 3289 3473 3348 Salomonem

1868 3395 2106 3452 dicitur:
2145 3384 2299 3447 Oculi
2327 3384 2612 3439 stultorum
2635 3380 2691 3436 in
2713 3379 2907 3452 ﬁnibus
2929 3385 3084 3435 terra:
3104 3379 3298 3450 (Prov.
3330 3395 3472 3450 xvn,

1867 3484 1990 3556 24),
2021 3480 2152 3555 quia
2184 3476 2293 3533 hoc
2338 3474 2520 3531 solum
2552 3478 2666 3527 tota
2695 3469 2877 3526 cordis
2906 3468 3215 3527 intentione
3242 3470 3474 3543 conspi-

1868 3575 2046 3643 ciunt,
2077 3587 2173 3644 per
2202 3566 2352 3641 quod
2380 3564 2445 3621 ad
2466 3563 2632 3619 ﬁnem
2662 3559 3141 3618 terrenidesiderii
3171 3559 3473 3633 perducan-

1868 3672 1977 3723 tur.
2008 3664 2368 3734 Nequaquam
2416 3670 2547 3710 vero
2577 3669 2689 3709 suae
2731 3648 3189 3708 considerationis
3218 3649 3472 3707 obtutum

1867 3757 1927 3818 in
1955 3769 2101 3817 terra
2128 3763 2383 3832 peccator
2412 3753 2623 3825 ﬁgeret,
2666 3751 2714 3808 si
2741 3745 2887 3805 538
2915 3747 2985 3805 ad
3028 3755 3215 3806 sancta
3258 3747 3343 3805 sui
3375 3749 3473 3805 Re-

1868 3848 2171 3923 demptoris
2210 3846 2412 3903 itinera
2453 3841 2655 3899 mentis
2700 3838 2889 3897 oculos
2937 3838 3161 3894 levaret.
3194 3837 3350 3895 Unde
3378 3853 3476 3910 per

1868 3941 2217 3997 Salomonem
2246 3950 2467 3993 rursum
2488 3931 2724 3988 dicitur:
2762 3928 2915 3986 Oculi
2944 3928 3198 4000 sapientis
3228 3927 3285 3983 in
3308 3927 3475 3999 capite

1867 4029 1981 4101 ejus
2007 4029 2211 4100 (Eccle.
2242 4042 2304 4093 ιι,
2340 4022 2454 4094 14),
2486 4020 2615 4095 quia
2645 4018 2902 4074 videlicet
2928 4017 3144 4089 sapiens
3158 4015 3389 4088 quisque
3410 4014 3473 4070 il-

1870 4118 1985 4174 lum
2016 4123 2132 4173 tota
2174 4112 2483 4170 intentione
2513 4106 2844 4174 considerat,
2888 4105 3048 4177 cujus
3076 4120 3131 4161 se
3162 4103 3472 4160 membrum

1869 4225 1985 4265 esse
2014 4224 2109 4281 per
2138 4205 2302 4263 ﬁdem
2334 4207 2543 4276 pensat.
2578 4200 2687 4255 Has
2714 4212 2951 4270 namque
2972 4195 3229 4252 humanae
3246 4211 3472 4253 conver-

1869 4297 2100 4356 sationis
2118 4296 2238 4353 vias
2262 4296 2304 4330 “
2329 4292 2517 4350 videre
2545 4293 2968 4361 contempserat,
3000 4286 3097 4359 qui
3118 4284 3334 4342 dicebat
3360 4303 3372 4342 :
3407 4287 3475 4344 In

1867 4388 2138 4445 mandatis
2168 4386 2270 4442 tuis
2291 4385 2335 4420 ¹³
2363 4401 2443 4439 me
2469 4380 2733 4447 exercebo,
2760 4384 2807 4434 et
2838 4375 3177 4434 considerabo
3206 4373 3325 4431 vias
3354 4382 3475 4431 tuas

1868 4480 2048 4550 (Psal.
2080 4492 2281 4541 cxvm,
2314 4472 2429 4544 15).
2462 4473 2544 4527 Ac
2584 4468 2664 4525 sic
2696 4475 2880 4542 aperte
2925 4466 3210 4542 spondeat,
3242 4464 3465 4522 dicens:

134 4555 258 4654 ipso
287 4555 628 4640 se-munere
655 4555 863 4638 arctius
907 4579 1181 4654 astringit.
1212 4582 1350 4638 Nam
1381 4579 1511 4655 quia
1541 4588 1762 4653 accepta
1787 4592 1839 4654 D
1870 4569 2001 4636 Qum
2032 4583 2153 4624 mea
2180 4571 2331 4657 εαξη,
2358 4562 2474 4636 iam
2503 4559 2691 4657 νίάθῗξδ
2744 4557 3134 4657 ταίιιείοτξιιιίξι
3163 4570 3261 4630 Per
3290 4555 3470 4657 ίηξξῖθι·

138 4646 491 4743 pbmitentim
513 4679 759 4744 tempora
785 4670 1015 4727 divertit
1040 4646 1113 4726 ad
1135 4670 1376 4743 culpam,
1396 4646 1760 4728 districtusin
1787 4646 1833 4654 -
1868 4658 2038 4715 ῐίοηίδ
2064 4664 2173 4714 ῐιιεθ
2214 4655 2363 4711 Viam
2394 4668 2616 4726 ρθτεθτθ
2636 4653 2681 4687 ¹³
2712 4646 3151 4744 φηνθῐεὸἳίοηξε
3196 4646 3470 4744 gregi?“

139 4761 361 4819 ultimis
374 4760 559 4836 judex
586 4761 838 4834 impensa
862 4768 1186 4833 argumenta
1214 4760 1609 4818 misericordiae
1628 4777 1758 4817 con-

138 4852 308 4910 vertit
337 4850 416 4908 ad
444 4867 683 4923 poenam.
712 4850 856 4910 Hinc
874 4867 1111 4925 namque
1136 4867 1233 4923 per
1260 4851 1492 4907 Paulum
1513 4849 1749 4908 dicitur:

139 4941 160 4975 ε
182 4941 273 4998 An
299 4940 532 5015 ignoras
554 4941 683 5013 quia
704 4941 968 5014 patientia
992 4940 1091 4998 Dei
1116 4940 1189 4997 ad
1208 4940 1635 5013 paenitentiam»
1660 4940 1754 4996 ad-

209 5122 231 5229 :
261 5124 288 5180 1
323 5118 602 5191 Vindoc.,
632 5126 693 5177 ut
704 5119 901 5249 Jortin
920 5138 1154 5203 quisque.
1167 5119 1482 5191 confundat.

261 5193 565 5249 Secundus
586 5194 700 5249 Lau
748 5236 786 5249 ..
815 5194 959 5249 Utic.
989 5201 1044 5249 et
1062 5195 1157 5248 ain
1187 5195 1402 5249 Norm..
1434 5211 1482 5247 ηε

190 5194 231 5229 “²
261 5193 565 5251 Secundus
586 5189 786 5262 Laud.,
815 5189 959 5250 Utic.
989 5189 1157 5249 etalii
1187 5189 1402 5261 Norm.,
1434 5209 1538 5247 non
1563 5189 1745 5248 credit.

204 5267 229 5302 ³
261 5266 405 5321 Post
450 5265 556 5322 hoc
602 5264 834 5321 verbum
881 5265 1102 5337 irrepsit
1141 5265 1198 5337 in
1235 5264 1413 5337 Edit.,
1456 5281 1560 5337 quo
1593 5264 1748 5337 modo

128 5344 387 5418 peccator
426 5337 541 5418 diu.
563 5338 861 5418 toleratur.
897 5335 1027 5404 Quae
1065 5335 1235 5418 verba
1272 5335 1344 5418 in.
1372 5335 1577 5418 nostris
1616 5336 1744 5391 Mss.

130 5405 349 5481 ignota,
383 5413 446 5462 et
471 5405 693 5481 aliunde
726 5406 957 5481 minime
984 5407 1434 5481 antecedentibus
1462 5414 1517 5463 et
1545 5421 1748 5463 conse-

130 5477 448 5553 quentibus
477 5477 811 5535 cohaerentia
838 5479 1231 5552 expunximus.

197 5554 222 5589 δ
254 5548 539 5624 Vindoc.,
582 5555 641 5605 ut
670 5557 843 5607 tamen
882 5548 929 5608 a‘
941 5569 1124 5624 genere
1169 5550 1380 5607 omnino
1408 5567 1516 5606 non
1557 5549 1745 5605 evella-

127 5641 263 5681 mus.
299 5622 528 5690 Germ.,
558 5628 618 5677 ut
638 5628 808 5678 tamen
835 5641 871 5679 a
888 5622 957 5679 re
973 5624 1207 5680 omnino.

196 5698 219 5733 ⁸
248 5697 394 5755 Mss.
411 5692 579 5768 Germ
590 5736 628 5768 ._,
638 5694 854 5768 Anglic.
864 5738 880 5765 ,
891 5696 1081 5753 Norm.
1091 5738 1107 5764 ,
1118 5694 1291 5768 Laud.
1302 5691 1572 5768 ,_Vindoc.
1582 5734 1598 5762 ,
1609 5698 1742 5768 etc_.,

128 5763 272 5827 hanc
302 5768 451 5825 lect.
477 5763 762 5825 exhibent.
796 5763 1098 5840 Inpostor.
1136 5763 1452 5839 Edit.'leg.,
1480 5765 1539 5821 in
1566 5763 1744 5836 (equi-

131 5845 228 5896 tate
256 5841 485 5897 tolerat.

131 5845 228 5896 tate
256 5845 485 5897 tolerat.

1866 4748 2171 4806 inardesco.
2205 4746 2311 4815 Qui
2340 4744 2488 4800 enim
2518 4741 2772 4816 praesenti
2797 4739 2913 4813 jam
2944 4738 3152 4795 mundo
3179 4736 3472 4794 contradi—

1865 4839 1962 4908 cit,
1981 4841 2026 4877 ¹⁴
2056 4835 2260 4894 amoris
2306 4832 2640 4891 excitatione
2681 4829 2945 4889 continua
2972 4824 3353 4898 Redemptoris
3380 4824 3468 4880 sui

1864 4930 1985 4987 vias
2002 4928 2184 4989 cordis
2203 4926 2379 4985 oculis
2400 4923 2615 4997 objicit,
2638 4930 2700 4979 ut
2725 4937 2880 4979 mens
2898 4934 3156 4995 prospera
3180 4915 3375 4990 fugiat,
3396 4912 3465 4971 ad

1933 5119 1955 5194 ἒ
1984 5120 2173 5194 ﬁorm.
2209 5115 2476 5194 plerique,
2507 5131 2579 5169 an
2605 5112 2790 5194 nescis.

1931 5193 1952 5228 ⁷
1984 5186 2246 5258 νὶιιάοοῖ,
2276 5186 2533 5243 duritiam
2561 5186 2755 5258 cordis.

1932 5264 1954 5299 ⁸
1984 5257 2247 5330 Vindoc.,
2276 5277 2338 5315 ac
2365 5259 2412 5313 si
2440 5258 2617 5312 dicat:
2646 5257 2779 5332 vita.

1929 5335 1950 5371 ⁰
1982 5323 2246 5401 Vindoc.,
2275 5332 2505 5402 cogitare
2532 5335 2580 5402 et
2609 5327 2815 5382 trahere
2840 5323 3051 5379 nititur.

1930 5407 1977 5441 ¹⁰
2002 5400 2239 5473 Gemet.,
2269 5400 2600 5473 conscientia.

1930 5479 1974 5513 ιι
2006 5468 2269 5541 village},
2298 5472 2475 5527 videre
2500 5468 2718 5543 cupivit.
2865 5536 2915 5543 __
3165 5541 3174 5543 ᾼ
3278 5526 3428 5543 ...._.

1929 5548 1977 5584 ¹²
2007 5529 2281 5603 ItaCorb.
2331 5529 2821 5611 Germ.,'Turon.,
2864 5536 3082 5606 Norm.,
3127 5541 3232 5592 etc.
3275 5529 3454 5602 Editi,

1852 5619 2148 5675 exercebar.
2759 5683 2764 5684 γ
2785 5682 2818 5684 Η
2880 5679 2897 5684 _
3261 5674 3293 5684 λ,
3379 5671 3391 5684 ,

1928 5674 1973 5728 1³
2005 5688 2230 5748 Siccum
2253 5684 2495 5759 Anglic,
2515 5684 2731 5753 Norm.,
2750 5679 3014 5759 Vindoc.,
3034 5688 3165 5747 etc.,
3180 5674 3453 5749 antiquio-

1852 5777 1939 5819 res
1967 5760 2202 5833 Excpsit
2228 5752 2583 5834 Posfegiores,
2610 5752 2984 5834 conuersionis.
3007 5823 3038 5834 ,Δ
3085 5822 3118 5834 Α,

1932 5835 1977 5870 ¹⁴
2007 5827 2212 5890 Τιῐιοιι.
2244 5837 2301 5887 et
2329 5830 2355 5887 1
2389 5827 2589 5899 Land.,
2610 5827 2813 5886 amoris
2840 5827 3234 5884 exercitatione.
