3946 6380
178 94 318 288 /

507 335 574 392 ,5
1712 337 1961 393 SANCTI
1999 337 2332 416 GREGOHII
2372 340 2618 400 MAGNI.
3103 395 3118 414 .
3745 347 3811 402 ιθ

501 466 733 520 adversa
760 469 1095 535 praeparetur
1126 480 1139 529 ;
1175 461 1316 518 nihil
1354 461 1504 535 quod
1545 461 1819 520 demulcet
1856 470 2094 534 appetat,
2125 471 2175 530 Α
2209 465 2278 521 ad
2309 466 2416 521 ima
2447 477 2754 526 revocatur.
2796 469 2887 526 Sic
2918 470 2987 524 ad
3042 469 3234 524 nubila
3292 469 3479 526 fumus
3506 471 3806 542 attollitur,

501 552 646 608 nihil
678 550 826 624 quod
855 550 1130 606 deterrere
1172 549 1418 608 creditur
1445 550 1829 622 pertimescat;
1892 567 2104 606 nier-

505 657 618 697 rem
649 639 912 714 gaudium
933 639 1190 712 deputet;
1217 639 1502 712 prasentis
1531 639 1658 694 vitae
1679 639 1876 711 gaudia
1904 640 2104 696 damna

505 728 759 786 maeroris
778 737 998 800 penset;
1024 727 1352 799 adjectionis
1389 727 1721 785 detrimenta
1752 745 1866 784 non
1885 729 2102 798 timeat,

505 817 726 890 sed-per
754 816 872 874 hac
902 817 1176 873 manentis
1222 817 1412 889 gloriae
1466 818 1650 874 locum
1707 825 1934 891 quaerat.
1996 819 2105 874 Has

505 908 708 964 etenim
739 907 856 963 vias
884 907 1231 981 sequentium
1265 909 1602 965 monstrabat
1631 908 1808 965 oculis
1863 908 2102 977 Veritas,

505 1013 630 1054 cum
661 995 906 1052 dicebat:
970 997 1029 1053 Si
1054 997 1174 1067 quis
1198 997 1329 1052 mihi
1381 997 1672 1066 ministrat,
1726 1014 1807 1052 me
1853 1004 2106 1069 sequatur

507 1087 688 1156 (Joan.
720 1102 824 1154 xu,
855 1085 970 1157 26).
1005 1085 1092 1142 Ad
1121 1084 1220 1142 has
1257 1085 1377 1141 vias
1399 1087 1671 1142 tumentia
1701 1086 2104 1159 discipulorum

503 1175 670 1232 corda
717 1175 1032 1245 revocabat,
1089 1193 1218 1233 cum
1267 1178 1451 1234 locum
1503 1178 1618 1251 jam
1668 1179 1856 1252 glorias
1900 1196 2103 1253 quaere-

505 1273 649 1334 rent,
679 1265 774 1322 sed
803 1265 1052 1337 ejusdem
1081 1268 1268 1339 gloriae
1324 1268 1430 1324 iter
1481 1268 1818 1342 ignorarent,
1875 1269 2098 1326 dicens:

505 1355 732 1411 Potestis
762 1356 933 1411 bibere
959 1357 1169 1412 calicem
1189 1375 1339 1428 quem
1354 1377 1442 1430 ego
1461 1359 1723 1414 bibiturus
1738 1377 1855 1414 sum
1887 1359 2100 1429 (Matth.

505 1460 606 1513 xx,
624 1445 716 1516 22)
743 1445 809 1500 ἳ¹
848 1445 1224 1502 Confessionis
1262 1446 1634 1519 quippeillius
1664 1447 2050 1504 celsitudinem
2073 1463 2104 1502 a

503 1533 717 1588 dextris
745 1534 1096 1607 sinistrisque
1125 1537 1476 1608 quaesieram,
1506 1538 1600 1592 sed
1631 1545 1834 1610 quanta
1860 1537 1929 1592 ad
1960 1537 2101 1593 hanc
2155 1551 2160 1556 '

501 1631 644 1678 esset
673 1623 888 1679 itineris
915 1626 1168 1695 angustia
1196 1643 1307 1680 non
1337 1626 1618 1681 videbant.
1645 1627 1799 1683 Unde
1828 1634 1880 1681 et
1910 1643 2101 1682 eorum

506 1729 638 1768 mox
667 1712 845 1767 oculis
873 1711 1179 1768 imitandus
1210 1712 1478 1784 passionis
1507 1715 1654 1770 calix
1700 1714 1982 1786 objicitur,
2042 1722 2104 1769 ut

506 1798 766 1896 videlicet
793 1798 838 1896 si
869 1799 937 1855 ad
966 1800 1326 1857 sublimitatis
1355 1802 1553 1874 gaudia
1607 1803 1916 1871 tenderent,
1948 1802 2102 1875 prius
2134 1835 2182 1896 Β

506 1889 652 1944 viam
685 1887 1020 1946 humilitatis
1047 1890 1382 1948 invenirent.
1403 1892 1543 1960 Quia
1561 1892 1728 1965 igitur
1757 1892 2102 1950 considerare

503 1987 758 2052 peccator
785 1977 904 2036 vias
929 1979 1029 2036 Dei
1061 1981 1308 2054 negligit,
1339 1982 1433 2038 sed
1462 1983 1595 2039 solis
1623 1983 1682 2040 in
1699 1983 1902 2057 quibus
1917 1999 2104 2041 cama-

505 2069 632 2124 liter
658 2069 959 2126 delectetur
986 2067 1247 2141 intendit,
1279 2079 1426 2128 recte
1457 2088 1606 2130 nunc
1633 2073 1842 2132 dicitur
1873 2091 1887 2130 ε
1951 2072 2106 2131 Oculi

503 2159 643 2214 enim
669 2158 783 2229 ejus
810 2165 934 2216 sunt
960 2159 1017 2216 in
1044 2161 1148 2217 uiis
1177 2162 1345 2220 illius.
1377 2163 1676 2236 Sequitur:

1080 2303 1308 2363 CAPUT
1353 2307 1502 2365 VIII.

575 2394 750 2454 Vens.
779 2394 870 2455 24.
901 2425 970 2440 —
1000 2398 1210 2455 Elerati
1239 2406 1360 2455 sunt
1387 2401 1458 2456 ad
1477 2400 1760 2468 modicum,
1792 2407 1838 2457 et
1866 2416 1970 2456 non
1986 2399 2103 2457 sub-

502 2487 704 2545 sistent.

580 2577 664 2634 10.
706 2575 867 2633 Inani
893 2576 1068 2649 gloria
1098 2579 1267 2635 elatus
1294 2581 1366 2638 ad
1392 2581 1655 2640 modicum
1685 2584 1845 2640 cadit.
1878 2614 1949 2625 -—
1977 2583 2102 2639 Ini-

504 2681 738 2749 quorum
769 2665 942 2738 gloria
971 2684 1096 2724 cum
1127 2670 1452 2744 plerumque
1483 2672 1541 2728 in
1561 2689 1832 2729 annorum
1852 2671 2102 2730 multitu-

502 2755 690 2812 dinem
719 2757 988 2825 tcnditur,
1009 2757 1078 2813 ab
1107 2757 1458 2817 inﬁrmorum
1491 2763 1769 2818 mentibus
1799 2779 1914 2818 esse
1944 2763 2104 2834 longa

501 2856 556 2904 et
584 2847 741 2922 quasi
768 2847 982 2904 stabilis
1001 2849 1322 2907 aestimatur.
1355 2851 1460 2908 Sed
1480 2869 1605 2909 cum
1626 2853 1946 2926 repentinus
1960 2851 2104 2910 hanc

501 2937 630 2993 ﬁnis
660 2939 682 2972 ²
703 2937 1004 3010 intercipit,
1034 2937 1256 2996 brevem
1289 2942 1478 3013 procul
1509 2941 1680 2998 dubio
1711 2942 1880 2998 fuisse
1921 2941 2102 2998 redar-

500 3025 637 3097 guit,
671 3028 690 3061 ³
722 3026 981 3099 quoniam
1027 3028 1155 3084 ﬁnis
1184 3030 1560 3088 determinans
1595 3031 1917 3099 innotescit,
1969 3032 2101 3104 quia

498 3117 645 3190 quod
675 3118 954 3189 praeterire
971 3119 1173 3189 potuit,
1196 3121 1479 3177 modicum
1498 3121 1626 3176 fuit.
1651 3124 1959 3177 Elevantur
1973 3139 2102 3192 ergo

2215 557 2308 612 sed
2327 567 2545 630 repente
2563 560 2618 616 in
2639 561 2880 617 nihilum
2902 561 3258 617 tumescendo
3274 561 3597 633 dissipatur.
3621 563 3713 620 Sic
3739 565 3809 622 ab

2215 650 2423 706 intimis
2452 653 2650 708 nebula
2677 654 3050 710 densescendo
3094 671 3151 738 se
3180 653 3374 726 erigit;
3428 653 3524 709 sed
3580 662 3809 712 exortus

2215 740 2358 798 hanc
2385 742 2518 798 solis
2546 743 2751 812 radius,
2791 761 2854 800 ac
2883 744 2928 800 si
2960 761 3069 799 non
3100 743 3290 812 fuerit,
3320 743 3600 816 abstergit.
3637 743 3728 801 Sic
3751 745 3808 800 in

2215 831 2506 890 herbarum
2536 835 2824 907 superﬁcie
2852 835 3111 891 nocturni
3142 834 3282 891 roris
3312 834 3514 890 humor
3559 835 3811 908 aspergi-

2215 931 2326 991 tur,
2358 924 2451 978 sed
2480 923 2668 980 diurni
2698 925 2927 980 luminis
2955 924 3140 981 subito
3169 926 3348 981 calore
3403 924 3661 980 siccatur.
3722 925 3812 981 Sic

2215 1030 2483 1084 spumosa
2512 1030 2776 1087 aquarum
2806 1014 2972 1070 bulla
2994 1013 3386 1070 inchoantibus
3414 1013 3621 1084 pluviis
3651 1011 3812 1069 exci-

2213 1111 2360 1170 tatae,
2391 1104 2460 1158 ab
2490 1102 2705 1160 intimis
2733 1103 2984 1160 certatim
3017 1104 3322 1176 prodeunt;
3355 1103 3448 1158 sed
3477 1120 3542 1160 eo
3579 1103 3812 1160 celerius

2213 1191 2447 1263 dirupt.e
2477 1192 2797 1264 depereunt,
2829 1209 2940 1266 quo
2971 1193 3172 1248 inﬂatae
3215 1191 3382 1248 altius
3410 1192 3806 1248 extenduntur.

2215 1281 2462 1355 Cumque
2491 1291 2816 1340 excrescunt
2845 1291 2907 1339 ut
2960 1290 3278 1356 appareant,
3327 1281 3622 1338 crescendo
3679 1297 3814 1354 per-

2215 1379 2384 1441 agunt
2413 1359 2480 1426 ne
2510 1372 2829 1428 subsistant.
2889 1374 2968 1428 De
3017 1372 3226 1446 iniquis
3273 1371 3443 1442 igitur
3491 1371 3814 1443 temporalis

2215 1460 2400 1530 gloria:
2431 1463 2666 1517 elatione
2696 1462 3058 1530 tumentibus,
3091 1463 3184 1518 sed
3215 1469 3398 1516 tamen
3429 1461 3583 1515 nulla
3616 1459 3674 1514 in
3705 1459 3810 1516 hac

2213 1551 2490 1607 soliditate
2521 1553 2874 1620 durantibus,
2905 1553 3122 1609 dicatur
3151 1559 3316 1607 recte:
3353 1550 3564 1606 Elevati
3593 1556 3716 1604 sunt
3743 1550 3816 1604 ad

2211 1642 2494 1708 modicum,
2516 1649 2694 1698 etnon
2720 1643 3014 1698 subsistent.
3047 1644 3124 1698 De
3179 1641 3380 1715 quibus
3433 1639 3616 1696 adhuc
3668 1638 3814 1695 sub—

2212 1731 2366 1788 ditur
2397 1750 2410 1788 :

2819 1840 3047 1900 CAPUT
3103 1842 3202 1900 IX.

2285 1938 2421 1995 Iam.
2454 1970 2524 1982 —
2553 1940 2626 1996 Et
2653 1941 3079 1999 humiliabuntur
3104 1941 3238 1998 sicut
3264 1939 3465 2007 omnia,
3491 1945 3540 1996 et
3565 1937 3814 2010 auferen-

2216 2032 2325 2086 tur.

2288 2120 2374 2176 11.
2423 2122 2591 2178 Terra
2619 2121 2674 2176 in
2702 2123 2928 2181 essentia
2945 2139 3146 2194 semper
3163 2121 3342 2188 stabit,
3363 2121 3476 2176 licet
3503 2119 3560 2174 in
3586 2117 3816 2190 imagine

2213 2211 2460 2267 continuo
2475 2218 2556 2268 tra
2565 2219 2726 2270 nseat.
2741 2245 2775 2254 —
2789 2213 2880 2270 Sic
2897 2219 3191 2285 provectus
3200 2227 3316 2266 esse
3329 2206 3816 2281 contemplationis

2215 2301 2396 2372 debet,
2436 2310 2498 2359 ut
2513 2320 2581 2359 ex
2604 2303 2792 2377 paucis
2813 2303 2881 2359 ad
2900 2303 3094 2371 multa,
3119 2301 3188 2357 ad
3208 2298 3395 2356 omnia
3414 2295 3817 2355 consideranda

2215 2393 2480 2465 rapiatur,
2512 2401 2783 2467 quatenus
2813 2392 3081 2465 gradatim
3127 2391 3323 2447 educta
3378 2387 3648 2462 proﬁciat,
3679 2389 3698 2422 ⁷
3761 2393 3817 2441 et

2212 2484 2532 2541 transitoria
2559 2485 2746 2541 omnia
2773 2484 3105 2556 dijudicans,
3137 2483 3254 2555 ipsa
3296 2476 3818 2552 comprehendendo

2213 2591 2351 2647 pene
2381 2574 3018 2647 incomprehensibiliter
3045 2578 3344 2630 excrescat.
3377 2569 3532 2626 Unde
3587 2575 3817 2624 sanctus

2215 2665 2302 2720 vir
2331 2683 2458 2722 cum
2488 2682 2786 2738 pravorum
2817 2664 3048 2737 gloriam
3073 2663 3459 2734 defectumque
3489 2658 3814 2725 discuteret,

2212 2755 2280 2812 ad
2310 2765 2510 2813 cuncta
2539 2757 2794 2829 protinus
2823 2755 3024 2812 mentis
3045 2754 3266 2812 oculum
3298 2749 3552 2819 tetendit,
3583 2747 3814 2804 dicens:

2211 2849 2654 2904 Humiliabuntur
2706 2849 2839 2904 sicut
2893 2847 3092 2914 onmia,
3138 2851 3186 2900 et
3229 2842 3564 2913 auferentur.
3615 2837 3819 2894 Omnia

2213 2940 2460 3012 profecto
2491 2947 2724 2996 terrena.
2765 2940 2847 2996 Ac
2902 2937 2947 2993 si
3003 2943 3187 3008 aperte
3243 2933 3423 2988 dicat:
3483 2931 3635 2983 Stare
3698 2926 3818 2982 ullo

2213 3034 2378 3088 modo
2407 3041 2708 3104 nequeunt,
2741 3032 2870 3103 quia
2899 3032 3016 3100 ipsa
3071 3041 3286 3098 quoque
3333 3022 3556 3094 fugiunt
3611 3021 3818 3094 quibus

2213 3109 2554 3184 innituntur;
2588 3115 3164 3188 dumqueltemporalia
3191 3113 3451 3184 diligunt,
3476 3128 3602 3168 cum
3633 3110 3724 3166 his
3746 3127 3818 3166 ex

497 3207 568 3262 ad
588 3205 891 3273 modicum,
922 3214 976 3260 et
1005 3207 1234 3262 minime
1289 3209 1619 3278 subsistunt,
1678 3210 1809 3282 quia
1863 3227 1928 3267 eo
1985 3211 2104 3283 ipso
2139 3203 2182 3264 Ο
2211 3207 2474 3280 temporis
2501 3206 2850 3262 volubilitate
2882 3209 3228 3277 percurrunt.
3274 3202 3378 3259 Sed
3409 3201 3578 3275 quaeri
3635 3208 3818 3273 potest

500 3309 610 3368 quo
632 3294 809 3349 videri
839 3294 937 3349 alti
967 3302 1254 3366 appetunt,
1285 3312 1316 3351 a
1349 3313 1478 3352 vera
1504 3297 1602 3354 Dei
1651 3298 1886 3354 essentia
1941 3300 2102 3372 longe

501 3401 598 3458 per
625 3384 919 3441 elationem
962 3383 1124 3440 ﬁunt.
1174 3385 1480 3442 Subsistere
1537 3387 1742 3444 etenim
1799 3399 2100 3463 nequeunt,

501 3475 631 3548 quia
659 3473 727 3529 ab
743 3481 958 3530 aeternae
975 3475 1223 3532 essentia;
1259 3476 1538 3532 soliditate
1567 3477 1918 3549 dividuntur,
1940 3489 2104 3553 atque

501 3562 646 3619 hanc
674 3561 908 3634 primam
939 3562 1157 3619 ruinam
1184 3565 1444 3635 tolerant,
1501 3565 1632 3640 quia
1678 3583 1775 3640 per
1830 3569 2101 3640 privatam

501 3651 733 3726 gloriam
763 3651 821 3708 in
849 3652 1157 3726 semetipsis
1177 3655 1398 3711 cadunt.
1426 3655 1568 3713 Hinc
1581 3655 1730 3712 enim
1758 3675 1854 3730 per
1873 3657 2102 3714 Psalmi-

500 3750 639 3798 stam
670 3741 910 3800 dicitur:
946 3743 1186 3813 Dejecisti
1213 3763 1319 3812 eos,
1351 3763 1468 3802 cum
1495 3748 1862 3804 allevarentur
1923 3749 2097 3820 (Psal.

502 3849 680 3902 Lxxn,
715 3833 828 3906 18),
860 3832 989 3906 quia
1009 3849 1073 3889 eo
1093 3833 1428 3892 intrinsecus
1456 3843 1744 3906 corruunt,
1794 3853 1903 3910 quo
1961 3837 2101 3892 male

499 3922 844 3980 extrinsecus
872 3929 1122 3994 surgunt.
1160 3923 1297 3998 [νει.
1339 3923 1425 3998 ιε]
1461 3927 1614 3982 Hanc
1643 3925 1971 3981 brevitatem
1991 3927 2099 3997 glo-

500 4012 596 4068 riae
626 4013 940 4085 temporalis
968 4013 1260 4086 aspiciens,
1284 4013 1485 4070 iterum
1512 4015 1650 4071 dicit
1682 4032 1694 4070 :
1737 4015 1854 4072 Vidi
1882 4017 2102 4086 impium

500 4104 949 4173 superexaltatum
978 4111 1025 4158 et
1069 4107 1322 4160 eleuatum
1367 4106 1388 4140 ⁴
1443 4105 1578 4160 sicut
1634 4105 1814 4160 cedros
1861 4105 2103 4169 Libani;

502 4189 747 4255 transivi,
779 4195 826 4243 et
851 4207 956 4244 ecce
974 4207 1076 4244 non
1103 4199 1218 4246 erat
1241 4191 1634 4263 (Psal.xxxv1,
1665 4194 1784 4264 35).
1819 4193 1958 4250 Hinc
1991 4194 2103 4250 ite—

502 4297 621 4334 rum
645 4279 750 4335 ait:
787 4280 1055 4336 Pusillum
1091 4282 1282 4348 adhuc,
1306 4285 1326 4318 ⁵
1357 4289 1404 4338 et
1431 4285 1653 4338 nouerit
1670 4291 1914 4356 peccator
1935 4285 2097 4356 (Ibid.

503 4367 611 4435 10).
651 4366 787 4422 Hinc
816 4367 1050 4424 Iacobus
1079 4369 1250 4426 dicit:
1288 4371 1417 4436 Ome
1443 4378 1516 4424 est
1536 4373 1673 4426 enim
1693 4373 1797 4427 vita
1821 4374 1842 4407 δ
1874 4381 2043 4428 vestra
2075 4375 2102 4429 ?

507 4472 674 4528 vapor
699 4463 772 4510 est
799 4457 870 4512 ad
897 4459 1158 4513 modicum
1180 4477 1378 4530 parens
1403 4459 1539 4532 (Jac.
1574 4478 1652 4529 IV,
1679 4461 1790 4532 15).
1818 4461 1958 4518 Hinc
1979 4478 2099 4534 pro-

2212 3315 2338 3355 cum
2369 3314 2465 3370 per
2493 3297 2840 3352 Salomonem
2871 3294 3107 3350 dicitur:
3148 3292 3424 3349 Generatio
3473 3289 3742 3362 praeterit,
3770 3295 3818 3344 et

2211 3389 2475 3460 generatio
2503 3386 2736 3452 adven-it,
2779 3393 2923 3441 terra
2952 3403 3072 3440 vero
3117 3384 3170 3439 in
3199 3390 3449 3439 mter-num
3476 3388 3580 3437 stat
3611 3381 3812 3452 (Eccle.

2214 3495 2254 3546 ι,
2285 3477 2365 3549 li),
2397 3493 2496 3534 cur
2523 3475 2714 3532 beatus
2758 3475 2860 3530 Job
2916 3473 3103 3530 omnia
3157 3471 3442 3528 humiliari
3497 3477 3705 3526 asserat
3762 3477 3816 3524 et

2212 3567 2416 3624 auferri
2446 3568 2474 3624 ?
2503 3566 2661 3635 Quod
2682 3573 2865 3622 tamen
2895 3565 3053 3620 facile
3083 3563 3432 3632 discutimus,
3480 3561 3528 3617 si
3557 3569 3705 3617 terra
3761 3568 3816 3616 et

2212 3659 2414 3714 coelum
2445 3658 2532 3712 vel
2563 3655 2798 3729 qualiter
2825 3661 3086 3723 transeat,
3117 3654 3203 3709 vel
3227 3653 3464 3726 qualiter
3491 3658 3712 3706 maneat
3731 3649 3812 3706 di-

2213 3747 2580 3818 stinguamus.
2616 3747 2854 3818 Utraque
2901 3760 3138 3817 namque
3177 3743 3295 3799 haec
3323 3758 3420 3814 per
3465 3757 3586 3796 eam
3643 3755 3812 3813 quam

2213 3854 2362 3893 nunc
2393 3836 2597 3892 habent
2627 3835 2920 3908 imaginem
2943 3839 3250 3901 transeunt,
3281 3832 3374 3888 sed
3395 3839 3580 3886 tamen
3611 3845 3708 3901 per
3731 3845 3812 3884 es-

2212 3927 2446 3984 sentiam
2476 3926 2594 3982 sine
2623 3925 2733 3980 ﬁne
2762 3925 3090 3980 subsistunt.
3125 3923 3266 3979 Hinc
3295 3937 3529 3993 namque
3550 3935 3644 3991 per
3672 3919 3811 3974 Pau-

2213 4017 2326 4072 lum
2346 4015 2550 4072 dicitur
2571 4033 2582 4070 :
2607 4015 2854 4072 Prwterit
2873 4015 3008 4068 enim
3030 4015 3204 4084 ﬁgura
3220 4011 3378 4080 hujus
3397 4010 3583 4064 mundi
3601 4009 3658 4080 (Ι
3679 4009 3808 4064 Cor.

2212 4125 2312 4176 vn,
2343 4108 2457 4178 31).
2490 4105 2633 4161 Hinc
2661 4121 2756 4177 per
2784 4104 3129 4176 semetipsam
3153 4102 3369 4160 Veritas
3387 4100 3526 4156 dicit
3557 4116 3569 4154 :
3607 4099 3812 4155 Cretum

2212 4204 2258 4252 et
2288 4204 2432 4252 terra
2463 4196 2781 4260 transibunt,
2815 4195 2971 4249 verba
2999 4201 3171 4249 autem
3203 4209 3316 4246 mea
3345 4208 3452 4245 non
3507 4189 3814 4244 transibunt

2217 4287 2429 4359 (Matth.
2450 4303 2609 4352 xxxv,
2643 4287 2756 4352 35).
2793 4287 2812 4319 ⁸
2844 4285 2985 4340 llinc
3014 4283 3082 4338 ad
3111 4284 3378 4338 Joannem
3398 4281 3643 4352 angelica
3675 4295 3814 4336 voce

2211 4375 2564 4449 perhibetur:
2599 4378 2728 4431 Erit
2753 4377 2937 4429 (uelum
2965 4390 3180 4438 novum,
3202 4379 3249 4427 et
3279 4379 3423 4426 terra
3452 4389 3588 4425 nova
3613 4371 3810 4441 (Apoc.

2213 4485 2333 4536 xxx,
2359 4469 2435 4539 1).
2469 4468 2599 4536 Quae
2631 4467 2853 4540 quidem
2885 4483 2995 4522 non
3031 4465 3138 4521 alia
3168 4462 3456 4520 condenda
3506 4468 3658 4529 sunt,
3715 4459 3814 4515 sed

507 4544 670 4617 9116ῑᾶ
687 4544 1012 4602 bl‘m’itatem
1042 4547 1228 4620 glorise
1249 4549 1484 4604 carnalis
1513 4565 1766 4621 pensans,
1787 4549 2098 4620 denuntiat,
2133 4573 2180 4631 ι)
2213 4558 2333 4614 haec
2349 4559 2466 4630 ipsa
2487 4565 2842 4614 renovantur.
2864 4557 3076 4614 Caelum
3107 4554 3277 4626 igitur
3291 4561 3344 4609 et
3363 4561 3507 4609 terra
3526 4559 3582 4606 et
3609 4549 3812 4606 transit

505 4633 724 4690 dicens:
763 4636 946 4692 Omnis
973 4655 1096 4692 caro
1125 4637 1325 4708 fenum,
1357 4646 1405 4692 et
1430 4639 1598 4693 omnis
1623 4640 1799 4710 gloria
1828 4639 1940 4709 ejus
1971 4642 2105 4696 sicut

504 4727 603 4794 ﬂos
631 4723 740 4794 feni
775 4726 930 4796 (Isai.
963 4742 1055 4794 xL,
1087 4727 1166 4798 6).
1217 4725 1541 4798 lniquorum
1599 4727 1800 4800 quippe
1857 4731 2101 4801 potentia

506 4814 618 4894 feni
645 4813 767 4869 ﬂori
795 4823 1165 4887 comparatur,
1197 4815 1325 4889 quia
1354 4815 1621 4872 nimirum
1652 4819 1887 4875 carnalis
1929 4821 2102 4892 gloria

505 4904 637 4960 dum
673 4905 832 4974 nitet,
863 4907 1030 4974 cadit;
1063 4907 1194 4964 dum
1229 4907 1374 4980 apud
1399 4924 1454 4963 se
1483 4909 1792 4979 extollitur,
1813 4912 2100 4984 repentino

505 4993 805 5066 intercepta
834 4994 943 5050 ﬁne
973 5002 1117 5059 539
1146 4997 1497 5053 terminatur.
1542 4997 1634 5055 Sic
1663 5015 1900 5074 namque
1929 5019 2100 5059 aura-

505 5108 626 5149 rum
654 5094 787 5151 ﬂatu
817 5093 876 5150 in
905 5095 1079 5151 altum
1099 5095 1302 5168 stipula
1331 5096 1561 5168 rapitur,
1593 5095 1686 5152 sed
1715 5114 1842 5156 casu
1881 5099 2100 5158 concito

581 5314 597 5348 ¹
623 5310 850 5391 _Vi_tiose
867 5311 1158 5391 irrepserat
1177 5313 1240 5391 in
1255 5314 1434 5391 Ed_it.,_
1453 5316 1812 5391 confessionis,
1852 5335 1962 5391 pro,
1983 5336 2098 5375 con-

506 5385 774 5460 sgssionis,
805 5385 1196 5460 qu_od_legitur
1225 5385 1284 5442 in
1314 5387 1476 5444 Corb.
1501 5385 1708 5459 Germ.,
1738 5385 1804 5445 in
1819 5385 2099 5460 Laudun.,

507 5455 693 5511 Germ.
726 5463 780 5511 et
813 5455 938 5512 aliis
967 5455 1094 5512 Mss.

583 5529 605 5562 ³³
641 5527 814 5599 Laud.
839 5535 902 5599 et
930 5527 1092 5584 Corb.
1125 5529 1332 5599 Germ.,
1364 5532 1646 5588 intercidit.

579 5599 600 5632 ³
642 5597 974 5680 Addidimlis
1003 5601 1146 5680 ﬁnis,
1177 5617 1244 5680 ex
1265 5597 1393 5658 Mss.
1416 5604 1640 5680 ,ΝΟ-ξφ),
1672 5601 1918 5674 Anglic,
1965 5609 2098 5673 etc.,

510 5675 564 5723 et
589 5684 669 5744 ex_
689 5671 862 5744 antiq.
886 5671 1131 5744 ‘Excusis
1161 5691 1174 5740 ;
1199 5674 1385 5730 deerat
1412 5674 1470 5729 in
1500 5674 1652 5730 Edit.
1687 5671 1890 5730 recent.

538 5809 550 5821 ι
584 5741 605 5776 ἰ
641 5741 727 5821 ita
755 5741 1018 5821 Vinctos”
1051 5745 1242 5802 Norm.
1276 5752 1332 5802 et
1359 5745 1628 5821 plerique,
1651 5744 1854 5818 quibus
1873 5761 2101 5803 consen-

509 5812 656 5868 tiunt
686 5820 793 5870 vet.
827 5814 928 5870 Ed.
958 5812 1021 5871 In
1059 5823 1292 5886 recent.,
1323 5812 1483 5888 super
1506 5812 1706 5874 cedros.

2213 4655 2267 4704 et
2297 4647 2401 4703 erit
2429 4647 2558 4720 quia
2577 4647 2717 4702 etab
2747 4663 2833 4712 ea,
2863 4663 3026 4720 quam
3057 4661 3206 4701 nunc
3235 4643 3420 4709 habet,
3477 4639 3658 4712 specie
3715 4655 3812 4710 per

2211 4736 2394 4808 ignem
2425 4737 2677 4808 tergitur,
2707 4743 2763 4791 et
2789 4743 2972 4790 tamen
3003 4735 3062 4788 in
3091 4749 3190 4788 sua
3218 4746 3432 4802 semper
3459 4736 3656 4784 natura
3685 4745 3812 4784 ser—

2213 4835 2392 4882 vatur.
2430 4826 2581 4882 Unde
2612 4842 2708 4898 per
2734 4824 3081 4880 Psalmistam
3111 4821 3319 4878 dicitur
3345 4838 3356 4876 :
3390 4818 3622 4877 Mutabis
3650 4835 3735 4883 ea,
3764 4822 3812 4870 et

2209 4916 2558 4972 mutabuntur
2590 4915 2762 4987 (Psal.
2798 4931 2871 4982 CI,
2905 4914 3021 4986 27).
3055 4911 3227 4979 Quam
3275 4909 3501 4982 quidem.
3551 4903 3809 4962 ultimam

2208 5007 2696 5064 commutationem
2722 5021 2877 5061 suam
2907 5005 3042 5074 ipsis
3070 5002 3229 5058 nobis
3243 5017 3392 5057 nunc
3411 4995 3809 5056 vicissitudinb

2208 5098 2312 5155 bus
2340 5099 2622 5166 nuntiant,
2653 5096 2856 5169 quibus
2881 5093 3083 5151 nostris
3116 5092 3308 5150 usibus
3337 5088 3718 5147 indesinenter
3731 5085 3807 5141 al-

2281 5319 2303 5352 ⁵
2342 5317 2465 5372 Duo
2492 5314 2770 5383 Laudun.,
2800 5321 2850 5371 et
2867 5332 2972 5370 non
3001 5319 3134 5370 erat.

2281 5390 2304 5462 ᾳ
2345 5388 2602 5462 !.I‘.a_11d'i
2633 5394 2860 5462 ἠθδίνίὲχ
2892 5459 2945 5462 __
3268 5455 3279 5462 .
3345 5459 3354 5462 ,
3497 5453 3527 5462 .-
3607 5449 3618 5462 .

2281 5461 2302 5494 ⁷
2344 5458 2494 5514 Editi
2525 5453 2862 5516 et'nonnulli
2892 5459 3046 5527 Mss,
3077 5463 3124 5512 et
3137 5455 3314 5511 omnia
3338 5453 3652 5527 transitoria

2203 5531 2570 5603 prehendenda
2598 5530 2919 5600 dijudicans,
2949 5522 3067 5601 ipsa
3091 5544 3222 5603 pene
3264 5522 3802 5603 incomprehensibili-

2211 5542 2570 5603 prehendenda
2598 5542 2919 5600 claudicans,
2949 5547 3067 5601 ipsa
3091 5544 3222 5599 pene
3273 5542 3802 5651 mcomlprenenswm-

2211 5607 2289 5680 ter
2316 5609 2596 5662 excrescat.
2629 5603 2787 5680 Quod
2813 5603 2912 5656 vix
2941 5607 3118 5680 potest
3148 5596 3420 5676 intelligi.
3473 5593 3804 5680 ocum‘hui‘ic

2209 5673 2504 5802 absctprum
2532 5681 2588 5730 et
2613 5662 2871 5730 vitiatum
2903 5662 3247 5728 réstituimus
3275 5662 3515 5723 maxime
3540 5682 3610 5722 ex
3629 5662 3798 5721 duob.

2256 5762 2325 5802 au
2367 5761 2463 5802 un.
2887 5775 2894 5784 ε

2256 5761 2442 5802 auaun
2451 5789 2463 5802 .
2887 5775 2894 5784 ί

2285 5817 2306 5852 ⁵
2344 5819 2405 5872 1η
2436 5824 2640 5875 recent.
2674 5816 2802 5885 Ed.,
2825 5816 2944 5872 hinc
2970 5831 3066 5886 per
3087 5814 3271 5883 Joan.,
3302 5811 3585 5872 mendose.
