3946 6368
174 429 230 487 17
921 430 1297 488 MORALIUM
1335 432 1469 490 LIB.
1512 434 1689 492 XVII.
1733 460 1808 479 -
1843 434 1919 495 IN
1955 436 2186 496 CAPUT
2225 442 2411 499 XXIV
2449 445 2510 500 B.
2553 445 2695 502 JOB.
3411 451 3478 509 18

172 562 394 619 ternant.
439 554 580 611 Nam
638 562 778 612 terra
820 571 853 611 a
898 571 998 612 sua
1034 554 1212 628 specie
1242 556 1468 613 hiemali
1496 558 1754 617 ariditate
1780 560 1836 623 Α
1856 566 2054 634 poterit
2081 583 2186 623 esse
2204 569 2500 635 mntitum,
2516 576 2565 625 et
2577 588 2772 642 ponere
2803 579 2925 628 ante
2954 576 3120 630 Deum
3138 578 3296 636 verba
3314 582 3475 637 mea?

170 644 363 712 deﬁcit,
394 644 608 700 vernali
648 643 881 701 humore
923 645 1227 702 viridescit.
1262 646 1473 705 Caelum
1516 651 1764 723 quotidie

170 734 388 805 caligine
416 733 598 790 noctis
625 733 945 803 obducitur,
973 743 1028 791 et
1046 735 1246 792 diurna
1264 738 1512 794 claritate
1537 755 1762 795 renova-

168 832 270 881 tur.
302 823 442 879 Hinc
469 840 599 895 ergo
615 823 747 881 hinc
760 824 941 882 fidelis
956 827 1188 900 quisque
1207 829 1432 901 colligat
1460 837 1514 885 et
1537 830 1763 885 interire

167 914 295 982 haec,
324 920 378 968 et
403 920 590 969 tamen
621 931 716 986 per
744 914 1161 972 innovationem
1190 917 1364 987 reﬁci,
1398 935 1521 991 quas
1551 926 1765 976 constat

168 1019 304 1060 nunc
332 1002 552 1059 assidue
581 1005 735 1060 velut
763 1021 833 1060 ex
858 1005 1077 1062 defectu
1102 1008 1341 1079 reparari
1372 1008 1511 1081 [Vet.
1569 1016 1615 1064 et
1642 1012 1761 1066 Rec.

173 1091 281 1166 V1].
314 1092 464 1148 Inter
515 1091 633 1149 hanc
672 1094 843 1166 igitur
894 1095 983 1150 vir
1035 1104 1257 1152 sanctus
1293 1115 1420 1153 cum
1468 1115 1763 1170 pravorum

165 1198 372 1239 cursum
396 1183 693 1255 conspicit,
714 1192 920 1257 quanta
945 1186 1272 1259 quandoque
1287 1186 1765 1245 animadversione

164 1271 414 1330 deﬁciant
447 1273 765 1343 innotescit,
796 1274 933 1331 dum
965 1276 1216 1349 protinus
1242 1278 1468 1337 subdit;

793 1381 1021 1439 CAPUT
1061 1384 1110 1439 X
1124 1426 1136 1438 .

225 1472 361 1528 law.
390 1500 466 1513 —
492 1472 569 1527 Et
593 1471 733 1525 sicut
758 1473 1081 1527 summitates
1111 1472 1383 1544 spicarum
1410 1477 1762 1528 mitterentur.

228 1560 310 1616 l2.
344 1559 486 1619 Mali
513 1560 698 1615 divites
734 1561 829 1615 etsi
852 1562 926 1615 ad
953 1561 1324 1633 opprimendos
1342 1560 1519 1630 justas
1547 1578 1765 1615 concor-

157 1651 260 1716 des,
308 1651 375 1706 ab
415 1649 642 1704 invicem
681 1650 1058 1722 cupiditatibus
1099 1651 1323 1721 sejuncti
1350 1658 1491 1708 sunt.
1523 1682 1593 1692 -—
1634 1651 1767 1723 Spi—

158 1754 339 1797 carum
366 1741 574 1813 quippe
595 1741 960 1810 summitates,
982 1742 1162 1797 aristae
1193 1749 1340 1797 sunt.
1365 1741 1562 1796 Aristus
1584 1748 1765 1796 autem

156 1830 470 1904 conjuncta)
491 1832 551 1889 in
571 1832 721 1905 spica
742 1833 1036 1905 prodeunt,
1054 1834 1147 1890 sed
1161 1833 1453 1891 crescendo
1469 1832 1766 1905 paulisper,

1946 654 2029 711 14.
2062 657 2204 712 Iusti
2229 657 2277 713 si
2303 658 2631 731 delinquant,
2661 662 2729 717 ab
2756 662 3011 734 improbis
3052 666 3267 722 minime
3292 670 3475 725 corri-

1868 743 2069 814 piendi.
2086 776 2156 787 —
2179 746 2235 802 Si
2261 746 2339 803 ita
2365 764 2476 803 non
2501 756 2582 805 est
2603 758 2664 805 ut
2682 750 2949 823 loquitur,
2969 753 3212 825 profecto
3233 754 3301 810 de
3323 757 3474 813 falsi-

1872 840 1983 889 tate
2014 834 2163 892 hunc
2193 853 2383 892 omnes
2412 855 2638 910 arguere
2668 849 2919 912 possunt.
2945 841 3057 899 Cur
3076 860 3204 916 ergo
3234 844 3469 903 dicitur:

1874 925 1895 959 ⁵
1934 924 1993 979 Si
2030 943 2135 979 non
2179 927 2256 982 ita
2292 936 2386 994 est,
2415 930 2535 1000 quis
2562 949 2641 985 me
2676 949 2899 1002 arguere
2926 934 3122 1005 poterit
3148 951 3253 989 esse
3277 934 3479 990 menti-

1877 1018 2005 1082 tum,
2033 1014 2165 1070 dum
2197 1017 2407 1074 scilicet
2444 1021 2765 1077 noverimus
2794 1023 2942 1095 quod
2969 1022 3221 1079 fallacem
3246 1024 3476 1081 cuilibet

1874 1107 2271 1178 reprehendere
2302 1111 2473 1168 licet?
2514 1113 2620 1169 Sed
2649 1113 2696 1169 si
2726 1115 3004 1187 loquentis
3031 1133 3252 1172 sensum
3282 1116 3472 1174 subtili

1874 1195 2302 1269 interrogatione
2331 1200 2681 1271 discutimus,
2711 1220 2875 1276 quam
2894 1205 3006 1260 sint
3034 1214 3183 1262 recta
3204 1222 3325 1279 quae
3353 1224 3474 1279 pro-

1874 1285 2004 1342 tulit
2032 1286 2198 1343 citius
2234 1288 2570 1347 invenimus.
2603 1293 2792 1349 Justus
2821 1310 3056 1367 namque
3083 1296 3186 1352 etsi
3215 1296 3349 1369 quid
3376 1314 3476 1354 un-

1875 1393 2038 1449 quam
2069 1377 2441 1452 delinquendo
2471 1382 2736 1454 loquitur,
2765 1383 2995 1456 dignum
3027 1401 3139 1442 non
3181 1394 3264 1443 est
3303 1394 3366 1443 ut
3406 1387 3476 1443 ab

1875 1466 2096 1539 injustis
2117 1477 2169 1525 et
2197 1486 2361 1541 prave
2392 1471 2709 1530 viventibus
2729 1472 3029 1545 judicetur.
3073 1477 3227 1533 Unde
3254 1485 3478 1534 sanctus

1876 1558 1963 1613 vir
2004 1560 2309 1615 amicorum
2355 1562 2664 1633 superbiam
2710 1563 3043 1635 deprimens,
3075 1582 3188 1622 non
3219 1568 3398 1623 solum
3428 1568 3477 1625 si

1877 1648 1953 1703 ita
1981 1656 2081 1716 est,
2110 1666 2299 1705 verum
2324 1650 2486 1705 etiam
2518 1652 2564 1706 si
2594 1652 2672 1707 ita
2699 1669 2813 1709 non
2859 1662 2939 1709 est
2974 1662 3037 1710 ut
3085 1656 3337 1727 protulit,
3369 1674 3478 1713 ne—

1875 1755 2148 1811 quaquam
2173 1756 2228 1794 se
2257 1740 2584 1810 reprehendi
2606 1758 2763 1812 posse
2783 1742 3033 1812 conﬁdit,
3058 1744 3188 1816 quia
3208 1744 3476 1802 nimirum

1877 1829 1961 1884 illi
2000 1837 2145 1885 recte
2179 1829 2499 1901 redarguere
2548 1830 2684 1886 falsa
2729 1841 2978 1904 possunt,
3021 1834 3117 1906 qui
3160 1833 3295 1889 falsa
3323 1851 3480 1905 agere

156 1947 253 1987 age
273 1930 509 1987 hirsutae
525 1932 786 2004 “rigida,
803 1931 1378 2004 disjungumur_54o
1395 1933 1485 1989 Sic
1500 1933 1766 1988 nimirum
1799 1927 1848 1991 Β
1878 1919 2151 1975 nesciunt.
2190 1920 2326 1975 Nam
2356 1920 2721 1992 correptionis
2757 1938 2950 1978 ausum
2984 1930 3177 1979 contra
3205 1923 3479 1980 fallaciam

154 2020 232 2076 sic
259 2021 329 2077 ad
364 2020 540 2093 hujus
580 2020 776 2077 mundi
824 2021 1054 2093 gloriam
1095 2022 1249 2094 pravi
1283 2021 1486 2077 divites
1511 2029 1761 2094 surgunt.

153 2110 373 2168 Natura)
410 2111 563 2168 enim
603 2111 709 2167 sibi
752 2113 1142 2169 communione
1172 2110 1454 2183 conjuncti
1482 2120 1630 2180 sunt,
1671 2112 1767 2168 sed

151 2208 343 2257 contra
396 2217 456 2258 se
517 2200 764 2257 vicissim
825 2202 1121 2259 crescendo
1180 2201 1539 2259 dividuntur.
1607 2202 1767 2260 Alius

150 2291 355 2365 quippe
391 2292 564 2348 alium
594 2291 849 2364 despicit,
885 2300 940 2348 et
981 2293 1120 2348 alter
1165 2293 1226 2349 in
1271 2294 1505 2349 alterum
1537 2292 1766 2349 invidias

149 2380 367 2438 facibus
395 2382 648 2453 ignescit.
681 2382 788 2450 Qui
815 2398 943 2454 ergo
972 2398 1042 2437 ex
1067 2391 1281 2439 tumore
1304 2384 1505 2439 mentis
1532 2401 1564 2440 a
1588 2384 1766 2439 chari-

147 2472 277 2527 tatis
306 2472 525 2528 unitate
554 2489 611 2528 se
640 2479 915 2543 separant,
938 2472 1092 2545 quasi
1119 2473 1413 2529 aristarum
1445 2491 1597 2529 more
1624 2490 1767 2530 con-

148 2568 229 2617 tra
254 2577 315 2618 se
346 2561 516 2633 rigidi
545 2569 712 2617 stant.
738 2561 883 2628 Quid
906 2578 1034 2633 ergo
1053 2579 1253 2633 pravos
1268 2563 1436 2635 hujus
1458 2564 1651 2620 mundi
1672 2564 1767 2619 di—

148 2650 293 2706 vites
317 2650 589 2718 dixerim,
617 2650 726 2706 nisi
753 2650 949 2706 aristas
964 2651 1226 2724 quasdam
1253 2653 1467 2724 generis
1495 2652 1768 2709 humani?

144 2738 251 2806 Qui
291 2739 435 2796 dum
465 2747 658 2796 contra
694 2756 750 2796 se
792 2741 1138 2813 superbiant,
1169 2743 1264 2799 sed
1293 2744 1566 2799 bonorum
1595 2744 1769 2800 vitam

141 2828 816 2901 unanimiteraﬁligunt,
865 2830 1155 2886 adversum
1210 2847 1267 2886 se
1323 2832 1547 2903 quidem
1601 2831 1768 2885 divisi

141 2926 299 2987 sunt,
328 2918 435 2974 sed
462 2926 650 2974 tamen
665 2919 1011 2975 concorditer
1027 2936 1193 2990 grana
1212 2920 1468 2976 deorsum
1490 2926 1769 2990 premunt.

217 3007 308 3063 13.
359 3007 597 3077 Reprobi
623 3008 923 3062 aristarum
950 3022 1095 3063 more
1124 3025 1261 3062 nunc
1284 3008 1563 3078 eriguntur
1582 3024 1604 3073 ,'
1628 3007 1772 3061 electi

146 3102 206 3152 ut
228 3112 418 3168 grana
447 3095 629 3150 latent.
661 3124 733 3135 —
761 3094 922 3150 Nunc
951 3096 1121 3165 igitur
1148 3095 1331 3150 aristae
1360 3095 1429 3151 ad
1457 3096 1570 3152 alta
1603 3098 1618 3130 ί
1652 3113 1774 3167 pro-

147 3188 372 3255 siliunt,
430 3202 598 3259 grana
625 3186 821 3253 latent,
861 3185 991 3259 quia
1036 3192 1091 3242 et
1135 3186 1495 3258 reproborum
1527 3187 1772 3259 potentia

147 3276 385 3345 eminet,
440 3282 494 3330 et
532 3275 832 3349 electorum
872 3275 1047 3347 gloria
1094 3291 1204 3332 non
1249 3284 1492 3349 apparet.
1527 3277 1548 3311 ²
1591 3276 1680 3332 Illi
1717 3292 1772 3331 se

147 3368 438 3426 honorum
486 3367 721 3424 fastibus
764 3367 1088 3437 ostendunt,
1138 3368 1229 3425 isti
1272 3369 1328 3425 in
1375 3368 1691 3425 humilitate
1720 3386 1777 3425 se

148 3457 503 3532 deprimunt.
548 3457 654 3515 Sed
700 3457 915 3514 triturae
960 3466 1180 3531 tempus
1211 3458 1491 3528 adveniet,
1530 3459 1678 3532 quod
1725 3466 1779 3513 et

147 3549 457 3605 aristarum
489 3546 828 3619 rigiditatem
869 3547 1106 3620 frangat,
1151 3556 1206 3604 et
1242 3548 1418 3605 solida
1455 3565 1620 3621 grana
1666 3566 1777 3604 non

150 3649 432 3699 conterat.
460 3642 615 3698 Tunc
645 3641 847 3714 quippe
877 3640 1133 3713 superbia
1173 3640 1495 3715 iniquorum
1535 3640 1780 3696 commi—

147 3733 377 3801 nuitur,
410 3739 548 3788 tunc
576 3732 878 3788 electorum
923 3731 1038 3787 vita
1083 3738 1287 3805 quanta
1314 3731 1627 3804 integritate
1660 3731 1782 3786 ful-

149 3822 646 3897 geatdeclaratnr,
677 3821 810 3894 quia
836 3838 963 3877 cum
1011 3821 1204 3893 injusti
1237 3821 1525 3890 deﬁciunt,
1572 3839 1641 3877 ex
1679 3822 1781 3877 hac

147 3913 269 3986 ipsa
341 3912 648 3969 aristarum
702 3910 1032 3968 contritione
1105 3912 1288 3985 agitur
1338 3920 1401 3968 ut
1454 3929 1621 3984 grana
1677 3929 1782 3984 ap-

147 4009 393 4074 pareant
438 4016 559 4073 quze
589 3999 849 4057 latebant.
899 4000 1147 4074 Cumque
1192 4001 1375 4057 aristze
1431 4002 1779 4077 franguntur,

148 4107 465 4165 granorum
494 4090 700 4147 candor
729 4090 1065 4159 ostenditur,
1090 4091 1221 4164 quia
1252 4092 1464 4165 iniquis
1493 4091 1552 4147 in
1578 4092 1783 4164 suppli-

146 4182 232 4239 cia
258 4189 482 4238 caterua
495 4180 843 4249 cadentibus,
865 4169 1180 4237 sanctorum
1202 4180 1423 4252 justitia
1453 4189 1658 4255 quanta
1694 4197 1781 4236 ve-

148 4270 316 4328 ritate
344 4269 586 4328 candeat
615 4269 1044 4327 demonstratur.
1074 4270 1230 4328 Unde
1254 4279 1399 4327 recte
1434 4287 1653 4344 quoque
1683 4287 1781 4342 per

147 4362 430 4419 Joannem
476 4361 718 4418 dicitur:
774 4362 943 4433 Cujus
992 4363 1345 4418 ventilabrum
1391 4364 1449 4418 in
1494 4380 1659 4421 manu
1685 4379 1783 4417 sua

151 4458 247 4517 est,
277 4459 331 4508 et
361 4454 386 4488 ³
414 4453 794 4524 permundabit
821 4471 1005 4508 aream
1033 4470 1186 4509 suam
1215 4472 1235 4519 ;
1285 4460 1333 4507 et
1389 4453 1624 4507 triticum
1667 4452 1781 4522 qui~

151 4541 270 4596 dem
313 4542 568 4597 recondet
608 4543 632 4577 ⁴
678 4541 733 4597 in
775 4543 968 4597 horreo
1008 4559 1126 4608 suo,
1166 4544 1352 4615 paleas
1378 4549 1556 4599 autem
1582 4542 1785 4597 combu-

154 4638 235 4687 ret
260 4630 387 4702 igni
423 4630 850 4701 intrstinguibili
881 4631 1094 4703 (Matth.
1126 4649 1213 4701 III,
1247 4631 1349 4699 l2;
1385 4632 1512 4688 Luc.
1545 4648 1630 4699 ιιι,
1664 4630 1779 4700 17).
1819 4649 1866 4707 ι)

152 4720 364 4777 Beatus
410 4718 586 4791 igitur
624 4719 728 4775 Job
770 4736 1068 4791 pravorum
1099 4721 1266 4777 elatio
1290 4729 1494 4795 quanta
1521 4721 1782 4777 animad-

154 4810 425 4867 versione
452 4808 737 4880 frangatur
766 4809 1016 4881 aspiciat,
1052 4826 1252 4883 eosque
1279 4810 1463 4866 aristis
1494 4811 1784 4882 pereunti-

153 4898 259 4955 bus
286 4915 628 4971 comparans
645 4898 795 4954 dicat
819 4917 831 4954 :
868 4899 1015 4954 Sicut
1035 4901 1305 4970 spicarum
1325 4900 1647 4955 summitates
1667 4917 1782 4955 con-

155 4995 428 5055 terentur,
458 4988 589 5060 quia
613 4987 881 5044 nimirum
906 4988 1158 5060 rigiditas
1177 4988 1539 5061 superborum
1571 4989 1780 5046 triturae

154 5079 379 5134 ultimae
424 5076 753 5134 fortitudine
790 5077 1085 5151 frangitur,
1129 5095 1250 5151 qua
1298 5094 1450 5135 nunc
1478 5079 1779 5135 electorum

156 5167 338 5225 vitam
369 5165 684 5241 despiciens
715 5168 983 5225 elevatur.
1015 5168 1307 5241 Sequitur:

604 5293 836 5351 CAPUT
873 5295 972 5351 x1.
1006 5294 1151 5369 [Rea
1192 5294 1343 5370 VII].
1376 5364 1389 5373 δ

229 5383 420 5443 Vnus.
453 5383 544 5441 25.
574 5412 647 5426 —
676 5382 829 5453 Quod
855 5384 902 5440 si
928 5402 1037 5442 non
1072 5391 1149 5442 est
1173 5385 1272 5452 ita,
1301 5386 1424 5457 quis
1449 5404 1529 5442 me
1556 5403 1781 5458 arguere

233 5532 250 5564 ¹
286 5529 505 5600 Norm._
524 5535 577 5583 et
599 5528 716 5595 alii,
742 5530 1049 5600 proﬁciunt.

229 5602 253 5635 ⁵
290 5601 320 5655 1
352 5598 669 5671 Laud.,illc
695 5598 757 5655 se
777 5598 1030 5655 bonorum
1062 5602 1221 5670 factis
1251 5604 1491 5657 ustemtit.
1523 5602 1785 5671 Vindoc.,

153 5673 243 5729 illi
273 5670 657 5744 seuhoporibus
689 5678 968 5744 ostentant.
1003 5673 1198 5741 Gilot.,
1231 5674 1352 5728 lion.
1388 5674 1644 5744 fascibus.

227 5746 252 5780 ³
283 5739 566 5813 Yindoc.,
589 5743 862 5815 purgabit.

232 5816 254 5850 ⁸
281 5815 539 5892 Turon.,
573 5815 685 5870 duo
721 5815 993 5892 I_.aud._et
1031 5834 1398 5892 pene_on_1_nes
1438 5817 1524 5892 ita
1562 5815 1788 5892 habent.

157 5883 549 5945 Consentth
577 5891 687 5942 vet.
720 5886 950 5960 Excusi,
994 5883 1396 5949 recentioribus
1437 5886 1794 5957 habentibus,
1886 5932 1890 5936 ρ

1880 2010 2137 2081 perdunt,
2194 2011 2288 2083 qui
2344 2011 2526 2068 adhuc
2580 2012 2849 2069 fallaciter
2901 2015 3120 2071 vivunt.
3171 2015 3266 2071 Ait
3320 2032 3475 2087 ergo:

1882 2101 2032 2168 Quod
2060 2100 2107 2155 si
2134 2101 2211 2155 ita
2238 2118 2341 2156 non
2372 2108 2467 2167 est,
2490 2101 2610 2173 quis
2636 2120 2716 2158 me
2737 2104 2936 2175 poterit
2950 2121 3175 2176 arguere
3197 2122 3301 2161 esse
3328 2123 3483 2161 men-

1882 2190 2074 2246 titum?
2103 2192 2184 2247 Ac
2213 2190 2257 2245 si
2288 2199 2472 2262 aperte
2497 2190 2677 2248 dicat:
2723 2192 2805 2248 Ita
2850 2200 2983 2249 sunt
3027 2202 3226 2251 cuncta
3253 2202 3315 2250 ut
3344 2211 3483 2267 pro-

1878 2280 2006 2347 tuli,
2034 2296 2153 2353 qua:
2175 2288 2358 2336 tamen
2386 2280 2431 2336 si
2462 2281 2539 2337 ita
2555 2298 2667 2337 non
2686 2290 2887 2351 essent,
2901 2299 2933 2338 a
2947 2282 3105 2340 vobis
3120 2284 3372 2357 redargui
3392 2300 3484 2339 ne-

1880 2387 2153 2445 quaquam
2184 2388 2419 2444 possem,
2447 2373 2576 2445 quia
2600 2373 2733 2429 dum
2761 2374 2944 2431 adhuc
2971 2375 3205 2448 propria;
3232 2392 3484 2433 succum-

1877 2461 2031 2529 bitis,
2062 2463 2298 2518 alienam
2328 2462 2724 2534 reprehendere
2752 2465 3025 2522 fallaciam
3056 2483 3168 2523 non
3196 2467 3411 2523 valetis.

1956 2552 2040 2607 15.
2070 2552 2287 2608 Iudicia
2332 2559 2519 2608 nostra
2568 2571 2748 2610 coram
2794 2572 3038 2627 supremo
3073 2556 3253 2626 judice
3277 2557 3489 2629 ponde—

1878 2643 2075 2700 randa.
2102 2673 2175 2684 —
2202 2641 2309 2700 Ubi
2329 2649 2383 2697 et
2398 2650 2519 2715 apte
2538 2644 2795 2701 subditur
2820 2664 2832 2701 :
2866 2647 2942 2701 Et
2954 2663 3148 2717 ponere
3173 2653 3293 2701 ante
3318 2646 3488 2702 Deum

1880 2732 2038 2789 verba
2078 2750 2211 2788 mea.
2253 2732 2514 2806 Quisquis
2541 2735 2689 2790 enim
2720 2737 2742 2771 σ
2771 2735 2918 2792 dicta
2962 2736 3178 2792 fallacia
3219 2736 3488 2793 veraciter

1882 2821 2257 2894 reprehendit,
2275 2822 2464 2878 audita
2482 2823 2750 2897 cogitans,
2772 2832 2933 2899 atque
2954 2824 3073 2882 haec
3094 2841 3164 2882 ex
3192 2827 3378 2898 regula
3397 2842 3486 2880 ve-

1882 2919 2065 2974 ritatis
2093 2936 2350 2990 pensans,
2398 2921 2567 2977 verba
2603 2930 2731 2979 ante
2756 2925 2932 2981 Deum
2962 2924 3149 2997 ponit:
3183 2926 3313 2998 quia
3342 2921 3482 2978 541

1884 3008 2029 3080 apud
2058 3024 2115 3063 se
2148 3007 2205 3063 in
2236 3017 2535 3079 conspectu
2570 3012 2821 3067 veritatis
2847 3014 3150 3082 examinat,
3182 3014 3315 3086 quid
3352 3014 3490 3069 foris

1884 3103 2077 3153 contra
2102 3095 2375 3151 fallaciam
2409 3094 2684 3154 decernat.
2717 3101 2861 3154 Ante
2889 3101 3063 3155 Deum
3094 3101 3296 3173 quippe
3324 3102 3492 3157 verba

1884 3200 2087 3256 ponere
2116 3192 2198 3240 est
2224 3185 2570 3241 considerato
2599 3186 2798 3243 intimo
2812 3186 3022 3259 judice,
3050 3190 3325 3245 exteriora
3344 3190 3493 3246 dicta

1807 3283 1855 3350 α
1886 3289 2132 3345 pensare.
2178 3273 2281 3329 Vir
2327 3273 2498 3346 igitur
2542 3281 2766 3331 sanctus
2792 3275 2861 3332 ab
2890 3276 3085 3332 amicis
3112 3276 3492 3350 superbienti-

1886 3363 1991 3420 bus
2035 3362 2203 3419 verba
2247 3379 2347 3418 sua
2373 3372 2501 3419 ante
2536 3366 2710 3421 Deum
2741 3365 2872 3437 poni
2906 3381 3063 3438 posse
3090 3382 3204 3423 non
3234 3366 3489 3423 aestimat.

1888 3455 1968 3509 Ac
1996 3452 2041 3509 si
2070 3460 2255 3525 aperte
2282 3452 2459 3509 dicat:
2511 3454 2722 3511 Idcirco
2762 3471 2884 3528 quae
2914 3456 3110 3528 loquor
3136 3471 3339 3528 ponere
3367 3463 3493 3512 ante

1882 3542 2129 3615 judicem
2158 3558 2270 3597 non
2299 3542 2518 3611 valetis,
2552 3543 2683 3616 quia
2708 3542 2825 3616 ejus
2856 3543 3015 3600 vobis
3043 3544 3240 3601 faciem
3270 3560 3495 3617 peccan-

1886 3641 1970 3690 tes
2014 3633 2374 3690 absconditis.
2404 3634 2563 3701 Quod
2592 3642 2774 3691 tamen
2799 3642 2853 3691 et
2881 3650 2951 3691 ex
2986 3643 3122 3708 typo
3152 3642 3350 3691 sanctae
3380 3636 3495 3691 Ec-

1888 3722 2068 3779 clesiae
2098 3723 2177 3778 nil
2205 3722 2387 3779 obstat
2417 3723 2677 3795 intelligi,
2714 3740 2835 3797 quae
2863 3741 2990 3781 cum
3020 3723 3088 3780 de
3115 3723 3354 3780 inﬁrmis
3380 3723 3496 3780 suis

1889 3812 1958 3868 ab
1988 3812 2373 3869 haereticorum
2403 3813 2662 3883 irrisione
2693 3813 3136 3885 reprehenditur,
3169 3813 3341 3886 ipsam
3373 3814 3493 3869 irri-

1890 3903 2063 3960 sionis
2091 3919 2281 3959 eorum
2311 3904 2569 3959 astutiam
2607 3902 2955 3975 dedignatur,
2996 3904 3127 3977 quia
3155 3904 3497 3960 tolerabilius

1890 3998 2004 4053 Deo
2030 4004 2114 4052 est
2140 4004 2204 4051 ut
2234 3995 2293 4052 in
2322 3995 2646 4051 inﬁrmitate
2683 3995 2809 4068 quis
2838 4002 3002 4067 atque
3031 3994 3342 4066 ignorantia
3367 4009 3495 4048 cum

1891 4086 2207 4143 humilitate
2244 4084 2445 4157 jaceat,
2475 4101 2639 4158 quam
2669 4100 2796 4140 cum
2826 4083 3063 4139 elatione
3100 4082 3212 4139 alta
3245 4098 3499 4154 compre-

1892 4176 2117 4233 hendat.
2156 4174 2263 4232 Sed
2291 4175 2421 4248 quia
2447 4181 2671 4231 sanctus
2698 4174 2789 4229 vir
2819 4174 2994 4229 multa
3022 4180 3213 4229 contra
3239 4189 3333 4229 eos
3361 4189 3500 4245 pro-

1891 4266 2023 4322 tulit
2051 4265 2145 4339 qui
2174 4265 2412 4338 fugitiva
2447 4271 2716 4338 potestate
2763 4261 3112 4336 superbiunt,
3156 4270 3211 4317 et
3256 4260 3500 4317 ventosis

1893 4355 2199 4412 honoribus
2225 4354 2603 4411 intumescunt
2630 4352 2840 4409 Baldad
2867 4351 3089 4410 Suhites
3123 4367 3193 4406 ex
3222 4349 3341 4422 ejus
3368 4366 3501 4405 cor-

1894 4445 2142 4517 reptione
2199 4445 2514 4518 proficiens,
2558 4442 2705 4517 apud
2756 4459 2920 4517 quem
2965 4457 3094 4496 vera
3141 4439 3214 4495 sit
3257 4439 3502 4513 potentia

1891 4535 2161 4609 agnoscit,
2194 4535 2384 4592 dicens
2404 4552 2416 4590 :

2145 4640 2373 4698 CAPUT
2412 4641 2519 4697 x11
2559 4639 2699 4715 [Vet.
2739 4641 2862 4707 VII,
2898 4642 3017 4697 Rec.
3058 4637 3237 4714 VIII].

1964 4749 2096 4807 CAP.
2129 4767 2267 4819 xxv,
2297 4750 2468 4808 Vrns.
2501 4752 2534 4809 2
2561 4782 2633 4794 —
2659 4751 2896 4808 Potestas
2934 4758 2981 4806 et
3013 4757 3188 4806 terror
3215 4750 3361 4822 apud
3388 4766 3504 4805 eum

1892 4846 1986 4905 est,
2013 4840 2106 4910 qui
2134 4839 2268 4910 facit
2292 4841 2628 4896 cmeordiam
2666 4841 2723 4895 in
2753 4840 3065 4897 sublimibus
3090 4840 3224 4896 suis.
3310 4908 3311 4911 η

1966 4930 2051 4985 16.
2085 4930 2225 4985 Deus
2255 4933 2399 4991 solus
2425 4938 2609 5003 potens
2633 4937 2682 4985 et
2710 4931 3038 4986 metuendus.
3068 4960 3139 4971 —
3167 4929 3248 4986 Ac
3280 4927 3327 4984 si
3353 4943 3502 4999 aper-

1890 5024 1943 5073 te
1971 5018 2151 5074 dicat:
2181 5020 2340 5075 Solus
2363 5019 2528 5076 corda
2550 5020 2873 5077 mortalium
2896 5018 3166 5076 veraciter
3192 5023 3382 5083 terret,
3410 5015 3505 5088 qui

1889 5123 1957 5163 ex
1988 5107 2300 5166 divinitatis
2341 5127 2452 5167 suae
2497 5111 2745 5183 potentia
2789 5110 3061 5168 veraciter
3088 5108 3206 5163 haec
3236 5103 3504 5180 possidet.

1890 5198 2143 5254 Humana
2198 5201 2348 5257 enim
2418 5201 2664 5274 potentia
2732 5216 2895 5273 quem
2948 5206 3215 5252 terrorem
3272 5195 3506 5260 incutit,

1886 5300 2013 5357 (tum
2049 5291 2174 5363 jure
2220 5291 2465 5364 ejusdem
2505 5290 2765 5363 potentiae
2795 5285 3015 5360 quando
3073 5293 3255 5344 careat
3281 5285 3502 5341 nescit?

1892 5382 2058 5438 Recte
2086 5387 2270 5437 autem
2300 5380 2540 5436 dicitur:
2575 5378 2679 5445 Qui
2696 5375 3181 5447 facitconcordiam
3198 5375 3255 5431 in
3270 5373 3508 5430 sublimi-

1894 5509 1949 5562 in
1977 5508 2174 5561 horrea
2201 5522 2323 5559 sua.

1969 5598 1989 5631 ⁵
2020 5594 2297 5663 Laudun.,
2328 5592 2549 5675 Ebroic.
2570 5598 2637 5675 et
2664 5589 2782 5659 alii,
2810 5591 2859 5645 si
2877 5590 2955 5645 ita
2982 5604 3088 5643 non
3106 5595 3200 5658 est,
3232 5586 3509 5642 mentitum

1900 5683 2234 5746 meum?
2268 5666 2387 5746 qui?
2408 5665 2671 5746 P959‘t‘.?.
2823 5732 2839 5746 .
2957 5732 3018 5746 η.
3110 5731 3120 5741 .

1975 5741 1997 5775 ⁶
2027 5727 2292 5805 1Ϊιαιιᾶ.,’
2313 5727 2457 5791 dicta
2480 5734 2717 5806 fallacia
2752 5750 2765 5764 ο
2806 5732 2918 5789 duo
2956 5731 3177 5790 Ebroic.
3210 5736 3266 5787 et
3292 5727 3507 5793 Germ,

1903 5810 2099 5868 dictam
2127 5807 2427 5882 fallaciam.
2504 5856 2507 5857 ν
3304 5838 3309 5842 .
3344 5838 3351 5841 τ
