3946 6368
482 443 548 498 19
1693 435 1944 493 SANCTI
1981 436 2319 494 GREGORII
2357 436 2585 495 MAGNI
3715 440 3784 498 20

479 567 574 623 bus
601 562 734 632 suis,
765 562 895 638 quia
938 563 1114 621 multa
1139 561 1360 620 sibimet
1390 561 1623 620 inferius
1666 561 1952 630 dissident,
1983 561 2078 618 sed
2105 565 2157 625 Α
2190 562 2362 632 ditur,
2403 564 2718 621 Grmcorum
2775 563 2878 620 sibi
2937 563 3192 638 princeps
3229 562 3527 620 adveniens
3555 573 3796 639 apparet.

477 659 546 714 ad
600 657 928 716 concordem
959 671 1320 730 supernorum
1374 653 1776 730 plenitudinem
1810 660 2078 722 currunt;

473 754 532 804 et
565 763 636 804 ex
684 745 914 803 internas
959 746 1112 818 pacis
1157 761 1319 802 causa
1363 744 1562 817 agitur,
1605 751 1666 799 ut
1703 758 1845 815 szepe
1873 759 1936 799 ea
1963 759 2082 816 quae

477 844 608 895 sunt
635 836 877 893 exterius
905 835 1024 891 sine
1051 850 1180 908 pace
1202 833 1585 906 disponantur.
1617 835 1751 889 Nam
1775 832 1950 889 bonos
1969 849 2082 890 om-

476 928 732 1001 nipotens
781 927 927 982 Deus
981 925 1052 982 ad
1103 925 1364 980 meritum
1414 925 1692 997 provehit,
1735 942 1862 982 cum
1893 932 2084 982 contra

475 1032 665 1072 eorum
692 1015 865 1070 vitam
891 1014 1066 1070 malos
1091 1014 1286 1070 saevire
1319 1014 1610 1088 permittit.
1647 1015 1828 1088 Atque
1853 1015 1912 1071 in
1940 1031 2084 1072 con-

473 1105 662 1163 cordia
690 1111 1100 1178 componuntur
1127 1121 1364 1174 summa,
1386 1105 1519 1162 dum
1551 1105 1974 1163 confunduntur
1999 1105 2082 1162 in.

474 1195 624 1261 ﬁma,
653 1194 785 1268 quia
825 1192 954 1250 in'de
999 1193 1057 1249 in
1100 1193 1419 1250 coelestibus
1465 1195 1668 1251 electos
1695 1211 1824 1250 suos
1851 1195 2085 1268 angelo—

475 1300 598 1342 rum
627 1283 813 1341 choris
845 1282 1038 1353 sociat,
1068 1282 1216 1340 unde
1244 1283 1302 1340 in
1330 1284 1567 1340 terrenis
1595 1290 1650 1340 et
1690 1281 1900 1341 inﬁmis
1932 1285 1949 1321 ¹
1987 1300 2086 1342 re-

475 1369 774 1447 proborum
800 1386 980 1427 mores
1007 1369 1122 1426 suis
1153 1369 1383 1427 nutibus
1409 1370 1762 1428 adversantes
1786 1380 1988 1445 portat.

547 1463 633 1520 17.
696 1461 802 1531 Qui
833 1463 1007 1534 angeli
1042 1478 1240 1518 summe
1263 1463 1542 1519 concordes
1573 1463 1710 1519 inter
1737 1481 1790 1520 se
1811 1465 2086 1537 conﬂigere

471 1551 740 1609 dicantur.
771 1582 843 1594 —-
872 1551 977 1608 Sed
1006 1551 1153 1607 inter
1176 1551 1294 1609 haec
1328 1552 1464 1608 libet
1495 1553 1774 1628 inquirere
1799 1553 1844 1610 si
1877 1571 1984 1628 pax
2022 1553 2082 1610 in

471 1640 805 1698 sublimibus
838 1657 1056 1698 summa
1083 1642 1374 1710 retinetur,
1405 1641 1540 1715 quid
1567 1652 1647 1698 est
1675 1643 1826 1717 quod
1852 1661 1948 1718 per
1975 1660 2085 1700 an-

475 1731 659 1803 gelum
707 1729 926 1788 Danieli
974 1729 1224 1787 dicitur:
1276 1733 1391 1803 Ego
1435 1732 1553 1786 veni
1576 1740 1797 1805 propter
1824 1751 2085 1790 sermones

476 1826 626 1877 tuos:
649 1819 897 1893 princeps
920 1827 1096 1876 autem
1124 1819 1270 1892 regni
1293 1821 1586 1877 Persarum
1615 1823 1807 1878 restitit
1834 1823 1962 1878 mihi
1995 1824 2086 1878 vi-

2197 654 2311 724 Qua
2346 671 2415 710 ex
2445 672 2503 712 re
2530 654 2787 711 innuitur
2815 653 2962 726 quod
3003 653 3294 710 adversum
3335 653 3554 711 Graecos
3583 671 3800 730 quoque

2195 744 2411 818 aliquid
2457 744 2647 803 Judaea
2681 743 3052 813 commiserat,
3084 760 3318 818 quorum
3351 744 3602 817 profecto
3639 761 3802 803 causa

2195 835 2466 909 ereptioni
2525 835 2680 891 illius
2729 833 3035 890 resistebat.
3086 833 3372 906 Propheta;
3417 833 3588 906 igitur
3616 851 3802 908 preces

2195 927 2420 997 angelus
2444 924 2690 993 exaudit,
2713 924 2806 980 sed
2835 925 3121 980 Persarum
3143 923 3398 997 princeps
3421 924 3648 994 resistit,
3672 926 3804 1000 quia

2197 1016 2296 1072 etsi
2321 1015 2436 1088 jam
2467 1015 2582 1070 vita
2591 1013 2728 1087 justi
2749 1013 3097 1086 deprecantis
3117 1013 3455 1087 ereptionem
3476 1015 3666 1088 populi
3687 1015 3801 1072 exi-

2198 1104 2296 1177 git,
2328 1104 2572 1176 ejusdem
2602 1112 2787 1161 tamen
2818 1103 3009 1177 populi
3029 1103 3212 1161 adhuc
3232 1103 3349 1160 vita
3368 1104 3720 1174 contradicit,
3740 1113 3805 1162 ut

2197 1193 2328 1267 quia
2369 1194 2606 1252 necdum
2653 1192 2712 1249 hi
2755 1193 2941 1268 quiin
2969 1193 3348 1266 captivitatem
3397 1194 3617 1250 fuerant
3647 1192 3802 1252 ducti

2183 1283 2356 1356 plene
2383 1282 2598 1356 purgati
2620 1289 2770 1352 sunt,
2782 1281 2909 1354 jure
2927 1282 3008 1339 eis
3026 1281 3209 1340 adhuc
3222 1283 3398 1340 Persae
3419 1283 3802 1340 dominentur.

2193 1371 2429 1430 Michael
2457 1371 2704 1444 adjuvat,
2735 1373 2829 1429 sed
2850 1373 3166 1430 Graecorum
3187 1372 3444 1446 princeps
3463 1372 3532 1429 ad
3548 1373 3803 1446 praelium

2195 1461 2371 1530 venit,
2401 1461 2532 1535 quia
2561 1461 2757 1518 mereri
2789 1461 3012 1535 quidem
3033 1461 3252 1519 veniam
3270 1470 3382 1519 tam
3403 1463 3566 1534 longa
3582 1478 3807 1536 oppres-

2195 1569 2380 1609 sorum
2410 1553 2702 1626 captivitas
2730 1561 2964 1626 poterat,
2986 1554 3079 1610 sed
3100 1553 3398 1627 ereptionis
3417 1571 3606 1610 eorum
3626 1553 3808 1610 bene-

2196 1641 2323 1699 ﬁcio
2352 1642 2458 1698 hoc
2486 1658 2702 1716 quoque
2734 1642 2882 1716 quod
2908 1643 2966 1698 in
2991 1644 3209 1700 Graecos
3237 1642 3582 1716 deliquerant
3601 1641 3811 1699 obvia-

2195 1731 2308 1788 bat.
2333 1733 2498 1788 Recte
2512 1749 2640 1804 ergo
2660 1731 2869 1789 dicitur
2887 1733 3036 1806 quod
3056 1741 3248 1790 contra
3267 1750 3323 1789 se
3343 1733 3524 1806 angeli
3546 1733 3805 1801 veniunt,

2197 1822 2326 1896 quia
2339 1821 2711 1894 subjectarum
2728 1821 2834 1879 sibi
2851 1823 3096 1895 gentium
3113 1823 3360 1880 vicissim
3379 1822 3575 1879 merita
3589 1830 3805 1879 contra-

473 1909 608 1982 ginti
630 1915 679 1965 et
703 1926 809 1966 uno
838 1909 1054 1974 diebus;
1079 1915 1128 1965 et
1154 1926 1260 1965 ecce
1295 1909 1542 1978 Michael,
1575 1928 1712 1966 unus
1742 1912 1804 1968 de
1824 1912 2084 1984 principi-
2115 1935 2160 1996 Β
2196 1911 2408 1969 dicunt.
2474 1913 2613 1969 Nam
2683 1911 2947 1969 sublimes
3002 1912 3231 1984 spiritus
3285 1913 3492 1970 eisdem
3549 1914 3808 1986 gentibus

477 1999 574 2054 bus
612 1998 829 2070 primis,
884 1999 1025 2054 venit
1054 1999 1112 2053 in
1152 1999 1485 2069 adjutorium
1510 2001 1642 2056 mihi
1674 2001 1840 2073 (Dan.
1873 2018 1932 2070 x,
1965 2002 2082 2074 13).

476 2087 549 2145 Et
575 2087 740 2160 paulo
771 2095 924 2160 post:
963 2088 1118 2145 Nunc
1144 2096 1391 2146 revertar
1418 2096 1478 2145 ut
1499 2091 1722 2163 prwlier
1751 2091 2032 2146 adversum
2063 2092 2084 2126 ³

471 2177 772 2250 principem
801 2179 1113 2234 Persarum.
1151 2179 1284 2235 Cum
1317 2179 1455 2234 enim
1504 2182 1798 2252 egrederer,
1826 2181 2090 2254 apparuit

359 2301 376 2310 -
471 2267 719 2340 princeps
747 2268 1052 2324 Grcecorum
1066 2268 1347 2324 adveniens
1371 2269 1563 2342 (Ibid.,
1587 2270 1706 2343 20).
1728 2271 1877 2340 Quos
1901 2271 2085 2344 itaque

477 2357 616 2413 alios
661 2357 938 2430 principes
977 2359 1246 2431 gentium,
1294 2359 1402 2415 nisi
1442 2362 1664 2434 angelos
1701 2363 1959 2435 appellat,
1990 2361 2086 2435 qui

479 2446 584 2503 sibi
609 2447 858 2502 resistere
887 2449 1112 2505 exeunti
1143 2449 1497 2522 potuissent?
1525 2451 1656 2520 Quae
1684 2469 1813 2526 ergo
1841 2470 1958 2510 esse
1979 2470 2087 2526 pax

478 2535 536 2592 in
567 2536 898 2594 sublimibus
925 2546 1122 2610 potest,
1153 2539 1200 2596 si
1229 2539 1374 2596 inter
1402 2541 1550 2614 ipsos
1573 2559 1790 2616 quoque
1811 2543 2089 2615 angelicos

437 2651 444 2657 -
478 2627 709 2699 spiritus
736 2629 1022 2702 praeliandi
1048 2638 1323 2688 certamen
1347 2633 1554 2705 agitur,
1595 2633 1691 2708 qui
1717 2651 1932 2707 semper
1959 2651 2087 2692 con-

478 2716 691 2790 spectui
721 2717 970 2775 veritatis
989 2719 1254 2776 assistunt
1274 2721 1302 2777 ‘i
1329 2721 1433 2777 Sed
1455 2722 1584 2796 quia
1603 2731 1750 2780 certa
1769 2726 2088 2798 angelorum

480 2806 791 2865 ministeria
819 2808 1203 2880 dispensandis
1229 2811 1465 2884 singulis
1490 2813 1801 2888 quibusque
1831 2816 2089 2889 gentibus

477 2905 610 2952 sunt
649 2899 896 2970 praelata,
936 2915 1062 2955 cum
1093 2898 1468 2972 subjectomm
1499 2919 1680 2960 mores
1709 2905 2005 2963 adversum
2033 2923 2090 2962 se

478 2985 723 3042 vicissim
781 2989 1201 3061 praepositorum
1261 2991 1558 3064 spirituum
1594 3011 1752 3068 opem
1784 3004 2088 3066 merentur,

480 3073 584 3147 ipsi
615 3075 708 3148 qui
738 3086 982 3149 praesunt
1004 3078 1234 3151 spiritus
1252 3089 1444 3138 contra
1459 3097 1515 3138 se
1537 3084 1728 3140 venire
1749 3085 2088 3140 referuntur.

479 3163 531 3220 Is
583 3180 822 3237 namque
849 3166 1077 3236 angelus
1105 3166 1204 3238 qui
1231 3169 1448 3226 Danieli
1497 3169 1829 3243 loquebatur
1856 3172 2094 3244 captivis

478 3252 768 3352 Israelitici
787 3254 976 3362 plopuli
996 3253 1055 3308 in
1074 3253 1298 3310 Perside
1319 3255 1636 3313 constitutis
1657 3259 1915 3330 praelatus
1929 3277 2091 3333 agno-

2194 1999 2570 2073 principantes
2599 2017 2945 2075 nequaquam
2968 2019 3066 2075 pro
3083 2002 3286 2075 injuste
3315 2003 3603 2074 agentibus
3619 2003 3806 2062 decer-

2195 2097 2350 2158 tant;
2401 2089 2496 2146 sed
2542 2107 2734 2147 eorum
2764 2091 2907 2148 facta
2929 2091 3076 2164 juste
3099 2091 3414 2165 judicantes
3455 2092 3804 2150 examinant.

2195 2179 2443 2252 Cumque
2484 2179 2922 2255 uniuscujusque
2953 2181 3132 2254 gentis
3161 2183 3249 2238 vel
3280 2184 3443 2256 culpa
3468 2183 3558 2238 vel
3583 2181 3810 2255 justitia

2195 2269 2264 2326 ad
2293 2286 2544 2342 supernae
2572 2269 2740 2326 curia:
2770 2269 3068 2327 consilium
3090 2269 3334 2340 ducitur,
3356 2269 3601 2342 ejusdem
3625 2271 3810 2342 gentis

2196 2360 2522 2434 praepositus
2551 2362 2639 2417 vel
2669 2360 2974 2418 obtinuisse
3005 2360 3065 2417 in
3093 2361 3416 2430 certamine,
3449 2361 3536 2416 vel
3567 2377 3680 2416 non
3710 2361 3807 2416 ob-

2194 2449 2426 2507 tinuisse
2481 2450 2820 2523 perhibetur.
2866 2451 3114 2520 Quorum
3162 2459 3346 2506 tamen
3394 2451 3646 2508 omnium
3693 2468 3810 2508 una

2196 2540 2430 2599 victoria
2471 2548 2552 2596 est
2584 2540 2671 2596 sui
2700 2557 2863 2613 super
2904 2557 2962 2597 se
3003 2541 3219 2614 opificis
3265 2541 3524 2598 voluntas
3563 2557 3808 2610 summa,

2198 2647 2362 2705 quam
2392 2629 2524 2686 dum
2555 2646 2768 2702 semper
2795 2629 3092 2703 aspiciunt,
3123 2629 3270 2704 quod
3300 2628 3549 2686 obtinere
3578 2645 3690 2685 non
3713 2646 3809 2685 va-

2198 2720 2313 2776 lent
2340 2736 2624 2793 nunquam
2656 2720 2872 2775 volunt.
2904 2721 3050 2776 Bene
3079 2736 3208 2792 ergo
3236 2719 3479 2776 dicitur:
3526 2719 3632 2788 Qui
3674 2717 3814 2789 facit

2197 2811 2532 2866 concordiam
2563 2811 2616 2865 in
2645 2811 2960 2866 sublimibus
2988 2811 3118 2867 suis.
3153 2810 3445 2884 Sequitur:

2645 2899 2874 2958 CAPUT
2904 2901 3034 2957 x111
3067 2899 3210 2974 [nee
3243 2899 3370 2973 1x1.

2270 2989 2442 3048 Vnus.
2473 2989 2527 3046 3.
2556 3020 2629 3032 —
2655 2990 2913 3061 Nunquid
2938 2997 3014 3046 est
3039 3005 3291 3046 numerus
3317 2988 3548 3041 militum
3574 2985 3686 3054 ejus
3707 2989 3736 3044 i’

2275 3077 2360 3133 18.
2376 3079 2702 3150 Angelorum
2711 3093 2965 3132 numerus
2977 3078 3072 3129 etsi
3084 3074 3193 3130 Deo
3203 3075 3409 3146 ﬁnitus,
3424 3075 3718 3130 hominibus
3734 3083 3810 3134 est
3829 3073 3832 3079 ’

2203 3165 2590 3238 inﬁnitus.—In
2601 3164 2916 3237 cognitione
2927 3163 3184 3220 humanae
3198 3163 3428 3220 rationis
3441 3181 3810 3238 supernorum

2203 3253 2499 3326 spirituum
2529 3271 2793 3311 numerus
2820 3271 2933 3310 non
2953 3261 3056 3322 est,
3080 3253 3208 3328 quia
3227 3263 3432 3328 quanta
3459 3255 3530 3311 sit
3558 3255 3656 3313 illa
3683 3257 3811 3314 fre-

478 3341 672 3398 scitur.
696 3341 931 3398 Michael
960 3348 1146 3398 autem
1177 3358 1370 3400 eorum
1399 3345 1494 3418 qui
1522 3362 1592 3402 ex
1621 3347 1811 3404 eadem
1842 3349 2000 3422 plebe
2035 3350 2095 3407 in
2126 3338 2168 3362 “
2207 3343 2432 3417 quentia
2460 3343 2762 3400 invisibilis
2783 3343 3097 3400 6exercitus
3114 3345 3324 3411 nescit;
3356 3344 3424 3401 de
3453 3361 3564 3419 quo
3592 3362 3687 3418 per
3703 3348 3810 3405 Da-

477 3429 679 3491 Judmae
708 3437 854 3488 terra
882 3439 1260 3490 remanserant
1288 3435 1616 3506 praepositus
1645 3437 1952 3496 invenitur.
1988 3441 2096 3498 Un-

478 3519 615 3576 deet
639 3519 708 3578 ab
731 3519 838 3578 hoc
865 3521 1055 3578 eodem
1079 3522 1274 3594 angelo
1295 3525 1460 3596 paulo
1479 3534 1603 3599 post
1621 3527 1843 3584 Danieli
1859 3529 2092 3587 dicitur:

477 3608 640 3666 Nemo
679 3615 756 3666 est
807 3609 1026 3680 adjutor
1060 3628 1205 3667 meus
1231 3611 1290 3667 in
1317 3613 1557 3670 omnibus
1593 3615 1698 3684 his,
1729 3617 1838 3672 nisi
1871 3619 2098 3677 Michael

472 3699 718 3772 princeps
741 3706 909 3756 vester
938 3699 1126 3773 (Ibid.,
1156 3701 1271 3772 21).
1299 3703 1380 3760 De
1406 3719 1516 3777 quo
1541 3712 1597 3762 et
1621 3705 1750 3775 hoc,
1779 3707 1927 3782 quod
1960 3725 2094 3781 prae-

479 3787 752 3857 misimus,
778 3786 943 3846 dicit:
976 3791 1050 3847 Et
1077 3807 1184 3848 ecce
1214 3791 1462 3859 Michael,
1493 3809 1632 3850 unus
1662 3795 1724 3852 de
1754 3797 2095 3868 principibus

474 3877 691 3952 primis,
722 3877 862 3933 venit
880 3879 936 3934 in
963 3879 1294 3951 adjutorium
1314 3883 1448 3940 mihi
1474 3883 1665 3956 (Ibid.,
1689 3885 1803 3957 13).
1827 3885 1935 3954 Qui
1956 3885 2089 3944 dum

478 3983 824 4042 nequaquam
850 3967 1016 4026 simul
1047 3986 1186 4041 esse,
1217 3971 1313 4029 sed
1333 3973 1524 4030 venire
1554 3973 1612 4030 in
1643 3974 1981 4048 adjutorium
2011 3976 2094 4034 di-

475 4065 645 4134 citur,
685 4063 832 4122 542
873 4077 1057 4141 aperte
1105 4069 1155 4126 ei
1203 4071 1408 4144 populo
1448 4073 1708 4147 praalatus
1749 4074 2090 4146 agnoscitur,

480 4155 578 4230 qui
613 4157 867 4229 captivus
914 4157 972 4214 in
1015 4159 1125 4217 alia
1153 4170 1306 4234 parte
1333 4164 1640 4222 tenebatur.
1673 4163 1824 4232 Quid
1852 4173 1936 4222 est
1963 4181 2090 4238 ergo

479 4246 734 4322 angelum
759 4247 940 4306 dicere
960 4267 972 4306 :
989 4251 1105 4323 Ego
1126 4253 1244 4308 veni
1255 4261 1478 4326 propter
1495 4271 1757 4311 sermones
1779 4261 1915 4322 tuos,
1935 4257 2090 4328 prin-

479 4355 596 4411 ceps
625 4344 800 4395 autem
833 4339 984 4410 regni
1031 4341 1326 4398 Persarum
1373 4343 1567 4400 restitit
1592 4344 1724 4400 mihi
1755 4343 1945 4417 (Ibid.,
1971 4346 2086 4421 13),

480 4426 589 4484 nisi
643 4443 742 4484 sua
796 4427 1035 4486 subditis
1085 4446 1252 4504 opera
1300 4431 1559 4489 nuntiare
1587 4432 1616 4490 ?
1671 4434 1752 4491 Ac
1804 4433 1851 4490 si
1903 4443 2087 4508 aperte

479 4514 658 4572 dicat:
689 4516 919 4574 Precum
950 4517 1175 4590 quidem
1203 4527 1424 4576 tuarum
1454 4521 1650 4577 merita
1677 4521 1910 4595 exigunt
1927 4531 1989 4580 ut
2011 4526 2084 4581 Is-

479 4605 761 4662 raeliticus
787 4607 1023 4680 populus
1050 4624 1082 4664 a
1105 4606 1242 4682 jugo
1268 4625 1381 4666 suae
1411 4611 1434 4645 ³
1464 4610 1804 4683 captivitatis
1827 4621 2082 4684 exuatur,

480 4689 575 4748 sed
603 4699 686 4748 est
707 4692 888 4750 adhuc
911 4694 1059 4768 quod
1083 4694 1142 4751 in
1169 4695 1364 4752 eodem
1385 4699 1588 4770 populo
1607 4699 1894 4758 Persarum
1911 4701 2086 4759 domi-

481 4779 576 4835 nio
604 4781 826 4852 purgari
855 4781 1070 4853 debeat,
1091 4785 1112 4820 ι
1142 4792 1204 4840 ut
1227 4783 1295 4842 de
1321 4786 1604 4859 ereptione
1625 4787 1779 4845 illius
1801 4789 2088 4848 Persarum

481 4868 738 4943 princeps
766 4871 909 4928 mihi
929 4873 950 4909 ⁸
970 4872 1095 4945 jure
1111 4874 1473 4946 contradicat,
1495 4878 1750 4950 quamvis
1765 4895 1954 4953 preces
1971 4888 2093 4939 tuas

479 4975 670 5017 eorum
701 4976 918 5036 quoque
943 4963 1204 5038 lacrymaa
1227 4965 1323 5040 qui
1348 4965 1408 5022 in
1432 4967 1621 5024 Iudaea
1643 4968 1826 5026 relicti
1851 4978 1982 5028 sunt
1999 4970 2091 5030 ad-

472 5046 690 5120 juvent.
724 5051 880 5110 Unde
908 5052 1015 5112 hoc
1042 5071 1262 5130 quoque
1304 5056 1452 5131 quod
1490 5056 1739 5116 diximus
1775 5059 2084 5134 subjungit:

477 5137 704 5198 Michael
716 5141 964 5216 princeps
984 5149 1152 5200 vester
1167 5144 1304 5200 venit
1323 5145 1380 5202 in
1399 5145 1732 5218 adjutorium
1751 5149 1901 5206 mihi.
1926 5149 2089 5208 Cum-

481 5242 586 5302 que
613 5235 679 5285 ut
705 5228 968 5291 adversus
996 5231 1303 5308 principem
1335 5234 1622 5294 Persarum
1643 5238 1925 5312 praelietur
1943 5255 2090 5313 egre-

509 5470 517 5476 .
552 5427 570 5465 ¹
605 5426 830 5498 Recent.
883 5426 1016 5498 Ed.,
1062 5435 1276 5497 mentes,
1305 5431 1707 5492 reluctantibus
1732 5435 1862 5493 Mss.
1894 5443 1949 5491 et
1975 5443 2086 5492 vet.

481 5496 618 5579 Exc.
651 5497 822 5554 Paulo
851 5496 1007 5556 infra
1029 5496 1280 5574 legimus,
1309 5503 1662 5575 subjectorum
1687 5524 1928 5564 mores...
1949 5524 2089 5579 prie-

476 5575 750 5642 posit._sp.
774 5587 947 5642 epem.
983 5589 1114 5630 mer.

553 5640 576 5724 ξ
592 5640 886 5724 ξμὰιιᾱῖθξ
901 5643 1171 5724 Bellovac.
1183 5689 1198 5715 ,
1214 5647 1469 5724 adversus
1477 5649 1777 5722 principem
1794 5656 2083 5708 terrarum.

553 5711 574 5790 ξ
605 5712 801 5790 ᾗσι-ιιιἱ
832 5715 1102 5790 plerique,
1133 5711 1422 5782 servitutis.

554 5782 576 5862 ξ
596 5782 860 5867 ‘Pratellf.
875 5795 934 5867 et
983 5782 1097 5846 alii
1122 5791 1426 5867 Normnita
1451 5791 1677 5867 habeant,
1706 5791 1856 5867 quod
1879 5793 2088 5867 melius

481 5853 702 5923 quidem
757 5857 958 5933 legitur
1010 5877 1200 5936 quam,
1228 5863 1368 5920 unde
1418 5853 1752 5936 ereptionem,
1785 5873 1847 5921 ut
1878 5863 2089 5922 habent

2207 3433 2406 3490 nielem
2423 3431 2654 3490 dicitur:
2673 3434 2852 3492 Millia
2869 3433 3098 3490 millium
3113 3433 3483 3491 ministrabant
3496 3435 3564 3504 ei,
3579 3442 3628 3492 et
3643 3437 3812 3492 decies

2205 3523 2398 3578 millies
2434 3529 2645 3579 centena
2670 3523 2843 3579 millia
2871 3523 3181 3578 assistebant
3205 3523 3252 3578 ei
3283 3523 3520 3595 (Daniel,
3549 3542 3653 3594 vn,
3685 3527 3806 3600 10).

2205 3614 2579 3686 Supernorum
2607 3613 2816 3671 civium
2845 3629 3109 3669 numerus
3129 3615 3148 3648 ⁷
3180 3613 3432 3671 inﬁnitus
3461 3623 3515 3672 et
3543 3615 3811 3674 deﬁnitus

2205 3701 2558 3774 exprimitur,
2587 3711 2648 3759 ut
2677 3702 2772 3776 qui
2801 3704 2915 3759 Deo
2941 3709 3023 3758 est
3052 3702 3433 3772 numerabilis,
3463 3721 3578 3761 esse
3609 3705 3808 3764 homi-

2205 3791 2369 3850 nibus
2423 3792 2844 3850 innumerabilis
2885 3791 3308 3850 demonstretur.
3356 3794 3621 3864 Quamvis
3648 3797 3806 3855 aliud

2203 3889 2285 3939 est
2312 3883 2584 3952 assistere,
2630 3881 2784 3939 aliud
2827 3881 3159 3940 ministrare.
3201 3883 3483 3941 Assistunt
3510 3885 3660 3943 enim
3691 3886 3807 3944 illa

2201 3973 2390 4045 procul
2422 3971 2592 4029 dubio
2621 3980 2937 4046 potestates,
2968 3990 3089 4046 qua
3108 3973 3176 4030 ad
3197 3975 3449 4048 quaedam
3479 3975 3809 4036 hominibus

2200 4063 2507 4122 nuntianda
2534 4081 2645 4120 non
2674 4072 2898 4121 exeunt.
2931 4064 3246 4122 Ministrant
3274 4083 3405 4123 vero
3424 4065 3482 4123 hi
3505 4066 3600 4141 qui
3620 4067 3690 4124 ad
3710 4085 3807 4126 ex-

2200 4153 2401 4229 plenda
2427 4153 2608 4211 oﬂicia
2648 4153 2974 4210 nuntiorum
3019 4154 3276 4223 veniunt,
3323 4155 3419 4212 sed
3464 4163 3650 4212 tamen
3696 4155 3805 4229 ipsi

2199 4260 2416 4320 quoque
2443 4241 2909 4316 contemplatione
2938 4242 3005 4299 ab
3035 4241 3250 4299 intimis
3269 4260 3383 4300 non
3412 4245 3697 4320 recedunt.
3731 4247 3806 4302 Et

2197 4335 2328 4410 quia
2355 4336 2538 4408 plures
2565 4342 2696 4391 sunt
2723 4334 2818 4408 qui
2847 4334 3187 4404 ministrant,
3218 4351 3382 4410 quam
3404 4335 3465 4392 hi
3484 4336 3580 4410 qui
3600 4337 3808 4410 princi-

2196 4405 2394 4500 paliter
2419 4423 2702 4493 assistunt,
2740 4405 3122 4482 assistentium
3166 4405 3430 4483 numerus
3471 4405 3628 4500 quasi
3658 4426 3770 4484 deﬁ
3820 4405 3844 4465 "

2195 4515 2366 4585 nitus,
2400 4517 2420 4551 ⁸
2451 4513 2890 4572 ministrantium
2934 4531 3066 4572 vero
3111 4513 3438 4572 indeﬁnitus
3477 4515 3796 4573 ostenditur

2267 4605 2407 4680 [γει.
2444 4603 2624 4678 VIII.]
2657 4605 2744 4662 19.
2769 4605 2868 4661 Dei
2885 4605 3078 4660 milites
3106 4621 3205 4659 cur
3229 4605 3576 4662 dicantur.—
3592 4605 3795 4678 Angeli

2200 4713 2292 4754 cos
2313 4712 2443 4752 vero
2459 4694 2687 4768 spiritus
2703 4701 2848 4750 recte
2863 4693 2963 4750 Dei
2981 4693 3189 4750 milites
3205 4693 3465 4764 dicimus,
3483 4695 3614 4768 quia
3629 4695 3817 4753 decer'

2199 4794 2316 4843 tare
2343 4803 2436 4842 eos
2455 4792 2646 4842 contra
2666 4791 2960 4856 potestates
2979 4799 3162 4840 aereas
3183 4799 3294 4840 non
3317 4783 3656 4857 ignoramus.
3680 4786 3815 4856 Quae

2199 4885 2384 4934 tamen
2411 4875 2715 4934 certamina
2743 4892 2856 4932 non
2886 4873 3092 4944 labore,
3123 4875 3220 4931 sed
3256 4875 3492 4949 imperio
3520 4885 3812 4951 peragunt,

2201 4967 2330 5042 quia
2358 4965 2632 5041 quidquid
2659 4965 2870 5038 agendo
2899 4973 3092 5023 contra
3119 4965 3439 5023 immundos
3457 4966 3688 5040 spiritus
3707 4983 3815 5040 ap—

2199 5064 2416 5132 petunt,
2447 5072 2516 5112 ex
2544 5054 2821 5130 adjutorio
2849 5062 3050 5114 cuncta
3078 5055 3317 5129 regentis
3337 5063 3588 5130 possunt.
3611 5056 3692 5112 De
3711 5055 3814 5113 hac

2202 5173 2439 5230 namque
2467 5151 2615 5210 543
2643 5153 2866 5224 militia,
2882 5163 3140 5213 nascente
3162 5171 3285 5229 rege
3307 5163 3518 5226 nostro,
3539 5155 3810 5229 scriptum

2201 5254 2313 5304 est:
2349 5246 2530 5303 Subito
2553 5244 2700 5318 facta
2729 5251 2802 5302 est
2829 5261 2948 5302 cum
2971 5247 3155 5320 angelo
3174 5247 3459 5304 multitudo
3478 5246 3686 5304 militia:
3702 5263 3812 5303 cte-

2197 5436 2351 5494 Editi
2381 5443 2584 5510 poster.

2269 5511 2290 5543 5
2320 5507 2482 5564 Deest
2501 5507 2632 5577 jure
2659 5507 2718 5566 in
2750 5509 2776 5565 1
2809 5507 2986 5566 Laud.

2270 5582 2292 5616 ⁸
2324 5581 2349 5636 1
2381 5579 2580 5648 Laud.,
2607 5581 2834 5652 spiritus
2859 5581 3040 5636 nescit.

2268 5653 2288 5725 7
2320 5653 2380 5725 In
2413 5653 2439 5706 1
2473 5650 2650 5725 Laud:
2679 5652 3026 5725 simpliciter,
3055 5650 3669 5725 inﬁnitusemprimuur.

2243 5724 2292 5804 με
2321 5723 2410 5780 Sic
2438 5723 2614 5780 nostri
2655 5721 2810 5796 Mss,
2841 5741 2953 5782 non
2982 5731 3045 5781 ut
3073 5721 3274 5795 legitur
3301 5722 3361 5782 in
3387 5721 3640 5797 Vulgat,
3670 5724 3805 5799 inﬁ-

2197 5801 2359 5853 nitus.
