3946 6374
184 436 245 494 21
937 430 1313 491 MORALIUM
1351 430 1486 488 LIB.
1528 431 1705 489 XVII.
1744 462 1816 475 -—-
1852 433 1925 491 IN
1963 431 2191 490 CAPUT
2231 433 2418 491 XXIV
2461 435 2523 490 B.
2566 435 2708 492 JOB.
3404 439 3499 497 22-

189 560 319 620 lestis
348 555 964 633 (Luc.,l3).Cui,tamen
993 556 1209 614 militiae
1229 557 1530 615 electorum
1554 571 1774 632 quoque
1805 558 1856 620 A
1883 557 2017 614 sicut
2046 558 2338 616 luminaria
2355 559 2409 615 in
2435 559 2634 616 mundo
2656 560 2927 634 (Philipp.
2954 579 3017 631 ιι,
3038 563 3151 636 15).
3183 564 3326 633 Quia
3342 564 3497 625 enim

187 650 468 711 hominum
494 665 765 708 numerus
794 646 1074 721 jungitur,
1089 647 1186 722 qui
1198 665 1294 722 per
1318 648 1557 706 sublime
1578 648 1782 707 mentis

186 738 540 810 desiderium,
568 757 603 797 a
626 747 859 796 terrenae
891 738 1331 796 conversationis
1354 737 1620 796 servitute
1649 738 1780 795 libe-

184 839 385 890 rantur.
415 832 498 888 De
526 830 730 904 quibus
754 845 850 903 per
888 829 1121 885 Paulum
1151 827 1358 886 dicitur
1393 846 1404 885 :
1443 830 1605 885 Nemo
1642 827 1781 883 mili-

185 930 293 981 tans
318 924 430 980 Deo
447 922 690 996 implicat
706 939 758 977 se
780 920 1000 993 negotiis
1027 919 1469 991 saecularibusUI
1483 918 1779 989 Tim.n,4).

184 1014 282 1083 Qui
308 1013 443 1071 licet
465 1030 618 1071 nunc
646 1012 808 1087 pauci
835 1019 1153 1085 appareant,
1183 1011 1243 1068 in
1269 1010 1542 1068 invisibili
1598 1018 1785 1068 tamen

183 1100 349 1177 patria
363 1101 802 1158 innumerabiles
813 1100 1198 1174 regnant,qnia
1216 1099 1321 1157 etsi
1337 1117 1406 1156 ex
1426 1099 1785 1172 comparatio-

182 1207 247 1249 ne
272 1208 572 1264 pravorum
600 1191 762 1266 pauci
792 1199 944 1259 sunt,
972 1190 1033 1247 in
1062 1189 1506 1263 congregationis
1531 1207 1645 1247 suae
1666 1190 1788 1246 fre-

183 1278 404 1354 quentia
419 1279 605 1337 metiri
625 1296 976 1355 nequaquam
993 1287 1243 1353 possunt.
1268 1279 1408 1348 Quia
1420 1295 1550 1335 vero
1572 1295 1786 1336 eorum-

181 1367 299 1426 dem
320 1369 572 1427 militum
601 1370 782 1427 virtus
812 1386 923 1426 non
949 1369 1187 1443 propriis
1215 1368 1453 1439 viribus,
1476 1368 1570 1425 sed
1599 1384 1786 1441 super-

179 1475 259 1518 nas
285 1462 480 1534 gratiae
519 1462 799 1521 infusione
833 1462 1145 1532 roboratur,
1187 1468 1332 1519 recte
1381 1460 1737 1535 subiungitur
1771 1479 1783 1519 :

778 1570 1007 1629 CAPUT
1035 1570 1186 1629 XIV.

243 1666 388 1722 IBID.
427 1694 483 1706 -
518 1665 594 1722 Et
615 1681 776 1736 super
803 1681 956 1736 quem
985 1666 1001 1700 ¹
1034 1681 1141 1720 non
1176 1669 1353 1735 surget
1387 1665 1561 1719 lumen
1591 1663 1739 1719 illius
1760 1665 1788 1720 9

242 1757 332 1815 20.
370 1757 493 1815 Non
542 1756 786 1829 propriis
839 1755 1064 1821 viribus,
1091 1755 1180 1811 sed
1231 1755 1420 1827 gratiae
1461 1754 1598 1809 dono
1625 1753 1790 1825 fortes

175 1854 313 1903 sunt.
346 1878 427 1889 —
455 1847 669 1904 Lumen
700 1846 901 1921 quippe
931 1845 1030 1901 Dei
1057 1852 1139 1902 est
1197 1844 1370 1917 gratia
1420 1844 1786 1918 praeveniens.

1889 656 2076 706 sancta
2114 649 2362 706 Ecclesia
2390 650 2536 706 lunae
2578 650 2947 723 appellatione
2989 652 3344 726 exprimitur,
3374 673 3503 730 pro-

1891 735 2057 809 pheta
2084 744 2334 807 testatur,
2365 737 2555 795 dicens
2586 756 2597 793 :
2621 740 2879 795 Eleuatus
2908 746 2985 796 est
3010 741 3113 809 sol,
3138 748 3185 796 et
3209 742 3335 798 luna
3363 745 3501 801 stetit

1890 826 1949 881 in
1975 826 2160 881 ordine
2185 842 2282 881 suo
2314 827 2537 898 (Habac.
2572 846 2655 897 ιιι,
2690 828 2803 901 11).
2836 830 3067 889 Elevato
3096 831 3246 888 enim
3275 832 3413 903 sole,
3440 834 3499 890 in

1893 931 1992 972 sua
2019 914 2213 971 ordine
2244 916 2376 971 luna
2402 916 2684 986 statuitur,
2716 919 2847 992 quia
2878 920 3206 978 ascendente
3235 922 3306 979 ad
3333 924 3501 981 caelos

1892 1005 2153 1075 Domino,
2184 1014 2371 1064 sancta
2412 1007 2667 1080 protinus
2705 1008 2954 1067 Ecclesia
2996 1010 3056 1066 in
3084 1011 3500 1085 pradicationis

1895 1098 2219 1155 auctoritate
2240 1098 2547 1156 roboratur.
2580 1100 2653 1155 Et
2672 1099 2800 1174 quia
2828 1101 3113 1158 stellarum
3143 1100 3369 1158 nomine
3388 1101 3501 1158 ele-

1896 1188 1971 1245 cti
2000 1189 2309 1261 signantur,
2339 1206 2560 1246 rursum
2589 1191 2794 1248 Paulus
2821 1190 3091 1261 insinuat,
3114 1190 3304 1249 dicens
3329 1207 3341 1248 :
3367 1192 3497 1249 Stel-

1899 1282 1954 1338 la
1980 1280 2118 1337 enim
2143 1299 2179 1336 a
2208 1282 2362 1337 stella
2405 1282 2587 1353 differt
2612 1282 2670 1338 in
2697 1282 2944 1340 claritate
2976 1282 3034 1355 (Ι
3088 1283 3217 1341 Cor.
3250 1300 3346 1351 xv,
3376 1280 3495 1356 41).

1900 1369 2040 1445 [νει.
2070 1368 2198 1444 ΙΧ.]
2230 1370 2386 1427 Luna
2427 1386 2556 1443 ergo
2601 1388 2714 1429 non
2761 1372 3034 1445 splendet,
3082 1379 3138 1428 et
3182 1371 3355 1429 stellze
3386 1387 3500 1428 non

1897 1468 2027 1518 sunt
2055 1459 2275 1517 mundae
2303 1460 2362 1517 in
2392 1469 2689 1533 conspectu
2717 1460 2856 1533 ejus,
2889 1462 3019 1536 quia
3048 1477 3150 1519 nec
3177 1468 3365 1518 sancta
3390 1461 3503 1518 Ecv

1897 1550 2063 1608 clesia
2091 1549 2297 1607 virtute
2327 1550 2547 1624 propria
2566 1557 2649 1607 tot
2673 1550 2958 1608 miraculis
2987 1550 3208 1620 emicat,
3231 1551 3339 1608 nisi
3356 1550 3505 1609 hanc

1897 1638 2285 1713 praevenientis
2313 1639 2499 1712 gratim
2512 1639 2655 1696 dona
2667 1640 3128 1711 perfundant,nec
3157 1639 3505 1713 singulorum

1898 1735 2047 1794 544
2086 1738 2227 1795 bene
2256 1737 2565 1794 viventium
2595 1745 2806 1794 mentes
2847 1754 2880 1793 a
2925 1745 3274 1809 peccatorum
3305 1754 3505 1796 macu-

1896 1830 1967 1887 lis
1994 1829 2215 1886 mundze
2244 1837 2394 1898 sunt,
2443 1830 2488 1885 si
2519 1835 2729 1885 remota
2759 1826 2960 1900 pietate
2984 1827 3327 1900 judicentur,
3377 1825 3507 1901 quia

175 1936 303 2006 Quae
332 1936 387 1994 si
418 1936 477 1993 in
515 1918 893 1994 nostro‘corde
917 1951 1264 2010 nequaquam
1293 1935 1533 2009 gratuito
1563 1951 1787 1992 consur-
1815 1929 1864 1991 B
1896 1920 2043 1995 apud
2097 1918 2333 1977 districti
2382 1918 2592 1992 indicis
2637 1918 2848 2010 οοιιιρετ
2883 1934 3002 2010 _Su3
3054 1932 3508 2010 ιιῐιιιπξιςιιιθωίιιξθ

176 2037 340 2104 geret,
384 2029 634 2102 profecto
667 2045 823 2085 mens
848 2036 1037 2085 nostra
1063 2028 1122 2084 in
1170 2036 1521 2101 peccatorum
1561 2043 1790 2086 suorum

174 2119 423 2179 tenebris
450 2118 685 2177 obscura
707 2125 1035 2175 remaneret.
1068 2117 1221 2175 Unde
1249 2117 1507 2175 subditur
1538 2135 1551 2176 :

639 2225 868 2285 CAPUT
900 2226 1007 2284 xv
1041 2224 1183 2299 [Rec.
1217 2226 1316 2301 X].

248 2317 428 2374 Vens.
457 2316 511 2376 4.
546 2346 613 2359 --
635 2315 894 2388 Nunquid
912 2314 1209 2389 justiﬁcari
1230 2320 1401 2389 potest
1456 2316 1607 2371 homo
1644 2330 1795 2370 com-

176 2414 406 2479 paratus
432 2406 543 2463 Deo
569 2411 666 2462 aut
691 2423 953 2478 apparere
975 2406 1205 2461 mundus
1230 2411 1390 2462 natus
1422 2404 1485 2461 de
1525 2404 1748 2461 muliere
1766 2406 1795 2463 9

244 2497 312 2555 2i
325 2496 509 2555 .Nemo
516 2494 699 2565 justus
716 2495 823 2551 nisi
834 2496 1433 2562 Deiillustratione,non
1447 2495 1794 2568 comparatioo

174 2606 257 2646 ne.
275 2620 320 2631 -
339 2589 549 2647 Versus
565 2587 669 2645 iste
683 2587 938 2661 superius
962 2604 995 2644 a
1012 2587 1173 2646 beato
1208 2589 1311 2645 Job
1340 2588 1626 2657 dicitur,et
1647 2604 1798 2648 nunc

176 2678 235 2735 in
264 2677 390 2751 ejus
416 2677 843 2752 exprobratione
880 2677 1196 2751 replicatur.
1226 2678 1422 2736 Omnis
1441 2694 1680 2753 namque
1709 2678 1797 2734 vir

168 2765 363 2840 justus
390 2767 492 2825 Dei
515 2766 887 2823 illustratione
893 2767 1079 2840 justus
1106 2775 1209 2837 est,
1229 2784 1343 2825 non
1365 2769 1792 2841 comparatione.

175 2855 443 2911 Humana
467 2854 671 2928 quippe
693 2853 933 2926 justitia,
946 2855 1158 2911 auctori
1189 2864 1525 2928 comparata,
1543 2858 1565 2892 ³
1579 2856 1796 2929 injusti-

178 2944 256 3001 tia
278 2951 390 3011 est,
425 2943 555 3014 quia
584 2942 685 2999 etsi
710 2942 769 2998 in
808 2942 925 3015 ipsa
949 2942 1035 2999 sui
1065 2944 1383 3000 conditione
1414 2945 1580 3000 homo
1630 2945 1797 3016 persi-

179 3039 375 3100 steret,
396 3031 631 3088 creatori
660 3047 773 3086 non
803 3038 985 3102 posset
1013 3032 1218 3104 aequari
1247 3039 1499 3089 creatura
1548 3032 1669 3104 (Job
1716 3051 1798 3102 ιχ,

181 3124 264 3198 2).
299 3122 408 3182 Cui
436 3128 623 3178 tamen
652 3120 723 3177 ad
752 3121 1007 3193 graviora
1032 3120 1283 3177 defectus
1301 3120 1801 3194 pondera,accessit

183 3222 238 3272 et
250 3214 441 3289 culpa,
471 3228 635 3286 quam
652 3228 876 3284 serpens
904 3209 1175 3269 insidians
1194 3212 1409 3282 intulit,
1426 3219 1481 3267 et
1500 3213 1702 3270 mulier
1717 3212 1798 3269 in-

1898 2010 2335 2085 corruptibilitas
2364 2010 2642 2085 inquinat,
2674 2010 2695 2045 ⁵
2744 2008 2852 2066 nisi
2882 2008 3027 2068 hanc
3055 2007 3317 2082 quotidie
3334 2006 3510 2080 gratia

1900 2101 2177 2177 parcentis
2205 2108 2399 2175 tergat.
2432 2102 2753 2157 Electorum
2784 2099 2988 2173 quippe
3033 2098 3256 2156 animus
3283 2096 3508 2173 prodire

1901 2191 1971 2249 ad
2016 2191 2324 2249 libertatem
2348 2189 2580 2263 justitiae
2610 2188 2829 2257 nititur,
2878 2189 2973 2245 sed
3018 2187 3201 2245 adhuc
3246 2185 3508 2260 compede

1902 2279 2242 2338 inﬁrmitatis
2269 2286 2522 2345 tenetur;
2555 2284 2609 2334 et
2637 2278 2826 2351 culpas
2855 2276 3078 2351 quidem
3109 2274 3360 2348 subigere
3390 2290 3507 2347 per-

1903 2371 2043 2428 fecte
2099 2370 2393 2439 desiderat,
2439 2368 2537 2425 sed
2584 2383 2869 2442 quousque
2923 2365 3279 2440 corruptione
3326 2362 3510 2421 carnis

1904 2459 2373 2535 astringitur,ejus
2383 2458 2822 2529 vinculis,etiam
2844 2474 2971 2516 cum
2992 2473 3106 2515 non
3121 2456 3264 2525 vult,
3286 2454 3513 2527 ligatur.

1905 2551 2049 2609 Hinc
2075 2551 2259 2625 itaque
2307 2553 2328 2587 δ
2371 2550 2597 2623 colligat
2634 2556 2840 2623 quanto
2888 2554 3238 2620 peccatorum
3268 2544 3509 2618 pondere

1904 2642 2077 2716 pressi
2122 2642 2236 2699 sint
2263 2640 2359 2715 qui
2402 2648 2594 2698 contra
2639 2640 2758 2699 haec
2804 2640 3083 2698 decertare
3126 2637 3434 2711 negligunt,
3465 2639 3514 2693 si

1906 2733 2064 2805 plene
2092 2732 2311 2805 culpam
2341 2748 2443 2788 nec
2470 2731 2555 2787 illi
2583 2737 2864 2804 superant,
2896 2728 2994 2803 qui
3021 2734 3216 2785 contra
3243 2725 3388 2783 hanc
3416 2725 3515 2782 vi—

1906 2823 2085 2878 riliter
2114 2828 2380 2895 pugnant.
2404 2820 2561 2878 Unde
2589 2828 2645 2877 et
2672 2827 2968 2894 postquam
3000 2816 3213 2875 dictum
3233 2822 3317 2872 est
3341 2833 3353 2871 :
3376 2816 3513 2871 Ecce

1906 2912 2064 2967 etiam
2094 2914 2223 2968 luna
2248 2928 2356 2966 non
2388 2912 2642 2983 splendet,
2672 2917 2722 2967 et
2747 2912 2912 2967 stellis
2938 2926 3046 2966 non
3073 2912 3198 2965 sunt
3222 2906 3432 2964 mundis
3456 2904 3515 2963 in

1907 3004 2175 3073 conspectu
2204 2998 2339 3069 ejus,
2367 2998 2622 3070 protinus
2649 2999 2876 3055 additur
2906 3017 2919 3056 :

2482 3102 2711 3161 CAPUT
2759 3104 2937 3161 XVII.

1983 3196 2159 3254 Vens.
2192 3194 2324 3251 6.—
2354 3194 2565 3262 Quanto
2605 3193 2775 3265 magis
2819 3194 2972 3250 homo
2992 3190 3248 3267 putredo,
3293 3197 3342 3247 et
3368 3191 3516 3271 ﬁlius

183 3283 409 3366 ﬁrmata
423 3283 693 3379 persuasit
711 3283 922 3375 (Genes.
942 3319 1027 3372 ιιι,
1044 3303 1125 3375 6).
1142 3302 1297 3361 Unde
1317 3319 1469 3360 nunc
1483 3304 1615 3377 quia
1633 3304 1801 3361 homo
1835 3293 1879 3355 C
1909 3285 2138 3344 Ῐιοηῑίηίε
2166 3283 2359 3341 Omnis
2380 3284 2408 3341 ἵ

183 3415 283 3473 per
310 3396 606 3454 mulierem
634 3394 809 3466 culpae
838 3393 1118 3450 subditam
1144 3394 1411 3464 nascitur,
1429 3403 1611 3452 reatus
1630 3396 1800 3469 primi

184 3486 488 3546 inﬁrmitas
508 3486 529 3521 ³
546 3484 606 3540 in
626 3484 778 3558 prole
794 3490 1145 3557 propagatur.
1169 3486 1241 3540 Et
1269 3484 1400 3559 quia
1419 3485 1477 3541 in
1500 3485 1684 3542 radice
1705 3502 1803 3559 pu-

183 3577 328 3634 truit
357 3574 589 3633 humani
620 3573 833 3647 generis
860 3589 1068 3643 ramus,
1091 3573 1150 3630 in
1170 3574 1510 3632 conditionis
1535 3591 1648 3632 suae
1668 3574 1801 3631 viri-

184 3664 362 3723 ditate
393 3664 623 3721 minime
669 3662 941 3720 subsistit.
985 3663 1139 3720 Unde
1181 3671 1328 3721 recte
1368 3679 1519 3721 nunc
1547 3663 1798 3721 dicitur:

184 3754 451 3827 Nunquid
465 3753 762 3826 Justiﬁcari
796 3758 965 3824 potest
990 3753 1141 3808 homo
1188 3761 1523 3826 comparatus
1556 3754 1688 3821 Deo,
1710 3761 1805 3811 aut

184 3862 457 3920 apparere
474 3844 703 3899 mundus
720 3849 880 3898 natus
898 3843 960 3899 de
977 3843 1197 3899 muliere
1210 3846 1238 3900 9
1267 3844 1347 3901 Ac
1375 3845 1421 3902 si
1451 3852 1635 3917 aperte
1655 3844 1801 3902 dice-

185 3946 346 3994 retur
401 3950 412 3989 :
457 3934 538 3990 Ne
565 3940 757 3990 contra
795 3940 1074 3990 auctorem
1104 3949 1267 3989 suum
1297 3933 1465 3991 homo
1495 3934 1796 4007 superbiat,

186 4024 509 4086 consideret
534 4023 679 4080 unde
717 4022 820 4081 hac
847 4025 1021 4093 venit,
1044 4030 1099 4079 et
1127 4022 1399 4096 intelligat
1428 4024 1563 4098 quid
1582 4025 1673 4081 sit.
1698 4024 1804 4083 Sed

189 4133 320 4176 ecce
352 4113 615 4173 nonnulli
644 4130 741 4187 per
785 4112 994 4171 donum
1026 4113 1265 4187 Spiritus
1290 4113 1471 4187 adjuti
1503 4124 1694 4173 contra
1722 4117 1804 4174 in-

189 4206 520 4263 ﬁrmitatem
550 4220 660 4261 suae
675 4202 858 4265 carnis
885 4203 1196 4275 eriguntur,
1213 4203 1521 4261 virtutibus
1539 4206 1803 4277 emicant,

189 4296 485 4370 signorum
514 4310 734 4369 quoque
763 4288 1048 4351 miraculis
1076 4301 1397 4360 coruscant;
1412 4294 1603 4352 nullus
1621 4302 1805 4353 tamen

193 4393 275 4442 est
303 4384 406 4459 qui
434 4383 553 4441 sine
580 4383 745 4457 culpa
770 4382 943 4439 vitam
965 4390 1225 4453 transeat,
1257 4398 1543 4457 quousque
1585 4401 1804 4444 carnem

189 4471 571 4548 corruptionis
596 4479 797 4546 portat.
833 4471 987 4530 Unde
1013 4471 1195 4529 adhuc
1222 4471 1513 4530 subditur:

779 4561 1009 4620 CAPUT
1050 4562 1201 4620 XVI.

266 4654 446 4713 Vnus.
477 4654 532 4710 5.
561 4682 634 4694 —
654 4653 676 4688 ⁴
694 4652 829 4709 Ecce
856 4652 1013 4708 etiam
1043 4652 1173 4709 luna
1198 4668 1305 4707 non
1331 4651 1586 4724 splendet,
1615 4650 1664 4709 et
1688 4655 1806 4711 stel-

199 4746 263 4802 ιω
288 4760 403 4802 non
427 4749 553 4800 sunt
572 4742 785 4798 munde
812 4742 871 4798 in
899 4748 1173 4814 conspectu
1198 4740 1335 4812 ejus.

268 4837 363 4895 22.
398 4835 560 4893 Nemo
584 4832 662 4889 ita
677 4831 883 4902 justus,
915 4839 975 4888 ut
1002 4833 1060 4888 in
1106 4848 1267 4889 carm
1294 4832 1643 4905 corruptibili
1665 4832 1811 4889 omni

195 4929 411 4999 peccato
437 4929 633 4980 careat.
657 4920 891 4989 —Quid
922 4937 1017 4994 per
1045 4922 1255 4991 lunam,
1287 4920 1397 4978 nisi
1420 4929 1621 4979 cuncta
1640 4922 1809 4979 simul

200 5015 488 5083 Ecclesia;
520 5011 657 5087 quid
684 5029 781 5086 per
807 5012 1016 5081 stellas,
1046 5013 1155 5069 nisi
1184 5013 1530 5086 singulorum
1546 5013 1685 5069 bene
1713 5012 1809 5070 vi—

202 5105 458 5163 ventium
511 5103 711 5161 animai
766 5103 1172 5177 designantur?
1200 5104 1296 5178 qui
1324 5103 1471 5160 inter
1514 5120 1810 5176 pravorum

204 5193 502 5252 hominum
546 5193 1012 5262 conversationes,
1055 5192 1188 5250 dum
1248 5192 1461 5266 magnis
1512 5193 1814 5250 virtutibus

207 5287 480 5357 eminent,
510 5287 668 5361 quasi
695 5286 755 5343 in
784 5286 1026 5344 tenebris
1065 5286 1247 5345 noctis
1295 5286 1503 5344 lucent.
1536 5286 1690 5344 Unde
1718 5303 1816 5360 per

207 5376 446 5439 Paulum
474 5392 693 5451 quoque
720 5375 1011 5451 discipulis
1038 5376 1245 5434 dicitur
1276 5394 1289 5433 :
1322 5378 1472 5434 Inter
1490 5393 1622 5448 quos
1637 5377 1818 5433 lucetis

286 5615 304 5650 ¹
338 5612 540 5681 Aliter,
567 5628 672 5668 non
699 5614 889 5687 surgit,
920 5622 981 5671 ut
1026 5612 1227 5686 legitur
1272 5613 1329 5668 in
1376 5610 1575 5680 Laud,
1603 5612 1818 5682 Norm.,

209 5694 322 5797 em”
338 5754 517 5813 Laud.
528 5797 544 5825 ,
564 5754 777 5826 justitia
806 5773 913 5813 non
937 5764 1030 5813 est.

286 5831 309 5866 ³
342 5829 510 5884 Deest
536 5844 595 5882 in
622 5829 771 5885 prole
797 5827 856 5884 in
888 5829 914 5885 1
946 5827 1121 5885 Laud.

290 5902 312 5937 ⁸
343 5898 585 5968 Gemet.,
613 5898 755 5957 Utic.
786 5907 841 5957 et
869 5899 988 5972 alii,
1018 5917 1124 5958 ecce
1152 5900 1289 5957 enim
1317 5909 1372 5958 et
1400 5901 1477 5959 ita
1507 5900 1673 5957 infra.

1979 3395 2069 3455 23.
2091 3395 2150 3453 Si
2168 3393 2456 3450 sanctiores
2473 3392 2696 3448 maculas
2716 3408 2821 3448 non
2839 3395 2964 3447 sunt
2981 3395 3370 3465 expertes,th
3389 3406 3518 3446 sor-

1909 3489 2033 3545 dent
2058 3485 2151 3557 qui
2178 3482 2359 3540 carnis
2386 3482 2658 3555 spurcitiis
2685 3482 3072 3553 immerguntur
3091 3480 3274 3538 ?—Ac
3293 3480 3339 3537 si
3368 3496 3517 3554 aper-

1912 3585 1964 3634 te
1992 3576 2269 3633 diceretur
2301 3590 2312 3628 :
2349 3570 2405 3628 Si
2436 3570 2542 3644 ipsi
2572 3587 2791 3644 quoque
2822 3586 2937 3627 esse
2970 3569 3090 3626 sine
3119 3570 3377 3643 contagio
3405 3586 3518 3628 non

1911 3667 2119 3733 valent,
2150 3662 2246 3737 qui
2276 3661 2421 3718 inter
2450 3660 2736 3734 praesentis
2775 3660 2905 3716 vitae
2935 3659 3188 3717 tenebras
3218 3658 3521 3718 virtutibus

1911 3756 2122 3824 lucent,
2152 3759 2357 3828 quanto
2386 3757 2542 3807 reatu
2591 3749 2905 3822 iniquitatis
2949 3749 3204 3808 obstricti
3252 3757 3384 3807 sunt
3425 3748 3521 3823 qui

1911 3844 2094 3903 adhuc
2122 3841 2415 3901 carnaliter
2445 3841 2648 3898 vivunt
2668 3842 2695 3899 ?
2715 3841 2771 3899 Si
2792 3858 2824 3897 a
2852 3849 3076 3914 peccato
3097 3856 3211 3897 esse
3240 3839 3404 3896 liberi
3427 3854 3518 3895 ne-

1912 3941 2121 4009 queunt
2148 3933 2246 4007 qui
2270 3931 2385 4005 jam
2414 3931 2474 3989 in
2502 3931 2823 3990 coelestibus
2852 3930 3143 3988 desideriis
3173 3944 3520 3987 conversan-

1912 4035 2024 4096 tur,
2047 4026 2143 4100 qui
2159 4031 2509 4098 peccatorum
2528 4023 2776 4096 pondera
2786 4024 3048 4091 tolerant,
3069 4022 3188 4095 qui,
3211 4019 3393 4077 carnis
3408 4035 3520 4076 suae

1914 4113 2292 4188 voluptatibus
2307 4112 2506 4178 dediti,
2526 4111 2710 4168 adhuc
2727 4111 3039 4185 putredinis
3048 4110 3243 4185 jugum
3267 4101 3522 4184 portant?

1914 4206 2059 4263 Hinc
2085 4204 2279 4260 Petrus
2306 4201 2385 4257 ait
2427 4217 2440 4256 :
2476 4201 2534 4257 Si
2566 4199 2747 4271 justus
2776 4200 2870 4255 vix
2899 4200 3221 4267 satvabitur,
3252 4198 3449 4272 impius
3476 4204 3524 4254 et

1908 4300 2152 4369 peccator
2169 4292 2260 4349 ubi
2281 4290 2545 4364 parebunt
2563 4291 2622 4363 (Ι
2645 4291 2760 4347 Pet.
2793 4307 2873 4359 ιν,
2892 4290 2982 4361 18)
2998 4291 3025 4347 9
3048 4288 3193 4347 Hinc
3209 4305 3305 4363 per
3327 4287 3521 4345 Isaiam

1914 4385 2123 4443 dicitur
2154 4401 2165 4440 :
2200 4384 2371 4455 Super
2398 4382 2615 4436 humum
2648 4379 2840 4453 populi
2866 4379 2969 4435 mei
3022 4380 3187 4452 spina:
3245 4386 3292 4435 et
3342 4394 3524 4452 vepres

1913 4474 2210 4539 ascendent,
2226 4476 2423 4543 quanto
2451 4470 2619 4542 magis
2646 4485 2806 4542 super
2825 4470 2846 4505 ⁷
2869 4485 3072 4524 omnem
3100 4469 3311 4524 domum
3339 4466 3525 4539 gaudii

1917 4562 2146 4619 civitatis
2159 4561 2477 4618 exsultantis
2498 4559 2653 4632 (Isai.
2686 4575 2869 4628 χχχιι,
2896 4558 3037 4631 13),?
3055 4559 3297 4614 Humum
3319 4557 3523 4631 quippe

1917 4654 2109 4730 populi
2136 4652 2223 4710 sui
2251 4651 2523 4710 Dominus
2544 4651 2848 4708 electorum
2878 4647 3131 4706 omnium
3163 4655 3407 4704 mentem
3429 4662 3521 4703 vo-

1918 4752 2026 4815 cat,
2056 4759 2221 4817 super
2249 4757 2413 4816 qnam
2444 4740 2630 4815 spinas
2658 4757 2720 4797 ac
2766 4755 2962 4812 vepres
3004 4737 3297 4795 ascendere
3326 4736 3527 4811 perhi-

1916 4836 2031 4905 bet,
2048 4834 2181 4908 quia
2208 4848 2312 4889 nec
2340 4831 2513 4905 ipsam
2533 4845 2753 4905 quoque
2771 4845 2887 4886 esse
2907 4828 3113 4902 absque
3129 4826 3525 4900 punctionibus

1924 4922 2189 4980 vitiorum
2210 4920 2383 4977 videt.
2407 4922 2616 4977 Domus
2632 4935 2764 4976 vero
2783 4916 2971 4991 gaudii
2986 4916 3234 4974 civitatis
3246 4914 3524 4971 exsultan-

1922 5013 1994 5070 tis
2021 5018 2104 5069 est
2132 5027 2287 5068 mens
2313 5026 2635 5083 pravorum,
2679 5024 2799 5082 qua:
2828 5006 2963 5064 dum
2994 5013 3229 5062 ventura
3255 4998 3526 5075 supplicia

1921 5103 2237 5176 conspicere
2264 5101 2517 5175 negligit,
2548 5101 2607 5157 in
2637 5099 2822 5156 carnis
2850 5099 3134 5170 voluptate
3162 5110 3219 5150 se
3247 5092 3524 5161 deserens,

1921 5196 2161 5254 inaniter
2186 5192 2489 5252 hilarescit.
2520 5192 2617 5249 Ait
2657 5206 2785 5263 ergo
2818 5206 2830 5244 :
2865 5190 3037 5259 Super
3084 5187 3300 5240 humum
3336 5183 3529 5256 populi

1920 5286 2023 5344 mei
2074 5284 2239 5358 spinis
2280 5290 2340 5347 et
2376 5299 2555 5356 vepres
2582 5279 2878 5342 ascendent,
2920 5279 3118 5347 quanto
3145 5272 3316 5346 magis
3368 5289 3529 5345 super

1923 5392 2127 5434 omnem
2140 5374 2353 5432 domum
2377 5371 2563 5445 gaudii
2581 5367 2811 5426 civitatis
2827 5364 3147 5421 exsultantis
3163 5366 3190 5423 9
3210 5363 3292 5420 Ac
3305 5362 3354 5420 si
3373 5378 3528 5436 aper-

2000 5612 2021 5646 5
2053 5609 2162 5667 Gil.
2193 5614 2246 5664 et
2266 5606 2452 5671 Guss.,
2480 5602 2588 5657 nisi
2616 5600 2972 5658 huncMelius
2988 5598 3049 5655 in
3082 5596 3217 5659 Mss.
3248 5599 3302 5649 et
3329 5590 3527 5649 al.Ed.

1930 5682 2036 5738 nisi
2063 5683 2216 5747 hanc,
2245 5694 2322 5734 sc.
2353 5672 2894 5747 corruptibilitate‘m,

2005 5756 2027 5791 θ
2056 5751 2171 5827 gilii
2200 5742 2330 5816 Ed,
2356 5742 2626 5827 colligunt,
2659 5742 2857 5827 invitis
2882 5743 3013 5802 Mss.

2006 5827 2025 5863 ⁷
2056 5825 2219 5883 Deest
2245 5835 2449 5877 omnem
2476 5817 2536 5876 in
2565 5817 2779 5876 Gemet.
