  <div class='ocr_page' id='page_1' title='image "/cluster/home/n/w/nwhite01/storage/ocr_20150623/76/umn.31951002477369g/019.png"; bbox 0 0 3946 6370; ppageno 0'>
   <div class='ocr_carea' id='block_1_1' title="bbox 451 441 3763 504">
    <p class='ocr_par' dir='ltr' id='par_1_1' title="bbox 451 441 3763 504">
     <span class='ocr_line' id='line_1_1' title="bbox 451 441 3763 504; baseline 0.004 -13"><span class='ocrx_word' id='word_1_1' title='bbox 451 445 523 502; x_wconf 80' lang='lat'><strong>23</strong></span> <span class='ocrx_word' id='word_1_2' title='bbox 1668 441 1918 498; x_wconf 73' lang='lat' dir='ltr'><strong>SANCTI</strong></span> <span class='ocrx_word' id='word_1_3' title='bbox 1957 441 2295 497; x_wconf 77' lang='lat' dir='ltr'><strong>GllEGORlI</strong></span> <span class='ocrx_word' id='word_1_4' title='bbox 2332 441 2557 498; x_wconf 80' lang='lat' dir='ltr'><strong>MAGNI</strong></span> <span class='ocrx_word' id='word_1_5' title='bbox 3693 448 3763 504; x_wconf 67' lang='lat' dir='ltr'><strong>2’s</strong></span> 
     </span>
    </p>
   </div>
   <div class='ocr_carea' id='block_1_2' title="bbox 453 563 3763 639">
    <p class='ocr_par' dir='ltr' id='par_1_2' title="bbox 453 563 3763 639">
     <span class='ocr_line' id='line_1_2' title="bbox 453 563 3763 639; baseline 0.001 -13"><span class='ocrx_word' id='word_1_6' title='bbox 453 577 504 626; x_wconf 84' lang='lat' dir='ltr'><strong>te</strong></span> <span class='ocrx_word' id='word_1_7' title='bbox 532 568 680 625; x_wconf 81' lang='lat' dir='ltr'><strong>dicat</strong></span> <span class='ocrx_word' id='word_1_8' title='bbox 713 585 724 624; x_wconf 90' lang='lat'><strong>:</strong></span> <span class='ocrx_word' id='word_1_9' title='bbox 759 569 816 625; x_wconf 89' lang='lat' dir='ltr'><strong>Si</strong></span> <span class='ocrx_word' id='word_1_10' title='bbox 847 577 901 626; x_wconf 90' lang='lat' dir='ltr'><strong>et</strong></span> <span class='ocrx_word' id='word_1_11' title='bbox 921 570 1146 626; x_wconf 87' lang='lat' dir='ltr'><strong>illorum</strong></span> <span class='ocrx_word' id='word_1_12' title='bbox 1165 576 1404 625; x_wconf 77' lang='lat' dir='ltr'><strong>mentem</strong></span> <span class='ocrx_word' id='word_1_13' title='bbox 1436 567 1573 623; x_wconf 89' lang='lat' dir='ltr'><strong>vitia</strong></span> <span class='ocrx_word' id='word_1_14' title='bbox 1601 563 2046 639; x_wconf 91' lang='lat' dir='ltr'><strong>deprimunt,qui</strong></span> <span class='ocrx_word' id='word_1_15' title='bbox 2079 565 2129 624; x_wconf 83' lang='lat' dir='ltr'><strong>A</strong></span> <span class='ocrx_word' id='word_1_16' title='bbox 2157 583 2270 621; x_wconf 88' lang='lat' dir='ltr'><strong>esse</strong></span> <span class='ocrx_word' id='word_1_17' title='bbox 2299 567 2846 633; x_wconf 82' lang='lat' dir='ltr'><strong>aestimant,afructu</strong></span> <span class='ocrx_word' id='word_1_18' title='bbox 2874 584 2929 624; x_wconf 90' lang='lat' dir='ltr'><strong>se</strong></span> <span class='ocrx_word' id='word_1_19' title='bbox 2958 569 3218 625; x_wconf 75' lang='lat' dir='ltr'><strong>utilitatis</strong></span> <span class='ocrx_word' id='word_1_20' title='bbox 3239 570 3505 627; x_wconf 75' lang='lat' dir='ltr'><strong>alienant.</strong></span> <span class='ocrx_word' id='word_1_21' title='bbox 3530 572 3686 630; x_wconf 88' lang='lat' dir='ltr'><strong>Unde</strong></span> <span class='ocrx_word' id='word_1_22' title='bbox 3703 583 3763 629; x_wconf 86' lang='lat' dir='ltr'><strong>et</strong></span> 
     </span>
    </p>
   </div>
   <div class='ocr_carea' id='block_1_3' title="bbox 449 654 2040 732">
    <p class='ocr_par' dir='ltr' id='par_1_3' title="bbox 449 654 2040 732">
     <span class='ocr_line' id='line_1_3' title="bbox 449 654 2040 732; baseline -0.003 -18"><span class='ocrx_word' id='word_1_23' title='bbox 449 673 506 714; x_wconf 88' lang='lat' dir='ltr'><strong>se</strong></span> <span class='ocrx_word' id='word_1_24' title='bbox 533 674 634 731; x_wconf 86' lang='lat' dir='ltr'><strong>pro</strong></span> <span class='ocrx_word' id='word_1_25' title='bbox 682 658 920 716; x_wconf 82' lang='lat' dir='ltr'><strong>ccelestis</strong></span> <span class='ocrx_word' id='word_1_26' title='bbox 947 659 1137 732; x_wconf 70' lang='lat' dir='ltr'><strong>patria:</strong></span> <span class='ocrx_word' id='word_1_27' title='bbox 1167 657 1447 714; x_wconf 90' lang='lat' dir='ltr'><strong>desiderio</strong></span> <span class='ocrx_word' id='word_1_28' title='bbox 1475 656 1752 728; x_wconf 83' lang='lat' dir='ltr'><strong>afﬂigunt,</strong></span> <span class='ocrx_word' id='word_1_29' title='bbox 1789 654 1993 729; x_wconf 87' lang='lat' dir='ltr'><strong>quibus</strong></span> <span class='ocrx_word' id='word_1_30' title='bbox 2027 656 2040 689; x_wconf 87' lang='grc'>¹</span> 
     </span>
    </p>
   </div>
   <div class='ocr_carea' id='block_1_4' title="bbox 448 743 2045 821">
    <p class='ocr_par' dir='ltr' id='par_1_4' title="bbox 448 743 2045 821">
     <span class='ocr_line' id='line_1_4' title="bbox 448 743 2045 821; baseline -0.001 -18"><span class='ocrx_word' id='word_1_31' title='bbox 448 746 629 820; x_wconf 86' lang='lat' dir='ltr'><strong>culpis</strong></span> <span class='ocrx_word' id='word_1_32' title='bbox 657 747 918 804; x_wconf 89' lang='lat' dir='ltr'><strong>substrati</strong></span> <span class='ocrx_word' id='word_1_33' title='bbox 949 755 1080 804; x_wconf 89' lang='lat' dir='ltr'><strong>sunt</strong></span> <span class='ocrx_word' id='word_1_34' title='bbox 1109 747 1204 821; x_wconf 88' lang='lat' dir='ltr'><strong>qui</strong></span> <span class='ocrx_word' id='word_1_35' title='bbox 1234 747 1351 804; x_wconf 86' lang='lat' dir='ltr'><strong>sine</strong></span> <span class='ocrx_word' id='word_1_36' title='bbox 1380 747 1495 802; x_wconf 90' lang='lat' dir='ltr'><strong>ulla</strong></span> <span class='ocrx_word' id='word_1_37' title='bbox 1523 744 1821 801; x_wconf 87' lang='lat' dir='ltr'><strong>formidine</strong></span> <span class='ocrx_word' id='word_1_38' title='bbox 1851 743 2045 801; x_wconf 90' lang='lat' dir='ltr'><strong>sesein</strong></span> 
     </span>
    </p>
   </div>
   <div class='ocr_carea' id='block_1_5' title="bbox 447 835 1410 910">
    <p class='ocr_par' dir='ltr' id='par_1_5' title="bbox 447 835 1410 910">
     <span class='ocr_line' id='line_1_5' title="bbox 447 835 1410 910; baseline -0.001 -18"><span class='ocrx_word' id='word_1_39' title='bbox 447 836 631 892; x_wconf 89' lang='lat' dir='ltr'><strong>carnis</strong></span> <span class='ocrx_word' id='word_1_40' title='bbox 660 837 940 910; x_wconf 86' lang='lat' dir='ltr'><strong>voluptate</strong></span> <span class='ocrx_word' id='word_1_41' title='bbox 969 835 1362 910; x_wconf 90' lang='lat' dir='ltr'><strong>derelinquunt</strong></span> <span class='ocrx_word' id='word_1_42' title='bbox 1381 836 1410 891; x_wconf 77' lang='lat' dir='ltr'><strong>‘l</strong></span> 
     </span>
    </p>
   </div>
   <div class='ocr_carea' id='block_1_6' title="bbox 518 923 2046 998">
    <p class='ocr_par' dir='ltr' id='par_1_6' title="bbox 518 923 2046 998">
     <span class='ocr_line' id='line_1_6' title="bbox 518 923 2046 998; baseline -0.001 -15"><span class='ocrx_word' id='word_1_43' title='bbox 518 925 608 984; x_wconf 61' lang='lat'><strong>24.</strong></span> <span class='ocrx_word' id='word_1_44' title='bbox 639 926 854 982; x_wconf 82' lang='lat' dir='ltr'><strong>Primus</strong></span> <span class='ocrx_word' id='word_1_45' title='bbox 873 927 1026 981; x_wconf 85' lang='lat' dir='ltr'><strong>homo</strong></span> <span class='ocrx_word' id='word_1_46' title='bbox 1037 927 1286 998; x_wconf 86' lang='lat' dir='ltr'><strong>putredo,</strong></span> <span class='ocrx_word' id='word_1_47' title='bbox 1303 926 1454 996; x_wconf 80' lang='lat' dir='ltr'><strong>cujus</strong></span> <span class='ocrx_word' id='word_1_48' title='bbox 1475 923 1580 996; x_wconf 84' lang='lat' dir='ltr'><strong>filii</strong></span> <span class='ocrx_word' id='word_1_49' title='bbox 1594 941 1812 980; x_wconf 85' lang='lat' dir='ltr'><strong>vermes.</strong></span> <span class='ocrx_word' id='word_1_50' title='bbox 1843 955 1916 966; x_wconf 90' lang='lat'>—</span> <span class='ocrx_word' id='word_1_51' title='bbox 1942 925 2046 981; x_wconf 88' lang='lat' dir='ltr'><strong>No-</strong></span> 
     </span>
    </p>
   </div>
   <div class='ocr_carea' id='block_1_7' title="bbox 446 1013 2046 1087">
    <p class='ocr_par' dir='ltr' id='par_1_7' title="bbox 446 1013 2046 1087">
     <span class='ocr_line' id='line_1_7' title="bbox 446 1013 2046 1087; baseline -0.001 -17"><span class='ocrx_word' id='word_1_52' title='bbox 446 1014 674 1070; x_wconf 82' lang='lat' dir='ltr'><strong>tandum</strong></span> <span class='ocrx_word' id='word_1_53' title='bbox 705 1031 835 1070; x_wconf 87' lang='lat' dir='ltr'><strong>vero</strong></span> <span class='ocrx_word' id='word_1_54' title='bbox 864 1013 923 1070; x_wconf 90' lang='lat' dir='ltr'><strong>in</strong></span> <span class='ocrx_word' id='word_1_55' title='bbox 952 1031 1205 1071; x_wconf 82' lang='lat' dir='ltr'><strong>sermone</strong></span> <span class='ocrx_word' id='word_1_56' title='bbox 1233 1031 1334 1070; x_wconf 92' lang='lat' dir='ltr'><strong>suo</strong></span> <span class='ocrx_word' id='word_1_57' title='bbox 1363 1021 1632 1087; x_wconf 89' lang='lat' dir='ltr'><strong>quantum</strong></span> <span class='ocrx_word' id='word_1_58' title='bbox 1663 1013 1871 1070; x_wconf 89' lang='lat' dir='ltr'><strong>Baldad</strong></span> <span class='ocrx_word' id='word_1_59' title='bbox 1902 1014 2046 1070; x_wconf 86' lang='lat' dir='ltr'><strong>ordi-</strong></span> 
     </span>
    </p>
   </div>
   <div class='ocr_carea' id='block_1_8' title="bbox 445 1101 2044 1176">
    <p class='ocr_par' dir='ltr' id='par_1_8' title="bbox 445 1101 2044 1176">
     <span class='ocr_line' id='line_1_8' title="bbox 445 1101 2044 1176; baseline 0.001 -17"><span class='ocrx_word' id='word_1_60' title='bbox 445 1119 570 1160; x_wconf 87' lang='lat' dir='ltr'><strong>nem</strong></span> <span class='ocrx_word' id='word_1_61' title='bbox 601 1101 938 1160; x_wconf 85' lang='lat' dir='ltr'><strong>conditionis</strong></span> <span class='ocrx_word' id='word_1_62' title='bbox 967 1111 1168 1160; x_wconf 66' lang='lat' dir='ltr'><strong>nostra:</strong></span> <span class='ocrx_word' id='word_1_63' title='bbox 1197 1103 1379 1160; x_wconf 90' lang='lat' dir='ltr'><strong>tenuit</strong></span> <span class='ocrx_word' id='word_1_64' title='bbox 1401 1110 1454 1158; x_wconf 88' lang='lat' dir='ltr'><strong>et</strong></span> <span class='ocrx_word' id='word_1_65' title='bbox 1483 1101 1814 1170; x_wconf 85' lang='lat' dir='ltr'><strong>nativitatis,</strong></span> <span class='ocrx_word' id='word_1_66' title='bbox 1836 1103 1930 1176; x_wconf 88' lang='lat' dir='ltr'><strong>qui</strong></span> <span class='ocrx_word' id='word_1_67' title='bbox 1949 1103 2044 1160; x_wconf 87' lang='lat' dir='ltr'><strong>ho-</strong></span> 
     </span>
    </p>
   </div>
   <div class='ocr_carea' id='block_1_9' title="bbox 445 1191 2044 1265">
    <p class='ocr_par' dir='ltr' id='par_1_9' title="bbox 445 1191 2044 1265">
     <span class='ocr_line' id='line_1_9' title="bbox 445 1191 2044 1265; baseline 0.001 -18"><span class='ocrx_word' id='word_1_68' title='bbox 445 1191 652 1247; x_wconf 88' lang='lat' dir='ltr'><strong>minem</strong></span> <span class='ocrx_word' id='word_1_69' title='bbox 695 1208 807 1248; x_wconf 90' lang='lat' dir='ltr'><strong>non</strong></span> <span class='ocrx_word' id='word_1_70' title='bbox 855 1208 1121 1261; x_wconf 88' lang='lat' dir='ltr'><strong>vermem,</strong></span> <span class='ocrx_word' id='word_1_71' title='bbox 1152 1191 1246 1248; x_wconf 90' lang='lat' dir='ltr'><strong>sed</strong></span> <span class='ocrx_word' id='word_1_72' title='bbox 1295 1191 1670 1265; x_wconf 89' lang='lat' dir='ltr'><strong>putredinem,</strong></span> <span class='ocrx_word' id='word_1_73' title='bbox 1703 1191 1881 1248; x_wconf 90' lang='lat' dir='ltr'><strong>ﬁlium</strong></span> <span class='ocrx_word' id='word_1_74' title='bbox 1915 1209 2044 1248; x_wconf 85' lang='lat' dir='ltr'><strong>vero</strong></span> 
     </span>
    </p>
   </div>
   <div class='ocr_carea' id='block_1_10' title="bbox 445 1279 2046 1354">
    <p class='ocr_par' dir='ltr' id='par_1_10' title="bbox 445 1279 2046 1354">
     <span class='ocr_line' id='line_1_10' title="bbox 445 1279 2046 1354; baseline -0.001 -16"><span class='ocrx_word' id='word_1_75' title='bbox 445 1279 692 1338; x_wconf 85' lang='lat' dir='ltr'><strong>hominis</strong></span> <span class='ocrx_word' id='word_1_76' title='bbox 713 1297 953 1338; x_wconf 86' lang='lat' dir='ltr'><strong>vermem</strong></span> <span class='ocrx_word' id='word_1_77' title='bbox 981 1288 1165 1340; x_wconf 90' lang='lat' dir='ltr'><strong>vocat.</strong></span> <span class='ocrx_word' id='word_1_78' title='bbox 1199 1282 1418 1338; x_wconf 85' lang='lat' dir='ltr'><strong>Primus</strong></span> <span class='ocrx_word' id='word_1_79' title='bbox 1446 1297 1683 1354; x_wconf 85' lang='lat' dir='ltr'><strong>namque</strong></span> <span class='ocrx_word' id='word_1_80' title='bbox 1713 1281 1942 1338; x_wconf 87' lang='lat' dir='ltr'><strong>humani</strong></span> <span class='ocrx_word' id='word_1_81' title='bbox 1963 1299 2046 1353; x_wconf 82' lang='lat' dir='ltr'><strong>ge-</strong></span> 
     </span>
    </p>
   </div>
   <div class='ocr_carea' id='block_1_11' title="bbox 446 1376 2048 1452">
    <p class='ocr_par' dir='ltr' id='par_1_11' title="bbox 446 1376 2048 1452">
     <span class='ocr_line' id='line_1_11' title="bbox 446 1376 2048 1452; baseline 0 -17"><span class='ocrx_word' id='word_1_82' title='bbox 446 1378 594 1435; x_wconf 88' lang='lat' dir='ltr'><strong>neris</strong></span> <span class='ocrx_word' id='word_1_83' title='bbox 647 1394 864 1451; x_wconf 90' lang='lat' dir='ltr'><strong>parens,</strong></span> <span class='ocrx_word' id='word_1_84' title='bbox 914 1377 1104 1449; x_wconf 90' lang='lat' dir='ltr'><strong>homo,</strong></span> <span class='ocrx_word' id='word_1_85' title='bbox 1157 1395 1272 1436; x_wconf 89' lang='lat' dir='ltr'><strong>non</strong></span> <span class='ocrx_word' id='word_1_86' title='bbox 1327 1378 1476 1434; x_wconf 88' lang='lat' dir='ltr'><strong>ﬁlius</strong></span> <span class='ocrx_word' id='word_1_87' title='bbox 1515 1376 1780 1446; x_wconf 86' lang='lat' dir='ltr'><strong>hominis,</strong></span> <span class='ocrx_word' id='word_1_88' title='bbox 1812 1393 1881 1434; x_wconf 88' lang='lat' dir='ltr'><strong>ex</strong></span> <span class='ocrx_word' id='word_1_89' title='bbox 1939 1395 2048 1452; x_wconf 87' lang='lat' dir='ltr'><strong>quo</strong></span> 
     </span>
    </p>
   </div>
   <div class='ocr_carea' id='block_1_12' title="bbox 444 1465 2045 1542">
    <p class='ocr_par' dir='ltr' id='par_1_12' title="bbox 444 1465 2045 1542">
     <span class='ocr_line' id='line_1_12' title="bbox 444 1465 2045 1542; baseline 0 -20"><span class='ocrx_word' id='word_1_90' title='bbox 444 1465 698 1542; x_wconf 88' lang='lat' dir='ltr'><strong>quisquis</strong></span> <span class='ocrx_word' id='word_1_91' title='bbox 725 1465 951 1539; x_wconf 89' lang='lat' dir='ltr'><strong>prodiit,</strong></span> <span class='ocrx_word' id='word_1_92' title='bbox 977 1485 1087 1524; x_wconf 89' lang='lat' dir='ltr'><strong>non</strong></span> <span class='ocrx_word' id='word_1_93' title='bbox 1117 1469 1298 1524; x_wconf 90' lang='lat' dir='ltr'><strong>solum</strong></span> <span class='ocrx_word' id='word_1_94' title='bbox 1328 1467 1517 1537; x_wconf 91' lang='lat' dir='ltr'><strong>homo,</strong></span> <span class='ocrx_word' id='word_1_95' title='bbox 1540 1467 1634 1523; x_wconf 92' lang='lat' dir='ltr'><strong>sed</strong></span> <span class='ocrx_word' id='word_1_96' title='bbox 1664 1467 1814 1522; x_wconf 86' lang='lat' dir='ltr'><strong>ﬁlius</strong></span> <span class='ocrx_word' id='word_1_97' title='bbox 1829 1484 2045 1542; x_wconf 88' lang='lat' dir='ltr'><strong>quoque</strong></span> 
     </span>
    </p>
   </div>
   <div class='ocr_carea' id='block_1_13' title="bbox 442 1555 2042 1631">
    <p class='ocr_par' dir='ltr' id='par_1_13' title="bbox 442 1555 2042 1631">
     <span class='ocr_line' id='line_1_13' title="bbox 442 1555 2042 1631; baseline 0.001 -18"><span class='ocrx_word' id='word_1_98' title='bbox 442 1555 687 1614; x_wconf 85' lang='lat' dir='ltr'><strong>hominis</strong></span> <span class='ocrx_word' id='word_1_99' title='bbox 714 1558 842 1616; x_wconf 88' lang='lat' dir='ltr'><strong>fuit.</strong></span> <span class='ocrx_word' id='word_1_100' title='bbox 873 1557 1027 1615; x_wconf 90' lang='lat' dir='ltr'><strong>Sicut</strong></span> <span class='ocrx_word' id='word_1_101' title='bbox 1057 1575 1184 1631; x_wconf 86' lang='lat' dir='ltr'><strong>ergo</strong></span> <span class='ocrx_word' id='word_1_102' title='bbox 1215 1575 1284 1614; x_wconf 82' lang='lat' dir='ltr'><strong>ex</strong></span> <span class='ocrx_word' id='word_1_103' title='bbox 1314 1558 1540 1614; x_wconf 87' lang='lat' dir='ltr'><strong>homine</strong></span> <span class='ocrx_word' id='word_1_104' title='bbox 1589 1557 1738 1614; x_wconf 88' lang='lat' dir='ltr'><strong>ﬁlius</strong></span> <span class='ocrx_word' id='word_1_105' title='bbox 1776 1558 2042 1627; x_wconf 89' lang='lat' dir='ltr'><strong>hominis,</strong></span> 
     </span>
    </p>
   </div>
   <div class='ocr_carea' id='block_1_14' title="bbox 440 1645 2042 1720">
    <p class='ocr_par' dir='ltr' id='par_1_14' title="bbox 440 1645 2042 1720">
     <span class='ocr_line' id='line_1_14' title="bbox 440 1645 2042 1720; baseline 0.001 -18"><span class='ocrx_word' id='word_1_106' title='bbox 440 1645 518 1702; x_wconf 85' lang='lat' dir='ltr'><strong>ita</strong></span> <span class='ocrx_word' id='word_1_107' title='bbox 545 1663 617 1702; x_wconf 86' lang='lat' dir='ltr'><strong>ex</strong></span> <span class='ocrx_word' id='word_1_108' title='bbox 649 1647 941 1720; x_wconf 89' lang='lat' dir='ltr'><strong>putredine</strong></span> <span class='ocrx_word' id='word_1_109' title='bbox 970 1649 1216 1704; x_wconf 91' lang='lat' dir='ltr'><strong>nascitur</strong></span> <span class='ocrx_word' id='word_1_110' title='bbox 1245 1649 1470 1704; x_wconf 81' lang='lat' dir='ltr'><strong>vermis.</strong></span> <span class='ocrx_word' id='word_1_111' title='bbox 1504 1649 1660 1703; x_wconf 90' lang='lat' dir='ltr'><strong>Unde</strong></span> <span class='ocrx_word' id='word_1_112' title='bbox 1697 1657 1844 1704; x_wconf 91' lang='lat' dir='ltr'><strong>recte</strong></span> <span class='ocrx_word' id='word_1_113' title='bbox 1875 1648 2042 1704; x_wconf 93' lang='lat' dir='ltr'><strong>homo</strong></span> 
     </span>
    </p>
   </div>
   <div class='ocr_carea' id='block_1_15' title="bbox 440 1735 2043 1808">
    <p class='ocr_par' dir='ltr' id='par_1_15' title="bbox 440 1735 2043 1808">
     <span class='ocr_line' id='line_1_15' title="bbox 440 1735 2043 1808; baseline 0.001 -18"><span class='ocrx_word' id='word_1_114' title='bbox 440 1735 696 1808; x_wconf 83' lang='lat' dir='ltr'><strong>putredo,</strong></span> <span class='ocrx_word' id='word_1_115' title='bbox 725 1735 877 1792; x_wconf 89' lang='lat' dir='ltr'><strong>ﬁlius</strong></span> <span class='ocrx_word' id='word_1_116' title='bbox 904 1751 1038 1792; x_wconf 91' lang='lat' dir='ltr'><strong>vero</strong></span> <span class='ocrx_word' id='word_1_117' title='bbox 1058 1735 1302 1792; x_wconf 89' lang='lat' dir='ltr'><strong>hominis</strong></span> <span class='ocrx_word' id='word_1_118' title='bbox 1322 1735 1526 1792; x_wconf 88' lang='lat' dir='ltr'><strong>vermis</strong></span> <span class='ocrx_word' id='word_1_119' title='bbox 1555 1744 1802 1793; x_wconf 86' lang='lat' dir='ltr'><strong>vocatur.</strong></span> <span class='ocrx_word' id='word_1_120' title='bbox 1826 1737 2043 1792; x_wconf 86' lang='lat' dir='ltr'><strong>Primus</strong></span> 
     </span>
    </p>
   </div>
   <div class='ocr_carea' id='block_1_16' title="bbox 439 1822 2041 1899">
    <p class='ocr_par' dir='ltr' id='par_1_16' title="bbox 439 1822 2041 1899">
     <span class='ocr_line' id='line_1_16' title="bbox 439 1822 2041 1899; baseline 0.002 -19"><span class='ocrx_word' id='word_1_121' title='bbox 439 1823 643 1898; x_wconf 85' lang='lat' dir='ltr'><strong>quippe</strong></span> <span class='ocrx_word' id='word_1_122' title='bbox 683 1822 851 1880; x_wconf 91' lang='lat' dir='ltr'><strong>homo</strong></span> <span class='ocrx_word' id='word_1_123' title='bbox 896 1824 1154 1898; x_wconf 87' lang='lat' dir='ltr'><strong>putredo,</strong></span> <span class='ocrx_word' id='word_1_124' title='bbox 1185 1841 1299 1881; x_wconf 90' lang='lat' dir='ltr'><strong>non</strong></span> <span class='ocrx_word' id='word_1_125' title='bbox 1347 1824 1572 1892; x_wconf 90' lang='lat' dir='ltr'><strong>vermis,</strong></span> <span class='ocrx_word' id='word_1_126' title='bbox 1619 1825 1751 1898; x_wconf 89' lang='lat' dir='ltr'><strong>quia</strong></span> <span class='ocrx_word' id='word_1_127' title='bbox 1794 1826 1897 1883; x_wconf 89' lang='lat' dir='ltr'><strong>etsi</strong></span> <span class='ocrx_word' id='word_1_128' title='bbox 1945 1843 2041 1899; x_wconf 91' lang='lat' dir='ltr'><strong>per</strong></span> 
     </span>
    </p>
   </div>
   <div class='ocr_carea' id='block_1_17' title="bbox 2157 656 3762 730">
    <p class='ocr_par' dir='ltr' id='par_1_17' title="bbox 2157 656 3762 730">
     <span class='ocr_line' id='line_1_17' title="bbox 2157 656 3762 730; baseline 0.004 -17"><span class='ocrx_word' id='word_1_129' title='bbox 2157 656 2420 713; x_wconf 83' lang='lat' dir='ltr'><strong>Veritatis</strong></span> <span class='ocrx_word' id='word_1_130' title='bbox 2448 673 2581 714; x_wconf 86' lang='lat' dir='ltr'><strong>voce</strong></span> <span class='ocrx_word' id='word_1_131' title='bbox 2601 657 2889 730; x_wconf 87' lang='lat' dir='ltr'><strong>discipulis</strong></span> <span class='ocrx_word' id='word_1_132' title='bbox 2913 659 3118 715; x_wconf 91' lang='lat' dir='ltr'><strong>dicitur</strong></span> <span class='ocrx_word' id='word_1_133' title='bbox 3142 677 3152 715; x_wconf 94' lang='lat'>:</span> <span class='ocrx_word' id='word_1_134' title='bbox 3183 661 3315 716; x_wconf 84' lang='lat' dir='ltr'><strong>Cum</strong></span> <span class='ocrx_word' id='word_1_135' title='bbox 3333 661 3563 730; x_wconf 75' lang='lat' dir='ltr'><strong>feceritis</strong></span> <span class='ocrx_word' id='word_1_136' title='bbox 3578 665 3762 719; x_wconf 81' lang='lat' dir='ltr'><strong>omnia</strong></span> 
     </span>
    </p>
   </div>
   <div class='ocr_carea' id='block_1_18' title="bbox 2155 749 3760 821">
    <p class='ocr_par' dir='ltr' id='par_1_18' title="bbox 2155 749 3760 821">
     <span class='ocr_line' id='line_1_18' title="bbox 2155 749 3760 821; baseline 0.004 -19"><span class='ocrx_word' id='word_1_137' title='bbox 2155 764 2272 818; x_wconf 71' lang='lat' dir='ltr'><strong>qua:</strong></span> <span class='ocrx_word' id='word_1_138' title='bbox 2294 753 2556 820; x_wconf 72' lang='lat' dir='ltr'><strong>prcecepta</strong></span> <span class='ocrx_word' id='word_1_139' title='bbox 2577 753 2700 802; x_wconf 86' lang='lat' dir='ltr'><strong>sunt</strong></span> <span class='ocrx_word' id='word_1_140' title='bbox 2728 749 2891 814; x_wconf 88' lang='lat' dir='ltr'><strong>vobis,</strong></span> <span class='ocrx_word' id='word_1_141' title='bbox 2921 749 3114 804; x_wconf 85' lang='lat' dir='ltr'><strong>dicite:</strong></span> <span class='ocrx_word' id='word_1_142' title='bbox 3138 751 3288 806; x_wconf 85' lang='lat' dir='ltr'><strong>Servi</strong></span> <span class='ocrx_word' id='word_1_143' title='bbox 3308 751 3522 806; x_wconf 86' lang='lat' dir='ltr'><strong>inutiles</strong></span> <span class='ocrx_word' id='word_1_144' title='bbox 3553 770 3760 821; x_wconf 84' lang='lat' dir='ltr'><strong>sumus,</strong></span> 
     </span>
    </p>
   </div>
   <div class='ocr_carea' id='block_1_19' title="bbox 2154 839 3758 915">
    <p class='ocr_par' dir='ltr' id='par_1_19' title="bbox 2154 839 3758 915">
     <span class='ocr_line' id='line_1_19' title="bbox 2154 839 3758 915; baseline 0.004 -22"><span class='ocrx_word' id='word_1_145' title='bbox 2154 839 2294 910; x_wconf 90' lang='lat' dir='ltr'><strong>quod</strong></span> <span class='ocrx_word' id='word_1_146' title='bbox 2309 839 2576 895; x_wconf 80' lang='lat' dir='ltr'><strong>debuimus</strong></span> <span class='ocrx_word' id='word_1_147' title='bbox 2594 839 2768 911; x_wconf 85' lang='lat' dir='ltr'><strong>facere</strong></span> <span class='ocrx_word' id='word_1_148' title='bbox 2782 840 3009 910; x_wconf 82' lang='lat' dir='ltr'><strong>facimus</strong></span> <span class='ocrx_word' id='word_1_149' title='bbox 3028 839 3451 914; x_wconf 87' lang='lat' dir='ltr'><strong>(Luc.xvn,lO).</strong></span> <span class='ocrx_word' id='word_1_150' title='bbox 3471 841 3758 915; x_wconf 90' lang='lat' dir='ltr'><strong>Sequitur:</strong></span> 
     </span>
    </p>
   </div>
   <div class='ocr_carea' id='block_1_20' title="bbox 2744 946 3162 1005">
    <p class='ocr_par' dir='ltr' id='par_1_20' title="bbox 2744 946 3162 1005">
     <span class='ocr_line' id='line_1_20' title="bbox 2744 946 3162 1005; baseline 0 0"><span class='ocrx_word' id='word_1_151' title='bbox 2744 946 2974 1005; x_wconf 85' lang='lat' dir='ltr'><strong>CAPUT</strong></span> <span class='ocrx_word' id='word_1_152' title='bbox 3007 946 3162 1005; x_wconf 87' lang='lat' dir='ltr'>XIX.</span> 
     </span>
    </p>
   </div>
   <div class='ocr_carea' id='block_1_21' title="bbox 2225 1036 3760 1110">
    <p class='ocr_par' dir='ltr' id='par_1_21' title="bbox 2225 1036 3760 1110">
     <span class='ocr_line' id='line_1_21' title="bbox 2225 1036 3760 1110; baseline 0.001 -16"><span class='ocrx_word' id='word_1_153' title='bbox 2225 1036 2398 1094; x_wconf 73' lang='lat' dir='ltr'><strong>Vsus.</strong></span> <span class='ocrx_word' id='word_1_154' title='bbox 2432 1037 2484 1093; x_wconf 88' lang='lat'><strong>3.</strong></span> <span class='ocrx_word' id='word_1_155' title='bbox 2524 1068 2596 1078; x_wconf 97' lang='lat'><em>—</em></span> <span class='ocrx_word' id='word_1_156' title='bbox 2629 1036 2730 1092; x_wconf 89' lang='lat' dir='ltr'><strong>Cui</strong></span> <span class='ocrx_word' id='word_1_157' title='bbox 2767 1037 2956 1092; x_wconf 86' lang='lat' dir='ltr'><strong>dedisti</strong></span> <span class='ocrx_word' id='word_1_158' title='bbox 2995 1037 3273 1093; x_wconf 80' lang='lat' dir='ltr'><strong>consilium</strong></span> <span class='ocrx_word' id='word_1_159' title='bbox 3296 1039 3324 1095; x_wconf 77' lang='lat'><em>?</em></span> <span class='ocrx_word' id='word_1_160' title='bbox 3366 1038 3602 1110; x_wconf 81' lang='lat' dir='ltr'><strong>forsitan</strong></span> <span class='ocrx_word' id='word_1_161' title='bbox 3649 1041 3760 1109; x_wconf 84' lang='lat' dir='ltr'><strong>illi,</strong></span> 
     </span>
    </p>
   </div>
   <div class='ocr_carea' id='block_1_22' title="bbox 2153 1123 2933 1197">
    <p class='ocr_par' dir='ltr' id='par_1_22' title="bbox 2153 1123 2933 1197">
     <span class='ocr_line' id='line_1_22' title="bbox 2153 1123 2933 1197; baseline 0.001 -17"><span class='ocrx_word' id='word_1_162' title='bbox 2153 1125 2247 1197; x_wconf 89' lang='lat' dir='ltr'><strong>qui</strong></span> <span class='ocrx_word' id='word_1_163' title='bbox 2266 1141 2372 1180; x_wconf 86' lang='lat' dir='ltr'><strong>non</strong></span> <span class='ocrx_word' id='word_1_164' title='bbox 2399 1123 2548 1179; x_wconf 83' lang='lat' dir='ltr'><strong>habet</strong></span> <span class='ocrx_word' id='word_1_165' title='bbox 2574 1125 2888 1196; x_wconf 86' lang='lat' dir='ltr'><strong>sapientiam</strong></span> <span class='ocrx_word' id='word_1_166' title='bbox 2905 1127 2933 1181; x_wconf 70' lang='grc' dir='ltr'><em>ἵ</em></span> 
     </span>
    </p>
   </div>
   <div class='ocr_carea' id='block_1_23' title="bbox 2225 1215 3760 1290">
    <p class='ocr_par' dir='ltr' id='par_1_23' title="bbox 2225 1215 3760 1290">
     <span class='ocr_line' id='line_1_23' title="bbox 2225 1215 3760 1290; baseline 0.001 -19"><span class='ocrx_word' id='word_1_167' title='bbox 2225 1215 2312 1272; x_wconf 91' lang='lat'><strong>28.</strong></span> <span class='ocrx_word' id='word_1_168' title='bbox 2375 1215 2547 1270; x_wconf 84' lang='lat' dir='ltr'><strong>Stulto</strong></span> <span class='ocrx_word' id='word_1_169' title='bbox 2603 1215 2880 1271; x_wconf 84' lang='lat' dir='ltr'><strong>consilium</strong></span> <span class='ocrx_word' id='word_1_170' title='bbox 2943 1217 3093 1286; x_wconf 86' lang='lat' dir='ltr'><strong>dare,</strong></span> <span class='ocrx_word' id='word_1_171' title='bbox 3151 1215 3448 1284; x_wconf 81' lang='lat' dir='ltr'><strong>charitatis,</strong></span> <span class='ocrx_word' id='word_1_172' title='bbox 3505 1218 3760 1290; x_wconf 81' lang='lat' dir='ltr'><strong>sapienti,</strong></span> 
     </span>
    </p>
   </div>
   <div class='ocr_carea' id='block_1_24' title="bbox 2158 1304 3762 1378">
    <p class='ocr_par' dir='ltr' id='par_1_24' title="bbox 2158 1304 3762 1378">
     <span class='ocr_line' id='line_1_24' title="bbox 2158 1304 3762 1378; baseline 0.003 -21"><span class='ocrx_word' id='word_1_173' title='bbox 2158 1304 2520 1359; x_wconf 80' lang='lat' dir='ltr'><strong>ostentationis</strong></span> <span class='ocrx_word' id='word_1_174' title='bbox 2541 1323 2560 1370; x_wconf 89' lang='lat'><strong><em>;</em></strong></span> <span class='ocrx_word' id='word_1_175' title='bbox 2579 1304 2684 1377; x_wconf 86' lang='lat' dir='ltr'><strong>ipsi</strong></span> <span class='ocrx_word' id='word_1_176' title='bbox 2711 1306 3002 1377; x_wconf 68' lang='lat' dir='ltr'><strong>sapientiae,</strong></span> <span class='ocrx_word' id='word_1_177' title='bbox 3016 1307 3381 1378; x_wconf 83' lang='lat' dir='ltr'><strong>perversitatis</strong></span> <span class='ocrx_word' id='word_1_178' title='bbox 3401 1313 3494 1363; x_wconf 80' lang='lat' dir='ltr'><strong>est.</strong></span> <span class='ocrx_word' id='word_1_179' title='bbox 3524 1337 3596 1350; x_wconf 87' lang='lat'><strong>-—</strong></span> <span class='ocrx_word' id='word_1_180' title='bbox 3616 1309 3693 1364; x_wconf 93' lang='lat' dir='ltr'><strong>Da</strong></span> <span class='ocrx_word' id='word_1_181' title='bbox 3702 1325 3762 1362; x_wconf 90' lang='lat' dir='ltr'><strong>re</strong></span> 
     </span>
    </p>
   </div>
   <div class='ocr_carea' id='block_1_25' title="bbox 2156 1394 3762 1469">
    <p class='ocr_par' dir='ltr' id='par_1_25' title="bbox 2156 1394 3762 1469">
     <span class='ocr_line' id='line_1_25' title="bbox 2156 1394 3762 1469; baseline 0.003 -19"><span class='ocrx_word' id='word_1_182' title='bbox 2156 1394 2326 1450; x_wconf 88' lang='lat' dir='ltr'><strong>stulto</strong></span> <span class='ocrx_word' id='word_1_183' title='bbox 2354 1394 2671 1463; x_wconf 90' lang='lat' dir='ltr'><strong>consilium,</strong></span> <span class='ocrx_word' id='word_1_184' title='bbox 2701 1394 2990 1452; x_wconf 88' lang='lat' dir='ltr'><strong>charitatis</strong></span> <span class='ocrx_word' id='word_1_185' title='bbox 3036 1404 3152 1464; x_wconf 90' lang='lat' dir='ltr'><strong>est;</strong></span> <span class='ocrx_word' id='word_1_186' title='bbox 3199 1395 3329 1452; x_wconf 90' lang='lat' dir='ltr'><strong>dare</strong></span> <span class='ocrx_word' id='word_1_187' title='bbox 3367 1397 3623 1469; x_wconf 88' lang='lat' dir='ltr'><strong>sapienti,</strong></span> <span class='ocrx_word' id='word_1_188' title='bbox 3655 1415 3762 1455; x_wconf 86' lang='lat' dir='ltr'><strong>os-</strong></span> 
     </span>
    </p>
   </div>
   <div class='ocr_carea' id='block_1_26' title="bbox 2155 1482 3754 1558">
    <p class='ocr_par' dir='ltr' id='par_1_26' title="bbox 2155 1482 3754 1558">
     <span class='ocr_line' id='line_1_26' title="bbox 2155 1482 3754 1558; baseline 0.004 -22"><span class='ocrx_word' id='word_1_189' title='bbox 2155 1482 2508 1550; x_wconf 83' lang='lat' dir='ltr'><strong>tentationis;</strong></span> <span class='ocrx_word' id='word_1_190' title='bbox 2541 1485 2671 1540; x_wconf 90' lang='lat' dir='ltr'><strong>dare</strong></span> <span class='ocrx_word' id='word_1_191' title='bbox 2699 1501 2830 1541; x_wconf 89' lang='lat' dir='ltr'><strong>vero</strong></span> <span class='ocrx_word' id='word_1_192' title='bbox 2861 1483 2966 1556; x_wconf 89' lang='lat' dir='ltr'><strong>ipsi</strong></span> <span class='ocrx_word' id='word_1_193' title='bbox 2995 1485 3318 1558; x_wconf 85' lang='lat' dir='ltr'><strong>Sapientiae,</strong></span> <span class='ocrx_word' id='word_1_194' title='bbox 3347 1486 3754 1558; x_wconf 85' lang='lat' dir='ltr'><strong>perversitatis.</strong></span> 
     </span>
    </p>
   </div>
   <div class='ocr_carea' id='block_1_27' title="bbox 2153 1571 3759 1648">
    <p class='ocr_par' dir='ltr' id='par_1_27' title="bbox 2153 1571 3759 1648">
     <span class='ocr_line' id='line_1_27' title="bbox 2153 1571 3759 1648; baseline 0.004 -22"><span class='ocrx_word' id='word_1_195' title='bbox 2153 1572 2224 1626; x_wconf 92' lang='lat' dir='ltr'><strong>Et</strong></span> <span class='ocrx_word' id='word_1_196' title='bbox 2245 1571 2372 1644; x_wconf 88' lang='lat' dir='ltr'><strong>quia</strong></span> <span class='ocrx_word' id='word_1_197' title='bbox 2395 1571 2451 1629; x_wconf 92' lang='lat' dir='ltr'><strong>hi</strong></span> <span class='ocrx_word' id='word_1_198' title='bbox 2481 1589 2618 1646; x_wconf 91' lang='lat' dir='ltr'><strong>quos</strong></span> <span class='ocrx_word' id='word_1_199' title='bbox 2638 1583 2823 1631; x_wconf 90' lang='lat' dir='ltr'><strong>tenere</strong></span> <span class='ocrx_word' id='word_1_200' title='bbox 2845 1574 3229 1632; x_wconf 76' lang='lat' dir='ltr'><strong>haereticorum</strong></span> <span class='ocrx_word' id='word_1_201' title='bbox 3253 1576 3488 1648; x_wconf 85' lang='lat' dir='ltr'><strong>speciem</strong></span> <span class='ocrx_word' id='word_1_202' title='bbox 3505 1576 3759 1634; x_wconf 78' lang='lat' dir='ltr'><strong>diximus</strong></span> 
     </span>
    </p>
   </div>
   <div class='ocr_carea' id='block_1_28' title="bbox 2153 1662 3759 1740">
    <p class='ocr_par' dir='ltr' id='par_1_28' title="bbox 2153 1662 3759 1740">
     <span class='ocr_line' id='line_1_28' title="bbox 2153 1662 3759 1740; baseline 0.005 -25"><span class='ocrx_word' id='word_1_203' title='bbox 2153 1677 2248 1732; x_wconf 88' lang='lat' dir='ltr'><strong>per</strong></span> <span class='ocrx_word' id='word_1_204' title='bbox 2276 1662 2611 1718; x_wconf 89' lang='lat' dir='ltr'><strong>locutionem</strong></span> <span class='ocrx_word' id='word_1_205' title='bbox 2641 1680 2796 1718; x_wconf 90' lang='lat' dir='ltr'><strong>suam</strong></span> <span class='ocrx_word' id='word_1_206' title='bbox 2824 1665 3184 1721; x_wconf 84' lang='lat' dir='ltr'><strong>ostentationi</strong></span> <span class='ocrx_word' id='word_1_207' title='bbox 3232 1666 3419 1738; x_wconf 91' lang='lat' dir='ltr'><strong>potius</strong></span> <span class='ocrx_word' id='word_1_208' title='bbox 3449 1683 3614 1740; x_wconf 89' lang='lat' dir='ltr'><strong>quam</strong></span> <span class='ocrx_word' id='word_1_209' title='bbox 3645 1668 3759 1724; x_wconf 86' lang='lat' dir='ltr'><strong>uti-</strong></span> 
     </span>
    </p>
   </div>
   <div class='ocr_carea' id='block_1_29' title="bbox 2151 1751 3762 1821">
    <p class='ocr_par' dir='ltr' id='par_1_29' title="bbox 2151 1751 3762 1821">
     <span class='ocr_line' id='line_1_29' title="bbox 2151 1751 3762 1821; baseline 0.004 -15"><span class='ocrx_word' id='word_1_210' title='bbox 2151 1751 2296 1806; x_wconf 88' lang='lat' dir='ltr'><strong>litati</strong></span> <span class='ocrx_word' id='word_1_211' title='bbox 2325 1751 2658 1821; x_wconf 85' lang='lat' dir='ltr'><strong>serviebant,</strong></span> <span class='ocrx_word' id='word_1_212' title='bbox 2707 1760 2853 1810; x_wconf 90' lang='lat' dir='ltr'><strong>recte</strong></span> <span class='ocrx_word' id='word_1_213' title='bbox 2895 1753 3076 1810; x_wconf 90' lang='lat' dir='ltr'><strong>adhuc</strong></span> <span class='ocrx_word' id='word_1_214' title='bbox 3123 1763 3315 1812; x_wconf 88' lang='lat' dir='ltr'><strong>contra</strong></span> <span class='ocrx_word' id='word_1_215' title='bbox 3356 1755 3565 1813; x_wconf 90' lang='lat' dir='ltr'><strong>Baldad</strong></span> <span class='ocrx_word' id='word_1_216' title='bbox 3610 1757 3762 1814; x_wconf 88' lang='lat' dir='ltr'><strong>sub-</strong></span> 
     </span>
    </p>
   </div>
   <div class='ocr_carea' id='block_1_30' title="bbox 2149 1841 2347 1898">
    <p class='ocr_par' dir='ltr' id='par_1_30' title="bbox 2149 1841 2347 1898">
     <span class='ocr_line' id='line_1_30' title="bbox 2149 1841 2347 1898; baseline 0 0"><span class='ocrx_word' id='word_1_217' title='bbox 2149 1841 2302 1898; x_wconf 91' lang='lat' dir='ltr'><strong>ditur</strong></span> <span class='ocrx_word' id='word_1_218' title='bbox 2333 1857 2347 1898; x_wconf 90' lang='lat'><strong>:</strong></span> 
     </span>
    </p>
   </div>
   <div class='ocr_carea' id='block_1_31' title="bbox 442 1913 2032 2009">
    <p class='ocr_par' dir='ltr' id='par_1_31' title="bbox 442 1913 2032 1988">
     <span class='ocr_line' id='line_1_31' title="bbox 442 1913 2032 1988; baseline 0.001 -18"><span class='ocrx_word' id='word_1_219' title='bbox 442 1921 676 1970; x_wconf 90' lang='lat' dir='ltr'><strong>mortem</strong></span> <span class='ocrx_word' id='word_1_220' title='bbox 704 1913 940 1987; x_wconf 90' lang='lat' dir='ltr'><strong>putruit,</strong></span> <span class='ocrx_word' id='word_1_221' title='bbox 981 1930 1096 1971; x_wconf 92' lang='lat' dir='ltr'><strong>non</strong></span> <span class='ocrx_word' id='word_1_222' title='bbox 1123 1921 1309 1970; x_wconf 90' lang='lat' dir='ltr'><strong>tamen</strong></span> <span class='ocrx_word' id='word_1_223' title='bbox 1340 1930 1410 1970; x_wconf 82' lang='lat' dir='ltr'><strong>ex</strong></span> <span class='ocrx_word' id='word_1_224' title='bbox 1439 1913 1732 1986; x_wconf 89' lang='lat' dir='ltr'><strong>putredine</strong></span> <span class='ocrx_word' id='word_1_225' title='bbox 1761 1932 1857 1988; x_wconf 91' lang='lat' dir='ltr'><strong>per</strong></span> <span class='ocrx_word' id='word_1_226' title='bbox 1885 1915 2032 1971; x_wconf 89' lang='lat' dir='ltr'><strong>nati-</strong></span> 
     </span>
    </p>
   </div>
   <div class='ocr_carea' id='block_1_32' title="bbox 2154 1913 3756 2009">
    <p class='ocr_par' dir='ltr' id='par_1_32' title="bbox 2220 1934 3756 2009">
     <span class='ocr_line' id='line_1_32' title="bbox 2220 1934 3756 2009; baseline 0.005 -21"><span class='ocrx_word' id='word_1_227' title='bbox 2220 1934 2358 1988; x_wconf 81' lang='lat' dir='ltr'><strong>Inm.</strong></span> <span class='ocrx_word' id='word_1_228' title='bbox 2389 1963 2461 1974; x_wconf 96' lang='lat'><em>—</em></span> <span class='ocrx_word' id='word_1_229' title='bbox 2487 1935 2560 1990; x_wconf 86' lang='lat' dir='ltr'><strong>Et</strong></span> <span class='ocrx_word' id='word_1_230' title='bbox 2583 1934 2927 2006; x_wconf 86' lang='lat' dir='ltr'><strong>prudentiam</strong></span> <span class='ocrx_word' id='word_1_231' title='bbox 2957 1941 3101 1992; x_wconf 88' lang='lat' dir='ltr'><strong>tuam</strong></span> <span class='ocrx_word' id='word_1_232' title='bbox 3143 1935 3414 1992; x_wconf 82' lang='lat' dir='ltr'><strong>ostendisti</strong></span> <span class='ocrx_word' id='word_1_233' title='bbox 3436 1937 3756 2009; x_wconf 86' lang='lat' dir='ltr'><strong>plurimam.</strong></span> 
     </span>
    </p>
   </div>
   <div class='ocr_carea' id='block_1_33' title="bbox 439 2003 2040 2073">
    <p class='ocr_par' dir='ltr' id='par_1_33' title="bbox 439 2003 2040 2073">
     <span class='ocr_line' id='line_1_33' title="bbox 439 2003 2040 2073; baseline 0.004 -17"><span class='ocrx_word' id='word_1_234' title='bbox 439 2003 668 2060; x_wconf 88' lang='lat' dir='ltr'><strong>vitatem</strong></span> <span class='ocrx_word' id='word_1_235' title='bbox 698 2003 871 2060; x_wconf 88' lang='lat' dir='ltr'><strong>venit.</strong></span> <span class='ocrx_word' id='word_1_236' title='bbox 895 2003 1004 2072; x_wconf 88' lang='lat' dir='ltr'><strong>Qui</strong></span> <span class='ocrx_word' id='word_1_237' title='bbox 1032 2011 1216 2060; x_wconf 89' lang='lat' dir='ltr'><strong>autem</strong></span> <span class='ocrx_word' id='word_1_238' title='bbox 1244 2003 1492 2060; x_wconf 89' lang='lat' dir='ltr'><strong>hominis</strong></span> <span class='ocrx_word' id='word_1_239' title='bbox 1520 2011 1603 2059; x_wconf 87' lang='lat' dir='ltr'><strong>est</strong></span> <span class='ocrx_word' id='word_1_240' title='bbox 1631 2003 1801 2073; x_wconf 91' lang='lat' dir='ltr'><strong>ﬁlius,</strong></span> <span class='ocrx_word' id='word_1_241' title='bbox 1835 2005 2040 2062; x_wconf 87' lang='lat' dir='ltr'><strong>vermis</strong></span> 
     </span>
    </p>
   </div>
   <div class='ocr_carea' id='block_1_34' title="bbox 437 2092 2046 2168">
    <p class='ocr_par' dir='ltr' id='par_1_34' title="bbox 437 2092 2046 2168">
     <span class='ocr_line' id='line_1_34' title="bbox 437 2092 2046 2168; baseline 0 -18"><span class='ocrx_word' id='word_1_242' title='bbox 437 2092 665 2162; x_wconf 89' lang='lat' dir='ltr'><strong>dicitur,</strong></span> <span class='ocrx_word' id='word_1_243' title='bbox 697 2093 826 2168; x_wconf 90' lang='lat' dir='ltr'><strong>quia</strong></span> <span class='ocrx_word' id='word_1_244' title='bbox 846 2092 965 2166; x_wconf 88' lang='lat' dir='ltr'><strong>jam</strong></span> <span class='ocrx_word' id='word_1_245' title='bbox 995 2109 1065 2150; x_wconf 86' lang='lat' dir='ltr'><strong>ex</strong></span> <span class='ocrx_word' id='word_1_246' title='bbox 1111 2093 1430 2160; x_wconf 86' lang='lat' dir='ltr'><strong>mortalium</strong></span> <span class='ocrx_word' id='word_1_247' title='bbox 1478 2110 1776 2167; x_wconf 88' lang='lat' dir='ltr'><strong>corporum</strong></span> <span class='ocrx_word' id='word_1_248' title='bbox 1803 2112 2046 2168; x_wconf 88' lang='lat' dir='ltr'><strong>corrup—</strong></span> 
     </span>
    </p>
   </div>
   <div class='ocr_carea' id='block_1_35' title="bbox 435 2181 966 2258">
    <p class='ocr_par' dir='ltr' id='par_1_35' title="bbox 435 2181 966 2258">
     <span class='ocr_line' id='line_1_35' title="bbox 435 2181 966 2258; baseline 0.004 -19"><span class='ocrx_word' id='word_1_249' title='bbox 435 2181 588 2240; x_wconf 87' lang='lat' dir='ltr'><strong>tione</strong></span> <span class='ocrx_word' id='word_1_250' title='bbox 615 2192 966 2258; x_wconf 80' lang='lat' dir='ltr'><strong>propagatur.</strong></span> 
     </span>
    </p>
   </div>
   <div class='ocr_carea' id='block_1_36' title="bbox 508 2271 2045 2347">
    <p class='ocr_par' dir='ltr' id='par_1_36' title="bbox 508 2271 2045 2347">
     <span class='ocr_line' id='line_1_36' title="bbox 508 2271 2045 2347; baseline 0.003 -19"><span class='ocrx_word' id='word_1_251' title='bbox 508 2272 598 2329; x_wconf 81' lang='lat'><strong>25.</strong></span> <span class='ocrx_word' id='word_1_252' title='bbox 623 2272 796 2344; x_wconf 80' lang='lat' dir='ltr'><strong>Igitur</strong></span> <span class='ocrx_word' id='word_1_253' title='bbox 823 2273 954 2347; x_wconf 89' lang='lat' dir='ltr'><strong>quia</strong></span> <span class='ocrx_word' id='word_1_254' title='bbox 981 2272 1285 2330; x_wconf 89' lang='lat' dir='ltr'><strong>amicorum</strong></span> <span class='ocrx_word' id='word_1_255' title='bbox 1307 2271 1476 2330; x_wconf 90' lang='lat' dir='ltr'><strong>verba</strong></span> <span class='ocrx_word' id='word_1_256' title='bbox 1493 2273 1654 2331; x_wconf 88' lang='lat' dir='ltr'><strong>ﬁnita</strong></span> <span class='ocrx_word' id='word_1_257' title='bbox 1681 2283 1832 2345; x_wconf 91' lang='lat' dir='ltr'><strong>sunt,</strong></span> <span class='ocrx_word' id='word_1_258' title='bbox 1853 2276 2045 2332; x_wconf 88' lang='lat' dir='ltr'><strong>beatus</strong></span> 
     </span>
    </p>
   </div>
   <div class='ocr_carea' id='block_1_37' title="bbox 435 2359 2042 2438">
    <p class='ocr_par' dir='ltr' id='par_1_37' title="bbox 435 2359 2042 2438">
     <span class='ocr_line' id='line_1_37' title="bbox 435 2359 2042 2438; baseline 0.003 -22"><span class='ocrx_word' id='word_1_259' title='bbox 435 2359 538 2416; x_wconf 86' lang='lat' dir='ltr'><strong>Joh</strong></span> <span class='ocrx_word' id='word_1_260' title='bbox 567 2360 754 2418; x_wconf 92' lang='lat' dir='ltr'><strong>altiori</strong></span> <span class='ocrx_word' id='word_1_261' title='bbox 781 2363 1036 2418; x_wconf 88' lang='lat' dir='ltr'><strong>acumine</strong></span> <span class='ocrx_word' id='word_1_262' title='bbox 1065 2363 1472 2436; x_wconf 89' lang='lat' dir='ltr'><strong>prosecutionis</strong></span> <span class='ocrx_word' id='word_1_263' title='bbox 1501 2365 1786 2434; x_wconf 88' lang='lat' dir='ltr'><strong>innititur,</strong></span> <span class='ocrx_word' id='word_1_264' title='bbox 1817 2364 2042 2438; x_wconf 86' lang='lat' dir='ltr'><strong>ejusque</strong></span> 
     </span>
    </p>
   </div>
   <div class='ocr_carea' id='block_1_38' title="bbox 437 2447 2043 2528">
    <p class='ocr_par' dir='ltr' id='par_1_38' title="bbox 437 2447 2043 2528">
     <span class='ocr_line' id='line_1_38' title="bbox 437 2447 2043 2528; baseline 0.005 -24"><span class='ocrx_word' id='word_1_265' title='bbox 437 2447 584 2505; x_wconf 87' lang='lat' dir='ltr'><strong>dicta</strong></span> <span class='ocrx_word' id='word_1_266' title='bbox 613 2457 726 2506; x_wconf 86' lang='lat' dir='ltr'><strong>tam</strong></span> <span class='ocrx_word' id='word_1_267' title='bbox 773 2458 904 2506; x_wconf 90' lang='lat' dir='ltr'><strong>sunt</strong></span> <span class='ocrx_word' id='word_1_268' title='bbox 931 2451 1137 2520; x_wconf 83' lang='lat' dir='ltr'><strong>valida,</strong></span> <span class='ocrx_word' id='word_1_269' title='bbox 1183 2467 1348 2524; x_wconf 91' lang='lat' dir='ltr'><strong>quam</strong></span> <span class='ocrx_word' id='word_1_270' title='bbox 1397 2460 1664 2524; x_wconf 82' lang='lat' dir='ltr'><strong>extrema,</strong></span> <span class='ocrx_word' id='word_1_271' title='bbox 1702 2455 1832 2528; x_wconf 89' lang='lat' dir='ltr'><strong>quia</strong></span> <span class='ocrx_word' id='word_1_272' title='bbox 1880 2463 1933 2510; x_wconf 86' lang='lat' dir='ltr'><strong>et</strong></span> <span class='ocrx_word' id='word_1_273' title='bbox 1962 2455 2043 2512; x_wconf 89' lang='lat' dir='ltr'><strong>sic</strong></span> 
     </span>
    </p>
   </div>
   <div class='ocr_carea' id='block_1_39' title="bbox 435 2538 2039 2616">
    <p class='ocr_par' dir='ltr' id='par_1_39' title="bbox 435 2538 2039 2616">
     <span class='ocr_line' id='line_1_39' title="bbox 435 2538 2039 2616; baseline 0.005 -24"><span class='ocrx_word' id='word_1_274' title='bbox 435 2553 568 2593; x_wconf 89' lang='lat' dir='ltr'><strong>usus</strong></span> <span class='ocrx_word' id='word_1_275' title='bbox 620 2554 736 2614; x_wconf 85' lang='lat' dir='ltr'><strong>esse</strong></span> <span class='ocrx_word' id='word_1_276' title='bbox 781 2539 802 2574; x_wconf 81' lang='grc'><em>³</em></span> <span class='ocrx_word' id='word_1_277' title='bbox 843 2538 1291 2612; x_wconf 89' lang='lat' dir='ltr'><strong>jurisperitorum</strong></span> <span class='ocrx_word' id='word_1_278' title='bbox 1337 2542 1495 2611; x_wconf 88' lang='lat' dir='ltr'><strong>solet,</strong></span> <span class='ocrx_word' id='word_1_279' title='bbox 1526 2551 1588 2600; x_wconf 90' lang='lat' dir='ltr'><strong>ut</strong></span> <span class='ocrx_word' id='word_1_280' title='bbox 1629 2552 2039 2616; x_wconf 88' lang='lat' dir='ltr'><strong>argumentum,</strong></span> 
     </span>
    </p>
   </div>
   <div class='ocr_carea' id='block_1_40' title="bbox 436 2625 2040 2706">
    <p class='ocr_par' dir='ltr' id='par_1_40' title="bbox 436 2625 2040 2706">
     <span class='ocr_line' id='line_1_40' title="bbox 436 2625 2040 2706; baseline 0.006 -25"><span class='ocrx_word' id='word_1_281' title='bbox 436 2641 546 2699; x_wconf 89' lang='lat' dir='ltr'><strong>quo</strong></span> <span class='ocrx_word' id='word_1_282' title='bbox 573 2625 900 2683; x_wconf 89' lang='lat' dir='ltr'><strong>adversariis</strong></span> <span class='ocrx_word' id='word_1_283' title='bbox 927 2628 1042 2684; x_wconf 88' lang='lat' dir='ltr'><strong>suis</strong></span> <span class='ocrx_word' id='word_1_284' title='bbox 1078 2627 1319 2685; x_wconf 90' lang='lat' dir='ltr'><strong>eminere</strong></span> <span class='ocrx_word' id='word_1_285' title='bbox 1347 2646 1405 2685; x_wconf 91' lang='lat' dir='ltr'><strong>se</strong></span> <span class='ocrx_word' id='word_1_286' title='bbox 1453 2631 1782 2704; x_wconf 77' lang='lat' dir='ltr'><strong>praevident,</strong></span> <span class='ocrx_word' id='word_1_287' title='bbox 1819 2633 1888 2690; x_wconf 88' lang='lat' dir='ltr'><strong>ad</strong></span> <span class='ocrx_word' id='word_1_288' title='bbox 1919 2650 2040 2706; x_wconf 85' lang='lat' dir='ltr'><strong>pro-</strong></span> 
     </span>
    </p>
   </div>
   <div class='ocr_carea' id='block_1_41' title="bbox 435 2713 1784 2794">
    <p class='ocr_par' dir='ltr' id='par_1_41' title="bbox 435 2713 1784 2794">
     <span class='ocr_line' id='line_1_41' title="bbox 435 2713 1784 2794; baseline 0.005 -24"><span class='ocrx_word' id='word_1_289' title='bbox 435 2713 738 2771; x_wconf 87' lang='lat' dir='ltr'><strong>secutionis</strong></span> <span class='ocrx_word' id='word_1_290' title='bbox 766 2715 1179 2774; x_wconf 89' lang='lat' dir='ltr'><strong>conclusionem</strong></span> <span class='ocrx_word' id='word_1_291' title='bbox 1207 2725 1448 2774; x_wconf 88' lang='lat' dir='ltr'><strong>servent.</strong></span> <span class='ocrx_word' id='word_1_292' title='bbox 1479 2719 1740 2794; x_wconf 87' lang='lat' dir='ltr'><strong>Sequitur</strong></span> <span class='ocrx_word' id='word_1_293' title='bbox 1772 2740 1784 2778; x_wconf 91' lang='lat'><strong>:</strong></span> 
     </span>
    </p>
   </div>
   <div class='ocr_carea' id='block_1_42' title="bbox 713 2839 1742 2919">
    <p class='ocr_par' dir='ltr' id='par_1_42' title="bbox 713 2839 1742 2919">
     <span class='ocr_line' id='line_1_42' title="bbox 713 2839 1742 2919; baseline 0.002 -21"><span class='ocrx_word' id='word_1_294' title='bbox 713 2839 942 2898; x_wconf 84' lang='lat' dir='ltr'><strong>CAPUT</strong></span> <span class='ocrx_word' id='word_1_295' title='bbox 971 2840 1155 2898; x_wconf 82' lang='lat' dir='ltr'>XVIII</span> <span class='ocrx_word' id='word_1_296' title='bbox 1187 2840 1326 2914; x_wconf 82' lang='lat' dir='ltr'><strong>[Vet.</strong></span> <span class='ocrx_word' id='word_1_297' title='bbox 1361 2842 1431 2908; x_wconf 84' lang='lat' dir='ltr'>X,</span> <span class='ocrx_word' id='word_1_298' title='bbox 1462 2844 1581 2900; x_wconf 81' lang='lat' dir='ltr'><strong>Rec.</strong></span> <span class='ocrx_word' id='word_1_299' title='bbox 1613 2844 1742 2919; x_wconf 81' lang='lat' dir='ltr'>XI].</span> 
     </span>
    </p>
   </div>
   <div class='ocr_carea' id='block_1_43' title="bbox 445 2928 2035 3018">
    <p class='ocr_par' dir='ltr' id='par_1_43' title="bbox 445 2928 2035 3018">
     <span class='ocr_line' id='line_1_43' title="bbox 445 2928 2035 3018; baseline 0.002 -23"><span class='ocrx_word' id='word_1_300' title='bbox 445 2928 450 2932; x_wconf 62' lang='grc'><em>’</em></span> <span class='ocrx_word' id='word_1_301' title='bbox 505 2937 642 2995; x_wconf 78' lang='lat' dir='ltr'><strong>CAP.</strong></span> <span class='ocrx_word' id='word_1_302' title='bbox 683 2955 844 3008; x_wconf 71' lang='lat' dir='ltr'><strong>xxvr,</strong></span> <span class='ocrx_word' id='word_1_303' title='bbox 881 2936 1112 3010; x_wconf 71' lang='lat' dir='ltr'><strong>VsnsJ,</strong></span> <span class='ocrx_word' id='word_1_304' title='bbox 1145 2941 1196 2996; x_wconf 80' lang='lat'><strong>2.</strong></span> <span class='ocrx_word' id='word_1_305' title='bbox 1230 2971 1300 2982; x_wconf 97' lang='lat'><strong>—</strong></span> <span class='ocrx_word' id='word_1_306' title='bbox 1329 2937 1474 2996; x_wconf 80' lang='lat'><strong>545</strong></span> <span class='ocrx_word' id='word_1_307' title='bbox 1503 2943 1836 3018; x_wconf 83' lang='lat' dir='ltr'><strong>Respondens</strong></span> <span class='ocrx_word' id='word_1_308' title='bbox 1863 2951 2035 3000; x_wconf 83' lang='lat' dir='ltr'><strong>autem</strong></span> 
     </span>
    </p>
   </div>
   <div class='ocr_carea' id='block_1_44' title="bbox 429 3033 2036 3107">
    <p class='ocr_par' dir='ltr' id='par_1_44' title="bbox 429 3033 2036 3107">
     <span class='ocr_line' id='line_1_44' title="bbox 429 3033 2036 3107; baseline 0 -17"><span class='ocrx_word' id='word_1_309' title='bbox 429 3035 548 3102; x_wconf 86' lang='lat' dir='ltr'><strong>Job,</strong></span> <span class='ocrx_word' id='word_1_310' title='bbox 579 3035 723 3091; x_wconf 67' lang='lat' dir='ltr'><strong>dixit</strong></span> <span class='ocrx_word' id='word_1_311' title='bbox 753 3053 766 3092; x_wconf 91' lang='lat'><em>:</em></span> <span class='ocrx_word' id='word_1_312' title='bbox 805 3035 977 3107; x_wconf 81' lang='lat' dir='ltr'><strong>Cujus</strong></span> <span class='ocrx_word' id='word_1_313' title='bbox 1003 3035 1227 3105; x_wconf 84' lang='lat' dir='ltr'><strong>adjutor</strong></span> <span class='ocrx_word' id='word_1_314' title='bbox 1253 3037 1350 3092; x_wconf 80' lang='lat' dir='ltr'><strong>es?</strong></span> <span class='ocrx_word' id='word_1_315' title='bbox 1392 3038 1412 3071; x_wconf 83' lang='grc'><strong>³</strong></span> <span class='ocrx_word' id='word_1_316' title='bbox 1442 3034 1689 3106; x_wconf 86' lang='lat' dir='ltr'><strong>nunquid</strong></span> <span class='ocrx_word' id='word_1_317' title='bbox 1707 3033 1989 3089; x_wconf 75' lang='lat' dir='ltr'><strong>imbecillis</strong></span> <span class='ocrx_word' id='word_1_318' title='bbox 2007 3037 2036 3090; x_wconf 65' lang='grc' dir='ltr'><em>ἵ</em></span> 
     </span>
    </p>
   </div>
   <div class='ocr_carea' id='block_1_45' title="bbox 428 3121 1824 3194">
    <p class='ocr_par' dir='ltr' id='par_1_45' title="bbox 428 3121 1824 3194">
     <span class='ocr_line' id='line_1_45' title="bbox 428 3121 1824 3194; baseline -0.001 -17"><span class='ocrx_word' id='word_1_319' title='bbox 428 3129 476 3178; x_wconf 89' lang='lat' dir='ltr'><strong>et</strong></span> <span class='ocrx_word' id='word_1_320' title='bbox 501 3131 760 3180; x_wconf 85' lang='lat' dir='ltr'><strong>sustentas</strong></span> <span class='ocrx_word' id='word_1_321' title='bbox 789 3125 1063 3180; x_wconf 80' lang='lat' dir='ltr'><strong>brachium</strong></span> <span class='ocrx_word' id='word_1_322' title='bbox 1091 3124 1228 3192; x_wconf 84' lang='lat' dir='ltr'><strong>ejus,</strong></span> <span class='ocrx_word' id='word_1_323' title='bbox 1257 3124 1351 3194; x_wconf 87' lang='lat' dir='ltr'><strong>qui</strong></span> <span class='ocrx_word' id='word_1_324' title='bbox 1376 3139 1484 3177; x_wconf 89' lang='lat' dir='ltr'><strong>non</strong></span> <span class='ocrx_word' id='word_1_325' title='bbox 1512 3128 1588 3176; x_wconf 87' lang='lat' dir='ltr'><strong>est</strong></span> <span class='ocrx_word' id='word_1_326' title='bbox 1615 3121 1778 3190; x_wconf 85' lang='lat' dir='ltr'><strong>fortis</strong></span> <span class='ocrx_word' id='word_1_327' title='bbox 1796 3123 1824 3176; x_wconf 77' lang='lat'><em>?</em></span> 
     </span>
    </p>
   </div>
   <div class='ocr_carea' id='block_1_46' title="bbox 499 3208 2034 3280">
    <p class='ocr_par' dir='ltr' id='par_1_46' title="bbox 499 3208 2034 3280">
     <span class='ocr_line' id='line_1_46' title="bbox 499 3208 2034 3280; baseline -0.005 -13"><span class='ocrx_word' id='word_1_328' title='bbox 499 3213 588 3268; x_wconf 83' lang='lat'><strong>26.</strong></span> <span class='ocrx_word' id='word_1_329' title='bbox 620 3211 935 3267; x_wconf 84' lang='lat' dir='ltr'><strong>Imbecillem</strong></span> <span class='ocrx_word' id='word_1_330' title='bbox 960 3210 1226 3280; x_wconf 80' lang='lat' dir='ltr'><strong>adjuvare</strong></span> <span class='ocrx_word' id='word_1_331' title='bbox 1242 3211 1394 3276; x_wconf 83' lang='lat' dir='ltr'><strong>velle,</strong></span> <span class='ocrx_word' id='word_1_332' title='bbox 1411 3208 1730 3272; x_wconf 83' lang='lat' dir='ltr'><strong>charitatis;</strong></span> <span class='ocrx_word' id='word_1_333' title='bbox 1751 3211 2034 3277; x_wconf 84' lang='lat' dir='ltr'><strong>potentem,</strong></span> 
     </span>
    </p>
   </div>
   <div class='ocr_carea' id='block_1_47' title="bbox 2227 2020 3758 2098">
    <p class='ocr_par' dir='ltr' id='par_1_47' title="bbox 2227 2020 3758 2098">
     <span class='ocr_line' id='line_1_47' title="bbox 2227 2020 3758 2098; baseline 0.003 -20"><span class='ocrx_word' id='word_1_334' title='bbox 2227 2020 2421 2079; x_wconf 90' lang='lat' dir='ltr'><strong>Omnis</strong></span> <span class='ocrx_word' id='word_1_335' title='bbox 2449 2022 2539 2079; x_wconf 91' lang='lat' dir='ltr'><strong>cui</strong></span> <span class='ocrx_word' id='word_1_336' title='bbox 2569 2023 2860 2095; x_wconf 90' lang='lat' dir='ltr'><strong>prudentia</strong></span> <span class='ocrx_word' id='word_1_337' title='bbox 2890 2033 3038 2082; x_wconf 89' lang='lat' dir='ltr'><strong>recta</strong></span> <span class='ocrx_word' id='word_1_338' title='bbox 3065 2033 3168 2094; x_wconf 89' lang='lat' dir='ltr'><strong>est,</strong></span> <span class='ocrx_word' id='word_1_339' title='bbox 3214 2026 3455 2098; x_wconf 89' lang='lat' dir='ltr'><strong>plurima</strong></span> <span class='ocrx_word' id='word_1_340' title='bbox 3496 2043 3607 2084; x_wconf 91' lang='lat' dir='ltr'><strong>non</strong></span> <span class='ocrx_word' id='word_1_341' title='bbox 3649 2037 3758 2096; x_wconf 90' lang='lat' dir='ltr'><strong>est,</strong></span> 
     </span>
    </p>
   </div>
   <div class='ocr_carea' id='block_1_48' title="bbox 2155 2110 3760 2190">
    <p class='ocr_par' dir='ltr' id='par_1_48' title="bbox 2155 2110 3760 2190">
     <span class='ocr_line' id='line_1_48' title="bbox 2155 2110 3760 2190; baseline 0.004 -24"><span class='ocrx_word' id='word_1_342' title='bbox 2155 2110 2304 2182; x_wconf 88' lang='lat' dir='ltr'><strong>quia,</strong></span> <span class='ocrx_word' id='word_1_343' title='bbox 2345 2111 2509 2184; x_wconf 80' lang='lat' dir='ltr'><strong>juxta</strong></span> <span class='ocrx_word' id='word_1_344' title='bbox 2545 2112 2702 2169; x_wconf 87' lang='lat' dir='ltr'><strong>Pauli</strong></span> <span class='ocrx_word' id='word_1_345' title='bbox 2739 2130 2951 2184; x_wconf 90' lang='lat' dir='ltr'><strong>vocem,</strong></span> <span class='ocrx_word' id='word_1_346' title='bbox 2995 2131 3107 2172; x_wconf 92' lang='lat' dir='ltr'><strong>non</strong></span> <span class='ocrx_word' id='word_1_347' title='bbox 3155 2117 3278 2188; x_wconf 89' lang='lat' dir='ltr'><strong>plus</strong></span> <span class='ocrx_word' id='word_1_348' title='bbox 3323 2116 3532 2189; x_wconf 87' lang='lat' dir='ltr'><strong>appetit</strong></span> <span class='ocrx_word' id='word_1_349' title='bbox 3568 2133 3760 2190; x_wconf 87' lang='lat' dir='ltr'><strong>sapere</strong></span> 
     </span>
    </p>
   </div>
   <div class='ocr_carea' id='block_1_49' title="bbox 2154 2203 3760 2278">
    <p class='ocr_par' dir='ltr' id='par_1_49' title="bbox 2154 2203 3760 2278">
     <span class='ocr_line' id='line_1_49' title="bbox 2154 2203 3760 2278; baseline 0.004 -22"><span class='ocrx_word' id='word_1_350' title='bbox 2154 2217 2316 2274; x_wconf 87' lang='lat' dir='ltr'><strong>quam</strong></span> <span class='ocrx_word' id='word_1_351' title='bbox 2348 2210 2562 2274; x_wconf 85' lang='lat' dir='ltr'><strong>oportet</strong></span> <span class='ocrx_word' id='word_1_352' title='bbox 2590 2219 2778 2274; x_wconf 89' lang='lat' dir='ltr'><strong>sapere</strong></span> <span class='ocrx_word' id='word_1_353' title='bbox 2809 2203 2984 2275; x_wconf 84' lang='lat' dir='ltr'><strong>(Rom.</strong></span> <span class='ocrx_word' id='word_1_354' title='bbox 3017 2221 3120 2272; x_wconf 83' lang='lat' dir='ltr'><strong>xu,</strong></span> <span class='ocrx_word' id='word_1_355' title='bbox 3153 2205 3232 2277; x_wconf 93' lang='lat'><strong>3).</strong></span> <span class='ocrx_word' id='word_1_356' title='bbox 3266 2203 3367 2262; x_wconf 90' lang='lat' dir='ltr'><strong>Cui</strong></span> <span class='ocrx_word' id='word_1_357' title='bbox 3390 2221 3521 2262; x_wconf 90' lang='lat' dir='ltr'><strong>vero</strong></span> <span class='ocrx_word' id='word_1_358' title='bbox 3537 2213 3618 2262; x_wconf 90' lang='lat' dir='ltr'><strong>est</strong></span> <span class='ocrx_word' id='word_1_359' title='bbox 3635 2207 3760 2278; x_wconf 85' lang='lat' dir='ltr'><strong>plu-</strong></span> 
     </span>
    </p>
   </div>
   <div class='ocr_carea' id='block_1_50' title="bbox 2152 2290 3761 2366">
    <p class='ocr_par' dir='ltr' id='par_1_50' title="bbox 2152 2290 3761 2366">
     <span class='ocr_line' id='line_1_50' title="bbox 2152 2290 3761 2366; baseline 0.004 -21"><span class='ocrx_word' id='word_1_360' title='bbox 2152 2290 2314 2358; x_wconf 89' lang='lat' dir='ltr'><strong>rima,</strong></span> <span class='ocrx_word' id='word_1_361' title='bbox 2345 2306 2456 2346; x_wconf 91' lang='lat' dir='ltr'><strong>non</strong></span> <span class='ocrx_word' id='word_1_362' title='bbox 2486 2300 2568 2348; x_wconf 86' lang='lat' dir='ltr'><strong>est</strong></span> <span class='ocrx_word' id='word_1_363' title='bbox 2586 2301 2755 2361; x_wconf 85' lang='lat' dir='ltr'><strong>recta,</strong></span> <span class='ocrx_word' id='word_1_364' title='bbox 2786 2293 2915 2366; x_wconf 89' lang='lat' dir='ltr'><strong>quia</strong></span> <span class='ocrx_word' id='word_1_365' title='bbox 2943 2292 3075 2349; x_wconf 90' lang='lat' dir='ltr'><strong>dum</strong></span> <span class='ocrx_word' id='word_1_366' title='bbox 3117 2294 3262 2350; x_wconf 89' lang='lat' dir='ltr'><strong>ultra</strong></span> <span class='ocrx_word' id='word_1_367' title='bbox 3304 2295 3531 2352; x_wconf 91' lang='lat' dir='ltr'><strong>modum</strong></span> <span class='ocrx_word' id='word_1_368' title='bbox 3561 2295 3761 2352; x_wconf 89' lang='lat' dir='ltr'><strong>tendi—</strong></span> 
     </span>
    </p>
   </div>
   <div class='ocr_carea' id='block_1_51' title="bbox 2152 2381 3758 2453">
    <p class='ocr_par' dir='ltr' id='par_1_51' title="bbox 2152 2381 3758 2453">
     <span class='ocr_line' id='line_1_51' title="bbox 2152 2381 3758 2453; baseline 0.004 -19"><span class='ocrx_word' id='word_1_369' title='bbox 2152 2387 2263 2448; x_wconf 89' lang='lat' dir='ltr'><strong>tur,</strong></span> <span class='ocrx_word' id='word_1_370' title='bbox 2293 2381 2352 2436; x_wconf 91' lang='lat' dir='ltr'><strong>in</strong></span> <span class='ocrx_word' id='word_1_371' title='bbox 2381 2381 2628 2453; x_wconf 89' lang='lat' dir='ltr'><strong>quolibet</strong></span> <span class='ocrx_word' id='word_1_372' title='bbox 2647 2383 2814 2438; x_wconf 86' lang='lat' dir='ltr'><strong>latere</strong></span> <span class='ocrx_word' id='word_1_373' title='bbox 2839 2381 3015 2453; x_wconf 83' lang='lat' dir='ltr'><strong>culpae</strong></span> <span class='ocrx_word' id='word_1_374' title='bbox 3034 2383 3362 2441; x_wconf 89' lang='lat' dir='ltr'><strong>declinatur.</strong></span> <span class='ocrx_word' id='word_1_375' title='bbox 3393 2384 3758 2440; x_wconf 88' lang='lat' dir='ltr'><strong>Prudentiam</strong></span> 
     </span>
    </p>
   </div>
   <div class='ocr_carea' id='block_1_52' title="bbox 2153 2471 3760 2546">
    <p class='ocr_par' dir='ltr' id='par_1_52' title="bbox 2153 2471 3760 2546">
     <span class='ocr_line' id='line_1_52' title="bbox 2153 2471 3760 2546; baseline 0.003 -21"><span class='ocrx_word' id='word_1_376' title='bbox 2153 2487 2282 2526; x_wconf 85' lang='lat' dir='ltr'><strong>vero</strong></span> <span class='ocrx_word' id='word_1_377' title='bbox 2311 2487 2465 2526; x_wconf 90' lang='lat' dir='ltr'><strong>suam</strong></span> <span class='ocrx_word' id='word_1_378' title='bbox 2494 2471 2789 2542; x_wconf 89' lang='lat' dir='ltr'><strong>plurimam</strong></span> <span class='ocrx_word' id='word_1_379' title='bbox 2821 2471 3117 2528; x_wconf 90' lang='lat' dir='ltr'><strong>ostendunt</strong></span> <span class='ocrx_word' id='word_1_380' title='bbox 3156 2473 3253 2545; x_wconf 90' lang='lat' dir='ltr'><strong>qui</strong></span> <span class='ocrx_word' id='word_1_381' title='bbox 3280 2473 3458 2529; x_wconf 88' lang='lat' dir='ltr'><strong>videri</strong></span> <span class='ocrx_word' id='word_1_382' title='bbox 3488 2491 3599 2546; x_wconf 67' lang='lat' dir='ltr'><strong>prae</strong></span> <span class='ocrx_word' id='word_1_383' title='bbox 3628 2474 3760 2530; x_wconf 90' lang='lat' dir='ltr'><strong>aliis</strong></span> 
     </span>
    </p>
   </div>
   <div class='ocr_carea' id='block_1_53' title="bbox 2151 2559 3758 2636">
    <p class='ocr_par' dir='ltr' id='par_1_53' title="bbox 2151 2559 3758 2636">
     <span class='ocr_line' id='line_1_53' title="bbox 2151 2559 3758 2636; baseline 0.004 -22"><span class='ocrx_word' id='word_1_384' title='bbox 2151 2559 2534 2632; x_wconf 87' lang='lat' dir='ltr'><strong>prudentiores</strong></span> <span class='ocrx_word' id='word_1_385' title='bbox 2561 2569 2845 2634; x_wconf 91' lang='lat' dir='ltr'><strong>appetunt.</strong></span> <span class='ocrx_word' id='word_1_386' title='bbox 2878 2561 3032 2618; x_wconf 91' lang='lat' dir='ltr'><strong>Unde</strong></span> <span class='ocrx_word' id='word_1_387' title='bbox 3074 2561 3138 2617; x_wconf 92' lang='lat' dir='ltr'><strong>ﬁt</strong></span> <span class='ocrx_word' id='word_1_388' title='bbox 3183 2564 3506 2636; x_wconf 88' lang='lat' dir='ltr'><strong>plerumque</strong></span> <span class='ocrx_word' id='word_1_389' title='bbox 3533 2571 3596 2620; x_wconf 89' lang='lat' dir='ltr'><strong>ut</strong></span> <span class='ocrx_word' id='word_1_390' title='bbox 3622 2581 3758 2621; x_wconf 90' lang='lat' dir='ltr'><strong>cum</strong></span> 
     </span>
    </p>
   </div>
   <div class='ocr_carea' id='block_1_54' title="bbox 2150 2648 3754 2725">
    <p class='ocr_par' dir='ltr' id='par_1_54' title="bbox 2150 2648 3754 2725">
     <span class='ocr_line' id='line_1_54' title="bbox 2150 2648 3754 2725; baseline 0.004 -21"><span class='ocrx_word' id='word_1_391' title='bbox 2150 2648 2430 2704; x_wconf 88' lang='lat' dir='ltr'><strong>moderate</strong></span> <span class='ocrx_word' id='word_1_392' title='bbox 2468 2667 2655 2723; x_wconf 87' lang='lat' dir='ltr'><strong>sapere</strong></span> <span class='ocrx_word' id='word_1_393' title='bbox 2695 2650 2972 2719; x_wconf 90' lang='lat' dir='ltr'><strong>nesciunt,</strong></span> <span class='ocrx_word' id='word_1_394' title='bbox 3019 2651 3188 2708; x_wconf 90' lang='lat' dir='ltr'><strong>etiam</strong></span> <span class='ocrx_word' id='word_1_395' title='bbox 3236 2651 3390 2708; x_wconf 86' lang='lat' dir='ltr'><strong>fatua</strong></span> <span class='ocrx_word' id='word_1_396' title='bbox 3427 2653 3754 2725; x_wconf 88' lang='lat' dir='ltr'><strong>loquantur.</strong></span> 
     </span>
    </p>
   </div>
   <div class='ocr_carea' id='block_1_55' title="bbox 2147 2739 3836 2814">
    <p class='ocr_par' dir='ltr' id='par_1_55' title="bbox 2147 2739 3836 2814">
     <span class='ocr_line' id='line_1_55' title="bbox 2147 2739 3836 2814; baseline 0 -19"><span class='ocrx_word' id='word_1_397' title='bbox 2147 2740 2254 2795; x_wconf 91' lang='lat' dir='ltr'><strong>Pro</strong></span> <span class='ocrx_word' id='word_1_398' title='bbox 2283 2755 2390 2812; x_wconf 89' lang='lat' dir='ltr'><strong>qua</strong></span> <span class='ocrx_word' id='word_1_399' title='bbox 2417 2756 2474 2795; x_wconf 92' lang='lat' dir='ltr'><strong>re</strong></span> <span class='ocrx_word' id='word_1_400' title='bbox 2505 2740 2620 2812; x_wconf 90' lang='lat' dir='ltr'><strong>ipse</strong></span> <span class='ocrx_word' id='word_1_401' title='bbox 2647 2739 2830 2797; x_wconf 89' lang='lat' dir='ltr'><strong>adhuc</strong></span> <span class='ocrx_word' id='word_1_402' title='bbox 2857 2756 3114 2798; x_wconf 85' lang='lat' dir='ltr'><strong>excessus</strong></span> <span class='ocrx_word' id='word_1_403' title='bbox 3129 2739 3437 2814; x_wconf 64' lang='lat' dir='ltr'><strong>prudentiae</strong></span> <span class='ocrx_word' id='word_1_404' title='bbox 3463 2739 3755 2814; x_wconf 86' lang='lat' dir='ltr'><strong>subjungi-</strong></span> <span class='ocrx_word' id='word_1_405' title='bbox 3831 2741 3836 2752; x_wconf 94' lang='lat'>&#39;</span> 
     </span>
    </p>
   </div>
   <div class='ocr_carea' id='block_1_56' title="bbox 2148 2828 2645 2900">
    <p class='ocr_par' dir='ltr' id='par_1_56' title="bbox 2148 2828 2645 2900">
     <span class='ocr_line' id='line_1_56' title="bbox 2148 2828 2645 2900; baseline 0 -15"><span class='ocrx_word' id='word_1_406' title='bbox 2148 2837 2260 2900; x_wconf 88' lang='lat' dir='ltr'><strong>tur,</strong></span> <span class='ocrx_word' id='word_1_407' title='bbox 2291 2837 2354 2886; x_wconf 89' lang='lat' dir='ltr'><strong>ut</strong></span> <span class='ocrx_word' id='word_1_408' title='bbox 2381 2828 2600 2886; x_wconf 90' lang='lat' dir='ltr'><strong>dicatur</strong></span> <span class='ocrx_word' id='word_1_409' title='bbox 2633 2846 2645 2885; x_wconf 93' lang='lat'>:</span> 
     </span>
    </p>
   </div>
   <div class='ocr_carea' id='block_1_57' title="bbox 2745 2919 3131 2979">
    <p class='ocr_par' dir='ltr' id='par_1_57' title="bbox 2745 2919 3131 2979">
     <span class='ocr_line' id='line_1_57' title="bbox 2745 2919 3131 2979; baseline -0.008 0"><span class='ocrx_word' id='word_1_410' title='bbox 2745 2920 2974 2979; x_wconf 83' lang='lat' dir='ltr'><strong>CAPUT</strong></span> <span class='ocrx_word' id='word_1_411' title='bbox 3001 2919 3131 2976; x_wconf 88' lang='lat' dir='ltr'>XX.</span> 
     </span>
    </p>
   </div>
   <div class='ocr_carea' id='block_1_58' title="bbox 2217 3007 3756 3082">
    <p class='ocr_par' dir='ltr' id='par_1_58' title="bbox 2217 3007 3756 3082">
     <span class='ocr_line' id='line_1_58' title="bbox 2217 3007 3756 3082; baseline 0 -16"><span class='ocrx_word' id='word_1_412' title='bbox 2217 3011 2387 3067; x_wconf 74' lang='lat' dir='ltr'><strong>Vens.</strong></span> <span class='ocrx_word' id='word_1_413' title='bbox 2419 3009 2473 3064; x_wconf 72' lang='grc'>4.</span> <span class='ocrx_word' id='word_1_414' title='bbox 2503 3038 2576 3050; x_wconf 90' lang='grc'><strong>-</strong></span> <span class='ocrx_word' id='word_1_415' title='bbox 2605 3009 2768 3074; x_wconf 81' lang='lat' dir='ltr'><strong>Quem</strong></span> <span class='ocrx_word' id='word_1_416' title='bbox 2794 3009 2977 3064; x_wconf 82' lang='lat' dir='ltr'><strong>docere</strong></span> <span class='ocrx_word' id='word_1_417' title='bbox 3003 3007 3260 3065; x_wconf 81' lang='lat' dir='ltr'><strong>voluisti?</strong></span> <span class='ocrx_word' id='word_1_418' title='bbox 3276 3021 3448 3063; x_wconf 79' lang='lat' dir='ltr'><strong>nonne</strong></span> <span class='ocrx_word' id='word_1_419' title='bbox 3487 3021 3625 3074; x_wconf 90' lang='lat' dir='ltr'><strong>eum,</strong></span> <span class='ocrx_word' id='word_1_420' title='bbox 3655 3010 3756 3082; x_wconf 89' lang='lat' dir='ltr'><strong>qui</strong></span> 
     </span>
    </p>
   </div>
   <div class='ocr_carea' id='block_1_59' title="bbox 2145 3099 2716 3169">
    <p class='ocr_par' dir='ltr' id='par_1_59' title="bbox 2145 3099 2716 3169">
     <span class='ocr_line' id='line_1_59' title="bbox 2145 3099 2716 3169; baseline -0.004 -15"><span class='ocrx_word' id='word_1_421' title='bbox 2145 3101 2270 3168; x_wconf 83' lang='lat' dir='ltr'><strong>fecit</strong></span> <span class='ocrx_word' id='word_1_422' title='bbox 2289 3099 2669 3169; x_wconf 82' lang='lat' dir='ltr'><strong>spiramentum</strong></span> <span class='ocrx_word' id='word_1_423' title='bbox 2687 3101 2716 3152; x_wconf 66' lang='grc' dir='ltr'><em>ἵ</em></span> 
     </span>
    </p>
   </div>
   <div class='ocr_carea' id='block_1_60' title="bbox 2217 3185 3749 3260">
    <p class='ocr_par' dir='ltr' id='par_1_60' title="bbox 2217 3185 3749 3260">
     <span class='ocr_line' id='line_1_60' title="bbox 2217 3185 3749 3260; baseline 0.001 -16"><span class='ocrx_word' id='word_1_424' title='bbox 2217 3188 2306 3244; x_wconf 84' lang='lat'><strong>29.</strong></span> <span class='ocrx_word' id='word_1_425' title='bbox 2353 3189 2565 3255; x_wconf 81' lang='lat' dir='ltr'><strong>Quanta</strong></span> <span class='ocrx_word' id='word_1_426' title='bbox 2619 3185 2838 3242; x_wconf 86' lang='lat' dir='ltr'><strong>Baldad</strong></span> <span class='ocrx_word' id='word_1_427' title='bbox 2894 3185 3220 3258; x_wconf 75' lang='lat' dir='ltr'><strong>insipientia,</strong></span> <span class='ocrx_word' id='word_1_428' title='bbox 3249 3187 3443 3244; x_wconf 68' lang='lat' dir='ltr'><strong>divinae</strong></span> <span class='ocrx_word' id='word_1_429' title='bbox 3470 3189 3749 3260; x_wconf 75' lang='lat' dir='ltr'><strong>sapientia:</strong></span> 
     </span>
    </p>
   </div>
   <div class='ocr_carea' id='block_1_61' title="bbox 427 3275 2032 3369">
    <p class='ocr_par' dir='ltr' id='par_1_61' title="bbox 427 3275 2032 3369">
     <span class='ocr_line' id='line_1_61' title="bbox 427 3275 2032 3369; baseline -0.002 -15"><span class='ocrx_word' id='word_1_430' title='bbox 427 3299 672 3356; x_wconf 85' lang='lat' dir='ltr'><strong>elationis</strong></span> <span class='ocrx_word' id='word_1_431' title='bbox 699 3304 790 3354; x_wconf 88' lang='lat' dir='ltr'><strong>est.</strong></span> <span class='ocrx_word' id='word_1_432' title='bbox 814 3328 885 3339; x_wconf 90' lang='lat'><strong>—-</strong></span> <span class='ocrx_word' id='word_1_433' title='bbox 904 3275 1184 3369; x_wconf 81' lang='lat' dir='ltr'><strong>Adjuvare</strong></span> <span class='ocrx_word' id='word_1_434' title='bbox 1211 3295 1570 3364; x_wconf 89' lang='lat' dir='ltr'><strong>imbecillem,</strong></span> <span class='ocrx_word' id='word_1_435' title='bbox 1601 3275 1889 3352; x_wconf 77' lang='lat' dir='ltr'><strong>charitatis</strong></span> <span class='ocrx_word' id='word_1_436' title='bbox 1917 3303 2032 3362; x_wconf 90' lang='lat' dir='ltr'><strong>est;</strong></span> 
     </span>
    </p>
   </div>
   <div class='ocr_carea' id='block_1_62' title="bbox 2154 3275 3748 3369">
    <p class='ocr_par' dir='ltr' id='par_1_62' title="bbox 2154 3275 3748 3354">
     <span class='ocr_line' id='line_1_62' title="bbox 2154 3275 3748 3354; baseline 0.004 -22"><span class='ocrx_word' id='word_1_437' title='bbox 2154 3293 2296 3332; x_wconf 83' lang='lat' dir='ltr'><strong>mam</strong></span> <span class='ocrx_word' id='word_1_438' title='bbox 2318 3275 2673 3348; x_wconf 74' lang='lat' dir='ltr'><strong>prwferenlis.</strong></span> <span class='ocrx_word' id='word_1_439' title='bbox 2704 3307 2775 3318; x_wconf 96' lang='lat'><strong>—</strong></span> <span class='ocrx_word' id='word_1_440' title='bbox 2799 3277 2902 3333; x_wconf 91' lang='lat' dir='ltr'><strong>Per</strong></span> <span class='ocrx_word' id='word_1_441' title='bbox 2928 3276 3327 3350; x_wconf 90' lang='lat' dir='ltr'><strong>spiramentum</strong></span> <span class='ocrx_word' id='word_1_442' title='bbox 3351 3279 3615 3350; x_wconf 88' lang='lat' dir='ltr'><strong>vivimus,</strong></span> <span class='ocrx_word' id='word_1_443' title='bbox 3647 3297 3748 3354; x_wconf 90' lang='lat' dir='ltr'><strong>per</strong></span> 
     </span>
    </p>
   </div>
   <div class='ocr_carea' id='block_1_63' title="bbox 427 3383 2032 3460">
    <p class='ocr_par' dir='ltr' id='par_1_63' title="bbox 427 3383 2032 3460">
     <span class='ocr_line' id='line_1_63' title="bbox 427 3383 2032 3460; baseline -0.004 -16"><span class='ocrx_word' id='word_1_444' title='bbox 427 3387 690 3459; x_wconf 86' lang='lat' dir='ltr'><strong>adjuvare</strong></span> <span class='ocrx_word' id='word_1_445' title='bbox 719 3393 1000 3460; x_wconf 91' lang='lat' dir='ltr'><strong>potentem</strong></span> <span class='ocrx_word' id='word_1_446' title='bbox 1031 3387 1194 3456; x_wconf 90' lang='lat' dir='ltr'><strong>velle,</strong></span> <span class='ocrx_word' id='word_1_447' title='bbox 1216 3385 1494 3442; x_wconf 89' lang='lat' dir='ltr'><strong>elationis.</strong></span> <span class='ocrx_word' id='word_1_448' title='bbox 1519 3385 1662 3452; x_wconf 88' lang='lat' dir='ltr'><strong>Quia</strong></span> <span class='ocrx_word' id='word_1_449' title='bbox 1683 3383 1854 3456; x_wconf 86' lang='lat' dir='ltr'><strong>igitur</strong></span> <span class='ocrx_word' id='word_1_450' title='bbox 1866 3384 2032 3440; x_wconf 91' lang='lat' dir='ltr'><strong>amici</strong></span> 
     </span>
    </p>
   </div>
   <div class='ocr_carea' id='block_1_64' title="bbox 428 3475 2033 3550">
    <p class='ocr_par' dir='ltr' id='par_1_64' title="bbox 428 3475 2033 3550">
     <span class='ocr_line' id='line_1_64' title="bbox 428 3475 2033 3550; baseline -0.001 -17"><span class='ocrx_word' id='word_1_451' title='bbox 428 3476 546 3549; x_wconf 88' lang='lat' dir='ltr'><strong>ejus</strong></span> <span class='ocrx_word' id='word_1_452' title='bbox 567 3476 951 3534; x_wconf 81' lang='lat' dir='ltr'><strong>haereticorum</strong></span> <span class='ocrx_word' id='word_1_453' title='bbox 968 3476 1204 3549; x_wconf 89' lang='lat' dir='ltr'><strong>speciem</strong></span> <span class='ocrx_word' id='word_1_454' title='bbox 1235 3483 1505 3546; x_wconf 90' lang='lat' dir='ltr'><strong>tenentes,</strong></span> <span class='ocrx_word' id='word_1_455' title='bbox 1528 3475 1684 3550; x_wconf 88' lang='lat' dir='ltr'><strong>quasi</strong></span> <span class='ocrx_word' id='word_1_456' title='bbox 1705 3475 2033 3548; x_wconf 89' lang='lat' dir='ltr'><strong>adjuvantes</strong></span> 
     </span>
    </p>
   </div>
   <div class='ocr_carea' id='block_1_65' title="bbox 426 3563 2030 3639">
    <p class='ocr_par' dir='ltr' id='par_1_65' title="bbox 426 3563 2030 3639">
     <span class='ocr_line' id='line_1_65' title="bbox 426 3563 2030 3639; baseline -0.001 -17"><span class='ocrx_word' id='word_1_457' title='bbox 426 3567 624 3634; x_wconf 90' lang='lat' dir='ltr'><strong>Deum,</strong></span> <span class='ocrx_word' id='word_1_458' title='bbox 654 3564 980 3639; x_wconf 82' lang='lat' dir='ltr'><strong>sapientiam</strong></span> <span class='ocrx_word' id='word_1_459' title='bbox 1010 3582 1165 3622; x_wconf 89' lang='lat' dir='ltr'><strong>suam</strong></span> <span class='ocrx_word' id='word_1_460' title='bbox 1187 3565 1472 3622; x_wconf 88' lang='lat' dir='ltr'><strong>ostendere</strong></span> <span class='ocrx_word' id='word_1_461' title='bbox 1488 3565 1856 3634; x_wconf 85' lang='lat' dir='ltr'><strong>conabantur,</strong></span> <span class='ocrx_word' id='word_1_462' title='bbox 1881 3563 2030 3638; x_wconf 89' lang='lat' dir='ltr'><strong>juste</strong></span> 
     </span>
    </p>
   </div>
   <div class='ocr_carea' id='block_1_66' title="bbox 425 3653 2030 3728">
    <p class='ocr_par' dir='ltr' id='par_1_66' title="bbox 425 3653 2030 3728">
     <span class='ocr_line' id='line_1_66' title="bbox 425 3653 2030 3728; baseline -0.001 -16"><span class='ocrx_word' id='word_1_463' title='bbox 425 3654 632 3712; x_wconf 91' lang='lat' dir='ltr'><strong>Baldad</strong></span> <span class='ocrx_word' id='word_1_464' title='bbox 657 3653 1099 3728; x_wconf 88' lang='lat' dir='ltr'><strong>reprehenditur,</strong></span> <span class='ocrx_word' id='word_1_465' title='bbox 1121 3661 1184 3711; x_wconf 90' lang='lat' dir='ltr'><strong>ut</strong></span> <span class='ocrx_word' id='word_1_466' title='bbox 1203 3653 1420 3710; x_wconf 90' lang='lat' dir='ltr'><strong>dicatur</strong></span> <span class='ocrx_word' id='word_1_467' title='bbox 1451 3671 1464 3710; x_wconf 91' lang='lat'><strong>:</strong></span> <span class='ocrx_word' id='word_1_468' title='bbox 1492 3655 1661 3727; x_wconf 83' lang='lat' dir='ltr'><strong>Cujus</strong></span> <span class='ocrx_word' id='word_1_469' title='bbox 1681 3654 1904 3726; x_wconf 85' lang='lat' dir='ltr'><strong>adjutor</strong></span> <span class='ocrx_word' id='word_1_470' title='bbox 1930 3673 1982 3710; x_wconf 86' lang='lat' dir='ltr'><strong>es</strong></span> <span class='ocrx_word' id='word_1_471' title='bbox 2003 3657 2030 3711; x_wconf 65' lang='grc' dir='ltr'><em>φ</em></span> 
     </span>
    </p>
   </div>
   <div class='ocr_carea' id='block_1_67' title="bbox 420 3747 2030 3820">
    <p class='ocr_par' dir='ltr' id='par_1_67' title="bbox 420 3747 2030 3820">
     <span class='ocr_line' id='line_1_67' title="bbox 420 3747 2030 3820; baseline -0.001 -18"><span class='ocrx_word' id='word_1_472' title='bbox 420 3748 669 3820; x_wconf 86' lang='lat' dir='ltr'><strong>nunquid</strong></span> <span class='ocrx_word' id='word_1_473' title='bbox 686 3747 958 3804; x_wconf 85' lang='lat' dir='ltr'><strong>imbecillis</strong></span> <span class='ocrx_word' id='word_1_474' title='bbox 977 3749 1006 3804; x_wconf 64' lang='grc' dir='ltr'><em>ἵ</em></span> <span class='ocrx_word' id='word_1_475' title='bbox 1025 3753 1074 3802; x_wconf 89' lang='lat' dir='ltr'><strong>et</strong></span> <span class='ocrx_word' id='word_1_476' title='bbox 1091 3753 1352 3803; x_wconf 83' lang='lat' dir='ltr'><strong>sustentas</strong></span> <span class='ocrx_word' id='word_1_477' title='bbox 1369 3747 1643 3804; x_wconf 84' lang='lat' dir='ltr'><strong>brachium</strong></span> <span class='ocrx_word' id='word_1_478' title='bbox 1659 3747 1797 3818; x_wconf 84' lang='lat' dir='ltr'><strong>ejus,</strong></span> <span class='ocrx_word' id='word_1_479' title='bbox 1817 3747 1910 3818; x_wconf 87' lang='lat' dir='ltr'><strong>qui</strong></span> <span class='ocrx_word' id='word_1_480' title='bbox 1924 3764 2030 3801; x_wconf 83' lang='lat' dir='ltr'><strong>non</strong></span> 
     </span>
    </p>
   </div>
   <div class='ocr_carea' id='block_1_68' title="bbox 423 3835 2030 3910">
    <p class='ocr_par' dir='ltr' id='par_1_68' title="bbox 423 3835 2030 3910">
     <span class='ocr_line' id='line_1_68' title="bbox 423 3835 2030 3910; baseline 0.001 -19"><span class='ocrx_word' id='word_1_481' title='bbox 423 3843 500 3892; x_wconf 88' lang='lat' dir='ltr'><strong>est</strong></span> <span class='ocrx_word' id='word_1_482' title='bbox 522 3835 728 3908; x_wconf 78' lang='lat' dir='ltr'><strong>fortis?</strong></span> <span class='ocrx_word' id='word_1_483' title='bbox 755 3837 838 3894; x_wconf 81' lang='lat' dir='ltr'><strong>Ac</strong></span> <span class='ocrx_word' id='word_1_484' title='bbox 861 3835 910 3893; x_wconf 90' lang='lat' dir='ltr'><strong>si</strong></span> <span class='ocrx_word' id='word_1_485' title='bbox 937 3844 1126 3910; x_wconf 89' lang='lat' dir='ltr'><strong>aperte</strong></span> <span class='ocrx_word' id='word_1_486' title='bbox 1156 3836 1304 3894; x_wconf 90' lang='lat' dir='ltr'><strong>dicat</strong></span> <span class='ocrx_word' id='word_1_487' title='bbox 1336 3854 1348 3893; x_wconf 91' lang='lat'>:</span> <span class='ocrx_word' id='word_1_488' title='bbox 1380 3839 1526 3895; x_wconf 92' lang='lat' dir='ltr'><strong>Dum</strong></span> <span class='ocrx_word' id='word_1_489' title='bbox 1546 3854 1678 3895; x_wconf 90' lang='lat' dir='ltr'><strong>eum</strong></span> <span class='ocrx_word' id='word_1_490' title='bbox 1705 3835 1903 3909; x_wconf 86' lang='lat' dir='ltr'><strong>juvare</strong></span> <span class='ocrx_word' id='word_1_491' title='bbox 1933 3835 2030 3892; x_wconf 94' lang='lat' dir='ltr'><strong>ni-</strong></span> 
     </span>
    </p>
   </div>
   <div class='ocr_carea' id='block_1_69' title="bbox 423 3925 2030 4001">
    <p class='ocr_par' dir='ltr' id='par_1_69' title="bbox 423 3925 2030 4001">
     <span class='ocr_line' id='line_1_69' title="bbox 423 3925 2030 4001; baseline -0.001 -17"><span class='ocrx_word' id='word_1_492' title='bbox 423 3927 575 3997; x_wconf 85' lang='lat' dir='ltr'><strong>teris,</strong></span> <span class='ocrx_word' id='word_1_493' title='bbox 595 3927 699 3985; x_wconf 90' lang='lat' dir='ltr'><strong>sub</strong></span> <span class='ocrx_word' id='word_1_494' title='bbox 717 3925 878 4000; x_wconf 88' lang='lat' dir='ltr'><strong>cujus</strong></span> <span class='ocrx_word' id='word_1_495' title='bbox 915 3926 1296 4000; x_wconf 83' lang='lat' dir='ltr'><strong>magnitudine</strong></span> <span class='ocrx_word' id='word_1_496' title='bbox 1325 3928 1660 3997; x_wconf 87' lang='lat' dir='ltr'><strong>succumbis,</strong></span> <span class='ocrx_word' id='word_1_497' title='bbox 1692 3944 1854 3984; x_wconf 90' lang='lat' dir='ltr'><strong>omne</strong></span> <span class='ocrx_word' id='word_1_498' title='bbox 1884 3927 2030 4001; x_wconf 89' lang='lat' dir='ltr'><strong>quod</strong></span> 
     </span>
    </p>
   </div>
   <div class='ocr_carea' id='block_1_70' title="bbox 421 4015 2027 4091">
    <p class='ocr_par' dir='ltr' id='par_1_70' title="bbox 421 4015 2027 4091">
     <span class='ocr_line' id='line_1_70' title="bbox 421 4015 2027 4091; baseline -0.001 -18"><span class='ocrx_word' id='word_1_499' title='bbox 421 4015 698 4091; x_wconf 86' lang='lat' dir='ltr'><strong>impendis</strong></span> <span class='ocrx_word' id='word_1_500' title='bbox 723 4015 1008 4088; x_wconf 86' lang='lat' dir='ltr'><strong>solatium,</strong></span> <span class='ocrx_word' id='word_1_501' title='bbox 1039 4017 1107 4075; x_wconf 90' lang='lat' dir='ltr'><strong>de</strong></span> <span class='ocrx_word' id='word_1_502' title='bbox 1147 4017 1514 4074; x_wconf 89' lang='lat' dir='ltr'><strong>ostentatione</strong></span> <span class='ocrx_word' id='word_1_503' title='bbox 1543 4025 1646 4088; x_wconf 90' lang='lat' dir='ltr'><strong>est,</strong></span> <span class='ocrx_word' id='word_1_504' title='bbox 1678 4033 1790 4074; x_wconf 92' lang='lat' dir='ltr'><strong>non</strong></span> <span class='ocrx_word' id='word_1_505' title='bbox 1821 4017 1888 4074; x_wconf 91' lang='lat' dir='ltr'><strong>de</strong></span> <span class='ocrx_word' id='word_1_506' title='bbox 1917 4017 2027 4090; x_wconf 82' lang='lat' dir='ltr'><strong>pie-</strong></span> 
     </span>
    </p>
   </div>
   <div class='ocr_carea' id='block_1_71' title="bbox 421 4112 552 4161">
    <p class='ocr_par' dir='ltr' id='par_1_71' title="bbox 421 4112 552 4161">
     <span class='ocr_line' id='line_1_71' title="bbox 421 4112 552 4161; baseline -0.008 0"><span class='ocrx_word' id='word_1_507' title='bbox 421 4112 552 4161; x_wconf 88' lang='lat' dir='ltr'><strong>tate.</strong></span> 
     </span>
    </p>
   </div>
   <div class='ocr_carea' id='block_1_72' title="bbox 492 4193 2030 4265">
    <p class='ocr_par' dir='ltr' id='par_1_72' title="bbox 492 4193 2030 4265">
     <span class='ocr_line' id='line_1_72' title="bbox 492 4193 2030 4265; baseline -0.001 -14"><span class='ocrx_word' id='word_1_508' title='bbox 492 4193 582 4252; x_wconf 89' lang='lat'><strong>27.</strong></span> <span class='ocrx_word' id='word_1_509' title='bbox 623 4195 736 4262; x_wconf 83' lang='lat' dir='ltr'><strong>Quo</strong></span> <span class='ocrx_word' id='word_1_510' title='bbox 755 4211 910 4250; x_wconf 85' lang='lat' dir='ltr'><strong>sensu</strong></span> <span class='ocrx_word' id='word_1_511' title='bbox 927 4195 1097 4252; x_wconf 88' lang='lat' dir='ltr'><strong>Deum</strong></span> <span class='ocrx_word' id='word_1_512' title='bbox 1113 4195 1375 4265; x_wconf 83' lang='lat' dir='ltr'><strong>adjuvare</strong></span> <span class='ocrx_word' id='word_1_513' title='bbox 1402 4194 1650 4251; x_wconf 82' lang='lat' dir='ltr'><strong>dicimur.</strong></span> <span class='ocrx_word' id='word_1_514' title='bbox 1677 4225 1749 4236; x_wconf 96' lang='lat'><strong>—</strong></span> <span class='ocrx_word' id='word_1_515' title='bbox 1762 4193 1868 4252; x_wconf 89' lang='lat' dir='ltr'><strong>Sed</strong></span> <span class='ocrx_word' id='word_1_516' title='bbox 1885 4195 2030 4252; x_wconf 83' lang='lat' dir='ltr'><strong>inter</strong></span> 
     </span>
    </p>
   </div>
   <div class='ocr_carea' id='block_1_73' title="bbox 435 4282 2025 4357">
    <p class='ocr_par' dir='ltr' id='par_1_73' title="bbox 435 4282 2025 4357">
     <span class='ocr_line' id='line_1_73' title="bbox 435 4282 2025 4357; baseline -0.001 -17"><span class='ocrx_word' id='word_1_517' title='bbox 435 4282 557 4340; x_wconf 62' lang='lat' dir='ltr'><strong>hac</strong></span> <span class='ocrx_word' id='word_1_518' title='bbox 573 4282 858 4340; x_wconf 88' lang='lat' dir='ltr'><strong>sciendum</strong></span> <span class='ocrx_word' id='word_1_519' title='bbox 887 4290 992 4352; x_wconf 89' lang='lat' dir='ltr'><strong>est,</strong></span> <span class='ocrx_word' id='word_1_520' title='bbox 1010 4283 1158 4356; x_wconf 90' lang='lat' dir='ltr'><strong>quod</strong></span> <span class='ocrx_word' id='word_1_521' title='bbox 1175 4283 1499 4356; x_wconf 88' lang='lat' dir='ltr'><strong>plerumque</strong></span> <span class='ocrx_word' id='word_1_522' title='bbox 1520 4284 1685 4340; x_wconf 89' lang='lat' dir='ltr'><strong>etiam</strong></span> <span class='ocrx_word' id='word_1_523' title='bbox 1705 4283 1902 4352; x_wconf 90' lang='lat' dir='ltr'><strong>Deum,</strong></span> <span class='ocrx_word' id='word_1_524' title='bbox 1931 4284 2025 4357; x_wconf 88' lang='lat' dir='ltr'><strong>qui</strong></span> 
     </span>
    </p>
   </div>
   <div class='ocr_carea' id='block_1_74' title="bbox 431 4370 2026 4446">
    <p class='ocr_par' dir='ltr' id='par_1_74' title="bbox 431 4370 2026 4446">
     <span class='ocr_line' id='line_1_74' title="bbox 431 4370 2026 4446; baseline 0 -18"><span class='ocrx_word' id='word_1_525' title='bbox 431 4370 692 4429; x_wconf 89' lang='lat' dir='ltr'><strong>videlicet</strong></span> <span class='ocrx_word' id='word_1_526' title='bbox 718 4371 1013 4429; x_wconf 83' lang='lat' dir='ltr'><strong>imbecillis</strong></span> <span class='ocrx_word' id='word_1_527' title='bbox 1041 4387 1153 4428; x_wconf 90' lang='lat' dir='ltr'><strong>non</strong></span> <span class='ocrx_word' id='word_1_528' title='bbox 1185 4379 1286 4440; x_wconf 91' lang='lat' dir='ltr'><strong>est,</strong></span> <span class='ocrx_word' id='word_1_529' title='bbox 1317 4370 1606 4426; x_wconf 89' lang='lat' dir='ltr'><strong>humiliter</strong></span> <span class='ocrx_word' id='word_1_530' title='bbox 1623 4378 1844 4444; x_wconf 88' lang='lat' dir='ltr'><strong>agentes</strong></span> <span class='ocrx_word' id='word_1_531' title='bbox 1872 4371 2026 4446; x_wconf 87' lang='lat' dir='ltr'><strong>adju-</strong></span> 
     </span>
    </p>
   </div>
   <div class='ocr_carea' id='block_1_75' title="bbox 417 4459 2026 4534">
    <p class='ocr_par' dir='ltr' id='par_1_75' title="bbox 417 4459 2026 4534">
     <span class='ocr_line' id='line_1_75' title="bbox 417 4459 2026 4534; baseline 0.001 -18"><span class='ocrx_word' id='word_1_532' title='bbox 417 4477 632 4518; x_wconf 86' lang='lat' dir='ltr'><strong>vamus.</strong></span> <span class='ocrx_word' id='word_1_533' title='bbox 665 4459 819 4518; x_wconf 91' lang='lat' dir='ltr'><strong>Unde</strong></span> <span class='ocrx_word' id='word_1_534' title='bbox 849 4468 904 4516; x_wconf 90' lang='lat' dir='ltr'><strong>et</strong></span> <span class='ocrx_word' id='word_1_535' title='bbox 932 4477 1030 4534; x_wconf 89' lang='lat' dir='ltr'><strong>per</strong></span> <span class='ocrx_word' id='word_1_536' title='bbox 1057 4461 1290 4517; x_wconf 84' lang='lat' dir='ltr'><strong>Paulum</strong></span> <span class='ocrx_word' id='word_1_537' title='bbox 1321 4459 1528 4516; x_wconf 88' lang='lat' dir='ltr'><strong>dicitur</strong></span> <span class='ocrx_word' id='word_1_538' title='bbox 1550 4461 1872 4531; x_wconf 84' lang='lat' dir='ltr'><strong>:Adjutores</strong></span> <span class='ocrx_word' id='word_1_539' title='bbox 1887 4463 2026 4517; x_wconf 87' lang='lat' dir='ltr'><strong>enim</strong></span> 
     </span>
    </p>
   </div>
   <div class='ocr_carea' id='block_1_76' title="bbox 418 4548 2027 4625">
    <p class='ocr_par' dir='ltr' id='par_1_76' title="bbox 418 4548 2027 4625">
     <span class='ocr_line' id='line_1_76' title="bbox 418 4548 2027 4625; baseline 0.001 -18"><span class='ocrx_word' id='word_1_540' title='bbox 418 4551 518 4607; x_wconf 89' lang='lat' dir='ltr'><strong>Dei</strong></span> <span class='ocrx_word' id='word_1_541' title='bbox 535 4548 792 4622; x_wconf 82' lang='lat' dir='ltr'><strong>sumus&#39;(I</strong></span> <span class='ocrx_word' id='word_1_542' title='bbox 795 4593 806 4606; x_wconf 96' lang='lat'><strong>.</strong></span> <span class='ocrx_word' id='word_1_543' title='bbox 829 4549 958 4610; x_wconf 87' lang='lat' dir='ltr'><strong>Cor.</strong></span> <span class='ocrx_word' id='word_1_544' title='bbox 989 4567 1076 4619; x_wconf 77' lang='lat' dir='ltr'><strong>in,</strong></span> <span class='ocrx_word' id='word_1_545' title='bbox 1097 4549 1178 4622; x_wconf 89' lang='lat'><strong>9).</strong></span> <span class='ocrx_word' id='word_1_546' title='bbox 1202 4551 1338 4606; x_wconf 91' lang='lat' dir='ltr'><strong>Nam</strong></span> <span class='ocrx_word' id='word_1_547' title='bbox 1369 4566 1495 4607; x_wconf 91' lang='lat' dir='ltr'><strong>cum</strong></span> <span class='ocrx_word' id='word_1_548' title='bbox 1525 4551 1574 4606; x_wconf 92' lang='lat' dir='ltr'><strong>ei</strong></span> <span class='ocrx_word' id='word_1_549' title='bbox 1601 4567 1766 4624; x_wconf 89' lang='lat' dir='ltr'><strong>quem</strong></span> <span class='ocrx_word' id='word_1_550' title='bbox 1796 4551 1910 4624; x_wconf 90' lang='lat' dir='ltr'><strong>ipse</strong></span> <span class='ocrx_word' id='word_1_551' title='bbox 1931 4569 2027 4625; x_wconf 91' lang='lat' dir='ltr'><strong>per</strong></span> 
     </span>
    </p>
   </div>
   <div class='ocr_carea' id='block_1_77' title="bbox 2143 3364 3746 3438">
    <p class='ocr_par' dir='ltr' id='par_1_77' title="bbox 2143 3364 3746 3438">
     <span class='ocr_line' id='line_1_77' title="bbox 2143 3364 3746 3438; baseline 0.004 -16"><span class='ocrx_word' id='word_1_552' title='bbox 2143 3364 2494 3438; x_wconf 89' lang='lat' dir='ltr'><strong>prudentiam</strong></span> <span class='ocrx_word' id='word_1_553' title='bbox 2525 3365 2800 3438; x_wconf 87' lang='lat' dir='ltr'><strong>sapientes</strong></span> <span class='ocrx_word' id='word_1_554' title='bbox 2821 3383 3033 3423; x_wconf 89' lang='lat' dir='ltr'><strong>sumus.</strong></span> <span class='ocrx_word' id='word_1_555' title='bbox 3065 3366 3226 3424; x_wconf 91' lang='lat' dir='ltr'><strong>Prius</strong></span> <span class='ocrx_word' id='word_1_556' title='bbox 3253 3375 3438 3424; x_wconf 89' lang='lat' dir='ltr'><strong>autem</strong></span> <span class='ocrx_word' id='word_1_557' title='bbox 3487 3377 3746 3428; x_wconf 89' lang='lat' dir='ltr'><strong>nostrum</strong></span> 
     </span>
    </p>
   </div>
   <div class='ocr_carea' id='block_1_78' title="bbox 2139 3457 3746 3535">
    <p class='ocr_par' dir='ltr' id='par_1_78' title="bbox 2139 3457 3746 3535">
     <span class='ocr_line' id='line_1_78' title="bbox 2139 3457 3746 3535; baseline 0.004 -22"><span class='ocrx_word' id='word_1_558' title='bbox 2139 3465 2222 3513; x_wconf 89' lang='lat' dir='ltr'><strong>est</strong></span> <span class='ocrx_word' id='word_1_559' title='bbox 2250 3457 2457 3527; x_wconf 87' lang='lat' dir='ltr'><strong>vivere,</strong></span> <span class='ocrx_word' id='word_1_560' title='bbox 2475 3458 2827 3531; x_wconf 90' lang='lat' dir='ltr'><strong>postmodum</strong></span> <span class='ocrx_word' id='word_1_561' title='bbox 2857 3476 3066 3532; x_wconf 90' lang='lat' dir='ltr'><strong>sapere,</strong></span> <span class='ocrx_word' id='word_1_562' title='bbox 3097 3459 3227 3534; x_wconf 90' lang='lat' dir='ltr'><strong>quia</strong></span> <span class='ocrx_word' id='word_1_563' title='bbox 3246 3467 3307 3517; x_wconf 88' lang='lat' dir='ltr'><strong>ut</strong></span> <span class='ocrx_word' id='word_1_564' title='bbox 3324 3461 3597 3535; x_wconf 88' lang='lat' dir='ltr'><strong>sapientes</strong></span> <span class='ocrx_word' id='word_1_565' title='bbox 3625 3478 3746 3520; x_wconf 90' lang='lat' dir='ltr'><strong>esse</strong></span> 
     </span>
    </p>
   </div>
   <div class='ocr_carea' id='block_1_79' title="bbox 2140 3537 3746 3624">
    <p class='ocr_par' dir='ltr' id='par_1_79' title="bbox 2140 3537 3746 3624">
     <span class='ocr_line' id='line_1_79' title="bbox 2140 3537 3746 3624; baseline 0.007 -23"><span class='ocrx_word' id='word_1_566' title='bbox 2140 3547 2440 3617; x_wconf 89' lang='lat' dir='ltr'><strong>valeamus,</strong></span> <span class='ocrx_word' id='word_1_567' title='bbox 2471 3547 2624 3620; x_wconf 90' lang='lat' dir='ltr'><strong>prius</strong></span> <span class='ocrx_word' id='word_1_568' title='bbox 2647 3548 2828 3620; x_wconf 87' lang='lat' dir='ltr'><strong>agitur</strong></span> <span class='ocrx_word' id='word_1_569' title='bbox 2859 3557 2921 3606; x_wconf 90' lang='lat' dir='ltr'><strong>ut</strong></span> <span class='ocrx_word' id='word_1_570' title='bbox 2948 3537 3138 3606; x_wconf 76' lang='lat' dir='ltr'><strong>simus.</strong></span> <span class='ocrx_word' id='word_1_571' title='bbox 3158 3550 3265 3618; x_wconf 90' lang='lat' dir='ltr'><strong>Qui</strong></span> <span class='ocrx_word' id='word_1_572' title='bbox 3293 3567 3420 3624; x_wconf 90' lang='lat' dir='ltr'><strong>ergo</strong></span> <span class='ocrx_word' id='word_1_573' title='bbox 3449 3551 3621 3610; x_wconf 88' lang='lat' dir='ltr'><strong>vitam</strong></span> <span class='ocrx_word' id='word_1_574' title='bbox 3651 3555 3746 3611; x_wconf 90' lang='lat' dir='ltr'><strong>de-</strong></span> 
     </span>
    </p>
   </div>
   <div class='ocr_carea' id='block_1_80' title="bbox 2139 3635 3745 3711">
    <p class='ocr_par' dir='ltr' id='par_1_80' title="bbox 2139 3635 3745 3711">
     <span class='ocr_line' id='line_1_80' title="bbox 2139 3635 3745 3711; baseline 0.006 -19"><span class='ocrx_word' id='word_1_575' title='bbox 2139 3635 2243 3705; x_wconf 89' lang='lat' dir='ltr'><strong>dit,</strong></span> <span class='ocrx_word' id='word_1_576' title='bbox 2260 3635 2375 3708; x_wconf 91' lang='lat' dir='ltr'><strong>ipse</strong></span> <span class='ocrx_word' id='word_1_577' title='bbox 2395 3638 2585 3710; x_wconf 89' lang='lat' dir='ltr'><strong>procul</strong></span> <span class='ocrx_word' id='word_1_578' title='bbox 2607 3637 2777 3694; x_wconf 91' lang='lat' dir='ltr'><strong>dubio</strong></span> <span class='ocrx_word' id='word_1_579' title='bbox 2797 3646 2851 3694; x_wconf 90' lang='lat' dir='ltr'><strong>et</strong></span> <span class='ocrx_word' id='word_1_580' title='bbox 2880 3637 3229 3711; x_wconf 90' lang='lat' dir='ltr'><strong>prudentiam</strong></span> <span class='ocrx_word' id='word_1_581' title='bbox 3251 3641 3506 3699; x_wconf 88' lang='lat' dir='ltr'><strong>contulit.</strong></span> <span class='ocrx_word' id='word_1_582' title='bbox 3531 3642 3745 3702; x_wconf 86' lang='lat' dir='ltr'><strong>Baldad</strong></span> 
     </span>
    </p>
   </div>
   <div class='ocr_carea' id='block_1_81' title="bbox 2137 3725 3744 3804">
    <p class='ocr_par' dir='ltr' id='par_1_81' title="bbox 2137 3725 3744 3804">
     <span class='ocr_line' id='line_1_81' title="bbox 2137 3725 3744 3804; baseline 0.004 -23"><span class='ocrx_word' id='word_1_583' title='bbox 2137 3733 2343 3794; x_wconf 88' lang='lat' dir='ltr'><strong>autem,</strong></span> <span class='ocrx_word' id='word_1_584' title='bbox 2375 3725 2503 3799; x_wconf 90' lang='lat' dir='ltr'><strong>quia</strong></span> <span class='ocrx_word' id='word_1_585' title='bbox 2529 3726 2748 3783; x_wconf 91' lang='lat' dir='ltr'><strong>beatum</strong></span> <span class='ocrx_word' id='word_1_586' title='bbox 2769 3726 2871 3784; x_wconf 86' lang='lat' dir='ltr'><strong>Job</strong></span> <span class='ocrx_word' id='word_1_587' title='bbox 2901 3727 3234 3800; x_wconf 78' lang='lat' dir='ltr'><strong>ﬂagellatam</strong></span> <span class='ocrx_word' id='word_1_588' title='bbox 3257 3747 3355 3802; x_wconf 91' lang='lat' dir='ltr'><strong>pro</strong></span> <span class='ocrx_word' id='word_1_589' title='bbox 3371 3731 3531 3804; x_wconf 90' lang='lat' dir='ltr'><strong>culpa</strong></span> <span class='ocrx_word' id='word_1_590' title='bbox 3547 3733 3744 3790; x_wconf 84' lang='lat' dir='ltr'><strong>credi-</strong></span> 
     </span>
    </p>
   </div>
   <div class='ocr_carea' id='block_1_82' title="bbox 2139 3817 3741 3894">
    <p class='ocr_par' dir='ltr' id='par_1_82' title="bbox 2139 3817 3741 3894">
     <span class='ocr_line' id='line_1_82' title="bbox 2139 3817 3741 3894; baseline 0.006 -20"><span class='ocrx_word' id='word_1_591' title='bbox 2139 3817 2243 3886; x_wconf 89' lang='lat' dir='ltr'><strong>dit,</strong></span> <span class='ocrx_word' id='word_1_592' title='bbox 2265 3819 2544 3875; x_wconf 91' lang='lat' dir='ltr'><strong>occultum</strong></span> <span class='ocrx_word' id='word_1_593' title='bbox 2573 3818 2673 3876; x_wconf 92' lang='lat' dir='ltr'><strong>Dei</strong></span> <span class='ocrx_word' id='word_1_594' title='bbox 2695 3817 2995 3892; x_wconf 90' lang='lat' dir='ltr'><strong>judicium,</strong></span> <span class='ocrx_word' id='word_1_595' title='bbox 3015 3822 3162 3894; x_wconf 91' lang='lat' dir='ltr'><strong>quod</strong></span> <span class='ocrx_word' id='word_1_596' title='bbox 3178 3820 3469 3880; x_wconf 90' lang='lat' dir='ltr'><strong>humiliter</strong></span> <span class='ocrx_word' id='word_1_597' title='bbox 3485 3825 3741 3882; x_wconf 89' lang='lat' dir='ltr'><strong>venerari</strong></span> 
     </span>
    </p>
   </div>
   <div class='ocr_carea' id='block_1_83' title="bbox 2137 3907 3740 3988">
    <p class='ocr_par' dir='ltr' id='par_1_83' title="bbox 2137 3907 3740 3988">
     <span class='ocr_line' id='line_1_83' title="bbox 2137 3907 3740 3988; baseline 0.005 -24"><span class='ocrx_word' id='word_1_598' title='bbox 2137 3907 2350 3978; x_wconf 89' lang='lat' dir='ltr'><strong>debuit,</strong></span> <span class='ocrx_word' id='word_1_599' title='bbox 2381 3909 2614 3982; x_wconf 90' lang='lat' dir='ltr'><strong>superba</strong></span> <span class='ocrx_word' id='word_1_600' title='bbox 2640 3910 2797 3967; x_wconf 90' lang='lat' dir='ltr'><strong>nisus</strong></span> <span class='ocrx_word' id='word_1_601' title='bbox 2823 3919 2906 3968; x_wconf 91' lang='lat' dir='ltr'><strong>est</strong></span> <span class='ocrx_word' id='word_1_602' title='bbox 2933 3911 3242 3969; x_wconf 87' lang='lat' dir='ltr'><strong>temeritate</strong></span> <span class='ocrx_word' id='word_1_603' title='bbox 3289 3921 3591 3985; x_wconf 90' lang='lat' dir='ltr'><strong>penetrare.</strong></span> <span class='ocrx_word' id='word_1_604' title='bbox 3627 3914 3740 3988; x_wconf 85' lang='lat' dir='ltr'><strong>Ipsi</strong></span> 
     </span>
    </p>
   </div>
   <div class='ocr_carea' id='block_1_84' title="bbox 2139 3999 3738 4076">
    <p class='ocr_par' dir='ltr' id='par_1_84' title="bbox 2139 3999 3738 4076">
     <span class='ocr_line' id='line_1_84' title="bbox 2139 3999 3738 4076; baseline 0.006 -22"><span class='ocrx_word' id='word_1_605' title='bbox 2139 4013 2266 4070; x_wconf 87' lang='lat' dir='ltr'><strong>ergo</strong></span> <span class='ocrx_word' id='word_1_606' title='bbox 2295 4014 2350 4054; x_wconf 89' lang='lat' dir='ltr'><strong>se</strong></span> <span class='ocrx_word' id='word_1_607' title='bbox 2380 4015 2476 4072; x_wconf 90' lang='lat' dir='ltr'><strong>per</strong></span> <span class='ocrx_word' id='word_1_608' title='bbox 2503 3999 2850 4072; x_wconf 90' lang='lat' dir='ltr'><strong>prudentiam</strong></span> <span class='ocrx_word' id='word_1_609' title='bbox 2871 4001 3134 4074; x_wconf 81' lang='lat' dir='ltr'><strong>praetulit,</strong></span> <span class='ocrx_word' id='word_1_610' title='bbox 3157 4001 3314 4074; x_wconf 86' lang='lat' dir='ltr'><strong>cujus</strong></span> <span class='ocrx_word' id='word_1_611' title='bbox 3323 4001 3600 4076; x_wconf 90' lang='lat' dir='ltr'><strong>judicium</strong></span> <span class='ocrx_word' id='word_1_612' title='bbox 3623 4023 3738 4063; x_wconf 90' lang='lat' dir='ltr'><strong>non</strong></span> 
     </span>
    </p>
   </div>
   <div class='ocr_carea' id='block_1_85' title="bbox 2139 4086 3740 4167">
    <p class='ocr_par' dir='ltr' id='par_1_85' title="bbox 2139 4086 3740 4167">
     <span class='ocr_line' id='line_1_85' title="bbox 2139 4086 3740 4167; baseline 0.007 -25"><span class='ocrx_word' id='word_1_613' title='bbox 2139 4086 2498 4162; x_wconf 87' lang='lat' dir='ltr'><strong>intelligendo</strong></span> <span class='ocrx_word' id='word_1_614' title='bbox 2505 4089 2799 4162; x_wconf 89' lang='lat' dir='ltr'><strong>judicavit.</strong></span> <span class='ocrx_word' id='word_1_615' title='bbox 2823 4092 2932 4164; x_wconf 91' lang='lat' dir='ltr'><strong>Ipsi</strong></span> <span class='ocrx_word' id='word_1_616' title='bbox 2952 4109 3008 4148; x_wconf 91' lang='lat' dir='ltr'><strong>se</strong></span> <span class='ocrx_word' id='word_1_617' title='bbox 3035 4108 3132 4164; x_wconf 90' lang='lat' dir='ltr'><strong>per</strong></span> <span class='ocrx_word' id='word_1_618' title='bbox 3159 4091 3508 4166; x_wconf 89' lang='lat' dir='ltr'><strong>prudentiam</strong></span> <span class='ocrx_word' id='word_1_619' title='bbox 3537 4103 3740 4167; x_wconf 72' lang='lat' dir='ltr'><strong>praetu-</strong></span> 
     </span>
    </p>
   </div>
   <div class='ocr_carea' id='block_1_86' title="bbox 2139 4185 3740 4268">
    <p class='ocr_par' dir='ltr' id='par_1_86' title="bbox 2139 4185 3740 4268">
     <span class='ocr_line' id='line_1_86' title="bbox 2139 4185 3740 4268; baseline 0.005 -26"><span class='ocrx_word' id='word_1_620' title='bbox 2139 4185 2269 4255; x_wconf 89' lang='lat' dir='ltr'><strong>lit,a</strong></span> <span class='ocrx_word' id='word_1_621' title='bbox 2297 4203 2406 4260; x_wconf 88' lang='lat' dir='ltr'><strong>quo</strong></span> <span class='ocrx_word' id='word_1_622' title='bbox 2421 4187 2649 4245; x_wconf 86' lang='lat' dir='ltr'><strong>vivendi</strong></span> <span class='ocrx_word' id='word_1_623' title='bbox 2684 4189 3024 4262; x_wconf 90' lang='lat' dir='ltr'><strong>spiraculum</strong></span> <span class='ocrx_word' id='word_1_624' title='bbox 3047 4191 3277 4264; x_wconf 90' lang='lat' dir='ltr'><strong>accepit;</strong></span> <span class='ocrx_word' id='word_1_625' title='bbox 3297 4189 3443 4268; x_wconf 61' lang='lat'><strong>546</strong></span> <span class='ocrx_word' id='word_1_626' title='bbox 3461 4209 3526 4250; x_wconf 88' lang='lat' dir='ltr'><strong>ac</strong></span> <span class='ocrx_word' id='word_1_627' title='bbox 3545 4191 3590 4248; x_wconf 91' lang='lat' dir='ltr'><strong>si</strong></span> <span class='ocrx_word' id='word_1_628' title='bbox 3613 4193 3740 4266; x_wconf 87' lang='lat' dir='ltr'><strong>plus</strong></span> 
     </span>
    </p>
   </div>
   <div class='ocr_carea' id='block_1_87' title="bbox 2139 4276 3740 4358">
    <p class='ocr_par' dir='ltr' id='par_1_87' title="bbox 2139 4276 3740 4358">
     <span class='ocr_line' id='line_1_87' title="bbox 2139 4276 3740 4358; baseline 0.005 -26"><span class='ocrx_word' id='word_1_629' title='bbox 2139 4276 2258 4349; x_wconf 89' lang='lat' dir='ltr'><strong>ipso</strong></span> <span class='ocrx_word' id='word_1_630' title='bbox 2286 4286 2426 4335; x_wconf 90' lang='lat' dir='ltr'><strong>esset</strong></span> <span class='ocrx_word' id='word_1_631' title='bbox 2454 4279 2670 4352; x_wconf 91' lang='lat' dir='ltr'><strong>sapiens</strong></span> <span class='ocrx_word' id='word_1_632' title='bbox 2698 4298 2730 4338; x_wconf 93' lang='lat' dir='ltr'><strong>a</strong></span> <span class='ocrx_word' id='word_1_633' title='bbox 2759 4298 2869 4356; x_wconf 90' lang='lat' dir='ltr'><strong>quo</strong></span> <span class='ocrx_word' id='word_1_634' title='bbox 2897 4281 3132 4340; x_wconf 89' lang='lat' dir='ltr'><strong>habebat</strong></span> <span class='ocrx_word' id='word_1_635' title='bbox 3160 4291 3224 4340; x_wconf 89' lang='lat' dir='ltr'><strong>ut</strong></span> <span class='ocrx_word' id='word_1_636' title='bbox 3249 4292 3412 4341; x_wconf 91' lang='lat' dir='ltr'><strong>esset.</strong></span> <span class='ocrx_word' id='word_1_637' title='bbox 3461 4283 3567 4341; x_wconf 90' lang='lat' dir='ltr'><strong>Sed</strong></span> <span class='ocrx_word' id='word_1_638' title='bbox 3607 4283 3740 4358; x_wconf 89' lang='lat' dir='ltr'><strong>quia</strong></span> 
     </span>
    </p>
   </div>
   <div class='ocr_carea' id='block_1_88' title="bbox 2138 4365 3738 4446">
    <p class='ocr_par' dir='ltr' id='par_1_88' title="bbox 2138 4365 3738 4446">
     <span class='ocr_line' id='line_1_88' title="bbox 2138 4365 3738 4446; baseline 0.004 -24"><span class='ocrx_word' id='word_1_639' title='bbox 2138 4365 2330 4424; x_wconf 90' lang='lat' dir='ltr'><strong>beatus</strong></span> <span class='ocrx_word' id='word_1_640' title='bbox 2357 4367 2480 4437; x_wconf 88' lang='lat' dir='ltr'><strong>Job,</strong></span> <span class='ocrx_word' id='word_1_641' title='bbox 2497 4378 2699 4426; x_wconf 66' lang='lat' dir='ltr'><strong>sanctae</strong></span> <span class='ocrx_word' id='word_1_642' title='bbox 2726 4370 2986 4428; x_wconf 71' lang='lat' dir='ltr'><strong>Ecclesiae</strong></span> <span class='ocrx_word' id='word_1_643' title='bbox 3019 4379 3210 4444; x_wconf 88' lang='lat' dir='ltr'><strong>typum</strong></span> <span class='ocrx_word' id='word_1_644' title='bbox 3241 4381 3454 4442; x_wconf 90' lang='lat' dir='ltr'><strong>tenens,</strong></span> <span class='ocrx_word' id='word_1_645' title='bbox 3474 4389 3648 4446; x_wconf 84' lang='lat' dir='ltr'><strong>pauca</strong></span> <span class='ocrx_word' id='word_1_646' title='bbox 3677 4372 3738 4429; x_wconf 91' lang='lat' dir='ltr'><strong>in</strong></span> 
     </span>
    </p>
   </div>
   <div class='ocr_carea' id='block_1_89' title="bbox 2135 4457 3738 4534">
    <p class='ocr_par' dir='ltr' id='par_1_89' title="bbox 2135 4457 3738 4534">
     <span class='ocr_line' id='line_1_89' title="bbox 2135 4457 3738 4534; baseline 0.004 -22"><span class='ocrx_word' id='word_1_647' title='bbox 2135 4457 2499 4530; x_wconf 89' lang='lat' dir='ltr'><strong>superborum</strong></span> <span class='ocrx_word' id='word_1_648' title='bbox 2529 4458 2875 4532; x_wconf 89' lang='lat' dir='ltr'><strong>correptione</strong></span> <span class='ocrx_word' id='word_1_649' title='bbox 2905 4459 3158 4533; x_wconf 89' lang='lat' dir='ltr'><strong>protulit,</strong></span> <span class='ocrx_word' id='word_1_650' title='bbox 3176 4477 3313 4534; x_wconf 92' lang='lat' dir='ltr'><strong>quos</strong></span> <span class='ocrx_word' id='word_1_651' title='bbox 3331 4469 3517 4518; x_wconf 88' lang='lat' dir='ltr'><strong>tenere</strong></span> <span class='ocrx_word' id='word_1_652' title='bbox 3547 4461 3738 4520; x_wconf 58' lang='lat' dir='ltr'><strong>hatre-</strong></span> 
     </span>
    </p>
   </div>
   <div class='ocr_carea' id='block_1_90' title="bbox 2133 4547 3734 4624">
    <p class='ocr_par' dir='ltr' id='par_1_90' title="bbox 2133 4547 3734 4624">
     <span class='ocr_line' id='line_1_90' title="bbox 2133 4547 3734 4624; baseline 0.004 -23"><span class='ocrx_word' id='word_1_653' title='bbox 2133 4547 2370 4604; x_wconf 90' lang='lat' dir='ltr'><strong>ticorum</strong></span> <span class='ocrx_word' id='word_1_654' title='bbox 2399 4548 2636 4620; x_wconf 89' lang='lat' dir='ltr'><strong>speciem</strong></span> <span class='ocrx_word' id='word_1_655' title='bbox 2666 4565 2778 4605; x_wconf 91' lang='lat' dir='ltr'><strong>non</strong></span> <span class='ocrx_word' id='word_1_656' title='bbox 2807 4548 3102 4621; x_wconf 85' lang='lat' dir='ltr'><strong>ignoravit,</strong></span> <span class='ocrx_word' id='word_1_657' title='bbox 3118 4549 3261 4606; x_wconf 90' lang='lat' dir='ltr'><strong>sicut</strong></span> <span class='ocrx_word' id='word_1_658' title='bbox 3283 4551 3534 4624; x_wconf 88' lang='lat' dir='ltr'><strong>superius</strong></span> <span class='ocrx_word' id='word_1_659' title='bbox 3549 4551 3696 4608; x_wconf 86' lang='lat' dir='ltr'><strong>dixit</strong></span> <span class='ocrx_word' id='word_1_660' title='bbox 3721 4569 3734 4608; x_wconf 87' lang='lat'><strong>:</strong></span> 
     </span>
    </p>
   </div>
   <div class='ocr_carea' id='block_1_91' title="bbox 418 4637 3736 4720">
    <p class='ocr_par' dir='ltr' id='par_1_91' title="bbox 418 4637 3736 4720">
     <span class='ocr_line' id='line_1_91' title="bbox 418 4637 3736 4720; baseline 0.001 -26"><span class='ocrx_word' id='word_1_661' title='bbox 418 4639 692 4694; x_wconf 78' lang='lat' dir='ltr'><strong>internum</strong></span> <span class='ocrx_word' id='word_1_662' title='bbox 724 4639 956 4712; x_wconf 87' lang='lat' dir='ltr'><strong>gratiam</strong></span> <span class='ocrx_word' id='word_1_663' title='bbox 1012 4639 1262 4695; x_wconf 84' lang='lat' dir='ltr'><strong>infundit</strong></span> <span class='ocrx_word' id='word_1_664' title='bbox 1307 4655 1410 4696; x_wconf 88' lang='lat' dir='ltr'><strong>nos</strong></span> <span class='ocrx_word' id='word_1_665' title='bbox 1455 4637 1863 4698; x_wconf 79' lang='lat' dir='ltr'><strong>exhortationis</strong></span> <span class='ocrx_word' id='word_1_666' title='bbox 1887 4659 2021 4698; x_wconf 88' lang='lat' dir='ltr'><strong>voce</strong></span> <span class='ocrx_word' id='word_1_667' title='bbox 2055 4661 2100 4720; x_wconf 83' lang='lat' dir='ltr'><strong>D</strong></span> <span class='ocrx_word' id='word_1_668' title='bbox 2133 4638 2422 4710; x_wconf 86' lang='lat' dir='ltr'><strong>Disputare</strong></span> <span class='ocrx_word' id='word_1_669' title='bbox 2451 4655 2569 4693; x_wconf 90' lang='lat' dir='ltr'><strong>cum</strong></span> <span class='ocrx_word' id='word_1_670' title='bbox 2595 4639 2706 4695; x_wconf 91' lang='lat' dir='ltr'><strong>Deo</strong></span> <span class='ocrx_word' id='word_1_671' title='bbox 2725 4639 2900 4711; x_wconf 88' lang='lat' dir='ltr'><strong>cupio,</strong></span> <span class='ocrx_word' id='word_1_672' title='bbox 2920 4639 3078 4712; x_wconf 85' lang='lat' dir='ltr'><strong>prius</strong></span> <span class='ocrx_word' id='word_1_673' title='bbox 3115 4657 3204 4695; x_wconf 88' lang='lat' dir='ltr'><strong>vos</strong></span> <span class='ocrx_word' id='word_1_674' title='bbox 3242 4641 3512 4697; x_wconf 85' lang='lat' dir='ltr'><strong>ostendens</strong></span> <span class='ocrx_word' id='word_1_675' title='bbox 3545 4641 3736 4712; x_wconf 87' lang='lat' dir='ltr'><strong>fabri-</strong></span> 
     </span>
    </p>
   </div>
   <div class='ocr_carea' id='block_1_92' title="bbox 359 4727 2019 4802">
    <p class='ocr_par' dir='ltr' id='par_1_92' title="bbox 359 4727 2019 4802">
     <span class='ocr_line' id='line_1_92' title="bbox 359 4727 2019 4802; baseline 0.001 -17"><span class='ocrx_word' id='word_1_676' title='bbox 359 4751 364 4754; x_wconf 94' lang='grc'>·</span> <span class='ocrx_word' id='word_1_677' title='bbox 417 4727 820 4796; x_wconf 87' lang='lat' dir='ltr'><strong>concurrimus,</strong></span> <span class='ocrx_word' id='word_1_678' title='bbox 851 4727 957 4787; x_wconf 90' lang='lat' dir='ltr'><strong>hoc</strong></span> <span class='ocrx_word' id='word_1_679' title='bbox 985 4727 1134 4802; x_wconf 91' lang='lat' dir='ltr'><strong>quod</strong></span> <span class='ocrx_word' id='word_1_680' title='bbox 1163 4728 1258 4784; x_wconf 90' lang='lat' dir='ltr'><strong>ille</strong></span> <span class='ocrx_word' id='word_1_681' title='bbox 1288 4744 1384 4800; x_wconf 89' lang='lat' dir='ltr'><strong>per</strong></span> <span class='ocrx_word' id='word_1_682' title='bbox 1411 4729 1670 4802; x_wconf 89' lang='lat' dir='ltr'><strong>spiritum</strong></span> <span class='ocrx_word' id='word_1_683' title='bbox 1692 4729 2019 4802; x_wconf 87' lang='lat' dir='ltr'><strong>agitintrin-</strong></span> 
     </span>
    </p>
   </div>
   <div class='ocr_carea' id='block_1_93' title="bbox 417 4816 2019 4893">
    <p class='ocr_par' dir='ltr' id='par_1_93' title="bbox 417 4816 2019 4893">
     <span class='ocr_line' id='line_1_93' title="bbox 417 4816 2019 4893; baseline 0.002 -20"><span class='ocrx_word' id='word_1_684' title='bbox 417 4833 574 4874; x_wconf 87' lang='lat' dir='ltr'><strong>secus</strong></span> <span class='ocrx_word' id='word_1_685' title='bbox 601 4833 702 4874; x_wconf 92' lang='lat' dir='ltr'><strong>nos</strong></span> <span class='ocrx_word' id='word_1_686' title='bbox 729 4818 980 4875; x_wconf 88' lang='lat' dir='ltr'><strong>exterius</strong></span> <span class='ocrx_word' id='word_1_687' title='bbox 1024 4816 1337 4874; x_wconf 89' lang='lat' dir='ltr'><strong>ministerio</strong></span> <span class='ocrx_word' id='word_1_688' title='bbox 1380 4818 1539 4876; x_wconf 89' lang='lat' dir='ltr'><strong>vobis</strong></span> <span class='ocrx_word' id='word_1_689' title='bbox 1579 4819 1932 4893; x_wconf 89' lang='lat' dir='ltr'><strong>adjuvamus,</strong></span> <span class='ocrx_word' id='word_1_690' title='bbox 1965 4829 2019 4877; x_wconf 90' lang='lat' dir='ltr'><strong>et</strong></span> 
     </span>
    </p>
   </div>
   <div class='ocr_carea' id='block_1_94' title="bbox 415 4907 2016 4982">
    <p class='ocr_par' dir='ltr' id='par_1_94' title="bbox 415 4907 2016 4982">
     <span class='ocr_line' id='line_1_94' title="bbox 415 4907 2016 4982; baseline 0.002 -19"><span class='ocrx_word' id='word_1_691' title='bbox 415 4915 549 4966; x_wconf 90' lang='lat' dir='ltr'><strong>tunc</strong></span> <span class='ocrx_word' id='word_1_692' title='bbox 578 4909 759 4964; x_wconf 90' lang='lat' dir='ltr'><strong>solum</strong></span> <span class='ocrx_word' id='word_1_693' title='bbox 788 4915 977 4965; x_wconf 90' lang='lat' dir='ltr'><strong>nostra</strong></span> <span class='ocrx_word' id='word_1_694' title='bbox 1005 4907 1322 4964; x_wconf 86' lang='lat' dir='ltr'><strong>exhortatio</strong></span> <span class='ocrx_word' id='word_1_695' title='bbox 1337 4909 1408 4966; x_wconf 92' lang='lat' dir='ltr'><strong>ad</strong></span> <span class='ocrx_word' id='word_1_696' title='bbox 1439 4910 1832 4982; x_wconf 88' lang='lat' dir='ltr'><strong>perfectionem</strong></span> <span class='ocrx_word' id='word_1_697' title='bbox 1863 4913 2016 4970; x_wconf 89' lang='lat' dir='ltr'><strong>duci-</strong></span> 
     </span>
    </p>
   </div>
   <div class='ocr_carea' id='block_1_95' title="bbox 417 4997 2014 5074">
    <p class='ocr_par' dir='ltr' id='par_1_95' title="bbox 417 4997 2014 5074">
     <span class='ocr_line' id='line_1_95' title="bbox 417 4997 2014 5074; baseline 0.003 -21"><span class='ocrx_word' id='word_1_698' title='bbox 417 5005 525 5068; x_wconf 90' lang='lat' dir='ltr'><strong>tur,</strong></span> <span class='ocrx_word' id='word_1_699' title='bbox 541 5015 670 5057; x_wconf 90' lang='lat' dir='ltr'><strong>cum</strong></span> <span class='ocrx_word' id='word_1_700' title='bbox 699 4998 760 5055; x_wconf 91' lang='lat' dir='ltr'><strong>in</strong></span> <span class='ocrx_word' id='word_1_701' title='bbox 787 4997 952 5055; x_wconf 91' lang='lat' dir='ltr'><strong>corde</strong></span> <span class='ocrx_word' id='word_1_702' title='bbox 973 4999 1119 5056; x_wconf 89' lang='lat' dir='ltr'><strong>Deus</strong></span> <span class='ocrx_word' id='word_1_703' title='bbox 1147 4997 1315 5055; x_wconf 82' lang='lat' dir='ltr'><strong>fuerit</strong></span> <span class='ocrx_word' id='word_1_704' title='bbox 1331 4999 1427 5074; x_wconf 89' lang='lat' dir='ltr'><strong>qui</strong></span> <span class='ocrx_word' id='word_1_705' title='bbox 1447 4999 1762 5072; x_wconf 86' lang='lat' dir='ltr'><strong>adjuvetur.</strong></span> <span class='ocrx_word' id='word_1_706' title='bbox 1788 5001 1942 5058; x_wconf 87' lang='lat' dir='ltr'><strong>Unde</strong></span> <span class='ocrx_word' id='word_1_707' title='bbox 1962 5009 2014 5058; x_wconf 89' lang='lat' dir='ltr'><strong>et</strong></span> 
     </span>
    </p>
   </div>
   <div class='ocr_carea' id='block_1_96' title="bbox 411 5085 2017 5162">
    <p class='ocr_par' dir='ltr' id='par_1_96' title="bbox 411 5085 2017 5162">
     <span class='ocr_line' id='line_1_96' title="bbox 411 5085 2017 5162; baseline 0.002 -20"><span class='ocrx_word' id='word_1_708' title='bbox 411 5085 548 5145; x_wconf 83' lang='lat' dir='ltr'><strong>alias</strong></span> <span class='ocrx_word' id='word_1_709' title='bbox 573 5087 710 5146; x_wconf 89' lang='lat' dir='ltr'><strong>dicit</strong></span> <span class='ocrx_word' id='word_1_710' title='bbox 741 5105 754 5145; x_wconf 92' lang='lat'>:</span> <span class='ocrx_word' id='word_1_711' title='bbox 787 5088 966 5160; x_wconf 83' lang='lat' dir='ltr'><strong>Neque</strong></span> <span class='ocrx_word' id='word_1_712' title='bbox 993 5087 1088 5160; x_wconf 89' lang='lat' dir='ltr'><strong>qui</strong></span> <span class='ocrx_word' id='word_1_713' title='bbox 1108 5089 1326 5160; x_wconf 85' lang='lat' dir='ltr'><strong>plantat</strong></span> <span class='ocrx_word' id='word_1_714' title='bbox 1363 5095 1439 5143; x_wconf 88' lang='lat' dir='ltr'><strong>est</strong></span> <span class='ocrx_word' id='word_1_715' title='bbox 1464 5089 1697 5161; x_wconf 88' lang='lat' dir='ltr'><strong>aliquid,</strong></span> <span class='ocrx_word' id='word_1_716' title='bbox 1728 5107 1892 5162; x_wconf 87' lang='lat' dir='ltr'><strong>neque</strong></span> <span class='ocrx_word' id='word_1_717' title='bbox 1921 5093 2017 5162; x_wconf 88' lang='lat' dir='ltr'><strong>qui</strong></span> 
     </span>
    </p>
   </div>
   <div class='ocr_carea' id='block_1_97' title="bbox 410 5175 2014 5252">
    <p class='ocr_par' dir='ltr' id='par_1_97' title="bbox 410 5175 2014 5252">
     <span class='ocr_line' id='line_1_97' title="bbox 410 5175 2014 5252; baseline 0.003 -21"><span class='ocrx_word' id='word_1_718' title='bbox 410 5175 576 5248; x_wconf 84' lang='lat' dir='ltr'><strong>rigat,</strong></span> <span class='ocrx_word' id='word_1_719' title='bbox 605 5178 695 5234; x_wconf 83' lang='lat' dir='ltr'><strong>sed</strong></span> <span class='ocrx_word' id='word_1_720' title='bbox 709 5177 803 5249; x_wconf 90' lang='lat' dir='ltr'><strong>qui</strong></span> <span class='ocrx_word' id='word_1_721' title='bbox 827 5177 1206 5233; x_wconf 84' lang='lat' dir='ltr'><strong>incrementum</strong></span> <span class='ocrx_word' id='word_1_722' title='bbox 1234 5176 1328 5232; x_wconf 89' lang='lat' dir='ltr'><strong>dat</strong></span> <span class='ocrx_word' id='word_1_723' title='bbox 1355 5176 1498 5232; x_wconf 86' lang='lat' dir='ltr'><strong>Deus</strong></span> <span class='ocrx_word' id='word_1_724' title='bbox 1529 5177 1720 5250; x_wconf 87' lang='lat' dir='ltr'><strong>(Ibid.,</strong></span> <span class='ocrx_word' id='word_1_725' title='bbox 1743 5179 1822 5252; x_wconf 91' lang='lat'><strong>7).</strong></span> <span class='ocrx_word' id='word_1_726' title='bbox 1853 5179 2014 5236; x_wconf 89' lang='lat' dir='ltr'><strong>Plan-</strong></span> 
     </span>
    </p>
   </div>
   <div class='ocr_carea' id='block_1_98' title="bbox 409 5267 2012 5344">
    <p class='ocr_par' dir='ltr' id='par_1_98' title="bbox 409 5267 2012 5344">
     <span class='ocr_line' id='line_1_98' title="bbox 409 5267 2012 5344; baseline 0.001 -20"><span class='ocrx_word' id='word_1_727' title='bbox 409 5273 528 5324; x_wconf 88' lang='lat' dir='ltr'><strong>tare</strong></span> <span class='ocrx_word' id='word_1_728' title='bbox 555 5267 758 5342; x_wconf 90' lang='lat' dir='ltr'><strong>quippe</strong></span> <span class='ocrx_word' id='word_1_729' title='bbox 785 5273 840 5324; x_wconf 89' lang='lat' dir='ltr'><strong>et</strong></span> <span class='ocrx_word' id='word_1_730' title='bbox 865 5268 1068 5342; x_wconf 85' lang='lat' dir='ltr'><strong>rigare,</strong></span> <span class='ocrx_word' id='word_1_731' title='bbox 1089 5267 1353 5341; x_wconf 86' lang='lat' dir='ltr'><strong>adjuvare</strong></span> <span class='ocrx_word' id='word_1_732' title='bbox 1381 5277 1484 5325; x_wconf 90' lang='lat' dir='ltr'><strong>est.</strong></span> <span class='ocrx_word' id='word_1_733' title='bbox 1517 5269 1676 5338; x_wconf 90' lang='lat' dir='ltr'><strong>Quod</strong></span> <span class='ocrx_word' id='word_1_734' title='bbox 1715 5277 2012 5344; x_wconf 87' lang='lat' dir='ltr'><strong>utrumque</strong></span> 
     </span>
    </p>
   </div>
   <div class='ocr_carea' id='block_1_99' title="bbox 411 5354 2010 5426">
    <p class='ocr_par' dir='ltr' id='par_1_99' title="bbox 411 5354 2010 5426">
     <span class='ocr_line' id='line_1_99' title="bbox 411 5354 2010 5426; baseline 0.003 -15"><span class='ocrx_word' id='word_1_735' title='bbox 411 5369 648 5414; x_wconf 85' lang='lat' dir='ltr'><strong>vacuum</strong></span> <span class='ocrx_word' id='word_1_736' title='bbox 677 5354 783 5412; x_wconf 89' lang='lat' dir='ltr'><strong>erit</strong></span> <span class='ocrx_word' id='word_1_737' title='bbox 810 5357 1202 5426; x_wconf 87' lang='lat' dir='ltr'><strong>ministerium,</strong></span> <span class='ocrx_word' id='word_1_738' title='bbox 1237 5357 1283 5414; x_wconf 91' lang='lat' dir='ltr'><strong>si</strong></span> <span class='ocrx_word' id='word_1_739' title='bbox 1314 5356 1374 5416; x_wconf 86' lang='lat' dir='ltr'><strong>in</strong></span> <span class='ocrx_word' id='word_1_740' title='bbox 1402 5358 1568 5415; x_wconf 90' lang='lat' dir='ltr'><strong>corde</strong></span> <span class='ocrx_word' id='word_1_741' title='bbox 1596 5360 1744 5416; x_wconf 91' lang='lat' dir='ltr'><strong>Deus</strong></span> <span class='ocrx_word' id='word_1_742' title='bbox 1762 5375 1875 5416; x_wconf 92' lang='lat' dir='ltr'><strong>non</strong></span> <span class='ocrx_word' id='word_1_743' title='bbox 1915 5359 2010 5416; x_wconf 86' lang='lat' dir='ltr'><strong>dat</strong></span> 
     </span>
    </p>
   </div>
   <div class='ocr_carea' id='block_1_100' title="bbox 409 5445 2008 5525">
    <p class='ocr_par' dir='ltr' id='par_1_100' title="bbox 409 5445 2008 5525">
     <span class='ocr_line' id='line_1_100' title="bbox 409 5445 2008 5525; baseline 0.002 -22"><span class='ocrx_word' id='word_1_744' title='bbox 409 5445 833 5504; x_wconf 84' lang='lat' dir='ltr'><strong>incrementum.</strong></span> <span class='ocrx_word' id='word_1_745' title='bbox 857 5447 962 5504; x_wconf 88' lang='lat' dir='ltr'><strong>Sed</strong></span> <span class='ocrx_word' id='word_1_746' title='bbox 991 5448 1086 5523; x_wconf 90' lang='lat' dir='ltr'><strong>qui</strong></span> <span class='ocrx_word' id='word_1_747' title='bbox 1107 5447 1174 5504; x_wconf 92' lang='lat' dir='ltr'><strong>de</strong></span> <span class='ocrx_word' id='word_1_748' title='bbox 1191 5465 1357 5506; x_wconf 89' lang='lat' dir='ltr'><strong>sensu</strong></span> <span class='ocrx_word' id='word_1_749' title='bbox 1373 5465 1474 5506; x_wconf 91' lang='lat' dir='ltr'><strong>suo</strong></span> <span class='ocrx_word' id='word_1_750' title='bbox 1501 5450 1615 5506; x_wconf 90' lang='lat' dir='ltr'><strong>alta</strong></span> <span class='ocrx_word' id='word_1_751' title='bbox 1632 5450 1876 5525; x_wconf 88' lang='lat' dir='ltr'><strong>sapiunt,</strong></span> <span class='ocrx_word' id='word_1_752' title='bbox 1891 5466 2008 5508; x_wconf 90' lang='lat' dir='ltr'><strong>esse</strong></span> 
     </span>
    </p>
   </div>
   <div class='ocr_carea' id='block_1_101' title="bbox 409 5534 2007 5612">
    <p class='ocr_par' dir='ltr' id='par_1_101' title="bbox 409 5534 2007 5612">
     <span class='ocr_line' id='line_1_101' title="bbox 409 5534 2007 5612; baseline 0.003 -20"><span class='ocrx_word' id='word_1_753' title='bbox 409 5534 807 5592; x_wconf 88' lang='lat' dir='ltr'><strong>humiliterDei</strong></span> <span class='ocrx_word' id='word_1_754' title='bbox 825 5534 1104 5608; x_wconf 88' lang='lat' dir='ltr'><strong>adjutores</strong></span> <span class='ocrx_word' id='word_1_755' title='bbox 1119 5537 1473 5612; x_wconf 89' lang='lat' dir='ltr'><strong>nolunt,quia</strong></span> <span class='ocrx_word' id='word_1_756' title='bbox 1488 5538 1622 5596; x_wconf 89' lang='lat' dir='ltr'><strong>dum</strong></span> <span class='ocrx_word' id='word_1_757' title='bbox 1637 5556 1695 5596; x_wconf 87' lang='lat' dir='ltr'><strong>se</strong></span> <span class='ocrx_word' id='word_1_758' title='bbox 1713 5541 1826 5597; x_wconf 91' lang='lat' dir='ltr'><strong>Deo</strong></span> <span class='ocrx_word' id='word_1_759' title='bbox 1843 5540 2007 5597; x_wconf 89' lang='lat' dir='ltr'><strong>utiles</strong></span> 
     </span>
    </p>
   </div>
   <div class='ocr_carea' id='block_1_102' title="bbox 485 5741 1304 5824">
    <p class='ocr_par' dir='ltr' id='par_1_102' title="bbox 485 5741 1304 5824">
     <span class='ocr_line' id='line_1_102' title="bbox 485 5741 1304 5824; baseline 0.004 -26"><span class='ocrx_word' id='word_1_760' title='bbox 485 5742 500 5824; x_wconf 72' lang='grc' dir='ltr'><strong>ξ</strong></span> <span class='ocrx_word' id='word_1_761' title='bbox 532 5741 804 5824; x_wconf 67' lang='lat' dir='ltr'><strong>Yindop.,_</strong></span> <span class='ocrx_word' id='word_1_762' title='bbox 828 5743 999 5824; x_wconf 78' lang='lat' dir='ltr'><strong>culpis</strong></span> <span class='ocrx_word' id='word_1_763' title='bbox 1017 5743 1304 5824; x_wconf 66' lang='lat' dir='ltr'><strong>prostrati.</strong></span> 
     </span>
    </p>
   </div>
   <div class='ocr_carea' id='block_1_103' title="bbox 479 5813 1923 5900">
    <p class='ocr_par' dir='ltr' id='par_1_103' title="bbox 479 5813 1923 5900">
     <span class='ocr_line' id='line_1_103' title="bbox 479 5813 1923 5900; baseline -0.008 -7"><span class='ocrx_word' id='word_1_764' title='bbox 479 5813 500 5900; x_wconf 79' lang='grc' dir='ltr'>Ξ</span> <span class='ocrx_word' id='word_1_765' title='bbox 530 5813 764 5900; x_wconf 64' lang='grc' dir='ltr'><strong>μείρει·</strong></span> <span class='ocrx_word' id='word_1_766' title='bbox 789 5813 976 5900; x_wconf 64' lang='grc' dir='ltr'><strong>Ιξδῢὲι,</strong></span> <span class='ocrx_word' id='word_1_767' title='bbox 995 5813 1441 5900; x_wconf 53' lang='lat' dir='ltr'><strong>iurisperitorum</strong></span> <span class='ocrx_word' id='word_1_768' title='bbox 1455 5832 1510 5880; x_wconf 90' lang='lat' dir='ltr'><strong>et</strong></span> <span class='ocrx_word' id='word_1_769' title='bbox 1527 5825 1888 5900; x_wconf 80' lang='lat' dir='ltr'><strong>jurisperitis.</strong></span> <span class='ocrx_word' id='word_1_770' title='bbox 1921 5837 1923 5840; x_wconf 33' lang='grc'><em>⁴</em></span> 
     </span>
    </p>
   </div>
   <div class='ocr_carea' id='block_1_104' title="bbox 478 5885 1446 5960">
    <p class='ocr_par' dir='ltr' id='par_1_104' title="bbox 478 5885 1446 5960">
     <span class='ocr_line' id='line_1_104' title="bbox 478 5885 1446 5960; baseline 0.009 -17"><span class='ocrx_word' id='word_1_771' title='bbox 478 5886 500 5920; x_wconf 83' lang='grc'><strong>³</strong></span> <span class='ocrx_word' id='word_1_772' title='bbox 528 5885 652 5944; x_wconf 86' lang='lat' dir='ltr'><strong>Duo</strong></span> <span class='ocrx_word' id='word_1_773' title='bbox 679 5886 877 5956; x_wconf 86' lang='lat' dir='ltr'><strong>Laud.,</strong></span> <span class='ocrx_word' id='word_1_774' title='bbox 908 5885 1160 5960; x_wconf 67' lang='lat' dir='ltr'><strong>nunquid</strong></span> <span class='ocrx_word' id='word_1_775' title='bbox 1177 5887 1446 5951; x_wconf 83' lang='lat' dir='ltr'><strong>imbecilli.</strong></span> 
     </span>
    </p>
   </div>
   <div class='ocr_carea' id='block_1_105' title="bbox 2129 4730 3734 4806">
    <p class='ocr_par' dir='ltr' id='par_1_105' title="bbox 2129 4730 3734 4806">
     <span class='ocr_line' id='line_1_105' title="bbox 2129 4730 3734 4806; baseline 0.002 -20"><span class='ocrx_word' id='word_1_776' title='bbox 2129 4737 2328 4786; x_wconf 79' lang='lat' dir='ltr'><strong>calores</strong></span> <span class='ocrx_word' id='word_1_777' title='bbox 2355 4730 2634 4796; x_wconf 81' lang='lat' dir='ltr'><strong>mendacii,</strong></span> <span class='ocrx_word' id='word_1_778' title='bbox 2682 4737 2730 4785; x_wconf 88' lang='lat' dir='ltr'><strong>et</strong></span> <span class='ocrx_word' id='word_1_779' title='bbox 2762 4732 2986 4787; x_wconf 86' lang='lat' dir='ltr'><strong>cultores</strong></span> <span class='ocrx_word' id='word_1_780' title='bbox 3011 4749 3387 4803; x_wconf 85' lang='lat' dir='ltr'><strong>perversorum</strong></span> <span class='ocrx_word' id='word_1_781' title='bbox 3425 4733 3734 4806; x_wconf 83' lang='lat' dir='ltr'><strong>dogmatum</strong></span> 
     </span>
    </p>
   </div>
   <div class='ocr_carea' id='block_1_106' title="bbox 2133 4819 3734 4896">
    <p class='ocr_par' dir='ltr' id='par_1_106' title="bbox 2133 4819 3734 4896">
     <span class='ocr_line' id='line_1_106' title="bbox 2133 4819 3734 4896; baseline 0.003 -21"><span class='ocrx_word' id='word_1_782' title='bbox 2133 4820 2254 4891; x_wconf 84' lang='lat' dir='ltr'><strong>(Job</strong></span> <span class='ocrx_word' id='word_1_783' title='bbox 2282 4819 2493 4888; x_wconf 58' lang='lat' dir='ltr'><strong>smn-3,</strong></span> <span class='ocrx_word' id='word_1_784' title='bbox 2522 4819 2580 4891; x_wconf 73' lang='grc'><strong>4)</strong></span> <span class='ocrx_word' id='word_1_785' title='bbox 2606 4838 2620 4888; x_wconf 90' lang='grc'>;</span> <span class='ocrx_word' id='word_1_786' title='bbox 2653 4829 2878 4891; x_wconf 90' lang='lat' dir='ltr'><strong>repente</strong></span> <span class='ocrx_word' id='word_1_787' title='bbox 2907 4837 2963 4876; x_wconf 92' lang='lat' dir='ltr'><strong>se</strong></span> <span class='ocrx_word' id='word_1_788' title='bbox 3005 4821 3075 4877; x_wconf 90' lang='lat' dir='ltr'><strong>ad</strong></span> <span class='ocrx_word' id='word_1_789' title='bbox 3120 4820 3433 4878; x_wconf 90' lang='lat' dir='ltr'><strong>doctrinam</strong></span> <span class='ocrx_word' id='word_1_790' title='bbox 3462 4821 3646 4896; x_wconf 89' lang='lat' dir='ltr'><strong>erigit,</strong></span> <span class='ocrx_word' id='word_1_791' title='bbox 3677 4831 3734 4880; x_wconf 89' lang='lat' dir='ltr'><strong>et</strong></span> 
     </span>
    </p>
   </div>
   <div class='ocr_carea' id='block_1_107' title="bbox 2128 4910 3730 4984">
    <p class='ocr_par' dir='ltr' id='par_1_107' title="bbox 2128 4910 3730 4984">
     <span class='ocr_line' id='line_1_107' title="bbox 2128 4910 3730 4984; baseline 0.004 -20"><span class='ocrx_word' id='word_1_792' title='bbox 2128 4917 2317 4965; x_wconf 89' lang='lat' dir='ltr'><strong>contra</strong></span> <span class='ocrx_word' id='word_1_793' title='bbox 2328 4910 2596 4967; x_wconf 86' lang='lat' dir='ltr'><strong>elatorum</strong></span> <span class='ocrx_word' id='word_1_794' title='bbox 2614 4910 2948 4984; x_wconf 89' lang='lat' dir='ltr'><strong>imperitiam</strong></span> <span class='ocrx_word' id='word_1_795' title='bbox 2965 4911 3210 4967; x_wconf 75' lang='lat' dir='ltr'><strong>scientiae</strong></span> <span class='ocrx_word' id='word_1_796' title='bbox 3231 4928 3345 4968; x_wconf 74' lang='lat' dir='ltr'><strong>suae</strong></span> <span class='ocrx_word' id='word_1_797' title='bbox 3375 4912 3730 4970; x_wconf 91' lang='lat' dir='ltr'><strong>latitudinem</strong></span> 
     </span>
    </p>
   </div>
   <div class='ocr_carea' id='block_1_108' title="bbox 2127 4999 3188 5072">
    <p class='ocr_par' dir='ltr' id='par_1_108' title="bbox 2127 4999 3188 5072">
     <span class='ocr_line' id='line_1_108' title="bbox 2127 4999 3188 5072; baseline 0.002 -18"><span class='ocrx_word' id='word_1_798' title='bbox 2127 5014 2224 5070; x_wconf 86' lang='lat' dir='ltr'><strong>per</strong></span> <span class='ocrx_word' id='word_1_799' title='bbox 2250 4999 2550 5056; x_wconf 88' lang='lat' dir='ltr'><strong>sententias</strong></span> <span class='ocrx_word' id='word_1_800' title='bbox 2579 5001 2600 5035; x_wconf 73' lang='grc'><strong>⁸</strong></span> <span class='ocrx_word' id='word_1_801' title='bbox 2629 5000 2917 5072; x_wconf 77' lang='lat' dir='ltr'><strong>expandit,</strong></span> <span class='ocrx_word' id='word_1_802' title='bbox 2948 4999 3143 5056; x_wconf 86' lang='lat' dir='ltr'><strong>dicens</strong></span> <span class='ocrx_word' id='word_1_803' title='bbox 3177 5017 3188 5056; x_wconf 91' lang='lat'><strong>:</strong></span> 
     </span>
    </p>
   </div>
   <div class='ocr_carea' id='block_1_109' title="bbox 2406 5087 3429 5163">
    <p class='ocr_par' dir='ltr' id='par_1_109' title="bbox 2406 5087 3429 5163">
     <span class='ocr_line' id='line_1_109' title="bbox 2406 5087 3429 5163; baseline 0 -17"><span class='ocrx_word' id='word_1_804' title='bbox 2406 5087 2634 5146; x_wconf 82' lang='lat' dir='ltr'><strong>CAPUT</strong></span> <span class='ocrx_word' id='word_1_805' title='bbox 2653 5089 2788 5146; x_wconf 81' lang='lat' dir='ltr'><strong>XXI</strong></span> <span class='ocrx_word' id='word_1_806' title='bbox 2820 5088 2957 5163; x_wconf 85' lang='lat' dir='ltr'><strong>[Vet.</strong></span> <span class='ocrx_word' id='word_1_807' title='bbox 2990 5090 3090 5158; x_wconf 86' lang='lat' dir='ltr'><strong>XI,</strong></span> <span class='ocrx_word' id='word_1_808' title='bbox 3119 5091 3238 5148; x_wconf 84' lang='lat' dir='ltr'><strong>Rec.</strong></span> <span class='ocrx_word' id='word_1_809' title='bbox 3271 5089 3429 5163; x_wconf 87' lang='lat' dir='ltr'><strong>XII].</strong></span> 
     </span>
    </p>
   </div>
   <div class='ocr_carea' id='block_1_110' title="bbox 2195 5176 3546 5254">
    <p class='ocr_par' dir='ltr' id='par_1_110' title="bbox 2195 5176 3546 5254">
     <span class='ocr_line' id='line_1_110' title="bbox 2195 5176 3546 5254; baseline 0.002 -21"><span class='ocrx_word' id='word_1_810' title='bbox 2195 5176 2365 5234; x_wconf 72' lang='lat' dir='ltr'><strong>Vnus.</strong></span> <span class='ocrx_word' id='word_1_811' title='bbox 2396 5178 2450 5234; x_wconf 79' lang='lat'><strong>5.</strong></span> <span class='ocrx_word' id='word_1_812' title='bbox 2481 5208 2554 5220; x_wconf 89' lang='lat'><strong>—</strong></span> <span class='ocrx_word' id='word_1_813' title='bbox 2578 5179 2712 5234; x_wconf 88' lang='lat' dir='ltr'><strong>Ecce</strong></span> <span class='ocrx_word' id='word_1_814' title='bbox 2745 5179 2976 5251; x_wconf 84' lang='lat' dir='ltr'><strong>gigantes</strong></span> <span class='ocrx_word' id='word_1_815' title='bbox 3003 5187 3212 5252; x_wconf 85' lang='lat' dir='ltr'><strong>gemunt</strong></span> <span class='ocrx_word' id='word_1_816' title='bbox 3249 5181 3344 5236; x_wconf 86' lang='lat' dir='ltr'><strong>sub</strong></span> <span class='ocrx_word' id='word_1_817' title='bbox 3371 5181 3546 5254; x_wconf 84' lang='lat' dir='ltr'><strong>aquis.</strong></span> 
     </span>
    </p>
   </div>
   <div class='ocr_carea' id='block_1_111' title="bbox 2193 5263 3726 5343">
    <p class='ocr_par' dir='ltr' id='par_1_111' title="bbox 2193 5263 3726 5343">
     <span class='ocr_line' id='line_1_111' title="bbox 2193 5263 3726 5343; baseline 0.005 -22"><span class='ocrx_word' id='word_1_818' title='bbox 2193 5263 2281 5322; x_wconf 91' lang='lat'><strong>30.</strong></span> <span class='ocrx_word' id='word_1_819' title='bbox 2312 5265 2502 5338; x_wconf 78' lang='lat' dir='ltr'><strong>Angali</strong></span> <span class='ocrx_word' id='word_1_820' title='bbox 2528 5273 2576 5323; x_wconf 88' lang='lat' dir='ltr'><strong>et</strong></span> <span class='ocrx_word' id='word_1_821' title='bbox 2593 5268 2824 5324; x_wconf 85' lang='lat' dir='ltr'><strong>homines</strong></span> <span class='ocrx_word' id='word_1_822' title='bbox 2841 5270 3075 5342; x_wconf 85' lang='lat' dir='ltr'><strong>superbi,</strong></span> <span class='ocrx_word' id='word_1_823' title='bbox 3095 5270 3414 5343; x_wconf 70' lang='lat' dir='ltr'><strong>ignorantia:</strong></span> <span class='ocrx_word' id='word_1_824' title='bbox 3441 5272 3628 5343; x_wconf 78' lang='lat' dir='ltr'><strong>abysso</strong></span> <span class='ocrx_word' id='word_1_825' title='bbox 3651 5273 3726 5328; x_wconf 80' lang='lat' dir='ltr'><strong>in-</strong></span> 
     </span>
    </p>
   </div>
   <div class='ocr_carea' id='block_1_112' title="bbox 2119 5355 3724 5435">
    <p class='ocr_par' dir='ltr' id='par_1_112' title="bbox 2119 5355 3724 5435">
     <span class='ocr_line' id='line_1_112' title="bbox 2119 5355 3724 5435; baseline 0.006 -27"><span class='ocrx_word' id='word_1_826' title='bbox 2119 5355 2425 5412; x_wconf 78' lang='lat' dir='ltr'><strong>volvuntur.</strong></span> <span class='ocrx_word' id='word_1_827' title='bbox 2455 5387 2526 5399; x_wconf 94' lang='lat'><strong><em>—</em></strong></span> <span class='ocrx_word' id='word_1_828' title='bbox 2555 5355 2794 5430; x_wconf 84' lang='lat' dir='ltr'><strong>Dignum</strong></span> <span class='ocrx_word' id='word_1_829' title='bbox 2823 5357 3028 5432; x_wconf 89' lang='lat' dir='ltr'><strong>quippe</strong></span> <span class='ocrx_word' id='word_1_830' title='bbox 3042 5367 3161 5416; x_wconf 90' lang='lat' dir='ltr'><strong>erat</strong></span> <span class='ocrx_word' id='word_1_831' title='bbox 3177 5368 3238 5416; x_wconf 91' lang='lat' dir='ltr'><strong>ut</strong></span> <span class='ocrx_word' id='word_1_832' title='bbox 3268 5376 3366 5434; x_wconf 88' lang='lat' dir='ltr'><strong>per</strong></span> <span class='ocrx_word' id='word_1_833' title='bbox 3395 5361 3724 5435; x_wconf 86' lang='lat' dir='ltr'><strong>increpatio-</strong></span> 
     </span>
    </p>
   </div>
   <div class='ocr_carea' id='block_1_113' title="bbox 2115 5445 3716 5522">
    <p class='ocr_par' dir='ltr' id='par_1_113' title="bbox 2115 5445 3716 5522">
     <span class='ocr_line' id='line_1_113' title="bbox 2115 5445 3716 5522; baseline 0.004 -22"><span class='ocrx_word' id='word_1_834' title='bbox 2115 5459 2241 5502; x_wconf 89' lang='lat' dir='ltr'><strong>nem</strong></span> <span class='ocrx_word' id='word_1_835' title='bbox 2271 5445 2424 5519; x_wconf 90' lang='lat' dir='ltr'><strong>prius</strong></span> <span class='ocrx_word' id='word_1_836' title='bbox 2450 5453 2725 5504; x_wconf 89' lang='lat' dir='ltr'><strong>tumorem</strong></span> <span class='ocrx_word' id='word_1_837' title='bbox 2753 5447 3037 5522; x_wconf 77' lang='lat' dir='ltr'><strong>sapientiae</strong></span> <span class='ocrx_word' id='word_1_838' title='bbox 3067 5456 3304 5506; x_wconf 81' lang='lat' dir='ltr'><strong>terrenae</strong></span> <span class='ocrx_word' id='word_1_839' title='bbox 3320 5451 3716 5520; x_wconf 87' lang='lat' dir='ltr'><strong>retunderet,et</strong></span> 
     </span>
    </p>
   </div>
   <div class='ocr_carea' id='block_1_114' title="bbox 2115 5533 3718 5610">
    <p class='ocr_par' dir='ltr' id='par_1_114' title="bbox 2115 5533 3718 5610">
     <span class='ocr_line' id='line_1_114' title="bbox 2115 5533 3718 5610; baseline 0.006 -22"><span class='ocrx_word' id='word_1_840' title='bbox 2115 5549 2212 5604; x_wconf 92' lang='lat' dir='ltr'><strong>per</strong></span> <span class='ocrx_word' id='word_1_841' title='bbox 2239 5533 2547 5592; x_wconf 88' lang='lat' dir='ltr'><strong>doctrinam</strong></span> <span class='ocrx_word' id='word_1_842' title='bbox 2570 5537 2922 5608; x_wconf 90' lang='lat' dir='ltr'><strong>postmodum</strong></span> <span class='ocrx_word' id='word_1_843' title='bbox 2951 5537 3020 5594; x_wconf 90' lang='lat' dir='ltr'><strong>ad</strong></span> <span class='ocrx_word' id='word_1_844' title='bbox 3051 5538 3212 5610; x_wconf 87' lang='lat' dir='ltr'><strong>plena</strong></span> <span class='ocrx_word' id='word_1_845' title='bbox 3242 5539 3522 5609; x_wconf 81' lang='lat' dir='ltr'><strong>mysteriis</strong></span> <span class='ocrx_word' id='word_1_846' title='bbox 3551 5540 3718 5598; x_wconf 87' lang='lat' dir='ltr'><strong>verba</strong></span> 
     </span>
    </p>
   </div>
   <div class='ocr_carea' id='block_1_115' title="bbox 2188 5753 3714 5834">
    <p class='ocr_par' dir='ltr' id='par_1_115' title="bbox 2188 5753 3714 5834">
     <span class='ocr_line' id='line_1_115' title="bbox 2188 5753 3714 5834; baseline 0.003 -22"><span class='ocrx_word' id='word_1_847' title='bbox 2188 5757 2208 5790; x_wconf 75' lang='grc'><strong>⁴</strong></span> <span class='ocrx_word' id='word_1_848' title='bbox 2239 5753 2506 5834; x_wconf 75' lang='lat' dir='ltr'><strong>corrupte</strong></span> <span class='ocrx_word' id='word_1_849' title='bbox 2534 5755 2593 5810; x_wconf 91' lang='lat' dir='ltr'><strong>in</strong></span> <span class='ocrx_word' id='word_1_850' title='bbox 2622 5754 2774 5834; x_wconf 70' lang='lat' dir='ltr'><strong>Edit.</strong></span> <span class='ocrx_word' id='word_1_851' title='bbox 2815 5757 3016 5824; x_wconf 88' lang='lat' dir='ltr'><strong>Gilot.,</strong></span> <span class='ocrx_word' id='word_1_852' title='bbox 3061 5753 3355 5828; x_wconf 84' lang='lat' dir='ltr'><strong>Vaticana,</strong></span> <span class='ocrx_word' id='word_1_853' title='bbox 3387 5767 3444 5816; x_wconf 91' lang='lat' dir='ltr'><strong>et</strong></span> <span class='ocrx_word' id='word_1_854' title='bbox 3472 5758 3714 5834; x_wconf 89' lang='lat' dir='ltr'><strong>quibus-</strong></span> 
     </span>
    </p>
   </div>
   <div class='ocr_carea' id='block_1_116' title="bbox 2115 5825 2716 5900">
    <p class='ocr_par' dir='ltr' id='par_1_116' title="bbox 2115 5825 2716 5900">
     <span class='ocr_line' id='line_1_116' title="bbox 2115 5825 2716 5900; baseline 0.007 -18"><span class='ocrx_word' id='word_1_855' title='bbox 2115 5825 2240 5882; x_wconf 90' lang='lat' dir='ltr'><strong>dam</strong></span> <span class='ocrx_word' id='word_1_856' title='bbox 2267 5825 2716 5900; x_wconf 57' lang='lat' dir='ltr'><strong>aliis,&#39;e.rpendit.</strong></span> 
     </span>
    </p>
   </div>
  </div>
