3946 6378
187 448 254 503 25
957 444 1333 500 MORALIUM
1372 445 1506 527 LIB].
1549 443 1726 501 XVII.
1768 473 1840 485 —
1876 444 1948 500 IN
1980 442 2208 501 CAPUT
2248 443 2435 501 XXIV
2475 446 2536 500 Β.
2578 444 2723 500 JOB.
3415 445 3484 502 26

182 577 456 640 transiret.
488 577 749 650 Gigantes
777 577 927 634 enim
973 578 1061 633 vel
1101 584 1375 649 apostatas
1421 577 1664 649 angelos,
1694 576 1784 633 vel
1813 576 1865 636 A

180 669 436 745 superbos
464 686 710 744 quosque
731 668 1005 737 homines,
1037 668 1117 725 nil
1148 668 1329 726 obstat
1349 667 1606 741 intelligi.
1640 667 1782 727 Hinc

180 760 321 818 enim
379 776 478 834 per
530 760 857 832 prophetam
888 758 1122 817 dicitur:
1156 760 1361 817 Mortui
1393 762 1409 795 ¹
1441 777 1547 814 non
1586 759 1779 825 vivent,

177 850 403 923 gigantes
430 867 539 905 non
566 855 841 920 resurgent
866 850 1027 919 (lsai.
1055 867 1217 919 xxvr,
1242 849 1354 922 14).
1374 850 1522 917 Quos
1542 865 1777 922 namque

178 948 423 997 mortuos
450 939 561 996 nisi
592 948 905 1013 peccatores
934 939 1233 997 nominat?
1262 942 1332 997 Et
1371 957 1508 1013 quos
1537 939 1780 1012 gigantes

177 1030 280 1088 nisi
310 1047 404 1087 eos
451 1029 547 1105 qui
576 1029 643 1085 de
691 1037 912 1102 peccato
942 1030 1109 1086 etiam
1139 1029 1463 1102 superbiunt
1494 1029 1780 1102 appellat?

176 1118 259 1178 Illi
275 1127 461 1175 autem
488 1135 601 1176 non
633 1118 856 1187 vivunt,
879 1118 1010 1193 quia
1039 1119 1319 1192 peccando
1348 1118 1520 1176 vitam
1545 1117 1778 1190 justitiaa

176 1208 553 1282 perdiderunt.
603 1207 702 1265 Isti
748 1208 915 1273 etiam
946 1223 1226 1281 resurgere
1270 1218 1391 1282 post
1422 1217 1657 1266 mortem
1688 1226 1778 1265 ne—

174 1305 406 1373 queunt,
425 1296 556 1372 quia
571 1303 694 1371 post
713 1298 933 1370 culpam
956 1314 1111 1354 suam
1133 1297 1311 1354 inﬂati
1330 1316 1428 1371 per
1442 1298 1750 1371 superbiam
1762 1342 1776 1367 ,

173 1390 240 1448 ad
266 1389 610 1464 paenitentia
641 1389 884 1446 remedia
912 1406 1025 1447 non
1056 1395 1364 1445 recurrunt.
1388 1387 1527 1444 Hinc
1558 1405 1777 1444 rursum

172 1480 440 1555 scriptum
459 1488 541 1536 est
561 1498 573 1535 :
609 1481 702 1539 Vir
716 1481 810 1552 qui
829 1480 1091 1537 erraverit
1115 1498 1150 1535 a
1172 1479 1259 1535 via
1280 1479 1555 1545 doctrinm,
1581 1479 1633 1534 in
1651 1481 1777 1535 caalo

104 1560 111 1563 ’
168 1572 441 1645 gigantum
460 1570 873 1648 commorabitur
896 1571 1083 1642 (Prov.
1103 1587 1225 1638 xxx,
1246 1569 1357 1641 16);
1383 1568 1512 1643 quia
1527 1568 1779 1643 quisquis

170 1659 273 1715 iter
302 1659 662 1716 rectitudinis
679 1659 903 1729 deserit,
937 1676 1173 1733 quorum
1204 1675 1260 1714 se
1289 1674 1521 1714 numero
1550 1657 1658 1713 nisi
1690 1675 1775 1713 su-

169 1748 469 1822 perborum
486 1748 782 1821 spirituum
795 1746 1011 1821 jungit?
1033 1748 1177 1804 Bene
1192 1755 1374 1805 autem
1397 1754 1588 1803 contra
1607 1748 1778 1803 elatos

168 1837 380 1896 dicitur
403 1856 414 1893 :
448 1840 582 1895 Ecce
607 1839 842 1912 gigantes
869 1844 1083 1910 gemunt
1108 1839 1201 1894 sub
1221 1837 1394 1909 aquis.
1419 1840 1500 1894 Ac
1528 1836 1574 1892 si
1594 1844 1777 1909 aperte

168 1928 485 1986 diceretur:
534 1928 645 1985 Cur
691 1928 758 1985 de
801 1926 1035 1987 scientia
1078 1926 1247 1983 homo
1292 1924 1593 1998 superbiat,
1651 1943 1776 1981 cum
1806 1948 1852 2008 Β

165 2017 497 2091 ignorantia:
526 2017 756 2091 abyssus
772 2024 827 2074 et
844 2016 992 2090 ipsos
1013 2015 1436 2090 superbissimos
1450 2016 1774 2088 angelorum

164 2106 399 2181 spiritus
427 2107 685 2179 premat?

224 2196 328 2253 '31.
351 2196 457 2265 Qui
474 2197 675 2252 steteris
699 2214 926 2270 prmesse
964 2197 1227 2262 ambiunt,
1268 2196 1451 2251 iisdem
1474 2211 1774 2268 supponun-

166 2285 444 2342 tur.—Si
487 2293 670 2342 autem
716 2286 1001 2360 gigantum
1045 2286 1272 2343 nomine
1319 2293 1569 2359 potentes
1609 2284 1777 2359 hujus

164 2374 358 2432 saeculi
388 2374 767 2448 designantur,
799 2376 859 2433 in
890 2375 1050 2451 aquis
1068 2383 1299 2449 possunt
1318 2375 1507 2449 populi
1529 2375 1773 2449 ﬁgurari,

163 2465 379 2522 Joanne
407 2473 722 2536 attestante,
755 2466 850 2540 qui
902 2466 1011 2522 ait:
1063 2466 1234 2537 Aquis
1277 2465 1414 2520 enim
1442 2472 1565 2520 sunt
1586 2466 1777 2537 populi

168 2555 364 2628 (Apoc.
397 2573 537 2626 xvrr,
571 2558 685 2629 15).
728 2558 874 2613 Bene
912 2565 1093 2613 autem
1137 2565 1329 2615 contra
1369 2557 1775 2630 superbientem

163 2643 416 2702 dicitur:
450 2648 583 2702 Ecce
619 2648 851 2719 gigantes
880 2653 1089 2719 gemunt
1125 2648 1218 2703 sub
1266 2648 1442 2718 aquis,
1489 2646 1618 2721 quia
1647 2647 1777 2703 elati

162 2750 361 2790 omnes
393 2734 525 2791 dum
557 2735 615 2791 in
646 2735 751 2794 hac
769 2736 885 2791 vita
903 2736 1119 2809 assequi
1149 2737 1171 2772 ³
1202 2737 1476 2793 honorum
1498 2736 1778 2793 celsitudi-

158 2839 295 2878 nem
330 2824 588 2895 cupiunt,
632 2824 735 2880 sub
778 2826 1115 2897 ponderibus
1156 2826 1488 2897 populorum
1532 2833 1774 2897 gemunt.

159 2912 305 2969 Nam
340 2921 552 2984 quanto
584 2914 817 2987 quisque
848 2914 943 2970 hic
970 2914 1139 2969 altius
1166 2914 1418 2985 erigitur,
1449 2922 1603 2969 tanto
1631 2914 1782 2970 curis

165 3002 518 3075 gravioribus
546 3013 843 3072 oneratur;
877 3004 1065 3077 eisque
1097 3004 1233 3077 ipsis
1269 3004 1486 3077 populis
1518 3011 1697 3060 mente
1727 3011 1780 3059 et

163 3088 502 3163 cogitatione
522 3090 875 3161 supponitur,
897 3091 1100 3161 quibus
1130 3092 1521 3162 superponitur
1534 3091 1778 3163 dignita-

166 3188 241 3236 te.
273 3182 353 3236 Et
379 3179 521 3235 bene
552 3177 641 3235 his
669 3178 854 3235 verbis
883 3178 1128 3234 breviter
1156 3179 1437 3237 indicatur
1452 3179 1581 3252 quia
1598 3180 1778 3236 omnis

2447 542 2675 630 CAPUT
2722 573 2928 630 xxm.

1960 681 2134 739 Vsus.
2166 682 2219 738 6.
2253 711 2324 723 —
2352 682 2543 738 Nudus
2566 686 2643 736 est
2662 683 2684 718 ‘
2713 681 2960 751 infernus
2973 698 3156 738 coram
3169 682 3287 749 illo,
3305 690 3351 739 et
3365 684 3501 739 nul-

1891 773 2002 826 lum
2030 778 2105 827 est
2126 772 2506 843 operimentum
2530 772 2846 842 perditioni.

1960 861 2047 917 33.
2082 864 2189 917 Ira:
2238 861 2433 916 divinae
2478 862 2689 917 nullum
2738 867 3010 933 peccatum
3038 861 3399 918 absconditur.
3430 893 3501 906 --

1888 950 2047 1018 Quod
2090 951 2294 1007 Paulus
2340 952 2641 1023 Apostolus
2688 966 2906 1023 quoque
2953 949 3062 1006 ait:
3126 950 3319 1008 Omnia
3356 956 3503 1014 547

1889 1050 1910 1084 ⁵
1940 1050 2077 1104 enim
2104 1050 2251 1105 nuda
2280 1055 2328 1105 et
2354 1055 2545 1121 aperta
2570 1056 2697 1104 sunt
2723 1048 2890 1104 oculis
2917 1049 3033 1119 ejus
3058 1049 3241 1116 (Hebr.
3270 1066 3350 1118 Iv,
3384 1050 3495 1122 13).

1890 1139 1912 1174 ⁸
1941 1138 2151 1195 Inferni
2180 1156 2315 1195 vero
2344 1146 2397 1194 et
2428 1138 2758 1211 perditionis
2799 1138 3026 1194 nomine
3057 1137 3341 1194 diabolum
3369 1154 3504 1194 om-

1887 1246 2092 1304 nesque
2148 1229 2523 1287 damnationis
2572 1228 2690 1301 ejus
2747 1228 2927 1286 socios
2981 1227 3315 1299 designavit.
3365 1226 3501 1294 Quis

1888 1337 2019 1376 vero
2050 1320 2143 1376 ille
2175 1320 2248 1377 sit
2277 1337 2461 1377 coram
2495 1336 2604 1394 quo
2634 1319 2891 1376 infernus
2910 1326 2993 1375 est
3012 1318 3217 1385 nudus,
3249 1316 3502 1391 sequitur

1887 1410 2087 1467 dicens
2108 1429 2119 1467 :

2243 1528 2473 1586 CAPUT
2511 1527 2699 1583 xxxv
2748 1525 2891 1601 meo.
2939 1524 3128 1599 xm].

1957 1618 2127 1676 Vnus.
2162 1618 2214 1673 7.
2246 1648 2317 1659 —
2348 1618 2453 1686 Qui
2480 1616 2713 1672 extendit
2733 1616 3049 1687 Aquilonem
3070 1631 3231 1686 super
3251 1630 3494 1670 vacuum.

1958 1707 2045 1764 34.
2082 1708 2261 1765 Corda
2296 1708 2475 1762 divino
2504 1724 2685 1761 amore
2722 1723 2891 1760 vacua
2939 1705 3185 1759 diabolus
3220 1708 3406 1775 replet.
3429 1737 3500 1748 —

1885 1797 2183 1871 Aquilonis
2214 1796 2462 1865 nomine,
2494 1796 2551 1852 in
2583 1813 2739 1853 sacro
2771 1793 2994 1867 eloquio
3014 1793 3277 1867 appellari
3312 1794 3499 1850 diabo-

1885 1888 1973 1944 lus
2002 1889 2162 1957 solet,
2195 1887 2290 1961 qui
2319 1894 2383 1943 ut
2408 1874 2651 1959 torporis
2681 1885 2886 1956 frigore
2918 1884 3162 1957 gentium
3186 1884 3353 1940 corda
3373 1901 3501 1941 con-

1882 1976 2195 2049 stringeret,
2228 1976 2405 2033 dixit:
2443 1977 2637 2033 Sedebo.
2664 1976 2719 2030 in
2738 1980 2910 2029 monte
2940 1972 3250 2039 testamenti,
3282 1974 3339 2028 in
3372 1975 3499 2028 late-

1882 2069 2033 2125 ribus
2081 2067 2369 2138 Aquilonis
2412 2067 2546 2138 (Isa.
2607 2083 2728 2133 xw,
2777 2066 2889 2137 13).
2933 2063 3041 2132 Qui
3072 2079 3235 2135 super
3263 2079 3500 2119 vacuum

1884 2159 2227 2227 extenditur,
2249 2158 2380 2232 quia
2396 2157 2494 2213 illa
2514 2156 2682 2214 corda
2697 2155 2940 2228 possidet
2956 2172 3078 2228 quae
3096 2154 3277 2211 divini
3297 2152 3502 2209 amoris

1885 2249 2064 2322 gratia
2092 2264 2205 2304 non
2234 2249 2540 2320 replentur.
2603 2245 2709 2302 Sed
2757 2253 2941 2301 tamen
2989 2242 3357 2316 omnipotenti
3386 2244 3501 2299 Deo

1884 2338 2128 2412 suppetit
2156 2337 2323 2393 etiam
2355 2352 2484 2392 vasa
2505 2334 2712 2392 diaboli
2744 2332 2963 2392 cunctis
2994 2332 3298 2388 virtutibus
3327 2347 3501 2388 vacua

1884 2446 1995 2485 sua:
2028 2427 2215 2501 gratiae
2248 2443 2473 2483 munere
2503 2427 2755 2499 implere,
2787 2424 2844 2479 in
2874 2424 3062 2497 eisque
3085 2426 3104 2459 7
3139 2421 3319 2479 divini
3334 2421 3500 2477 timo-

1886 2517 1962 2573 ris
1993 2516 2329 2573 soliditatem
2362 2531 2585 2588 ponere,
2617 2531 2755 2588 quos
2784 2514 2939 2569 nulla
2966 2512 3240 2585 conspicit
3277 2510 3501 2568 rectitu-

1885 2607 2041 2664 dinis
2068 2607 2284 2665 actione
2313 2603 2584 2662 roborari.
2621 2603 2775 2661 Unde
2805 2610 2929 2674 apte
2958 2599 3318 2674 subjungitur
3342 2617 3355 2657 :

2460 2729 2689 2787 CAPUT
2728 2727 2915 2785 XXV.

1957 2840 2098 2896 Iam.
2128 2868 2200 2880 —
2228 2840 2303 2895 Et
2322 2837 2578 2910 appendit
2608 2844 2808 2893 terram
2839 2835 2859 2870 ⁸
2892 2853 3050 2907 super
3078 2834 3325 2891 nihilum.

1956 2926 2044 2981 35.
2076 2927 2312 2998 Ecclesia
2342 2944 2502 2997 super
2520 2926 2736 2997 gentiles
2768 2931 2815 2980 et
2842 2925 3056 2981 Judwos
3071 2926 3144 2981 ad
3163 2924 3390 2980 nihilum
3404 2941 3502 2995 per

1881 3019 2152 3086 peccatum
2195 3013 2437 3067 redactos
2463 3013 2713 3081 fundata.
2745 3043 2817 3054 —
2844 3013 2989 3078 Quid
3020 3014 3171 3067 enim
3201 3020 3361 3069 terrae
3390 3029 3501 3067 no-

1889 3102 2037 3158 mine
2067 3101 2175 3157 nisi
2205 3108 2395 3157 sancta
2422 3099 2674 3156 Ecclesia
2688 3099 3029 3171 designatur,
3048 3115 3168 3170 quae
3183 3098 3317 3154 dum
3333 3100 3503 3155 verba

1885 3190 2298 3263 praedicationis
2328 3189 2584 3261 suscipit,
2617 3189 2864 3245 fructum
2894 3187 3026 3243 boni
3058 3187 3242 3259 operis
3271 3188 3500 3245 reddit?

164 3268 423 3367 superbia
442 3285 506 3367 e_o
528 3269 646 3341 ipso
676 3268 734 3367 in
766 3267 879 3323 imo
901 3266 1048 3367 jac-et
1076 3285 1186 3367 quo
1215 3268 1273 3324 in
1304 3269 1413 3367 {lita
1441 3286 1497 3325 se
1513 3269 1695 3367 erigit,
1715 3277 1776 3326 ut
1813 3306 1855 3367 ρ
1886 3283 1963 3337 De
1992 3296 2101 3353 qua
2119 3295 2217 3351 per
2231 3280 2459 3351 Moysen
2492 3278 2700 3334 dicitur
2723 3293 2733 3332 :
2767 3276 2974 3333 Audiat
2995 3283 3138 3332 terra
3153 3278 3315 3334 verba
3333 3296 3398 3333 ea:
3413 3296 3503 3334 ore

170 3358 301 3415 inde
334 3358 513 3431 magis
542 3357 759 3415 cunctis
779 3358 1064 3430 supposita
1092 3358 1185 3427 sit,
1216 3358 1363 3415 unde
1383 3358 1598 3416 cunctis
1613 3376 1773 3433 expe-

165 3450 236 3506 tit
255 3466 563 3523 superesse.
602 3450 778 3505 Homo
809 3448 1011 3521 quippe
1058 3448 1116 3504 in
1146 3449 1480 3506 sublimibus
1509 3451 1774 3518 elevatus,

166 3546 353 3595 tantos
383 3555 547 3611 super
574 3555 630 3595 se
672 3537 931 3606 sustinet,
978 3546 1213 3611 quantos
1255 3539 1567 3611 suppositos
1612 3540 1774 3613 regit.

167 3628 233 3684 Hi
266 3637 454 3693 autem
498 3629 595 3703 qui
639 3629 843 3686 talibus
881 3629 1182 3699 sociantur,
1232 3630 1335 3703 ipsi
1380 3630 1545 3686 etiam
1574 3629 1779 3687 laboris

166 3734 365 3774 eorum
396 3717 819 3790 participatione
849 3718 1256 3790 deprimuntur.
1289 3720 1424 3776 Nam
1454 3737 1581 3777 cum
1602 3720 1681 3777 eis
1697 3720 1777 3776 la-

168 3806 361 3864 borem
393 3806 561 3862 etiam
590 3808 830 3862 tolerant
860 3808 1140 3879 ponderis,
1163 3807 1295 3863 dum
1318 3808 1521 3881 pariter
1549 3810 1778 3882 gloriam

167 3895 433 3953 affectant
461 3895 709 3951 honoris.
736 3895 889 3951 Unde
919 3913 1045 3953 cum
1094 3896 1336 3954 diceret:
1379 3900 1511 3955 Ecce
1550 3899 1781 3971 gigantes

166 3990 383 4056 gemunt
410 3982 505 4039 sub
523 3983 699 4054 aquis,
728 3984 980 4056 protinus
999 3984 1285 4057 adjunxit:

747 4122 977 4181 CAPUT
1016 4124 1196 4182 XXII.

238 4235 381 4290 IBID.
411 4262 483 4273 —
510 4233 586 4288 Et
611 4231 705 4303 qui
733 4231 973 4288 habitant
1000 4249 1118 4287 cum
1147 4233 1242 4289 eis.
1480 4302 1483 4307 γ

240 4339 331 4396 32.
367 4339 687 4395 Faciliorem
714 4339 858 4395 vitiis
891 4339 1035 4395 viam
1060 4340 1311 4412 aperiunt
1349 4340 1579 4412 majores
1614 4358 1774 4398 curre.

174 4428 501 4484 Desideratae
536 4428 815 4500 dignitates
855 4429 1048 4501 absque
1083 4436 1290 4501 peccato
1342 4431 1645 4487 ministrari
1674 4448 1779 4487 non

163 4524 408 4589 possunt.
440 4549 512 4560 —
539 4519 622 4575 Ac
651 4517 698 4574 si
728 4518 908 4575 dicat:
956 4518 1165 4574 Pariter
1207 4527 1432 4592 gemunt
1461 4521 1557 4593 qui
1585 4537 1775 4577 eorum

169 4606 344 4677 gloria
372 4622 443 4661 ex
471 4609 493 4642 ³
525 4606 893 4664 delectatione
925 4606 1227 4664 sociantur.
1260 4610 1382 4680 Ipsa
1409 4616 1592 4665 autem
1608 4627 1774 4667 occu-

1882 3387 2016 3436 meo,
2044 3375 2366 3441 exspectetur
2410 3367 2544 3422 sicut
2568 3366 2757 3439 pluvia
2789 3366 3057 3437 eloquium
3102 3384 3275 3422 meum
3317 3367 3497 3439 (Deut.

1884 3458 2281 3527 xxxn,l,2).Et
2291 3455 2427 3529 quid
2443 3472 2541 3529 per
2561 3454 2941 3523 nihilum,nisi
2957 3456 3189 3528 gentiles
3204 3457 3396 3530 populi
3413 3456 3502 3513 de-

1885 3547 2174 3620 signantur
2194 3547 2222 3603 ?
2251 3548 2328 3602 De
2360 3546 2562 3620 quibus
2583 3562 2680 3618 per
2693 3544 3018 3617 prophetam
3040 3544 3249 3602 dicitur
3272 3564 3285 3602 :
3317 3548 3502 3604 Omnes

1885 3646 2055 3711 gentes
2086 3639 2226 3694 velut
2253 3638 2482 3693 nihilum
2512 3643 2559 3691 el
2587 3637 2746 3691 inane
2778 3643 3034 3707 reputatae
3061 3643 3187 3691 sunt
3217 3637 3373 3708 (Isai.
3406 3655 3500 3707 XL,

1891 3729 2002 3800 17).
2038 3728 2101 3783 In
2128 3743 2193 3782 eo
2223 3742 2352 3798 ergo
2371 3724 2552 3781 nihilo
2582 3732 2732 3781 terra
2758 3725 3138 3798 suspenditur,
3170 3724 3319 3799 quod
3349 3726 3502 3799 prius
3572 3782 3577 3785 _

1889 3834 2124 3876 vacuum
2147 3816 2216 3873 ab
2233 3816 2508 3889 Aquilone
2528 3815 2840 3885 tenebatur,
2864 3817 2996 3889 quia
3016 3816 3114 3873 illa
3133 3817 3300 3874 corda
3325 3820 3499 3891 genti-

1889 3908 2027 3965 lium
2057 3906 2265 3980 repleta
2294 3914 2424 3963 sunt
2471 3906 2741 3963 charitate
2785 3906 2908 3976 Dei,
2959 3923 3080 3980 quae
3130 3924 3315 3980 pressa
3349 3910 3504 3982 prius

1890 4001 2108 4058 fuerant
2162 4007 2381 4072 torpore
2424 3998 2651 4055 diaboli.
2706 3998 2845 4071 [νει.
2879 3997 3038 4071 ΧΙΙ.]
3071 3999 3258 4055 Potest
3287 4015 3420 4055 vero
3449 4007 3503 4054 et

1890 4106 1987 4164 per
2006 4090 2114 4146 hoc
2143 4104 2378 4145 vacuum
2409 4088 2611 4144 Iudaeae
2641 4086 2942 4143 inﬁdelitas
2970 4094 3025 4142 et
3053 4102 3149 4159 per
3176 4093 3402 4156 terram,
3432 4088 3502 4144 si-

1894 4188 1988 4238 cut
2006 4180 2274 4247 diximus,
2304 4185 2507 4235 sanctaa
2529 4177 2790 4236 Ecclesiae
2811 4176 3170 4234 fructiﬁcatio
3200 4178 3498 4251 designari.

1896 4271 1998 4329 Vir
2025 4286 2153 4342 ergo
2196 4276 2416 4325 sanctus
2458 4267 2660 4324 Iudaea:
2711 4266 2992 4340 pereuntis
3029 4285 3219 4326 casum
3249 4269 3500 4341 aspiciat,

1894 4362 1915 4395 θ
1948 4368 2001 4417 et
2030 4357 2356 4433 gentilitatis
2387 4357 2584 4413 merita
2611 4356 2681 4413 ad
2712 4356 2929 4413 veniam
2975 4356 3262 4414 redeuntis
3290 4366 3501 4427 cernat,

1892 4467 1954 4507 ac
1980 4450 2160 4507 dicat:
2198 4448 2303 4517 Qui
2329 4448 2564 4504 extendit
2612 4447 2931 4518 Aquilonem
2961 4464 3120 4519 super
3174 4464 3424 4513 vacuum,
3458 4452 3505 4501 et

1891 4541 2141 4613 appendit
2171 4546 2371 4595 terram
2399 4555 2560 4610 super
2586 4536 2833 4593 nihilum.
2864 4538 3001 4594 Nam
3032 4537 3161 4610 quia
3188 4537 3504 4594 Iudaeorum

1893 4629 2059 4686 corda
2073 4629 2180 4685 ﬁde
2201 4644 2375 4685 vacua
2393 4626 2617 4683 diabolo
2633 4634 2763 4683 sunt
2791 4626 3034 4695 subdita,
3057 4626 3312 4683 extendit
3332 4626 3502 4700 Aqui-

170 4695 316 4767 patio
344 4696 694 4753 saecularium
725 4695 1058 4767 dignitatum
1082 4703 1236 4753 tanto
1257 4696 1607 4754 facilioribus
1627 4698 1782 4755 vitiis
1812 4679 1859 4737 Ῑ)
1894 4679 3041 4791 ξιᾞιήιξέ
3064 4679 3506 4771 ἶῖέξῇξίέιξξίῖίίδ

169 4784 460 4856 premitur,
480 4792 687 4859 quanto
709 4784 1013 4858 majoribus
1028 4786 1179 4843 curis
1194 4796 1474 4860 gravatur.
1496 4788 1779 4845 Humanus

172 4894 410 4952 namque
438 4879 658 4936 animus
704 4879 891 4936 videre
925 4888 981 4936 et
1025 4881 1272 4938 devitarc
1314 4890 1536 4954 peccata
1564 4882 1777 4940 utinam

169 4970 346 5027 valeat
374 4972 464 5028 vel
493 4971 732 5046 quietus.
753 4972 896 5040 Quia
924 4988 1051 5044 ergo
1080 4971 1226 5029 vidit
1240 4971 1574 5029 desideratas
1594 4988 1775 5029 rerum

168 5059 529 5117 celsitudines
560 5061 766 5135 absque
794 5060 1035 5134 peccatis
1063 5060 1367 5118 ministrari
1396 5079 1509 5119 non
1526 5079 1703 5136 posse,
1725 5071 1779 5119 et

168 5148 296 5220 quia
313 5148 522 5206 divinat
550 5150 648 5207 iraa
680 5166 793 5207 non
821 5150 1182 5207 absconditur
1210 5151 1483 5225 quidquid
1512 5152 1774 5209 illicitum

169 5247 533 5313 perpetretur,
563 5249 687 5316 apte
717 5249 938 5300 secutus
974 5240 1060 5313 adj
1069 5240 1264 5298 unxit:

240 5492 255 5565 ξ
290 5488 554 5565 Gilot.,ut
580 5490 639 5565 in
668 5492 925 5565 Vulgata,
946 5509 1052 5549 non
1073 5493 1317 5549 vivant...
1341 5510 1449 5549 non
1466 5499 1770 5564 resurgant.

237 5561 259 5595 ³
290 5561 477 5617 Germ.
510 5570 564 5619 et
589 5561 806 5629 NormJ
832 5566 1080 5621 honorem
1099 5565 1440 5622 celsitudinis.

237 5634 258 5667 ³
290 5634 325 5689 2
364 5632 562 5701 Laud.,
591 5635 880 5692 dilectione.

238 5706 258 5738 ⁸
289 5703 505 5776 Germ.,
535 5705 694 5762 Corb.
728 5709 913 5763 Germ.
944 5716 999 5764 et
1027 5709 1060 5765 2
1090 5708 1286 5775 Laud,
1310 5708 1515 5765 habent
1539 5707 1766 5776 inferas.

236 5777 256 5855 ξ
290 5774 436 5855 litis.
471 5783 526 5855 et
554 5777 819 5855 plerique,
849 5786 1048 5845 autem,
1075 5780 1159 5855 uti
1182 5774 1380 5855 legitur
1410 5780 1467 5837 in
1506 5774 1765 5850 Vulgata.

237 5849 259 5883 ‘
287 5848 323 5905 2
354 5846 738 5920 Laud.,'infer'i
774 5846 891 5908 vero
920 5857 968 5908 et
989 5846 1308 5925 perditionis
1326 5869 1534 5908 nomen.

1889 4808 2103 4865 meritis
2132 4807 2278 4865 sicut
2306 4806 2518 4862 dictum
2549 4813 2662 4861 est:
2696 4807 2807 4863 Pro
2837 4806 3006 4862 nihilo
3024 4807 3199 4862 salvos
3226 4805 3391 4877 facies
3421 4822 3504 4860 eos

1893 4899 2065 4970 (Psal.
2100 4916 2191 4966 LV,
2222 4897 2305 4970 8),
2336 4912 2502 4969 super
2531 4903 2719 4968 gentes
2735 4896 3006 4953 Dominus
3025 4895 3285 4952 fundavit
3302 4895 3503 4952 Eccle-

1888 4989 2025 5044 siam
2055 5004 2234 5055 suam,
2265 5002 2387 5058 qua;
2415 5000 2513 5058 per
2542 4984 2868 5058 prophetam
2901 4984 3145 5057 nihilum
3184 4991 3313 5041 sunt
3342 4998 3501 5038 voca-

1886 5086 1977 5147 tae,
2009 5085 2133 5149 apte
2188 5084 2409 5134 secutus
2465 5074 2753 5149 adjungit:
2813 5075 3081 5148 Appendit
3119 5081 3316 5129 terram
3345 5088 3504 5145 super

1886 5166 2130 5222 nihilum.
2163 5166 2279 5223 Hoc
2309 5181 2445 5222 vero
2487 5181 2596 5239 quo
2644 5164 2839 5221 ordine
2869 5164 3078 5220 factum
3121 5160 3216 5229 sit,
3262 5160 3501 5220 miriﬁca

1897 5256 2141 5313 subdens
2168 5255 2384 5313 ratione
2411 5254 2681 5312 contexit.
2705 5253 2801 5309 Ait
2829 5251 2979 5308 enim
3005 5268 3016 5307 :

1955 5507 1976 5540 ⁷
1994 5507 2071 5584 in
2100 5512 2232 5584 vet_._
2244 5504 2394 5584 Edit.
2420 5509 2479 5584 et
2491 5500 2925 5584 peneomnibus,
2950 5498 3120 5584 divini
3145 5498 3349 5584 amoris
3365 5513 3497 5553 con-

1883 5584 1968 5632 tra
1986 5576 2151 5632 ﬁdem
2182 5577 2307 5633 Mss.
2341 5571 2589 5645 Anglic”,
2613 5572 3024 5645 Norm.,Corb.
3049 5571 3260 5637 Germ.,
3292 5577 3396 5624 etc.

1957 5649 1978 5683 ⁸
2007 5649 2221 5721 Norm.,
2247 5663 2405 5717 super
2432 5643 2613 5721 nihili,
2646 5652 2700 5721 et
2730 5643 3031 5721 ita_infra._
3192 5710 3202 5721 .

1954 5722 1975 5755 τ’
2008 5714 2269 5786 Vindoc.,
2299 5714 2345 5772 et
2373 5716 2680 5788 gentilitatis
2714 5715 2932 5788 ueniam
2959 5714 3032 5767 ad
3067 5714 3286 5788 merita,
3363 5777 3395 5788 Δ.

1957 5793 2001 5827 ¹⁰
2030 5777 2280 5859 Ρταῐθιιί,
2328 5777 2552 5845 Ebroic.
2603 5795 2658 5843 et
2700 5786 2795 5842 alii
2832 5786 3053 5851 Norm.,
3080 5777 3498 5858 prcecedentibus

1879 5862 2100 5919 meritis.
