3946 6382
453 414 526 474 27
1671 408 1923 469 SANCTI
1960 407 2300 469 GREGORII
2335 408 2564 470 MAGNI
3698 416 3770 476 28

823 533 1055 594 CAPUT
1092 520 1283 594 XXVI
1320 532 1466 610 [Rec.
1499 530 1677 608 XIV].

521 650 697 712 Vm.
727 649 991 720 8.—-Qui
1022 650 1155 725 ligat
1182 666 1355 723 aquas
1372 647 1705 707 innubibus'
1726 648 1863 717 suis,
1881 654 2061 706 utnon

449 746 735 815 erumpant
754 739 966 813 pariter
991 740 1256 797 deorum.

522 830 614 890 36.
644 829 883 889 Nubium
908 830 1118 887 nomine
1144 828 1407 903 designati
1431 827 1681 902 Apostoli
1707 833 1758 885 et
1782 827 2062 902 pradica-

453 926 613 979 tores.
633 950 707 967 -
733 917 881 990 Quid
909 918 1018 978 hoc
1057 919 1179 978 loco
1213 934 1414 994 aquam
1444 916 1552 976 nisi
1581 917 1894 988 scientiam,
1924 916 2061 992 quid

451 1010 628 1069 nubes
652 1009 763 1068 nisi
790 1008 1177 1084 pradicatores
1201 1008 1486 1083 appellat?
1513 1009 1653 1067 Nam
1675 1008 1807 1083 quia
1823 1007 1883 1065 in
1904 1004 2060 1066 sacro

451 1099 674 1174 eloquio
726 1099 1028 1174 aliquando
1054 1115 1196 1175 aqua
1221 1097 1455 1156 scientia
1481 1097 1722 1169 dicatur,
1765 1098 2060 1156 Salomone

451 1195 745 1248 attestante
761 1187 1081 1260 didicimus,
1100 1189 1197 1264 qui
1210 1189 1290 1247 ait
1306 1206 1320 1246 :
1343 1187 1505 1262 Aqua
1516 1187 1799 1263 profunda
1820 1188 1981 1245 verba
1994 1204 2060 1244 ea:

451 1296 546 1336 ore
567 1278 701 1347 viri,
734 1285 784 1337 et
812 1285 1020 1336 torrens
1046 1279 1354 1336 redundans
1399 1276 1523 1350 fons
1559 1276 1857 1350 sapientiw(
1891 1276 2055 1334 Prov.

451 1384 618 1438 xvm,
673 1368 755 1443 4).
812 1368 974 1444 Aqua
999 1367 1208 1441 signari
1250 1366 1542 1426 scientiam
1571 1365 1754 1424 David
1794 1366 2062 1440 propheta

449 1465 705 1528 testatur,
734 1457 926 1518 dicens
967 1475 979 1516 :
1028 1459 1318 1516 Tenebrosa
1354 1474 1498 1530 aqua
1549 1457 1607 1515 in
1654 1456 1878 1514 nubibus
1913 1456 2058 1513 aeris

452 1549 628 1622 (Psal.
651 1564 794 1617 xvu,
828 1546 942 1619 l2).
994 1545 1058 1604 Id
1087 1553 1188 1617 est,
1221 1547 1440 1604 occulta
1477 1545 1708 1604 scientia
1737 1545 1796 1603 in
1823 1545 2057 1620 prophe-

447 1637 544 1707 tis,
572 1636 673 1712 qui
699 1643 827 1694 ante
854 1635 1157 1694 adventum
1185 1635 1436 1706 Domini,
1467 1635 1600 1693 dum
1621 1635 1855 1694 occultis
1882 1651 2058 1693 sacra-

451 1726 656 1784 mentis
685 1723 921 1800 gravidi,
951 1722 1216 1798 mysteria
1233 1723 1505 1782 immensa
1519 1731 1812 1798 gestarent,
1832 1725 2057 1781 intuen-

449 1815 597 1875 tium
644 1814 822 1872 oculis
849 1830 1042 1872 eorum
1076 1812 1447 1887 intelligentia
1482 1812 1772 1887 caligabat.
1811 1812 2056 1871 Nubium

2044 533 2136 617 ~A
2160 533 2371 606 rogavit
2396 540 2457 591 ut
2474 552 2511 592 a
2540 540 2685 594 terra
2702 534 3259 611 reducerstpusillum,
3275 538 3608 618 etilasedens
3627 560 3768 618 pm.

2166 623 2378 682 dicabat
2406 625 2575 682 turbis
2598 625 2748 698 (Luc.
2766 643 2826 696 ν,
2848 625 2925 699 3).
2951 627 3054 685 Per
3073 643 3271 686 navem
3290 629 3439 687 Petri
3459 616 3595 705 quid
3614 616 3769 692 uliud

2167 731 2333 789 quam
2361 716 2656 774 commissa
2682 717 2843 775 Petro
2871 719 3121 777 Ecclesia
3146 719 3471 795 designatur
3499 722 3528 781 ?
3553 724 3634 781 De
3662 740 3771 800 qua

2168 810 2232 861 ut
2283 806 2555 865 Dominus
2608 807 2786 865 turbis
2813 808 3224 868 conﬂuentibus
3251 811 3534 884 praedicet,
3590 829 3710 872 eam
3737 831 3772 872 a

2167 901 2312 952 terra
2331 897 2616 969 paululum
2636 896 2825 955 reduci
2834 896 3015 970 jubet.
3037 898 3212 968 Quam
3233 916 3336 958 nec
3354 901 3413 958 in
3423 901 3600 969 altum
3615 902 3768 974 duci,

2167 990 2223 1041 et
2249 991 2433 1041 tamen
2462 1001 2495 1042 a
2521 991 2668 1042 terra
2691 985 2942 1060 przecipit
2960 989 3257 1059 removeri,
3279 989 3530 1063 profecto
3557 990 3770 1064 signiﬁ-

2167 1090 2300 1131 cans
2326 1074 2712 1148 prasdicatores
2749 1092 2877 1134 suos
2906 1077 3140 1136 rudibus
3167 1078 3366 1137 debere
3396 1081 3636 1154 populis,
3666 1097 3771 1140 nec

2167 1163 2278 1220 alta
2305 1163 2473 1222 nimis
2500 1164 2568 1222 de
2596 1165 2930 1234 caalestibus,
2961 1183 3064 1225 nec
3091 1175 3277 1226 tamen
3309 1177 3528 1228 terrena
3553 1170 3771 1246 praedi-

2167 1270 2312 1311 care.
2344 1257 2503 1330 Aqua
2531 1256 2717 1331 itaque
2746 1257 2949 1331 ligatur
2972 1273 3035 1316 ιιι
3061 1258 3326 1330 nubibus,
3357 1261 3488 1336 quia
3507 1263 3770 1336 praedica-

2167 1349 2353 1400 torum
2380 1343 2609 1403 scientia
2636 1344 2987 1405 inﬁrmorum
3027 1349 3309 1408 mentibus
3336 1349 3568 1428 loquens
3596 1369 3770 1430 quan-

2166 1439 2287 1489 tum
2317 1434 2521 1492 sentire
2541 1437 2688 1494 valet
2715 1435 2911 1494 docere
2942 1437 3289 1511 prohibetur.

2237 1521 2377 1596 [Vet.
2408 1524 2576 1599 XIII]
2599 1525 2687 1582 38.
2712 1527 2952 1599 Inﬁrmis
2972 1529 3229 1585 mentibus
3250 1530 3464 1602 tegenda
3487 1537 3563 1588 est
3597 1531 3771 1589 altior

2164 1612 2400 1670 scientia.
2434 1643 2506 1656 —
2532 1615 2668 1672 Nam
2699 1616 3024 1692 plerumque
3052 1618 3099 1675 si
3141 1618 3457 1678 auditorum
3487 1638 3583 1678 cor
3609 1621 3770 1679 verbi

2164 1703 2535 1763 immensitate
2555 1706 2950 1780 corrumpitur,
2968 1708 3157 1782 lingua
3171 1709 3491 1769 docentium
3503 1711 3771 1771 indiscre-

2162 1791 2334 1849 tionis
2355 1794 2376 1829 ⁸
2405 1810 2565 1866 paena
2593 1795 2911 1855 mulctatur.
2945 1798 3100 1856 Unde
3126 1797 3393 1873 scriptum
3413 1807 3531 1858 est:
3565 1802 3624 1860 Si
3651 1802 3774 1875 quis

451 1922 586 1964 vero
614 1903 841 1963 nomine
867 1902 1002 1981 quid
1017 1903 1199 1962 hocin
1226 1883 1349 1982 locq
1375 1902 1529 1962 aliud
1557 1883 1721 1978 quam
1738 1902 2056 1978 praedicato-

2164 1883 2435 1982 aperuerit
2460 1884 2742 1941 cisternam
2794 1893 2841 1942 et
2887 1885 3106 1959 foderit,
3131 1894 3179 1944 et
3206 1906 3310 1944 non
3337 1892 3606 1963 operuerit
3631 1910 3772 1962 eam,

452 2013 540 2055 res
593 1995 794 2067 sancti,
849 1995 909 2054 id
963 2002 1048 2053 est
1101 1989 1360 2069 apostoli,
1415 1993 1797 2068 designantur,
1829 1992 1926 2069 qui
1959 2009 2059 2066 per

452 2085 650 2144 mundi
678 2093 861 2159 partes
900 2085 1336 2160 circumquaque
1387 2083 1724 2153 transmissi,
1781 2089 1837 2140 et
1873 2082 2058 2140 verbis

450 2183 723 2235 noverant
749 2176 960 2251 pluere,
991 2181 1048 2233 et
1062 2174 1348 2233 miraculis
1367 2191 1656 2233 coruscare
1671 2174 1700 2232 ‘l
1717 2173 1869 2243 Quos
1886 2173 2056 2232 Isaias

451 2265 723 2341 propheta
767 2266 929 2339 longe
969 2272 1096 2324 ante
1136 2264 1380 2334 intuens,
1411 2264 1589 2322 dixit:
1638 2263 1742 2334 Qui
1764 2271 1889 2320 sunt
1910 2268 2056 2329 548

448 2365 544 2422 isti
567 2365 662 2438 qui
690 2371 751 2421 ut
774 2365 934 2422 nubes
962 2365 1187 2422 volant?
1202 2363 1343 2435 Quia
1369 2362 1541 2438 igitur
1557 2362 1647 2420 vir
1663 2363 1789 2434 iste,
1805 2362 2055 2437 prophe-

447 2455 563 2515 tico
589 2457 788 2531 plenus
813 2455 1041 2530 spiritu,
1067 2454 1129 2512 in
1157 2453 1263 2513 hac
1290 2454 1572 2513 locutione
1608 2471 1709 2513 sua
1735 2454 1806 2512 ad
1833 2452 2053 2512 laudem

448 2545 551 2604 Dei
578 2545 743 2604 initia
768 2545 1049 2605 nascentis
1061 2544 1323 2604 Ecclesiae
1337 2543 1614 2602 desiderat
1637 2543 1906 2614 exordiri,
1926 2549 2056 2600 stu-

449 2636 547 2696 det
572 2637 694 2711 ejus
719 2635 974 2695 ordinem
1002 2636 1073 2694 ab
1093 2636 1469 2711 apostolorum
1499 2634 1889 2710 praedicatione
1917 2650 2056 2691 nar-

448 2742 594 2798 rare,
625 2727 723 2802 qui
775 2732 1112 2786 curaverunt
1163 2740 1516 2798 summopere
1552 2723 1785 2782 rudibus
1836 2722 2057 2798 populis

448 2819 615 2893 plana
638 2825 699 2876 et
722 2818 747 2854 ⁸
774 2815 1068 2891 capabilia,
1086 2831 1200 2873 non
1218 2831 1438 2874 summa
1452 2821 1619 2889 atque
1645 2813 1818 2872 ardua
1845 2813 2057 2887 praedi-

446 2924 593 2968 care.
621 2908 762 2966 Nam
789 2906 838 2966 si
866 2905 1160 2965 scientiam
1187 2913 1456 2977 sanctam,
1488 2921 1611 2980 quas
1638 2904 1733 2964 hic
1759 2922 1914 2981 aquae
1944 2920 2056 2962 no-

447 2997 598 3056 mine
626 2997 969 3072 designatur,
999 3004 1062 3054 ut
1091 2995 1421 3054 hauriebant
1435 2994 1717 3067 corde,ita
1731 3012 1825 3054 ore
1844 2993 2057 3054 funde-
2096 3024 2103 3031 ο

445 3095 590 3159 rent,
618 3085 991 3145 immensitate
1021 3085 1145 3160 ejus
1171 3085 1459 3145 auditores
1502 3101 1634 3143 suos
1677 3084 2056 3158 opprimerent

443 3178 630 3253 potius
668 3191 837 3252 quam
889 3174 1160 3248 rigarent.
1220 3174 1379 3232 Unde
1436 3173 1666 3246 religata
1718 3171 2057 3230 intrinsecus

444 3263 698 3334 scientia,
726 3270 791 3320 ut
817 3277 932 3319 non
960 3260 1168 3336 pariter
1193 3260 1452 3318 deorsum
1481 3266 1813 3333 erumperet,
1843 3258 2057 3316 audito-
2090 3264 2139 3331 α

444 3371 535 3414 res
559 3369 689 3412 suos
713 3351 1084 3410 distillatione
1115 3350 1415 3408 verborum
1445 3349 1722 3420 nutriens,
1753 3348 1930 3407 nubes
1957 3349 2058 3407 illa

445 3442 796 3520 loquebatur,
825 3441 1043 3500 dicens:
1067 3442 1193 3501 Non
1215 3439 1373 3514 potui
1393 3438 1542 3513 loqui
1567 3439 1713 3496 vobis
1747 3439 1905 3512 quasi
1932 3439 2056 3512 ερε-

445 3534 720 3603 ritalibus,
748 3534 839 3591 sed
863 3532 1020 3606 quasi
1064 3532 1395 3600 carnalibus,
1426 3537 1681 3604 tanquam
1720 3530 1972 3606 parvulis
1998 3530 2058 3587 in

450 3626 663 3687 Christo
690 3627 773 3684 lac
794 3616 942 3683 vbbis
962 3629 1148 3699 potum
1174 3623 1316 3693 dedi,
1332 3640 1441 3680 non
1458 3639 1628 3680 escam
1655 3622 1714 3697 (Ι
1733 3623 1861 3682 Cor.
1891 3639 1978 3692 ιιι,
2002 3622 2056 3692 1,

444 3717 529 3792 2).
560 3714 699 3786 Quis
724 3714 874 3774 enim
904 3715 1048 3772 ferre
1093 3713 1381 3788 potuisset,
1411 3712 1458 3770 si
1504 3718 1694 3787 raptus
1731 3711 1803 3770 ad
1831 3711 2056 3769 tertium

446 3807 672 3878 omium,
702 3812 893 3880 raptus
919 3804 981 3862 in
1034 3803 1376 3879 paradisum,
1434 3801 1603 3860 etiam
1661 3816 1864 3860 arcana
1889 3800 2059 3858 verba

444 3879 678 3958 audiens
704 3879 828 3974 quae
856 3897 1008 3973 loqui
1038 3896 1255 3955 homini
1283 3912 1396 3954 non
1427 3895 1642 3966 liceret,
1672 3904 1787 3954 tam
1808 3896 2060 3955 immen-

445 4003 536 4046 sos
561 4004 813 4062 superna)
839 3986 1085 4047 scientiae
1113 3985 1270 4046 sinus
1296 3985 1534 4060 aperiret
1554 3987 1639 4059 (ΙΙ
1666 3986 1795 4045 Cor.
1827 4002 1933 4056 xu,
1963 3985 2057 4059 2)?

447 4080 562 4135 Aut
587 4077 751 4150 cujus
774 4093 890 4137 non
916 4077 1184 4136 virtutem
1229 4075 1502 4134 auditoris
1530 4075 1887 4151 opprimeret,
1916 4075 1965 4133 si
1994 4091 2060 4132 ea

446 4184 572 4244 qua
599 4166 937 4228 intrinsecus
962 4168 1188 4226 haurire
1215 4175 1450 4242 poterat,
1480 4169 1540 4226 in
1569 4178 1844 4243 quantum
1873 4167 2058 4227 carnis

354 4326 371 4345 κ
447 4259 640 4334 lingua
667 4259 960 4328 suﬂiceret,
991 4258 1339 4316 extrinsecus
1384 4258 1667 4318 inundans
1698 4276 1859 4336 aquai
1887 4259 2059 4336 hujus

368 4353 380 4371 ‘
447 4350 793 4410 immensitas
818 4355 1125 4407 emanasset
1143 4348 1173 4406 τ

519 4439 608 4499 37.
638 4440 816 4500 Rudes
859 4437 1131 4496 auditores
1173 4453 1282 4494 non
1308 4436 1677 4505 inundatione,
1716 4439 1807 4497 sed
1830 4439 2058 4498 distilla-

448 4530 588 4590 tione
614 4529 844 4587 scientia
868 4532 997 4585 sunt
1011 4525 1306 4600 irrigandi.
1332 4555 1399 4568 -
1419 4527 1492 4584 Ut
1511 4541 1644 4584 vero
1657 4527 1937 4586 auditores
1954 4547 2060 4588 ru-

447 4620 545 4679 des
569 4638 685 4679 non
713 4617 1078 4678 inundatione
1104 4616 1371 4688 scientiae,
1400 4617 1498 4675 sed
1526 4617 1808 4677 moderata
1835 4621 2051 4694 praedi-
2085 4641 2134 4702 ι)

447 4711 685 4768 cationis
713 4707 1078 4768 distillatione
1106 4707 1425 4778 foveantur,
1466 4707 1598 4780 ligat
1625 4710 1771 4766 Deus
1797 4726 1967 4786 aquas
1993 4714 2052 4776 in

446 4801 712 4870 nubibus,
741 4806 806 4857 ut
830 4814 944 4856 non
958 4805 1255 4872 erumpant
1274 4797 1481 4871 pariter
1501 4796 1781 4868 deorsum,
1798 4801 1929 4874 quia
1943 4803 2056 4862 do-

446 4897 665 4950 ctorum
697 4887 1147 4964 pradicationem
1163 4894 1452 4960 temperat,
1470 4893 1534 4944 ut
1548 4886 1864 4946 auditorum
1884 4890 2054 4949 inﬁr-

447 4979 634 5050 mitas,
678 4981 702 5017 ³
756 4978 1036 5038 dictorum
1073 4993 1198 5035 rore
1254 4976 1466 5034 nutrita
1494 4977 1859 5037 convalescat.
1891 4981 2052 5051 Quod

444 5067 586 5128 bene
636 5070 699 5130 in
751 5067 1058 5143 Evangelio
1113 5066 1349 5141 mystica
1376 5066 1745 5141 descriptione
1773 5080 2049 5143 narratur,

447 5157 581 5219 dum
610 5158 851 5220 dicitur:
883 5156 1134 5217 Ascendit
1157 5157 1311 5214 Iesus
1359 5155 1417 5213 in
1441 5157 1743 5214 naviculam
1793 5160 1965 5233 Petri,
2003 5169 2052 5219 et

522 5391 539 5427 ¹
570 5392 737 5448 Deest
761 5387 875 5445 suis
902 5387 963 5444 in
988 5388 1180 5445 Norm.
1210 5392 1266 5443 et
1293 5385 1477 5446 Germ.

519 5462 545 5498 ³
575 5463 600 5518 1
643 5460 845 5532 Laud.,
874 5458 1225 5532 capitalia._f

518 5534 540 5570 ³
570 5532 785 5591 Vitiose
803 5531 863 5605 in
884 5530 1282 5605 posterioribus
1305 5532 1484 5605 Edit.,
1513 5536 1786 5595 doctorum
1815 5553 1959 5593 rore.

518 5605 542 5640 ⁸
570 5605 775 5677 Omnes
799 5604 1016 5677 Norm.,
1043 5605 1217 5677 culpa.

517 5677 540 5713 δ
570 5675 834 5746 Vindoc.,
859 5675 1228 5734 amisisseIIta
1253 5677 1420 5734 etiam
1447 5678 1561 5737 duo
1586 5679 1760 5738 Laud.
1792 5688 1848 5736 et
1859 5681 2046 5738 Germ.

518 5749 542 5784 ⁶
569 5748 701 5805 Post
729 5755 951 5822 tenetur,
1009 5747 1070 5806 in
1098 5749 1249 5822 Edit.
1280 5749 1449 5822 Basil.
1485 5750 1646 5821 1514,
1674 5751 1852 5809 Paris.
1886 5752 2048 5822 1518,

445 5826 502 5904 et
526 5827 776 5904 aequent.
799 5820 1030 5904 legitur:
1065 5821 1316 5904 Quisquis
1342 5838 1570 5904 namque
1595 5823 1799 5904 adalta
1817 5820 2054 5904 scientia

443 5891 642 5961 ﬂuenta
662 5891 992 5966 perveniens,
1039 5909 1158 5950 cum
1206 5891 1317 5950 liceo
1360 5891 1512 5968 apud
1539 5894 1699 5953 bruta
1723 5895 2052 5954 audientium

2163 1972 2505 2047 occideritque
2534 1975 2622 2030 bos
2652 1977 2730 2032 vel
2757 1976 2942 2032 asinus
2989 1977 3047 2033 in
3095 1995 3232 2045 eam,
3259 1979 3505 2037 dominus
3530 1981 3775 2038 cisternae

2163 2063 2347 2120 reddet
2363 2064 2595 2136 pretium
2606 2063 2970 2135 jumentorum
3000 2067 3203 2139 (Exod.
3222 2085 3344 2139 xxi,
3372 2069 3488 2143 33).
3521 2069 3669 2139 Quid
3688 2077 3776 2129 est

2165 2152 2316 2210 enim
2343 2153 2556 2228 aperire
2584 2153 2902 2227 cisternam,
2933 2157 3042 2214 nisi
3070 2157 3359 2218 intellectu
3393 2159 3581 2218 valido
3609 2161 3774 2220 Scri-

2164 2249 2339 2316 pturae
2367 2259 2534 2302 sacrae
2562 2261 2762 2302 arcana
2787 2254 3073 2320 penetrare
3092 2247 3121 2305 ‘i
3150 2247 3295 2316 Quid
3321 2255 3506 2305 autem
3535 2265 3633 2323 per
3657 2248 3777 2308 bo-

2164 2349 2290 2390 vem
2345 2341 2401 2391 et
2453 2333 2696 2405 asinum,
2740 2336 3014 2394 mundum
3053 2337 3266 2395 scilicet
3311 2346 3366 2396 et
3412 2337 3772 2397 immundum

2163 2422 2392 2492 animal,
2414 2423 2521 2481 nisi
2543 2423 2726 2481 ﬁdelis
2741 2425 2974 2500 quisque
2993 2433 3048 2483 et
3068 2425 3309 2484 inﬁdelis
3330 2427 3603 2501 accipitur
3616 2427 3645 2486 τ
3661 2429 3774 2498 Qui

2163 2525 2293 2584 ergo
2320 2511 2617 2571 cisternam
2645 2513 2811 2585 fodit,
2839 2513 3139 2588 cooperiat,
3170 2531 3239 2572 ne
3267 2514 3405 2574 illuc
3430 2516 3533 2574 bos
3549 2517 3634 2573 vel
3665 2517 3775 2574 asi-

2163 2621 2270 2663 nus
2298 2614 2443 2677 ruat,
2473 2607 2533 2664 id
2561 2614 2666 2678 est,
2695 2607 2792 2682 qui
2820 2608 2880 2665 in
2907 2623 3062 2664 sacro
3089 2607 3311 2682 eloquio
3332 2607 3449 2680 jam
3467 2609 3580 2665 alta
3608 2609 3775 2668 intel-

2162 2695 2308 2770 ligit,
2337 2697 2605 2755 sublimes
2658 2714 2851 2755 sensus
2894 2714 3080 2756 coram
3118 2714 3233 2755 non
3277 2697 3625 2771 capientibus
3675 2716 3779 2772 per

2164 2785 2450 2845 silentium
2480 2793 2648 2862 tegat,
2665 2803 2734 2845 ne
2757 2803 2855 2861 per
2880 2787 3200 2847 scandalum
3218 2787 3420 2845 mentis
3434 2794 3530 2845 aut
3548 2787 3777 2847 ﬁdelem

2160 2878 2482 2953 parvulum,
2511 2884 2607 2935 aut
2634 2876 2939 2948 inﬁdelem,
2969 2877 3065 2954 qui
3098 2877 3320 2935 credere
3350 2876 3640 2951 potuisset,
3670 2876 3777 2935 in-

2161 2966 2401 3026 terimat.
2422 2968 2513 3025 Ex
2542 2975 2718 3026 morte
2747 2968 2898 3026 enim
2919 2967 3301 3041 jumentorum
3322 2966 3485 3024 debet
3502 2965 3773 3038 pretium,

2162 3057 2294 3130 quia
2321 3056 2464 3114 illud
2490 3055 2703 3113 scilicet
2731 3058 2752 3091 δ
2782 3056 3071 3115 admisisse
3097 3053 3472 3124 convincitur,
3511 3054 3659 3112 unde
3702 3057 3776 3116 ad

2162 3144 2429 3217 agendam
2459 3144 2841 3218 penitentiam
2870 3160 2998 3202 reus
3023 3149 3263 3202 tenetur.
3298 3145 3321 3182 ⁸
3349 3143 3659 3218 Operienda
3691 3155 3778 3205 est

2168 3231 2353 3307 itaque
2381 3231 2642 3302 cisterna,
2672 3232 2802 3308 quia
2831 3249 3014 3291 coram
3044 3233 3293 3309 parvulis
3313 3239 3459 3299 549
3485 3233 3775 3296 mentibus

2166 3332 2398 3407 tegenda
2424 3341 2508 3392 est
2534 3334 2645 3391 alta
2672 3333 2924 3404 scientia,
2953 3351 3024 3392 ne
3051 3334 3198 3393 unde
3225 3352 3323 3394 cor
3347 3335 3670 3396 docentium
3699 3339 3771 3399 ad

2163 3442 2382 3484 summa
2408 3424 2704 3495 attollitur,
2736 3423 2866 3483 inde
2886 3424 3182 3482 inﬁrmitas
3210 3425 3528 3485 auditorum
3554 3427 3626 3486 ad
3655 3428 3772 3488 ima

2165 3514 2462 3574 dilabatur.
2484 3514 2714 3573 Dicatur
2726 3514 2897 3589 igitur
2911 3523 3078 3573 recte:
3113 3515 3216 3584 Qui
3237 3516 3368 3588 ligat
3384 3534 3556 3588 aquas
3573 3517 3635 3574 in
3654 3536 3773 3576 nu—

2165 3604 2334 3674 bibus,
2364 3611 2425 3663 ut
2452 3623 2558 3663 non
2571 3612 2854 3679 erumpant
2862 3606 3071 3679 pariter
3089 3607 3353 3663 deorsum.
3370 3607 3585 3665 Pariter
3597 3624 3771 3669 nam-

2164 3711 2273 3771 que
2293 3711 2448 3770 aquae
2468 3703 2842 3770 erumperent,
2864 3695 2912 3753 si
2932 3712 3115 3755 coram
3136 3695 3374 3754 inﬁrmis
3388 3696 3767 3771 auditoribus,

2164 3794 2371 3862 quanta
2392 3795 2476 3844 est
2500 3786 2733 3844 scientia
2757 3803 2829 3844 ex
2858 3802 2952 3844 ore
2981 3787 3260 3861 loquentis
3282 3796 3583 3858 emanaret,
3603 3788 3653 3846 si
3680 3789 3771 3847 si-

2165 3876 2282 3934 mul
2309 3893 2368 3934 se
2390 3875 2575 3935 omnis
2594 3876 2882 3950 plenitudo
2900 3876 3308 3950 praedicationis
3325 3876 3651 3948 effunderet,
3670 3879 3699 3915 ³
3713 3887 3771 3937 et

2163 3965 2246 4023 nil
2260 3965 2368 4024 sibi
2381 3983 2510 4026 cum
2526 3965 2943 4041 proﬁcientibus
2960 3975 3280 4026 reservaret.
3304 3967 3547 4040 Dignum
3560 3967 3770 4043 quippe

2163 4062 2247 4113 est
2287 4063 2351 4113 ut
2391 4055 2487 4131 qni
2540 4055 2803 4130 praedicat
2844 4056 3123 4114 audientis
3164 4057 3392 4115 modum
3430 4056 3766 4130 consideret,

2165 4154 2437 4220 quatenus
2456 4147 2574 4221 ipsa
2588 4148 2906 4222 praedicatio
2925 4166 3052 4208 cum
3068 4148 3340 4208 auditoris
3354 4149 3441 4207 sui
3456 4149 3766 4208 incremen-

2163 4237 2238 4295 tis
2265 4246 2490 4297 crescat.
2513 4239 2605 4297 Sic
2633 4239 2835 4314 quippe
2863 4256 3020 4313 agere
3037 4239 3419 4315 unusquisque
3434 4240 3770 4314 praedicator

2164 4327 2347 4399 debet,
2374 4328 2522 4387 sicut
2547 4345 2674 4387 cum
2703 4329 2802 4386 illo
2830 4329 3104 4388 divinitus
3117 4331 3320 4402 agitur,
3339 4337 3403 4387 ut
3416 4346 3767 4405 nequaquam

2164 4426 2367 4476 cuncta
2393 4435 2515 4494 qum
2542 4419 2712 4477 sentit
2751 4418 2992 4478 inﬁrmis
3018 4419 3286 4490 insinuet,
3320 4419 3452 4495 quia
3479 4425 3535 4478 et
3563 4435 3768 4494 quous-

2165 4523 2272 4582 que
2299 4507 2415 4582 ipse
2444 4523 2607 4566 carne
2635 4509 2990 4567 mortalitatis
3018 4509 3278 4568 inﬁmus
3307 4517 3409 4580 est,
3440 4525 3506 4567 ea
3528 4525 3653 4584 quas
3680 4526 3771 4568 su-

2163 4612 2334 4671 perna
2359 4605 2490 4656 sunt
2503 4605 2702 4657 cuncta
2720 4614 2834 4656 non
2847 4599 3036 4657 sentit.
3053 4598 3359 4657 Praedicare
3386 4614 3518 4672 ergo
3534 4597 3772 4658 rudibus

2162 4703 2275 4746 non
2295 4687 2457 4745 debet
2484 4695 2753 4762 quantum
2783 4687 3088 4761 cognoscit,
3119 4688 3252 4762 quia
3265 4695 3322 4745 et
3347 4687 3465 4761 ipse
3483 4686 3553 4745 de
3580 4703 3768 4762 super-

2159 4778 2249 4836 nis
2278 4777 2559 4853 mysteriis
2585 4795 2914 4852 cognoscere
2942 4794 3056 4836 non
3083 4779 3233 4836 valet
3245 4786 3453 4854 quanta
3470 4779 3604 4836 sint.
3623 4778 3770 4837 Hinc

2159 4877 2242 4928 est
2267 4869 2417 4927 enim
2445 4869 2590 4944 quod
2604 4870 2808 4928 Paulus
2843 4871 3146 4943 apostolus,
3173 4877 3462 4945 postquam
3487 4869 3770 4945 mysteriis

2158 4960 2476 5020 caelestibus
2503 4960 2778 5030 interfuit,
2808 4959 2976 5018 dicit:
3017 4961 3262 5020 Videmus
3284 4977 3427 5017 nunc
3446 4977 3550 5034 per
3573 4977 3769 5034 specu-

2161 5052 2269 5108 lum
2293 5051 2352 5106 in
2378 5051 2673 5124 wnigmate,
2705 5057 2827 5108 tunc
2847 5056 3022 5108 autem
3049 5050 3188 5123 facie
3213 5051 3287 5108 ad
3321 5049 3515 5122 faciem
3547 5051 3609 5126 (Ι
3635 5052 3764 5110 Cor.

2157 5158 2284 5212 xm,
2316 5140 2430 5214 l2).
2454 5139 2610 5199 Unde
2637 5147 2693 5198 et
2720 5139 2990 5200 continuo
3016 5139 3111 5201 hic
3136 5141 3422 5217 sequitur:

2156 5358 2319 5415 corda
2346 5375 2453 5414 non
2479 5358 2787 5425 contexerit,
2811 5375 2982 5431 plenae
2995 5359 3420 5425 reusaddicitur,
3436 5358 3486 5415 si
3492 5357 3765 5442 perverba

2156 5431 2272 5486 eius
2296 5431 2355 5486 in
2403 5431 2712 5486 scandalum
2745 5431 2852 5486 sive
2900 5432 3124 5486 munda.
3175 5431 3282 5486 sive
3308 5447 3456 5486 mens
3486 5430 3764 5486 immunda

2155 5431 2272 5503 ejus
2296 5431 2355 5486 in
2403 5431 2712 5487 scandalum
2745 5431 2852 5487 sive
2900 5432 3124 5497 munda,
3175 5431 3282 5487 sive
3308 5447 3456 5487 mens
3486 5431 3763 5487 immunda

2157 5502 2784 5584 eapiatur.Quzeverba
2822 5503 3030 5584 frustra
3068 5510 3387 5584 quaerentur
3411 5500 3472 5583 in
3500 5501 3763 5584 omnibus

2157 5573 2287 5657 Mss.
2319 5573 2543 5657 nostris.
2574 5573 2805 5657 Abeunt
2836 5574 3002 5657 etiam
3035 5573 3104 5656 ab
3144 5573 3294 5630 Edit.
3325 5573 3497 5657 Paris.
3533 5573 3672 5657 1495
3707 5580 3763 5630 et

2157 5646 2568 5728 antiquioribus
2593 5646 2736 5704 aliis.
2781 5647 2845 5703 In
2875 5646 3090 5705 caeteris
3115 5661 3147 5701 e
3174 5646 3422 5718 margine
3452 5646 3512 5703 in
3541 5652 3761 5704 textum

2157 5724 2517 5776 transierunt.

2230 5792 2253 5828 ⁷
2287 5791 2311 5847 1
2344 5789 2543 5863 Laud.,
2573 5796 2622 5848 et
2648 5790 2731 5849 nil
2752 5790 2801 5848 si
2826 5790 3226 5866 proﬁcientibus
3252 5796 3542 5848 reservant.
