3946 6368
209 445 273 504 29
977 436 1353 496 MORALIUM
1392 435 1526 493 LIB.
1568 436 1747 495 XVII.
1788 465 1860 482 --
1898 437 1970 497 IN
2008 437 2237 497 CAPUT
2272 439 2459 498 XXIV
2500 441 2563 499 Β.
2607 441 2751 497 JOB.
3461 445 3531 503 30

573 568 805 628 CAPUT
842 569 1056 628 xxvu
1083 566 1230 644 meo.
1274 563 1419 639 XV].

275 683 443 743 Vsus.
478 681 533 739 9.
568 711 641 725 —
673 680 777 750 Qui
805 685 937 736 tenet
964 679 1169 735 vultum
1194 678 1319 736 solii
1346 676 1451 745 sui,
1483 682 1532 733 et
1555 678 1813 750 expandit

209 792 359 850 super
385 773 529 831 illud
554 773 800 830 nebulam
832 789 1004 829 suam.

274 885 359 943 39.
390 886 460 942 In
473 884 571 941 hac
586 883 695 939 vita
713 882 889 954 gloria
918 881 1018 938 Dei
1045 898 1110 937 ea:
1133 887 1291 955 parte
1322 887 1525 937 tantum
1553 881 1810 952 cognosci-

210 981 310 1032 tur.
330 1007 401 1017 —
421 974 485 1031 In
504 973 667 1029 vultu
686 973 828 1028 solet
846 969 1091 1043 cognitio
1112 969 1499 1027 demonstrari.
1526 969 1661 1027 Solii
1683 986 1811 1041 ergo

206 1064 319 1139 ejus
345 1066 538 1122 vultus
564 1070 804 1131 tenetur,
849 1061 980 1136 quia
1026 1078 1057 1118 a
1103 1061 1265 1118 nobis
1294 1061 1352 1117 in
1380 1060 1485 1117 hac
1512 1060 1629 1117 vita
1657 1060 1811 1132 regni

207 1154 318 1229 ejus
345 1152 516 1228 gloria
550 1170 662 1211 non
691 1159 895 1227 quanta
925 1151 1260 1210 intrinsecus
1288 1150 1523 1208 habetur
1550 1150 1812 1224 agnosci-

203 1251 309 1303 tur.
342 1244 521 1318 Super
549 1260 657 1317 quo
687 1250 833 1300 recte
879 1241 1118 1314 expaudi
1164 1241 1367 1299 nebula
1407 1241 1634 1311 dicitur,
1683 1241 1813 1316 quia

205 1333 342 1392 sicut
368 1342 454 1391 est
481 1333 579 1390 illa
605 1331 844 1391 cmlestis
874 1330 1028 1404 regni
1061 1330 1235 1405 gloria
1262 1347 1375 1389 non
1398 1331 1638 1389 videtur.
1672 1333 1813 1389 Nam

203 1441 387 1497 corpus
402 1424 545 1497 quod
559 1421 943 1494 corrumpitur,
959 1426 1219 1494 aggravat
1230 1421 1487 1491 animam,
1503 1427 1551 1479 et
1565 1420 1815 1493 deprimit

204 1520 410 1571 terrm
428 1513 743 1569 inhabilatio
771 1527 981 1567 sensum
1008 1512 1181 1567 multa
1208 1511 1519 1583 cogitantem
1550 1510 1704 1583 (Sap.
1729 1527 1811 1580 Ix,

206 1605 291 1679 l5)
302 1606 370 1661 .A
386 1603 630 1660 videndo
641 1620 767 1675 ergo
783 1617 847 1658 eo
863 1600 1065 1658 nebula
1078 1600 1576 1676 aspergimur,quia
1588 1600 1704 1674 ipsa
1717 1617 1813 1657 no-

201 1702 323 1750 strze
340 1693 665 1767 ignorantia:
687 1690 1023 1750 obscuritate
1043 1691 1361 1764 caligamus.
1384 1691 1537 1749 Unde
1559 1699 1703 1748 recte
1719 1707 1815 1764 per

203 1782 550 1839 Psalmistam
571 1781 806 1839 dicitur:
846 1780 1032 1853 Caligo
1062 1781 1157 1835 sub
1171 1781 1392 1853 pedibus
1420 1779 1554 1850 ejus,
1575 1786 1621 1835 et
1640 1796 1809 1835 ascen-

201 1872 277 1927 dit
290 1888 455 1945 super
467 1870 808 1936 cherubim,et
822 1869 1243 1936 volavit,volavit
1257 1886 1415 1942 super
1424 1886 1627 1941 pennas
1643 1874 1815 1924 vento-

1837 566 1891 630 Α
1916 583 1980 625 eo
2008 567 2129 643 ipso
2156 585 2266 644 quo
2296 569 2463 628 latius
2491 570 2833 641 extenditur,
2851 581 3197 645 angustatur.
3221 576 3325 635 Vel
3352 565 3530 635 certe'

1919 659 2048 733 quia
2077 660 2279 718 solium
2300 661 2400 717 Dei
2428 660 2541 733 ipsi
2568 677 2673 718 nos
2698 677 2911 732 sumus,
2929 663 3149 720 vultum
3168 665 3293 720 solii
3310 666 3398 724 sui
3417 682 3532 725 non

1919 748 2199 806 immerito
2227 757 2412 807 tenere
2442 750 2668 821 dicitur,
2691 751 2825 808 dum
2856 759 3045 809 nostra
3060 752 3295 809 scientia
3313 771 3530 827 progre-

1920 839 1978 895 di
2005 838 2075 896 ad
2102 840 2300 896 altiora
2341 840 2687 912 prohibetur.
2734 841 2908 914 Super
2950 841 3099 914 quod
3133 842 3338 899 solium
3368 860 3529 901 suum

1920 945 2078 986 suam
2114 929 2373 986 nebulam
2401 931 2549 985 Deus
2577 946 2860 1002 aspergere
2880 929 3108 1000 dicitur,
3130 932 3262 1004 quia
3277 932 3532 991 invisibi-

1922 1019 1991 1078 lis
2022 1034 2270 1088 manens,
2293 1022 2509 1076 occulta
2528 1036 2692 1092 super
2711 1037 2811 1077 nos
2823 1019 3039 1092 judicia
3057 1021 3259 1090 exerit,
3280 1031 3344 1079 ut
3363 1030 3418 1079 et
3436 1022 3533 1080 ﬁat

1921 1107 1981 1163 in
2011 1107 2281 1180 promptis
2309 1108 2457 1182 quod
2488 1107 2675 1165 videre
2723 1108 3018 1181 possimus,
3062 1116 3118 1165 et
3162 1116 3347 1167 tamen
3378 1109 3534 1183 origo

1920 1197 2053 1255 iacti
2082 1197 2247 1255 lateat
2270 1196 2329 1253 in
2357 1197 2582 1267 abditis,
2613 1205 2675 1255 ut
2693 1215 2796 1256 cur
2823 1198 2942 1268 ﬁat,
2971 1198 3184 1257 nescire
3212 1198 3529 1259 debeamus.

1920 1291 2076 1349 Unde
2104 1300 2158 1349 et
2187 1300 2310 1365 apte
2340 1291 2630 1349 subditur:

2277 1399 2506 1459 CAPUT
2536 1400 2775 1459 XXVIII
2809 1399 2953 1475 [Rea
2985 1401 3166 1476 XVI].

1992 1507 2167 1566 Vnus.
2201 1507 2287 1564 10.
2319 1538 2383 1550 -
2422 1508 2724 1565 Terminum
2768 1508 3112 1566 circumdedit
3148 1508 3326 1584 aquis,
3372 1525 3535 1583 usque

1922 1597 2047 1653 dum
2077 1596 2341 1670 ﬁniantur
2370 1592 2466 1653 tua:
2493 1603 2540 1651 et
2571 1598 2811 1654 tenebraz.

1992 1685 2081 1743 41.
2137 1686 2378 1756 Perfecta
2424 1687 2734 1741 azternitatis
2787 1686 3027 1753 scientia,
3081 1689 3224 1744 nulli
3279 1690 3535 1746 tribuitur

1922 1775 2162 1847 quandiu
2177 1775 2421 1830 vivimus.
2440 1804 2512 1817 —
2526 1774 2667 1842 Quia
2697 1775 3023 1848 plerumque
3040 1775 3097 1831 in
3114 1791 3269 1833 sacro
3289 1778 3532 1851 eloquio,

1925 1874 1985 1923 ut
2015 1882 2181 1940 supra
2208 1863 2476 1933 diximus,
2494 1880 2760 1938 aquarum
2790 1863 3014 1921 nomine
3036 1866 3226 1938 populi
3247 1866 3535 1938 designan-

199 1940 409 2030 rum,et
420 1962 602 2036 posuit
617 1961 850 2018 tenebras
868 1960 1145 2017 latibulum
1161 1940 1505 2033 suum7(Psal.
1530 1976 1671 2029 xvu,
1692 1959 1805 2032 10).
1851 1940 1892 2001 Β
1927 1966 2035 2025 tur,
2065 1971 2234 2030 aquas
2262 1952 2534 2011 Dominus
2559 1953 2801 2010 termino
2830 1952 3157 2024 circumdat,
3191 1957 3211 1991 ³
3244 1955 3375 2029 quia
3420 1957 3535 2014 hu-

200 2053 386 2126 Caligo
417 2069 655 2127 namque
681 2060 764 2109 est
789 2051 840 2109 ei
869 2052 971 2109 sub
1002 2050 1254 2124 pedibus,
1304 2052 1434 2126 quia
1471 2068 1582 2108 non
1617 2054 1633 2087 ¹
1665 2050 1723 2107 in
1752 2066 1815 2106 ea

200 2143 453 2202 claritate
469 2142 538 2199 ab
557 2140 919 2199 inferioribus
938 2143 1205 2211 cernitur,
1227 2158 1334 2215 qua
1356 2141 1414 2197 in
1435 2139 1815 2214 superioribus

199 2232 540 2290 dominatur.
572 2231 839 2289 Ascendit
866 2231 1014 2288 enim
1044 2248 1208 2304 super
1235 2231 1550 2297 cherubim,
1579 2237 1634 2286 et
1664 2229 1812 2285 vola-

198 2323 301 2381 vit.
354 2321 657 2381 Cherubim
709 2321 914 2397 quippe
955 2321 1247 2395 plenitudo
1294 2320 1539 2379 scientiae
1582 2318 1809 2376 dicitur.

198 2414 439 2472 Proinde
466 2431 630 2489 super
657 2413 1060 2488 plenitudinem
1091 2413 1337 2472 scientiae
1366 2412 1675 2471 ascendisse
1696 2427 1813 2484 per-

199 2503 446 2574 hibetur,
467 2512 522 2560 et
542 2505 775 2573 volasse,
799 2503 928 2578 quia
950 2503 1251 2576 majestatis
1280 2502 1397 2575 ejus
1426 2501 1812 2561 celsitudinem

197 2593 433 2651 scientia
453 2594 607 2651 nulla
627 2593 1069 2667 comprehendit.
1093 2593 1318 2653 Volavit
1337 2592 1528 2667 igitur,
1550 2592 1677 2666 quia
1696 2592 1812 2647 lon-

196 2699 260 2755 ge
290 2683 351 2740 in
381 2684 557 2740 altum
586 2684 656 2740 ab
686 2682 974 2741 intellectu
1014 2691 1206 2740 nostro
1249 2699 1305 2740 se
1352 2682 1555 2756 rapuit.
1590 2681 1816 2739 Volavit

193 2788 367 2844 super
405 2789 612 2845 pennas
650 2780 966 2841 ventorum,
997 2772 1128 2846 quia
1155 2773 1443 2830 scientiam
1474 2770 1816 2829 transcendit

191 2860 537 2918 animarum.
557 2860 665 2929 Qui
681 2861 865 2933 posuit
883 2861 1137 2918 tenebras
1164 2862 1462 2918 latibulum
1481 2878 1665 2929 suum,
1688 2860 1816 2933 quia

194 2946 331 3005 dum
348 2948 589 3020 caligine
603 2956 805 3005 nostrae
822 2948 1165 3005 inﬁrmitatis
1180 2948 1542 3006 obscuramur
1557 2964 1651 3020 per
1666 2947 1816 3019 igno-

196 3036 440 3095 rantiam
471 3044 717 3093 nostram
748 3036 909 3093 nobis
926 3037 1310 3106 absconditur,
1333 3054 1402 3094 ne
1423 3054 1455 3093 a
1472 3037 1633 3094 nobis
1654 3036 1818 3093 modo

198 3127 257 3185 in
284 3135 495 3185 aeterna
521 3133 576 3184 et
604 3125 804 3183 intima
831 3124 1082 3184 claritate
1111 3126 1387 3182 videatur.
1419 3126 1575 3184 Unde
1593 3126 1644 3183 ei
1675 3134 1730 3182 et
1758 3126 1817 3183 in

199 3213 448 3273 Canticis
474 3212 819 3272 canticorum
847 3228 880 3269 a
906 3229 1107 3285 sponsa
1135 3212 1374 3271 dicitur:
1432 3214 1595 3286 Fuge,
1635 3214 1821 3270 dilecte

198 3304 293 3372 mi,
328 3303 454 3377 fuge
488 3303 672 3376 (Cant.
705 3320 829 3372 vm,
864 3302 977 3376 14).
1013 3302 1153 3377 [νει.
1186 3301 1364 3378 Χιν.]
1398 3302 1563 3375 Fugit
1589 3319 1712 3373 nos,
1738 3303 1818 3360 di.
1854 3302 1899 3364 G

199 3392 402 3463 cimus,
432 3393 649 3468 quoties
676 3392 850 3450 menti
880 3400 1079 3449 nostrae
1101 3392 1159 3450 id
1178 3393 1326 3467 quod
1346 3392 1630 3451 reminisci
1655 3394 1810 3450 volu-

204 3499 328 3539 mus
358 3499 473 3540 non
502 3480 764 3540 occurrit.
800 3482 822 3517 ³
851 3480 1015 3555 Fugit
1060 3498 1182 3551 nos,
1213 3481 1475 3551 dicimus,
1507 3482 1727 3557 quando
1754 3481 1813 3539 id

201 3572 351 3645 quod
404 3572 663 3629 volumus
705 3569 971 3629 memoria
997 3587 1110 3629 non
1137 3579 1408 3629 tenemus.
1442 3572 1641 3630 Sancta
1684 3590 1813 3645 ergo

201 3661 451 3720 Ecclesia
479 3668 770 3735 postquam
791 3668 1024 3718 mortem
1055 3677 1119 3719 ac
1147 3661 1612 3719 resurrectionem
1633 3662 1820 3719 Domi-

201 3749 281 3822 ni,
330 3749 819 3824 ascensionemque
848 3749 1135 3819 describit,
1183 3751 1384 3808 clamat
1412 3750 1463 3807 ei
1498 3751 1820 3824 prophetico

201 3842 366 3915 plena
395 3840 598 3914 spiritu
623 3857 635 3895 :
664 3840 828 3911 Fuge,
858 3840 1040 3895 dilecte
1065 3841 1161 3909 mi,
1192 3839 1333 3913 fuge.
1367 3846 1448 3898 Ac
1484 3841 1531 3897 si
1573 3841 1779 3899 diceret
1804 3860 1816 3898 :

202 3931 283 3988 Tu
303 3930 407 4005 qui
426 3947 498 3986 ex
514 3944 678 3987 carne
697 3928 1213 4002 comprehensibilis
1233 3930 1412 3988 factus
1426 3948 1504 3999 es,
1526 3948 1597 3987 ex
1617 3931 1819 3987 divini-

201 4027 313 4077 tate
346 4027 448 4076 tua
485 4018 910 4092 intelligentiam
956 4018 1134 4076 nostri
1172 4036 1367 4076 sensus
1395 4020 1620 4091 excede,
1667 4028 1721 4077 et
1763 4021 1823 4077 in

200 4108 381 4182 teipso
414 4107 574 4165 nobis
602 4107 1178 4181 incomprehensibilis
1198 4125 1477 4181 permane.
1502 4109 1675 4165 Tenet
1694 4127 1823 4183 ergo

202 4199 426 4255 vultum
455 4197 581 4254 solii
609 4197 717 4267 sui,
740 4197 870 4272 quia
889 4196 1191 4270 majestatis
1212 4215 1323 4255 suae
1348 4198 1656 4272 potentiam
1677 4216 1820 4257 mor-

202 4289 413 4348 talibus
430 4289 741 4348 abscondit.

273 4397 365 4455 40.
400 4398 531 4469 Ipsa
572 4397 883 4469 angelorum
921 4394 1219 4452 ministeria
1245 4395 1458 4453 minime
1493 4396 1718 4469 cognita.
1750 4427 1821 4440 —-

206 4486 310 4543 Sed
337 4487 387 4545 si
419 4484 539 4559 ejus
566 4485 769 4544 solium
790 4484 1066 4560 angelicas
1080 4484 1316 4542 virtutes
1344 4485 1669 4559 accipimus,
1687 4485 1821 4560 ipsis

208 4586 411 4660 quippe
441 4586 596 4643 velut
625 4584 742 4642 sedi
770 4584 932 4658 regia:
962 4583 1241 4658 praesidet,
1263 4583 1350 4640 sui
1371 4583 1531 4640 nobis
1561 4581 1706 4638 550
1736 4599 1819 4639 so-

1924 2045 2074 2102 mani
2105 2044 2319 2118 generis
2347 2044 2424 2100 ita
2453 2044 2741 2101 scientiam
2786 2044 3124 2116 moderatur,
3156 2053 3219 2102 ut
3250 2062 3536 2121 quousque

1922 2136 2335 2193 vicissitudines
2390 2133 2785 2191 alternantium
2860 2142 3174 2208 temporum
3229 2143 3534 2207 transeant,

1921 2226 2160 2298 perfecte
2185 2225 2256 2282 ad
2284 2224 2655 2297 cognitionem
2701 2224 2974 2282 claritatis
3020 2224 3231 2282 intima:
3263 2243 3374 2284 non
3403 2242 3538 2300 per-

1920 2315 2116 2390 tingat.
2149 2315 2247 2374 Sin
2275 2332 2407 2373 vero
2438 2315 2577 2373 lucis
2606 2315 2832 2373 nomine
2872 2315 3053 2389 justos
3090 2317 3414 2391 accipimus,
3443 2324 3538 2373 te-

1882 2486 1886 2490 .
1920 2408 2216 2465 nebrarum
2246 2422 2377 2463 vero
2406 2405 2773 2480 appellatione
2794 2416 3108 2479 peccatores
3133 2408 3305 2481 (unde
3326 2414 3382 2464 et
3401 2408 3536 2463 Pau-

1922 2499 2011 2556 lus
2038 2499 2211 2557 dicit:
2244 2500 2434 2556 Eratis
2462 2500 2754 2572 aliquando
2785 2500 3025 2568 tenebrw,
3054 2516 3194 2555 nunc
3233 2506 3409 2555 autem
3441 2500 3536 2554 tua:

1922 2588 1979 2645 in
2005 2589 2234 2646 Domino
2270 2590 2489 2665 [Ephes.
2522 2608 2581 2660 v,
2612 2590 2724 2664 8]),
2754 2588 2861 2646 hoc
2889 2590 3070 2662 ipsum
3101 2588 3253 2662 quod
3284 2587 3536 2644 diximus

1922 2680 2118 2737 sentiri
2160 2681 2241 2738 nil
2288 2681 2490 2751 obstat,
2524 2680 2655 2756 quia
2681 2680 2923 2755 perfecta
2952 2679 3277 2736 aeternitatis
3304 2676 3540 2736 scientia

1922 2770 2064 2828 nulli
2081 2770 2366 2841 tribuitur,
2383 2788 2665 2845 quousque
2682 2787 2875 2828 cursus
2884 2769 3160 2844 justorum
3179 2767 3538 2842 injustorum-

1925 2877 2030 2934 que
2060 2862 2307 2919 ﬁniatur.
2340 2861 2445 2919 Sed
2476 2862 2605 2936 quia
2626 2861 2830 2918 mirum
2860 2877 2972 2918 non
2995 2867 3079 2917 est
3102 2860 3350 2917 carnales
3369 2874 3538 2930 popu-

1926 2950 2009 3005 los
2036 2965 2294 3020 superna_
2314 2951 2547 3017 nescire,
2593 2958 2815 3007 sanctus
2851 2949 2939 3005 vir
2967 2949 3026 3004 in
3056 2946 3302 3019 ejusdem
3333 2943 3539 3001 divinae

1927 3037 2185 3111 potentiae
2215 3036 2579 3093 admiratione
2600 3053 2655 3091 se
2676 3037 2858 3107 erigit,
2886 3044 2941 3092 et
2961 3036 3108 3107 quod
3128 3035 3304 3106 ipsam
3322 3048 3541 3107 quoque

1926 3130 2247 3200 angelorum
2304 3126 2783 3199 perlectorumque
2841 3123 3135 3179 hominum
3183 3124 3206 3159 ι
3252 3120 3540 3179 scientiam

1927 3225 2188 3287 transeat,
2218 3216 2466 3273 intuetur
2494 3213 2711 3271 dicens:

2303 3323 2531 3381 CAPUT
2561 3322 2752 3379 XXIX
2784 3320 2922 3397 [Rea
2956 3318 3158 3393 XVII].

1992 3417 2163 3475 Vsus.
2202 3415 2286 3471 11.
2309 3444 2381 3455 -
2409 3412 2680 3470 Columnae
2700 3411 2817 3467 coeli
2835 3408 3266 3477 contremiscunt,
3288 3414 3337 3466 et
3348 3415 3546 3483 pavent

1919 3508 1993 3566 ad
2022 3514 2207 3563 nutum
2233 3505 2369 3576 ejus.

1992 3598 2082 3655 42.
2106 3597 2375 3654 Columna:
2393 3594 2507 3650 σιεΙὶ
2534 3600 2657 3650 sunt
2682 3593 2763 3649 vel
2789 3592 2985 3665 angeli,
3014 3592 3094 3647 vel
3121 3589 3314 3646 summi
3342 3591 3540 3648 Eccle-

1920 3686 2012 3743 sia:
2058 3685 2454 3757 prwdicatores,
2504 3684 2587 3738 vel
2633 3682 2793 3737 etiam
2841 3680 3092 3738 Ecclesia:
3118 3680 3266 3752 ipsis.
3299 3710 3370 3721 —
3398 3678 3545 3748 Quid

1922 3774 2074 3831 aliud
2121 3774 2407 3831 columnas
2448 3771 2573 3830 cmli
2608 3787 2772 3845 quam
2804 3771 2893 3826 vel
2924 3777 3148 3827 sanctos
3177 3769 3424 3842 angelos,
3455 3769 3544 3825 vel

1921 3882 2168 3923 summos
2186 3858 2444 3923 Ecclesiae
2467 3862 2853 3936 praedicatores
2883 3860 3172 3935 appellat?
3203 3860 3378 3933 Super
3406 3875 3546 3933 quos

1924 3957 1981 4013 in
2038 3954 2353 4014 ccclestibus
2408 3969 2658 4012 crescens
2705 3952 2968 4008 universa
3014 3948 3281 4023 spiritalis
3322 3947 3545 4006 fabricae

1924 4054 2201 4104 structura
2229 4041 2493 4110 surrexit,
2524 4041 2668 4097 sicut
2698 4040 2833 4103 alias
2862 4046 3053 4097 sancta
3073 4038 3362 4110 Scriptura
3380 4043 3545 4094 testa-

1925 4145 2036 4205 tur,
2068 4137 2292 4193 dicens:
2345 4133 2448 4201 Qui
2480 4131 2684 4197 vicerit,
2728 4130 2928 4201 faciam
2956 4130 3115 4186 illum
3156 4132 3455 4186 columnam
3490 4129 3549 4185 in

1930 4229 2118 4300 templo
2146 4225 2247 4282 Dei
2273 4224 2374 4279 mei
2403 4223 2592 4295 (Apoc.
2628 4238 2713 4291 III,
2748 4222 2862 4294 12).
2898 4222 3036 4278 Nam
3081 4219 3333 4295 quisquis
3363 4220 3422 4276 in
3449 4221 3549 4278 Dei

1929 4333 2089 4390 opere
2118 4323 2267 4373 recta
2285 4313 2592 4371 intentione
2613 4311 2890 4381 ﬁrmatur,
2908 4312 3165 4368 columna
3186 4310 3246 4367 in
3264 4317 3543 4367 structura

1933 4406 2148 4465 fabricae
2178 4404 2442 4478 spiritalis
2470 4403 2723 4477 erigitur,
2757 4411 2820 4460 ut
2845 4402 2904 4459 in
2926 4402 3035 4461 hoc
3052 4403 3280 4475 templo,
3303 4402 3451 4476 quod
3471 4410 3551 4458 est

1928 4495 2200 4564 Ecclesia,
2231 4494 2463 4567 positus,
2493 4501 2548 4550 et
2588 4492 2819 4550 utilitati
2850 4492 2923 4549 sit
2952 4500 3005 4549 et
3032 4491 3244 4549 decori.
3279 4493 3389 4549 Eos
3417 4508 3550 4548 vero

1928 4588 2030 4645 Job
2061 4588 2346 4645 columnas
2384 4584 2509 4643 cmli
2539 4602 2676 4659 quos
2714 4584 3013 4657 Apostolus
3065 4584 3358 4640 columnas
3388 4591 3553 4641 vocat

209 4672 269 4729 lii
302 4676 525 4733 vultum
554 4682 723 4744 tenet,
755 4674 886 4748 quia
913 4672 1161 4748 quandiu
1191 4672 1249 4728 in
1279 4672 1383 4730 hac
1403 4671 1621 4729 mortali
1651 4689 1814 4731 carne
1844 4673 1892 4732 D
1921 4676 2202 4745 Ecclesiae,
2232 4675 2424 4732 dicens
2448 4692 2459 4731 :
2493 4676 2708 4742 Petrus,
2746 4681 2794 4731 et
2819 4674 3071 4739 Iacobus,
3100 4678 3149 4728 et
3178 4673 3430 4739 Joannes,
3460 4670 3556 4743 qui

210 4763 586 4836 subsistimus,
617 4781 740 4839 quae
768 4771 1081 4839 quantaque
1108 4761 1220 4819 sint
1240 4762 1337 4818 illa
1356 4764 1697 4836 Angelorum
1718 4761 1819 4818 mi-

211 4855 440 4914 nisteria
466 4872 583 4914 non
612 4855 885 4912 videmus.
916 4856 989 4911 Et
1017 4853 1282 4928 expandit
1308 4869 1475 4927 super
1496 4853 1635 4911 illud
1655 4853 1822 4911 nebu-

214 4946 318 5003 lam
340 4964 521 5017 suam,
548 4945 677 5021 quia
696 4946 888 5020 procul
911 4944 1083 5003 dubio
1111 4953 1165 5002 et
1193 4962 1290 5003 cor
1316 4952 1570 5003 nostrum
1591 4944 1661 5001 ad
1681 4960 1822 5019 quae

212 5035 447 5093 rendum
475 5035 750 5104 sublevat,
780 5043 836 5092 et
863 5042 1049 5092 tamen
1079 5036 1297 5093 occulta
1317 5034 1695 5093 moderatione
1715 5034 1827 5109 agi-

215 5132 322 5196 tur,
340 5133 403 5183 ut
418 5125 537 5200 ipsa
551 5124 931 5201 requisitionis
949 5142 1062 5183 suae
1080 5124 1451 5183 immensitate
1468 5124 1820 5200 reprimatur.

214 5213 366 5273 Unde
395 5214 665 5290 scriptum
719 5223 802 5274 est
833 5233 845 5274 :
904 5215 1063 5273 Dedit
1104 5215 1324 5289 abgssus
1354 5232 1525 5273 vocem
1553 5232 1727 5283 suam,
1757 5216 1824 5273 ab

214 5306 493 5363 altitudine
509 5306 807 5379 phantasia;
832 5323 943 5363 sua:
974 5306 1199 5379 (Habac.
1233 5324 1317 5377 III,
1350 5308 1466 5382 10).
1496 5308 1824 5365 Exclamare

214 5396 362 5454 enim
383 5412 537 5454 mens
556 5396 801 5454 humana
819 5396 879 5453 in
898 5394 1268 5454 admiratione
1286 5397 1660 5471 compellitur,
1683 5397 1818 5455 dum

215 5485 274 5544 in
301 5486 595 5546 altitudine
622 5486 1079 5547 considerationis
1108 5488 1168 5546 in
1197 5488 1656 5563 requisitionibus
1702 5490 1818 5547 suis

289 5704 307 5783 ξ
338 5701 524 5783 Germ.
543 5710 610 5783 et
638 5702 800 5783 φοι-1).
832 5705 1181 5783 Germ.,__non
1204 5722 1269 5783 ea
1300 5704 1560 5761 claritate.

285 5774 308 5810 ³
336 5775 419 5831 Ita
447 5774 887 5846 restituimus/ex
916 5776 1176 5833 omnibus
1203 5778 1358 5846 Mss,
1387 5794 1513 5834 cum
1542 5775 1699 5846 prius
1727 5777 1817 5832 le-

215 5853 428 5929 geretur
455 5844 671 5929 in.Ed.,
700 5844 838 5920 fugit
863 5866 981 5929 nos,
1011 5849 1254 5929 dicimus,
1274 5844 1474 5922 quoties
1492 5844 1562 5905 id
1571 5848 1713 5922 quod
1733 5865 1813 5903 re-

220 5918 421 5975 minisci
444 5918 687 5976 volumus
712 5918 988 5992 memoria,
1015 5928 1120 5980 etc.

1922 5856 2016 5906 tur
2060 5864 2225 5905 8611511
2254 5860 2459 5904 carere.

1931 4768 2246 4823 videbantur
2267 4767 2524 4822 columna:
2551 4781 2677 4833 esse,
2709 4765 2932 4821 dextras
2960 4764 3219 4820 dederunt
3241 4759 3372 4819 mihi
3404 4761 3552 4834 (Ga-

1936 4861 2030 4916 lal.
2063 4875 2126 4927 ιι,
2160 4858 2245 4930 9).

2004 4949 2093 5006 43.
2127 4949 2424 5005 Possumus
2452 4945 2622 5003 etiam
2653 4946 2949 5004 columnas
2977 4945 3103 5003 cmli
3124 4952 3178 5002 et
3198 4945 3345 5017 ipsas
3363 4940 3549 4999 Eccle-

1933 5039 2042 5098 sias
2073 5056 2186 5097 non
2216 5036 2676 5095 inconvenienter
2704 5037 2973 5110 accipere,
3014 5052 3135 5109 quae
3164 5033 3352 5089 multa)
3380 5045 3551 5088 unam

1932 5128 2263 5186 catholicam
2294 5127 2507 5186 faciunt
2536 5134 2654 5184 toto
2683 5133 2957 5183 terrarum
2988 5124 3121 5181 orbe
3137 5120 3416 5177 diffusam.
3441 5121 3549 5178 Un-

1932 5221 2001 5279 de
2030 5228 2085 5277 et
2130 5226 2340 5294 septem
2369 5216 2639 5276 Ecclesiis
2666 5214 2862 5274 scribit
2888 5215 3125 5270 Joannes
3153 5210 3456 5284 apostolus,
3486 5217 3551 5268 ut

1932 5328 2102 5369 unam
2132 5310 2463 5369 catholicam
2514 5303 2853 5380 septiformis
2882 5300 3068 5374 gratiae
3097 5301 3317 5373 plenam
3346 5299 3550 5373 spiritu

1933 5400 2241 5472 designaret
2272 5400 2461 5470 (Apoc.
2480 5413 2523 5466 ι,
2543 5395 2577 5452 4
2596 5413 2610 5462 ;
2630 5412 2693 5463 ιι,
2713 5394 2831 5465 29).
2850 5392 2924 5449 Et
2942 5391 3010 5448 de
3028 5390 3269 5448 Domino
3287 5388 3549 5448 novimus

1927 5490 2135 5547 dixisse
2164 5488 2547 5545 Salomonem:
2584 5481 2859 5555 Sapientia
2887 5481 3174 5555 aediﬁcavit
3189 5479 3293 5537 sibi
3309 5479 3547 5545 domum,

1996 5709 2017 5744 ³
2036 5708 2062 5762 1
2077 5704 2250 5762 Laud.
2263 5702 2714 5780 ,quiu_humanum
2727 5715 2889 5780 genus
2902 5694 3205 5780 inscientia
3216 5693 3551 5780 inod‘eratjur.

1998 5780 2019 5813 ⁵
2039 5761 2117 5834 in,
2134 5761 2336 5849 poster.
2371 5773 2644 5849 Vulgatis,
2669 5761 2889 5849 scientia
2914 5772 3171 5845 transeat,
3201 5763 3351 5837 quod
3380 5761 3557 5849 vide-

2537 5831 2701 5901 octim
2734 5842 2887 5897 hunc
2913 5831 3261 5894 correximus
3287 5849 3358 5889 ex
3385 5831 3552 5898 Mss.,

1924 5920 2226 5994 praesertim
2256 5918 2468 5987 Germ.,
2511 5914 2676 5975 Corb.
2711 5913 2898 5971 Germ.
2929 5915 2984 5966 et
3010 5907 3271 5963 Normau.
