3946 6364
434 421 502 480 31
1648 428 1903 489 SANCTI
1939 431 2279 492 GREGORII
2311 436 2541 495 MAGNI
3679 447 3750 505 32

431 547 626 608 accidit
665 551 938 609 columnas
975 558 1168 626 septem
1197 553 1386 627 (Prov.
1420 573 1499 626 Ix,
1532 557 1609 630 1).
1651 556 1760 626 Qui
1786 565 1849 614 ut
1875 556 1933 614 id
1958 557 2028 615 de
2055 562 2108 622 A
2135 560 2428 620 collidunt.
2461 562 2567 620 Sed
2587 562 2703 638 jam
2732 564 2793 623 in
2819 564 3152 625 fortitudine
3193 567 3349 627 illius
3392 570 3569 627 maria
3611 587 3755 630 con-

428 645 639 712 septem
680 638 949 699 Ecclesiis
996 657 1057 698 se
1110 641 1322 701 dixisse
1368 643 1758 716 innotesceret,
1813 653 2034 704 secutus

427 725 596 785 etiam
640 738 981 789 sacramenta
994 733 1128 806 .ipsa
1153 732 1451 807 diligenter
1494 734 1748 806 inseruit,
1792 735 1983 794 dicens
2014 755 2026 794 :

426 816 734 875 Immolavit
748 818 1011 888 victimas,
1041 823 1254 878 miscuit
1283 824 1482 892 vinum,
1505 831 1554 880 et
1571 825 1854 898 proposuit
1875 842 2034 882 men-

425 921 565 972 sam,
589 912 731 971 551
761 908 908 964 misit
925 911 1154 968 ancillas
1175 928 1324 981 suas,
1355 915 1372 950 ί
1404 919 1464 969 ut
1484 921 1733 971 vocarent
1758 916 1833 972 ad
1857 932 2034 973 arcem

426 1008 478 1058 et
495 1004 692 1062 mania
715 1005 980 1064 civitatis:
1001 998 1206 1081 Siquis
1232 1016 1309 1066 est
1333 1012 1621 1082 parvulus,
1650 1012 1828 1069 veniat
1853 1013 1926 1069 ad
1952 1030 2034 1068 me

429 1091 761 1168 (Ibid.,2-4).
780 1097 1103 1155 Immolavit
1117 1099 1268 1156 enim
1298 1100 1569 1158 Dominus
1585 1102 1867 1173 victimas,
1891 1103 2034 1176 seip-

425 1197 550 1239 sum
579 1183 860 1243 offerendo
887 1203 988 1260 pro
1014 1186 1196 1247 nobis.
1232 1189 1459 1248 Miscuit
1488 1185 1709 1262 vinum,
1740 1200 2035 1266 praecepto-

425 1287 552 1328 rum
580 1289 808 1332 suorum
842 1278 1102 1350 poculum
1130 1295 1202 1336 ex
1231 1279 1548 1340 narratione
1575 1281 1844 1339 historica
1869 1289 1925 1338 et
1952 1282 2035 1338 in-

425 1360 733 1435 telligentia
756 1364 993 1438 spiritali
1019 1375 1458 1444 contemperans.
1484 1371 1641 1429 Unde
1665 1372 1804 1429 alias
1823 1372 2035 1430 dictum

425 1457 539 1508 est:
575 1452 738 1509 Catia:
764 1453 823 1510 in
847 1472 1013 1513 manu
1037 1458 1276 1525 Domini,
1323 1459 1438 1516 vini
1480 1462 1636 1528 meri,
1674 1463 1864 1534 plenus
1911 1461 1933 1496 ²
1961 1465 2040 1516 est

423 1540 579 1598 misto
610 1542 782 1614 (Psal.
815 1560 1011 1615 LXXIV,
1042 1547 1124 1620 9).
1159 1549 1182 1583 ³
1211 1549 1295 1606 Et
1327 1549 1512 1622 posuit
1556 1567 1824 1619 mensam,
1868 1548 1928 1606 id
1954 1557 2038 1606 est

423 1630 766 1705 Scripturam
793 1650 1026 1704 sacram,
1061 1650 1186 1709 qua:
1215 1638 1389 1696 fessos
1427 1640 1498 1696 ad
1524 1657 1582 1697 se
1611 1647 1776 1713 atque
1799 1655 1830 1696 a
1848 1636 2036 1696 saeculi

424 1719 689 1800 oneribus
716 1722 1003 1780 venientes
1030 1741 1173 1797 pane
1201 1727 1358 1783 verbi
1403 1744 1506 1784 nos
1533 1728 1734 1797 reﬁcit,
1760 1736 1815 1784 et
1839 1736 2032 1785 contra

426 1807 772 1868 adversarios
806 1828 908 1870 sua
933 1813 1233 1873 refectione
1261 1831 1364 1872 nos
1391 1816 1632 1873 roborat.
1656 1815 1811 1874 Unde
1827 1823 1882 1872 et
1896 1816 2034 1873 alias

2139 662 2355 726 gregata
2377 663 2527 725 sunt,
2543 656 2674 731 quia
2688 657 2974 715 incarnato
2991 659 3232 717 Domino
3251 660 3627 720 discordantia
3643 679 3716 720 sai
3731 686 3755 699 ο

2139 744 2410 801 cularium
2439 747 2605 804 corda
2634 748 2986 807 concorditer
3012 750 3266 807 credunt.
3315 751 3436 808 Jam
3474 752 3669 810 Petrus
3695 752 3753 810 in

2141 833 2280 890 mari
2307 835 2574 908 ambulat,
2604 838 2735 912 quia
2762 839 3029 896 nimirum
3061 840 3270 899 Christi
3300 840 3757 914 praedicatoribus

2140 923 2237 979 illa
2265 925 2542 999 quondam
2571 927 2788 985 tumida
2816 929 3019 986 humili
3047 930 3241 988 auditu
3257 929 3424 988 corda
3450 931 3758 990 substracta

2139 1021 2270 1070 sunt
2297 1022 2360 1071 ut
2386 1024 2531 1073 recte
2558 1016 2723 1074 etiam
2747 1018 2806 1075 in
2834 1020 3139 1093 Evangelio
3167 1019 3335 1093 hujus
3373 1019 3569 1077 mundi
3608 1038 3756 1079 man-

2141 1103 2488 1162 suetudinem
2528 1105 2867 1179 ﬁguraverit,
2907 1110 3056 1184 quod
3084 1111 3390 1184 procellosa
3418 1110 3588 1167 maris
3616 1127 3759 1185 aqua

2141 1193 2366 1251 Domini
2395 1196 2646 1268 pedibus,
2675 1215 2861 1272 presso
2888 1207 3127 1270 tumore,
3143 1201 3352 1257 calcata
3371 1208 3472 1257 est.
3496 1200 3604 1258 Sed
3623 1218 3758 1276 quo-

2144 1300 2272 1340 nam
2302 1285 2466 1343 modo
2495 1287 2552 1344 id
2585 1296 2769 1346 actum
2793 1291 2867 1348 sit
2904 1291 3168 1364 aperitur,
3217 1290 3351 1347 dum
3396 1289 3635 1349 dicitur:
3683 1293 3758 1350 Et

2139 1377 2429 1448 prudentia
2456 1379 2570 1450 ejus
2592 1381 2852 1452 percussit
2877 1382 3182 1453 superbum.

2215 1483 2307 1543 46.
2330 1487 2473 1544 Deus
2499 1489 2692 1545 maluit
2694 1489 2985 1561 prudentia
2998 1497 3271 1564 percutere
3284 1490 3582 1557 diabolum,
3600 1507 3763 1562 quam

2144 1573 2477 1645 fortitudine.
2502 1580 2898 1636 Incarnationis
2924 1581 3228 1637 ceconomia.
3271 1611 3346 1623 —
3376 1581 3512 1648 Quis
3538 1580 3631 1638 hic
3659 1599 3765 1639 su-

2145 1665 2344 1737 perbus
2370 1667 2512 1723 alius
2530 1669 2857 1740 appellatur,
2878 1667 2988 1726 nisi
3011 1669 3105 1726 ille
3124 1668 3221 1743 qui
3250 1668 3397 1725 dixit
3420 1687 3433 1725 :
3466 1669 3765 1726 Ascendam

2144 1771 2303 1828 super
2327 1757 2660 1813 altitudinem
2688 1759 2928 1825 nubium,
2956 1759 3147 1814 similis
3179 1776 3270 1815 ero
3298 1759 3576 1816 Attissimo
3598 1759 3760 1830 (Isai.

2145 1862 2265 1914 XIV,
2298 1845 2388 1919 14)
2414 1847 2440 1904 i'
2466 1847 2539 1904 Et
2566 1847 2634 1904 de
2663 1864 2771 1922 quo
2798 1865 2933 1905 voce
2960 1849 3059 1906 Dei
3089 1848 3327 1907 dicitur:
3364 1848 3469 1917 Qui
3494 1847 3673 1920 factus
3691 1855 3768 1905 est

425 1897 1026 2010 ﬁmum:
1045 1904 1299 2010 οξξλίξίί
1332 1922 1409 2010 ’⁸⁷⁸
1453 1912 1728 2010 fingam”
1752 1922 2033 2010 me:
2062 1928 2110 1989 B
2138 1940 2200 1990 ut
2234 1897 2446 1992 nullum
2481 1897 2702 2004 timeret:
2732 1943 2781 1992 et
2808 1937 2918 2010 ipse
2945 1944 3020 1994 est
3048 1955 3146 1994 rex
3176 1940 3198 1975 ⁶
3228 1897 3402 2010 sape:
3413 1897 3590 1993 om'nes
3616 1938 3765 2010 ﬁlios

428 2005 566 2057 sam,
581 1990 837 2047 adversus
851 2009 936 2049 eos
963 1993 1057 2066 qui
1085 1995 1436 2052 tribulantme
1458 1995 1632 2069 (Psal.
1661 2012 1805 2066 χιιι,
1825 1997 1906 2070 5).
1929 1995 2031 2055 Mi-

427 2076 503 2136 sit
530 2078 761 2138 ancillas
803 2099 952 2154 suas,
998 2086 1375 2158 apostolorum
1419 2086 1679 2145 videlicet
1706 2087 1941 2158 animas,
1972 2087 2031 2143 iu

428 2168 550 2243 ipso
590 2186 691 2228 suo
728 2170 893 2230 initio
939 2171 1211 2244 inﬁrmas,
1246 2182 1312 2232 ut
1352 2162 1614 2233 vocarent
1656 2175 1726 2233 ad
1767 2193 1949 2234 arcem
1978 2184 2032 2232 et

427 2259 634 2317 mmnia
661 2260 925 2332 civitatis,
955 2264 978 2300 ‘
1007 2263 1139 2338 quia
1165 2264 1299 2322 dum
1324 2265 1598 2323 internam
1618 2265 1792 2322 vitam
1807 2265 2034 2323 denun-

426 2347 595 2419 tiant,
629 2350 700 2407 ad
726 2351 840 2409 alta
864 2367 966 2410 nos
1003 2354 1212 2411 moenia
1238 2368 1491 2428 supernae
1537 2354 1782 2413 civitatis
1823 2356 2028 2424 levant,

427 2455 550 2512 quae
578 2440 826 2514 profecto
857 2442 1061 2500 mmnia
1099 2444 1209 2502 nisi
1253 2443 1494 2502 humiles
1551 2462 1664 2503 non
1703 2445 2027 2504 ascendunt.

426 2528 585 2587 Unde
612 2530 732 2589 illic
757 2530 827 2588 ab
854 2530 1046 2589 eadem
1080 2533 1362 2608 Sapientia
1390 2535 1675 2593 subditur:
1709 2537 1770 2594 Si
1812 2536 1932 2608 quis
1959 2542 2035 2591 est

420 2620 710 2692 parvulus,
737 2621 917 2676 veniat
939 2622 1013 2678 ad
1036 2640 1118 2678 me
1148 2624 1336 2695 (Prov.
1356 2642 1438 2692 Ix,
1455 2624 1536 2698 ιι).
1567 2626 1646 2682 Ac
1676 2625 1723 2681 si
1738 2632 1921 2699 aperte
1937 2624 2034 2682 di-

425 2716 516 2766 cat
541 2726 554 2766 :
587 2708 852 2783 Quisquis
879 2727 936 2768 se
972 2712 1119 2785 apud
1146 2729 1204 2771 se
1234 2730 1495 2788 maguum
1525 2714 1784 2784 aestimat,
1817 2713 2031 2772 aditum

410 2797 533 2882 .sibi
563 2797 673 2856 mei
700 2815 952 2858 accessus
978 2810 1256 2875 angustat,
1287 2803 1418 2878 quia
1452 2811 1609 2861 tanto
1648 2803 1719 2861 ad
1750 2820 1838 2861 me
1866 2804 2033 2862 altius

424 2887 780 2962 pertingitur,
811 2899 1020 2964 quanto
1049 2891 1490 2967 uniuscujusque
1513 2909 1672 2950 mens
1690 2892 1836 2967 apud
1855 2910 1912 2951 se
1942 2908 2032 2950 ve-

423 2977 541 3036 rius
568 2978 915 3037 humiliatur.

493 3065 633 3142 [Vet.
683 3067 830 3144 XVJ
859 3069 952 3127 44.
986 3071 1206 3128 Iudicia
1235 3073 1335 3130 Dei
1370 3091 1521 3130 nemo
1554 3080 1726 3146 potest
1751 3072 2028 3143 indagare.

419 3186 491 3198 —
518 3156 625 3214 Sed
654 3156 1001 3231 quantalibet
1028 3158 1260 3231 quisque
1276 3160 1483 3216 virtute
1511 3159 1787 3233 proﬁciat,
1804 3165 2032 3230 quanta-

421 3242 558 3302 libet
584 3243 821 3301 scientia
846 3251 1150 3314 excrescat,
1183 3254 1470 3318 penetrare
1512 3263 1627 3303 non
1669 3244 1876 3303 suﬂicit
1915 3261 2026 3318 quo

409 3329 524 3392 'nos
550 3331 808 3390 conditor
845 3331 1223 3391 moderamine
1259 3333 1603 3407 iudiciorum
1647 3340 1819 3406 regat.
1867 3333 2028 3390 Dicat

419 3437 575 3496 ergo:
603 3421 878 3479 Columnas
897 3421 1012 3478 caeli
1028 3422 1453 3491 contremiscunt,
1482 3429 1531 3478 et
1543 3427 1741 3496 pavent
1753 3422 1827 3478 ad
1839 3427 2029 3477 nutum

418 3513 557 3586 ejus,
583 3511 716 3586 quia
741 3511 801 3569 in
830 3511 1109 3587 plerisque
1125 3529 1228 3571 nec
1251 3511 1359 3586 ipsi
1387 3511 1696 3588 pertingere
1714 3511 1786 3571 ad
1813 3511 2029 3570 volun-

420 3602 553 3661 tatis
575 3601 694 3676 ejus
713 3599 1098 3660 celsitudinem
1119 3602 1423 3676 praavalent
1449 3603 1546 3678 qui
1562 3601 1808 3676 ejusdem
1829 3603 2026 3660 volun-

416 3693 550 3750 tatis
584 3691 812 3766 prsemia
834 3690 1230 3749 denuntiantes
1251 3691 1462 3750 vident.
1488 3691 1670 3761 Quod,
1685 3691 1832 3749 sicut
1851 3707 2027 3764 supe-

418 3780 539 3838 rius
563 3779 834 3852 diximus,
851 3779 921 3838 de
939 3779 1144 3839 sanctis
1172 3796 1391 3856 quoque
1412 3780 1623 3855 angelis
1651 3780 1732 3836 nil
1748 3780 1929 3838 obstat
1944 3780 2026 3836 iu-

418 3870 618 3946 telligi,
648 3870 779 3946 quia
824 3871 957 3946 ipsa)
997 3887 1219 3946 quoque
1262 3871 1499 3930 virtutes
1539 3869 1870 3940 caelestium,
1901 3886 2025 3945 quae

417 3962 570 4021 hunc
597 3961 717 4031 sine
741 3960 1047 4021 cessatione
1081 3961 1454 4036 conspiciunt,
1486 3960 1548 4018 in
1585 3961 1706 4035 ipsa
1744 3976 1843 4017 sua
1887 3974 2024 4018 con-

415 4051 777 4127 templatione
805 4051 1265 4112 contremiscunt.
1289 4050 1394 4110 Sed
1417 4050 1591 4109 isdem
1617 4057 1826 4107 tremor
1851 4065 1922 4106 ne
1946 4047 2026 4105 eis

416 4140 652 4216 pcenalis
678 4142 772 4212 sit,
803 4159 917 4202 non
944 4144 1166 4203 timoris
1184 4151 1290 4213 est,
1321 4142 1419 4201 sed
1448 4139 1853 4201 admirationis.
1884 4140 2028 4209 Quia

417 4246 552 4288 vero
597 4236 840 4304 quantus
878 4247 1052 4305 pavor
1091 4232 1166 4290 sit
1214 4231 1600 4290 admirationis
1643 4229 1763 4303 ejus
1806 4227 2023 4297 intulit,

415 4334 569 4377 nunc
595 4317 849 4376 ordinem
880 4327 1085 4378 nostrae
1105 4320 1302 4379 salutis
1327 4328 1534 4379 narrat.
1567 4317 1858 4394 Sequitur:

767 4442 997 4503 CAPUT
1035 4445 1200 4503 xxx
1239 4445 1388 4522 [Rec.
1419 4442 1664 4520 XVIII].

486 4551 663 4611 Vsus.
695 4552 784 4610 12.
812 4582 885 4595 -
911 4553 981 4610 In
1019 4551 1336 4624 fortitudine
1373 4552 1525 4609 illius
1574 4557 1782 4624 repente
1840 4553 2021 4608 maria

2140 2025 2400 2097 superbia:
2428 2025 2549 2097 (Job
2576 2043 2692 2097 xm,
2722 2028 2840 2100 25).
2870 2029 2950 2084 De
2979 2044 3088 2102 quo
3117 2027 3285 2085 etiam
3314 2027 3448 2086 huic
3475 2026 3763 2086 sententias

2141 2117 2288 2177 552
2314 2121 2493 2179 David
2520 2123 2787 2196 propheta
2813 2123 3134 2192 concordat,
3180 2124 3408 2182 dicens:
3467 2127 3547 2183 Tu
3574 2124 3766 2180 humi-

2145 2212 2310 2281 liasti,
2337 2213 2477 2269 sicut
2512 2215 2873 2282 vulneratum,
2919 2215 3203 2288 superbum
3254 2215 3429 2288 (Psal.
3478 2232 3763 2286 Lxxxvm,

2144 2302 2258 2369 11).
2290 2301 2396 2359 Sed
2442 2303 2699 2378 quamvis
2742 2303 2989 2376 simplici
3031 2311 3242 2360 naturai
3287 2304 3604 2362 divinitatis
3648 2321 3764 2362 non

2140 2390 2214 2447 sit
2239 2391 2394 2449 aliud
2421 2408 2557 2461 esse,
2588 2400 2643 2449 et
2668 2392 2822 2449 aliud
2862 2408 3071 2465 sapere,
3112 2409 3214 2450 nec
3251 2393 3407 2450 aliud
3448 2406 3663 2467 sapere,
3707 2401 3766 2450 et

2138 2477 2291 2536 aliud
2320 2481 2518 2537 fortem
2563 2496 2701 2550 esse,
2744 2480 2948 2554 quippe
2989 2479 3120 2553 quia
3163 2481 3283 2555 ipsa
3328 2481 3598 2539 fortitudo
3640 2497 3766 2554 quae

2139 2568 2428 2642 sapientia,
2457 2577 2512 2625 et
2538 2569 2658 2641 ipsa
2685 2569 2954 2642 sapientia
2998 2585 3121 2642 quae
3163 2568 3481 2626 divinitatis
3525 2569 3768 2626 essentia

2139 2666 2244 2728 est,
2271 2659 2570 2731 vigilanter
2596 2666 2780 2714 tamen
2824 2657 3156 2715 intuendum
3195 2666 3332 2732 puto
3360 2657 3507 2731 quod
3537 2657 3625 2713 vir
3653 2658 3764 2714 iste

2140 2748 2462 2822 prophetico
2490 2749 2688 2820 plenus
2723 2747 2925 2822 spiritu
2973 2748 3273 2822 superbum
3316 2747 3599 2805 diabolum
3632 2762 3767 2818 pru-

2139 2838 2328 2896 dentia
2352 2839 2453 2896 Dei
2482 2839 2668 2912 potius
2687 2837 2884 2896 maluit
2902 2838 3086 2896 dicere
3107 2855 3273 2913 quam
3294 2836 3622 2893 fortitudine
3641 2851 3765 2892 esse

2139 2944 2477 3002 percussum.
2507 2929 2631 2987 Non
2659 2928 2810 2986 enim
2856 2928 2936 2985 ait
2979 2926 3272 2995 fortitudo,
3321 2925 3415 2983 sed
3460 2923 3763 2998 prudentia

2139 3017 2260 3090 ejus
2286 3018 2555 3091 percussit
2584 3017 2903 3089 superbum.
2926 3018 3065 3072 Nam
3085 3014 3364 3088 quamvis,
3385 3011 3530 3068 sicut
3548 3011 3762 3070 dictum

2139 3113 2243 3172 est,
2272 3112 2497 3177 propter
2524 3110 2777 3161 naturam
2819 3101 3151 3173 simplicem,
3198 3099 3298 3156 Dei
3344 3099 3615 3157 fortitudo
3658 3117 3760 3158 sa-

2141 3192 2350 3266 pientia
2372 3191 2466 3261 sit,
2495 3191 2766 3249 Dominus
2806 3199 2991 3248 tamen
3031 3189 3337 3259 diabolum,
3386 3198 3655 3264 quantum
3686 3191 3755 3247 ad

2063 3289 2108 3349 Ο
2134 3284 2332 3341 faciem
2360 3290 2592 3356 spectat,
2621 3298 2733 3339 non
2769 3281 2998 3351 virtute,
3046 3281 3140 3338 sed
3193 3281 3406 3338 ratione
3453 3281 3757 3354 superavit.

2137 3377 2258 3448 Ipse
2274 3389 2512 3447 namque
2530 3372 2784 3430 diabolus
2804 3373 2863 3430 in
2884 3373 2982 3429 illa
3001 3389 3100 3429 nos
3121 3372 3364 3444 parentis
3382 3370 3546 3444 primi
3568 3370 3760 3429 radice

2134 3464 2518 3538 supplantans,
2548 3463 2650 3520 sub
2678 3462 2998 3536 captivitate
3039 3479 3139 3519 sua
3184 3461 3339 3535 quasi
3377 3460 3527 3534 juste
3573 3461 3759 3518 tenuit

2136 3555 2443 3624 hominem,
2479 3554 2598 3628 qui,
2628 3553 2804 3610 libero
2845 3552 3080 3609 arbitrio
3127 3551 3407 3620 conditus,
3453 3550 3504 3607 ei
3551 3549 3762 3624 injuste

2135 3646 2387 3704 suadenti
2414 3645 2713 3704 consensit.
2737 3644 2824 3702 Ad
2852 3644 3027 3700 vitam
3055 3657 3296 3716 namque
3323 3640 3586 3698 conditus
3613 3641 3676 3699 in
3695 3641 3761 3698 li-

2132 3739 2342 3796 bertate
2366 3736 2600 3810 proprize
2630 3734 2954 3804 voluntatis,
2990 3741 3183 3807 sponte
3211 3749 3311 3790 sua
3337 3731 3515 3790 factus
3541 3738 3627 3788 est
3654 3731 3762 3789 de-

2132 3825 2282 3883 bitor
2309 3825 2522 3882 mortis.
2570 3823 2814 3881 Delenda
2840 3838 2970 3895 ergo
3013 3828 3130 3878 erat
3157 3820 3286 3876 talis
3312 3821 3496 3894 culpa,
3526 3819 3622 3876 sed
3650 3819 3758 3878 nisi

2135 3933 2231 3991 per
2268 3915 2602 3974 sacriﬁcium
2630 3913 2803 3971 deleri
2831 3929 2943 3970 non
2973 3919 3209 3986 poterat.
3242 3910 3612 3980 Quaerendum
3640 3920 3757 3969 erat

2133 4005 2488 4072 sacriﬁcium,
2518 4003 2613 4060 sed
2643 4002 2806 4077 quale
2841 4001 3173 4060 sacriﬁcium
3206 4008 3420 4074 poterat
3446 4017 3548 4074 pro
3575 4000 3756 4059 absol-

2134 4095 2331 4152 vendis
2356 4093 2678 4151 hominibus
2704 4091 2944 4149 inveniri
2965 4093 2994 4149 ‘l
3021 4093 3208 4165 Neque
3234 4091 3386 4147 enim
3408 4089 3626 4163 justum
3646 4090 3755 4148 fuit

2132 4193 2196 4242 ut
2213 4201 2313 4258 pro
2327 4182 2585 4241 rationali
2602 4181 2828 4240 homine
2847 4181 3139 4238 brutorum
3159 4180 3488 4238 animalium
3504 4179 3756 4238 victimas

2131 4275 2490 4332 caederentur.
2511 4272 2666 4330 Unde
2685 4272 2763 4328 ait
2782 4272 3100 4345 Apostolus:
3125 4273 3336 4328 Necesse
3353 4277 3560 4343 estergo
3578 4287 3756 4328 caeni.

2126 4363 2311 4436 plaria
2339 4361 2622 4420 caelestium
2648 4360 2728 4416 his
2754 4359 3031 4427 mandari,
3062 4359 3177 4433 ipsa
3205 4365 3384 4416 autem
3402 4359 3630 4416 caelestia
3650 4375 3754 4415 ine-

2133 4453 2356 4509 lioribus
2373 4451 2560 4508 hostiis
2576 4467 2737 4523 quam
2757 4449 2873 4506 istis
2889 4449 3076 4521 (Hebr.
3104 4466 3186 4519 Ix,
3205 4449 3323 4521 23).
3352 4449 3503 4522 Ergo
3520 4447 3571 4505 si
3588 4447 3755 4506 bruta

2128 4541 2388 4599 animalia
2418 4547 2640 4614 propter
2656 4539 2928 4597 rationale
2947 4539 3176 4607 animal,
3199 4536 3257 4595 id
3276 4545 3360 4595 est
3380 4554 3480 4612 pro
3501 4537 3754 4596 homines

412 4646 725 4713 congregata
749 4647 894 4708 sunt,
922 4647 973 4698 et
991 4640 1284 4714 prudentia
1301 4641 1416 4712 ejus
1429 4641 1692 4714 percussit
1715 4639 2018 4712 superbum.
2050 4650 2101 4710 ι)
2128 4631 2308 4704 dignm
2337 4630 2579 4687 victimae
2607 4645 2719 4686 non
2748 4628 2998 4696 fuerunt,
3039 4625 3405 4700 requirendus
3433 4633 3549 4683 erat
3578 4624 3752 4714 homo

482 4727 572 4786 45.
605 4729 984 4788 Incarnatione
998 4729 1217 4790 Domini
1242 4729 1474 4786 mundus
1493 4745 1677 4802 presso
1704 4735 1907 4786 tumore
1933 4729 2024 4784 do-

410 4818 592 4876 mitus.
621 4848 694 4862 —
717 4817 862 4888 Quid
908 4819 1064 4878 aliud
1101 4819 1270 4878 maris
1316 4819 1543 4876 nomine
1589 4835 1757 4893 quam
1785 4835 2024 4892 praesens

409 4908 677 4967 saculum
706 4907 1046 4982 designatur,
1077 4908 1140 4967 in
1169 4926 1279 4983 quo
1299 4910 1467 4968 corda
1481 4909 1778 4967 hominum
1805 4915 2022 4966 terrena

410 4998 779 5073 quaerentium
815 4998 1054 5058 diversis
1081 4999 1481 5072 cogitationum
1500 4998 1766 5057 ﬂuctibus
1784 4997 2021 5055 intume-

408 5089 614 5147 scunt?
638 5088 771 5164 quia
784 5089 1023 5148 elatione
1037 5089 1310 5164 superbiae
1338 5089 1626 5159 concitati,
1646 5089 1784 5146 dum
1809 5089 2023 5146 alterna

410 5177 717 5237 intentione
745 5196 803 5237 se
840 5179 1142 5254 impetum,
1187 5179 1344 5255 quasi
1379 5181 1400 5217 ⁵
1432 5179 1757 5236 adversante
1784 5193 1844 5237 se
1871 5177 2022 5236 unde

484 5390 501 5426 ¹
535 5388 562 5445 1
594 5386 794 5457 Laud.,
821 5392 882 5443 ut
906 5395 1133 5446 vocaret.

482 5460 504 5496 ³
537 5458 771 5516 Plurimi
798 5459 932 5516 Mss.
965 5467 1152 5516 carent
1181 5456 1352 5515 verbo
1381 5464 1476 5514 est.

481 5534 504 5567 ³
530 5531 747 5598 Norm.,
806 5536 855 5585 et
904 5531 1184 5603 proposuit
1225 5546 1462 5603 mensam
1493 5573 1509 5600 ,
1565 5529 1716 5603 quod
1794 5544 2015 5586 sacrum

409 5610 632 5674 textum,
664 5601 1021 5674 repraesentat
1045 5601 1115 5658 ad
1143 5601 1430 5674 amussim.

482 5676 504 5711 ‘
531 5672 707 5742 Editi,
727 5669 863 5742 quia
905 5673 1033 5729 dum
1071 5679 1347 5741 cetemam,
1376 5673 1506 5730 Mss.
1547 5672 1784 5740 Turon.,
1813 5669 2014 5738 Laud.,

408 5745 620 5815 Germ.,
649 5743 814 5805 Corb.
846 5744 1058 5816 Germ.,
1100 5745 1319 5814 Norm.,
1358 5751 1490 5816 etc.,
1519 5743 1791 5800 internum
1817 5757 1929 5816 prae
1957 5757 2016 5798 se

408 5816 733 5876 ferentibus.

477 5891 501 5929 '
526 5888 732 5948 Turon.
764 5895 818 5948 et
845 5889 1084 5960 Gemet.,
1114 5886 1425 5947 adversanti
1449 5903 1504 5947 se
1523 5886 1677 5945 unda
1692 5905 1716 5954 ;
1742 5887 1776 5946 2
1808 5882 2012 5956 Laud.,

2131 4697 2226 4795 qui
2251 4737 2352 4793 pro
2380 4717 2702 4776 hominibus
2743 4715 2929 4775 oﬂ'erri
2957 4697 3256 4784 debuisset,
3286 4722 3351 4771 ut
3370 4731 3470 4788 pro
3495 4697 3751 4772 ratiouali

2128 4819 2385 4884 peccante
2413 4807 2702 4867 rationalis
2716 4806 2900 4864 hostia
2914 4812 3267 4862 mactaretur.
3293 4803 3400 4861 Sed
3429 4803 3588 4878 quid,
3604 4801 3751 4878 quod

2129 4899 2296 4957 homo
2313 4900 2431 4957 sine
2451 4905 2674 4972 peccato
2701 4895 2949 4953 inveniri
2979 4910 3090 4951 non
3112 4900 3348 4967 poterat,
3369 4901 3426 4951 et
3451 4892 3634 4950 oblata
3653 4908 3752 4966 pro

2125 4990 2289 5049 nobis
2320 4987 2506 5045 hostia
2534 4985 2759 5061 quando
2795 5001 2898 5047 nos
2922 5000 2955 5041 a
2983 4991 3207 5058 peccato
3235 4981 3504 5041 mundare
3530 4980 3755 5056 potuis-

2126 5087 2231 5149 set,
2267 5078 2315 5136 si
2357 5077 2474 5152 ipsa
2508 5076 2695 5134 hostia
2723 5078 2743 5112 ⁷
2773 5074 2984 5148 peccati
3026 5073 3284 5147 contagio
3330 5089 3446 5130 non
3487 5077 3700 5131 careret
3723 5069 3752 5125 ἵ)

2126 5165 2419 5242 Inquiuata
2445 5166 2648 5241 quippe
2668 5163 2989 5239 inquinatos
3024 5162 3292 5222 mundare
3319 5178 3435 5220 non
3461 5159 3745 5237 potuisset.

2123 5384 2464 5441 adversantes
2490 5399 2551 5454 se
2570 5381 2747 5454 undis,
2772 5378 3120 5454 quodetiam
3142 5376 3332 5435 habet.
3362 5375 3577 5434 Bellov.

2198 5457 2220 5492 ⁶
2251 5454 2393 5527 Utic.
2425 5461 2480 5509 et
2496 5451 2628 5527 alii,
2659 5451 2819 5524 super
2835 5451 3146 5527 universos.
3314 5519 3348 5527 Α.
3504 5525 3513 5527 _
3593 5518 3605 5527 _
3691 5515 3702 5527 ο

2197 5528 2218 5562 ⁷
2252 5526 2456 5582 Omnes
2494 5518 2623 5580 Mss;
2674 5518 2850 5580 nostri
2899 5521 3108 5579 habent
3149 5519 3348 5593 peccati
3394 5518 3658 5593 contagio,
3686 5518 3745 5572 in

2164 5597 2321 5672 rimis
2349 5595 2758 5672 C9rb_._Germ.,
2796 5596 3086 5672 Germau.,
3121 5588 3460 5672 Atresnlte‘goii,
3503 5588 3745 5672 Βὶιινειίι..ζ

2165 5685 2236 5726 uo
2264 5667 2464 5736 Laud.,
2490 5668 2709 5736 Norm.,
2738 5661 2849 5723 etc.
2884 5666 3010 5723 Vet.
3042 5670 3225 5740 autem
3248 5661 3536 5740 Editiopes
3550 5661 3747 5740 peccati

2123 5731 2461 5813 contagione,
2492 5755 2563 5813 ex
2605 5731 2718 5813 quo
2757 5743 3018 5810 corrupte
3065 5732 3290 5808 irrepsit
3320 5733 3381 5791 in
3427 5731 3740 5792 Guséanvil.

2119 5810 2318 5888 peccati
2334 5810 2669 5886 cogitatione.
