3946 6366
207 329 269 389 33
975 333 1345 393 MORALIUM
1382 334 1515 393 LIB.
1558 338 1732 396 XVII.
1775 369 1845 382 —
1881 342 1952 398 IN
2010 344 2239 403 CAPUT
2279 349 2462 407 XXIV
2504 353 2564 408 Β.
2605 353 2746 409 JOB.
3456 361 3522 416 31s

156 516 169 523 -
210 465 343 559 Ergo
372 467 436 515 ut
476 458 766 559 rationalis
802 469 968 559 esset.
988 459 1200 559 hostia,
1221 461 1389 559 homo
1435 463 1615 559 fuerat
1660 467 1802 559 oiTe-
1850 472 1899 529 Λ
1923 472 2055 541 pleti
2082 480 2205 528 sunt
2231 492 2407 530 omnes
2428 478 2637 548 Spiritu
2664 486 2865 547 sancto,
2898 490 2944 537 et
2963 492 3232 555 coeperunt
3252 486 3400 559 loqui
3416 503 3522 542 oa-

209 548 426 617 rendus,
460 555 522 604 ut
549 565 683 604 vero
711 566 743 605 a
763 550 1002 621 peccatis
1031 552 1323 608 mundaret
1353 553 1663 623 hominem,
1692 554 1810 611 ho-

208 656 312 707 mo,
342 645 397 693 et
418 636 547 715 sine,
569 646 811 710 peccato.
845 638 951 695 Sed
980 639 1105 712 quis
1132 649 1273 697 esset
1300 642 1418 697 sine
1446 651 1667 715 peccato
1696 642 1810 700 ho-

209 745 312 796 mo,
360 727 409 783 si
456 745 526 783 ex
561 728 769 801 peccati
816 729 1201 787 commistione
1232 731 1632 789 descenderet?
1661 735 1807 790 Pro—

206 816 326 873 inde
355 816 511 872 venit
538 824 761 889 propter
775 833 876 873 nos
896 818 954 872 in
969 826 1188 875 uterum
1210 820 1445 892 virginis
1479 822 1655 879 Filius
1682 822 1804 891 Dei,

205 906 277 963 ibi
306 923 406 978 pro
432 906 596 963 nobis
622 907 801 964 factus
847 916 929 963 est
975 907 1161 965 homo.
1209 910 1440 981 Sumpta
1479 920 1563 968 est
1608 912 1806 969 abillo

204 1003 416 1063 natura,
447 1011 560 1051 non
589 996 772 1067 culpa.
806 996 959 1054 Fecit
987 1014 1088 1068 pro
1118 998 1278 1055 nobis
1292 999 1650 1069 sacriﬁcium,
1673 1017 1808 1056 cor-

202 1106 299 1162 pus
325 1105 489 1144 suum
517 1088 774 1146 exhibuit
803 1107 901 1162 pro
931 1091 1318 1163 peccatoribus
1350 1093 1635 1150 victimam
1682 1095 1805 1152 sine

203 1187 441 1253 peccato,
472 1196 593 1253 quae
621 1186 675 1235 et
703 1179 1049 1237 humanitate
1079 1182 1242 1250 mori,
1273 1190 1326 1237 et
1348 1182 1607 1254 justitia1
1647 1201 1802 1241 mun-

200 1268 325 1325 dare
353 1269 643 1342 potuisset.
705 1269 844 1343 [Vet.
875 1271 1051 1345 XVI.]
1106 1273 1265 1329 Hunc
1319 1290 1447 1345 ergo
1494 1290 1621 1331 cum
1680 1283 1804 1346 post

200 1359 469 1435 baptisma
509 1358 652 1415 vidit
697 1359 959 1433 antiquus
988 1360 1184 1428 hostis,
1235 1379 1365 1418 mox
1396 1362 1800 1420 tentationibus

204 1448 459 1521 impetiit,
478 1456 533 1504 et
552 1464 647 1521 per
675 1448 923 1505 diversos
950 1449 1135 1506 aditus
1152 1452 1220 1505 ad
1252 1450 1516 1508 interiora
1545 1451 1665 1524 ejus
1688 1469 1802 1510 mo-

202 1538 329 1594 litus
360 1539 382 1572 ²
413 1537 673 1610 irrepere,
696 1539 878 1594 victus
898 1548 1001 1608 est,
1023 1547 1186 1612 atque
1204 1540 1320 1612 ipsa
1350 1545 1369 1575 ³
1402 1541 1801 1613 inexpugnabi-

201 1629 264 1685 lis
278 1630 484 1685 mentis
505 1629 624 1702 ejus
639 1630 953 1703 integritate
970 1640 1274 1704 prostratus
1298 1632 1798 1705 (Matth.1v,iseq.).

262 1718 332 1774 47
344 1719 640 1788 .Diabolus,
651 1718 865 1790 frustra
882 1727 1072 1776 tentato
1090 1721 1314 1776 interius
1340 1722 1570 1787 Christo,
1583 1738 1701 1777 eum
1719 1738 1805 1776 ex-

1919 560 2020 615 riis
2053 562 2266 634 linguis,
2292 572 2458 635 prout
2486 567 2722 639 Spiritus
2762 576 2975 626 sanctus
3021 573 3182 629 dabat
3202 576 3378 647 eloqui
3411 575 3525 633 illis
3570 640 3573 645 ,

1922 654 2071 723 (Act.
2107 654 2289 728 11,24)
2302 656 2407 713 .Ex
2427 673 2492 713 eo
2512 674 2642 730 ergo
2661 670 2990 733 acceperunt
3006 673 3328 721 ornamenta
3347 665 3524 723 virtu-

1922 744 2013 812 tis,
2045 762 2185 819 quos
2215 748 2484 806 immensa
2511 759 2639 807 ante
2668 752 2983 824 possederat
3023 753 3245 809 {reditas
3284 755 3521 813 timoris.

1918 834 2135 893 Scimus
2170 839 2351 909 enim,
2397 842 2419 877 °
2449 839 2544 896 ille
2585 842 2983 914 apostolorum,
3031 842 3091 900 id
3131 851 3212 899 est
3257 845 3522 902 caelorum

1918 928 2152 999 primus,
2184 939 2311 988 ante
2328 940 2607 1005 acceptam
2637 933 2804 1007 hujus
2832 934 3073 1007 Spiritus
3093 934 3347 1008 gratiam,
3376 952 3525 1010 quo-

1917 1018 2022 1074 ties
2051 1019 2185 1075 dum
2217 1022 2357 1077 mori
2388 1022 2601 1093 timuit,
2628 1023 2800 1080 vitam
2831 1025 3073 1097 negavit.
3107 1024 3213 1093 Qui
3243 1040 3356 1081 non
3400 1042 3525 1098 pos-

1919 1108 2028 1178 nis,
2058 1125 2171 1165 non
2200 1110 2620 1182 afﬂictionibus,
2644 1129 2755 1170 non
2776 1115 3314 1188 terribili‘potestate
3341 1117 3525 1191 cujus-

1918 1214 2103 1271 quam,
2155 1199 2248 1255 sed
2305 1201 2472 1257 unius
2503 1202 2766 1277 mancipii
2810 1205 2928 1262 sola
2965 1213 3049 1262 est
3094 1205 3524 1279 interrogatione

1916 1296 2249 1360 prostratus.
2284 1293 2303 1325 ⁷
2321 1292 2393 1346 Et
2416 1292 2639 1363 quidem
2670 1294 3009 1367 mancipium
3030 1312 3099 1352 ne
3127 1313 3292 1353 sexus
3310 1297 3526 1353 ﬁrmior

1914 1377 2162 1433 terribile
2191 1378 2614 1449 demonstraret,
2645 1383 2852 1439 ancilla
2892 1393 2978 1441 est
3004 1384 3321 1459 inquirente
3349 1393 3522 1442 tenta-

1912 1473 2003 1523 tus
2035 1469 2248 1539 (Matth.
2282 1485 2441 1538 xxvr,
2475 1471 2588 1542 70).
2622 1473 2940 1547 Rursusque
2968 1481 3031 1530 ut
3061 1475 3187 1530 talis
3216 1490 3382 1532 sexus
3423 1474 3525 1531 in-

1912 1555 2152 1613 ﬁrmitas
2193 1558 2361 1614 etiam
2406 1560 2575 1616 ofﬁcii
2606 1561 2692 1617 sui
2724 1562 3032 1634 dejectione
3061 1563 3372 1633 vilesceret,
3404 1579 3519 1621 non

1914 1648 1982 1703 ab
2009 1648 2217 1705 ancilla
2258 1652 2668 1719 tantummodo,
2712 1653 2809 1708 sed
2856 1653 2924 1708 ab
2954 1653 3180 1708 ostiaria
3208 1661 3291 1709 est
3318 1653 3523 1711 ancilla

1916 1738 2222 1810 requisitus
2253 1740 2417 1811 (Ioan
2444 1757 2610 1809 xvrn,
2645 1741 2761 1812 25).
2810 1742 2956 1798 Ecce
2985 1758 3151 1814 quam
3184 1742 3314 1798 vilis
3341 1750 3425 1798 est
3451 1742 3521 1800 ad

199 1809 362 1905 “fit”
379 1826 653 1905 0997933?
672 1815 847 1866 εδεο-
860 1808 966 1873 Sed
986 1808 1083 1905 fini
1102 1808 1170 1866 ad
1186 1808 1451 1905 ίῐηξθΐίοη
1470 1827 1582 1905 11911
1603 1810 1802 1905 νξιιιιίῐν
1836 1835 1883 1894 Β
1914 1808 2241 1884 tentandum
2265 1808 2506 1901 persona
2546 1808 2833 1904 requisita,
2863 1839 2927 1888 ut
2970 1808 3157 1905 aperte
3198 1831 3524 1905 proderetur

197 1898 312 1971 ejus
341 1914 400 1955 se
426 1898 705 1955 exteriora
750 1898 1047 1964 convertit,
1082 1905 1145 1955 ut
1188 1898 1320 1971 quia
1362 1897 1565 1955 mentis
1595 1898 1800 1955 virtute

196 1987 381 2046 victus
407 1995 512 2055 est,
542 2004 667 2044 eum
689 2003 853 2061 quem
871 1988 1121 2061 decipere
1138 1989 1442 2045 tentatione
1464 2004 1575 2044 non
1599 1987 1797 2054 valuit,

193 2080 261 2139 ad
288 2079 477 2138 carnis
502 2081 695 2136 saltem
715 2078 994 2136 videretur
1027 2089 1203 2137 morte
1220 2097 1500 2154 superare,
1518 2089 1704 2154 atque,
1734 2088 1799 2137 ut

194 2178 319 2227 ante
348 2185 459 2225 nos.
496 2168 708 2225 dictum
754 2177 856 2238 est,
888 2170 1188 2241 permissus
1232 2178 1314 2227 est
1356 2171 1414 2227 in
1445 2170 1587 2227 illud
1648 2168 1796 2243 quod

193 2276 263 2315 ex
292 2258 456 2315 nobis
492 2258 830 2315 mortalibus
874 2260 1146 2316 Mediator
1188 2268 1490 2333 acceperat.
1550 2258 1655 2317 Sed
1701 2258 1798 2315 ubi

196 2347 382 2421 potuit
424 2347 637 2421 aliquid
681 2347 879 2417 facere,
924 2348 1002 2404 ibi
1046 2367 1116 2405 ex
1160 2349 1314 2405 omni
1358 2357 1509 2423 parte
1550 2348 1801 2406 devictus

198 2446 281 2494 est
305 2456 318 2505 ;
354 2445 409 2494 et
439 2437 585 2494 unde
612 2437 824 2510 accepit
854 2438 1097 2494 exterius
1138 2447 1465 2512 potestatem
1494 2439 1799 2497 Dominicae

194 2528 378 2587 carnis
406 2528 743 2598 occidendae,
775 2528 903 2585 inde
933 2528 1164 2588 interior
1180 2539 1420 2603 potestas
1438 2528 1558 2603 ejus
1578 2546 1686 2608 qua
1698 2547 1801 2586 nos

194 2620 417 2676 tenebat
446 2620 630 2678 occisa
658 2629 759 2676 est.
794 2621 911 2693 Ipse
954 2638 1189 2695 namque
1222 2622 1455 2679 interius
1483 2622 1666 2680 victus
1695 2629 1799 2689 est,

192 2708 329 2765 dum
360 2709 517 2783 quasi
545 2708 684 2766 vicit
715 2710 986 2778 exterius;
1033 2719 1087 2767 et
1114 2710 1209 2784 qui
1240 2728 1339 2767 nos
1362 2711 1486 2783 jure
1515 2710 1791 2767 debitores

134 2802 157 2817 ί
193 2809 395 2865 mortis
422 2807 622 2876 tenuit,
636 2808 760 2879 jure
789 2808 847 2862 in
869 2807 1028 2867 nobis
1051 2807 1144 2878 jus
1172 2806 1318 2863 553
1346 2810 1540 2864 mortis
1582 2805 1790 2873 amisit,

191 2907 328 2980 quia
358 2923 455 2977 per
494 2905 758 2961 satellites
801 2921 929 2960 suos
982 2905 1102 2975 ejus
1154 2922 1374 2962 carnem
1418 2904 1793 2976 perimendam

191 2996 450 3070 oppetiit,
472 2996 533 3051 in
563 3012 672 3067 quo
698 2995 778 3050 nil
801 3012 869 3050 ex
890 2995 1066 3066 culpae
1082 2994 1268 3050 debito
1287 2993 1798 3049 invenit.Dominus

192 3102 321 3158 ergo
351 3092 539 3141 noster
566 3100 667 3156 pro
696 3083 857 3137 nobis
886 3091 1118 3137 mortem
1162 3082 1329 3138 solvit
1375 3081 1705 3149 indebitam,
1738 3087 1800 3135 ut

194 3174 356 3232 nobis
386 3190 533 3229 mors
561 3171 747 3228 debita
773 3186 886 3227 non
927 3178 1166 3226 noceret.
1201 3171 1347 3225 Bene
1376 3169 1565 3264 itaque.
1587 3168 1799 3264 dictum
1835 3205 1877 3264 Β

193 3273 274 3321 est
308 3281 321 3319 :
354 3262 652 3321 Prudentia
685 3260 799 3330 ejus
841 3260 1101 3331 percussit
1141 3259 1442 3330 superbum,
1474 3256 1604 3330 quia
1648 3257 1805 3312 anti-

198 3371 342 3427 quus
387 3352 565 3411 hostis
591 3368 687 3425 per
711 3366 997 3407 excessum
1036 3347 1483 3422 praesumptionis
1529 3363 1641 3402 suae
1668 3361 1801 3401 eum

198 3444 366 3500 etiam
382 3442 623 3515 perdidit
637 3456 800 3514 quem
821 3439 1025 3513 iniquas
1056 3438 1427 3511 persuasionis
1460 3439 1509 3493 le
1520 3454 1582 3510 ge
1603 3453 1801 3509 possc-

194 3532 308 3599 dit;
343 3540 399 3588 et
424 3531 559 3588 dum
588 3529 848 3586 audacter
874 3544 1001 3584 eum
1032 3527 1090 3583 in
1121 3545 1230 3600 quo
1260 3526 1403 3582 nihil
1433 3526 1539 3582 sibi
1569 3541 1804 3597 compe-

194 3620 345 3677 tebat
373 3618 625 3692 appetiit,
664 3616 789 3689 jure
818 3616 980 3672 illum
1012 3633 1175 3689 quem
1206 3614 1365 3689 quasi
1405 3614 1553 3688 juste
1582 3613 1803 3669 tenebat

194 3709 405 3766 amisit.
436 3707 734 3764 Prudentia
765 3705 948 3778 itaque
978 3721 1091 3759 non
1139 3703 1346 3759 virtute
1374 3719 1669 3775 percussus
1697 3709 1800 3770 est,

195 3799 291 3871 qui
320 3799 459 3855 dum
488 3797 558 3853 ad
584 3794 910 3852 tentandum
956 3796 1133 3849 Deum
1176 3792 1434 3860 solvitur,
1464 3792 1531 3847 ab
1574 3792 1802 3848 homine

195 3885 534 3959 possidendo
561 3884 843 3954 religatur,
875 3890 939 3937 ut
968 3881 1095 3937 inde
1125 3897 1253 3937 eum
1285 3880 1379 3953 qui
1409 3880 1510 3936 sub
1541 3881 1659 3953 ipso
1688 3890 1804 3937 erat

196 3979 475 4050 perderet,
498 3973 642 4030 unde
661 3990 785 4029 cum
804 3972 902 4028 illo
932 3971 1026 4044 qui
1057 3988 1219 4044 super
1235 3971 1415 4043 ipsum
1437 3979 1521 4027 est
1538 3969 1798 4043 congredi

193 4065 653 4139 praesumpsisset.
707 4062 899 4118 Occiso
945 4070 1127 4118 autem
1175 4079 1338 4119 carne
1385 4061 1644 4129 Domino,
1677 4078 1798 4134 quae

195 4156 583 4229 praedicatores
613 4151 732 4226 ejus
760 4151 1031 4208 virtutum
1056 4151 1229 4224 gloria
1258 4151 1331 4207 sit
1361 4159 1569 4218 secuta,
1598 4168 1801 4207 narra-

196 4254 307 4315 tur,
329 4263 460 4305 cum
490 4243 753 4301 subditur
786 4260 798 4300 :

585 4363 813 4421 CAPUT
842 4360 1031 4418 XXXI
1054 4359 1195 4435 [Rec.
1230 4356 1411 4434 XIX].

210 4468 217 4479 ’
268 4472 441 4530 Vnus.
475 4462 665 4529 13]-
696 4470 929 4542 Spiritus
958 4468 1070 4538 ejus
1098 4466 1313 4523 ornavit
1338 4470 1511 4523 ccelos.

1911 1928 2116 1993 quanta
2142 1936 2270 1976 eum
2315 1919 2536 1978 timoris
2583 1920 2882 1980 inﬁrmitas
2904 1922 3228 1997 possideret,
3277 1921 3373 1996 qui
3418 1937 3521 1980 nec

1909 2018 2036 2067 ante
2068 2027 2261 2069 vocem
2291 2012 2533 2070 ostiariae
2562 2014 2781 2071 ancillae
2811 2014 3154 2072 subsisteret.

1984 2136 2123 2211 [Vet
2149 2138 2357 2213 XVII.]
2389 2138 2476 2197 43.
2509 2139 2659 2197 Petri
2686 2139 2948 2211 fortitudo
2980 2158 3037 2197 eo
3064 2145 3290 2213 accepto.
3323 2140 3520 2199 --Sed

1904 2224 2019 2299 jam
2050 2227 2141 2285 hic
2171 2230 2336 2300 paulo
2364 2236 2493 2285 ante
2538 2228 2790 2299 timidus,
2823 2229 3004 2303 qualis
3051 2237 3176 2303 post
3216 2229 3516 2287 adventum

1908 2315 2148 2390 Spiritus
2204 2317 2485 2374 exstiterit
2529 2318 2837 2376 videamus.
2885 2318 3065 2389 Certe,
3096 2320 3243 2376 Luca
3280 2326 3518 2377 testante

1909 2404 2209 2463 didicimus
2228 2415 2420 2464 contra
2439 2408 2751 2465 sacerdotes
2766 2424 2830 2466 ac
2848 2407 3127 2481 principes
3162 2417 3368 2483 quanta
3396 2411 3519 2466 Do-

1910 2494 2123 2553 minum
2147 2497 2482 2554 auctoritate
2510 2497 2855 2570 praedicavit.
2876 2498 3012 2555 Nam
3032 2514 3158 2555 cum
3175 2499 3329 2556 facto‘
3352 2499 3516 2555 mira-

1907 2589 2055 2657 culo,
2087 2589 2318 2662 quaestio
2347 2589 2542 2646 fuisset
2570 2598 2762 2646 exorta
2793 2589 2934 2661 (Act.
2985 2606 3065 2660 rv,
3100 2590 3214 2663 14),
3245 2598 3300 2647 et
3329 2607 3520 2647 sacer-

1910 2676 2098 2733 dotum
2122 2677 2420 2750 principes,
2451 2678 2717 2748 seniores,
2740 2695 2804 2737 ac
2831 2678 3025 2736 scribae
3054 2678 3111 2734 in
3142 2680 3517 2752 apostolorum

1911 2768 2288 2839 persecutione
2317 2779 2728 2841 concurrerent,
2760 2787 2853 2828 eos
2899 2770 2958 2827 in
3005 2770 3186 2827 medio
3215 2777 3519 2827 statuentes

1913 2855 1969 2910 in
2026 2872 2135 2929 qua
2188 2846 2395 2915 virtute
2451 2860 2780 2917 miraculum
2839 2860 3071 2918 fecerint
3119 2859 3465 2934 percunctari
3494 2862 3515 2897 ⁷

1912 2954 2268 3001 curaverunt.
2301 2949 2512 3014 Quibus
2560 2952 2799 3022 repletus
2828 2952 3039 3023 Spiritu
3084 2960 3277 3009 sancto
3324 2953 3520 3008 Petrus

1916 3031 2060 3087 dixit
2081 3050 2091 3087 :
2114 3034 2390 3105 Principes
2408 3036 2597 3107 populi
2614 3044 2661 3091 et
2678 3039 2930 3103 seniores,
2951 3040 2998 3093 si
3024 3056 3122 3093 nos
3141 3040 3290 3093 hodie
3305 3038 3522 3109 dijudi-

1917 3139 2102 3177 camur
2130 3123 2186 3177 in
2220 3124 2483 3194 benefacto
2507 3127 2732 3181 hominis
2757 3127 2983 3198 inﬁrmi,
3011 3128 3069 3182 in
3098 3143 3200 3199 quo
3216 3129 3311 3183 iste
3338 3132 3520 3186 salvus

1911 3220 1985 3268 est
2008 3213 2203 3282 factus,
2234 3220 2417 3269 notum
2452 3216 2523 3269 sit
2555 3216 2795 3271 omnibus
2823 3217 2988 3282 vobis,
3021 3223 3071 3271 et
3112 3219 3256 3273 omni
3274 3219 3415 3290 plebi
3443 3221 3521 3276 Is-

1915 3305 2047 3368 rael,
2070 3304 2196 3374 quia
2226 3304 2283 3359 in
2308 3305 2516 3361 nomine
2541 3306 2667 3361 Iesu
2696 3306 2900 3362 Christi
2927 3307 3223 3374 Nazareni,
3243 3325 3395 3379 quem
3428 3326 3520 3365 vos

1910 3394 2272 3465 cruciﬁxistis,
2293 3411 2444 3466 quem
2470 3395 2614 3451 Deus
2632 3396 2905 3451 suscitavit
2918 3414 2954 3452 a
2972 3396 3287 3463 mortuis,in
3306 3398 3401 3453 hoc
3414 3398 3514 3455 iste

1910 3491 2239 3541 astatcoram
2257 3485 3238 3561 vobis°salvus(Ibid.,8-10).Cumque
3256 3504 3383 3561 erga
3403 3487 3521 3547 haac

1912 3574 2356 3646 persequentium
2387 3574 2542 3631 furor
2568 3583 2930 3645 excresceret,
2961 3592 3163 3650 eosque
3205 3577 3522 3635 sacerdotes

1911 3680 1974 3720 ac
2013 3663 2291 3737 principes
2336 3665 2521 3721 Iesum
2552 3665 2850 3737 praedicare
2894 3665 3275 3738 prohiberent,
3325 3674 3521 3723 contra

1913 3753 2049 3809 iram
2082 3754 2395 3827 principum
2444 3772 2552 3830 qua
2602 3756 2929 3815 auctoritate
2975 3757 3169 3813 Petrus
3211 3756 3521 3814 excreverit

1913 3850 2210 3923 indicatur,
2229 3871 2355 3911 cum
2388 3854 2504 3911 illic
2533 3856 2788 3929 protinus
2823 3854 2971 3910 554
2997 3855 3291 3913 subditur:
3325 3857 3520 3912 Petrus

1911 3959 2032 3997 vero
2063 3950 2109 3998 et
2145 3944 2373 4015 apostoli
2401 3946 2655 4000 dixerunt
2682 3964 2698 4001 :
2732 3946 2951 4003 Obedire
2977 3951 3183 4017 oportet
3208 3945 3318 4001 Deo
3349 3944 3519 4014 magis

1911 4049 2071 4103 quam
2099 4033 2396 4088 hominibus
2428 4034 2615 4106 (Ibid,
2633 4053 2691 4103 v,
2709 4036 2825 4106 29).
2850 4034 2959 4091 Sed
2977 4050 3103 4090 cum
3125 4031 3515 4090 auctoritatem

1913 4122 2733 4195 praedicantium,resisteutium
2756 4131 3028 4195 praecepta
3042 4138 3154 4179 non
3178 4130 3512 4196 premerent,

1914 4212 1981 4268 ad
2012 4212 2223 4283 ﬂagella
2238 4212 2578 4285 pervenitur.
2612 4214 2749 4269 Nam
2766 4212 3024 4269 subditur
3050 4231 3059 4268 :
3095 4215 3239 4270 Tunc
3250 4210 3518 4284 principes

1912 4309 2239 4365 sacerdotum
2259 4308 2402 4362 cmsis
2422 4306 2864 4363 denuntiauerunt
2877 4325 2941 4363 ne
2972 4309 3310 4377 loquerentur
3337 4304 3393 4359 in
3413 4320 3520 4359 no-

1912 4398 2050 4453 mine
2076 4399 2221 4464 Iesu,
2252 4403 2300 4453 et
2325 4397 2639 4452 dimiserunt
2672 4414 2756 4451 eos
2789 4397 2954 4469 (Ibid.
2966 4439 2981 4465 ,
3012 4413 3071 4465 ν,
3101 4394 3217 4468 40).
3253 4393 3358 4450 Sed
3389 4392 3519 4466 quia

1912 4489 2285 4561 apostolorum
2308 4486 2571 4542 virtutem
2591 4501 2835 4558 premere
2849 4502 2951 4541 nec
2968 4484 3183 4557 ﬂagella
3202 4483 3517 4551 valuerunt,

266 4579 355 4637 48.
416 4579 710 4651 Inﬁrmitas
765 4576 1127 4649 apostolorum
1180 4590 1461 4644 eorumque
1509 4572 1795 4645 principis,
1823 4577 1874 4637 D
1911 4586 2159 4650 patenter
2186 4576 2519 4647 ostenditur,
2550 4592 2677 4633 cum
2720 4576 2976 4649 protinus
3018 4572 3370 4631 subinfertur
3400 4590 3413 4628 :
3445 4571 3522 4628 Et

200 4678 315 4726 atde
337 4676 601 4741 acceptum
624 4667 885 4739 Spiritum
914 4672 1171 4721 sanctum.
1206 4695 1277 4705 —
1296 4664 1445 4731 Quos
1472 4664 1660 4732 caelos,
1692 4663 1801 4718 nisi

200 4775 288 4817 eos
317 4760 386 4817 de
416 4759 618 4833 quibus
663 4757 930 4830 scriptum
963 4761 1046 4811 est
1080 4773 1091 4810 :
1131 4754 1261 4812 Caeli
1285 4761 1544 4809 enarrant
1571 4755 1802 4826 gloriam

205 4850 295 4906 Dei
327 4851 673 4924 (Psal.xvm,
708 4849 761 4921 1)
784 4847 813 4903 7
834 4847 982 4915 Quos
999 4852 1132 4901 tunc
1151 4844 1370 4901 ornavit
1393 4843 1652 4916 Spiritus,
1676 4859 1802 4900 cum

205 4940 451 5013 replevit.
502 4937 661 5007 Quod
689 4938 836 4994 Luca
880 4936 1150 4992 referente
1196 4935 1516 5003 didicimus,
1550 4934 1646 5006 qui
1677 4933 1755 4989 ait
1786 4950 1798 4988 :

205 5027 394 5103 Factus
422 5035 497 5085 est
522 5033 727 5100 repente
755 5027 818 5083 de
845 5028 971 5082 cwlo
1000 5042 1182 5090 sonus,
1209 5031 1463 5095 tanquam
1476 5023 1804 5079 advenientis

200 5119 421 5190 spiritus
449 5117 781 5182 vehementis,
810 5121 860 5171 et
876 5114 1097 5187 replevit
1119 5119 1280 5169 totam
1307 5114 1520 5168 domum
1537 5112 1628 5168 ubi
1651 5116 1806 5167 erant

202 5211 447 5266 sedentes.
470 5211 545 5266 Et
569 5213 941 5281 apparuerunt
966 5206 1081 5262 illis
1122 5205 1413 5276 dispertita:
1461 5203 1653 5274 littqu
1693 5209 1804 5257 tan-

204 5315 361 5369 quam
386 5299 548 5371 ignis,
576 5298 806 5369 seditqtm
833 5298 855 5333 ⁵
882 5312 1042 5368 super
1069 5294 1306 5367 singulos
1352 5309 1552 5349 eorum.
1583 5294 1660 5350 Et
1711 5309 1806 5347 re-

279 5546 293 5582 ¹
331 5543 568 5615 Gemet.,
596 5541 854 5601 mundare
886 5540 1163 5615 debuisset.

276 5620 298 5694 ξ
331 5614 595 5694 Yindoc.,
624 5624 680 5673 et
695 5614 967 5694 _l__Laud.,
1002 5614 1314 5694 irrumpere.

233 5727 242 5737 -
278 5693 299 5726 ³
333 5689 548 5746 Gemet.
578 5684 634 5745 et
663 5686 783 5756 alii,
818 5686 878 5742 in
907 5684 1271 5758 expugnabili.

278 5765 299 5797 δ
331 5760 768 5834 PlgriquepMs-s”
797 5774 979 5834 _supra_
990 5757 1225 5828 singulos
1234 5799 1296 5834 .__
1505 5828 1515 5834 _
1593 5817 1604 5829 .

276 5836 299 5869 ε
332 5825 564 5889 Addunt
590 5825 811 5903 Vulgati
839 5825 1001 5901 quod,
1020 5825 1216 5885 contra
1242 5825 1371 5886 Mss.
1394 5825 1804 5886 auctoritatem,

1912 4668 1997 4723 illi
2028 4668 2237 4739 quidem
2266 4668 2416 4723 ibant
2437 4666 2716 4739 gaudentes
2743 4683 2779 4720 a
2806 4669 3077 4736 conspectu
3106 4660 3340 4728 concilii,
3371 4676 3520 4731 quo-

1910 4758 2057 4813 niam
2092 4757 2238 4829 digni
2265 4756 2432 4812 habiti
2460 4761 2582 4811 sunt
2604 4772 2707 4827 pro
2749 4754 2960 4810 nomine
2991 4753 3116 4809 Iesu
3146 4752 3517 4808 contumeliam

1906 4849 2025 4920 pati
2057 4848 2243 4918 (Ibid.,
2275 4846 2390 4919 41).
2423 4845 2553 4904 Mox
2581 4843 2748 4901 etiam
2778 4850 2903 4916 post
2931 4842 3275 4916 ﬂagellorum
3324 4837 3520 4913 gaudia

1913 4936 2048 5009 quid
2076 4944 2296 5009 agerent
2324 4935 2637 4992 indicatur:
2667 4934 2823 4991 Omni
2849 4940 3025 4989 autem
3054 4933 3139 4988 die
3167 4932 3224 4985 in
3256 4929 3444 4997 templo
3471 4930 3521 4980 et

1912 5030 2053 5085 circa
2081 5031 2260 5085 domos
2288 5045 2395 5084 non
2440 5027 2709 5083 cessabant
2752 5027 2987 5081 docentes
3020 5029 3069 5079 et
3099 5018 3519 5090 euangelizante:

1918 5120 2186 5177 Christ-um
2213 5120 2409 5175 Iesum.
2443 5119 2583 5174 Ecce
2614 5116 2707 5172 ille
2737 5115 2900 5188 paulo
2946 5119 3076 5168 ante
3121 5106 3377 5176 timidus,
3400 5105 3519 5180 jam

1914 5212 2118 5285 linguis
2138 5211 2409 5285 loquitur,
2426 5216 2678 5268 coruscat
2699 5204 3007 5270 miraculis,
3030 5199 3420 5256 inﬁdelitatem
3436 5214 3520 5255 sa-

1914 5301 2199 5358 cerdotum
2216 5318 2279 5360 ac
2297 5298 2613 5374 principum
2635 5296 2808 5352 libera
2828 5307 2963 5348 voce
2979 5290 3249 5365 increpat,
3283 5288 3356 5347 ad
3369 5305 3520 5362 pras-

1916 5585 2094 5637 stante
2122 5576 2257 5634 alias
2286 5573 2509 5646 integro
2533 5584 2720 5628 sensu.

1988 5648 2023 5688 ⁰’
2039 5654 2253 5717 Norm.,
2285 5650 2359 5704 Et
2382 5642 2591 5716 quidem
2615 5642 2869 5713 mancipii
2899 5653 2982 5707 ne,
3012 5646 3120 5696 etc.

1948 5758 1955 5764 ο
1989 5725 2009 5759 ⁷
2043 5725 2070 5780 1
2103 5721 2304 5787 Laud.,
2333 5722 2615 5789 crepet-unt.

1991 5816 2009 5844 ’³
2038 5816 2160 5871 Duo
2188 5809 2359 5867 Laud.
2369 5851 2385 5876 ,
2412 5825 2593 5862 sanus.
