3946 6366
442 335 512 390 35
1657 333 1905 392 SANCTI
1941 334 2281 394 GREGOBII
2317 337 2543 396 MAGNI
2767 337 2773 344 ’
3679 347 3746 404 36

443 461 744 519 dicandum
797 460 1008 529 Jesum,
1062 459 1378 532 exemplum
1432 460 1774 520 auctoritatis
1827 461 2038 519 cateris
2070 465 2121 526 A
2151 463 2629 539 iniquorum.Qua
2665 466 2793 540 quia
2821 467 2888 525 ad
2909 467 3236 542 pravitatem
3266 470 3544 544 propriam
3566 473 3758 555 traxit,

445 559 686 624 prastat,
715 565 785 606 ne
815 550 874 607 in
903 549 1128 607 nomine
1156 549 1274 622 ejus
1302 551 1455 624 loqui
1484 552 1680 609 debeat
1711 552 2035 610 verberibus

442 640 789 713 prohibetur,
820 656 922 697 nec
949 648 1133 697 tamen
1162 641 1548 714 compescitur.
1581 641 1897 700 Contemnit
1927 642 2037 698 ﬂa—

439 742 582 814 gella
610 741 960 810 cadentium,
979 741 1072 814 qui
1103 741 1266 814 paulo
1295 749 1420 798 ante
1449 741 1846 816 requirentium
1870 742 2036 799 verba

437 831 700 889 timuerat
722 849 736 899 ;
768 839 822 887 et
841 831 935 904 qui
964 831 1176 888 ancilla
1197 831 1343 890 vires
1366 832 1661 906 requisitus
1680 831 1926 905 expavit,
1946 831 2036 888 vi-

438 937 526 978 res
556 919 869 994 principum
917 937 1090 978 casus
1132 922 1353 994 premit.
1387 921 1571 979 Sancti
1618 921 1768 978 enim
1798 921 2037 994 Spiritus

430 1009 546 1082 jam
565 1011 770 1066 virtute
787 1009 1090 1090 solidatus,
1118 1011 1286 1084 hujus
1303 1011 1498 1068 mundi
1527 1011 1852 1069 altitudines
1873 1012 2036 1068 liber-

435 1097 563 1156 tatis
593 1099 740 1157 calce
767 1099 1131 1172 deprimebat,
1163 1107 1226 1156 ut
1279 1100 1338 1156 in
1395 1099 1510 1158 imo
1556 1117 1673 1158 esse
1723 1103 1740 1136 ¹
1789 1108 2038 1159 cerneret

435 1187 706 1261 quidquid
735 1198 925 1248 contra
952 1191 1219 1250 creatoris
1249 1191 1272 1227 ⁸
1301 1191 1534 1264 gratiam
1561 1192 1738 1247 altum
1779 1198 2037 1248 tumeret.

509 1276 650 1352 [Vet.
675 1280 728 1336 X
735 1281 868 1338 VIII
873 1281 912 1356 .]
944 1283 1033 1338 50.
1061 1282 1260 1350 Quibus
1274 1282 1426 1337 donis
1447 1287 1498 1337 et
1534 1281 1846 1347 virtutibus,
1877 1284 2040 1352 effuso

435 1366 492 1421 in
520 1385 574 1422 se
621 1368 829 1440 Spiritu
867 1377 1068 1437 sancto,
1089 1370 1344 1440 fulserint
1370 1371 1620 1443 apostoli.
1652 1401 1724 1413 —
1754 1371 1881 1428 Hac
1909 1378 2042 1427 sunt

433 1465 756 1515 ornamenta
770 1460 1181 1530 caelorum,hac
1199 1468 1326 1517 sunt
1349 1460 1492 1518 dona
1512 1461 1776 1534 Spiritus,
1801 1477 1922 1534 qua
1943 1460 2042 1516 di-

435 1547 607 1605 versis
634 1548 974 1606 manifestari
1021 1550 1326 1608 virtutibus
1380 1551 1584 1620 solent,
1634 1567 1771 1624 quas
1803 1551 2038 1607 occulta

431 1637 858 1712 dispensationis
887 1656 1114 1698 munere
1143 1641 1355 1698 divisas
1382 1643 1586 1699 Paulus
1613 1649 1923 1710 enumerat,
1955 1641 2039 1698 di-

429 1745 561 1789 cens
584 1746 596 1785 ε
620 1729 736 1787 Alii
762 1731 975 1802 quidem
1009 1746 1108 1802 per
1132 1731 1396 1802 Spiritum
1423 1732 1586 1787 datur
1611 1748 1784 1787 sermo
1819 1732 2042 1804 sapien-

2146 555 2300 629 quasi
2331 557 2389 612 in
2417 573 2609 612 eorum
2662 557 3006 615 habitatione
3034 559 3327 632 requievit.
3375 559 3480 617 Sed
3509 561 3757 618 obstetri.

2144 653 2302 702 caute
2332 663 2500 704 manu
2542 647 2790 718 Domini,
2821 655 3103 705 tortuosos
3146 648 3374 706 coluber
3434 649 3502 707 de
3528 651 3762 725 propriis

2144 737 2394 794 cavernis
2423 740 2686 812 expulsus
2715 747 2818 809 est,
2851 740 2981 814 quia
3009 741 3141 798 dum
3173 741 3334 798 nobis
3352 741 3546 799 divina
3590 743 3760 816 gratia

2146 826 2418 895 medetur,
2450 827 2496 884 is
2524 828 2619 902 qui
2652 845 2752 885 nos
2780 837 3032 886 tenuerat
3048 830 3310 906 antiquus
3337 847 3369 887 a
3398 831 3560 889 nobis
3576 831 3752 892 hostis

2145 915 2385 988 ejicitur,
2417 917 2560 974 sicut
2592 918 2874 976 incarnata
2903 920 3122 976 Veritas
3138 919 3308 977 dicit:
3333 921 3487 978 Nunc
3502 922 3750 996 princeps

2145 1007 2306 1078 hujus
2335 1008 2519 1063 mundi
2546 1009 2787 1080 ejicietur
2813 1009 2965 1079 foras
2988 1009 3170 1081 (Joan.
3191 1027 3295 1078 xu,
3327 1009 3444 1082 31).
3465 1010 3621 1068 Unde
3641 1010 3756 1084 jam

2146 1113 2295 1154 nunc
2323 1099 2346 1136 ⁸
2389 1106 2609 1156 sanctos
2664 1116 2855 1156 omnes
2908 1116 3021 1156 non
3078 1099 3316 1157 tenendo
3346 1101 3612 1174 possidet,
3659 1102 3756 1160 sed

2151 1187 2416 1244 tentando
2444 1189 2812 1263 persequitur.
2832 1190 2968 1246 Nam
3000 1189 3131 1264 quia
3158 1206 3270 1248 non
3301 1191 3358 1248 in
3387 1191 3466 1250 eis
3495 1191 3752 1252 intrinse-

2148 1293 2246 1334 cus
2275 1284 2486 1350 regnat,
2514 1285 2706 1335 contra
2735 1295 2829 1336 eos
2877 1287 3083 1352 pugnat
3110 1280 3491 1350 extrinsecus;
3543 1290 3598 1340 et
3626 1284 3757 1358 quia

2151 1367 2302 1424 intus
2330 1369 2642 1426 dominium
2687 1369 2950 1443 perdidit,
2997 1371 3142 1429 bella
3195 1372 3427 1429 molitur
3469 1373 3629 1434 foris.
3661 1375 3758 1431 Ille
3829 1419 3834 1428 .

2149 1459 2297 1514 enim
2329 1475 2455 1516 eum
2485 1460 2554 1516 de
2580 1461 2892 1518 carnalibus
2922 1461 3213 1519 hominum
3235 1463 3497 1521 cordibus
3517 1465 3754 1538 expulit,

2149 1547 2244 1622 qui
2274 1556 2496 1622 propter
2523 1548 2781 1608 homines
2809 1550 2878 1607 ad
2908 1549 3347 1609 incarnationem
3379 1553 3565 1610 venit:
3599 1554 3756 1611 dum-

2151 1655 2256 1712 que
2284 1640 2450 1696 corda
2480 1639 2794 1696 inﬁdelium
2822 1641 3024 1708 tenuit,
3056 1641 3214 1716 quasi
3243 1658 3467 1698 manum
3494 1641 3563 1698 ad
3612 1641 3755 1699 lati-

2149 1727 2279 1786 bula
2307 1730 2579 1802 serpentis
2607 1730 2781 1788 misit.
2813 1731 2969 1788 Unde
2988 1739 3133 1790 recte
3162 1749 3258 1806 per
3277 1731 3602 1807 prophetam
3620 1732 3754 1790 dici-

433 1819 539 1887 tia,
559 1819 660 1878 alii
681 1827 858 1877 autem
884 1837 1053 1878 sermo
1078 1820 1306 1876 scientia
1356 1820 1640 1877 secundum
1670 1820 1904 1876 eumdem
1932 1821 2039 1892 spi-
2070 1841 2116 1902 Β
2150 1820 2623 1876 turzDelectabitur
2636 1820 2820 1891 infans
2834 1821 2900 1878 ab
2919 1822 3072 1878 ubere
3089 1825 3110 1858 ⁶
3126 1839 3286 1894 super
3313 1821 3582 1892 foramine
3607 1823 3756 1897 aspi-

430 1911 618 1980 ritum,
642 1912 802 1968 alteri
822 1913 950 1986 ﬁdes
976 1913 1036 1968 in
1062 1913 1236 1969 eodem
1255 1912 1472 1986 spiritu,
1491 1911 1594 1968 alii
1623 1913 1803 1985 gratia
1827 1913 2043 1969 sanita-

434 2005 543 2058 tum
570 2002 629 2058 in
647 2020 752 2059 uno
780 2002 996 2076 spiritu,
1015 2003 1117 2060 alii
1137 2003 1376 2076 operatio
1389 2003 1668 2068 virtutum,
1693 2003 1793 2059 alii
1817 2005 2042 2076 prophe-

433 2092 530 2160 tia,
549 2093 650 2150 alii
673 2093 915 2150 discretio
935 2094 1356 2167 spirituum,alii
1373 2111 1561 2166 genera
1584 2093 1910 2165 linguarum,
1941 2093 2041 2150 alii

431 2182 793 2258 interpretatio
833 2202 1133 2242 sermonum
1165 2185 1229 2255 (Ι.
1277 2187 1402 2252 Cor.
1444 2199 1546 2240 xu.
1578 2183 1634 2253 8,
1668 2184 1723 2253 9,
1750 2184 1861 2256 10).
1905 2184 2037 2252 Qua

431 2287 563 2330 mox
585 2274 822 2346 generali
843 2273 1164 2330 deﬁnitione
1191 2271 1548 2341 concludens,
1565 2271 1678 2328 ait:
1713 2273 1837 2329 Hac
1862 2279 2040 2330 autem

429 2364 610 2419 omnia
644 2370 898 2436 operatur
926 2380 1064 2419 unus
1107 2369 1263 2434 atque
1303 2362 1442 2418 idem
1471 2362 1729 2435 Spiritus,
1786 2361 2028 2419 dividens

428 2453 652 2526 singulis
671 2461 838 2526 prout
863 2455 996 2511 vult.
1024 2455 1102 2511 De
1133 2453 1222 2510 his
1251 2453 1415 2510 etiam
1437 2453 1664 2510 calisin
1693 2455 1909 2527 psalmo
1938 2453 2038 2510 di-

429 2547 582 2598 ctum
611 2549 738 2599 est:
779 2543 941 2602 Verbo
996 2543 1213 2600 Domini
1268 2543 1384 2599 cali
1436 2543 1640 2616 ﬁrmati
1694 2549 1817 2599 sunt
1850 2543 2026 2615 (Psal.

429 2645 616 2702 χχχιι,
646 2631 728 2704 6).
758 2633 836 2688 De
864 2631 954 2690 his
981 2647 1198 2706 quoque
1227 2632 1568 2689 ornamentis
1581 2632 1812 2705 spiritus
1841 2631 2030 2689 subdi-

427 2725 520 2778 tur
551 2738 565 2778 :
595 2723 672 2778 Et
697 2722 893 2794 spiritu
922 2722 1034 2778 oris
1077 2721 1191 2792 ejus
1235 2722 1405 2778 omnis
1432 2722 1604 2779 virtus
1645 2739 1846 2780 eorum.
1881 2723 2030 2779 Bene

429 2809 616 2886 itaque
645 2811 882 2870 dicitur:
909 2812 1142 2886 Spiritus
1163 2812 1276 2884 ejus
1304 2813 1518 2870 ornavit
1544 2815 1718 2884 catos,
1743 2813 1874 2888 quia
1894 2831 2028 2888 pra-

424 2899 696 2959 dicatores
721 2901 898 2960 sancti
927 2902 1036 2959 nisi
1085 2903 1352 2976 promissa
1381 2903 1640 2961 Paracliti
1667 2903 1812 2961 dona
1841 2904 2029 2977 perci-

421 2999 636 3063 perent,
682 2993 840 3048 nullo
888 2993 1236 3050 fortitudinis
1279 2994 1474 3052 decore
1523 2994 1872 3052 claruissent.
1919 2993 2027 3051 Sed

423 3078 552 3152 quia
579 3081 782 3138 sanctis
801 3082 1066 3156 apostolis
1084 3083 1359 3140 virtutum
1377 3082 1551 3154 gratia
1571 3081 1866 3148 decoratis,
1895 3080 2025 3135 vita

419 3169 738 3242 pradicatio
767 3178 962 3227 contra
986 3171 1299 3226 inﬁdelium
1327 3170 1496 3227 corda
1518 3169 1824 3237 convaluit,
1847 3176 1901 3224 et
1928 3185 2022 3225 an-

425 3257 616 3331 tiquus
643 3258 820 3314 hostis
838 3258 1086 3315 obsessas
1105 3258 1416 3316 inﬁdelium
1447 3267 1660 3316 mentes
1687 3259 2022 3332 praedicato-

419 3363 544 3403 rum
575 3347 805 3405 vocibus
832 3347 1098 3421 expulsus
1125 3347 1370 3422 reliquit,
1402 3356 1524 3422 post
1552 3356 1874 3407 ornamenta
1901 3366 2022 3408 coe-

418 3433 601 3494 lorum
631 3444 754 3510 apte
783 3435 1142 3510 subjungitur
1174 3454 1186 3494 :

809 3543 1037 3602 CAPUT
1065 3544 1282 3602 xxxn
1312 3545 1455 3620 [Rea
1488 3546 1636 3622 XX].

418 3633 554 3692 Ibid.
579 3664 652 3678 -
679 3635 753 3692 Et
779 3635 1144 3692 obstetricante
1174 3653 1336 3692 manu
1365 3637 1504 3708 ejus,
1529 3638 1746 3694 eductus
1773 3642 1850 3694 est
1874 3639 2016 3696 colu-

1013 3723 1102 3780 ber
1133 3730 1419 3784 tortuosus.

485 3813 574 3871 51.
609 3814 836 3886 Serpens
860 3813 1115 3886 antiquus
1141 3815 1242 3871 Dei
1269 3832 1432 3872 manu
1461 3833 1528 3872 ea:
1551 3823 1886 3889 peccatorum
1901 3835 2016 3874 cor-

412 3902 564 3960 dibus
591 3903 826 3976 quasiet
846 3905 1084 3960 cavernis
1112 3908 1246 3971 suis,
1277 3905 1468 3975 ejectus
1495 3912 1589 3964 est.
1612 3937 1684 3949 —
1702 3906 1838 3975 Quis
1855 3907 2008 3964 enim

410 3994 626 4052 colubri
654 3996 964 4070 appellatur
1005 3994 1254 4064 nomine,
1286 3994 1398 4052 nisi
1439 3995 1702 4070 antiquus
1731 3994 1927 4066 hostis,
1959 4005 2016 4056 et

409 4083 677 4154 lubricus,
706 4093 761 4142 et
787 4093 1085 4156 tortuosus,
1117 4085 1213 4161 qui
1241 4084 1574 4160 decipiendo
1603 4083 1819 4144 homini
1849 4087 2014 4144 colu-

406 4171 494 4228 bri
523 4189 617 4230 ore
648 4173 864 4231 locutus
892 4177 1014 4233 est?
1032 4178 1111 4232 De
1131 4192 1240 4249 quo
1269 4193 1364 4249 per
1379 4177 1705 4251 prophetam
1735 4177 1961 4236 dicitur:
1987 4180 2010 4215 ³

404 4263 698 4320 Leviathan
725 4270 1035 4336 serpentem,
1065 4270 1249 4320 vectem
1299 4271 1595 4322 tortuosum
1623 4265 1783 4338 (Isai.
1819 4283 2008 4339 xxvn,

408 4352 486 4426 1).
510 4352 618 4421 Qui
637 4351 846 4411 idcirco
877 4353 1031 4428 loqui
1061 4352 1332 4426 serpentis
1361 4371 1454 4411 ore
1483 4355 1785 4429 permissus
1813 4363 1916 4426 est,
1946 4365 2009 4415 ut

403 4457 474 4499 ex
501 4442 621 4516 ipso
649 4459 778 4500 vase
805 4442 925 4516 ejus
953 4442 1121 4500 homo
1138 4452 1502 4517 cognosceret
1530 4445 1710 4520 qualis
1737 4454 1880 4502 esset
1909 4447 2006 4520 qui

402 4531 555 4590 intus
581 4532 875 4590 habitaret.
908 4535 1144 4606 Serpens
1160 4533 1363 4608 quippe
1377 4550 1490 4592 non
1519 4535 1700 4593 solum
1721 4543 2005 4594 tortuosus

400 4629 503 4693 est,
534 4623 630 4680 sed
659 4623 824 4680 etiam
878 4622 1146 4680 lubricus.
1199 4621 1341 4691 Quia
1393 4639 1523 4697 ergo
1551 4624 1610 4681 in
1666 4625 2001 4684 rectitudine

400 4711 651 4769 veritatis
677 4728 790 4769 non
816 4712 990 4783 stetit,
1011 4719 1324 4769 tortuosum
1345 4712 1552 4771 animal
1582 4713 1835 4772 intravit.
1861 4715 2004 4785 Quia

398 4816 530 4859 vero
558 4800 894 4875 suggestioni
923 4801 1064 4875 ejus,
1096 4803 1118 4838 ⁴
1150 4801 1200 4858 si
1229 4801 1422 4875 prima
1451 4819 1564 4861 non
1594 4803 1896 4874 resistitur,
1919 4821 2000 4861 re-

395 4897 556 4962 pente
587 4895 735 4944 totus
762 4887 832 4946 ad
861 4887 1079 4944 interna
1109 4887 1295 4944 cordis
1340 4887 1476 4944 dum
1521 4884 1670 4941 555
1720 4902 1833 4942 non
1863 4903 2003 4943 sen-

393 4979 532 5036 titur
559 4976 830 5047 illabitur,
847 4976 1014 5034 verba
1041 4977 1110 5034 ad
1138 4977 1422 5034 hominem
1452 4993 1550 5049 per
1575 4975 1783 5032 animal
1814 4975 2001 5033 lubri-

393 5083 519 5126 cum
547 5070 700 5131 fecit.
726 5069 986 5130 Caverna
1011 5087 1141 5127 vero
1157 5069 1328 5144 hujus
1345 5068 1563 5128 colubri
1590 5067 1758 5127 corda
1775 5068 2000 5128 fuerunt

466 5322 483 5359 ¹
515 5321 598 5396 lta
623 5323 752 5380 Mss.
783 5323 995 5391 Germ.,
1051 5321 1216 5382 Corb.
1240 5322 1452 5396 Germ.,
1481 5319 1724 5396 Anglic,
1773 5321 1986 5394 Norm.,

389 5389 588 5464 Laud.,
619 5403 749 5468 etc.,
779 5396 877 5452 ubi
905 5389 1230 5454 in’Excusis
1258 5389 1460 5468 legitur
1487 5389 1796 5452 devci-iteret.

463 5468 486 5502 ³
515 5467 760 5538 Anglia,
787 5469 1039 5539 gloriam.

380 5608 388 5617 _
461 5540 481 5574 ³
513 5539 546 5596 2
575 5539 774 5608 Laud.,
819 5540 1117 5596 Leviathan
1167 5545 1453 5612 serpentem
1493 5547 1682 5598 vectem
1715 5540 1984 5598 leviathan

388 5617 673 5682 serpentem
702 5617 1017 5668 tortuosum.

518 5683 621 5770 ita
664 5683 882 5770 ‘Ger‘m?
941 5682 1140 5770 goria,
1190 5685 1420 5768 .Germ.,
1493 5685 1726 5770 Turon.,
1781 5684 1982 5752 Laud.,

385 5750 599 5830 Norm.,
616 5761 733 5830 _e_tc.
766 5750 1086 5830 Vulgati,_si
1107 5750 1285 5830 primo
1311 5750 1416 5815 non
1441 5750 1729 5818 resistitur;

456 5825 478 5860 ⁸
508 5826 590 5884 Ita
615 5827 748 5886 Mss.
782 5829 856 5885 At
883 5825 1036 5886 Editi
1065 5825 1270 5887 sanctos
1298 5831 1550 5888 homines.

2149 1909 2257 1976 dis;
2283 1916 2331 1966 et
2354 1910 2412 1966 in
2431 1928 2656 1967 caverna
2673 1912 2844 1984 reguli
2863 1914 2882 1948 ⁷
2905 1912 2998 1984 qui
3025 1912 3321 1969 ablactatus
3348 1912 3752 1983 fueratmanum

2148 2017 2301 2057 suam
2331 2000 2515 2058 mittet.
2556 2001 2680 2058 Non
2707 2002 2979 2069 nocebunt,
3009 2009 3056 2059 et
3075 2020 3181 2060 non
3209 2002 3438 2059 occident
3469 2003 3527 2059 in
3545 2004 3756 2061 univer-

2147 2106 2204 2146 so
2230 2097 2402 2147 monte
2429 2099 2606 2148 sancto
2635 2110 2744 2149 meo
2789 2094 2944 2167 (Isai.
2979 2111 3060 2165 χι,
3090 2095 3171 2168 8).
3205 2096 3376 2164 Quem
3408 2111 3643 2170 namque
3674 2096 3756 2153 in-

2148 2179 2355 2237 fantem
2384 2181 2452 2238 ab
2481 2181 2669 2249 ubere,
2692 2183 2779 2239 vel
2809 2200 2935 2240 eum
2961 2185 3055 2256 qui
3071 2185 3374 2243 ablactatus
3396 2185 3564 2244 fuerit
3594 2187 3616 2222 ⁸
3641 2186 3753 2245 nisi

2145 2271 2445 2328 Dominum
2475 2273 2761 2346 appellat?
2789 2273 2932 2342 Quid
2963 2291 3094 2331 vero
3143 2275 3415 2333 foramine
3462 2275 3671 2350 aspidis
3699 2284 3756 2333 et

2145 2360 2398 2419 cavernis
2426 2362 2597 2436 reguli
2629 2363 2738 2420 nisi
2757 2363 2927 2420 corda
2954 2364 3531 2439 signavitiniquorum
3552 2366 3579 2422 ?
3607 2365 3754 2434 Quia

2144 2451 2407 2526 antiquus
2437 2452 2612 2509 hostis
2640 2452 2772 2509 dum
2803 2460 2983 2509 totum
3014 2470 3070 2510 se
3102 2455 3160 2510 in
3191 2472 3381 2511 eorum
3413 2472 3750 2512 consensum

2143 2542 2400 2608 contulit,
2432 2542 2588 2616 quasi
2617 2542 2676 2599 in
2707 2542 2978 2599 foramine
3007 2545 3230 2617 proprio
3260 2545 3488 2602 coluber
3518 2553 3752 2603 tortuo-

2141 2649 2256 2698 sus,
2288 2631 2444 2688 sinus
2472 2631 2689 2689 astutia
2735 2632 3046 2705 colligendo
3088 2634 3434 2706 glomeravit.
3479 2635 3655 2704 Quem
3689 2643 3746 2692 et

2139 2721 2347 2795 aspidis
2375 2721 2600 2778 nomine
2629 2722 2868 2796 appellat
2897 2723 3110 2782 occulte
3140 2723 3554 2791 savientem,et
3568 2722 3752 2796 reguli

2138 2819 2322 2883 aperte
2351 2811 2660 2868 ferientem.
2683 2813 2908 2869 Manum
2939 2828 3070 2886 ergo
3099 2830 3254 2870 suam
3286 2813 3560 2870 Dominus
3587 2815 3646 2872 in
3667 2814 3750 2873 fo-

2138 2901 2349 2958 ramine
2377 2901 2553 2974 reguli
2573 2909 2734 2975 atque
2763 2901 2970 2974 aspidis
2991 2902 3162 2971 misit,
3183 2903 3404 2976 quando
3419 2903 3748 2978 iniquorum

2135 2991 2303 3048 corda
2356 2991 2552 3048 divina
2603 2999 2873 3063 potestate
2932 2992 3151 3058 tenuit;
3198 2999 3254 3048 et
3277 2993 3748 3063 comprehensum

2135 3078 2337 3134 exinde
2365 3079 2635 3150 aspidem,
2666 3080 2754 3134 vel
2783 3079 3058 3148 regulum,
3087 3076 3147 3132 id
3175 3085 3256 3134 est
3285 3079 3568 3152 captivum
3611 3083 3750 3143 dia-

2135 3165 2326 3222 bolum
2358 3165 2553 3230 traxit,
2584 3165 2734 3222 utin
2778 3172 2966 3222 monte
3011 3173 3200 3224 sancto
3242 3166 3380 3240 ejus,
3414 3172 3435 3206 ‘
3480 3172 3630 3246 quod
3657 3183 3748 3233 est

2134 3255 2402 3322 Ecclesia,
2431 3254 2623 3312 electis
2649 3254 2908 3313 ﬁdelibus
2935 3272 3049 3313 non
3082 3266 3325 3315 noceret.

2199 3346 2287 3402 52.
2320 3345 2579 3402 Diabolus
2610 3346 2746 3402 leoni
2771 3353 3126 3418 comparatus.
3157 3377 3228 3389 —
3257 3347 3397 3406 Hinc
3411 3366 3650 3426 namque
3678 3354 3738 3413 in

2130 3435 2374 3494 Canticis
2400 3435 2742 3493 canticorum
2773 3453 2973 3509 sponso
3003 3439 3254 3494 veniente
3271 3437 3478 3496 dicitur
3508 3457 3521 3496 :
3557 3441 3740 3500 Coro-

2129 3527 2339 3583 naberis
2369 3527 2431 3583 de
2457 3527 2624 3599 capite
2650 3527 2887 3596 Amano,
2907 3529 2969 3584 de
2987 3529 3174 3585 vertice
3207 3530 3372 3586 Sanir
3399 3537 3448 3586 et
3474 3532 3734 3602 Hermon,

2129 3617 2192 3673 de
2217 3617 2474 3676 cubilibus
2504 3619 2712 3675 leonum
2745 3621 2926 3692 (Cant.
2959 3637 3037 3687 Iv,
3066 3620 3148 3693 8).
3199 3620 3347 3689 Quid
3396 3623 3547 3680 enim
3576 3625 3736 3684 aliud

2128 3709 2353 3765 leonum
2381 3707 2610 3765 nomine
2651 3725 2816 3783 quam
2871 3709 3145 3767 damonia
3193 3711 3576 3784 designantur,
3608 3731 3734 3790 qua

2127 3797 2210 3855 ira
2238 3806 2434 3856 contra
2462 3816 2564 3857 nos
2613 3799 2970 3858 atrocissima
3014 3799 3358 3860 crudelitatis
3387 3803 3733 3864 insaviunt?

2125 3888 2197 3945 Et
2225 3890 2355 3963 quia
2383 3897 2694 3962 peccatores
2736 3891 2806 3947 ad
2857 3890 3023 3948 ﬁdem
3079 3892 3262 3949 vocati
3309 3901 3458 3960 sunt,
3490 3910 3730 3969 quorum

2126 3979 2401 4052 quondam
2431 3980 2597 4036 corda
2624 3981 2846 4038 leonum
2877 3981 3084 4039 cubilia
3113 3982 3495 4052 fuerunt,dum
3525 3985 3730 4044 vicisse

2125 4077 2361 4126 mortem
2389 4070 2660 4128 Dominus
2687 4089 2878 4130 eorum
2907 4073 3251 4132 confessione
3279 4075 3546 4144 creditur,
3567 4077 3728 4152 quasi

2122 4159 2190 4217 de
2218 4161 2440 4218 leonum
2470 4162 2748 4219 cubilibus
2759 4170 3076 4220 coronatur.
3101 4165 3493 4223 Remuneratio
3520 4167 3727 4241 quippe

2120 4249 2368 4306 victoria
2415 4267 2617 4309 corona
2645 4259 2744 4308 est.
2780 4251 2964 4310 Toties
2992 4269 3120 4326 ergo
3165 4253 3216 4310 ei
3246 4271 3505 4312 coronam
3535 4255 3728 4313 ﬁdeles

2117 4339 2380 4406 oﬁ'erunt,
2411 4339 2628 4414 quoties
2657 4339 2809 4398 hunc
2837 4340 3036 4399 vicisse
3065 4351 3302 4400 mortem
3345 4360 3416 4402 ex
3463 4361 3726 4410 resurre-

2115 4431 2300 4488 ctione
2329 4429 2684 4488 conﬁtentur.
2715 4431 2826 4488 Leo
2855 4446 2984 4504 ergo
3012 4431 3079 4489 de
3105 4432 3385 4492 cubilibus
3415 4433 3532 4492 suis
3559 4434 3723 4508 pelli-

2112 4531 2224 4592 tur,
2274 4521 2422 4596 quia,
2465 4521 2856 4579 obstetricante
2909 4539 3077 4579 manu
3131 4523 3380 4590 Domini,
3435 4529 3722 4584 tortuosus

2110 4611 2336 4669 coluber
2362 4611 2422 4668 in
2451 4611 2704 4669 cavernis
2732 4627 2867 4684 quas
2895 4618 3149 4668 tenuerat
3179 4611 3429 4670 habitare
3460 4611 3716 4688 prohibe-

2109 4711 2220 4762 tur.
2251 4705 2388 4762 Nam
2417 4703 2600 4762 victus
2624 4720 2656 4760 a
2684 4702 2933 4760 ﬁdelium
2964 4703 3226 4762 cordibus
3255 4704 3415 4772 exiit,
3434 4704 3529 4779 qui
3550 4719 3717 4779 super

2111 4793 2230 4852 hac
2259 4793 2420 4852 antea
2449 4802 2662 4867 sceptro
2691 4793 2938 4867 perﬁdia
2968 4793 3242 4866 regnavit.

2179 4885 2269 4942 53.
2303 4885 2519 4942 Primus
2543 4884 2742 4942 Christi
2765 4884 3021 4939 adventus
3040 4884 3098 4938 in
3113 4882 3432 4951 humilitate,
3453 4883 3712 4942 secundus

2107 4974 2165 5030 in
2195 4980 2415 5031 terrore.
2446 5004 2518 5018 -
2545 4975 2688 5032 Ecce
2711 4973 2769 5029 in
2795 4974 2987 5046 paucis
3015 4973 3390 5048 brevibusque
3418 4973 3711 5032 sententiis

2104 5072 2329 5124 sanctus
2353 5063 2442 5122 vir
2469 5063 2739 5123 adventus
2768 5063 3035 5122 dominici
3067 5062 3322 5122 ordinem
3340 5063 3551 5132 retulit,
3571 5079 3707 5139 pon-

2171 5321 2192 5356 ⁶
2221 5319 2467 5387 Pratell.,
2496 5319 2642 5377 Utic.
2693 5323 2748 5377 et
2793 5315 2889 5375 alii
2917 5317 3134 5390 Norm.,
3165 5334 3328 5392 super
3372 5317 3690 5392 foramen...

2096 5399 2144 5448 et
2171 5394 2228 5447 in
2257 5410 2554 5450 cavernam.

2169 5467 2188 5500 ⁷
2221 5464 2457 5533 Gemet.,
2505 5464 2600 5537 qui
2643 5463 2939 5537 ablacuttus
2983 5461 3265 5537 fuerit.....
3314 5479 3420 5518 non
3446 5464 3698 5522 nocebunt

2093 5554 2256 5608 neque
2283 5534 2532 5594 occident:
2567 5534 2842 5608 Itaqetiam
2873 5535 3044 5608 Laud.

2168 5605 2189 5644 θ
2219 5610 2280 5665 In
2311 5609 2570 5665 omnibus
2590 5605 2794 5678 Editis,
2823 5607 2930 5662 nisi
2955 5608 3148 5678 Deum,
3177 5605 3372 5665 invitis
3397 5608 3528 5669 Mss.

2164 5682 2186 5716 ο
2219 5682 2496 5759 Ιξελοιιω-
2523 5677 2953 5759 _Laud.,_l‘lop_m.
2987 5677 3216 5759 et_pene_
3253 5680 3516 5759 omnibus
3555 5681 3688 5759 Mss.

2093 5761 2204 5832 vet.
2235 5752 2412 5818 Edit.,
2442 5752 2568 5832 ubi_
2566 5749 2972 5832 recentioribus
2999 5749 3307 5832 editoribus
3351 5753 3526 5828 magis
3553 5753 3689 5827 pla-

2091 5825 2231 5891 cuit,
2260 5841 2378 5896 quce
2405 5831 2481 5880 est
2517 5825 2663 5881 Eccl.
