3946 6376
191 369 248 424 37
715 368 1090 427 MORALIUM
1129 368 1263 425 LIB.
1308 368 1509 427 XVIII.
1550 398 1621 409 —
1664 367 1735 424 IN
1773 367 2002 425 CAPUT
2041 368 2255 427 XXVII
2293 370 2385 427 ET
2422 370 2661 428 XXVIII
2704 372 2765 427 Β.
2805 371 2949 427 JOB.
3422 372 3492 429 38

185 496 304 554 dera
329 492 621 566 expressit,
660 494 795 567 quid
814 512 883 551 ex
905 494 1027 568 ejus
1052 494 1430 552 incarnatione
1451 493 1570 551 ﬁeri
1588 494 1770 567 potuit
1797 499 1847 559 Α
1874 512 1981 550 non
2006 496 2219 563 silebit;
2269 495 2411 567 ignis
2440 496 2497 550 in
2524 501 2798 567 conspectu
2823 496 2941 565 ejus
2966 496 3195 567 ardebit,
3227 503 3275 554 et
3298 497 3359 554 in
3387 498 3493 553 cir-

185 581 495 641 admirando
525 582 791 639 narravit.
827 582 967 657 [νει.
1001 584 1151 650 ΧΙΧ,
1184 587 1302 643 Rec.
1337 583 1513 658 XXI.]
1546 583 1650 640 Sed
1680 582 1775 657 qui

184 670 310 727 mira
336 669 471 727 fecit
500 669 558 726 in
576 670 893 728 humilitate
924 673 1173 742 veniens,
1193 673 1526 731 considerari
1548 690 1657 729 non
1682 691 1774 747 po-

181 767 278 818 test
303 777 429 818 cum
462 769 669 835 quanto
692 771 905 820 terrore
933 773 1201 822 venturus
1230 773 1333 835 est,
1356 760 1421 823 iri
1470 765 1774 839 majestatis

179 867 281 908 sum
306 850 637 909 fortitudine
667 869 952 927 apparens.
978 854 1126 913 Ordo
1143 855 1310 929 primi
1330 855 1601 912 adventus
1618 855 1773 912 illius

178 940 383 1014 pensari
412 947 468 997 et
495 943 738 1015 conspici
768 944 825 1000 in
855 952 1071 1002 tantum
1101 947 1301 1020 potuit,
1333 947 1390 1003 in
1412 954 1679 1021 quantum
1700 946 1769 1002 ad

178 1030 519 1088 redimendos
547 1035 793 1091 carnales
821 1034 1071 1105 veniens,
1098 1035 1410 1093 divinitatis
1429 1053 1539 1093 suae
1563 1035 1769 1109 magni-

179 1117 425 1175 tudinem
442 1119 755 1180 carnalibus
772 1125 948 1182 oculis
963 1125 1311 1199 temperavit.
1339 1125 1474 1194 Quis
1503 1143 1635 1183 vero
1650 1124 1768 1197 ejus

174 1217 514 1276 celsitudinis
541 1225 808 1276 terrorem
865 1214 1024 1285 ferat,
1055 1232 1181 1273 cum
1213 1214 1443 1273 secundi
1498 1215 1768 1272 adventus

173 1308 414 1381 potentia
436 1325 535 1383 per
553 1313 698 1373 556
727 1306 909 1379 ignem
934 1303 1211 1377 judicium
1256 1322 1536 1375 exercens,
1569 1306 1627 1362 in
1657 1322 1768 1378 po-

172 1403 381 1462 testatis
409 1421 522 1462 suae
553 1404 836 1479 majestate
865 1405 1202 1463 canduerit?
1247 1405 1402 1462 Unde
1430 1405 1518 1462 vir
1545 1412 1768 1463 sanctus

170 1492 465 1551 adventum
496 1493 651 1551 illius
679 1502 865 1553 narrat
894 1495 1157 1569 primum,
1189 1495 1282 1552 sed
1312 1496 1544 1559 lassatur
1573 1495 1640 1553 ad
1673 1513 1769 1554 se-

168 1582 434 1651 cundum,
464 1582 686 1641 dicens:

690 1718 919 1779 CAPUT
974 1718 1236 1777 XXXIII.

1883 585 2030 643 cuitu
2057 584 2171 654 ejus
2193 589 2467 656 tempestas
2502 584 2689 640 valida
2719 583 2894 656 (Psal.
2928 600 3085 653 xux,
3118 585 3197 657 3).
3224 587 3367 646 Hinc
3396 588 3491 646 So-

1884 673 2116 745 phonias
2144 674 2413 748 propheta
2458 673 2773 742 denuntiat,
2820 673 3045 730 dicens:
3089 675 3259 733 Juxta
3285 685 3361 734 est
3380 678 3493 735 dies

1881 763 2098 819 Domini
2130 781 2374 837 magnus,
2396 763 2563 834 juxta
2603 770 2651 820 et
2680 764 2836 819 veloa:
2860 763 3039 820 nimis.
3094 765 3205 823 Vox
3231 766 3336 821 diei
3368 768 3492 824 Do-

1878 852 2011 908 mini
2039 871 2251 923 amara,
2284 855 2632 912 tribulabitur
2660 854 2736 910 ibi
2756 854 2936 926 fortis.
2959 853 3084 911 Dies
3115 854 3211 911 ira
3228 855 3342 912 dies
3367 857 3490 924 illa,

1878 942 1989 998 dies
2020 945 2381 1001 tribulationis
2406 951 2456 1001 et
2479 945 2757 1017 angustia,
2789 946 2898 1001 dies
2925 945 3246 1002 calamitatis
3274 952 3322 1003 et
3348 947 3496 1002 mise-

1876 1035 1995 1100 rim,
2034 1034 2143 1089 dies
2168 1035 2499 1092 tenebran
2524 1041 2573 1091 et
2600 1035 2863 1106 caliginis,
2896 1036 3007 1091 dies
3034 1035 3236 1093 nebula
3262 1041 3312 1091 et
3330 1036 3494 1091 turbi-

1877 1124 1981 1192 nis,
2010 1124 2120 1180 dies
2150 1124 2284 1181 tuba:
2307 1131 2356 1181 et
2374 1125 2641 1198 clangoris
2663 1127 2919 1199 (Sophon.
2946 1143 2985 1194 ι,
3012 1126 3239 1199 14-16).
3262 1127 3284 1162 ³
3303 1128 3494 1184 Terro-

1877 1229 1991 1269 rem
2022 1229 2149 1286 ergo
2176 1213 2416 1272 districti
2439 1214 2733 1285 examinis,
2757 1232 2920 1289 quem
2941 1215 3251 1288 Sophonias
3276 1216 3491 1287 tubam,

1875 1301 2068 1359 beatus
2093 1303 2196 1360 Job
2238 1303 2549 1362 tonitruum
2592 1307 2849 1379 appellat.
2895 1305 3070 1374 Quem
3114 1305 3231 1362 Joel
3275 1322 3494 1381 quoque

1877 1392 2234 1450 considerans
2260 1393 2375 1450 ait:
2411 1395 2806 1452 Conturbentur
2832 1412 3008 1451 omnes
3037 1395 3361 1452 habitatores
3391 1403 3493 1452 ter-

1874 1498 1973 1548 τω,
2003 1481 2131 1554 quia
2153 1484 2295 1540 venit
2316 1484 2425 1540 dies
2450 1484 2690 1552 Domini,
2721 1486 2847 1557 quia
2884 1502 3049 1558 prope
3076 1491 3151 1540 est
3187 1485 3299 1541 dies
3344 1490 3495 1541 tene-

1876 1572 2098 1629 brarum
2133 1579 2183 1629 et
2218 1574 2484 1645 caliginis,
2523 1576 2633 1631 dies
2671 1574 2825 1630 nubis
2869 1581 2920 1630 et
2964 1574 3212 1632 turbinis.
3268 1576 3494 1648 Magnus

1874 1662 2011 1717 enim
2043 1662 2152 1717 dies
2178 1664 2417 1729 Domini,
2449 1670 2497 1719 et
2526 1664 2780 1719 terribilis
2812 1664 2987 1728 valde,
3020 1671 3069 1719 et
3103 1665 3222 1735 quis
3258 1664 3496 1741 sustine-

1875 1753 1950 1809 bit
1983 1771 2100 1809 eum
2132 1754 2288 1826 (Joel.
2321 1771 2383 1823 ιι,
2418 1754 2508 1827 i)?
2548 1754 2655 1811 Sed
2699 1769 2865 1828 quam
2913 1752 3495 1827 incomprehensibilis

229 1844 407 1906 Vnus.
442 1845 528 1905 14.
560 1878 631 1891 -
660 1849 794 1905 Ecce
821 1848 928 1904 htec
956 1865 1023 1904 ea:
1045 1854 1203 1920 parte
1229 1848 1371 1905 dicta
1399 1852 1525 1903 sunt
1551 1846 1764 1905 viarum
1791 1875 1837 1937 Β
1872 1852 1946 1907 sit
1972 1858 2133 1925 atque
2163 1851 2647 1911 inconsiderabilis
2666 1851 2763 1911 illa
2782 1853 3131 1928 magnitudo,
3160 1851 3296 1927 quia
3326 1852 3385 1911 in
3413 1871 3494 1912 se.

162 1936 270 2008 ejus
300 1956 323 2005 ;
343 1944 527 1996 etcum
546 1938 640 1995 via-
654 1956 885 2012 parvam
904 1939 1105 1996 stillam
1124 1955 1425 1995 sermonum
1444 1938 1557 2009 ejus
1584 1940 1763 2004 audie-

158 2029 350 2097 rimus,
380 2031 500 2103 quis
522 2031 721 2104 poterit
748 2032 1042 2088 tonitruum
1068 2030 1450 2104 magnitudinis
1478 2030 1628 2087 illius
1667 2030 1763 2087 in-

161 2119 298 2176 tueri
309 2119 341 2177 ‘l

227 2212 320 2269 54.
360 2211 639 2270 Terribilis
655 2211 856 2283 judicii
882 2213 982 2272 Dei
1010 2214 1309 2287 descriptio.
1357 2246 1430 2258 -
1483 2213 1628 2284 Quid
1656 2213 1765 2272 hoc

158 2299 282 2358 loco
310 2300 531 2359 viarum
561 2303 788 2360 nomine
816 2304 925 2360 nisi
954 2304 1200 2362 actiones
1229 2303 1455 2377 Domini
1486 2304 1765 2379 appellat?

158 2390 314 2449 Unde
344 2400 398 2449 et
440 2408 537 2466 per
562 2392 889 2467 prophetam
936 2395 1208 2452 Dominus
1254 2394 1391 2451 dicit
1423 2413 1435 2451 :
1478 2397 1599 2451 Non
1626 2396 1764 2451 enim

156 2488 280 2537 sunt
304 2482 410 2538 vim
422 2499 549 2539 mete
564 2482 701 2538 sicut
714 2484 814 2539 vite
831 2489 1015 2540 vestrae
1037 2483 1191 2557 (Isai.
1218 2501 1309 2553 Lv,
1339 2484 1421 2557 8).
1442 2484 1761 2541 Adventum

155 2586 285 2644 ergo
312 2572 541 2629 Domini
569 2589 824 2643 narrans,
856 2573 977 2630 vias
1014 2573 1113 2630 Dei
1170 2589 1240 2630 ex
1269 2581 1422 2647 parte
1476 2575 1760 2644 retulerat,

154 2662 287 2733 quia
316 2662 430 2719 alia
457 2662 581 2735 ejus
620 2664 766 2721 actio
794 2662 923 2733 fuit,
955 2679 1063 2737 qua
1091 2681 1193 2721 nos
1221 2664 1493 2734 condidit,
1520 2664 1628 2721 alia
1656 2682 1764 2739 qua

151 2750 413 2811 redemit.
445 2754 525 2810 Ea
552 2752 740 2828 itaque
771 2771 892 2827 quae
920 2754 987 2811 de
1016 2754 1242 2811 Domini
1262 2756 1478 2812 actione
1493 2757 1761 2827 narravit,

146 2842 393 2897 extremi
418 2841 621 2915 judicii
663 2843 1074 2916 comparatione
1129 2844 1396 2916 levigans,
1453 2852 1575 2901 ait:
1632 2847 1764 2902 Ecce

150 2928 255 2984 haec
282 2947 355 2983 ex
377 2936 537 3001 parte
563 2931 704 2987 dicta
730 2937 854 2985 sunt
879 2931 1094 2985 viarum
1122 2931 1255 3000 ejus.
1287 2931 1447 2998 Quod
1464 2940 1518 2985 et
1537 2948 1761 3003 parvam

150 3016 362 3074 stillam
385 3024 704 3073 sermonum
725 3017 844 3088 ejus
862 3018 1117 3089 appellat,
1138 3016 1268 3090 quia
1279 3017 1547 3090 quidquid
1565 3020 1760 3089 altum,

152 3107 436 3182 quidquid
464 3105 712 3162 terribile
743 3105 801 3162 in
822 3106 926 3163 hac
955 3107 1069 3162 vita
1090 3106 1254 3178 positi
1276 3107 1343 3162 de
1373 3106 1494 3179 ejus
1514 3109 1760 3165 conside-

149 3199 371 3256 ratione
400 3198 785 3272 cognoscimus
812 3214 882 3253 ex
925 3196 1297 3253 immensitate
1326 3197 1633 3255 caelestium
1663 3216 1760 3256 se-

151 3260 646 3359 cretorumjvelut
671 3288 855 3345 tenuis
883 3287 951 3344 ad
982 3304 1082 3344 nos
1111 3295 1263 3361 gutta
1283 3289 1505 3361 superni
1528 3289 1763 3363 liquoris
1791 3260 1835 3321 θ

151 3387 408 3436 emanat:
444 3380 517 3436 Et
543 3380 663 3450 quis
685 3378 885 3450 poterit
913 3378 1205 3434 tonitruum
1240 3379 1625 3451 magnitudinis
1651 3381 1765 3452 ejus

150 3468 358 3525 intueri
387 3471 416 3527 Ῡ
457 3470 538 3525 Ac
565 3469 611 3525 si
642 3476 825 3542 aperte
854 3468 1036 3527 dicat:
1071 3467 1127 3525 Si
1162 3467 1497 3525 humilitatis
1526 3469 1644 3542 ejus
1671 3471 1764 3527 ad-

152 3559 413 3617 miranda
442 3558 541 3615 vix
570 3559 823 3629 ferimus,
880 3576 1142 3616 sonorum
1191 3561 1207 3595 ¹
1239 3567 1402 3633 atque
1457 3561 1763 3619 terribilem

153 3647 461 3720 majestatis
488 3648 607 3721 ejus
634 3649 933 3706 adventum
963 3665 1071 3722 qua
1112 3649 1317 3706 virtute
1360 3650 1765 3708 tolerabimus?

152 3739 317 3797 Hunc
346 3741 660 3797 tonitruum
689 3740 960 3797 adventus
985 3740 1139 3797 illius
1165 3740 1331 3797 etiam
1359 3740 1647 3797 Psalmista
1665 3740 1765 3796 in-

150 3838 337 3899 sonat,
371 3830 599 3888 dicens:
632 3830 776 3887 Deus
793 3830 1069 3902 manifeste
1087 3830 1272 3897 veniet,
1296 3831 1437 3886 Deus
1490 3837 1686 3898 noster,
1717 3836 1765 3888 et

225 3996 244 4033 ³
291 3993 456 4052 Editi
486 3999 596 4050 vet.
626 3999 680 4050 et
700 4000 931 4063 recent.,
961 3993 1302 4050 horrendum.
1336 3993 1491 4051 Infra
1518 3993 1622 4051 soli
1665 4008 1765 4050 re-

151 4075 301 4126 cent.
337 4066 602 4135 insinuat,
633 4082 733 4195 paro
761 4067 993 4135 insonat,
1024 4072 1087 4123 ut
1115 4066 1320 4125 habent
1342 4067 1470 4125 Mss.
1516 4067 1761 4139 Anglia,

151 4140 378 4195 Norm..
412 4137 612 4195 Laud..
689 4138 944 4195 ellovac..
975 4146 1080 4195 etc.

107 4214 113 4219 .
150 4140 378 4210 Norm.,
412 4137 613 4210 Laud.,
634 4137 944 4209 Bellovac.,
975 4146 1080 4197 etc.

902 4462 1050 4526 557

1870 1942 2051 2000 cunda
2079 1944 2393 2001 ostensione
2443 1952 2714 2002 venturus
2751 1952 2854 2015 est,
2896 1945 3035 2002 bene
3064 1952 3346 2019 utcunque
3374 1961 3494 2020 per-

1871 2032 2186 2105 pendimus,
2215 2034 2261 2089 si
2291 2033 2457 2107 primi
2493 2034 2766 2092 adventus
2811 2034 3057 2108 pondera
3096 2034 3335 2092 sollicita
3364 2051 3494 2094 con-

1871 2120 2205 2179 sideratione
2232 2139 2547 2196 pensamus.
2593 2122 2753 2181 Certe
2773 2131 2835 2180 ut
2864 2141 2965 2181 nos
2993 2141 3024 2181 a
3052 2131 3232 2181 morte
3259 2124 3493 2182 redime-

1868 2218 1974 2281 ret,
2005 2211 2146 2267 mori
2175 2213 2447 2270 Dominus
2476 2212 2655 2282 venit,
2683 2221 2738 2270 et
2764 2213 3045 2272 defectum
3077 2222 3279 2273 nostra:
3308 2214 3493 2274 carnis

1870 2301 1930 2359 in
1959 2318 2060 2359 suo
2089 2318 2315 2376 corpore
2346 2318 2642 2377 poenasque
2690 2303 2975 2361 toleravit.
3016 2304 3123 2374 Qui
3169 2306 3492 2380 priusquam

1870 2390 1940 2447 ad
1967 2392 2150 2449 crucis
2178 2391 2487 2465 patibulum
2518 2392 2853 2466 perveniret,
2883 2393 3083 2464 teneri,
3115 2393 3370 2468 conspui,
3411 2393 3494 2451 il-

1871 2480 2012 2549 ludi,
2042 2487 2097 2536 et
2124 2481 2298 2554 alapis
2325 2480 2462 2539 caedi
2490 2498 2547 2538 se
2574 2483 2824 2555 pertulit.
2855 2484 2999 2541 Ecce
3027 2482 3096 2540 ad
3125 2492 3334 2557 quanta
3366 2499 3492 2557 pro-

1869 2578 1992 2645 pter
2018 2586 2120 2628 nos
2147 2572 2338 2629 venire
2370 2572 2571 2645 probra
2598 2573 2913 2641 consensit;
2966 2581 3025 2631 et
3064 2582 3250 2631 tamen
3297 2575 3496 2647 prius-

1869 2677 2035 2736 quam
2064 2680 2121 2720 se
2148 2662 2325 2720 teneri
2344 2664 2707 2737 permitteret,
2728 2672 3107 2738 persecutores
3137 2682 3266 2723 suos
3294 2665 3492 2739 requic

1869 2751 2023 2821 sivit,
2070 2752 2259 2809 dicens
2306 2754 2487 2825 (Joan.
2538 2771 2703 2822 xvm,
2743 2754 2841 2827 4):
2878 2756 3041 2823 Quem
3068 2755 3356 2827 quaeritis?
3384 2754 3489 2812 Cui

1871 2842 2022 2898 illico
2052 2842 2491 2914 responderunt:
2527 2844 2706 2899 Iesum
2724 2844 3088 2901 Nam-renum.
3122 2844 3336 2914 Quibus
3363 2862 3492 2903 cum

1870 2938 2092 2999 repente
2121 2931 2348 2999 diceret,
2380 2935 2494 3004 Ego
2522 2950 2661 2999 sum,
2691 2948 2883 2990 vocem
2914 2934 3270 2991 solummodo
3300 2934 3494 2990 mitis-

1869 3017 2022 3073 simaa
2070 3017 2445 3089 responsionis
2488 3020 2686 3089 edidit,
2733 3029 2788 3077 et
2828 3031 3070 3079 armatos
3113 3029 3494 3094 persecutores

1868 3123 1996 3163 suos
2024 3107 2279 3179 protinus
2306 3108 2364 3163 in
2394 3115 2595 3165 terram
2626 3110 2842 3166 stravit.
2887 3111 3033 3179 Quid
3084 3127 3214 3184 ergo
3243 3113 3493 3170 facturus

1868 3203 1969 3265 est,
2000 3212 2127 3252 cum
2167 3193 2519 3267 judicaturus
2548 3197 2783 3267 venerit,
2832 3198 2929 3271 qui
2970 3215 3082 3254 una
3125 3215 3259 3257 voce
3307 3199 3494 3259 hostes

1871 3303 1999 3343 suos
2026 3286 2282 3359 perculit,
2303 3286 2469 3343 etiam
2489 3304 2615 3345 cum
2642 3286 2979 3359 judicandus
2998 3287 3198 3345 venit?
3229 3288 3389 3357 Quod
3408 3297 3493 3346 est

1872 3376 2013 3433 illud
2036 3376 2313 3449 judicium
2343 3377 2492 3451 quod
2521 3377 2854 3435 immortalis
2883 3380 2905 3414 ³
2936 3378 3134 3447 exerit,
3167 3379 3263 3452 qui
3292 3378 3351 3435 in
3380 3394 3494 3436 una

1872 3483 2008 3523 voce
2036 3482 2148 3523 non
2177 3467 2359 3539 potuit
2387 3467 2519 3524 ferri
2549 3467 2898 3525 moriturus?
2924 3467 3061 3537 Quis
3089 3466 3208 3541 ejus
3235 3468 3375 3525 iram
3396 3476 3495 3526 to-

1873 3559 2029 3627 leret,
2060 3557 2221 3631 cujus
2248 3566 2303 3616 et
2331 3558 2447 3632 ipsa
2474 3575 2588 3617 non
2619 3560 2802 3633 potuit
2831 3561 3199 3618 mansuetudo
3216 3561 3445 3619 tolerari
3462 3561 3492 3619 ?

1873 3649 2195 3707 Consideret
2221 3665 2350 3723 ergo
2379 3650 2468 3707 vir
2495 3659 2739 3714 sanctus.
2768 3658 2823 3708 et
2849 3651 3031 3710 dicat:
3071 3653 3206 3710 Cum
3232 3652 3327 3708 via:
3359 3668 3492 3725 par-

1872 3757 1994 3797 vam
2021 3741 2223 3798 stillam
2250 3757 2550 3798 sermonum
2585 3740 2697 3811 ejus
2736 3741 3091 3810 audierimus,
3139 3741 3258 3815 quis
3293 3740 3493 3815 poterit

1874 3831 2165 3888 tonitruum
2187 3831 2569 3903 magnitudinis
2594 3831 2747 3888 illius
2766 3832 2967 3889 intueri
2984 3834 3014 3891 ?

1942 3998 1967 4034 ι
1996 3995 2164 4051 Paulo
2193 3995 2354 4052 aliter
2380 3996 2535 4052 locus
2565 3993 2658 4053 hic
2685 4003 2866 4053 exstat
2912 3995 2972 4052 in
3014 3994 3370 4068 antea__Vulg.
3404 3992 3490 4053 Il-

1872 4064 1988 4140 lum
2014 4075 2200 4140 autem
2230 4067 2572 4123 restituimus
2599 4084 2669 4122 ex
2697 4069 2825 4125 Mss.
2858 4082 2995 4140 pene
3025 4064 3306 4124 omnibus.

1947 4139 1967 4173 ³
1999 4139 2238 4208 Gemet.,
2269 4144 2488 4194 exercet.

1157 4434 1492 4523 LIBER
1586 4431 2097 4524 DECIMUS
2189 4430 2737 4523 OCTAVUS.

138 4590 493 4679 -(Continet
520 4599 988 4681 expositionem
1018 4598 1318 4679 capitum
1348 4615 1515 4663 xxvn
1545 4604 1604 4662 et
1632 4614 1824 4681 XXVIII
1857 4596 2012 4681 libri
2043 4594 2160 4660 Job
2208 4612 2415 4681 usque
2464 4595 2559 4660 ad
2590 4612 2858 4659 versum
2894 4594 2968 4657 21
3000 4589 3473 4665 dimidiatum,

1278 4681 1646 4744 secundum
1673 4677 2069 4760 multiplices
2093 4677 2381 4761 sensus.)

226 4927 378 5005 [Rea
411 4929 489 5005 1.]
521 4931 572 4988 1.
607 4930 901 5003 Scriptum
919 4946 1086 4988 sacrae
1110 4929 1405 4987 obscuritas
1432 4928 1762 4987 adaltiorem
1790 4939 1838 4998 D
1867 4928 2157 4988 obscurius
2178 4929 2389 5003 prolata
2417 4927 2740 4998 sentiamus,
2770 4942 2834 4984 ea
2861 4925 3029 4985 etiam
3050 4941 3172 5001 quia
3191 4930 3377 4999 aperte
3391 4920 3489 4988 di-

152 5018 267 5090 ejus
286 5038 503 5078 sensum
517 5021 937 5093 investigandum
949 5038 1046 5077 nos
1059 5028 1248 5078 movet.
1267 5052 1339 5064 —
1356 5022 1688 5094 Plerumque
1704 5021 1764 5077 in

155 5126 311 5167 sacro
343 5110 569 5185 eloquio
596 5111 678 5170 sic
708 5112 979 5168 nonnulla
1007 5112 1243 5186 mystica
1264 5111 1676 5181 describuntur,
1700 5119 1767 5168 ut

151 5206 340 5258 tamen
364 5198 531 5272 juxta
557 5202 934 5259 narrationem
964 5201 1289 5259 historicam
1306 5201 1520 5274 prolata
1540 5200 1763 5257 videan-

150 5295 264 5347 tur.
299 5290 412 5349 Sed
438 5308 580 5366 saepe
612 5291 761 5350 dicta
788 5291 923 5349 talia
960 5292 1017 5349 in
1046 5290 1237 5349 eadem
1284 5291 1552 5351 historica
1578 5308 1763 5349 narra-

150 5377 309 5438 tione
338 5381 604 5455 permista
629 5390 780 5454 sunt,
810 5399 908 5456 per
961 5399 1085 5457 qua)
1140 5381 1457 5455 superﬁcies
1513 5381 1762 5440 historiae

150 5480 358 5530 cuncta
387 5479 629 5530 cassetur
661 5492 673 5531 :
707 5491 826 5549 quae
848 5473 981 5531 dum
1022 5473 1451 5531 nilhistoricum
1479 5480 1760 5539 resonant,

149 5561 308 5619 aliud
339 5560 405 5617 in
434 5562 512 5619 eis
534 5562 812 5638 inquirere
842 5564 1104 5621 lectorem
1121 5571 1345 5637 cogunt.
1371 5563 1470 5620 His
1499 5562 1648 5620 enim
1678 5562 1760 5618 di-

149 5652 256 5710 ctis
285 5666 417 5727 qua:
445 5659 631 5725 aperta
656 5652 954 5725 credimus,
984 5652 1417 5725 cuminterjecta
1435 5653 1622 5725 aliqua
1640 5650 1760 5709 obs-

149 5741 346 5800 curius
371 5739 713 5813 invenimus,
746 5744 903 5819 quasi
933 5732 1263 5818 quibusdam
1276 5743 1522 5801 stimulis
1550 5740 1763 5817 pungi-

150 5847 301 5905 mur,
328 5839 399 5891 ut
425 5830 498 5890 ad
525 5832 710 5907 aliqua
736 5834 905 5893 altius
945 5833 1306 5908 intelligenda
1332 5834 1651 5908 vigilemus,
1707 5838 1763 5888 et

1871 5028 1962 5077 cta
1988 5020 2326 5093 putavimus.
2377 5019 2519 5078 Cum
2564 5035 2694 5092 ergo
2736 5018 2932 5076 beatus
2976 5017 3080 5074 Job
3122 5016 3189 5073 de
3234 5027 3489 5070 sermone

1873 5110 2097 5167 Domini
2126 5119 2179 5168 et
2206 5111 2273 5168 de
2302 5110 2684 5184 magnitudine
2717 5109 2952 5167 tonitrui
2992 5110 3329 5182 loqueretur,
3369 5104 3490 5162 eis-

1872 5200 1998 5259 dem
2025 5201 2209 5260 verbis
2237 5202 2489 5276 protinus
2519 5199 2862 5258 subinfertur
2886 5216 2898 5255 :

2139 5290 2366 5349 CAPUT
2395 5290 2669 5349 PRIMUM
2700 5288 2839 5362 [Vet.
2870 5288 2922 5353 Ι,
2951 5287 3073 5344 Rec.
3102 5282 3212 5359 11].

1942 5379 2073 5439 Cu.
2105 5381 2473 5449 xxvn,Vsns.
2508 5381 2557 5436 1,
2592 5409 2661 5420 -
2688 5376 2917 5433 Addidit
2940 5391 3145 5449 quoque
3168 5373 3290 5441 Job,
3318 5390 3488 5431 assu—

1868 5487 2014 5527 mens
2040 5470 2359 5543 parabolam
2386 5485 2561 5534 suam,
2591 5471 2640 5520 et
2665 5465 2765 5522 ait.

1942 5562 1996 5619 2.
2027 5561 2299 5634 Loquendi
2321 5574 2481 5632 genus
2507 5558 2605 5614 Job
2629 5556 3006 5630 parabolicum
3025 5561 3075 5612 et
3093 5553 3394 5627 mysticum.
3414 5584 3488 5599 —-

1869 5651 1990 5721 Quo
2018 5652 2265 5727 profecto
2292 5666 2456 5707 versu
2485 5647 2796 5706 ostenditur
2824 5645 2993 5719 hujus
3011 5641 3346 5705 sanctissimi
3374 5642 3489 5699 viri

1869 5739 2017 5800 dicta
2045 5758 2209 5817 quam
2230 5737 2466 5814 mystice
2483 5736 2596 5795 sint
2613 5736 2848 5811 prolata,
2868 5735 3003 5792 dum
3020 5731 3303 5810 parabola,
3324 5728 3383 5817 id
3398 5736 3490 5817 est

1868 5812 2180 5889 similitudo
2207 5812 2486 5901 assumpta
2513 5832 2769 5884 narratur
2796 5824 2864 5881 ab
2883 5841 2949 5881 eo
2968 5823 3064 5897 qui
3084 5819 3229 5878 nihil
3247 5812 3489 5874 inferius
