3946 6364
505 333 571 388 30
1720 324 1969 381 SANCTI
2007 323 2346 382 GREGORII
2391 322 2616 379 MAGNI
3755 325 3820 381 Ιιο

503 479 600 534 per
624 459 1102 533 comparationem
1121 457 1208 514 vel
1228 454 1652 514 similitudinem
1670 452 1933 526 loquitur.
1957 449 2116 506 Absit
2144 450 2197 512 Α
2223 447 2613 505 amaritudinis
2644 463 2757 502 suae
2787 454 3110 519 potestatem
3157 445 3376 514 tribuit,
3431 445 3527 502 sed
3581 451 3811 507 auctori.

500 551 647 606 enim
677 566 744 605 ne
775 549 881 606 hoc
909 550 1032 606 loco
1060 546 1372 621 parabolam
1403 543 1542 600 illud
1563 542 1782 599 musicae
1803 544 1818 577 ί
1842 557 2107 612 organum

499 639 820 696 sentiamus.
854 639 1038 711 Neque
1068 637 1215 693 enim
1244 637 1326 692 fas
1353 642 1435 690 est
1462 633 1680 690 credere
1710 631 1855 705 quod
1885 631 1943 686 in
1971 629 2107 686 affli-

483 727 681 785 ctione
711 742 996 800 pmnarum
1029 725 1255 782 musicis
1283 730 1550 791 uteretur,
1590 737 1714 778 cum
1742 737 1838 792 per
1864 718 2107 791 Scriptu-

497 833 614 873 ram
644 834 797 874 suam
829 815 1032 872 veritas
1057 814 1240 870 dicat:
1287 813 1489 871 Musica
1527 811 1584 865 in
1615 811 1759 865 luctu
1800 809 2106 880 importuna

495 906 742 961 narratio
761 911 836 960 est
865 903 1056 976 (Eccli.
1079 919 1223 969 xm,
1254 902 1334 973 6).
1368 899 1658 957 Nominata
1678 915 1806 969 ergo
1827 896 2103 969 parabola,

493 1012 619 1052 ecce
648 997 670 1030 ²
699 1002 854 1050 textu
883 995 1004 1067 ipso
1052 994 1314 1066 loquente
1348 991 1464 1063 jam
1507 989 1798 1054 discimus,
1839 1005 1909 1044 ne
1945 987 2106 1060 juxta

491 1091 705 1141 textum
733 1081 1119 1140 tantummodo
1148 1080 1266 1152 ejus
1294 1080 1461 1136 verba
1503 1095 1814 1152 pensemus.
1857 1076 1943 1133 Ad
1985 1094 2102 1132 eam

493 1173 675 1246 itaque
703 1171 1130 1228 similitudinem
1160 1177 1358 1227 cuncta
1388 1167 1659 1224 trahenda
1685 1174 1817 1223 sunt
1838 1183 1944 1240 qua
1971 1165 2105 1238 ﬁgu-

490 1271 607 1320 rate
634 1262 884 1320 Ecclesia
897 1261 1234 1335 designatur.
1256 1261 1327 1316 Et
1344 1259 1403 1315 in
1427 1260 1546 1332 ipso
1567 1258 1791 1331 quidem
1809 1256 2104 1314 locutionis

491 1350 722 1407 exordio
749 1351 900 1408 dicta
927 1357 1111 1422 aperte
1138 1349 1348 1422 prolata
1377 1355 1527 1416 sunt,
1545 1347 1639 1404 sed
1653 1346 1778 1418 subj
1788 1346 1968 1403 unctis
1985 1345 2103 1401 obs-

489 1439 802 1496 curioribus
827 1439 1206 1512 implicantur.
1254 1439 1392 1495 Nam
1438 1439 1620 1510 plana,
1652 1444 1714 1492 ut
1742 1436 1902 1503 solet,
1943 1435 2107 1492 locu-

488 1528 639 1586 tione
684 1529 934 1599 inchoat,
979 1530 1076 1588 sed
1109 1529 1276 1586 verba
1321 1547 1420 1586 sua
1465 1545 1563 1602 per
1609 1527 1874 1601 mysticos
1915 1543 2107 1582 sensus

487 1619 716 1706 gravida
743 1619 1060 1676 narratione
1089 1627 1399 1676 consumat.
1432 1619 1620 1691 Itaque
1650 1617 1728 1673 ait
1761 1634 1772 1673 :

966 1709 1196 1766 CAPUT
1227 1709 1277 1764 11
1309 1707 1453 1782 [Rec.
1489 1707 1628 1780 III].

2286 537 2340 594 4.
2364 537 2859 602 Diabolusnullam,
2876 536 2982 591 nisi
2999 536 3109 592 Deo
3118 535 3468 607 permittente,
3490 538 3723 594 tentandi
3731 555 3818 611 po-

2219 633 2446 683 testatem
2461 627 2630 683 habet.
2666 658 2705 669 —
2734 626 2849 682 Scit
2864 639 3101 699 namque
3115 625 3243 698 quia
3257 624 3515 682 diabolus
3543 626 3673 683 licet
3685 627 3817 684 afﬂi-

2214 717 2454 772 ctionem
2464 715 2744 787 justorum
2772 732 2987 787 semper
3013 722 3253 787 appetat,
3275 721 3458 770 tamen
3479 713 3526 770 si
3547 714 3616 770 ab
3631 724 3814 774 aucto-

2216 821 2274 861 re
2302 814 2490 861 nostro
2520 814 2843 878 potestatem
2875 822 2986 861 non
3015 805 3242 877 accipit,
3277 804 3347 861 ad
3387 805 3710 864 tentationis
3733 823 3810 864 ar-

2215 895 2444 952 ticulum
2459 897 2774 956 nullatenus
2783 898 3136 954 convalescit.
3146 895 3298 953 Unde
3310 904 3364 951 et
3375 896 3557 954 omnis
3569 898 3819 957 voluntas

2215 985 2423 1043 diaboli
2455 987 2656 1059 injusta
2676 995 2778 1055 est,
2809 995 2864 1044 et
2885 995 3068 1044 tamen
3095 986 3448 1060 permittente
3478 989 3591 1045 Deo
3642 989 3818 1045 omnis

2215 1084 2452 1148 potestas
2461 1076 2630 1148 justa.
2650 1079 2736 1132 Ex
2749 1094 2805 1132 se
2821 1077 2970 1132 enim
2985 1085 3194 1133 tentare
3210 1076 3487 1150 quoslibet
3502 1076 3712 1150 injuste
3729 1095 3816 1151 ap-

2215 1166 2470 1238 petit,sed
2483 1184 2576 1222 eos
2593 1167 2687 1240 qui
2700 1167 2948 1224 tentandi
2963 1175 3282 1240 sunt,prout
3293 1167 3542 1223 tentandi
3553 1175 3817 1237 sunt,non

2213 1255 2322 1312 nisi
2339 1256 2538 1311 tentari
2557 1258 2702 1312 Deus
2711 1254 2860 1327 juste
2878 1257 3168 1328 permittit.
3195 1256 3334 1331 [Vet.
3352 1258 3418 1314 ΙΙ
3421 1255 3462 1330 .]
3483 1256 3637 1314 Unde
3653 1257 3815 1314 etiam

2215 1346 2274 1402 in
2297 1346 2456 1402 libris
2475 1348 2681 1419 Regum
2700 1347 2767 1403 de
2783 1347 3006 1405 diabolo
3022 1347 3289 1420 scriptum
3306 1355 3406 1404 est:
3431 1348 3570 1416 Quia
3601 1348 3819 1420 spiritus

2213 1436 2430 1492 Domini
2460 1437 2634 1492 malus
2658 1439 2679 1472 ⁸⁵
2713 1437 2951 1493 irruebat
2974 1438 3032 1493 in
3072 1439 3205 1496 Saul
3239 1439 3299 1511 (Ι
3327 1440 3452 1510 Reg.
3499 1457 3662 1508 xvm,
3701 1439 3812 1511 10).

2217 1525 2318 1582 Ubi
2333 1524 2482 1598 juste
2503 1527 2771 1600 quaeritur
2786 1545 2798 1582 :
2816 1527 2861 1583 si
2875 1527 3122 1597 Domini,
3139 1545 3238 1586 cur
3260 1529 3456 1596 malus;
3481 1536 3535 1584 et
3550 1529 3596 1585 si
3615 1529 3815 1596 malus,

2214 1632 2314 1672 cur
2332 1615 2556 1671 Domini
2588 1615 2837 1673 dicatur?
2866 1616 2966 1673 Sed
2990 1617 3206 1674 duobus
3222 1617 3405 1674 verbis
3423 1617 3816 1690 comprehensa

2214 1711 2295 1760 est
2323 1712 2377 1760 et
2396 1711 2636 1777 potestas
2666 1707 2688 1741 ⁶
2713 1703 2864 1776 justa
2884 1705 2942 1762 in
2962 1705 3206 1776 diabolo,
3224 1715 3280 1764 et
3296 1707 3556 1764 voluntas
3580 1707 3810 1780 injusta.

560 1801 730 1860 Vnus.
756 1801 810 1859 2.
833 1832 904 1844 —
931 1801 1070 1860 Vivit
1089 1801 1253 1865 Deus,
1278 1799 1372 1870 qui
1393 1799 1615 1856 abstulit
1629 1797 1896 1868 judicium
1913 1813 2104 1868 meum,
2137 1809 2185 1871 Β
2211 1800 2349 1856 Nam
2379 1807 2434 1856 et
2461 1801 2576 1873 ipse
2605 1800 2816 1859 dicitur
2842 1801 3071 1874 spiritus
3100 1803 3278 1860 malus
3293 1819 3388 1876 per
3416 1803 3814 1877 nequissimam

474 1895 535 1946 .et
565 1891 899 1964 Omnipotens
927 1891 1021 1962 qui
1051 1891 1124 1946 ad
1156 1889 1570 1946 amaritudinem
1607 1888 1836 1943 adduxit
1861 1887 2097 1943 animam

474 2000 654 2040 .meam
661 2027 674 2040 .

555 2076 608 2133 3.
645 2078 845 2134 Contra
872 2077 1031 2135 verba
1059 2075 1444 2133 detrahentium
1464 2075 1748 2147 sapientia,
1768 2080 1956 2131 contra
1973 2091 2093 2146 per-

479 2167 804 2238 sequentium
815 2166 1026 2239 gladios
1032 2166 1294 2238 patientia
1307 2165 1696 2221 necessaria.—
1709 2163 1762 2220 3.
1787 2164 2000 2232 Quibus
2014 2164 2095 2221 ni-

481 2255 687 2311 mirum
715 2255 900 2312 verbis
927 2255 1120 2312 beatus
1145 2254 1248 2310 Job
1267 2263 1322 2311 et
1340 2271 1438 2311 sua
1458 2262 1664 2323 narrat,
1696 2262 1750 2311 et
1771 2263 1974 2312 sanctas
1993 2257 2096 2314 Ec-

479 2345 659 2402 clesiae
691 2353 936 2419 tempora
972 2345 1188 2402 aﬂlictai
1230 2344 1524 2417 signiﬁcat,
1568 2344 1626 2399 in
1665 2344 1868 2418 quibus
1909 2354 2096 2418 aperta

473 2434 788 2491 inﬁdelium
817 2433 1128 2507 pervicacia
1149 2433 1440 2506 premitur,
1461 2441 1515 2489 et
1535 2433 1934 2506 persecutionis
1949 2451 2093 2491 ama-

467 2525 723 2582 ritudine
758 2525 1129 2597 perturbatur.
1170 2523 1397 2581 Duobus
1425 2541 1662 2598 namque
1698 2524 1878 2582 modis
1906 2525 2091 2582 Eccle-

473 2614 559 2671 sia
587 2615 786 2672 tentari
816 2615 885 2671 ab
912 2615 1244 2671 adversariis
1273 2615 1432 2684 solet,
1462 2623 1524 2672 ut
1553 2614 1814 2672 videlicet
1846 2631 2093 2687 persecu-

475 2701 682 2758 tionem
713 2711 808 2760 aut
835 2703 1021 2760 verbis
1050 2703 1312 2776 patiatur,
1343 2712 1437 2760 aut
1469 2705 1684 2778 gladiis.
1727 2707 1924 2763 Sancta
1957 2723 2088 2762 vero

473 2792 721 2850 Ecclesia
761 2808 1109 2866 summopere
1149 2792 1347 2850 habere
1377 2796 1397 2829 ³
1427 2795 1753 2866 sapientiam
1783 2801 1836 2850 et
1866 2795 2087 2866 patien—

473 2881 607 2938 tiam
639 2883 841 2940 studet.
875 2883 980 2940 Sed
1010 2891 1297 2940 exercetur
1324 2882 1442 2955 ejus
1469 2885 1736 2956 sapientia
1756 2902 1881 2942 cum
1912 2893 2084 2941 tenta-

471 2978 564 3027 tur
591 2973 794 3041 verbis,
825 2981 1114 3030 exercetnr
1141 2973 1259 3044 ejus
1280 2973 1544 3044 patientia
1565 2991 1688 3030 cum
1711 2982 1955 3032 tentatur
1973 2977 2082 3048 gla-

467 3059 594 3118 diis.
651 3062 809 3118 Nunc
870 3077 1000 3117 vero
1055 3061 1122 3118 de
1171 3077 1234 3117 ea
1281 3063 1660 3134 persecutione
1707 3063 1974 3135 loquitur,
2022 3065 2083 3121 in

2208 1888 2590 1960 voluntatem;
2623 1899 2677 1948 et
2696 1891 2842 1948 idem
2871 1892 3129 1965 spriritus
3156 1893 3382 1950 Domini
3407 1908 3502 1966 per
3533 1902 3811 1968 acceptam

2199 1977 2569 2051 justissimam
2585 1991 2930 2056 potestatem.
2950 1985 3095 2040 Bene
3110 2000 3238 2057 ergo
3252 1983 3476 2042 dicitur:
3493 1984 3628 2043 Vivit
3641 1985 3809 2049 Deus,

2203 2071 2296 2142 qui
2309 2071 2528 2128 abstulit
2531 2071 2800 2144 judicium
2817 2092 3011 2141 meum,
3039 2081 3088 2130 et
3105 2075 3440 2148 Omnipotens
3471 2073 3564 2146 qui
3577 2075 3648 2130 ad
3667 2091 3814 2131 ama-

2202 2159 2488 2216 ritudinem
2501 2163 2731 2220 adduxit
2743 2165 2978 2220 animam
2991 2163 3313 2238 meam,quia
3327 2164 3430 2221 etsi
3443 2163 3618 2220 hostis
3631 2163 3813 2232 saevit,

2202 2252 2300 2325 qui
2330 2253 2494 2310 ferire
2522 2256 2753 2328 appetit,
2773 2265 2987 2314 creator
3016 2265 3200 2314 tamen
3243 2265 3326 2313 est
3376 2255 3473 2330 qui
3528 2273 3654 2313 eum
3690 2259 3710 2292 ⁷
3744 2254 3812 2313 ad

2202 2343 2416 2418 aliquid
2446 2347 2742 2419 praevalere
2768 2349 3058 2421 permittit.
3092 2348 3198 2407 Sed
3219 2349 3348 2422 quia
3377 2356 3600 2406 sanctus
3628 2349 3720 2404 vir
3738 2346 3806 2404 ad

2202 2435 2416 2508 aliquid
2445 2437 2670 2495 invocat
2697 2455 2730 2495 a
2757 2439 2856 2496 Dei
2876 2439 2992 2496 vita
3010 2456 3067 2496 se
3087 2440 3447 2509 constrinxit,
3474 2441 3494 2475 ⁸
3513 2438 3810 2496 audiamus

2203 2525 2337 2599 quid
2366 2544 2482 2584 sese
2505 2527 2937 2600 constringendo
2967 2529 3276 2602 subjungit.
3309 2529 3603 2604 Sequitur:

2665 2617 2893 2674 CAPUT
2925 2619 2998 2674 III
3030 2617 3172 2691 meo.
3207 2618 3338 2691 IV].

2273 2704 2443 2762 Vnus.
2476 2705 2564 2761 34.
2607 2736 2679 2747 -
2709 2707 2848 2774 Quia
2885 2707 3044 2761 donec
3071 2713 3304 2778 superest
3329 2707 3529 2761 halitus
3559 2707 3615 2762 in
3643 2725 3747 2774 me,
3767 2714 3816 2763 et

2196 2795 2430 2866 Spiritus
2465 2794 2564 2850 Dei
2594 2795 2649 2850 in
2695 2797 2917 2851 naribus
2950 2797 3098 2862 meis,
3119 2814 3220 2851 non
3241 2797 3522 2866 loquentur
3540 2797 3682 2852 labia
3696 2814 3810 2853 mea

2192 2884 2546 2955 iniquitatem,
2577 2903 2665 2940 nec
2684 2886 2864 2956 lingua
2895 2905 3002 2942 mea
3023 2887 3362 2940 meditabitur
3381 2885 3732 2942 mendacium.

2262 2975 2316 3030 5.
2351 2974 2485 3030 Cum
2505 2993 2656 3030 omne
2685 2977 3013 3030 mendacium
3043 2976 3302 3044 iniquitas
3329 2975 3420 3036 sit,
3477 2989 3542 3026 ne
3587 2974 3806 3044 quidem

2195 3063 2309 3118 licet
2327 3063 2487 3118 vitam
2502 3063 2781 3133 cujuslibet
2794 3064 3063 3117 mendacio
3078 3062 3374 3129 defendere.
3392 3091 3462 3102 —
3477 3061 3634 3129 Quod
3651 3064 3808 3136 prius

465 3165 576 3224 qua
627 3167 741 3206 non
799 3149 1015 3221 gladiis,
1071 3149 1168 3206 sed
1213 3151 1366 3207 falsis
1411 3151 1807 3208 assertionibus
1855 3154 2085 3211 lacessi-
2121 3177 2164 3238 ρ
2193 3153 2569 3226 iniquitatem,
2593 3152 2701 3209 hoc
2733 3151 3085 3224 postmodum
3138 3159 3393 3224 repetens
3449 3153 3804 3212 mendacium

466 3247 578 3296 tur.
610 3239 814 3296 Multos
842 3245 1022 3294 autem
1046 3239 1306 3296 novimus
1332 3241 1428 3312 qui
1457 3258 1588 3298 cum
1617 3241 1677 3297 in
1707 3241 1810 3300 hac
1837 3243 1953 3300 vita
1981 3245 2078 3302 ali-

469 3344 577 3401 qua
603 3327 832 3384 adversa
861 3327 1168 3400 patiuntur,
1192 3329 1368 3384 Deum
1399 3345 1514 3386 esse
1542 3329 1795 3388 credunt.
1817 3333 2090 3410 Nonnulli

468 3433 600 3472 vero
628 3419 803 3472 Deum
831 3433 946 3472 esse
975 3416 1271 3486 aestimant,
1301 3417 1397 3474 sed
1440 3435 1528 3476 res
1557 3419 1827 3478 humanas
1857 3422 2088 3486 minime

465 3524 677 3567 curare.
707 3508 784 3563 De
815 3506 929 3564 illis
956 3509 1156 3580 quippe
1187 3523 1284 3579 per
1310 3509 1489 3565 David
1517 3509 1759 3567 dicitur:
1791 3511 2091 3568 Dixitinsi-

461 3599 612 3670 piens
638 3599 695 3652 in
723 3597 878 3653 corde
905 3614 1022 3663 suo,
1057 3598 1177 3654 Non
1205 3603 1279 3652 est
1303 3597 1448 3653 Deus
1487 3599 1661 3671 (Psal.
1693 3617 1818 3669 xm,
1858 3601 1936 3675 1).
1989 3596 2089 3657 Isti

467 3710 596 3751 vero
629 3697 647 3730 ⁵
677 3693 822 3767 apud
849 3711 977 3752 eum
1007 3693 1230 3752 dicunt:
1282 3693 1428 3751 558
1474 3697 1744 3764 Quomodo
1777 3699 1875 3753 scit
1912 3699 2078 3762 Deus,

463 3790 512 3839 et
538 3785 584 3838 si
611 3791 686 3840 est
711 3786 928 3840 scientia
955 3786 1014 3840 in
1042 3787 1240 3842 excelso
1274 3786 1447 3858 (Psal.
1481 3802 1660 3854 Lxxu,
1694 3787 1782 3858 11)
1805 3786 1832 3841 ?
1862 3788 1933 3841 Et
1960 3802 2078 3841 rur-

462 3891 590 3930 sus:
640 3875 715 3930 Et
741 3874 1015 3941 dixerunt,
1045 3893 1152 3931 non
1180 3875 1372 3930 videbit
1400 3875 1684 3939 Dominus,
1713 3891 1803 3928 nec
1827 3874 2079 3944 intelliget

461 3964 600 4020 Deus
644 3963 804 4020 Jacob
845 3964 1018 4037 (Psal.
1064 3981 1222 4032 xcm,
1275 3964 1354 4036 7).
1400 3963 1504 4021 Vir
1548 3979 1677 4036 ergo
1725 3963 1828 4020 iste
1875 3970 2076 4020 sanctis

457 4054 717 4110 Ecclesiae
743 4061 939 4126 typum
970 4062 1185 4126 gestans
1213 4053 1271 4109 in
1301 4052 1420 4125 ipsa
1445 4052 1764 4112 aﬂlictionis
1787 4071 1898 4110 sum
1915 4070 2077 4110 ama-

457 4140 702 4197 ritudine
730 4143 1084 4208 constitutus,
1114 4149 1307 4198 contra
1325 4150 1586 4216 utrosque
1606 4143 1909 4215 respondit.
1933 4144 2073 4200 Nam

457 4230 587 4304 quia
615 4228 908 4285 essentiam
936 4229 1054 4285 vita
1083 4229 1266 4298 habet,
1298 4246 1446 4287 mors
1474 4249 1585 4288 non
1608 4233 1795 4302 habet,
1820 4241 1882 4289 ut
1897 4235 2069 4290 Deum

457 4333 572 4373 esse
600 4317 883 4386 fateretur,
913 4317 1021 4373 ait:
1067 4317 1202 4375 Vivit
1229 4318 1392 4373 Deus.
1427 4319 1497 4374 Ut
1527 4336 1658 4376 vero
1686 4336 1812 4377 eum
1842 4339 1928 4378 res
1956 4323 2074 4379 hu-

459 4421 648 4461 manas
675 4420 865 4462 curare
893 4391 1491 4477 perhiberet,subdidit
1515 4425 1527 4463 :
1560 4407 1664 4476 Qui
1689 4409 1910 4465 abstulit
1919 4410 1950 4480 j
1957 4412 2070 4465 udi-

455 4493 592 4548 cium
645 4511 836 4559 meum,
881 4499 929 4548 et
967 4494 1040 4548 ad
1085 4494 1494 4550 amaritudinem
1548 4496 1778 4552 adduxit
1834 4500 2068 4554 animam

453 4599 640 4638 meam.
672 4583 781 4638 Ista
808 4583 1009 4638 etenim
1042 4599 1164 4656 quae
1192 4583 1420 4656 patitur,
1450 4600 1563 4641 non
1593 4602 1724 4642 casu
1749 4602 1804 4643 se
1834 4589 2065 4661 perpeti,

453 4671 549 4728 sed
576 4673 690 4727 Deo
718 4671 905 4727 omnia
923 4670 1247 4744 disponente
1266 4679 1528 4742 testatur;
1561 4691 1664 4732 nec
1690 4678 1950 4734 tentatori
1965 4694 2067 4734 suo

528 4835 543 4868 ¹
571 4834 797 4890 Nullum
830 4835 1089 4891 novimus
1117 4852 1381 4907 organum
1417 4837 1687 4895 musicum
1711 4838 1786 4896 ita
1806 4857 1953 4898 nunc
1971 4850 2066 4899 aut

453 4904 585 4985 olim
617 4907 971 4985 appellatum.
1016 4904 1214 4979 Aliqua
1244 4915 1438 4985 tamen
1479 4909 1560 4985 sic
1607 4908 1754 4985 dicta
1793 4913 2063 4985 conjicere

451 4975 830 5060 licetpropter
858 4979 1088 5060 ﬁguram
1111 4975 1478 5050 parabolicam
1504 4981 1648 5037 linea
1676 4975 1942 5041 nimirum
1974 5002 2062 5058 pa-

452 5049 694 5107 rabolica
712 5049 1078 5107 descriptam.

522 5121 799 5196 ’_Becent.
833 5121 963 5196 Ed.,
993 5140 1059 5177 ex
1087 5129 1253 5191 textu,
1283 5123 1784 5196 abiantiquioribus
1825 5128 2062 5185 Excusis

450 5197 504 5246 et
548 5193 677 5249 Mss.
727 5193 1058 5270 recedentes.
1120 5193 1542 5270 G_erm.__ha_bef,
1591 5213 1712 5269 ergo
1741 5201 2063 5270 parabolam

449 5279 556 5320 ecce
587 5271 736 5319 textu
749 5265 864 5337 ipso
895 5269 1132 5337 loquente
1147 5267 1267 5337 jam
1295 5267 1562 5323 discimus.

521 5282 556 5318 :e
587 5282 736 5319 textu
749 5282 864 5390 ΖΜΟ
895 5282 1132 5337 loquente
1147 5285 1267 5337 3am
1295 5282 1562 5323 discimus.

521 5337 543 5370 ³
573 5337 606 5392 2
637 5337 751 5391 Lau
798 5379 835 5404 .,
865 5339 1178 5408 sapientiam
1205 5346 1253 5394 et
1280 5338 1550 5394 scientiam
1579 5341 1766 5398 studet.

521 5408 542 5441 ‘
574 5408 847 5488 Fortasse,
877 5410 1022 5488 apud
1041 5411 1401 5488 Psalmistam.
1420 5411 1680 5488 In_Editis
1699 5413 1900 5488 legitur
1917 5415 2064 5488 apud

445 5494 539 5556 ἔκ
583 5478 677 5534 sed
708 5478 998 5556 legendum
1027 5483 1185 5556 apud“
1200 5499 1315 5536 eum
1343 5499 1413 5538 ex
1444 5483 1575 5540 Mss.
1604 5478 1821 5553 Norm.,
1859 5478 2060 5556 Laud.,

446 5499 499 5532 88
518 5499 539 5542 ,'
583 5499 677 5534 seu
709 5499 998 5551 legendum
1027 5499 1061 5535 a
1101 5499 1173 5537 ua
1200 5499 1315 5536 eum
1343 5499 1413 5538 ex
1444 5499 1496 5540 Μ

446 5548 681 5624 Tui-on”
713 5550 926 5624 Germ.,
951 5499 1114 5610 Corﬁ.
1148 5554 1361 5624 Germ.,
1393 5560 1499 5612 etc.

468 5663 471 5666 -
516 5618 539 5656 ⁵
575 5624 600 5677 1
633 5621 834 5693 Laud.,
860 5618 1047 5681 irruit.

451 5693 832 5820 Μῖᾷξηᾶοοη
860 5694 1008 5765 iusta
1033 5715 1070 5754 a
1101 5697 1330 5754 Domino
1367 5704 1418 5754 et
1457 5700 1517 5755 in
1559 5699 1772 5758 diabolo
1813 5701 2060 5758 voluntas

445 5781 640 5833 tngusm
650 5810 662 5822 .

2197 3244 2354 3301 dicit.
2382 3246 2520 3301 Nam
2541 3252 2595 3300 et
2623 3260 2790 3300 omne
2819 3242 3172 3300 mendacium
3191 3243 3454 3316 iniquitas
3483 3253 3585 3315 est,
3616 3254 3672 3303 et
3688 3265 3805 3304 om-

2198 3333 2288 3390 nis
2315 3333 2581 3407 iniquitas
2600 3333 2974 3401 mendacium,
2998 3332 3126 3406 quia
3148 3334 3390 3405 profecto
3410 3337 3430 3370 9
3452 3334 3521 3390 ab
3541 3337 3804 3410 aequitate

2199 3425 2470 3496 discrepat
2486 3422 2758 3496 quidquid
2777 3439 2809 3478 a
2826 3423 3054 3478 veritate
3075 3421 3369 3479 discordat.
3394 3423 3498 3479 Sed
3527 3422 3675 3480 inter
3696 3425 3805 3482 hoc

2199 3513 2346 3588 quod
2373 3513 2472 3581 ait,
2504 3513 2680 3586 loqui,
2711 3520 2764 3569 et
2781 3511 3129 3585 postmodum
3150 3512 3360 3583 subdit,
3383 3512 3669 3584 meditari,
3689 3530 3802 3570 ma-

2199 3622 2302 3676 gna
2335 3603 2597 3660 distantia
2623 3611 2723 3660 est.
2748 3604 3155 3676 Nonnunquam
3187 3602 3335 3658 enim
3357 3602 3512 3676 pejus
3531 3610 3614 3658 est
3646 3620 3801 3660 men-

2189 3693 2409 3749 dacium
2439 3691 2714 3761 meditari,
2747 3707 2912 3766 quam
2933 3691 3104 3765 loqui.
3125 3692 3261 3748 Nam
3284 3690 3437 3764 loqui
3469 3693 3800 3766 plerumque

2189 3782 2638 3856 praecipitationis
2657 3789 2759 3851 est,
2779 3781 3035 3837 meditari
3057 3798 3190 3838 vero
3205 3781 3464 3838 studiosae
3481 3781 3796 3854 pravitatis.

2187 3873 2258 3927 Et
2278 3871 2400 3944 quis
2420 3872 2634 3943 ignoret
2650 3872 2708 3927 in
2731 3879 2937 3944 quanta
2958 3871 3223 3927 distantia
3241 3872 3403 3944 culpa
3427 3870 3800 3944 distinguitur

2191 3960 2236 3994 ¹⁰
2253 3967 2438 4019 utrum
2462 3960 2896 4033 praecipitatione
2913 3960 3134 4033 aliquis,
3165 3976 3234 4016 an
3255 3959 3440 4017 studio
3463 3962 3799 4020 mentiatur?

2185 4047 2290 4103 Sed
2319 4047 2407 4104 vir
2447 4057 2690 4118 sanctus,
2721 4058 2782 4106 ut
2811 4050 3049 4122 perfecte
3091 4049 3367 4105 adhaereat
3396 4049 3642 4119 veritati,
3688 4066 3793 4106 nec

2183 4138 2366 4194 studio
2395 4155 2451 4194 se
2479 4139 2752 4212 perbibet,
2780 4155 2881 4194 nec
2909 4137 3345 4211 praacipitatione
3367 4138 3610 4195 mentiri.
3632 4139 3793 4197 Sum-

2185 4245 2403 4300 mopere
2431 4230 2584 4286 enim
2614 4229 2924 4288 cavendum
2945 4237 3027 4285 est
3047 4245 3214 4286 omne
3235 4227 3609 4298 mendacium,
3642 4234 3792 4293 559

2181 4326 2434 4398 quamvis
2491 4343 2891 4400 nonnunquam
2924 4326 3000 4386 sit
3027 4325 3255 4400 aliquod
3284 4325 3558 4383 mendacii
3614 4343 3796 4400 genus

2179 4414 2353 4486 culpae
2384 4413 2630 4483 levioris,
2663 4415 2710 4472 si
2741 4416 3036 4488 quisquam
3069 4418 3110 4452 ¹¹
3147 4414 3458 4488 praestando
3497 4415 3790 4472 mentitur.

2179 4505 2284 4561 Sed
2313 4506 2442 4578 quia
2463 4506 2730 4578 scriptum
2752 4515 2852 4563 est:
2889 4508 2958 4564 0s
2985 4507 3127 4579 quod
3145 4507 3418 4572 mentitur,
3441 4507 3632 4562 occidit
3674 4507 3793 4562 ani-

2176 4613 2317 4651 mam
2351 4595 2501 4668 (Sap.
2537 4612 2577 4664 Ι,
2612 4597 2726 4668 11).
2761 4597 2869 4651 Et:
2906 4598 2922 4631 ¹
2955 4596 3151 4652 Perdes
3179 4613 3355 4651 omnes
3373 4594 3468 4666 qui
3497 4596 3794 4666 loquuntur

2175 4685 2502 4740 mendacium
2535 4685 2712 4758 (Psal.
2744 4702 2802 4754 v,
2829 4685 2903 4758 7),
2936 4683 3043 4742 hoc
3057 4701 3276 4759 quoque
3308 4687 3352 4721 ¹³
3393 4683 3671 4741 mendacii
3703 4701 3791 4757 ge-

2246 4851 2266 4884 ⁷
2312 4850 2336 4904 1
2369 4847 2567 4918 Laud.,
2598 4849 2803 4919 aliquot
2827 4849 3138 4919 prtevalere.

2248 4923 2268 4955 ⁸
2308 4919 2474 4976 Norm
2487 4964 2496 4975 .
2509 4964 2522 4989 ,
2558 4920 2849 4975 videamus.

2246 4994 2267 5027 9
2307 4991 2567 5060 Vindoc.,
2597 4993 2662 5046 ab
2692 4992 2970 5062 iniquitate
2998 5007 3103 5044 non
3132 4991 3415 5063 discrepat.

2250 5065 2295 5097 ¹⁰
2334 5065 2358 5118 1
2393 5063 2592 5130 Laud.,
2625 5070 2809 5118 utrum
2839 5063 3188 5118 distinctione.

2249 5136 2290 5168 ¹¹
2318 5133 2468 5189 Editi
2500 5151 2712 5202 omnes,
2743 5135 2902 5188 vitam
2926 5135 3252 5204 praestando.
3275 5134 3512 5190 Atdeest
3532 5134 3700 5190 vitam
3724 5131 3782 5191 in

2171 5207 2300 5263 Mss.
2336 5203 2499 5261 Corb.
2524 5206 2733 5272 Germ.,
2766 5203 2996 5272 Turon.,
3029 5205 3537 5274 Laudun.,Germ.,
3558 5208 3781 5275 Norm.,

2170 5285 2302 5349 etc.,
2334 5276 2518 5349 itaque
2549 5275 2639 5332 hic
2681 5285 2939 5349 prmstare
2967 5276 3243 5347 signiﬁcat
3285 5277 3624 5334 benefacere.
3691 5279 3784 5335 Sic

2171 5347 2336 5422 etiam
2366 5347 2606 5422 sumitur
2623 5347 2768 5420 apud
2825 5349 3119 5422 Isidorum,
3180 5349 3432 5422 Gregorii
3467 5350 3602 5422 fere
3649 5365 3781 5422 syn-

2170 5418 2464 5488 chronum,
2497 5418 2944 5494 in__Synonymis,
2975 5437 3024 5494 c.
3061 5421 3146 5487 10,
3209 5420 3276 5476 de
3297 5418 3634 5488 'mendacio,
3682 5418 3782 5476 nec

2170 5507 2294 5564 casu
2326 5509 2414 5564 nec
2443 5492 2615 5564 studio
2651 5492 2889 5564 loquaris
2915 5492 3141 5564 falsum,
3175 5508 3266 5546 nec
3293 5498 3354 5546 ut
3374 5499 3593 5564 praestes
3619 5508 3782 5564 mett-

2171 5563 2267 5617 tiri
2293 5563 2522 5620 studeas.
2555 5563 2646 5621 Sic
2665 5561 2948 5638 profectu’r
2975 5561 3072 5620 hic
3103 5563 3256 5621 locus
3285 5561 3432 5632 6.22,
3451 5579 3506 5637 q.
3529 5564 3585 5632 2,
3606 5579 3658 5619 c.
3687 5562 3776 5631 l6,

2170 5651 2322 5690 omne
2347 5652 2528 5708 genus.

2245 5708 2292 5742 ¹²
2320 5709 2443 5764 Duo
2473 5707 2672 5776 Laud.,
2700 5707 2890 5778 perdes
2909 5725 3013 5763 eos.

2244 5780 2290 5814 ’³
2328 5779 2545 5848 Norm.,
2575 5779 2922 5834 mendacium.
