3946 6366
130 341 191 398 41
868 349 1242 406 MOBALIUM
1278 350 1414 409 LIB.
1457 351 1659 410 XVIII.
1699 379 1772 396 —
1809 353 1880 411 IN
1918 356 2149 416 CAPUT
2187 361 2399 420 XXVII
2437 364 2500 420 Β.
2542 366 2684 422 JOB.
3364 374 3434 432 42

125 484 223 560 nus
237 466 465 560 perfecti
496 468 605 525 viri
621 456 967 544 summopere
993 473 1235 545 fugiunt,
1258 483 1321 531 ut
1353 493 1454 533 nec
1482 478 1597 534 vita
1621 495 1714 536 cu-
1740 477 1794 539 A
1823 497 1976 552 XLVI,
2005 502 2048 540 ο.
2081 487 2139 557 2)
2172 487 2268 560 qui
2288 488 2421 544 dum
2444 491 2586 546 male
2602 491 2745 547 facta
2771 492 3059 552 hominum
3080 498 3339 557 laudibus
3354 501 3435 558 ef-

120 554 335 627 juslibet
369 574 467 629 per
495 576 686 617 eorum
735 562 1011 619 fallaciam
1046 562 1394 634 defendatur,
1431 568 1447 601 ¹
1491 584 1558 623 ne
1602 586 1714 626 suae

122 649 306 705 animae
342 660 602 720 noceant,
621 652 753 708 dum
784 662 1042 726 praestare
1074 654 1246 710 vitam
1273 656 1426 713 carni
1456 657 1716 715 nituntur

120 738 298 794 aliena:
328 757 341 807 ;
372 755 688 813 quanquam
719 741 827 799 hoc
854 742 1034 814 ipsum
1070 745 1278 816 peccati
1306 763 1477 818 genus
1502 746 1715 803 facilli-

119 845 199 885 me
222 829 501 887 credimus
534 833 792 889 relaxari.
822 834 960 890 Nam
991 834 1036 891 si
1060 835 1319 907 quaelibet
1342 839 1504 910 culpa
1523 839 1709 911 (22,q.

117 916 166 983 2,
193 932 235 971 c.
270 916 387 990 20),
435 921 689 992 sequenti
738 921 878 978 solet
922 923 1014 995 pia
1062 924 1381 995 operatione
1434 926 1702 999 purgari;

116 1014 309 1077 quanto
340 1007 518 1080 magis
547 1008 664 1065 haec
711 1009 873 1067 facile
920 1011 1274 1084 abstergitur,
1325 1030 1489 1086 quam
1540 1024 1714 1072 mater

112 1094 232 1151 boni
259 1096 439 1168 operis
473 1098 649 1169 pietas
676 1099 796 1171 ipsa
822 1100 1120 1157 comitatur
1150 1103 1178 1159 ?

175 1183 226 1239 6.
257 1186 622 1257 Respondetur
650 1187 929 1257 objectioni
957 1207 1022 1245 ex
1054 1192 1388 1247 obstetricum
1419 1195 1710 1266 Egyptia-

112 1291 221 1329 rum
246 1276 517 1332 mendacio
534 1278 1076 1348 peltae—Nonnulli
1098 1298 1230 1339 vero
1250 1300 1319 1338 ex
1348 1283 1707 1341 obstetricum

110 1362 314 1422 fallacia
342 1375 620 1423 conantur
649 1384 886 1424 asserere
932 1369 1039 1427 hoc
1087 1372 1361 1428 mendacii
1389 1389 1559 1445 genus
1596 1390 1707 1431 non

106 1469 212 1509 esse
239 1463 554 1526 peccatum,
571 1458 813 1514 maxime
829 1459 977 1531 quod
999 1460 1111 1516 illis
1136 1462 1532 1519 mentientibus
1560 1462 1708 1519 scri-

105 1550 250 1613 ptum
272 1553 354 1600 est
377 1563 390 1601 :
423 1547 565 1613 Quia
583 1547 865 1618 (ediﬁcavit
884 1549 995 1604 illis
1019 1550 1278 1605 Dominus
1298 1552 1478 1607 dantes
1492 1552 1704 1621 (Exod.

103 1649 140 1699 ι,
187 1633 302 1705 21).
336 1636 401 1690 In
431 1652 543 1707 qua
579 1637 753 1709 magis
795 1640 1307 1711 recompensatione
1355 1644 1708 1715 cognoscitur

102 1721 228 1792 quid
259 1723 537 1780 mendacii
568 1727 729 1798 culpa
749 1736 1043 1785 mereatur.
1061 1731 1199 1786 Nam
1224 1731 1587 1803 benignitatis
1606 1749 1708 1789 ea—

1822 571 2033 643 ferunt,
2062 585 2266 647 augent
2294 594 2416 652 quae
2446 579 2726 653 increpare
2756 581 3089 641 debuerunt.
3108 588 3252 647 Hinc
3278 590 3427 649 enim

1823 678 1920 733 per
1956 665 2280 739 prophetam
2301 667 2536 726 dicitur:
2577 670 2664 729 Va:
2681 670 2776 742 qui
2789 680 3048 730 consuunt
3061 676 3319 746 pulvillos
3337 680 3433 738 sub

1822 755 1967 809 omni
1996 754 2166 813 cubito
2182 774 2397 825 manus,
2417 765 2466 814 et
2478 758 2689 830 faciunt
2703 761 2986 819 cervicalia
3003 762 3099 820 sub
3128 765 3297 838 capite
3314 770 3433 825 uni-

1824 860 1985 900 versae
2003 847 2174 902 (etatis
2198 848 2422 917 (Ezech.
2451 865 2577 919 xm,
2598 848 2710 923 i8).
2741 850 2829 907 Ad
2853 852 2961 912 hoc
2989 853 3192 929 quippe
3216 856 3434 929 pulvil-

1822 933 1909 989 lns
1957 939 2102 998 560
2151 937 2398 1009 ponitur,
2436 946 2498 995 ut
2542 938 2766 997 mollius
2800 941 3135 1015 quiescatur.
3169 945 3435 1021 Quisquis

1820 1047 1947 1104 ergo
1978 1033 2118 1091 male
2146 1036 2436 1108 agentibus
2464 1036 2742 1109 adulatur,
2788 1039 3066 1115 puvillum
3096 1042 3201 1100 sub
3229 1044 3429 1118 capite,

1821 1122 1909 1176 vel
1939 1123 2129 1179 cubito
2152 1123 2389 1196 jacentis
2412 1126 2593 1199 ponit,
2624 1136 2685 1184 ut
2707 1128 2801 1201 qui
2819 1130 3023 1203 corripi
3046 1147 3115 1187 ex
3143 1133 3305 1204 culpa
3324 1132 3432 1189 de-

1818 1209 2034 1279 buerat,
2069 1213 2123 1268 in
2156 1229 2218 1269 ea
2249 1215 2421 1271 fultus
2443 1216 2701 1274 laudibus
2730 1218 2976 1275 molliter
2990 1220 3255 1292 quiescat.
3287 1222 3430 1279 Hinc

1819 1314 2037 1356 rursum
2060 1303 2326 1375 scriptum
2357 1311 2456 1360 est:
2480 1308 2597 1376 Ipse
2626 1306 2919 1379 (ediﬁcabat
2931 1309 3211 1379 parietem,
3231 1310 3427 1367 illiau-

1820 1394 1923 1444 tem
1954 1391 2203 1447 liniebant
2230 1411 2346 1448 eum
2364 1394 2552 1465 (Ibid.,
2576 1412 2700 1464 xm,
2724 1396 2836 1467 10).
2861 1396 3090 1454 Parietis
3108 1399 3310 1473 quippe
3332 1418 3425 1457 no-

1818 1477 1967 1534 mine
1996 1481 2204 1551 peccati
2234 1482 2442 1540 duritia
2469 1483 2807 1556 designatur.
2837 1485 3134 1544 Ediﬁcare
3162 1504 3291 1561 ergo
3320 1505 3426 1562 pa-

1816 1566 2009 1623 rietem
2039 1577 2120 1624 est
2140 1578 2334 1627 contra
2353 1588 2409 1627 se
2436 1573 2752 1645 quempiam
2777 1573 3059 1631 obstacula
3075 1576 3281 1648 peccati
3296 1594 3422 1634 cono

1815 1665 2047 1714 struere.
2071 1659 2176 1715 Sed
2197 1660 2461 1731 parietem
2480 1661 2824 1733 liniunt,qui
2853 1671 3074 1733 peccata
3102 1673 3422 1735 perpetran-

1814 1746 1964 1803 tibus
1989 1748 2307 1818 adulantur,
2339 1758 2401 1805 ut
2428 1749 2581 1823 quod
2614 1749 2698 1805 illi
2730 1766 2985 1822 perverse
3011 1759 3232 1823 agentes
3254 1753 3422 1812 aediﬁ-

105 1825 218 1912 ξι¹¹¹¹
250 1828 482 1912 “fret-33;
516 1831 635 1912 qui}?
664 1816 743 1871 eis
771 1817 832 1872 in
862 1826 1067 1912 aeterna
1096 1820 1276 1891 Ροίυίῑ
1304 1820 1422 1876 νίῐᾶ
1450 1822 1704 1892 Γθιτῑδυί,
1738 1845 1785 1906 Β
1814 1845 1961 1905 cant,
1982 1836 2086 1910 ipsi
2117 1816 2407 1894 adulantes
2439 1816 2592 1912 quasi
2624 1816 2866 1895 nitidum
2897 1816 3274 1899 reddant.Sed
3302 1859 3422 1900 san-

104 1898 125 1932 ²
146 1915 242 1970 pro
269 1901 508 1959 admista
528 1905 690 1977 culpa
716 1906 1013 1975 mendacii,
1032 1908 1090 1963 in
1107 1917 1379 1965 terrenam
1400 1917 1481 1966 est
1500 1926 1707 1968 recom-

101 1991 475 2059 pensationem
492 1993 786 2063 declinata,
807 2003 870 2051 ut
884 1996 943 2052 in
958 1998 1073 2053 vita
1086 2015 1187 2055 sua
1205 2015 1369 2072 quam
1388 2000 1705 2059 mentiendo

99 2078 235 2133 tueri
265 2082 567 2138 voluerunt
590 2099 652 2139 ea
681 2101 799 2157 qua
830 2085 1081 2142 fecerunt
1096 2086 1241 2143 bona
1269 2088 1629 2161 reciperent,8
1651 2100 1704 2148 et

99 2166 331 2226 ulterius
361 2171 511 2243 quod
541 2182 925 2245 exspectarent
967 2176 1238 2234 mercedis
1272 2195 1384 2234 suae
1414 2179 1700 2251 praemium

97 2278 203 2316 non
227 2261 514 2321 haberent.
538 2266 676 2322 Nam
715 2266 762 2322 si
790 2267 1071 2324 subtiliter
1098 2270 1492 2343 perpendatur,
1516 2287 1702 2328 amore

97 2350 220 2406 vitae
250 2353 540 2425 praesentis
566 2355 811 2412 mentitae
840 2366 991 2426 sunt,
1038 2375 1150 2416 non
1195 2360 1504 2417 intentione
1546 2377 1702 2417 mer-

96 2441 260 2497 cedis.
295 2442 584 2500 Parcendo
611 2444 813 2517 quippe
861 2456 1071 2504 conatze
1115 2458 1245 2505 sunt
1274 2450 1575 2506 infantium
1604 2451 1700 2506 vi-

94 2536 200 2585 tam
229 2538 414 2603 tegere
450 2550 464 2600 ;
494 2533 835 2603 mentiendo,
867 2552 1042 2593 suam.

160 2620 209 2674 7.
242 2622 312 2676 In
340 2628 439 2676 vet.
476 2628 587 2677 test.
620 2625 950 2680 mendacium
982 2626 1147 2682 levior
1174 2634 1289 2683 erat
1316 2631 1496 2701 culpa,
1539 2647 1699 2700 quam

92 2706 325 2766 inuoco.
359 2713 527 2767 —Et
555 2712 685 2768 licet
733 2713 791 2769 in
838 2723 1167 2771 testamento
1211 2718 1381 2773 veteri
1428 2720 1700 2775 nonnulla

88 2798 303 2865 possint
332 2800 468 2854 talia
493 2800 748 2871 reperiri,
776 2819 913 2873 pene
942 2820 1227 2876 nunquam
1257 2813 1441 2862 tamen
1473 2806 1580 2862 hoc
1608 2809 1695 2863 vel

90 2885 191 2940 tale
224 2903 406 2956 genus
433 2889 711 2945 mendacii
742 2907 774 2945 a
801 2892 1059 2961 perfectis
1086 2893 1389 2949 admissum
1418 2895 1700 2950 studiosus

89 2971 161 3028 ibi
189 2973 374 3029 lector
426 2975 697 3043 inveniet,
740 2978 993 3049 quamvis
1023 2979 1371 3035 mendacium
1403 2979 1697 3052 quamdam

88 3068 269 3117 tenere
318 3061 575 3117 veritatis
626 3060 925 3134 imaginem
974 3065 1250 3133 videatur,
1290 3074 1343 3121 et
1380 3067 1484 3122 sub
1525 3068 1697 3123 veteri

88 3147 316 3207 forsitan
362 3157 695 3207 testamento
743 3150 977 3206 minoris
1006 3152 1182 3224 culpae
1222 3169 1338 3209 esse
1386 3155 1589 3226 potuit,
1638 3155 1696 3210 in

88 3255 191 3311 quo
214 3258 315 3313 per
343 3248 630 3298 taurorum
647 3240 1043 3315 hircorumque
1071 3242 1329 3299 victimas
1357 3244 1690 3301 sacriﬁcium

86 3345 192 3385 non
220 3330 333 3387 fuit
368 3332 487 3405 ipsa
517 3332 741 3400 veritas,
774 3332 872 3388 sed
898 3332 1096 3389 umbra
1137 3334 1410 3393 veritatis.
1461 3336 1600 3391 Nam
1634 3335 1691 3391 in

88 3425 412 3477 testamento
438 3439 585 3479 novo
610 3422 898 3494 praeceptis
921 3422 1211 3479 altioribus
1230 3424 1578 3481 manifestata
1597 3441 1693 3497 per

84 3527 303 3567 carnem
329 3513 581 3569 Veritate
602 3512 924 3585 proﬁcimus
950 3530 963 3580 ;
989 3512 1311 3587 justumque
1343 3522 1425 3571 est
1457 3524 1518 3571 ut
1547 3516 1691 3572 facta

82 3601 330 3671 quasdam
354 3619 476 3674 qua:
500 3603 557 3658 in
576 3602 674 3658 illo
687 3602 1111 3674 populoumbrze
1140 3603 1391 3660 veritatis
1420 3604 1689 3660 deservie-

83 3698 202 3745 rant
243 3692 588 3749 deseramus.
622 3692 761 3766 [νει.
804 3692 942 3766 ΙΙΙ.]
989 3693 1044 3749 Si
1078 3694 1200 3766 quis
1230 3710 1361 3749 vero
1390 3712 1487 3767 per
1514 3702 1690 3752 testa-

82 3788 330 3837 mentum
361 3790 524 3837 vetus
544 3782 666 3838 vult
689 3798 851 3839 suum
880 3782 1022 3837 tueri
1042 3782 1393 3838 mendacium
1418 3784 1533 3856 (22,
1559 3801 1612 3855 q.
1630 3786 1686 3853 2,

80 3884 121 3921 c.
157 3870 272 3943 19),
305 3869 443 3943 quia
459 3869 777 3925 minusillic
806 3867 1132 3942 quibusdam
1163 3870 1392 3926 fortasse
1415 3873 1685 3941 nocuerit,

80 3954 217 4013 dicat
249 3975 480 4015 necesse
518 3965 601 4014 est
639 3974 821 4014 rerum
846 3958 1149 4014 alienarum
1180 3967 1420 4031 raptum,
1453 3968 1507 4015 et
1531 3962 1685 4017 retri-

79 4043 370 4105 hutionem
408 4047 647 4119 injuriae,
677 4064 797 4121 qua}
834 4048 1073 4105 infirmis
1100 4049 1219 4107 illic
1249 4066 1506 4127 concessa
1533 4060 1683 4121 sunt,

81 4135 177 4191 sibi
218 4154 428 4194 nocere
459 4154 573 4194 non
603 4154 781 4209 posse.
826 4139 958 4207 Quae
1006 4139 1193 4195 omnia
1243 4140 1458 4196 cunctis
1512 4140 1686 4213 liquet

80 4233 278 4295 quanta
309 4227 793 4284 animadversione
824 4227 1041 4285 Veritas
1066 4228 1404 4301 insequitur,
1438 4245 1559 4302 qum
1590 4246 1684 4285 no-

77 4312 176 4383 bis,
201 4315 318 4387 jam
342 4316 767 4388 signiﬁcationis
782 4334 893 4373 sum
914 4317 1109 4373 umbra
1127 4318 1450 4390 postposita,
1470 4318 1527 4373 in
1556 4334 1686 4376 vera

78 4417 231 4459 carne.
255 4404 589 4461 declaratur.
624 4405 728 4462 Sed
762 4406 892 4479 quia
928 4415 1151 4464 sanctus
1184 4407 1269 4462 vir
1300 4423 1401 4463 nec
1432 4408 1581 4480 loqui
1603 4424 1681 4478 se,

79 4507 171 4549 nec
200 4494 467 4571 meditari
494 4494 845 4551 mendacium
878 4495 1131 4568 spondet,
1162 4496 1281 4552 haec
1309 4495 1429 4569 ipsa
1458 4496 1517 4552 in
1548 4498 1683 4571 qui-

78 4578 175 4638 bus
203 4569 428 4639 veritati
457 4584 714 4656 congruit
753 4587 775 4620 ⁴
802 4585 1154 4657 exsequendo
1175 4584 1462 4657 subjungit
1494 4603 1506 4642 :

699 4710 930 4767 CAPUT
957 4711 1052 4768 IV.

144 4815 315 4872 Vnus.
340 4817 395 4873 5.
411 4815 629 4872 —Absit
653 4834 686 4870 a
715 4833 796 4871 me
815 4823 874 4871 ut
880 4815 908 4887 j
916 4823 1055 4871 ustas
1074 4832 1165 4871 vos
1192 4834 1298 4872 esse
1315 4816 1571 4885 judicem,
1593 4818 1684 4873 do-

82 4922 160 4958 nec
185 4905 447 4978 deficiam,
478 4923 584 4960 non
615 4906 852 4961 recedam
879 4906 944 4960 ab
976 4906 1273 4962 innocentia
1300 4924 1434 4963 mea.

144 4996 196 5051 8.
225 4997 597 5052 Peccatoribus
623 4996 845 5051 adulari
864 5013 1025 5066 quam
1041 4998 1284 5053 noxium.
1315 4998 1487 5053 —Ab
1521 4998 1676 5054 inno-

78 5085 248 5141 centia
276 5087 483 5159 quippe
509 5086 809 5153 recederet,
842 5085 887 5141 si
918 5085 1061 5141 bona
1077 5086 1145 5141 de
1168 5086 1328 5142 malis
1355 5086 1673 5157 aestimaret,

78 5173 365 5233 Salomone
386 5184 698 5245 attestante,
731 5176 828 5249 qui
852 5176 931 5231 ait
964 5194 976 5232 :
1012 5177 1115 5245 Qui
1136 5176 1401 5249 justiﬁeat
1427 5176 1672 5248 impium,

78 5268 121 5315 et
146 5264 239 5334 qui
257 5265 568 5321 condemnat
584 5265 815 5335 justum,
836 5271 1052 5336 uterque
1069 5265 1444 5321 abominabilis
1463 5273 1537 5321 est
1550 5273 1673 5323 ante

79 5351 239 5407 Deum
264 5353 455 5425 (Prov.
496 5370 641 5421 xvn,
666 5354 954 5427 l5).-Sunt
972 5370 1208 5428 namque
1228 5355 1485 5411 nonnulli
1504 5354 1669 5427 (Dist.

147 5535 159 5568 ¹
192 5535 426 5608 Norm.,
454 5534 528 5592 Ne
554 5552 662 5603 sua:
686 5536 806 5591 vitm
832 5542 1072 5603 noceant,
1102 5536 1228 5591 dum
1251 5535 1676 5608 prcesuzrecarni

82 5606 319 5662 nituntur
348 5606 552 5662 alienae.
603 5608 814 5673 Germ.,
840 5626 904 5663 ne
929 5626 1039 5664 suae
1065 5606 1265 5664 animai
1282 5614 1520 5673 noceant,
1550 5607 1675 5662 dum

78 5677 323 5744 praedari
352 5678 506 5732 carni
531 5677 780 5733 nituntur
805 5680 1013 5737 alienae.

144 5750 164 5782 ³
193 5750 275 5806 Ita
339 5749 553 5818 Germ.,
601 5750 879 5820 Lauduu.,
921 5752 1210 5821 Norman.,
1244 5752 1478 5820 Turon.,
1508 5750 1671 5809 Corb.

82 5821 144 5874 At
165 5820 343 5891 Editi,
366 5837 472 5894 pro
499 5822 753 5879 admissa.

287 5920 531 5978 l’arnou.
575 5920 823 5977 LXXVI.

1815 1934 1937 1983 ctus
1967 1926 2056 1981 vir
2079 1927 2223 1984 sicut
2255 1929 2399 1985 mala
2427 1928 2495 1984 de
2524 1928 2685 1984 bonis
2713 1946 2828 1986 non
2856 1929 3115 1997 aestimat,
3147 1930 3225 1988 ita
3259 1931 3424 2006 judi-

1815 2032 1938 2073 care
1973 2015 2121 2073 bona
2150 2017 2217 2075 de
2248 2018 2409 2074 malis
2437 2026 2673 2087 recusat,
2707 2018 2899 2076 dicens
2928 2036 2940 2075 :
3000 2020 3155 2077 Absit
3192 2039 3229 2077 a
3255 2038 3338 2078 me
3364 2029 3426 2079 ut

1805 2103 1981 2174 justas
2002 2124 2093 2161 vos
2112 2106 2368 2177 judieem,
2399 2108 2559 2163 donec
2586 2108 2961 2181 deﬁciam,non
2988 2109 3225 2166 recedam
3249 2110 3316 2168 ab
3344 2111 3425 2168 in-

1812 2197 2052 2254 nocentia
2081 2214 2216 2253 mea.
2250 2196 2356 2254 Ubi
2386 2204 2574 2270 aperte
2604 2195 2900 2269 subjunxit
2940 2214 2952 2253 :

1886 2288 2056 2345 Vnus.
2080 2287 2650 2359 6.‘—-Justiﬁcationem
2677 2304 2847 2343 meam
2875 2303 3037 2359 quam
3072 2288 3202 2361 ccepi
3230 2295 3419 2359 tenere,

1809 2393 1917 2431 non
1945 2376 2202 2434 deseram.

1884 2465 2132 2537 C(eptam
2161 2482 2398 2539 namque
2438 2464 2897 2537 justiﬁcationem
2944 2465 3236 2535 desereret,
3278 2466 3325 2523 si
3356 2466 3417 2525 in

1809 2558 2156 2632 peccantium
2177 2558 2395 2614 laudem
2426 2558 2745 2615 declinaret.
2779 2556 2885 2613 Sed
2914 2556 3045 2631 quia
3070 2565 3204 2616 tunc
3234 2557 3420 2616 verius

1808 2665 1840 2705 a
1867 2648 2108 2722 peccatis
2135 2648 2332 2706 alienis
2359 2648 2701 2717 absistimus,
2732 2664 2858 2705 cum
2900 2648 3057 2722 prius
3085 2665 3186 2707 nos
3212 2665 3245 2706 a
3274 2665 3417 2723 pro-

1807 2738 1944 2809 priis
1971 2738 2337 2807 custodimus,
2355 2756 2455 2797 cur
2472 2739 2539 2795 de
2568 2738 2649 2795 eis
2679 2754 2902 2810 peccare
2930 2738 3304 2812 pertimescat,
3324 2755 3410 2796 ra-

1806 2825 1980 2883 tionis
2006 2844 2197 2884 causas
2226 2827 2495 2897 insinuat,
2526 2845 2652 2885 cum
2682 2826 2970 2900 subjungit
3003 2845 3016 2884 :

2298 2933 2528 2989 CAPUT
2557 2934 2609 2989 V
2641 2932 2785 3005 [Rea
2828 2931 2915 3005 η.

1878 3018 2272 3089 Imm-Neque
2282 3018 2419 3073 enim
2435 3020 2766 3089 reprehendit
2780 3035 2862 3072 me
2880 3036 2972 3075 cor
2983 3038 3155 3076 meum
3183 3022 3241 3076 in
3270 3023 3417 3078 omni

1807 3108 1895 3163 via
1914 3126 2048 3164 mea.

1727 3202 1771 3262 Ο
1873 3198 1927 3253 9.
1961 3196 2245 3253 Audientes
2265 3205 2529 3269 praecepta
2558 3197 2742 3253 divina
2768 3214 2856 3253 nec
2885 3198 3131 3268 facientes
3152 3200 3410 3270 coarguit.

1804 3287 1957 3343 —Ac
1978 3286 2024 3342 si
2055 3294 2240 3360 aperte
2270 3287 2436 3344 dicat:
2454 3287 2561 3343 Pro
2591 3286 2751 3343 vobis
2770 3303 2883 3344 non
2912 3286 3085 3344 debeo
3105 3287 3174 3345 ad
3194 3289 3412 3362 culpam

1803 3374 2069 3447 pertrahi,
2088 3375 2184 3448 qui
2196 3391 2416 3447 peccare
2438 3376 2496 3431 in
2522 3374 2762 3449 propriis
2790 3375 3410 3435 formidavi.Sciendum

1803 3482 1936 3521 vero
1965 3474 2047 3521 est
2074 3465 2221 3539 quod
2236 3467 2490 3540 quisquis
2511 3482 2542 3522 a
2560 3466 2848 3539 praeceptis
2875 3466 3173 3526 dominicis
3200 3468 3408 3527 discor-

1802 3556 1896 3613 dat
1916 3573 2103 3629 opere,
2117 3558 2335 3631 quoties
2351 3574 2413 3614 ea
2428 3558 2637 3615 audita
2664 3558 2828 3615 corde
2859 3576 2960 3616 suo
2989 3561 3413 3633 reprehenditur

1804 3653 1973 3718 atque
2000 3646 2385 3717 confunditur,
2408 3648 2538 3721 quia
2574 3647 2632 3703 id
2662 3646 2811 3720 quod
2840 3664 2952 3705 non
2983 3649 3178 3705 fecerit
3205 3666 3408 3707 memo-

1802 3743 1972 3792 ratur.
2004 3738 2142 3793 Nam
2177 3736 2235 3793 in
2266 3753 2377 3810 quo
2414 3752 2471 3793 se
2502 3752 2710 3794 errasse
2736 3737 3073 3806 considerat,
3106 3738 3225 3810 ipsa
3253 3755 3313 3797 se
3332 3740 3406 3796 la-

1801 3832 1979 3881 tenter
1994 3826 2333 3884 conscientia
2361 3834 2601 3884 accusat.
2633 3826 2787 3883 Unde
2812 3826 2993 3883 David
3014 3826 3282 3900 propheta
3309 3827 3408 3885 de-

1799 3928 2074 3991 precatur,
2106 3920 2313 3981 dicens:
2358 3922 2501 3978 Tunc
2527 3937 2636 3976 non
2654 3920 2977 3991 confumlar,
3006 3921 3156 3976 clum"
3184 3919 3411 3992 respicio

1798 4011 1855 4067 in
1875 4013 2054 4069 omnia
2072 4013 2327 4068 mandata
2350 4019 2441 4067 tua
2465 4012 2640 4083 (Psal.
2656 4027 2853 4078 cxvm,
2875 4010 2955 4081 6).
2979 4008 3235 4065 Graviter
3254 4025 3405 4065 nam-

1799 4117 1904 4173 que
1919 4101 2296 4173 unusquisque
2313 4098 2678 4157 confunditur
2692 4097 2915 4171 quando
2926 4095 3186 4153 mandata
3196 4096 3296 4153 Dei
3316 4098 3403 4153 vel

1798 4190 2048 4261 legendo,
2079 4189 2167 4245 vel
2197 4188 2474 4245 audiendo
2500 4187 2747 4261 respicit,
2766 4204 2887 4260 qua:
2911 4184 3151 4242 vivendo
3162 4194 3404 4244 contem-

1797 4278 1925 4351 psit.
1959 4278 2102 4335 Hinc
2129 4278 2277 4333 enim
2308 4277 2535 4334 Joannis
2564 4293 2699 4335 voce
2728 4275 2951 4333 dicitur:
2974 4276 3035 4332 Si
3052 4293 3144 4331 cor
3163 4283 3406 4332 nostrum

1796 4386 1901 4424 non
1928 4366 2321 4440 reprehenderit
2348 4384 2464 4441 nos,
2496 4366 2748 4438 ﬁduciam
2761 4365 3007 4421 habemus
3034 4366 3107 4421 ad
3129 4366 3325 4431 Deum;
3352 4372 3402 4422 et

1794 4458 2054 4529 quidquid
2076 4456 2383 4529 petierimus
2403 4456 2469 4511 ab
2485 4472 2565 4521 eo,
2582 4455 2896 4526 accipiemus
2919 4455 2977 4527 (Ι
2990 4455 3149 4511 Joan.
3174 4471 3259 4523 ιιι,
3280 4455 3396 4527 21);

1711 4568 1762 4628 D
1793 4565 1856 4606 ac
1883 4550 1929 4606 si
1960 4549 2166 4607 diceret
2200 4567 2211 4605 :
2250 4549 2306 4606 Si
2338 4547 2395 4604 id
2426 4548 2572 4622 quod
2603 4547 2853 4621 praecipit
2881 4546 3137 4617 facimus,
3163 4547 3221 4605 id
3250 4547 3400 4621 quod

1792 4638 2033 4711 petimus
2062 4638 2459 4696 obtinebimus.

1867 4726 1952 4782 10.
1963 4726 2216 4783 Oratione
2229 4726 2389 4792 actio,
2402 4731 2449 4781 et
2462 4726 2664 4782 actione
2678 4727 2853 4782 oratio
2861 4725 3399 4797 fulciatur.—Valde

1791 4831 2028 4888 namque
2045 4815 2192 4889 apud
2209 4817 2387 4872 Deum
2403 4823 2635 4888 utraque
2657 4814 2775 4872 haec
2799 4814 2907 4872 sibi
2924 4815 3233 4873 necessario
3254 4833 3399 4873 con-

1789 4915 2014 4978 gruunt,
2046 4914 2108 4963 ut
2135 4914 2189 4962 et
2217 4905 2465 4963 oratione
2496 4906 2763 4978 operatio,
2784 4913 2839 4962 et
2854 4906 3172 4979 operatione
3186 4905 3398 4963 fulcia—

1787 5005 1880 5054 tur
1903 4998 2100 5054 oratio.
2136 4998 2276 5054 Hinc
2302 4997 2453 5053 enim
2481 4998 2745 5054 Jeremias
2774 4997 2852 5053 ait
2884 5014 2896 5052 :
2934 4998 3245 5054 Scrutemur
3280 4994 3395 5049 vias

1785 5095 2019 5153 nostras,
2036 5094 2085 5143 et
2097 5102 2420 5158 qmeramus,
2433 5093 2481 5141 et
2497 5094 2827 5142 revertamur
2841 5087 2916 5141 ad
2928 5082 3393 5142 Dominum.Lere-

1782 5195 1899 5233 mus
1918 5180 2081 5235 corda
2093 5184 2277 5235 nostra
2291 5194 2408 5233 cum
2421 5178 2667 5233 manibus
2676 5177 2748 5232 ad
2757 5177 2926 5233 Deum
2938 5175 2993 5230 in
3007 5171 3183 5243 cwlos(
3196 5172 3367 5229 Thren
3376 5215 3389 5229 .

1780 5285 1867 5336 ιιι,
1893 5268 2009 5340 40).
2031 5268 2165 5326 Vias
2181 5268 2386 5325 etenim
2407 5275 2621 5324 nostras
2642 5263 2877 5322 scrutari
2898 5268 2979 5317 est
2993 5258 3389 5334 cogitationum

1782 5357 1999 5415 interna
2018 5356 2499 5415 discutere.Corda
2526 5372 2657 5411 vero
2676 5368 2803 5409 cum
2832 5350 3094 5409 manibus
3122 5349 3388 5425 levat,qui

1853 5535 1874 5569 ³
1906 5533 1938 5590 2
1968 5531 2168 5601 Laud.,
2199 5528 2485 5587 etalterius
2512 5528 2678 5601 quod,
2704 5533 2812 5584 etc.

1854 5605 1874 5640 ‘
1912 5606 1934 5660 1
1967 5599 2167 5672 Laud.,
2201 5610 2248 5659 et
2278 5599 2535 5671 sequendo
2563 5599 2866 5672 conjungal.

1852 5678 1873 5711 ⁵
1906 5678 1967 5733 Ιιι
1996 5670 2436 5745 Εᾱιιζάθεξειιίίιι2
2484 5671 2632 5745 quod
2676 5670 2947 5745 exhibent
2993 5671 3124 5727 Mss.
3173 5670 3385 5736 Germ.,

1780 5748 1997 5817 Norm.,
2026 5747 2137 5805 duo
2165 5744 2364 5811 Laud,
2396 5741 2628 5811 Tur‘on.,
2662 5741 2825 5801 Corb.
2864 5742 3052 5798 Germ.

3117 5906 3151 5963 2
