3946 6410
488 349 562 409 43
1702 336 1955 399 SANCTI
1990 335 2331 397 GREGORII
2362 334 2592 395 MAGNI
3727 334 3793 395 fit.

488 473 794 535 orationem
811 485 969 535 suam
987 466 1247 543 operibus
1260 465 1646 529 roborat.Nam
1671 464 1924 541 quisquis
1947 471 2091 535 orat,
2120 465 2174 529 Δ
2197 462 2443 521 Ecclesia
2469 478 2564 521 eos
2592 477 2731 535 quos
2759 461 3010 520 viventes
3036 459 3336 521 carnaliter
3355 457 3503 518 intra
3520 475 3579 518 se
3612 462 3799 521 tolerat

389 555 394 559 ’
488 564 586 632 sed
610 559 828 639 operari
854 557 1194 627 dissimulat,
1227 573 1324 619 cor
1351 557 1522 628 levat,
1567 564 1624 615 et
1652 572 1850 619 manus
1878 571 1992 615 non
2020 555 2094 613 le-
2202 551 2272 612 de
2296 550 2667 612 similitudine
2692 551 2998 624 impiorum
3024 557 3204 609 notat.
3227 551 3388 609 Intus
3402 549 3606 624 quippe
3624 549 3676 608 ei

488 658 605 717 vat.
632 648 896 724 Quisquis
923 664 1057 709 vero
1079 655 1360 722 operatur,
1389 653 1445 705 et
1476 662 1591 706 non
1618 653 1759 714 orat,
1791 660 1986 703 manus
2004 644 2097 703 le-
2204 645 2384 705 mieus
2410 651 2514 714 est,
2533 643 2632 718 qui
2660 643 2881 701 ﬁdelem
2909 658 2968 701 se
2995 641 3129 701 dum
3158 641 3400 701 aﬁirmat
3428 642 3675 713 vocibus,
3692 660 3797 701 mc-

489 750 606 814 vat,
632 747 691 803 et
718 755 816 802 cor
842 755 958 801 non
1000 738 1172 798 levat.
1224 736 1395 797 Juxta
1422 752 1551 809 ergo
1602 734 1832 794 Joannis
1878 750 2093 804 vocem,
2202 733 2359 793 ribus
2383 740 2565 806 negat.
2594 734 2669 790 Et
2697 731 2829 806 quia
2856 748 2983 789 eum
3011 731 3169 789 velut
3208 731 3230 768 ⁸
3260 729 3544 790 inﬁdelem
3573 731 3801 791 aestimat

488 840 627 897 tunc
650 846 748 893 cor
774 827 1037 891 ﬁduciam
1061 827 1123 887 in
1152 824 1402 887 oratione
1421 823 1642 898 accipit,
1672 840 1801 883 eum
1830 822 1937 883 sibi
1966 822 2095 881 vitae
2204 824 2300 899 qui
2326 824 2481 882 illam
2510 822 2689 896 specie
2716 830 2882 880 tenus
2906 822 3061 880 intus
3091 821 3308 896 positus
3337 821 3480 880 vitio
3503 836 3684 895 pravae
3706 837 3801 883 ac-

490 921 734 998 pravitu
776 918 935 985 nulla
979 915 1332 981 contradicit.
1380 918 1460 975 De
1507 932 1617 993 qua
1645 923 1793 974 recte
1830 912 2037 973 ﬁducia
2063 927 2096 971 ι
2202 913 2374 975 tionis
2401 914 2709 987 impugnat,
2743 920 2892 971 recte
2923 911 3099 970 dicit:
3135 911 3283 970 Sicut
3328 911 3522 986 impius
3569 909 3803 971 inimicus

489 1017 680 1073 sancto
707 1008 832 1072 viro
857 1023 1011 1071 nunc
1053 1006 1306 1069 dicitur:
1361 1007 1540 1078 Neque
1583 1005 1721 1065 enim
1765 1002 2098 1078 reprehendit
2202 1022 2370 1075 metis,
2424 1011 2475 1062 et
2510 1004 2857 1063 adversarius
2910 1020 3057 1063 uicus
3102 1004 3263 1076 quasi
3306 1003 3547 1075 iniquus.
3581 1003 3604 1040 ⁵
3632 1005 3712 1061 Ac
3750 1003 3795 1063 si

484 1119 571 1161 me
595 1118 688 1163 car
709 1115 885 1159 mem
909 1098 970 1157 in
995 1096 1141 1157 omni
1165 1097 1278 1155 vita
1302 1113 1438 1155 utea.
1471 1095 1555 1155 Ac
1581 1095 1630 1153 si
1667 1102 1853 1169 aperte
1897 1092 2049 1151 dicat
2078 1109 2093 1149 :
2205 1102 2389 1168 aperte
2409 1094 2556 1154 dicat
2588 1111 2602 1152 :
2633 1095 2683 1151 A
2711 1110 2800 1151 me
2827 1093 2997 1152 etiam
3042 1091 3154 1150 ﬁde
3197 1091 3494 1168 discrepat,
3524 1090 3623 1168 qui
3670 1091 3805 1151 mihi

489 1190 845 1266 Nequaquam
878 1203 937 1248 se
959 1187 1156 1247 fecisse
1169 1185 1552 1246 reminiscitur
1578 1184 1728 1243 unde
1750 1183 1806 1243 in
1837 1183 1953 1241 suis
1979 1199 2097 1257 pre-
2206 1199 2368 1258 opere
2390 1199 2504 1243 non
2531 1182 2851 1242 concordat.
2885 1181 3149 1256 Sequitur
3177 1198 3192 1242 :

490 1281 649 1343 cibus
676 1277 1071 1366 confundatur.
1096 1277 1235 1366 [Vet_.
1267 1274 1395 1366 1
1429 1275 1537 1366 Sed
1564 1274 1739 1350 quasri
1782 1281 1960 1366 potest
1987 1289 2048 1347 qu

1829 1281 1960 1366 otes:
1987 1289 2098 1347 quo
2644 1290 2872 1350 CAPUT
2902 1291 3005 1351 vn
3039 1291 3183 1366 [ηερ.
3239 1287 3387 1364 VII].

490 1375 651 1444 pacto
675 1383 711 1427 a
733 1365 899 1428 corde
925 1382 1027 1424 suo
1058 1362 1388 1438 reprehendi
1417 1379 1475 1421 se
1502 1362 1757 1436 denegat,
1774 1363 1870 1437 qui
1890 1378 1948 1452 se
1977 1377 2048 1435 pel

2277 1379 2450 1439 Vnus.
2482 1380 2536 1439 8.
2568 1410 2640 1423 —
2666 1383 2795 1448 Ome
2824 1380 2961 1436 enim
2992 1362 3105 1452 spes
3135 1385 3208 1434 est
3245 1362 3551 1450 hypbcritce,
3582 1376 3628 1435 si
3654 1393 3809 1435 avare

487 1473 637 1517 03880
664 1455 918 1532 Superius
945 1453 1408 1544 accusatidicens
1439 1471 1452 1544 ξ
1482 1453 1724 1544 Ρθοεαζξι
1742 1451 2098 1544 quiflfaciam
2206 1469 2412 1544 rapiat,
2443 1477 2492 1528 et
2513 1487 2622 1528 non
2651 1470 2834 1528 liberet
2859 1471 3001 1528 Deus
3016 1451 3262 1527 animam
3290 1467 3403 1540 ejus
3430 1469 3460 1526 ἵ

487 1546 604 1617 tibi,
630 1564 663 1605 ο
689 1551 862 1607 custos
885 1548 1028 1613 581
1058 1543 1328 1603 hominum
1343 1543 1484 1617 (Job.
1507 1559 1611 1613 vn,
1639 1541 1770 1616 20)?
1799 1540 1902 1600 Vel
1929 1547 2095 1599 certe;
2268 1540 2369 1618 λθ,
2400 1560 2693 1635 Hymen-ta
2722 1577 2924 1617 avarus
2950 1565 3026 1616 ρει
3060 1565 3109 1615 ει
3146 1565 3358 1632 raptor.
3388 1588 3462 1602 _
3488 1557 3810 1633 Emerita,

489 1643 550 1701 Si
589 1641 891 1715 iustiﬁcam
925 1657 1007 1698 me
1046 1641 1287 1706 uoluam,
1333 1656 1392 1697 os
1431 1656 1603 1697 meum
1629 1637 1995 1696 condemnabit
2020 1654 2047 1693 π

2255 1649 2305 1707 [ιὶ
2333 1649 2529 1708 Latina
2558 1651 2746 1722 lingua
2771 1649 2978 1707 dicitur
2997 1649 3308 1719 simulator,
3341 1647 3530 1721 justus
3559 1664 3676 1704 esse
3704 1663 3813 1704 non

488 1729 634 1803 (Ῑοδο
666 1746 749 1798 lxi
777 1729 898 1805 20).
1356 1817 1361 1818 ί
1886 1817 1889 1818 ν
2209 1743 2440 1818 appetit,
2470 1743 2566 1801 sed
2595 1741 2796 1799 videri.
2813 1743 2887 1800 Et
2908 1741 3117 1800 idcirco
3139 1757 3339 1798 avarus
3357 1747 3549 1814 raptor
3564 1747 3668 1808 est,
3685 1738 3814 1814 quia

561 1818 650 1877 11.
684 1818 939 1886 Quadam
958 1825 1173 1890 peccata
1202 1817 1365 1877 vitari
1394 1825 1670 1891 iwqueunt.
1692 1849 1766 1865 -
1790 1817 1898 1878 Sed
1927 1818 2100 1878 scien-

2255 1817 2344 1890 um
2376 1832 2568 1908 inique
2597 1848 2762 1906 agens
2796 1831 3071 1890 desiderat
3099 1830 3167 1888 de
3213 1829 3508 1889 sanctitate
3537 1829 3813 1900 venerari,

489 1906 625 1969 dum
653 1915 737 1969 est
763 1908 913 1982 quod
941 1915 1072 1967 sunt
1102 1917 1324 1982 peccata
1351 1925 1473 1983 quae
1517 1926 1550 1968 a
1571 1909 1741 1983 justis
1769 1908 1933 1969 vitari
1964 1926 2047 1982 po:

2255 1923 2428 1981 tndem
2462 1906 2591 1980 vitae
2622 1923 2765 1996 rapit
2791 1921 3005 1980 alienae.
3039 1920 3298 1980 Studium
3326 1936 3460 1977 vero
3487 1936 3613 1977 esse
3642 1918 3813 1992 hypo-

488 2006 645 2069 sunt,
673 2006 728 2059 et
756 2006 886 2059 sunt
913 1999 1186 2087 nonnulla
1206 2015 1329 2074 quae
1348 2000 1516 2061 etiam
1543 2016 1577 2058 a
1599 2000 1767 2074 justis
1795 2001 1960 2060 vitari
1986 2017 2046 2062 nc

2259 2014 2471 2071 iterum
2502 2013 2640 2069 solet
2667 2021 2731 2070 ut
2759 2020 2814 2070 et
2855 2011 3004 2087 quod
3044 2019 3175 2069 sunt
3218 2010 3596 2085 supprimant,
3627 2016 3683 2066 et
3715 2008 3817 2065 hoc

490 2096 741 2163 9059111“-
778 2090 797 2127 ¹
826 2086 997 2161 cuius
1015 2087 1165 2147 enim
1195 2105 1291 2147 σοι·
1313 2089 1374 2147 in
1402 2088 1507 2148 hac
1543 2090 1903 2164 corruptibili
1931 2106 2097 2148 came
2208 2101 2356 2177 quod
2385 2119 2498 2160 non
2522 2110 2654 2160 sunt
2683 2119 2799 2160 esse
2829 2086 2885 2159 se
2917 2101 3244 2160 hominibus
3260 2101 3642 2168 iunotescant,
3675 2115 3820 2173 qua-

489 2181 796 2240 consistens
823 2179 884 2237 in
911 2179 1138 2239 sinistra
1162 2180 1499 2255 cogitatione
1530 2199 1644 2264 non
1673 2183 1900 2253 labitur,
1931 2184 2021 2241 vel

2257 2208 2368 2250 inus
2395 2208 2711 2250 mensuram
2739 2209 2898 2250 suam
2925 2209 3022 2267 per
3049 2191 3472 2250 aestimationem
3508 2196 3815 2260 transeant,

489 2287 664 2345 W0
684 2270 756 2331 ad
783 2285 1091 2330 οουδθηειιῑ
1106 2270 1327 2330 foveam
1345 2287 1459 2330 Ποῐι
1477 2274 1885 2345 ιυθιᾞειῑιιΓῨΕῐ
1912 2280 2098 2331 tamen
2208 2290 2263 2339 et
2292 2284 2315 2319 ⁸
2344 2281 2538 2356 praeire
2566 2299 2624 2340 se
2667 2290 2893 2341 caeteros
2937 2283 3174 2342 actionis
3218 2281 3450 2340 nomine
3495 2280 3816 2339 ostendant.

488 2359 610 2417 haec
635 2359 757 2433 ipsa
783 2376 952 2434 prava
979 2359 1220 2434 cogitare
1247 2377 1472 2434 peccare
1501 2369 1603 2420 est.
1636 2361 1744 2420 Sed
1774 2361 1909 2421 dum
1937 2363 2100 2436 cogi—
2205 2371 2508 2445 Befngiunt
2552 2371 2731 2429 videri
2778 2372 2929 2447 quod
2974 2380 3126 2443 sunt,
3160 2380 3216 2431 et
3244 2378 3374 2430 ante
3403 2371 3598 2429 oculos
3626 2369 3821 2428 homi-

487 2448 692 2509 tationi
717 2447 1018 2538 resistitur,
1046 2465 1081 2508 a
1096 2449 1425 2509 confusione
1451 2467 1554 2508 sua
1569 2449 1794 2509 animus
1809 2451 2095 2510 liberatur.
2207 2477 2342 2518 num
2385 2461 2715 2536 superducta
2758 2463 2995 2538 quadam
3044 2462 3378 2520 innocentiae
3417 2459 3715 2518 honestate
3767 2477 3822 2518 se

490 2539 647 2629 Mens
668 2553 799 2629 ergo
820 2535 1105 2612 iustorum
1132 2539 1237 2629 etsi
1265 2539 1440 2629 libera
1465 2547 1549 2600 est
1574 2555 1608 2599 a
1635 2556 1894 2613 perverso
1913 2556 2096 2614 opere,
2207 2535 2469 2610 vestiunt.
2496 2557 2650 2616 562
2679 2535 2834 2611 Unde
2863 2562 3011 2612 recte
3030 2569 3128 2629 per
3144 2549 3513 2625 Evangelinm
3532 2566 3677 2608 voce
3700 2567 3822 2609 nos-

487 2624 795 2729 aliquando
823 2633 1009 2687 tamen
1027 2628 1239 2687 corruit
1264 2627 1326 2689 in
1345 2645 1601 2703 perversa
1628 2629 2045 2703 cogitatione}!

2271 2650 2278 2706 ἱ
2312 2649 2698 2726 Redemptoris
2753 2650 3127 2725 increpantur,
3167 2666 3296 2708 cum
3328 2647 3410 2706 eis
3449 2647 3699 2705 dicitur:
3740 2651 3829 2709 Va:

487 2719 549 2814 in
573 2724 860 2814 peccatum
887 2734 1018 2795 ergo
1046 2719 1272 2791 labitur,
1307 2720 1438 2794 quia
1460 2721 1654 2780 saltem
1671 2720 1733 2781 in
1761 2720 2045 2794 cogitatio:

2272 2739 2370 2808 bis,
2424 2719 2730 2814 hypbcritw,
2786 2719 2924 2813 quia.
2963 2719 3160 2796 similes
3205 2737 3339 2811 functi
3381 2738 3503 2794 estis
3559 2738 3826 2810 sepulcris

486 2805 838 2904 declinatur;
863 2815 925 2904 et
948 2814 1138 2904 tamen
1166 2808 1313 2904 unde
1335 2810 1695 2904 semetipsum
1740 2809 2096 2884 postmodum
2203 2805 2533 2897 ἀεαιδάεεεξτ
2564 2805 2742 2904 φιωά
2779 2805 2920 2902 foris
2947 2829 3160 2904 quidem
3204 2805 3469 2902 ἀρρανεηι
3512 2805 3830 2886 hominibus

491 2895 678 2954 ﬂendo
705 2894 1092 2970 reprehendat:
1121 2897 1447 2994 n°n_habft:
1479 2898 1610 2975 quia
1636 2908 1763 2994 alite
1782 2906 2093 2994 Se‘l‘epal‘at»
2202 2894 2627 2992 speciosa,tintus
2653 2894 2931 2977 vero'sunt
2950 2894 3112 2994 plena
3139 2894 3344 2975 ossi-bus
3382 2922 3752 2984 mortuorum,
3781 2926 3830 2977 et

484 3002 650 3062 quam
672 3001 771 3060 per
797 3002 1126 3081 consensum
1155 2987 1334 3046 cadat.
1359 2990 1525 3047 Recte
1541 3005 1670 3063 ergo
1688 2989 1737 3049 is
1765 2988 1860 3065 qui
1889 3007 2042 3067 pecca

2269 3009 2346 3065 mi
2380 3009 2660 3081 spurcitia.
2702 3011 2791 3066 Ita
2818 3016 2869 3066 et
2894 2987 2984 3064 vos
3021 3008 3159 3079 foris
3185 3006 3396 3076 quidem
3424 3007 3710 3076 apparatis
3739 3008 3827 3065 ho-

481 3083 658 3172 101‘911}
687 3091 744 3132 39
765 3075 1056 3172 ﬁonfesfus
1096 3083 1200 3145 θεῖ»
1240 3092 1588 3172 ηξθίίιιδίζιιθιω
1616 3095 1770 3172 59“?
1800 3096 1901 3172 3‘19
1928 3079 2094 3141 οοΐάθ
2200 3075 2436 3155 minibus
2447 3097 2608 3169 justi,
2638 3097 2781 3153 intus
2806 3114 2930 3153 vero
2953 3075 3104 3170 pleni
3131 3075 3252 3151 estis
3281 3075 3520 3151 avaritia
3548 3103 3601 3152 et
3621 3095 3828 3172 iniqui-

480 3164 1157 3266 roprebegdi‘cgnﬁtgtur.
1199 3165 1331 3241 quia
1357 3165 1614 3266 etsigna
1636 3167 2093 3266 illicitafonasse
2122 3205 2168 3266 ο
2203 3194 2306 3243 tate
2335 3164 2550 3260 (Μαὶυι.
2572 3202 2741 3257 χχιιι,
2763 3186 2870 3253 27;
2924 3164 3054 3241 L'uc.
3095 3200 3177 3253 II,
3229 3182 3348 3257 39).
3384 3182 3524 3257 [νει.
3564 3185 3659 3262 ν.]
3702 3164 3830 3257 duo

483 3246 778 3355 °°8itfnd°
807 3251 992 3355 fleflfi‘
1020 3255 1042 3289 ³
1073 3269 1321 3355 ηιξξξξξαω
1358 3257 1704 3355 ιςθθῐξῑῖιίξίηξι
1735 3259 1870 3355 Ϊοζῑί
1905 3267 2093 3323 ἴδωθῦ
2123 3246 2167 3266 υ
2199 3246 2393 3334 contra
2429 3291 2621 3335 omnes
2667 3246 2938 3335 veraciter
2976 3246 3174 3333 sancti,
3200 3246 3314 3331 non
3361 3246 3542 3331 solum
3575 3246 3826 3349 glbrﬁim

484 3345 689 3405 mentis
709 3345 1010 3403 certamine
1037 3345 1240 3404 restitit
1267 3345 1611 3421 cogitationi.
1641 3348 1943 3425 Sequitur:

2272 3387 2365 3445 pra
2393 3369 2621 3429 modum
2641 3385 2804 3427 suum
2823 3367 3055 3427 omnino
3068 3383 3182 3424 non
3197 3373 3487 3442 appetunt,
3515 3367 3620 3426 sed
3648 3371 3830 3431 etiam

944 3452 1172 3512 CAPUT
1200 3455 1276 3514 VI
1307 3455 1454 3532 [Rem
1493 3458 1614 3533 VI].
2198 3460 2305 3518 hoc
2349 3460 2533 3534 ipsum
2571 3457 2752 3516 videri
2794 3457 3077 3532 refugiunt
3113 3455 3260 3533 quod
3297 3473 3416 3514 esse
3455 3469 3827 3518 meruerunt.

555 3541 728 3603 Vm.
761 3540 890 3603 7.-
908 3542 1057 3599 Sicut
1071 3541 1265 3617 impius
1281 3544 1525 3607 inimicus
1552 3563 1720 3615 meus,
1748 3552 1798 3607 et
1823 3546 2088 3607 adversa—
2198 3551 2355 3609 Unde
2382 3550 2476 3609 ille
2503 3549 2832 3625 praedicator
2853 3548 3100 3624 egregius
3119 3547 3390 3619 veritatis,
3419 3556 3622 3608 contra
3651 3568 3831 3628 pseu-

484 3628 601 3691 rius
625 3647 772 3691 meus
808 3630 966 3704 quasi
989 3630 1227 3704 iniquus.
2197 3639 2548 3716 doapostolos
2566 3642 2819 3717 loquens,
2850 3642 2982 3700 dum
3011 3640 3246 3703 virtutes
3273 3640 3509 3698 eximias
3538 3645 3833 3718 operatio-

554 3728 647 3787 li.
679 3726 918 3785 Ecclesia
936 3743 1041 3800 pro
1067 3727 1274 3802 inﬁdeli
1298 3728 1477 3796 habet,
1503 3747 1659 3802 quem
1685 3730 1836 3788 intra
1863 3746 1917 3787 se
1928 3727 2088 3802 posi—
2195 3729 2284 3787 nis
2299 3747 2411 3788 sua:
2433 3747 2534 3806 pro
2553 3731 2952 3807 discipulorum
2973 3729 3288 3790 eruditione
3308 3739 3560 3788 narraret
3577 3734 3678 3806 (II
3692 3735 3830 3793 Cor.

484 3825 614 3887 tum,
640 3819 827 3893 pravis
850 3821 1086 3880 moribus
1111 3822 1272 3880 videt.
1301 3852 1375 3869 --
1400 3823 1466 3880 lu
1494 3840 1652 3882 sacro
1677 3820 1904 3896 eloquio
1928 3821 2085 3891 sicut,
2195 3836 2278 3890 x1,
2320 3820 2408 3893 l3,
2438 3822 2596 3897 seq.),
2627 3821 2760 3879 dum
2787 3829 2871 3880 tot
2913 3839 2970 3880 se
2999 3821 3248 3897 pericula
3284 3820 3548 3878 tolerasse
3581 3838 3836 3883 coacer-

481 3914 537 3968 et
584 3911 760 3984 quasi,
788 3910 1087 3987 aliquando
1115 3928 1231 3971 non
1266 3927 1369 3986 pro
1409 3911 1783 3970 similitudine
1832 3910 2084 3985 ponitur,
2195 3919 2321 3969 vata
2348 3911 2728 3986 persecutione
2757 3911 3112 3983 describeret,
3139 3918 3193 3967 et
3222 3917 3346 3986 post
3377 3908 3494 3966 haec
3524 3927 3718 3987 usque
3759 3912 3832 3973 ad

479 4000 576 4060 sed
601 4017 702 4075 pro
729 4001 980 4065 veritate.
1024 4001 1183 4065 Unde
1205 4010 1289 4061 est
1331 4001 1508 4061 illud:
1567 4002 1805 4061 Vidimus
1853 4002 2087 4074 gloriam
2193 4000 2420 4058 tertium
2453 4002 2678 4069 coelum,
2708 4015 3039 4075 rursumque
3069 3999 3129 4055 in
3160 3999 3479 4074 paradisum
3505 4009 3750 4075 raptum
3773 4020 3833 4061 se

479 4091 613 4162 ejus,
641 4091 871 4166 gloriam
895 4093 1057 4167 quasi
1080 4093 1343 4167 αἱρεταί
1379 4110 1417 4150 a
1457 4092 1624 4150 Patre
1662 4091 1848 4165 (Joau.
1895 4109 1938 4162 ι,
1967 4092 2081 4167 ib).
2193 4107 2308 4148 esse
2364 4098 2714 4162 memoraret,
2763 4090 2862 4148 ubi
2914 4095 3072 4146 tanta
3121 4103 3454 4161 cognoscere
3506 4091 3828 4164 potuisset,

480 4181 635 4240 Unde
661 4190 719 4241 et
759 4182 854 4242 hic
872 4200 1093 4259 quoque
1118 4183 1276 4252 sicut,
1304 4189 1363 4239 et
1382 4181 1563 4254 quasi,
1593 4198 1695 4255 pro
1720 4183 2084 4242 afﬁrmatione
2192 4189 2395 4256 quanta
2424 4183 2577 4258 loqui
2607 4179 2836 4239 omnino
2856 4196 2968 4237 non
2997 4185 3181 4253 posset
3206 4176 3396 4250 (Ibid.,
3429 4194 3537 4249 xu,
3573 4180 3668 4255 2),
3703 4190 3834 4240 erat

479 4271 662 4346 potius
688 4289 854 4350 quam
884 4290 986 4349 pro
1012 4270 1385 4331 similitudine
1415 4270 1631 4328 dictum
1657 4271 1903 4331 videtur.
1934 4275 2085 4331 Inter
2190 4270 2258 4328 de
2285 4289 2342 4330 se
2367 4272 2551 4331 adhuc
2577 4271 2805 4328 fortasse
2832 4266 3247 4327 admirabiliora
3273 4267 3591 4341 locuturus,
3626 4271 3735 4328 sed
3760 4272 3835 4329 ab

476 4362 713 4439 impium
741 4382 876 4424 vero
903 4372 960 4422 et
1001 4362 1282 4436 iniquum,
1312 4359 1421 4419 hoc
1450 4361 1655 4419 distare
1682 4379 2081 4441 nonnunquam
2191 4360 2433 4419 humana
2452 4360 2614 4419 laude
2628 4360 2741 4416 alta
2758 4373 2815 4416 se
2831 4355 3273 4415 consideratione
3292 4363 3644 4431 temperans,
3679 4360 3835 4419 sub-

473 4455 635 4526 solet,
664 4455 796 4530 quia
823 4452 1007 4514 omnis
1032 4449 1242 4524 impius
1269 4449 1518 4525 iniquus,
1547 4468 1663 4511 non
1683 4461 1871 4513 tamen
1900 4456 2082 4515 omnis
2189 4450 2302 4510 dit:
2322 4453 2496 4511 Pareo
2519 4457 2716 4517 autem,
2743 4465 2808 4505 ne
2835 4447 2955 4521 quis
2978 4463 3058 4503 me
3092 4446 3352 4504 existimet
3376 4463 3549 4520 supra
3580 4448 3645 4504 id
3677 4452 3835 4524 quod

472 4542 813 4636 iniquus‘est
835 4541 1062 4636 impius.
1093 4540 1306 4636 Impius
1329 4556 1572 4636 namque
1600 4543 1944 4636 proinﬁdeli
1970 4563 2082 4620 po-
2105 4575 2155 4636 Β
2189 4543 2411 4636 uidebit:
2446 4559 2547 4610 me,
2567 4546 2664 4598 aut
2690 4537 2845 4636 audit
2866 4537 3079 4636 aliquid
3110 4538 3132 4575 ⁸
3159 4554 3332 4636 ex_me
3362 4536 3558 4636 (Ibid,
3583 4555 3707 4636 in,
3739 4543 3829 4636 6).

470 4634 648 4704 nitur,
665 4633 724 4691 id
736 4639 820 4690 est
839 4628 1094 4703 apietate
1124 4627 1412 4702 religionis
1425 4631 1666 4702 alienus;
1696 4631 1922 4709 iniquus
1945 4652 2078 4694 vero
2106 4625 2152 4636 ”
2188 4633 2432 4690 Habebat
2479 4647 2608 4704 ergo
2654 4628 2838 4686 adhuc
2877 4626 3178 4684 dicendum
3215 4626 3284 4684 de
3315 4643 3372 4683 se
3415 4625 3670 4701 aliquid,
3725 4633 3832 4707 qui

471 4723 700 4792 dicitur,
722 4717 820 4793 qui
836 4716 1109 4792 pravitate
1123 4718 1306 4793 operis
1325 4720 1395 4777 ab
1409 4721 1668 4797 aequitate
1678 4723 2074 4796 discordat,vel
2186 4723 2363 4798 parcit
2389 4721 2572 4779 dicere
2604 4737 2619 4788 ;
2643 4719 2741 4776 sed
2769 4718 2880 4792 egit
2893 4725 3193 4791 utrumque
3212 4716 3407 4774 doctor
3427 4719 3730 4792 egregius,
3764 4731 3835 4781 ut

472 4813 521 4870 si
548 4813 781 4868 fortasse
794 4804 1128 4866 Christianas
1146 4807 1279 4867 ﬁdei
1293 4826 1497 4868 nomen
1515 4821 1718 4886 portat.
1737 4814 1893 4872 Beati
1907 4814 2079 4889 igitur
2185 4821 2241 4871 et
2266 4809 2545 4886 loquendo
2570 4825 2693 4884 qum
2720 4815 2902 4881 egerat
2933 4806 3238 4879 discipulos
3265 4804 3600 4875 instrueret,
3634 4818 3699 4868 et
3728 4818 3834 4871 ta-

467 4900 573 4958 Joh
599 4913 739 4954 voce
762 4895 952 4970 typica
968 4906 1157 4959 sancta
1167 4899 1438 4973 Ecclesia,
1454 4919 1576 4978 quae
1592 4903 1733 4961 alios
1755 4913 1917 4963 rectae
1944 4904 2076 4962 ﬁdei
2184 4901 2359 4960 cendo
2388 4916 2504 4958 sese
2531 4900 2680 4957 intra
2705 4897 3051 4957 humilitatis
3075 4895 3314 4954 limitem
3342 4897 3691 4960 custodiret.
3729 4903 3835 4962 Ni-

466 4985 907 5048 eontradicentes
934 4989 1158 5063 tolerat,
1174 4991 1409 5068 impium
1430 5009 1487 5051 se
1506 4992 1710 5052 habere
1735 4993 1942 5052 fatetur
1967 4994 2072 5052 ini-
2185 4991 2292 5048 mis
2331 5006 2570 5064 namque
2597 4996 2738 5048 esset
2781 4989 3056 5064 ingratus,
3085 4986 3134 5047 si
3168 4985 3238 5045 de
3263 5002 3322 5045 se
3349 4985 3667 5060 discipulis
3704 4999 3836 5055 tota

467 5075 696 5136 micutm
727 5076 871 5148 Quia
882 5094 1016 5136 vero
1042 5079 1182 5140 alios
1206 5083 1312 5142 sub
1340 5090 1614 5159 praetextu
1643 5081 1775 5142 ﬁdei
1801 5084 1954 5145 intus
1979 5100 2075 5158 po-
2183 5080 2453 5155 reticeret,
2475 5087 2531 5138 et
2550 5079 2780 5137 fortasse
2801 5077 2974 5136 nimis
3004 5076 3283 5147 incautus,
3313 5075 3361 5135 si
3389 5076 3458 5135 de
3485 5093 3551 5135 se
3584 5087 3720 5141 tota
3730 5084 3835 5143 vel

465 5164 604 5224 sitos
628 5166 689 5224 in
715 5168 904 5242 pravis
934 5169 1197 5245 operibus
1220 5173 1453 5247 patitur,
1481 5173 1740 5248 iniquum
1778 5191 1944 5232 suum
1971 5173 2072 5232 ad-
2183 5170 2471 5245 discipulis
2493 5170 2768 5244 proderet.
2801 5168 2915 5226 Sed
2959 5166 3313 5236 mirabiliter,
3351 5173 3414 5224 ut
3441 5165 3681 5229 dictum
3715 5182 3830 5244 est,

466 5257 772 5317 versarium
785 5260 1108 5320 detestatur.
1130 5262 1190 5321 Si
1207 5271 1392 5322 autem
1411 5263 1569 5330 sicut,
1579 5270 1637 5320 et
1652 5263 1831 5336 quasi,
1858 5271 2076 5337 oportet
2181 5261 2292 5334 egit
2342 5267 2659 5334 utrumque,
2686 5267 2748 5317 ut
2775 5256 3054 5332 loquendo
3082 5255 3328 5314 erudiret
3358 5254 3539 5314 vitam
3572 5262 3831 5322 audieno

465 5347 640 5423 magis
669 5357 733 5408 ut
758 5366 859 5425 pro
885 5352 1252 5414 similitudine
1278 5357 1525 5432 positum
1543 5355 1873 5426 sentiamus,
1886 5363 2073 5414 sancta
2180 5351 2344 5420 tium,
2373 5357 2429 5407 et
2454 5349 2687 5408 tacendo
2712 5347 3022 5408 custodiret
3047 5361 3230 5405 suam.
3272 5418 3281 5437 ι

540 5527 556 5614 ξ
584 5525 848 5614 ΙῩίηᾶοον
877 5529 996 5603 quis
1022 5533 1245 5614 entmju
1272 5535 1371 5614 hac
1395 5532 1738 5614 corruptibili
1764 5550 1957 5614 canae.
2016 5603 2029 5614 ε
2250 5534 2274 5614 ξ
2304 5532 2433 5614 ξίῳο
2458 5546 2631 5614 usque
2657 5529 2748 5614 ad,
2777 5527 3042 5614 sequitur,
3072 5525 3275 5585 desunt
3302 5525 3363 5585 in
3392 5523 3661 5589 Vindoc.

532 5598 1077 5688 f‘Sequentia'usque
1118 5605 1210 5675 ad,
1256 5613 1307 5661 st
1343 5613 1518 5663 tamen
1555 5598 1723 5676 unde,
1766 5605 1967 5663 desunt
2013 5603 2073 5661 in
2250 5598 2561 5688 f3L_aud.;
2586 5598 2783 5688 prlgire
2808 5598 2862 5658 si
2889 5602 3075 5688 bon‘os.‘
3294 5665 3429 5688 ’ΨΑ
3474 5685 3493 5688 4-
3580 5679 3618 5688 r_
3663 5674 3679 5688 ‘
3770 5675 3783 5688 .

465 5665 688 5751 3°!"er
741 5745 752 5751 -
863 5747 895 5751 μ
986 5665 1007 5680 ³
1086 5747 1110 5751 _
1194 5665 1208 5675 ’
1707 5665 1721 5676 ’
2250 5678 2272 5713 ⁷
2302 5677 2366 5733 In
2394 5665 2609 5751 Norni;
2641 5674 2824 5734 Germ.
2857 5681 2911 5730 et
2940 5670 3238 5751 plerisque,
3278 5665 3434 5727 deest
3459 5685 3524 5739 a,
3562 5679 3628 5729 et
3663 5674 3836 5751 legi-

535 5744 557 5820 ἷί
586 5745 833 5820 librum,
862 5747 1038 5816 Prat.,
1062 5747 1283 5820 Germ”
1317 5763 1716 5820 uoitnuuquant.
2177 5754 2290 5817 tur,
2320 5765 2440 5819 qum
2467 5744 2627 5820 foris.

534 5814 556 5851 ⁸
586 5815 620 5875 2
644 5814 847 5888 Laudi,
868 5814 1276 5890 velut'ﬁdelem,
1293 5819 1389 5878 sed
1419 5814 1580 5878 male.
2251 5814 2283 5855 ⁸⁷
2304 5814 2540 5887 Gemet.,
2572 5817 2715 5876 Utic.
2748 5825 2804 5875 et
2828 5816 2948 5886 alii,
2978 5815 3042 5874 de
3070 5832 3169 5875 me.
