3946 6434
132 410 190 467 45
872 401 1245 460 MOBALIUM
1283 401 1416 458 LIB.
1460 400 1662 459 XVIII.
1702 429 1740 443 -

1858 400 1884 456 Ἱ
1921 400 2150 457 CAPUT
2188 401 2397 457 XXVII
2438 404 2500 457 Β.
2544 404 2685 459 JOB.
3366 409 3436 463 46

193 535 270 592 Ili.
304 533 490 591 Sancti
518 532 814 604 aliquando
841 549 895 589 se
917 532 1143 589 laudant
1172 531 1405 587 innoxie.
1440 561 1510 572 —
1537 528 1720 586 Scien-
1749 527 1801 588 A
1833 533 1920 584 tur
1949 530 2021 584 eis
2043 547 2060 585 :
2091 530 2259 586 Amen
2306 530 2422 585 dico
2470 531 2634 595 vobis,
2682 532 2851 587 nescio
2896 552 2985 588 vos
3031 538 3242 603 (Matth.
3293 554 3432 605 xxv,

129 623 248 682 dum
278 638 407 681 vero
435 630 523 681 est
552 621 703 697 quod
729 621 908 681 sancti
937 621 1045 678 viri
1076 620 1294 694 quoties
1322 620 1390 676 de
1418 637 1475 675 se
1515 618 1728 691 aliquid

128 712 471 790 sequentibus
502 711 883 784 innotescunt,
926 728 1137 771 morem
1181 710 1445 770 creatoris
1474 708 1559 767 sui
1590 708 1730 765 imi-

130 809 317 861 tantur.
351 801 494 861 Nam
522 801 695 871 Deus,
724 799 821 877 qui
852 816 953 860 nos
990 798 1248 873 prohibet
1278 813 1349 856 ne
1379 797 1602 870 proprio
1634 812 1728 853 ore

129 892 428 963 laudemur,
460 907 562 967 per
584 890 928 963 Scripturam
958 906 1171 951 sacram
1193 888 1382 946 laudes
1408 905 1532 946 suas
1552 887 1728 961 loqui-

130 990 225 1053 tur,
246 997 363 1041 non
395 980 531 1057 quia
559 979 680 1057 ipse
711 978 791 1039 eis
815 978 1051 1054 indiget,
1073 978 1169 1053 qui
1190 978 1453 1052 proﬁcere
1474 977 1730 1037 laudibus

127 1070 308 1142 nescit,
342 1070 442 1130 sed
466 1070 604 1131 dum
641 1085 798 1129 suam
834 1068 996 1128 nobis
1043 1069 1480 1142 magnitudinem
1520 1075 1727 1137 narrat,

128 1170 361 1221 nostram
391 1159 464 1219 ad
493 1177 550 1218 se
578 1159 919 1235 imperitiam
948 1159 1238 1228 sublevat;
1271 1166 1327 1216 et
1352 1158 1497 1216 bona
1519 1174 1617 1216 sua
1638 1159 1727 1214 lo-

125 1251 337 1326 quendo
366 1268 470 1309 nos
502 1250 716 1320 edocet,
755 1267 919 1325 quem
949 1250 1181 1309 omnino
1206 1249 1374 1306 homo
1402 1265 1515 1307 non
1532 1264 1729 1321 cogno-

123 1349 306 1411 sceret,
338 1341 387 1401 si
422 1341 490 1399 de
520 1356 579 1399 se
609 1347 790 1399 tacere
821 1340 1110 1399 voluisset.
1144 1340 1357 1397 Idcirco
1381 1356 1509 1412 ergo
1541 1337 1731 1395 laudes

124 1449 238 1490 suas
265 1431 503 1503 indicat,
532 1439 596 1488 ut
624 1432 906 1491 valeamus
932 1448 1059 1490 eum
1080 1430 1367 1489 audientes
1383 1442 1727 1503 cognoscere,

123 1527 513 1595 cognoscentes
544 1536 750 1590 amare,
782 1528 1029 1581 amantes
1056 1519 1237 1595 sequi,
1276 1526 1566 1594 sequentes
1599 1517 1730 1575 adi-

122 1611 275 1686 pisci,
306 1610 679 1689 adipiscentes
707 1626 839 1671 vero
884 1609 1004 1687 ejus
1050 1609 1267 1671 visione
1295 1608 1526 1683 perfrui.
1575 1606 1729 1669 Unde

120 1700 403 1758 Psalmista
430 1699 544 1756 ait:
589 1699 843 1759 Virtutem
863 1717 1083 1773 operum
1102 1716 1321 1755 suorum
1348 1701 1364 1734 ¹
1390 1696 1733 1756 annuntiabit

119 1792 313 1863 populo
361 1807 478 1856 suo,
514 1795 572 1844 ut
613 1790 697 1847 det
739 1790 853 1847 illis
894 1790 1252 1847 hereditatem
1291 1789 1521 1860 gentium
1552 1787 1726 1858 (Psal.

1841 621 1950 692 ii);
1987 623 2008 656 δ
2038 621 2166 693 quia
2204 629 2358 678 tanto
2399 639 2597 694 magna
2642 630 2775 680 tunc
2820 634 3109 681 exercetur
3150 629 3433 698 severitas,

1838 718 2044 781 quanto
2087 727 2237 767 nunc
2283 710 2459 783 major
2502 711 2883 771 misericordia
2914 715 2934 748 ⁷
2974 723 3334 785 prorogatur;
3382 726 3438 774 et

1838 798 2087 857 districte
2115 808 2251 859 tunc
2270 800 2548 873 judicium
2578 818 2689 859 non
2715 802 2978 859 correctis
2992 804 3302 876 exerit,qui
3328 806 3436 876 pie-

1838 896 2006 945 tatem
2037 907 2186 947 nunc
2214 889 2667 964 delinquentibus
2698 892 3273 966 patienterimpendit.
3298 892 3441 950 Hinc

1838 976 2043 1033 etenim
2074 977 2342 1050 propheta
2369 977 2479 1038 ait:
2508 978 2739 1047 Quwrite
2752 980 3039 1037 Dominum
3060 981 3183 1037 dum
3214 980 3443 1037 inveniri

1834 1075 2021 1141 potest,
2044 1068 2279 1127 invocata
2292 1086 2410 1126 eum
2424 1071 2553 1128 dum
2569 1089 2737 1144 prope
2752 1079 2826 1129 est
2848 1072 3004 1144 (Isai.
3030 1090 3121 1141 Lv,
3137 1073 3218 1144 6).
3240 1073 3261 1108 ⁸
3279 1071 3442 1128 Modo

1839 1157 1987 1217 enim
2024 1175 2138 1217 non
2169 1159 2411 1230 videtur,
2439 1168 2495 1217 et
2531 1177 2699 1234 prope
2735 1170 2848 1231 est;
2894 1170 3028 1219 tunc
3058 1161 3360 1229 videbitur,
3390 1168 3444 1218 et

1840 1265 2007 1321 prope
2037 1265 2149 1308 non
2179 1249 2305 1307 erit.
2338 1250 2583 1307 Necdum
2633 1250 2692 1309 in
2728 1250 2946 1323 judicio
2996 1250 3273 1323 apparuit,
3313 1258 3366 1307 et
3394 1249 3442 1308 si

1840 1338 2126 1411 quaeritur,
2159 1338 2463 1400 invenitur.
2495 1341 2631 1399 Nam
2659 1340 2801 1399 miro
2822 1341 2988 1398 modo
3005 1358 3132 1399 cum
3156 1340 3215 1398 in
3228 1339 3444 1413 judicio

1838 1429 2173 1503 apparuerit,
2204 1438 2259 1488 et
2289 1429 2466 1487 videri
2500 1438 2700 1503 potest,
2733 1439 2786 1491 et
2824 1449 2935 1489 non
2966 1438 3143 1504 potest
3176 1431 3438 1489 inveniri.

1843 1520 1980 1591 (νει.
2024 1521 2141 1596 VL]
2193 1522 2333 1581 Hinc
2364 1522 2626 1581 Salomon
2654 1523 2978 1595 sapientiam
3009 1524 3176 1583 refert
3206 1530 3263 1581 et
3307 1537 3444 1579 sua»

1840 1610 1982 1669 viter
2006 1610 2403 1683 blandientem,
2422 1619 2477 1669 et
2507 1612 2829 1670 terribiliter
2844 1612 3212 1685 judicantem,
3231 1611 3437 1669 dicens:

1842 1704 2113 1777 Sapientia
2143 1705 2283 1775 foris
2324 1704 2607 1775 praedicat,
2639 1705 2697 1759 in
2733 1705 2925 1774 plateis
2973 1705 3065 1758 dat
3094 1719 3266 1757 vocem
3292 1719 3445 1758 suam

1843 1794 2031 1865 (Prov.
2064 1810 2104 1862 ι,
2136 1792 2252 1865 20).
2288 1790 2459 1863 Cujus
2498 1808 2689 1849 vocem
2734 1808 2953 1864 quoque
2999 1790 3270 1859 insinuat,
3304 1790 3447 1849 sub—

123 1896 209 1947 cx,
239 1879 323 1954 6).
358 1879 440 1936 Ac
462 1877 509 1935 si
540 1886 727 1951 aperte
754 1878 904 1935 dicat
928 1896 939 1933 ξ
972 1877 1187 1935 Idcirco
1202 1876 1587 1935 fortitudinem
1618 1890 1731 1965 8313’»
1760 1902 1808 1965 Β
1839 1882 2006 1942 dens:
2045 1884 2339 1955 Usquequo,
2362 1882 2603 1956 parvuli,
2626 1881 2850 1952 diligitis
2878 1880 3192 1951 infantiam,
3222 1887 3271 1937 et
3296 1880 3450 1939 stulti

126 1966 461 2041 operationis
499 1966 766 2035 insinuat,
801 1967 823 2002 ²
853 1973 916 2023 ut
943 1983 1063 2023 eam
1087 1966 1183 2042 qui
1199 1964 1435 2022 audierit
1456 1965 1616 2021 donis
1636 1963 1734 2020 di-

128 2065 313 2115 tescat.
346 2058 557 2114 Morem
600 2051 736 2130 Ergo
789 2056 876 2114 sui
914 2056 1175 2113 creatoris
1231 2056 1511 2112 imitantes
1557 2054 1733 2112 sancti

127 2149 255 2220 viri,
284 2164 692 2225 nonnunquam
729 2147 979 2223 quaedam
1010 2148 1077 2205 de
1119 2164 1196 2219 se,
1230 2156 1292 2204 ut
1321 2147 1607 2204 audientes
1636 2148 1735 2204 in-

126 2246 360 2309 struant,
397 2255 508 2297 non
538 2246 603 2297 ut
641 2237 749 2312 ipsi
779 2238 1093 2314 proﬁciant,
1126 2238 1517 2307 manifestam;
1551 2245 1603 2295 et
1639 2245 1734 2293 ta-

127 2347 250 2388 men
280 2329 340 2386 in
368 2328 459 2386 his
483 2329 593 2385 alta
612 2345 668 2385 se
688 2328 1129 2387 consideratione
1148 2327 1490 2401 custodiunt,
1512 2344 1580 2383 ne
1601 2327 1733 2385 dum

126 2419 263 2477 alios
302 2435 335 2475 a
379 2425 603 2476 terrena
640 2418 952 2477 intentione
1000 2419 1244 2493 erigunt,
1276 2417 1380 2495 ipsi
1417 2416 1474 2473 in
1505 2424 1733 2473 terrena:

127 2508 305 2567 laudis
343 2509 684 2584 appetitione
742 2517 1081 2584 mergantur.
1134 2511 1381 2579 Quorum
1410 2509 1735 2583 plerumque

127 2599 275 2659 dicta
302 2602 324 2636 ⁸
377 2600 671 2658 imitantur
708 2599 1039 2675 hypocrita,
1082 2600 1177 2658 s'ed
1207 2601 1483 2658 dictorum
1513 2614 1735 2655 sensum

128 2690 345 2765 penitus
372 2689 651 2764 ignorant,
673 2692 804 2766 quia
823 2692 972 2766 quod
995 2690 1133 2765 justi
1154 2699 1324 2765 agunt
1344 2690 1412 2747 ad
1440 2689 1734 2747 utilitatem

128 2780 391 2853 proximi,
422 2780 530 2837 hoc
559 2780 667 2854 ipsi
713 2780 928 2838 faciunt
969 2780 1039 2838 ad
1082 2781 1464 2839 extensionem
1494 2774 1738 2835 nominis

130 2870 231 2927 sui.
272 2872 509 2928 Sanctus
535 2877 721 2927 autem
752 2871 842 2926 vir
879 2870 1205 2947 hypocritas
1239 2871 1482 2938 intuens,
1521 2884 1737 2941 nequa—

128 2981 287 3039 quam
315 2965 555 3037 gloriam
589 2963 836 3020 futuram
864 2973 1139 3038 appetere,
1158 2964 1255 3019 sed
1274 2980 1473 3034 cupere
1492 2978 1741 3033 prasen-

128 3063 237 3111 tem
262 3062 454 3113 tenere
484 3051 593 3108 ait:
632 3054 761 3120 Qua:
802 3053 941 3109 enim
987 3070 1103 3126 spes
1145 3058 1218 3108 est
1251 3051 1580 3123 hypocrita?
1611 3047 1742 3122 quia

127 3146 257 3206 dum
287 3142 585 3223 praesentia
633 3140 839 3217 diligit,
875 3141 1063 3199 futura
1102 3142 1333 3198 minime
1362 3149 1562 3215 sperat.
1598 3140 1741 3199 Scri-

126 3252 282 3320 ptum
314 3258 555 3319 namque
580 3248 662 3299 est
687 3259 698 3297 :
735 3240 887 3310 Quod
913 3240 1051 3297 enim
1080 3240 1220 3299 videt
1246 3239 1389 3314 quis,
1407 3240 1535 3311 quid
1563 3244 1743 3315 sperat

129 3337 312 3410 (Rom.
341 3350 468 3404 VIII,
498 3331 627 3407 211)?
653 3330 865 3397 Idcirco
894 3347 1024 3405 ergo
1042 3330 1111 3389 ab
1140 3330 1436 3407 hypocrita
1454 3330 1523 3387 ad
1539 3338 1744 3388 aeterna

127 3425 359 3500 praemia
385 3439 484 3499 per
512 3438 664 3497 spem
707 3422 939 3481 minime
969 3421 1244 3494 tenditur,
1282 3421 1409 3496 quia
1454 3421 1602 3496 quod
1632 3420 1742 3477 alio

131 3513 493 3591 quaerendum
521 3518 667 3580 563
694 3512 893 3587 fuerat,
925 3511 1019 3572 hic
1046 3529 1102 3571 se
1126 3520 1310 3571 tenere
1328 3510 1613 3585 gloriatur.
1639 3509 1742 3569 Cu-

131 3612 219 3686 jus
246 3612 381 3687 quia
408 3611 573 3686 culpa
600 3612 812 3686 prolata
842 3618 947 3685 est,
978 3611 1147 3673 etiam
1178 3626 1340 3687 poena
1363 3604 1743 3684 subjungitur,

135 3719 258 3765 cum
287 3700 546 3781 protinus
574 3700 949 3763 subinfertur:

731 3809 960 3873 CAPUT
998 3808 1147 3869 VIII.

205 3920 381 3979 Vnus.
412 3920 469 3977 9.
501 3948 573 3961 —
601 3917 861 3989 Nunquid
901 3918 1182 3974 clamorem
1209 3918 1323 3990 ejus
1362 3917 1543 3975 audiet
1581 3917 1744 3983 Deus,

137 4026 250 4067 cum
286 4008 498 4066 venerit
523 4015 684 4080 super
710 4008 867 4067 illum
894 4007 1143 4081 angustia
1162 4011 1192 4066 ?

209 4101 295 4161 15.
330 4098 442 4168 Qui
468 4098 637 4159 Deum
662 4115 771 4158 non
796 4099 950 4158 audit
977 4099 1035 4156 in
1083 4100 1187 4172 lege
1229 4101 1545 4170 loquentem,
1583 4113 1747 4155 orans

136 4193 192 4248 in
220 4190 475 4251 extremis
518 4208 555 4251 a
584 4191 694 4251 Deo
735 4207 845 4251 non
890 4190 1163 4249 audietur.
1190 4221 1262 4235 -—
1290 4190 1598 4248 Clamorem
1629 4187 1749 4261 ejus

138 4281 407 4356 angustias
433 4288 682 4354 tempore
706 4282 854 4342 Deus
883 4298 999 4341 non
1028 4280 1204 4350 audit,
1221 4280 1353 4355 quia
1368 4278 1746 4353 tranquillita-

138 4374 210 4431 tis
231 4380 482 4445 tempore
502 4372 564 4431 in
600 4372 889 4445 praeceptis
924 4372 1040 4431 suis
1068 4372 1184 4445 ipse
1209 4372 1538 4430 clamantem
1563 4367 1748 4426 Domi-

138 4479 275 4520 num
305 4477 419 4521 non
446 4460 685 4521 audivit.
727 4461 1009 4535 Scriptum
1042 4462 1244 4535 quippe
1273 4469 1386 4519 est:
1424 4460 1529 4529 Qui
1557 4458 1751 4516 avertit

138 4569 327 4609 cavrem
360 4569 512 4611 suam
530 4569 594 4608 ne
619 4552 811 4611 audiat
841 4553 1019 4623 legem,
1048 4552 1222 4609 oratio
1250 4550 1365 4621 ejus
1383 4550 1484 4606 erit
1506 4566 1751 4605 exsecra-

1843 1990 1903 2029 ea
1931 1990 2047 2044 qua
2073 1973 2175 2029 sibi
2207 1979 2329 2029 sunt
2360 1972 2525 2029 noxia
2550 1974 2575 2009 θ
2601 1972 2841 2044 cupiunt,
2880 1978 2927 2026 et
2956 1971 3307 2042 imprudentes
3336 1970 3446 2027 odio

1844 2062 1970 2119 bunt
2014 2062 2285 2120 scientiam
2342 2064 2530 2136 (Ibid.,
2566 2064 2706 2134 22)?
2754 2062 3133 2121 Conrertimini
3168 2063 3240 2118 ad
3276 2078 3448 2118 cor~rs~

1836 2153 2070 2225 ptionem
2096 2171 2297 2219 meam;
2326 2171 2390 2209 en
2413 2152 2692 2226 proferam
2720 2153 2864 2209 vobis
2903 2153 3153 2224 spiritum
3178 2170 3371 2219 meum,
3401 2158 3450 2208 et

1844 2244 2113 2299 ostendam
2143 2244 2300 2300 verba
2330 2261 2443 2301 mea
2478 2244 2671 2316 (Ibid,
2703 2243 2819 2316 23).
2864 2245 2948 2299 En
2981 2242 3237 2316 qualibus
3264 2241 3450 2298 verbis

1844 2348 2100 2404 expressa
2129 2340 2208 2387 est
2258 2332 2492 2389 dulcedo
2521 2333 2790 2389 vocantis.
2825 2331 3126 2389 Videamus
3153 2346 3302 2389 nunc
3331 2330 3450 2405 qui-

1844 2422 1948 2478 bus
1971 2422 2287 2479 insinuatur
2304 2423 2484 2480 modis
2516 2423 2779 2481 severitas
2811 2422 3166 2494 increpantis,
3190 2422 3324 2477 utin
3342 2422 3451 2477 ﬁne

1845 2511 2175 2586 quandoque
2196 2530 2251 2569 se
2272 2521 2525 2571 exerceat
2552 2512 2827 2570 districtio
2850 2512 3153 2585 punientis.
3180 2512 3319 2580 Quia
3351 2530 3452 2567 vo-

1845 2601 1981 2669 cavi,
2004 2600 2205 2675 inquit,
2237 2609 2285 2658 et
2312 2602 3034 2669 renuistis;extendimanum
3065 2620 3249 2669 meum,
3282 2608 3329 2656 et
3348 2620 3453 2659 non

1846 2689 1953 2761 fuit
1981 2692 2072 2762 qui
2092 2691 2425 2763 aspicerel;‘°
2455 2694 2764 2767 despexistis
2793 2709 2941 2750 omne
2960 2693 3238 2750 consilium
3260 2710 3451 2760 meum,

1847 2786 1896 2835 et
1918 2781 2300 2853 increpationes
2330 2802 2470 2841 meas
2496 2784 2797 2856 neglexistis
2831 2784 3017 2855 (Ibid.,
3048 2782 3138 2852 24,
3160 2782 3275 2855 25).
3298 2782 3457 2838 Dicat

1841 2870 1957 2944 jam
1989 2873 2224 2945 qualiter
2251 2873 2432 2949 feriat,
2455 2893 2593 2950 quos
2607 2876 2676 2933 ad
2700 2893 2756 2933 se
2784 2876 3101 2933 nullatenus
3122 2860 3457 2932 revertentes

1848 2966 2003 3014 tanta
2029 2962 2447 3031 longanimitate
2475 2967 2887 3035 sustentat.Ego
2918 2982 3122 3036 quoque
3153 2964 3211 3021 in
3240 2963 3456 3018 interitu

1850 3055 2019 3105 vestro
2040 3049 2219 3105 ridebo
2249 3056 2297 3105 et
2323 3050 2678 3116 subsannabo,
2708 3068 2826 3107 cum
2854 3052 2998 3109 vobis
3025 3052 3165 3123 quod
3203 3051 3459 3109 timebatis

1848 3138 2140 3205 advenerit,
2177 3140 2217 3182 ¹ί
2249 3156 2363 3194 cum
2396 3139 2620 3195 irruerit
2649 3139 2921 3213 repentina
2944 3138 3245 3204 calamitas,
3270 3146 3317 3195 et
3330 3139 3456 3195 inte.

1775 3267 1820 3331 Ο
1850 3230 1987 3284 ritus
2019 3227 2173 3301 quasi
2204 3234 2473 3299 tempestas
2515 3228 2796 3299 ingruerit,
2836 3228 3047 3298 quando
3076 3227 3276 3283 venerit
3303 3242 3461 3300 super

1850 3340 1943 3379 vos
1975 3322 2251 3378 tribulatio
2280 3327 2328 3377 et
2357 3321 2622 3395 angustia.
2656 3322 2798 3381 Tunc
2822 3320 3134 3377 invocabant
3151 3338 3250 3387 me,
3283 3327 3329 3376 et
3358 3310 3467 3375 non

1853 3413 2166 3478 exaudiam;
2194 3429 2348 3470 mane
2363 3415 2693 3483 consurgent,
2716 3416 2879 3465 etnon
2894 3410 3156 3464 invenient
3174 3427 3253 3464 me
3274 3409 3459 3481 (Ibid,

1853 3504 2066 3577 26-28).
2088 3505 2193 3561 Ore
2222 3504 2407 3576 itaque
2428 3501 2820 3576 sapientissimi
2840 3501 3153 3558 Salomonis
3176 3508 3376 3559 cuncta
3393 3501 3462 3558 de

1853 3611 2091 3669 superno
2139 3592 2352 3667 judicio
2406 3594 2701 3666 diligenter
2758 3609 3014 3665 expressa
3064 3598 3218 3659 sunt,
3253 3590 3381 3663 quia
3409 3597 3465 3647 et

1855 3684 2008 3757 prius
2038 3683 2277 3743 dulciter
2307 3692 2489 3753 vocat,
2509 3691 2563 3739 et
2576 3682 2925 3756 postmodum
2942 3680 3265 3739 terribiliter
3290 3680 3463 3737 incre-

1855 3783 1968 3849 pat,
2000 3782 2053 3831 et
2082 3774 2151 3830 ad
2179 3768 2491 3833 extremum
2522 3772 3010 3833 inretractabiliter
3039 3772 3284 3831 damnat.
3319 3771 3465 3829 Bene

1855 3883 1982 3939 ergo
2012 3865 2248 3923 dicitur:
2290 3865 2552 3938 Nunquid
2600 3868 2883 3922 clamorem
2927 3864 3043 3935 ejus
3096 3864 3276 3920 audiet
3302 3864 3466 3927 Deus,

1855 3956 2068 4029 quando
2090 3940 2289 4011 venerit
2323 3972 2481 4029 super
2508 3955 2665 4012 illum
2693 3954 2984 4025 angustia?
3020 3950 3163 4019 Quia
3199 3949 3466 4007 nimirum

1856 4046 2040 4103 omnis
2065 4044 2361 4119 hypocrita
2375 4052 2511 4103 tunc
2540 4043 2846 4099 remedium
2878 4042 2936 4097 in
2956 4041 3196 4097 clamore
3225 4050 3338 4092 non
3369 4034 3469 4092 in-

1858 4135 2033 4204 venit,
2067 4134 2163 4208 qui
2198 4149 2349 4193 nunc
2376 4141 2595 4205 tempus
2631 4146 2939 4204 congruum
2975 4126 3233 4185 clamoris
3264 4124 3463 4200 perdit.

1857 4229 1935 4284 De
1964 4224 2124 4300 cujus
2150 4223 2332 4281 adhuc
2360 4222 2631 4299 pravitate
2663 4220 3049 4293 subjungitur:

2276 4330 2506 4391 CAPUT
2546 4330 2624 4387 1x
2666 4329 2810 4403 meo.
2867 4326 3046 4400 VIII].

1932 4445 2104 4501 Vnus.
2150 4441 2235 4498 10.
2259 4471 2331 4483 -
2350 4441 2462 4496 Aut
2481 4439 2677 4511 poterit
2706 4438 2759 4493 in
2799 4439 3160 4510 Omnipotente
3189 4429 3471 4512 delectari?

1936 4543 2021 4602 i6.
2061 4542 2278 4613 Utrique
2306 4542 2513 4596 amores
2539 4539 2639 4596 Dei
2667 4545 2715 4593 et
2761 4537 2968 4603 mundi,
3000 4554 3104 4591 uno
3134 4535 3191 4591 in
3244 4536 3399 4593 corde
3420 4550 3474 4590 se

139 4644 263 4700 bilis
292 4644 483 4716 (Prov.
515 4659 718 4711 xxvnr,
749 4643 831 4714 9).
894 4644 1127 4701 Sanctus
1162 4642 1347 4715 itaque
1390 4640 1477 4697 vir
1527 4640 1752 4696 intuens
1777 4640 1829 4702 D
1864 4651 1967 4689 non
1991 4634 2224 4704 capiunt.
2248 4663 2319 4674 -—
2345 4630 2453 4699 Qui
2493 4627 2641 4686 enim
2690 4636 3035 4685 terrenarum
3069 4643 3253 4683 rerum
3287 4640 3473 4682 amore

142 4735 163 4770 ⁸
194 4734 327 4806 quia
345 4749 537 4791 omnes
556 4732 651 4804 qui
672 4749 823 4791 nunc
844 4734 1060 4805 operari
1088 4741 1237 4790 recta
1262 4738 1628 4790 contemnunt
1646 4747 1756 4786 ex-

142 4830 323 4880 tremo
353 4838 410 4878 se
440 4829 688 4895 tempore
717 4821 785 4878 ad
816 4821 1103 4894 petitionis
1116 4822 1284 4879 verba
1299 4818 1754 4888 convertunt,di-

140 4915 250 4972 cit:
300 4914 563 4986 Nunquid
606 4915 893 4972 clamorem
932 4913 1049 4985 ejus
1105 4915 1286 4971 audiet
1326 4914 1509 4973 Deus?
1544 4911 1757 4981 Quibus

138 5003 394 5077 profecto
420 5003 607 5065 verbis
635 5003 868 5063 vocibus
897 5002 1074 5063 nostri
1102 5001 1485 5076 Redemptoris
1504 5000 1758 5075 obsequi-

137 5102 258 5164 tur,
292 5094 391 5169 qui
420 5095 500 5155 ait
529 5112 541 5151 :
597 5093 898 5154 Novissime
936 5095 959 5129 ⁵
992 5092 1205 5150 veniunt
1230 5099 1279 5149 et
1307 5092 1475 5165 fatum
1502 5093 1756 5163 virgines,

138 5186 394 5245 dicentes:
424 5186 670 5252 Domine,
713 5185 960 5254 Domine,
1003 5184 1156 5258 aperi
1180 5184 1351 5243 nobis.
1382 5185 1456 5241 Et
1482 5182 1760 5255 responde-

223 5384 241 5421 ¹
287 5382 502 5451 Gem.,
545 5382 580 5438 2
609 5381 783 5439 Laud.
828 5390 885 5439 et
927 5381 1092 5439 Corb.
1140 5381 1351 5452 Germ,
1398 5382 1757 5440 annimtiavit.

222 5456 246 5491 ³
280 5454 488 5522 Aliter,
518 5460 579 5511 ut
606 5470 723 5513 cum
763 5454 856 5525 qui
882 5454 1136 5512 audierit.
1175 5455 1361 5512 Nostri
1389 5453 1517 5513 Mss.
1559 5453 1765 5510 habent

144 5544 290 5595 eam,
323 5541 441 5581 non
469 5542 604 5580 eum.

227 5600 250 5633 ³
282 5596 493 5654 Pratel.
528 5604 581 5651 et
609 5596 790 5665 Gem.,
818 5596 1108 5657 mirantur.

224 5670 461 5750 {Pr-at”
494 5667 703 5724 Gemet.
742 5675 798 5724 et
813 5668 1133 5750 lieccensis,
1179 5670 1307 5741 quia
1344 5670 1515 5727 omnis
1558 5671 1765 5744 qui.....

147 5741 463 5797 contemnit.
476 5783 487 5795 .
501 5782 512 5795 .
526 5783 536 5795 .
550 5782 584 5795 ..
617 5741 884 5796 convertit.

226 5817 248 5849 δ
274 5810 573 5870 Beccensis
599 5819 654 5867 et
682 5811 918 5882 Gemet.,
938 5811 1162 5869 vestiens.

226 5888 250 5923 ⁶
282 5886 318 5944 2
350 5882 556 5954 Laud.,
581 5883 711 5961 quia
734 5889 883 5942 tanta
912 5890 1118 5959 tantque
1136 5902 1325 5960 magna
1356 5894 1493 5947 tunc.

1865 4725 2133 4793 vincitur,
2168 4723 2224 4779 in
2263 4726 2376 4780 Deo
2405 4724 2723 4780 nullatenus
2742 4722 3065 4778 delectatur.
3090 4723 3223 4777 Esse
3249 4720 3475 4793 quidem

1866 4816 1984 4874 sine
2013 4813 2376 4871 delectatione
2423 4814 2609 4870 anima
2654 4829 2941 4886 nunquam
2990 4818 3192 4883 potest,
3224 4825 3352 4866 nam
3381 4815 3477 4865 aut

1867 4906 2076 4963 inﬁmis
2102 4911 2251 4968 564
2274 4905 2579 4962 delectatur
2599 4913 2695 4962 aut
2718 4902 2975 4973 summis,
2993 4910 3047 4959 et
3068 4908 3276 4975 quanto
3291 4898 3476 4957 altiori

1867 5006 2053 5063 studio
2072 5014 2363 5063 exercetur
2405 5006 2475 5062 ad
2522 5021 2761 5074 summa,
2801 5011 2958 5061 tanto
3008 5000 3206 5073 majori
3253 4996 3477 5054 fastidio

1868 5097 2132 5170 torpescit
2159 5096 2228 5153 ad
2258 5095 2483 5165 inﬁma;
2516 5103 2834 5170 quantoque
2862 5092 3072 5150 acriore
3104 5106 3235 5147 cura
3262 5084 3476 5142 inarde-

1869 5187 1973 5244 scit
2014 5187 2084 5243 ad
2122 5186 2338 5257 inﬁma,
2383 5194 2539 5244 tanto
2592 5195 2780 5260 tepore
2819 5179 3123 5242 damnabili
3165 5175 3411 5249 frigescit
3448 5192 3480 5234 a

1942 5387 1963 5422 ⁷
2000 5386 2025 5441 1
2059 5383 2231 5441 Laud.
2263 5389 2317 5440 et
2346 5384 2555 5449 Germ.,
2581 5382 2942 5453 praerogatiua

1946 5456 1968 5493 ⁸
1999 5458 2060 5512 In
2094 5456 2243 5511 Edit.
2279 5456 2437 5511 Rom.
2472 5443 2615 5507 Sinti
2639 5450 2689 5506 ν
2720 5443 2773 5502 et
2802 5447 2970 5501 Gilot.
3005 5443 3301 5512 omittitur,
3328 5443 3482 5498 modo

1874 5529 2011 5585 euim
2040 5544 2143 5581 non
2176 5526 2382 5580 videtur
2410 5530 2455 5577 et
2480 5537 2647 5594 prope
2675 5526 2768 5588 est,
2802 5518 2950 5592 quod
2979 5526 3160 5573 tamen
3190 5516 3393 5587 legitur
3423 5515 3477 5569 in

1878 5596 2358 5657 omnibusnostris
2380 5596 2507 5651 Mss.
2762 5664 2771 5667 Α
3033 5661 3069 5667 __
3160 5666 3163 5667 ν
3257 5658 3267 5667 ,
3341 5656 3373 5667 ,,

1952 5674 1973 5707 9
2012 5673 2168 5727 Becc.
2200 5678 2253 5725 et
2285 5668 2379 5724 alii
2409 5668 2623 5733 Norm.,
2652 5661 3167 5735 cupizmt....rodiun_t
3194 5658 3478 5735 scientiam.

1956 5744 2003 5777 ¹⁰
2033 5744 2095 5799 In
2122 5743 2306 5798 Germ.
2340 5748 2393 5795 et
2426 5738 2483 5813 in
2513 5731 2740 5813 24Laud'.
2776 5731 3260 5813 olim_dispe.ristis.

1958 5816 2001 5849 “
2035 5814 2265 5870 Addunt
2294 5809 2522 5883 Pratel.,
2546 5810 2761 5871 Gemet.
2791 5822 2856 5865 ac
2875 5805 3181 5885 alii,’super
3195 5816 3278 5859 eos
3306 5814 3484 5869 repen-

1889 5885 2020 5959 tina,
2050 5893 2154 5951 etc.
