3946 6370
138 378 203 437 49
879 372 1253 432 MORALIUM
1288 373 1423 432 LIB.
1464 374 1668 434 XVIII.
1705 403 1778 419 —
1816 375 1889 433 IN
1925 375 2154 434 CAPUT
2191 377 2403 435 XXVII
2440 379 2504 436 B.
2545 379 2688 438 JOB.
3374 385 3446 442 50

136 524 271 569 meus
296 501 628 562 manducabit
656 518 842 557 carnes
874 501 1056 573 (Deut.
1091 518 1274 569 XXXII,
1300 501 1419 573 42).
1451 502 1550 558 Dei
1580 502 1727 559 enim
1756 502 1811 564 Α
1839 505 2060 575 parabit
2086 504 2318 576 quidem,
2349 504 2437 560 sed
2454 502 2638 574 justus
2663 506 2909 562 vestietur
2938 482 3077 574 illis,
3097 515 3147 565 et
3170 517 3448 583 argentum

142 595 339 671 gladius
386 607 576 647 carnes
610 592 626 625 ¹
680 589 947 658 comedit,
978 590 1109 662 quia
1157 590 1214 645 in
1245 597 1495 647 extremo
1519 590 1734 662 judicio

140 687 249 760 ejus
266 681 533 739 sententia
559 697 652 737 eos
681 680 777 753 qui
800 681 1095 737 carnaliter
1116 681 1338 753 sapiunt
1365 681 1587 737 occidit.
1616 683 1734 750 Qua

139 779 191 834 in
218 793 272 832 re
303 772 657 848 querendum
693 779 775 827 est
805 789 906 829 cur
934 771 1151 828 dicatur
1180 772 1328 846 quod
1353 772 1495 829 hanc
1523 782 1732 845 partem

137 876 286 941 atque
316 863 695 920 hereditatem
721 880 879 920 suam
915 863 1071 936 pravi
1094 863 1163 920 ab
1192 864 1587 937 Omnipotente
1616 883 1733 939 per-

137 958 354 1031 cipiunt.
403 954 507 1012 Sed
555 961 706 1011 recte
753 954 1239 1012 considerantibus
1270 956 1444 1030 liquet
1476 958 1607 1031 quia
1631 958 1733 1014 etsi

136 1067 165 1108 a
200 1047 386 1121 seipsis
414 1045 731 1103 habuerunt
773 1046 979 1118 injuste
1025 1064 1205 1118 agere,
1249 1065 1499 1121 superne
1550 1057 1735 1106 tamen

136 1137 364 1211 equitati
386 1137 627 1208 suppetit
648 1135 852 1207 injuste
872 1144 994 1192 acta
1009 1135 1158 1209 juste
1170 1136 1442 1209 judicare,
1464 1146 1527 1194 ut
1545 1138 1736 1195 divina

135 1226 390 1286 sententia
412 1225 633 1282 ordinet
648 1224 707 1281 in
731 1241 949 1297 penam
975 1242 1114 1299 quos
1136 1225 1457 1283 inordinata
1480 1244 1578 1283 sua
1591 1228 1735 1285 actio

137 1316 293 1373 traxit
333 1315 400 1371 ad
431 1315 672 1387 culpam.
707 1316 788 1370 De
818 1314 1021 1387 quibus
1058 1324 1182 1388 apte
1227 1316 1620 1389 subjungitur:
1665 1318 1740 1375 Et

134 1412 326 1476 nepotes
352 1404 465 1474 ejus
496 1420 603 1458 non
632 1404 1025 1459 saturabuntur
1047 1422 1207 1476 pane.

199 1494 281 1550 2i.
303 1495 349 1549 A
374 1492 612 1548 veritatis
629 1493 919 1563 cognitione
930 1493 1184 1563 jejunant
1210 1495 1553 1566 Scripturam
1576 1497 1735 1567 legen-

137 1588 201 1638 tes
238 1582 307 1637 ad
352 1580 710 1653 quaestionem,
755 1599 861 1636 non
906 1582 979 1637 ad
1024 1582 1378 1652 refectionem.
1406 1616 1477 1626 —
1504 1587 1738 1657 Nepotes

136 1672 329 1745 quippe
365 1670 750 1726 hereticorum
778 1679 907 1727 sunt
938 1672 1033 1744 qui
1061 1671 1128 1728 de
1155 1674 1460 1730 errantium
1492 1674 1737 1733 filiorum

136 1758 520 1832 predicatione
552 1766 875 1815 nascuntur.
904 1760 1053 1827 Quos
1083 1777 1431 1835 nequaquam
1458 1763 1618 1835 panis
1643 1782 1740 1821 sa-

1844 594 2087 651 innocens
2111 597 2132 630 ⁸
2163 595 2379 650 diuidet.

1913 685 2002 741 24.
2043 684 2302 743 Catholici
2320 684 2589 740 hereticos
2615 685 2807 741 eisdem
2836 685 3009 757 Scrip.
3029 702 3193 741 sacra:
3212 690 3448 746 testimo-

1842 774 1947 829 uiis
1989 792 2107 846 qua:
2143 775 2454 847 proferunt,
2484 775 2763 831 debellant.
2786 807 2857 818 —
2879 776 3184 847 Argentum
3211 775 3446 849 intelligi

1843 864 1985 920 sacri
2020 864 2226 937 eloquii
2256 863 2477 921 claritas
2503 863 2664 933 solet,
2696 862 2840 921 sicut
2865 864 3000 921 alias
3039 864 3247 921 dicitur
3275 883 3288 921 :
3319 866 3448 923 Elo-

1843 952 1973 1024 quia
1999 954 2215 1009 Domini
2243 953 2451 1024 eloquia
2479 960 2645 1019 easta,
2661 960 2938 1025 argentum
2955 952 3073 1025 igne
3090 953 3452 1010 examinatum

1847 1043 2021 1117 (Psal.
2050 1060 2131 1113 χι,
2165 1044 2244 1116 7).
2268 1044 2341 1099 Et
2368 1043 2499 1116 quia
2521 1043 2778 1100 nonnulli
2809 1044 3090 1118 eloquium
3112 1045 3212 1103 Dei
3231 1061 3342 1103 non
3361 1045 3451 1102 in-

1845 1135 2019 1193 terius
2064 1151 2162 1208 per
2190 1133 2616 1203 exhibitionem,
2646 1134 2742 1191 sed
2768 1135 3013 1193 exterius
3044 1153 3142 1210 per
3172 1136 3453 1193 ostensio-

1844 1245 1972 1286 nem
2022 1226 2226 1284 habere
2268 1224 2700 1297 concupiscunt;
2733 1225 2943 1284 idcirco
2984 1242 3082 1301 per
3126 1225 3451 1300 prophetam

1844 1319 2052 1377 dicitur
2085 1336 2096 1374 :
2131 1316 2514 1387 Disperierunt
2524 1331 2698 1371 omnes
2714 1315 2938 1373 involuti
2955 1322 3171 1388 argento
3193 1316 3448 1389 (Sophon.

1846 1428 1887 1481 ι,
1924 1411 2037 1483 ll).
2071 1407 2139 1464 Hi
2170 1406 2438 1463 nimirum
2469 1406 2565 1479 qui
2589 1408 2812 1480 eloquio
2840 1407 2940 1464 Dei
2960 1424 3073 1464 non
3098 1406 3351 1464 interiori
3369 1421 3453 1463 re-

1847 1499 2086 1556 fectione
2133 1514 2189 1553 se
2221 1496 2455 1569 replent,
2487 1495 2582 1551 sed
2615 1496 2877 1553 exteriori
2908 1496 3222 1554 ostensione
3250 1512 3308 1552 se
3345 1512 3452 1552 ve-

1848 1595 2044 1652 stiunt.
2070 1592 2225 1651 Unde
2246 1600 2299 1648 et
2329 1592 2528 1649 horum
2548 1600 2858 1665 argentum,
2881 1590 2939 1647 id
2960 1598 3043 1648 est
3064 1591 3450 1649 hereticorum

1848 1684 2153 1758 eloquium,
2184 1692 2345 1738 terre
2374 1690 2456 1736 est
2484 1689 2883 1751 comparatum,
2919 1680 3049 1751 quia
3075 1680 3142 1735 de
3171 1681 3455 1752 Scriptura

1848 1790 2002 1832 sacra
2056 1780 2118 1829 ut
2161 1769 2374 1844 aliquid
2420 1768 2598 1825 sciant
2624 1782 2695 1822 ex
2740 1765 2987 1838 appetitu
3016 1773 3246 1822 terrane
3275 1766 3455 1823 laudis

134 1849 244 1917 “at,
274 1849 401 1921 (Ῑηίελ
428 1848 563 1903 dum
594 1849 652 1904 in
692 1849 831 1905 sacri
872 1849 1027 1905 verbi
1062 1850 1264 1923 P3131110
1309 1853 1433 1924 Plus
1470 1865 1726 1926 (Ιπδετῐιῐιῐ
1756 1872 1804 1933 Β
1838 1865 2144 1924 elaborant.
2187 1859 2295 1928 Qui
2336 1858 2504 1914 etiam
2552 1856 2696 1912 sicut
2725 1854 2904 1910 lutum
2938 1862 3249 1927 preparant
3275 1856 3457 1912 vesti-

136 1939 323 1996 sentire
345 1938 366 1973 ²
396 1954 563 2011 quam
590 1938 837 2011 capiunt,
861 1956 1076 2013 semper
1096 1958 1126 1997 a
1153 1942 1403 1998 veritatis
1421 1946 1738 2016 cognitione

133 2026 403 2100 jejunant;
438 2035 497 2083 et
526 2027 953 2101 predicamenta
984 2029 1250 2086 doctrine
1277 2048 1396 2105 que
1419 2034 1643 2092 student
1671 2038 1741 2095 ad

139 2126 487 2199 quaestionem
534 2141 799 2199 querere,
831 2122 977 2182 566
1023 2126 1224 2183 habere
1269 2144 1380 2184 non
1433 2131 1619 2187 valent
1672 2134 1742 2191 ad

141 2216 507 2272 refectionem.
536 2215 681 2283 Quia
711 2233 844 2273 vero
870 2217 1173 2273 nonnullos
1197 2234 1266 2274 ex
1296 2218 1493 2274 iisdem
1526 2220 1741 2279 hereti-

140 2305 213 2360 cis
235 2313 419 2361 sancta
440 2305 699 2362 Ecclesia
718 2305 953 2378 colligit,
986 2307 1288 2363 nonnullos
1319 2306 1378 2363 in
1409 2309 1625 2366 malitia
1646 2327 1744 2368 sua

142 2394 434 2467 pertinaces
464 2394 760 2468 relinquit,
800 2394 1055 2468 protinus
1085 2395 1312 2452 additur
1345 2415 1358 2454 :

724 2537 953 2595 CAPUT
991 2539 1145 2597 XIV.

201 2645 363 2703 Vsus.
403 2646 686 2715 lii—Qui
704 2647 901 2718 reliqui
926 2646 1132 2717 fuerint
1160 2664 1226 2703 ea:
1255 2664 1335 2712 eo,
1354 2646 1669 2718 sepelientur
1688 2646 1746 2701 in

141 2735 364 2794 interitu.

201 2825 287 2882 22.
319 2827 385 2882 In
412 2842 606 2881 errore
622 2825 963 2881 morientium
986 2843 1165 2897 poena.
1187 2857 1259 2868 —
1277 2827 1366 2881 Ex
1394 2844 1459 2881 eo
1486 2826 1747 2882 videlicet

144 2911 520 2970 hereticorum
550 2913 760 2984 populo
778 2912 1027 2968 derelicti
1050 2914 1394 2984 sepeliuntur
1414 2914 1472 2968 in
1493 2915 1746 2974 interitu,

144 3003 256 3077 quia
284 3003 416 3059 dum
451 3001 526 3056 ad
567 3001 749 3056 lucem
780 3000 1031 3056 veritatis
1073 3018 1185 3057 non
1216 3000 1471 3069 redeunt,
1498 3002 1747 3073 profecto

145 3091 195 3147 in
212 3108 366 3164 poena
385 3096 676 3165 perpetua,
699 3089 1067 3161 intelligentia
1090 3098 1309 3146 terrena
1333 3090 1743 3162 deprimuntur.

144 3182 206 3238 Et
224 3183 347 3255 quia
372 3195 783 3252 nonnunquam
807 3177 939 3233 dum
960 3186 1153 3235 auctor
1173 3179 1475 3235 errantium
1503 3179 1747 3251 plebium

146 3231 344 3345 rapitur
389 3271 459 3327 ad
506 3231 746 3343 penam,
787 3267 1027 3324 seducte
1059 3267 1245 3340 plebes
1274 3231 1751 3325 reformanturﬂad
1779 3231 1824 3293 ϐ
1858 3236 1894 3345 Ξ

144 3363 382 3418 veritatis
410 3359 729 3426 scientiam,
761 3366 815 3413 et
865 3365 997 3414 tunc
1036 3357 1104 3413 ad
1144 3374 1329 3413 veram
1373 3358 1749 3431 cognitionem

146 3451 363 3508 redeunt
388 3450 629 3518 subditi,
662 3465 787 3504 cum
811 3447 877 3503 ad
896 3456 1099 3504 eterna
1122 3448 1393 3520 supplicia
1414 3448 1751 3520 perveniunt

148 3539 199 3596 hi
228 3543 248 3576 ³
278 3541 374 3614 qui
410 3539 557 3594 male
594 3538 817 3593 fuerant
848 3537 1081 3609 prelati,
1110 3546 1231 3609 apte
1259 3537 1617 3610 subjungitur
1650 3555 1661 3594 :

210 3632 343 3687 Iam.
370 3660 444 3672 —
474 3631 551 3685 Et
575 3628 753 3682 vidua:
780 3628 930 3683 illius
954 3645 1057 3683 non
1073 3628 1387 3699 plorabant.

212 3720 296 3777 23.
331 3718 566 3777 Erroris
622 3718 922 3772 doctoribus
975 3718 1046 3771 ad
1070 3733 1282 3788 poenam
1312 3718 1507 3788 raptis,
1538 3717 1757 3788 decepta:

146 3812 304 3881 plebes
343 3829 483 3883 saepe
536 3809 871 3880 resipiscunt.
920 3808 1067 3875 Quas
1116 3806 1314 3862 viduas
1360 3806 1480 3878 ejus
1539 3805 1757 3878 accipi-

152 3916 284 3969 mus,
347 3901 461 3957 nisi
522 3898 798 3969 subjectas
851 3895 1039 3968 plebes
1081 3904 1254 3951 morte
1313 3896 1466 3952 illius
1520 3895 1757 3951 feliciter

155 3988 438 4045 destitutas
454 3988 485 4043 ‘I
517 3985 658 4054 Quia
683 4001 844 4057 sepe,
871 3992 934 4040 ut
956 3985 1166 4041 dictum
1201 3992 1303 4053 est,
1328 3984 1460 4041 dum
1497 3983 1756 4057 praedicas

155 4084 232 4133 tor
249 4078 458 4135 erroris
487 4075 556 4132 ad
588 4082 792 4130 eterna
822 4075 1092 4148 supplicia
1112 4075 1346 4147 rapitur,
1368 4073 1488 4145 subj
1497 4081 1626 4129 eote
1647 4073 1758 4144 ple-

155 4165 239 4223 bes
267 4170 420 4224 illius
447 4166 518 4222 ad
553 4165 888 4238 cognitionis
932 4181 1072 4220 vere
1119 4166 1346 4238 gratiam
1381 4169 1756 4220 revertuntur.

158 4256 245 4312 His
264 4258 411 4313 enim
434 4254 692 4328 plebibus
707 4271 996 4327 perversus
1011 4254 1341 4328 predicator
1356 4253 1512 4326 quasi
1530 4252 1762 4307 maritus

158 4349 387 4419 prefuit,
407 4348 540 4423 quia
555 4346 698 4402 male
718 4347 797 4403 eis
814 4346 1145 4419 conjunctus
1162 4345 1456 4401 inheserat
1472 4352 1763 4416 corruptor

162 4438 368 4494 mentis.
398 4439 756 4510 Nequaquam
789 4453 918 4509 ergo
959 4435 1165 4505 vidue,
1192 4436 1278 4492 vel
1325 4435 1602 4490 destitute
1632 4436 1764 4507 plo-

160 4534 294 4595 rant,
322 4528 452 4600 quia
480 4534 660 4583 morte
684 4526 843 4599 pravi
874 4526 1119 4583 doctoris
1155 4526 1302 4580 viam
1332 4525 1582 4581 veritatis
1610 4526 1764 4581 inve-

163 4598 426 4685 niunt,vex
456 4616 618 4688 cujus
651 4598 885 4671 interitu
907 4614 1077 4686 aﬂligi
1105 4630 1262 4687 posse
1282 4614 1634 4670 videbantur.
1660 4614 1763 4671 Vel
1792 4598 1842 4657 D

165 4713 298 4761 certe
326 4723 437 4763 non
469 4706 692 4778 plorant
738 4704 944 4772 vidue,
977 4703 1107 4777 quia
1135 4704 1193 4759 in
1224 4721 1325 4759 suo
1355 4719 1542 4759 errore
1576 4718 1767 4759 rema-

167 4803 367 4865 nentes,
395 4794 530 4851 dum
561 4802 814 4851 sanctum
844 4793 1014 4848 fuisse.
1044 4793 1323 4849 estimant
1349 4793 1764 4865 predicatorem

169 4897 341 4954 suum,
369 4900 465 4957 spe
503 4884 639 4939 falsa
679 4898 748 4937 ne
785 4883 1008 4953 lugeant
1044 4882 1421 4939 consolantur.
1456 4881 1720 4953 Sequitur
1749 4897 1760 4937 :

417 5026 647 5085 CAPUT
674 5028 807 5085 XVI
840 5026 980 5102 [Vet.
1020 5025 1175 5091 VIII,
1205 5027 1323 5083 Rec.
1356 5024 1483 5099 XI].

1848 1963 2055 2021 menta,
2078 1950 2208 2026 quia
2226 1949 2375 2005 ﬂuxe
2394 1955 2450 2003 et
2477 1944 2898 2019 inquinabiliter
2920 1960 2985 2000 ea
3013 1944 3214 2018 quibus
3235 1961 3292 2001 se
3309 1945 3455 2001 tueri

1849 2053 2049 2108 volunt
2074 2048 2370 2120 Scripture
2407 2061 2575 2102 sacre
2601 2049 2908 2100 contexunt
2933 2036 3268 2096 testimonia.
3300 2035 3459 2091 Pre-

1849 2140 2065 2215 parabit
2108 2136 2356 2211 quidem,
2386 2134 2482 2191 sed
2508 2132 2694 2206 justus
2734 2132 3001 2188 vestietur
3044 2128 3180 2196 illis,
3207 2126 3337 2201 quia
3368 2124 3458 2180 vir

1851 2238 2002 2288 recta
2029 2229 2137 2286 ﬁde
2157 2229 2375 2301 plenus,
2401 2242 2522 2301 quae
2550 2224 2756 2282 sanctis
2779 2223 2920 2280 solet
2945 2220 3015 2279 ad
3038 2218 3312 2293 justitiam
3351 2215 3458 2272 de-

1852 2320 2058 2395 putari,
2090 2334 2154 2375 ea
2180 2318 2299 2389 ipsa
2327 2316 2625 2388 Scripture
2648 2330 2814 2371 sacras
2833 2329 2954 2387 que
2985 2309 3276 2366 hereticus
3301 2306 3461 2395 aﬁ‘ert

1852 2393 2177 2466 mstimonia
2207 2406 2441 2479 colligit,
2473 2413 2527 2461 et
2557 2404 2760 2460 erroris
2787 2402 2906 2474 ejus
2935 2398 3296 2474 pertinaciam
3330 2393 3459 2450 inde

1854 2497 2161 2557 convincit.
2187 2496 2395 2554 Contra
2413 2510 2517 2550 nos
2530 2508 2768 2566 namque
2795 2491 2927 2548 dum
2957 2505 3124 2546 sacre
3154 2485 3288 2559 legis
3307 2482 3460 2539 testi-

1855 2588 2044 2646 monia
2070 2592 2385 2659 apportant,
2412 2598 2600 2640 secum
2621 2581 2783 2638 nobis
2800 2580 3038 2636 aﬁ'erunt
3056 2575 3204 2633 unde
3232 2574 3460 2630 vincan-

1856 2687 1967 2739 tur.
2003 2675 2158 2734 Unde
2183 2683 2239 2731 et
2261 2674 2442 2731 David
2467 2681 2663 2747 typum
2688 2669 2937 2738 Domini,
2962 2666 3150 2725 Golias
3174 2681 3307 2721 vero
3336 2662 3462 2720 he-

1854 2768 2155 2825 reticorum
2189 2764 2503 2837 superbiam
2533 2763 2778 2835 signans,
2808 2759 2916 2816 hoc
2941 2757 3106 2814 rebus
3130 2753 3303 2814 locuti
3332 2758 3465 2809 sunt

1856 2856 2005 2929 quod
2069 2872 2172 2912 nos
2229 2852 2415 2910 verbis
2471 2850 2769 2925 aperimus.
2833 2847 3022 2905 Golias
3083 2843 3287 2919 quippe
3334 2856 3463 2929 cum

1859 2926 2062 3013 gladio,
2109 2942 2291 2995 David
2334 2957 2468 2995 vero
2517 2954 2646 2995 cum
2698 2954 2831 3010 pera
2884 2934 3145 3009 pastorali
3189 2931 3344 2988 venit
3394 2926 3464 2986 ad

1857 3029 2131 3105 praelium.
2173 3025 2280 3083 Sed
2312 3025 2567 3081 eumdem
2599 3024 2815 3079 Goliam
2854 3023 3033 3078 David
3061 3035 3325 3093 superans
3364 3035 3466 3075 suo

1859 3119 2040 3193 gladio
2097 3115 2324 3183 occidit,
2381 3113 2531 3187 quod
2581 3128 2705 3168 nos.
2730 3126 2946 3184 quoque
3002 3109 3237 3183 agimus,
3293 3109 3314 3142 ⁷
3369 3106 3466 3179 qui

1895 3214 2117 3275 romissi
2172 3212 2352 3270 David
2406 3209 2554 3267 567
2610 3208 2860 3264 membra
2911 3223 2981 3263 ex
3038 3205 3157 3278 ejus
3200 3204 3321 3261 ﬁeri
3369 3203 3468 3260 di-

1862 3308 2120 3383 gnatione
2150 3304 2477 3361 meruimus.
2506 3303 2645 3359 Nam
2671 3317 2798 3358 cum
2828 3298 3207 3373 superbientes
3236 3296 3469 3353 hereti-

1861 3417 1955 3457 cos
1987 3400 2007 3433 ⁸
2042 3405 2098 3453 et
2128 3412 2295 3453 sacre
2332 3394 2629 3467 Scripture
2664 3390 2966 3448 sententias
2993 3389 3322 3455 deterentes,
3350 3388 3471 3444 eis-

1861 3488 1987 3545 dem
2012 3486 2197 3542 verbis
2212 3492 2375 3558 atque
2393 3482 2685 3539 sententiis
2704 3497 2841 3555 quas
2861 3480 3150 3552 proferunt
3167 3477 3469 3547 vincimus,

1862 3576 2017 3651 quasi
2047 3576 2252 3631 elatum
2275 3574 2491 3631 Goliam
2518 3588 2619 3629 suo
2652 3570 2833 3643 gladio
2858 3568 3269 3625 detruncamus.
3286 3566 3472 3622 Justus

1863 3684 1993 3739 ergo
2019 3666 2257 3722 vestitur
2284 3664 2365 3720 eis
2391 3660 2739 3718 vestimentis
2763 3676 2885 3733 que
2913 3663 3183 3731 preparat
3205 3653 3470 3727 injustas,

1864 3759 1997 3833 quia
2024 3758 2112 3813 vir
2143 3763 2365 3813 sanctus
2392 3753 2598 3809 eisdem
2629 3751 2918 3808 sententiis
2944 3749 3014 3805 ad
3045 3746 3332 3803 veritatem
3363 3744 3473 3801 uti-

1862 3832 1978 3918 tur,
2009 3846 2212 3920 quibus
2239 3861 2296 3901 se
2335 3857 2626 3917 perversus
2654 3840 2886 3916 quisque
2914 3837 3139 3895 doctum
3184 3832 3473 3894 ostendere

1865 3946 2058 3996 contra
2087 3936 2377 3992 veritatem
2402 3940 2653 3991 conatur.
3341 3945 3353 3956 '

1938 4027 2028 4083 25.
2068 4026 2291 4085 Verbum
2343 4023 2444 4078 Dei
2490 4022 2714 4077 discrete
2741 4019 2884 4074 debet
2936 4014 3151 4088 exponi,
3176 4019 3227 4068 et
3250 4010 3475 4083 singulis

1867 4116 2068 4189 aptari.
2113 4116 2189 4170 Et
2229 4118 2506 4183 argentum
2541 4110 2787 4163 innocens
2814 4104 3030 4160 dividet.
3063 4132 3136 4144 —
3167 4103 3472 4174 Argentum

1870 4207 2137 4263 innocens
2188 4200 2438 4257 dividere
2476 4201 2522 4268 θ,
2578 4204 2662 4254 est
2710 4194 2931 4269 eloquia
2980 4191 3206 4249 Domini
3262 4189 3475 4246 minute

1871 4296 2215 4366 discreteque
2240 4305 2538 4363 exponere,
2568 4295 2622 4343 et
2645 4284 2946 4357 unicuique
2971 4280 3105 4355 quid
3137 4279 3302 4353 digne
3330 4291 3477 4334 con-

1873 4393 2032 4460 gruat
2061 4390 2334 4455 coaptare.
2356 4382 2494 4437 Nam
2522 4377 2804 4451 eloquium
2827 4372 3075 4441 Domini,
3102 4368 3253 4444 quod
3275 4366 3371 4460 hic
3393 4380 3477 4422 ar-

1874 4458 2122 4549 gentum,
2155 4473 2242 4528 vel
2274 4470 2628 4537 vestimenta,
2646 4466 2753 4522 hoc
2780 4464 2915 4521 alibi
2941 4461 3117 4536 spolia
3136 4458 3477 4549 nominatur.

1874 4547 2033 4633 Quod
2081 4564 2245 4621 etiam
2276 4560 2567 4618 Psalmista
2591 4564 2825 4614 testatur
2856 4569 2954 4628 per
2984 4547 3478 4623 comparationem,

1875 4655 2064 4712 dicens
2096 4673 2107 4711 :
2141 4653 2389 4709 Letabor
2416 4668 2503 4722 ego
2524 4665 2683 4721 super
2702 4645 2909 4717 eloquia
2941 4650 3055 4708 tua,
3071 4641 3206 4697 sicut
3231 4638 3324 4710 qui
3340 4636 3482 4690 inue-

1874 4747 1956 4802 nit
1982 4745 2155 4816 spolia
2182 4744 2353 4799 multa
2395 4741 2568 4814 (Psal.
2602 4754 2799 4806 cxvuI,
2834 4735 2983 4808 162).
3016 4733 3148 4801 Que
3174 4728 3351 4803 spolia
3386 4724 3483 4782 id-

1875 4836 2024 4892 circo
2062 4840 2257 4891 vocata
2293 4838 2444 4901 sunt,
2481 4830 2611 4902 quia
2638 4827 2707 4884 ad
2729 4826 2895 4883 ﬁdem
2924 4822 3148 4880 Domini
3177 4817 3484 4893 gentilitate

1874 4930 2223 4991 transeunte,
2251 4920 2427 4977 Judei
2453 4919 2625 4976 sacris
2649 4916 2906 4989 eloquiis,
2938 4914 3140 4988 quibus
3161 4911 3343 4968 induti
3366 4907 3482 4963 fuco

1874 5023 2022 5083 rant,
2061 5020 2369 5070 exuuntur.
2405 5009 2546 5083 [νει.
2582 5007 2710 5081 ΙΧ.]
2768 5009 2845 5063 De
2874 5005 2977 5061 hac
3015 5016 3233 5077 quoque
3270 4997 3482 5068 argenti

234 5117 400 5175 Vnus.
436 5118 525 5188 16,
554 5118 777 5176 l7.—Si
796 5086 1201 5189 edmportaverit
1230 5117 1251 5150 ⁴
1281 5116 1418 5170 sicut
1439 5086 1643 5169 terram
1669 5130 1768 5169 ar-
1875 5105 1965 5160 vel
2000 5103 2306 5176 spoliorum
2339 5099 2616 5156 divisione
2645 5098 2782 5153 alias
2810 5095 3017 5153 dicitur
3046 5112 3059 5150 :
3094 5086 3483 5189 Benjaminlp-

168 5212 385 5276 genium,
415 5216 463 5264 et
490 5208 625 5263 sicut
646 5209 814 5264 lutum
836 5205 1566 5280 preparaveritvestimenta,
1585 5204 1605 5237 ⁵
1626 5209 1807 5274 prce-'

243 5427 258 5462 ¹
285 5425 483 5495 Vind.,
516 5426 754 5482 devorat.

239 5498 260 5579 ξ
351 5497 550 5579 Laud,
580 5514 741 5579 quam
768 5494 1004 5579 sapiunt.

241 5569 262 5604 ³
293 5570 319 5625 1
351 5568 549 5638 Laud.,
574 5567 667 5640 qui
694 5567 1091 5637 maliﬁfuerant.

241 5641 262 5676 ‘
289 5640 322 5696 2
354 5639 550 5708 Laud,
580 5639 718 5694 sicut
748 5646 910 5694 terra.

240 5713 260 5746 δ
289 5706 563 5782 Plerique,
591 5711 942 5782 preparavit,
983 5709 1130 5781 quod
1162 5708 1306 5765 infra
1335 5706 1625 5778 repetitur.

243 5784 264 5817 ⁸
293 5781 466 5838 Laud;
478 5827 491 5850 ,
521 5781 730 5838 diuidit.

246 5856 265 5890 ⁷
298 5855 359 5910 In
387 5847 573 5912 Germ.
597 5853 730 5911 etin
749 5860 951 5925 poster.
974 5851 1178 5919 Editis,
1202 5851 1475 5923 promissi.
1498 5847 1697 5906 Melius
1712 5848 1768 5902 in

1872 5213 1976 5268 pus
2004 5175 2205 5268 rapax,
2233 5209 2387 5248 mane
2418 5191 2464 5226 ¹⁰
2493 5188 2718 5246 comedet
2762 5186 3026 5258 predum,
3056 5193 3262 5250 vespere
3289 5175 3489 5237 dividet

1875 5408 2002 5466 aliis
2028 5407 2158 5463 Mss.
2192 5412 2248 5460 et
2291 5409 2406 5459 vet.
2442 5398 2703 5465 Excusis,
2730 5395 3001 5468 promissa
3044 5392 3244 5462 David,
3274 5392 3489 5450 scilicet

1877 5479 2087 5538 Christi
2116 5476 2369 5533 membra.
2675 5541 2684 5547 _
2979 5541 2994 5547 _
3017 5538 3029 5547 ,
3181 5542 3192 5547 ,
3265 5535 3298 5547 -.

1950 5551 1971 5585 ⁸
1999 5547 2261 5615 Vindoc.,
2293 5562 2358 5601 ea:
2385 5557 2551 5598 sacrm
2577 5541 2858 5614 scripture
2884 5538 3054 5597 verbis
3081 5536 3361 5595 sententias
3389 5536 3491 5593 de—

1878 5622 2262 5757 [ϐξωέῗᾷιιᾶη
2285 5693 2359 5743 est
2381 5684 2589 5756 eloquia
2609 5685 2825 5741 Domini
2844 5685 3049 5739 minuta
3072 5683 3150 5753 (et
3165 5680 3224 5735 in
3243 5676 3489 5747 margine

1877 5765 2104 5834 munita)
2140 5763 2356 5834 discrete
2374 5772 2647 5834 exponere.

1957 5838 2002 5872 ¹⁰
2033 5827 2312 5900 Laudun.,
2347 5831 2634 5887 comedit...
2668 5827 2875 5884 dividit.
