3946 6366
474 391 534 448 fil
1223 412 1228 420 -
1679 379 1928 440 SANCTI
1966 375 2304 438 GREGORII
2344 375 2570 436 MAGNI
3718 379 3782 436 52

475 514 644 588 spolia.
667 513 874 583 (Genes.
905 521 1060 577 mx,
1090 507 1206 581 27).
1237 507 1452 578 Quibus
1477 507 1722 580 profecto
1750 505 1916 562 dictis
1936 503 2073 561 Pau-
2106 499 2157 566 Α
2257 503 2348 561 28.
2374 505 2527 561 Bona.
2551 499 2862 575 temporalia
2883 495 3030 557 nobis
3050 500 3308 557 servando
3328 497 3640 572 amittimus,
3657 521 3786 578 pau.

475 604 560 659 lus
589 601 866 674 apostolus
899 598 1238 669 designatur,
1267 599 1334 655 de
1364 597 1652 669 Benjamin
1683 596 1850 667 stirpe
1876 609 2080 667 proge-

475 692 646 753 nitus,
673 689 767 762 qui
791 703 949 742 mane
975 689 1214 760 prmdam
1242 687 1502 754 comedit,
1526 687 1654 759 quia
1681 683 1736 740 in
1760 683 2078 757 primordiis

473 779 588 836 suis
615 777 802 833 ﬁdeles
840 793 976 850 quos
1009 778 1191 850 potuit
1237 777 1453 849 rapiens
1501 775 1810 831 crudelitati
1844 772 2077 847 proprize

472 867 761 924 satisfecit.
795 865 1030 938 Vespere
1050 867 1222 938 spolia
1249 865 1462 933 divisit,
1483 863 1613 936 quia
1634 862 1813 920 ﬁdelis
1841 867 2078 935 postmo-

475 959 608 1015 dum
637 955 815 1014 factas
845 971 994 1012 sacra
1025 957 1245 1029 eloquia
1274 955 1600 1028 exponendo
1628 953 1933 1011 distribuit.

546 1046 637 1106 26.
693 1043 1050 1104 Discerncnda
1079 1051 1200 1101 sunt
1248 1063 1363 1118 qum
1409 1047 1694 1102 salubriter
1731 1046 1796 1101 ab
1825 1041 2081 1099 haereticis

475 1141 636 1196 dicta.
661 1165 733 1182 --
761 1139 1026 1208 Quamvis
1055 1138 1158 1196 hoc
1185 1145 1468 1211 argentum
1499 1136 1646 1212 quod
1675 1135 1878 1194 dividit
1906 1134 2080 1192 inno-

475 1243 608 1287 cens
643 1227 878 1301 intelligi
922 1238 976 1284 et
1018 1229 1180 1284 aliter
1208 1233 1402 1300 potest.
1437 1227 1692 1284 Hmretici
1732 1241 1990 1300 namque,
2018 1229 2080 1282 ut

476 1319 640 1376 facile
687 1320 900 1374 valeant
931 1331 1183 1391 perversa
1213 1318 1461 1387 suadere,
1494 1317 1660 1374 dictis
1687 1317 1802 1374 suis
1829 1315 2077 1390 quzedam

476 1419 624 1465 recta
670 1411 1021 1482 permiscent,
1064 1417 1124 1464 ut
1165 1409 1378 1464 animos
1416 1408 1762 1466 audientium
1816 1425 1886 1464 ex
1917 1407 2080 1462 rectis

475 1499 726 1554 sensibus
751 1499 994 1565 trahant,
1031 1513 1100 1553 ex
1134 1498 1405 1570 perversis
1440 1498 1666 1554 feriant.
1709 1497 1812 1565 Qui
1843 1495 1900 1552 in
1931 1509 2081 1568 pree-

473 1587 644 1658 ceptis
669 1587 791 1654 Dei,
821 1587 948 1658 quia
976 1601 1107 1642 sana
1137 1587 1438 1660 insanaque
1467 1588 1741 1644 locutione
1773 1585 2079 1652 variantur,

472 1675 612 1732 bene
641 1676 700 1730 in
729 1675 1033 1745 Evangelio
1057 1674 1245 1730 decem
1271 1676 1610 1746 leprosorum
1631 1684 1761 1730 sunt
1788 1675 1967 1746 specie
1991 1673 2081 1729 de-

475 1764 676 1835 signati
709 1763 861 1835 (Luc.
894 1779 1034 1830 xvn,
1070 1765 1184 1834 l2),
1208 1777 1444 1835 quorum
1473 1765 1645 1820 colori
1677 1781 1808 1820 sano
1837 1764 1971 1820 dum
2001 1763 2082 1818 vi-

2183 593 2398 666 peribus
2426 593 2688 665 eroganda
2705 607 2994 648 ser-eamus.
3011 620 3084 633 —
3100 589 3202 648 Cui
3221 591 3484 649 nimirum
3507 595 3786 654 sententiae

2187 686 2476 744 Psalmista
2503 681 2808 741 concinens
2840 681 3013 739 dicit:
3045 682 3270 740 Turbati
3297 689 3419 738 sunt
3447 702 3618 740 omnes
3651 685 3790 742 insi-

2183 780 2384 851 pientes
2412 775 2635 840 corde;a
2667 773 3003 830 dormierunt
3030 789 3266 828 somnum
3298 791 3474 841 suum,
3493 782 3539 830 et
3568 778 3790 833 nihilin-

2187 871 2439 923 venerunt
2465 879 2639 920 omnes
2667 861 2776 918 viri
2801 861 3111 919 divitiarum
3140 862 3194 918 in
3212 864 3456 919 manibus
3483 865 3592 920 suis
3621 866 3788 936 (Psal.

2189 971 2362 1024 Lxxv,
2388 954 2468 1027 6).
2500 951 2570 1011 Ut
2598 951 2744 1009 enim
2773 951 2830 1008 in
2861 967 2959 1009 sua
2989 967 3155 1008 manu
3185 951 3387 1010 divites
3408 962 3532 1027 post
3560 963 3793 1012 mortem

2188 1045 2488 1120 quidquam
2510 1042 2820 1111 inveniant,
2839 1039 2918 1098 eis
2937 1049 3062 1098 ante
3084 1047 3315 1100 mortem
3346 1042 3555 1100 dicitur
3573 1040 3794 1101 divitias

2189 1150 2316 1193 snas
2340 1133 2396 1191 in
2414 1149 2648 1208 quorum
2682 1129 2938 1188 manibus
2968 1139 3208 1206 ponant:
3230 1133 3407 1188 Facile
3432 1134 3575 1189 vobis
3603 1133 3796 1190 amicos

2189 1227 2252 1285 de
2291 1243 2589 1284 mammona
2618 1223 2938 1298 iniquitatis,
2969 1231 3029 1280 ut
3053 1240 3169 1279 cum
3195 1225 3512 1296 defeceritis,
3543 1226 3797 1300 recipiant

2187 1333 2279 1374 eos
2321 1319 2372 1374 in
2416 1324 2612 1373 (eterna
2647 1317 2987 1372 tabernacula
3023 1315 3174 1388 (Luc.
3206 1332 3326 1385 xvr,
3358 1317 3438 1388 9).
3480 1317 3647 1373 Dives
3684 1335 3799 1372 cum

2189 1409 2490 1473 dor-inierit,
2519 1408 2654 1462 nihil
2687 1423 2857 1462 secum
2903 1405 3112 1476 auferet
3161 1403 3303 1478 [Rea
3339 1403 3498 1480 XII],
3533 1407 3640 1464 Res
3677 1423 3800 1462 suas

2191 1513 2314 1556 cum
2344 1503 2651 1554 moreretur
2679 1511 2862 1552 secum
2895 1495 3134 1563 tolleret,
3167 1495 3212 1551 si
3244 1495 3309 1551 ad
3343 1495 3582 1569 petentis
3607 1513 3800 1552 vocem

2189 1603 2315 1645 cum
2345 1587 2558 1643 viveret
2601 1585 2706 1643 sibi
2749 1584 2984 1642 tulisset.
3035 1586 3170 1642 Nam
3201 1592 3419 1642 terrena
3458 1586 3649 1642 omnia
3681 1601 3800 1659 qua:

2191 1679 2460 1736 servando
2507 1678 2836 1746 amittimus,
2862 1677 3146 1750 largiendo
3177 1695 3490 1737 servamus:
3526 1678 3805 1750 patrimo-

2191 1769 2457 1842 niumque
2486 1775 2735 1824 nostrum
2760 1773 3032 1824 retentum
3057 1769 3076 1804 ‘
3109 1765 3378 1840 perditur,
3409 1775 3596 1824 manet
3620 1784 3803 1840 eroga-

475 1852 652 1910 tiosus
692 1852 899 1908 candor
929 1851 1259 1924 aspergitur,
1293 1853 1658 1910 immoderato
1704 1852 1810 1910 hoc
1846 1853 2084 1910 candore
2117 1875 2162 1936 Β
2191 1867 2330 1916 tum,
2356 1858 2464 1916 Diu
2484 1857 2632 1914 enim
2663 1873 2790 1915 cum
2818 1857 2982 1914 rebus
3011 1855 3214 1913 nostris
3243 1856 3442 1914 durare
3471 1874 3588 1914 non
3617 1873 3806 1931 possu-

476 1941 776 1999 fmdantur.
806 1940 960 1999 Unde
1003 1942 1371 1999 admonemur
1412 1959 1517 1998 non
1539 1947 1663 2015 plus
1692 1960 1894 2014 sapere,
1924 1957 2084 2013 quam

475 2039 680 2105 oportet
706 2050 909 2104 sapere,
932 2033 1019 2088 sed
1037 2047 1220 2103 sapere
1239 2033 1308 2088 ad
1324 2033 1650 2088 sobrietatem
1677 2034 1849 2104 (Rom.
1874 2047 1976 2100 x11,
1999 2032 2078 2103 3).

475 2120 582 2190 Qui
613 2122 779 2178 etiam
808 2121 937 2194 quia
955 2121 1191 2178 necdum
1223 2124 1396 2178 Deum
1428 2121 1690 2194 diligunt,
1721 2121 1787 2178 de
1812 2137 1921 2194 quo
1942 2122 2082 2178 male

475 2211 745 2279 sentiunt,
776 2225 877 2267 nec
905 2211 1243 2283 proximum,
1273 2228 1303 2266 a
1325 2228 1434 2284 quo
1461 2210 1811 2279 dividuntur,
1837 2209 2078 2283 decalogi

475 2301 765 2374 praeceptis
801 2300 1016 2357 adversi
1050 2308 1199 2369 sunt,
1234 2307 1396 2373 atque
1422 2300 1548 2356 ideo
1579 2301 1648 2356 ad
1674 2301 2080 2374 deprecandum

474 2390 776 2449 Dominum
805 2390 993 2447 decem
1024 2391 1277 2446 veniunt.
1310 2392 1414 2446 Pro
1448 2407 1512 2446 eo
1551 2398 1733 2448 autem
1763 2390 1911 2464 quod
1934 2391 2082 2448 sanis

474 2481 668 2540 insana
688 2481 1048 2549 miscuerunt,
1072 2482 1274 2538 coloris
1303 2482 1622 2538 diversitate
1641 2482 1946 2538 variantur.
1976 2480 2082 2538 Sed

475 2571 608 2645 quia
647 2571 706 2626 in
747 2569 865 2642 ejus
899 2571 1186 2643 praeceptis
1232 2572 1604 2641 offenderunt,
1643 2571 1701 2628 id
1737 2572 1900 2627 illum
1934 2571 2081 2626 unde

475 2661 818 2718 offenderant
858 2669 1058 2717 vocant
1101 2661 1348 2718 dicentes
1381 2677 1392 2718 :
1425 2665 1550 2718 Jesu
1582 2670 1876 2735 praeceptor
1925 2662 2078 2732 (Luc.

475 2761 620 2819 xvn,
653 2751 743 2824 13)
767 2768 779 2808 :
811 2751 958 2808 unde
979 2759 1033 2808 et
1053 2769 1185 2808 mox
1206 2751 1385 2808 curari
1414 2760 1754 2809 meruerunt.
1778 2754 1924 2823 Ergo
1954 2749 2084 2823 quia

475 2838 567 2896 vir
593 2840 902 2898 catholicus
942 2856 1062 2914 qua)
1090 2841 1158 2896 ab
1181 2841 1262 2897 eis
1292 2849 1456 2910 recte,
1484 2839 1571 2896 vel
1601 2855 1724 2914 quae
1756 2855 1922 2914 prave
1948 2855 2084 2896 sen-

474 2928 716 2998 tiuntur,
745 2930 1028 3002 intelligit,
1057 2938 1345 3002 argentum
1377 2931 1640 2986 innocens
1667 2929 1892 2999 dividit,
1926 2929 1984 2986 id
2003 2935 2086 2986 est

476 3033 596 3092 qua:
623 3020 692 3075 ab
721 3019 800 3075 eis
825 3019 1135 3089 salubriter,
1160 3021 1247 3075 vel
1271 3035 1390 3093 quae
1420 3020 1678 3092 pestifero
1703 3020 1914 3077 fuerint
1936 3018 2087 3076 dicta

371 3169 374 3174 ,
473 3107 759 3167 discernit.
791 3110 1051 3183 Sequitur
1079 3125 1092 3166 :

1055 3199 1286 3257 CAPUT
1325 3200 1505 3259 XVII.

548 3287 722 3344 Vsus.
752 3287 838 3344 18.
860 3315 930 3329 -—
955 3289 1267 3361 Ecliﬁatvit
1313 3289 1448 3345 sicut
1482 3287 1620 3344 tinea
1665 3287 1876 3344 domum
1905 3303 2079 3344 suam.

547 3379 637 3436 27.
660 3379 930 3436 Hceresum
946 3381 1187 3451 magistri
1207 3386 1398 3436 mentes
1419 3395 1553 3450 quas
1571 3386 1826 3451 occupant
1846 3395 2083 3436 corrum-

472 3475 626 3542 punt.
650 3497 720 3512 -
743 3468 911 3524 Tinea
955 3468 1062 3524 sibi
1105 3469 1333 3527 domum
1383 3469 1786 3542 corrumpendo
1824 3467 2080 3526 mdiﬁcat.

477 3561 587 3618 Nec
615 3561 831 3617 meliori
870 3561 1052 3634 potuit
1076 3562 1492 3634 comparatione
1525 3561 1815 3618 haereticus
1843 3559 2086 3616 demon-

477 3651 660 3720 strari,
686 3651 784 3724 qui
813 3651 997 3709 locum
1025 3668 1136 3707 suae
1165 3645 1410 3724 perﬁdiae
1439 3665 1552 3708 non
1581 3651 1691 3707 nisi
1716 3650 1777 3706 in
1805 3648 2085 3704 mentibus

478 3756 614 3814 quas
654 3743 964 3814 corruperit
1008 3741 1162 3810 facit,
1212 3741 1307 3815 qui
1351 3741 1518 3798 etiam
1560 3755 1820 3813 sequaces
1861 3755 1991 3795 suos
2017 3737 2085 3796 ab

479 3838 684 3887 aeterno
720 3831 846 3904 igne
890 3832 1092 3888 liberos
1119 3849 1236 3888 esse
1265 3831 1578 3905 pollicetur.
1613 3829 1857 3902 Spondet
1881 3829 2086 3901 quippe

478 3920 559 3976 eis
586 3921 929 3993 refrigerium
965 3921 1168 3994 quietis
1196 3930 1448 3987 aeterna;
1476 3920 1571 3977 sed
1601 3920 1767 3976 verba
1791 3917 1911 3989 ejus
1941 3917 2087 3975 soli-

477 4011 705 4070 ditatem
726 4029 838 4070 non
859 4012 1085 4078 habent,
1100 4011 1228 4083 quia
1249 4010 1594 4083 plenitudine
1611 4008 1861 4065 veritatis
1876 4015 2082 4063 carent.

478 4102 634 4160 Unde
665 4101 1058 4173 subjungitur:
1091 4103 1164 4158 Et
1192 4101 1326 4157 sicut
1349 4107 1518 4156 custos
1545 4099 1669 4170 fecit
1698 4098 2085 4154 umbraculum.

478 4191 872 4250 Umbraculum
895 4207 1132 4261 namque
1153 4193 1401 4249 custodis
1414 4192 1570 4247 nullo
1583 4189 1946 4246 fundamento
1961 4188 2088 4244 soli-

477 4282 662 4351 datur,
694 4279 790 4336 sed
833 4287 1077 4351 tempore
1121 4296 1251 4335 mox
1295 4288 1617 4336 transeunte
1658 4279 1986 4335 destruitur.
2017 4279 2089 4334 Et

480 4380 754 4456 promissa
799 4378 867 4435 ab
915 4376 1191 4434 haereticis
1241 4379 1455 4452 requies
1498 4375 1643 4434 568
1687 4394 1814 4436 cum
1845 4386 2088 4452 tempore

478 4469 804 4538 destruitur,
822 4483 942 4542 quae
957 4474 1080 4540 post
1095 4467 1238 4526 hanc
1258 4467 1431 4525 vitam
1448 4468 1767 4526 nullatenus
1785 4469 2086 4527 invenitur.

476 4561 550 4617 Et
569 4560 699 4632 quia
731 4573 872 4632 saepe
906 4559 1152 4616 hteretici
1181 4561 1240 4616 in
1271 4567 1592 4634 contemptu
1617 4561 1948 4618 universalis
1973 4561 2091 4619 Ec-

479 4647 659 4706 clesiae
689 4655 975 4721 potentum
999 4650 1188 4706 saeculi
1209 4651 1536 4723 patrociniis
1556 4651 2089 4726 fulciuntur,eisque
2118 4621 2167 4680 D

480 4737 684 4795 divites
697 4739 1036 4812 protectione
1057 4749 1219 4814 atque
1235 4742 1714 4800 administratione
1737 4750 1939 4817 quanta
1957 4759 2089 4816 prae-

480 4829 668 4886 valent
683 4831 940 4904 opitulari
962 4849 1074 4888 non
1094 4842 1327 4904 cessant,
1351 4835 1465 4908 ipse
1490 4837 1504 4870 ¹
1529 4834 1695 4891 etiam
1713 4834 1945 4908 quilibet
1963 4851 2090 4892 con-

481 4929 566 4977 tra
580 4922 920 4978 conditorem
938 4937 1099 4978 suum
1121 4923 1287 4980 rebus
1306 4924 1703 4996 temporalibus
1719 4925 2091 4982 intumescens

481 5011 656 5068 sancti
688 5011 794 5067 viri
825 5026 976 5068 nunc
1002 5015 1274 5070 sententia
1298 5013 1563 5086 tangitur,
1588 5022 1748 5086 atque
1779 5013 1846 5070 ab
1866 5014 2088 5088 speciali

481 5102 866 5162 hmreticorum
889 5104 1119 5160 interitu
1139 5106 1207 5161 ad
1224 5107 1530 5178 generalem
1549 5107 1816 5163 elatorum
1839 5107 2088 5164 omnium

482 5191 861 5250 deﬁnitionem
891 5211 1071 5252 sermo
1094 5195 1398 5258 derivatur.
1427 5213 1553 5253 cum
1585 5197 1840 5254 subditur
1875 5215 1887 5254 :

1050 5283 1279 5342 CAPUT
1311 5287 1510 5344 XVIII.

555 5372 726 5430 Vnus.
759 5372 846 5428 19.
877 5400 948 5414 -—
973 5374 1132 5430 Dives
1178 5392 1294 5429 cum
1335 5375 1630 5444 dormierit,
1678 5377 1815 5434 nihil
1861 5393 2032 5434 secum
2061 5377 2083 5413 ³

481 5462 726 5533 auferet;
754 5463 954 5534 aperiet
982 5465 1160 5518 oculos
1188 5481 1331 5531 suos,
1363 5473 1407 5520 et
1439 5467 1570 5522 nihil
1601 5467 1841 5524 inueniet.

559 5639 576 5712 ξ
608 5639 671 5712 In
704 5638 830 5695 Mss.
854 5638 1045 5712 _Germ.
1071 5647 1124 5695 et
1154 5642 1365 5712 Norm.,
1396 5643 1536 5698 (lives
1555 5642 1790 5712 quilibet.

560 5661 575 5673 ⁸
608 5661 671 5694 .lIl
704 5661 830 5695 U183.
864 5661 1045 5696 U811".
1071 5661 1124 5695 BE
1155 5661 1365 5712 norm.,
1396 5661 1536 5698 (ιιυθς
1594 5661 1790 5697 ῑιιιιοει.

489 5779 500 5790 ο
609 5707 826 5790 Germ.,_
851 5709 1045 5780 Laud.,
1070 5713 1284 5782 Norm.,
1317 5723 1447 5782 etc.,
1479 5661 1682 5784 augeri,
1713 5711 1907 5785 aperit,
1939 5713 2088 5787 quod

487 5780 630 5835 infra
661 5783 944 5853 repetitur.
1271 5780 1278 5782 “
1434 5780 1441 5782 “
1554 5780 1561 5784 ’
1641 5811 1648 5814 -

557 5856 577 5886 ³
609 5855 844 5924 (leniet,
873 5856 1314 5912 (lormittwerlmt.

2192 1961 2336 2019 mus,
2359 1950 2487 2024 quia
2507 1956 2602 2006 aut
2627 1967 2728 2006 nos
2758 1947 2881 2005 illas
2905 1945 3194 2006 moriendo
3222 1945 3550 2018 deserimus,
3577 1955 3675 2005 aut
3696 1946 3806 2003 illas

2192 2055 2293 2097 nos
2309 2039 2560 2096 viventes
2578 2039 2733 2114 quasi
2756 2037 3016 2095 deserunt
3036 2037 3339 2111 pereundo.
3361 2037 3656 2109 Agendum
3679 2053 3809 2110 ergo

2191 2131 2352 2187 nobis
2372 2135 2451 2187 est
2478 2137 2542 2186 ut
2568 2144 2652 2186 res
2680 2127 2926 2186 absolute
2950 2128 3241 2200 perituras,
3264 2127 3322 2184 in
3347 2143 3457 2184 non
3479 2135 3808 2202 pereuntem

2191 2235 2449 2294 cegatnus
2475 2221 2708 2277 transire
2737 2219 3067 2278 mercedem.

2265 2309 2404 2385 [Vet.
2425 2309 2520 2385 X.]
2543 2311 2632 2368 29.
2651 2309 2950 2367 Peccatoris
2973 2310 3149 2365 oculos
3169 2325 3312 2364 mors
3331 2308 3526 2382 aperit,
3545 2313 3608 2364 ut
3625 2305 3812 2380 fugere

2189 2419 2224 2456 a
2253 2418 2304 2456 se
2334 2402 2468 2456 bona
2499 2399 2814 2472 ternporalia
2854 2399 3048 2466 videat,
3075 2417 3388 2472 poenamque
3415 2396 3709 2454 succedere.
3740 2425 3814 2439 —

2191 2490 2297 2547 Sed
2326 2490 2641 2546 mirandum
2669 2490 2829 2546 valde
2856 2497 2939 2547 est
2965 2489 3112 2564 quod
3133 2489 3341 2546 dicitur
3373 2507 3385 2545 :
3423 2489 3559 2546 Cum
3579 2485 3814 2542 dormie-

2189 2581 2286 2648 rit,
2316 2581 2516 2653 aperiet
2557 2583 2733 2636 oculos
2763 2598 2905 2649 suos,
2936 2587 2984 2636 et
3009 2579 3146 2635 nihil
3177 2579 3418 2634 inveniet.
3451 2578 3523 2634 Ut
3550 2576 3816 2633 dormia-

2191 2687 2314 2727 mus
2344 2670 2568 2743 quippe,
2601 2670 2790 2727 oculos
2812 2668 3143 2736 claudimus,
3175 2675 3229 2734 et
3263 2665 3592 2739 evigilantes
3619 2667 3820 2739 aperi-

2192 2776 2334 2816 mus.
2369 2760 2474 2816 Sed
2505 2759 2610 2816 hac
2643 2759 2702 2814 in
2733 2775 2811 2828 re,
2843 2759 2973 2832 quia
3001 2757 3169 2813 homo
3197 2773 3266 2812 ex
3296 2757 3481 2812 anima
3508 2763 3736 2812 constat
3762 2765 3820 2812 et

2192 2865 2442 2922 corpore,
2464 2867 2590 2906 cum
2617 2849 2784 2906 unius
2811 2849 2886 2905 rei
2909 2865 3136 2905 somnus
3165 2847 3390 2915 dicitur,
3417 2846 3654 2901 alterius
3676 2845 3817 2916 vigi-

2193 2937 2282 2996 liae
2313 2939 2782 3010 demonstrantur,
2814 2940 2944 3014 quia
2971 2956 3096 2996 cum
3125 2955 3326 3010 corpus
3355 2936 3728 2992 obdormiscit
3757 2936 3820 2991 in

2195 3037 2397 3097 morte,
2428 3035 2562 3085 tunc
2603 3029 2787 3084 anima
2817 3027 3042 3098 evigilat
3069 3027 3129 3080 in
3155 3041 3285 3079 vera
3312 3026 3332 3057 ⁵
3365 3023 3710 3094 cognitione.
3746 3026 3820 3080 Et

2195 3115 2402 3172 dormit
2429 3133 2558 3188 ergo
2587 3116 2764 3183 dives,
2797 3123 2850 3170 et
2879 3114 3069 3171 oculos
3097 3112 3293 3183 aperit,
3325 3113 3455 3186 quia
3482 3130 3617 3170 cum
3649 3130 3818 3171 carne

2113 3248 2156 3310 ο
2196 3209 2453 3278 moritur,
2485 3208 2603 3282 ejus
2628 3207 2814 3264 anima
2846 3205 3034 3262 videre
3063 3205 3302 3277 cogitur,
3333 3205 3480 3278 quod
3514 3207 3818 3280 providere

2191 3299 2542 3372 contempsit.
2562 3299 2716 3355 Tunc
2735 3297 2980 3370 profecto
3000 3297 3060 3352 in
3081 3313 3208 3352 vera
3224 3296 3537 3369 cognitione
3558 3300 3816 3373 evigilat,

2196 3397 2325 3448 tunc
2347 3389 2492 3445 nihil
2522 3404 2636 3446 esse
2662 3385 2932 3460 conspicit
2960 3385 3107 3460 quod
3138 3387 3376 3444 tenebat.
3411 3388 3570 3446 Tune
3599 3406 3660 3446 se
3679 3393 3701 3426 ⁶
3725 3407 3818 3446 va-

2192 3497 2352 3539 cuam
2385 3479 2624 3549 invenit,
2649 3496 2770 3552 quae
2791 3478 3012 3550 plenam
3045 3477 3208 3534 rebus
3230 3494 3342 3551 prae
3363 3479 3583 3535 caeteris
3612 3497 3672 3537 se
3703 3481 3819 3538 bo-

2193 3569 2440 3626 minibus
2458 3586 2572 3626 esse
2589 3568 2897 3625 laetabatur.
2915 3567 3152 3636 Dormit,
3171 3575 3224 3624 et
3237 3567 3379 3624 nihil
3400 3584 3592 3626 secum
3609 3571 3818 3641 aufert,

2192 3659 2337 3717 nihil
2355 3659 2620 3716 nimirum
2643 3659 2710 3716 de
2730 3658 2892 3714 rebus
2907 3675 3043 3732 quas
3057 3657 3255 3715 tenuit.
3273 3659 3410 3714 Nam
3434 3659 3605 3732 culpa
3626 3676 3819 3717 rerum

2193 3749 2360 3805 simul
2390 3748 2632 3818 ducitur,
2658 3748 2912 3822 quamvis
2940 3747 3032 3805 hic
3057 3748 3262 3816 omnia,
3292 3764 3392 3820 pro
3412 3747 3625 3822 quibus
3653 3751 3822 3824 culpa

2195 3847 2502 3914 perpetrata
2548 3847 2650 3908 est,
2684 3839 3088 3913 relinquantur.
3119 3840 3221 3894 Eat
3255 3853 3383 3910 ergo
3413 3854 3592 3907 nunc,
3628 3847 3688 3895 et
3715 3856 3821 3896 ac-

2195 3931 2368 4002 ceptis
2398 3929 2560 3992 rebus
2589 3937 2820 3998 tumeat,
2852 3945 3074 4002 seseque
3102 3945 3268 4001 super
3296 3936 3524 3985 caeteros
3555 3931 3820 3999 extollat,

2197 4019 2462 4092 glorietur
2481 4035 2536 4074 se
2566 4018 2764 4074 habere
2785 4018 2930 4092 quod
2956 4018 3242 4091 proximus
3261 4034 3371 4074 non
3399 4016 3593 4076 habet.
3616 4019 3825 4076 Veniet

2199 4108 2529 4182 quandoque
2571 4115 2788 4181 tempus
2821 4116 2883 4164 ut
2928 4108 3173 4180 evigilet,
3219 4116 3274 4164 et
3321 4115 3456 4164 tunc
3518 4118 3825 4180 cognoscat

2198 4217 2362 4274 quam
2395 4218 2632 4257 vacuum
2663 4200 2833 4256 fuerit
2861 4199 3010 4274 quod
3036 4200 3094 4256 in
3123 4215 3320 4256 somno
3350 4207 3630 4256 tenuerat.
3666 4201 3825 4272 Saepe

2198 4306 2434 4363 namque
2457 4291 2730 4363 contingit
2759 4289 3055 4346 dormienti
3079 4289 3230 4362 inopi
3254 4297 3315 4345 ut
3335 4305 3390 4344 se
3411 4304 3510 4361 per
3531 4289 3824 4346 somnium

2197 4379 2427 4436 divitem
2472 4380 2678 4450 videat,
2708 4387 2873 4453 atque
2901 4394 2972 4435 ex
2995 4377 3202 4435 eisdem
3232 4377 3396 4434 rebus
3431 4377 3697 4436 animum
3729 4395 3825 4435 ex-

2199 4471 2378 4539 tollat,
2409 4470 2624 4526 laetetur
2653 4486 2710 4526 se
2756 4468 2958 4526 habere
2989 4468 3136 4542 quod
3180 4485 3297 4525 non
3331 4465 3554 4538 habuit,
3591 4468 3830 4543 jamque

2199 4558 2483 4630 dedignari
2513 4567 2724 4633 quaerat
2739 4576 2772 4615 a
2790 4558 2995 4632 quibus
3017 4558 3374 4630 dedignatum
3393 4573 3508 4612 esse
3533 4573 3594 4614 se
3618 4557 3827 4615 doluit.

2197 4649 2304 4706 Sed
2329 4657 2552 4722 repente
2579 4650 2871 4722 evigilans,
2897 4649 3187 4722 evigilasse
3213 4666 3269 4706 se
3299 4649 3504 4716 doleat,
3538 4648 3642 4722 qui
3673 4649 3834 4706 inte-

2200 4740 2304 4796 rim
2325 4740 2647 4798 divitiarum
2665 4739 2962 4812 imaginem
2981 4741 3067 4796 vel
3084 4739 3365 4796 dormiens
3383 4737 3832 4797 tenebat.Gemit

2198 4830 2346 4886 enim
2403 4830 2657 4902 protinus
2698 4829 2800 4887 sub
2843 4829 3178 4902 paupertatis
3208 4829 3472 4902 pondere,
3504 4835 3564 4885 et
3619 4829 3831 4903 inopiae

2199 4939 2310 4978 suze
2341 4920 2608 4991 angustiis
2637 4918 2938 4992 premitur;
2973 4927 3026 4974 et
3073 4935 3137 4974 eo
3166 4919 3342 4991 pejus,
3371 4934 3481 4990 quo
3511 4917 3585 4975 ad
3607 4927 3832 4992 tempus

2199 5011 2614 5078 brevissimum,
2643 5008 2730 5066 vel
2761 5025 2932 5066 vacue
2961 5007 3117 5066 dives
3143 5008 3273 5065 fuit.
3306 5007 3396 5065 Sic
3435 5007 3516 5064 sic
3549 5009 3830 5065 nimirum

2200 5098 2368 5172 hujus
2396 5098 2590 5156 mundi
2612 5106 2746 5156 sunt
2769 5099 2992 5169 divites,
3014 5099 3110 5173 qui
3131 5097 3295 5156 rebus
3315 5095 3560 5170 acceptis
3580 5105 3827 5156 tument.

2200 5199 2346 5255 Bene
2363 5197 2577 5270 operari
2595 5195 2662 5253 de
2690 5211 2788 5254 sua
2817 5195 3156 5254 abundantia
3184 5197 3459 5264 nesciunt,
3489 5191 3650 5252 569
3670 5194 3830 5270 quasi

2192 5288 2526 5344 dormientes
2556 5296 2684 5344 sunt
2709 5289 2936 5354 divites;
2972 5289 3067 5344 sed
3096 5294 3473 5361 paupertatem
3503 5304 3668 5345 suam
3701 5290 3834 5346 evi-

2195 5377 2428 5449 gilantes
2448 5377 2767 5446 inveniunt,
2785 5377 2914 5450 quia
2929 5377 3072 5432 nihil
3091 5393 3276 5433 secum
3294 5375 3363 5432 ad
3379 5375 3521 5431 illud
3538 5375 3830 5447 judicium

2195 5465 2339 5538 quod
2389 5473 2702 5536 permaneat
2755 5466 2962 5534 ferunt,
2994 5474 3049 5520 et
3095 5472 3304 5537 quanto
3354 5477 3505 5520 nunc
3545 5463 3618 5522 ad
3653 5467 3826 5523 breve

2270 5648 2292 5727 ξ
2325 5645 2546 5727 Erimus
2575 5645 3076 5727 Laud.,_penditur.

2270 5719 2290 5752 δ
2324 5717 2570 5785 Ebroic.,
2603 5717 2933 5787 cogitatione.

2271 5790 2596 5861 9Plerique,
2646 5807 2871 5844 vacuant
2915 5788 3114 5846 invenit
3162 5787 3256 5860 qui
3304 5787 3550 5860 plenum,
3581 5795 3722 5860 etc.,
3777 5798 3832 5847 et

2199 5860 2420 5934 quidem
2449 5860 2660 5932 optimo
2684 5875 2866 5917 sensu.
