3946 6380
144 390 207 445 53
859 386 1257 469 .MORALIUM
1294 387 1428 446 LIB.
1471 387 1672 446 XVIII.
1712 417 1783 432 —
1826 388 1898 447 IN
1935 388 2163 447 CAPUT
2202 390 2413 448 XXVII
2453 393 2515 448 Β.
2556 393 2697 449 JOB.
3379 398 3450 455 54

147 528 355 592 tempus
377 512 672 572 sublimius
698 513 826 570 elati
856 522 1006 583 sunt,
1028 521 1182 571 tanto
1198 515 1537 571 contrasein
1554 531 1740 588 perpe-
1771 518 1820 578 A
1848 515 2032 585 nifeste
2072 515 2256 580 veniet,
2303 513 2446 572 Deus
2487 522 2687 584 noster,
2729 523 2778 573 et
2821 533 2929 574 non
2972 520 3187 589 silebit;
3228 521 3368 594 ignis
3406 522 3463 578 in

149 616 294 664 tuum
309 603 527 677 gravius
550 603 939 675 ingemiscant.
957 605 1115 662 Dicat
1134 622 1261 678 ergo
1286 622 1298 661 :
1330 606 1547 678 Aperiat
1565 608 1739 662 oculos

146 716 278 763 suos,
304 703 351 752 et
374 696 511 752 nihil
540 696 786 763 inveniet,
830 695 960 771 quia
1000 696 1117 753 illic
1145 696 1321 769 aperit
1352 696 1421 753 ad
1448 697 1737 770 supplicia,

146 803 270 861 quos
298 784 390 842 hic
417 784 486 842 ad
530 786 965 843 misericordiam
1008 788 1222 844 clausos
1262 787 1500 844 tenebat.
1550 788 1744 861 Aperit

145 876 320 933 oculos
342 892 492 944 suos,
519 883 573 931 et
602 875 822 948 pietatis
840 877 1084 933 fructum
1105 893 1216 934 non
1238 876 1472 946 invenit,
1495 892 1633 951 quos
1651 878 1744 937 hic

144 968 344 1023 clausos
372 965 552 1022 tenuit
568 982 696 1022 cum
723 968 739 1002 ι
757 965 993 1023 invenit.
1018 967 1190 1024 Tarde
1210 983 1427 1041 quoque
1448 967 1531 1023 illi
1552 970 1744 1025 oculos

144 1056 405 1130 aperiunt,
437 1057 555 1129 qui,
586 1061 725 1113 teste
751 1056 1050 1129 Sapientia,
1079 1056 1450 1115 damnationis
1478 1074 1589 1116 suae
1607 1067 1742 1116 tem-

144 1161 262 1218 pore
293 1144 499 1202 dicturi
528 1145 878 1204 referuntur:
913 1147 1053 1215 Quid
1070 1149 1220 1204 nobis
1242 1149 1453 1221 profuit
1473 1150 1743 1221 superbia,

141 1233 445 1290 divitiarum
465 1233 735 1304 jactantia
764 1236 894 1307 quid
921 1239 1143 1293 contulit
1168 1238 1357 1295 nobis?
1394 1240 1747 1296 Transierunt

142 1324 308 1380 omnia
325 1324 427 1380 illa
451 1329 705 1395 tanquam
726 1326 935 1392 umbra,
957 1332 1003 1382 et
1024 1333 1276 1399 tanquam
1295 1332 1512 1385 nuntius
1528 1347 1747 1403 percur-

144 1430 254 1468 rens
291 1412 445 1485 (Sap.
478 1428 536 1481 v,
566 1414 647 1484 8).
683 1414 832 1470 Vilia
862 1423 915 1470 et
942 1416 1179 1489 fugitiva
1210 1418 1378 1475 fuisse
1410 1436 1530 1494 quae
1560 1428 1745 1480 tenue.

143 1510 277 1569 rant,
302 1500 418 1574 jam
448 1502 650 1560 amissa
676 1516 1039 1577 cognoscunt,
1073 1524 1194 1582 quae
1234 1510 1481 1583 quandiu
1521 1512 1749 1570 aderant

142 1591 316 1648 stultis
343 1608 536 1649 eorum
567 1594 825 1651 cordibus
846 1603 899 1651 et
915 1613 1111 1669 magna
1132 1606 1185 1654 et
1212 1616 1467 1659 mansura
1487 1603 1747 1660 videban-

140 1688 242 1737 tur.
279 1681 410 1738 Sero
440 1682 596 1740 dives
622 1685 838 1757 aperuit
866 1688 1057 1743 oculos
1081 1689 1230 1760 (Luc.
1256 1707 1375 1759 xvi,
1393 1692 1749 1767 23),quando

141 1771 395 1829 Lazarum
426 1773 860 1847 requiescentem
889 1777 1053 1847 vidit,
1101 1795 1263 1852 quem
1304 1780 1577 1852 jacentem
1624 1791 1749 1839 ante

1849 611 2120 676 conspectu
2155 603 2268 674 ejus
2300 605 2320 639 ⁸
2348 603 2574 671 ardebit,
2604 612 2651 661 et
2682 606 2736 661 in
2772 605 2996 663 circuitu
3031 606 3143 679 ejus
3191 617 3465 685 tempestas

1850 697 2033 753 valida
2056 697 2281 768 (Psalm.
2314 711 2470 765 xux,
2492 696 2573 770 3).
2603 700 2682 755 De
2709 713 2817 772 qua
2842 705 3164 771 tempestate
3178 702 3343 759 etiam
3370 705 3463 761 Sa-

1850 785 2059 859 pientia
2086 802 2182 859 per
2210 787 2560 844 Salomonem
2590 785 2757 846 dicit:
2785 790 2900 861 Ego
2928 804 3133 861 quoque
3158 790 3216 845 in
3243 791 3464 849 interitu

1851 883 2022 932 vestro
2052 877 2255 942 ridebo,
2286 884 2332 933 et
2359 878 2712 947 subsannabo,
2743 896 2860 935 cum
2880 880 3024 936 vobis
3048 880 3189 952 quod
3211 881 3465 938 timebatis

1852 968 2145 1035 advenerit,
2174 985 2291 1026 cum
2310 971 2534 1027 irruerit
2551 974 2819 1046 repentina
2839 974 3137 1041 calamitas,
3158 981 3206 1031 et
3223 975 3468 1030 interitus

1854 1059 2009 1130 quasi
2038 1064 2307 1131 tempestas
2338 1063 2600 1134 ingruerit
2630 1064 2817 1136 (Prov.
2852 1081 2891 1134 t,
2920 1065 3037 1138 26).
3079 1067 3151 1122 Et
3191 1066 3323 1140 quia
3350 1066 3465 1139 ipsa

1855 1148 2075 1206 venturi
2107 1150 2291 1209 exitus
2328 1153 2641 1223 ignorantia
2669 1170 2782 1212 nox
2812 1162 3062 1226 vocatur,
3098 1163 3260 1215 nocte
3287 1158 3467 1230 oppri-

1857 1255 1968 1304 met
1994 1264 2120 1305 eum
2149 1257 2461 1323 tempestas,
2506 1251 2561 1309 id
2600 1260 2680 1309 est
2720 1253 2885 1311 turbo
2932 1270 3057 1312 eum
3101 1253 3279 1313 divini
3321 1251 3475 1312 570

1851 1336 2050 1411 judicii
2079 1339 2211 1395 dum
2246 1341 2459 1412 ignorat
2489 1342 2883 1416 apprehendet.
2920 1345 3063 1403 Hinc
3108 1352 3190 1403 est
3232 1360 3469 1422 namque

1858 1428 2005 1501 quod
2035 1445 2130 1501 per
2158 1431 2504 1503 semetipsam
2536 1433 2753 1490 Veritas
2780 1433 2915 1491 dicit
2941 1450 2955 1492 :
2989 1434 3048 1492 Si
3082 1436 3240 1492 sciret
3277 1442 3471 1509 pater-

1856 1517 2097 1587 familias
2124 1537 2231 1589 qua
2259 1521 2393 1576 hora
2425 1520 2522 1591 fur
2550 1524 2766 1589 veniret,
2788 1523 3034 1595 vigilaret
3061 1524 3261 1597 utique,
3290 1533 3338 1581 et
3364 1542 3469 1580 non

1858 1604 2049 1660 sineret
2071 1605 2286 1677 perfodi
2313 1606 2521 1662 domum
2552 1625 2721 1665 suam.
2747 1611 2821 1667 Et
2834 1626 2923 1666 vos
2943 1616 3097 1667 estote
3117 1611 3323 1682 parati,
3342 1611 3471 1683 quia

1858 1708 1963 1763 qua
1993 1694 2125 1749 hora
2174 1710 2279 1750 non
2314 1696 2519 1765 putatis
2556 1698 2729 1751 Filius
2777 1699 3003 1753 hominis
3041 1700 3208 1753 veniet
3254 1700 3471 1769 (Matth.

1859 1799 2019 1851 xxiv,
2050 1783 2166 1855 43).
2194 1783 2335 1839 Hinc
2355 1784 2521 1839 etiam
2538 1792 2729 1841 contra
2754 1785 2961 1841 malum
2982 1800 3203 1842 servum
3231 1786 3437 1843 dicitur
3456 1805 3469 1845 :

135 1860 349 1934 januam
381 1863 570 1920 videre
600 1868 949 1940 contempsit.
983 1870 1353 1927 Intellexitibi
1386 1874 1533 1945 quod
1562 1872 1656 1930 hic
1676 1875 1750 1930 fa-
1783 1891 1829 1952 Β
1860 1871 1920 1929 Si
1946 1879 2121 1928 autem
2147 1873 2347 1929 dixerit
2372 1875 2548 1931 malus
2575 1891 2757 1930 servus
2778 1876 2871 1931 ille
2896 1876 2954 1931 in
2982 1877 3137 1932 corde
3172 1890 3308 1931 suo:
3346 1877 3473 1934 Mo-

140 1967 253 2010 cere
271 1953 450 2010 noluit
475 1973 492 2023 ;
526 1954 585 2011 in
601 1955 955 2014 damnatione
975 1976 1073 2016 sua
1089 1978 1415 2035 cognoscere
1432 1965 1748 2036 compulsus

140 2052 215 2101 est
241 2044 370 2118 quid
396 2046 513 2103 fuit
540 2047 688 2121 quod
716 2050 977 2122 perdidit,
1010 2052 1230 2125 quando
1260 2053 1598 2125 indigentem
1626 2070 1747 2131 pro-

139 2133 341 2193 ximum
375 2152 495 2195 non
521 2140 767 2211 agnovit.
804 2143 882 2197 De
910 2157 1020 2216 quo
1049 2143 1232 2200 adhuc
1257 2144 1547 2203 subditur:

731 2249 959 2307 CAPUT
998 2251 1154 2309 XIX.

204 2331 367 2393 Vsus.
408 2334 507 2394 20.
547 2367 618 2380 --
646 2339 1013 2411 Apprehendet
1038 2357 1154 2396 eum
1183 2342 1339 2412 quasi
1366 2358 1507 2413 aqua
1540 2341 1741 2415 inopia,

139 2426 269 2478 nocte
293 2425 563 2497 opprimet
591 2443 708 2484 eum
739 2435 1031 2501 tempestas.

199 2511 280 2571 30.
313 2514 591 2588 Stupenda
618 2519 834 2592 reprobi
854 2519 1036 2576 divitis
1056 2526 1177 2593 post
1206 2526 1425 2578 mortem
1452 2521 1656 2594 inopia.
1675 2551 1747 2564 —

140 2599 420 2662 Videamus
450 2623 610 2665 nunc
642 2608 886 2683 inopiam
917 2610 1162 2667 ardentis
1177 2609 1390 2681 divitis,
1416 2612 1574 2686 cujus
1594 2619 1748 2669 tanta

138 2689 461 2752 abundantia
496 2696 606 2754 fuit
625 2699 920 2771 epulantis.
945 2700 1041 2756 Ait
1060 2700 1209 2757 enim
1235 2721 1245 2757 :
1276 2703 1743 2775 PaterAbraham,

137 2783 361 2843 miserere
384 2788 515 2857 mei,
549 2796 597 2844 et
622 2790 765 2846 mitte
793 2792 1088 2859 Lazarum,
1120 2799 1179 2847 ut
1208 2794 1433 2864 intingat
1455 2802 1746 2851 extremum

137 2873 273 2946 digiti
297 2877 378 2933 sui
408 2879 471 2933 in
501 2895 721 2948 aquam,
740 2881 825 2934 ’et
842 2881 1121 2951 refrigeret
1140 2884 1374 2953 linquant
1400 2901 1587 2949 meam,
1618 2887 1746 2955 quia

138 2966 331 3020 crucior
362 2967 415 3019 in
449 2965 556 3020 hac
581 2968 796 3036 ﬂamma
831 2967 982 3039 (Luc.
1016 2984 1136 3037 xvr,
1168 2969 1283 3040 24).
1325 2969 1537 3037 Quibus
1565 2970 1749 3028 verbis

140 3054 281 3111 nobis
306 3072 421 3112 non
450 3054 566 3111 hoc
596 3055 980 3127 innotescitur,
1000 3059 1129 3131 quia
1155 3059 1271 3115 illic
1296 3059 1354 3114 in
1371 3066 1525 3115 tanto
1554 3060 1747 3118 ardore

139 3156 235 3200 una
256 3152 391 3202 tunc
420 3143 497 3202 ad
527 3144 914 3204 sufﬁcientiam
936 3147 1206 3219 refrigerii
1231 3163 1384 3222 aqua:
1405 3148 1554 3204 stilla
1568 3149 1747 3223 requi-

1860 1979 1979 2019 ram
2008 1963 2140 2034 facit
2167 1963 2410 2020 dominus
2438 1980 2581 2020 meus
2618 1967 2813 2032 venire,
2866 1972 2916 2022 et
2955 1965 3165 2038 cleperit
3203 1972 3476 2038 percutere

1859 2070 2133 2110 conservos
2161 2070 2320 2119 suos;
2347 2055 2625 2111 manducet
2649 2063 2823 2111 autem
2860 2062 2908 2111 et
2946 2056 3086 2111 bibat
3130 2070 3247 2111 cum
3291 2055 3473 2122 ebriis,

1859 2144 2029 2199 veniet
2049 2143 2293 2198 dominus
2322 2146 2459 2199 servi
2478 2146 2627 2201 illius
2646 2146 2695 2200 in
2713 2145 2795 2200 die
2808 2161 2914 2216 qua
2925 2161 3040 2201 non
3060 2151 3258 2218 sperat,
3280 2145 3474 2201 ethera

1860 2250 1967 2308 qua
1996 2234 2208 2306 ignorat
2238 2236 2427 2307 (Ibid.,
2458 2235 2573 2308 48).
2608 2236 2750 2294 Hinc
2772 2236 2974 2293 Paulus
2993 2236 3284 2308 discipulis
3302 2236 3468 2295 dicit:

1868 2323 1967 2382 Vos
1994 2331 2189 2390 autem,
2222 2324 2442 2395 fratres,
2471 2342 2577 2381 non
2608 2326 2726 2381 estis
2761 2327 2818 2382 in
2856 2326 3096 2395 tenebris,
3142 2332 3199 2381 ut
3231 2341 3323 2382 vos
3366 2327 3477 2382 dies

1857 2413 1961 2471 illa
2003 2422 2255 2486 tanquam
2284 2416 2380 2486 fur
2406 2416 2825 2487 comprehendat.
2872 2419 3063 2475 Omnes
3089 2416 3227 2472 enim
3254 2432 3345 2471 vos
3375 2416 3477 2488 ﬁlii

1862 2503 1994 2559 lucis
2020 2504 2164 2569 estis,
2181 2511 2229 2559 et
2254 2505 2355 2576 ﬁlii
2382 2505 2527 2569 diei;
2564 2522 2669 2561 non
2697 2523 2877 2562 sumus
2921 2507 3086 2562 noctis
3129 2521 3295 2577 neque
3330 2511 3479 2560 tene-

1860 2594 2084 2650 brarum
2106 2593 2164 2665 (Ι
2183 2594 2355 2651 Thess.
2378 2612 2435 2663 v,
2448 2594 2527 2666 4).
2554 2595 2656 2652 IIic
2674 2596 3014 2669 superbienti
3036 2594 3201 2653 diviti
3220 2594 3322 2651 Dei
3340 2608 3477 2649 voce

1858 2684 2067 2743 dicitur
2088 2702 2101 2742 :
2138 2685 2325 2752 Stulte,
2356 2687 2453 2742 hac
2478 2694 2625 2743 nocte
2652 2689 2889 2744 animam
2920 2695 3066 2745 tuam
3082 2692 3373 2760 repetunta
3395 2692 3481 2752 te;

1858 2793 1975 2847 qum
2014 2782 2188 2833 autem
2224 2778 2572 2849 praeparasti,
2618 2779 2773 2849 cujus
2814 2782 2972 2833 erunt
3004 2777 3156 2850 (Luc.
3198 2790 3302 2844 xu,
3331 2774 3426 2847 20)
3449 2774 3480 2831 ἵ

1857 2865 2027 2922 Nocte
2053 2866 2294 2922 animam
2324 2866 2551 2923 reddere
2581 2866 2902 2939 perhibetur
2937 2866 3056 2940 qui,
3104 2873 3339 2922 mortem
3364 2879 3478 2921 non

1859 2954 2190 3024 praevidens,
2222 2954 2280 3009 in
2309 2956 2550 3011 tenebris
2580 2957 2764 3014 cordis
2797 2956 3154 3014 abstrahitur.
3186 2956 3283 3012 Ait
3309 2969 3479 3028 ergo:

1860 3042 2020 3099 Nocte
2047 3040 2307 3111 opprimet
2332 3057 2449 3095 eum
2480 3047 2772 3113 tempestas.
2822 3045 2963 3110 Quia
3010 3044 3161 3101 enim
3207 3058 3322 3100 non
3357 3043 3481 3099 vult

1859 3146 2016 3203 agere
2056 3129 2201 3186 bona
2240 3145 2359 3203 quae
2393 3129 2565 3199 videt,
2608 3130 3043 3204 deprehenditur
3088 3129 3347 3186 interitus
3391 3129 3479 3187 sui

142 3241 299 3304 ratur,
341 3236 439 3292 sed
493 3234 638 3309 quod
687 3234 734 3293 is
780 3236 874 3310 qui
921 3236 989 3292 de
1038 3221 1381 3295 abundantia
1422 3221 1751 3325 peccaverit,

1865 3228 2187 3295 tempestate
2216 3237 2381 3295 quam
2410 3238 2521 3279 non
2537 3222 2710 3279 videt.
2735 3225 2812 3279 De
2834 3237 2945 3296 quo
2968 3222 3150 3281 adhuc
3178 3221 3474 3279 subditur:

140 3323 246 3381 illic
273 3332 543 3382 aestuante
572 3324 741 3382 nimis
778 3336 1053 3383 cremetur
1080 3327 1285 3400 inopia.
1320 3328 1588 3387 Videmus
1604 3323 1753 3387 enim

146 3413 197 3471 in
222 3416 407 3472 verbis
450 3414 651 3473 divitis
678 3432 748 3473 ex
778 3417 1144 3474 subtilissima
1186 3418 1286 3475 Dei
1326 3417 1541 3492 judicio
1588 3437 1752 3495 quam

142 3503 294 3577 digna
320 3506 419 3564 tali
451 3506 631 3579 culpas
675 3524 835 3582 poena
871 3507 1234 3581 responderit.
1277 3509 1485 3582 Agente
1515 3527 1754 3585 namque

142 3594 340 3669 inopia,
371 3599 392 3634 ³
427 3596 549 3654 illic
578 3613 750 3672 usque
778 3599 845 3655 ad
888 3599 1120 3656 minima
1160 3600 1393 3671 petenda
1436 3603 1756 3674 compulsus

143 3694 234 3756 est,
263 3688 358 3761 qui
385 3688 506 3757 hic,
536 3697 727 3763 agente
766 3691 997 3759 tenacia,
1040 3707 1214 3763 usque
1257 3692 1325 3747 ad
1372 3692 1603 3749 minima
1649 3710 1755 3748 ne—

145 3776 305 3846 ganda
333 3778 611 3851 pervenit.
645 3777 793 3846 Quid
819 3779 1051 3835 retribui
1079 3779 1365 3851 subtilius,
1406 3780 1541 3855 quid
1569 3784 1755 3839 distri-

144 3866 275 3924 ctius
297 3867 534 3942 potest?
577 3868 805 3924 Guttam
834 3885 987 3941 aquae
1033 3870 1191 3942 petit,
1232 3870 1328 3944 qui
1376 3871 1548 3929 micas
1598 3874 1755 3945 panis

146 3958 374 4027 negavit.
420 3955 807 4029 Apprehendit
833 3972 962 4031 ergo
989 3975 1116 4016 eum
1162 3960 1318 4033 quasi
1360 3976 1502 4034 aqua
1545 3961 1751 4034 inopia.

148 4042 254 4100 Non
282 4044 573 4101 immerito
600 4059 755 4120 aquae
811 4052 945 4104 tunc
1006 4047 1106 4104 illa
1151 4048 1342 4122 inopia
1383 4059 1752 4122 comparatur,

150 4133 308 4207 ‘quia
333 4135 394 4191 in
430 4134 653 4193 inferno
681 4138 914 4207 cruciat,
935 4140 1031 4212 qui
1059 4149 1343 4213 susceptos
1368 4140 1425 4196 in
1460 4141 1756 4213 profundis

150 4223 456 4299 absorbens,
487 4228 625 4284 solet
668 4229 821 4286 lacus
848 4230 1072 4287 nomine
1120 4230 1413 4304 designari.
1466 4231 1620 4287 Unde
1658 4249 1756 4304 per

151 4314 464 4388 prOpbetam
513 4333 732 4392 quoque
780 4318 1012 4375 humani
1056 4319 1270 4393 generis
1317 4336 1453 4377 voce
1500 4319 1752 4378 dicitur:

152 4402 317 4475 Lapsa
341 4412 416 4463 est
441 4406 503 4463 in
533 4408 706 4465 lacum
731 4408 842 4466 vita
868 4426 985 4466 mea
1016 4411 1241 4483 (Thren.
1270 4427 1354 4479 ΠΙ,
1385 4410 1500 4483 53).
1530 4411 1754 4483 Erepto-

152 4507 265 4548 rum
294 4509 425 4552 vero
459 4497 831 4555 exsultatione
859 4506 1115 4557 cantatur
1142 4518 1153 4556 :
1190 4498 1412 4555 Domine
1433 4501 1573 4556 Deus
1588 4517 1762 4570 meus,

153 4582 367 4641 clamavi
391 4588 468 4644 ad
498 4594 562 4655 te,
594 4590 615 4624 ⁵
638 4594 688 4645 et
714 4590 920 4647 sanasti
946 4607 1058 4656 me;
1078 4590 1321 4656 Domine,
1347 4589 1663 4646 abstraxisti
1690 4590 1756 4646 ab

154 4671 329 4743 inferis
356 4676 595 4734 animam
622 4695 812 4748 meam,
843 4672 1065 4737 salvasti
1091 4697 1172 4736 me
1200 4698 1235 4737 a
1264 4679 1682 4736 descendentibus
1704 4679 1760 4736 in

162 4764 319 4821 lacum
340 4767 511 4840 (Psal.
544 4785 707 4840 xxix,
739 4771 818 4841 3).

223 4854 355 4928 [νει.
388 4859 516 4934 ΧΙ.]
549 4860 635 4917 31.
668 4862 855 4918 Divini
873 4862 1071 4933 judicii
1113 4863 1285 4928 turbo,
1326 4880 1431 4934 qua
1468 4879 1573 4916 non
1606 4869 1763 4934 putat

160 4942 301 5011 hora,
330 4948 547 5020 ideoque
582 4959 747 5017 nocte,
778 4970 894 5008 eum
922 4954 1200 5025 opprimet.
1246 4983 1319 4993 —
1368 4952 1527 5009 Nocte
1565 4953 1764 5023 oppri-

160 5040 250 5090 met
273 5054 386 5093 eum
417 5045 705 5111 tempestas.
739 5044 760 5079 θ
785 5042 931 5110 Quid
960 5042 1067 5099 hoc
1096 5044 1218 5098 loco
1246 5050 1487 5109 noctem,
1518 5042 1625 5097 nisi
1655 5042 1761 5097 ab-

161 5127 461 5186 sconditum
498 5138 721 5204 tempus
759 5131 1035 5205 repentini
1065 5132 1250 5189 exitus
1278 5133 1515 5204 appellat
1535 5134 1563 5188 “1?
1591 5133 1763 5188 Teni-

162 5218 374 5284 pestatis
419 5235 550 5277 vero
605 5220 851 5291 nomine,
906 5220 1106 5293 judicii
1166 5221 1444 5279 turbinem
1489 5221 1758 5293 designat.

164 5301 310 5371 Quod
336 5307 499 5365 etiam
530 5310 821 5367 Psalmista
856 5317 1111 5381 testatur,
1149 5309 1373 5369 dicens:
1402 5313 1420 5346 ⁷
1451 5310 1593 5367 Deus
1637 5328 1761 5367 ma-

234 5507 690 5582 fItaABellovacq
730 5512 918 5566 Norm.
969 5528 1034 5568 ac
1084 5518 1193 5567 vet.
1246 5509 1397 5567 Edit.
1447 5511 1508 5566 In
1555 5516 1756 5582 poster.

168 5575 261 5633 Ed.
272 5620 287 5645 ,
318 5579 528 5637 viveret.

232 5649 251 5725 ξ
280 5650 325 5725 :2_
342 5650 539 5725 I_.aud.,
566 5660 625 5708 ut
650 5652 948 5725 refrigeret.

232 5721 251 5797 εξ
280 5721 450 5797 ytic.,_
476 5724 606 5781 illuc
629 5721 810 5797 usque:

232 5791 252 5824 ὀ
280 5792 473 5850 Pratel.
518 5812 581 5853 ac
621 5791 741 5854 cast.
785 5800 1000 5866 Norm.,
1047 5814 1164 5867 qua:
1208 5799 1264 5853 in
1312 5797 1520 5867 inferno
1559 5795 1763 5853 cruciat

171 5876 277 5930 quae
301 5874 579 5937 susceptos,
608 5874 714 5925 etc.

2466 3328 2698 3387 CAPUT
2741 3329 2870 3386 XX.

1933 3422 2102 3479 Vnus.
2134 3422 2223 3478 21.
2246 3452 2317 3463 -
2352 3423 2519 3479 Tollet
2544 3439 2660 3477 elun
2689 3428 2870 3477 ventus
2904 3438 3083 3491 urens,
3123 3423 3146 3457 ⁹
3178 3427 3226 3477 et
3251 3417 3477 3491 auferet.

1935 3510 2021 3567 32.
2056 3510 2350 3582 Auferetur
2390 3530 2425 3566 a
2467 3511 2699 3577 diabolo,
2743 3512 2836 3582 qui
2862 3511 3049 3567 merito
3078 3510 3275 3566 dicitur
3298 3516 3483 3565 ventus

1864 3615 2040 3655 urens.
2074 3629 2145 3641 —
2174 3599 2312 3668 Quis
2340 3599 2446 3656 hoc
2473 3600 2596 3656 loco
2626 3606 2826 3656 ventus
2851 3615 3038 3670 urens,
3070 3598 3179 3656 nisi
3207 3597 3481 3671 malignus

1863 3689 2093 3761 spiritus
2120 3697 2371 3758 vocatur,
2401 3689 2495 3763 qui
2518 3688 2921 3747 desideriorum
2952 3688 3200 3745 ﬂammas
3228 3686 3286 3744 in
3317 3686 3480 3744 corde

1862 3777 2091 3847 excitat,
2127 3785 2188 3835 ut
2207 3778 2276 3834 ad
2298 3779 2660 3835 aeternitatem
2682 3778 3083 3852 suppliciorum
3106 3776 3289 3835 trahat
3305 3776 3334 3834 7
3354 3777 3480 3832 Per-

1863 3882 2083 3924 versum
2113 3884 2243 3941 ergo
2273 3869 2576 3942 quemlibet
2602 3877 2805 3927 ventus
2831 3885 2998 3927 urens
3023 3867 3217 3925 tollere
3255 3866 3481 3937 dicitur,

1864 3958 1995 4029 quia
2012 3957 2304 4015 insidiator
2325 3958 2602 4031 malignus
2618 3958 2867 4032 spiritus,
2892 3957 3279 4034 quiviventem
3296 3971 3481 4028 quem-

1862 4064 1969 4121 que
1997 4047 2249 4105 accendit
2276 4047 2343 4103 ad
2366 4048 2523 4117 vitia,
2550 4049 2878 4104 morientem
2902 4046 3075 4103 trahit
3095 4046 3163 4101 ad
3183 4050 3478 4100 tormenta.

1862 4138 1998 4194 Nam
2029 4135 2160 4208 quia
2189 4143 2389 4191 ventus
2417 4152 2582 4192 urens
2614 4134 2937 4191 immundus
2976 4134 3203 4208 spiritus
3231 4132 3370 4188 solet
3400 4131 3482 4187 in-

1863 4226 2059 4299 telligi,
2109 4225 2204 4298 qui
2251 4226 2407 4281 malae
2437 4224 2799 4298 suggestionis
2828 4223 2962 4281 ﬂatu
2992 4224 3062 4280 ad
3100 4232 3316 4279 terrena
3342 4221 3483 4279 desi-

1864 4316 2016 4374 deria
2044 4315 2364 4388 iniquorum
2397 4316 2563 4373 corda
2589 4313 2895 4385 succendit,
2927 4314 3192 4371 Jcremias
3216 4312 3485 4387 propheta

1862 4413 2115 4476 testatur,
2146 4406 2370 4464 dicens:
2425 4407 2601 4463 Ollam
2644 4422 2939 4461 succensum
2980 4423 3070 4478 ego
3099 4404 3269 4472 video,
3300 4410 3348 4459 et
3385 4401 3484 4473 fa-

1863 4500 1991 4555 ciem
2019 4499 2131 4569 ejus
2150 4516 2183 4554 (ι
2213 4498 2348 4569 facie
2376 4496 2661 4569 Aquilonis
2689 4498 2903 4571 (Jerem.
2938 4515 2978 4568 ι,
3013 4496 3125 4570 13).
3163 4494 3286 4553 Olla
3314 4509 3485 4551 nam-

1786 4620 1836 4679 D
1866 4602 1972 4663 que
2000 4604 2260 4645 succensa
2297 4596 2377 4644 est
2415 4604 2510 4645 cor
2556 4587 2887 4658 humanum,
2914 4586 3265 4679 saecularium
3314 4600 3483 4643 cura-

1866 4696 1991 4736 rum
2003 4679 2314 4749 ardoribus,
2329 4678 2836 4752 desideriorumque
2852 4675 3226 4735 anxietatibus
3240 4673 3481 4733 fervens.

1867 4772 2001 4841 Quae
2030 4789 2061 4829 a
2096 4771 2236 4828 facie
2278 4770 2573 4846 Aquilonis
2618 4770 2991 4839 succenditur,
3041 4769 3098 4827 id
3149 4776 3231 4826 est
3277 4764 3485 4825 diaboli

1869 4862 2308 4937 suggestionibus
2333 4860 2726 4919 inﬂammatur.
2746 4862 2864 4936 Ipse
2881 4860 3028 4918 enim
3045 4858 3231 4917 vocari
3258 4856 3485 4915 nomine

1870 4954 2165 5028 Aquilonis
2206 4954 2364 5023 solet,
2397 4954 2492 5026 qui
2522 4953 2667 5009 dixit
2701 4970 2712 5009 :
2763 4952 2953 5010 Sedabo
3001 4950 3055 5006 in
3100 4956 3273 5006 monte
3318 4951 3482 5003 testa-

1870 5044 2051 5110 menti,
2087 5044 2140 5097 in
2172 5044 2422 5101 lateribus
2450 5043 2756 5114 Aquilonis,
2785 5041 3067 5099 ascendam
3100 5055 3259 5109 super
3285 5034 3483 5090 altitu-

1870 5135 2043 5191 dinem
2072 5134 2289 5191 nubium
2320 5133 2476 5207 (Isai.
2499 5149 2619 5201 xxv,
2640 5133 2750 5202 13).
2780 5131 2866 5189 Ad
2895 5130 3063 5203 hujus
3079 5126 3248 5198 igitur
3264 5123 3485 5181 urentia

1872 5225 2025 5281 venti
2053 5223 2490 5299 uniuscujusque
2517 5222 2677 5279 electi
2707 5236 2862 5278 mens
2885 5215 3171 5276 adustione
3200 5221 3484 5288 tempera-

1868 5324 1981 5388 tur,
2002 5313 2224 5390 quando
2240 5315 2299 5372 in
2329 5331 2393 5372 ea
2411 5313 2676 5372 vitiorum
2698 5312 2886 5367 fervor
2903 5304 3300 5393 exstinguitur,
3324 5312 3379 5363 et
3393 5305 3483 5364 de-

1898 5544 1899 5549 η
1941 5513 1963 5547 ⁵
1995 5512 2075 5567 Ita
2103 5510 2313 5575 Germ.,
2346 5506 2551 5573 Laud,
2575 5502 2813 5573 Bellov.,
2842 5500 3009 5561 Corb.
3042 5504 3255 5571 Germ.,
3289 5501 3477 5557 Norin.

1870 5590 1924 5639 et
1947 5583 2081 5658 alii,
2096 5579 2395 5658 ubi_Editi_,
2427 5584 2474 5632 et
2495 5575 2721 5658 salvasti
2734 5592 2847 5658 me.

1944 5656 1966 5691 ο
1996 5648 2164 5720 Utic.,
2202 5651 2425 5718 Pratel.,
2455 5656 2591 5720 etc.,
2615 5648 2745 5720 quid
2773 5648 2874 5703 hic.

1944 5664 1966 5691 ο
2000 5664 2164 5720 Utlc.,
2204 5664 2425 5718 Pratel.,
2455 5664 2587 5715 etc.,
2652 5664 2745 5702 uta
2773 5664 2781 5701 l

1943 5729 1962 5761 ⁷
1999 5728 2024 5781 1
2052 5724 2249 5790 Laud.,
2280 5724 2421 5778 Dens
2448 5664 2781 5789 «niani/gistris.

1946 5798 1967 5833 ³
1996 5798 2207 5853 Gemet.
2241 5801 2295 5848 et
2321 5794 2489 5865 plur.,
2526 5791 2849 5865 exardescet.

1944 5871 1966 5905 θ
1997 5851 2288 5924 Dmittitur
2311 5851 2360 5919 5t
2382 5851 2591 5933 auferet
2618 5862 2673 5915 in
2706 5863 2729 5915 l
2761 5858 2960 5926 Laud,
2991 5858 3175 5915 Germ.
3209 5861 3263 5909 et
3289 5851 3478 5907 Norm.
