3946 6368
487 350 558 406 55
1699 354 1948 414 SANCTI
1983 356 2324 417 GREGORII
2358 359 2585 419 MAGNI
3729 381 3798 438 56

484 475 813 537 sideriorum
840 476 1147 537 carnalium
1176 477 1401 539 ﬂamma
1425 479 1688 556 frigescit.
1711 481 1868 540 Unde
1885 492 2091 578 etsanf
2115 491 2170 553 Α
2193 485 2380 578 emisit
2404 494 2469 578 ut
2492 498 2758 562 parceret,
2785 491 2857 550 ad
2876 491 2984 553 hoc
3009 493 3218 553 emittit
3240 497 3573 575 quandoque
3593 517 3662 560 ne
3682 522 3799 578 par.

481 573 573 626 cta
592 565 844 626 Ecclesia
868 566 930 624 in
955 567 1144 642 sponsi
1171 569 1259 627 sui
1288 570 1542 630 laudibus
1565 573 1691 631 laeta
1707 573 1941 631 clamat:
1980 574 2087 632 Sub

481 655 673 714 umbra
698 655 849 712 illius
874 657 894 692 ¹
922 673 1079 730 quem
1103 658 1528 721 desideraveram
1551 663 1662 719 sedi
1695 662 1877 736 (Cant.
1909 681 1974 735 ιι,
2001 665 2082 739 3).

479 747 563 805 De
586 743 757 818 hujus
781 744 997 804 ardoris
1020 749 1286 824 temperie
1303 751 1357 808 ei
1383 767 1482 826 per
1505 751 1701 810 Isaiam
1729 755 2086 827 promittente

2195 583 2303 632 cat.
2340 576 2405 633 In
2439 575 2545 664 hac
2572 595 2810 655 namque
2829 582 2948 639 vita
2962 584 3236 642 Dominus
3249 593 3405 645 tanto
3432 590 3606 664 magis
3622 575 3799 653 studet

2195 672 2260 723 ut
2293 662 2500 738 parcat,
2535 677 2741 742 quanto
2768 671 2945 743 magis
2970 675 3342 746 exspectando
3374 662 3631 751 ﬂagellat,
3659 681 3800 742 sicut

2194 752 2312 827 ipse
2337 771 2472 815 voce
2496 758 2679 830 angeli
2706 758 2777 816 ad
2799 759 3067 818 Joannem
3096 763 3213 820 ait:
3247 767 3364 838 Ego
3389 785 3522 839 quos
3548 787 3688 838 amo,
3710 791 3798 830 ar-

477 833 721 894 Domino
755 835 994 896 dicitur:
1038 839 1152 898 Pro
1195 843 1439 900 saliunca
1482 843 1506 879 ι
1547 844 1789 901 ascendet
1828 845 1994 914 abies,
2039 851 2092 903 et
2191 861 2295 917 guc
2322 851 2371 900 et
2395 847 2592 918 castigo
2622 847 2811 921 (Apoc.
2842 865 2929 918 ω,
2964 851 3076 923 19).
3117 853 3193 910 Et
3221 833 3368 913 sicut
3392 833 3533 914 alias
3559 833 3792 920 uicum:

472 938 579 998 pro
605 923 781 983 urtica
804 934 995 985 crescet
1016 936 1224 1002 myrtus
1244 932 1401 1005 (Isai.
1430 949 1524 1003 LV,
1555 932 1669 1007 13).
1704 934 1812 992 Pro
1838 934 2088 993 saliunca

477 1026 719 1088 namque
755 1014 816 1072 in
855 1031 921 1074 ea
965 1018 1214 1077 ascendit
1259 1021 1429 1092 abies,
1478 1020 1614 1080 dum
1662 1023 1723 1080 in
1764 1032 2083 1083 sanctorum

476 1101 643 1161 corde
687 1119 788 1178 pro
828 1104 1139 1180 abjectione
1179 1117 1410 1168 terrenae
1451 1113 1805 1186 cogitationis
1845 1115 2084 1175 altitudo

456 1207 725 1273 superum
751 1197 1232 1272 contemplationis
1256 1200 1526 1260 exoritur.
1549 1204 1737 1264 Urtica
1749 1221 1882 1264 vero
1912 1207 2084 1281 igneas

473 1281 706 1341 omnino
743 1293 955 1344 natura;
1000 1296 1104 1347 est.
1139 1290 1163 1326 ³
1210 1290 1427 1364 Myrtus
1475 1300 1659 1350 autem
1708 1296 2083 1370 temperativas

470 1371 650 1432 fertur
671 1390 790 1434 esse
817 1375 1062 1455 virtutis.
1092 1379 1199 1437 Pro
1220 1381 1400 1439 urtica
1428 1381 1599 1456 igitur
1620 1385 1818 1444 crescit
1843 1396 2080 1461 myrtus,

469 1476 596 1520 cum
617 1461 896 1536 justorum
917 1475 1130 1526 mentes
1150 1487 1185 1527 a
1209 1470 1493 1545 prurigine
1512 1481 1568 1531 et
1591 1474 1788 1532 ardore
1814 1476 2082 1535 vitiorum

466 1550 944 1628 adcogitationum
962 1560 1283 1633 temperiem
1303 1565 1874 1640 tranquillitatemque
1893 1582 2082 1641 perve-

464 1642 652 1715 niunt,
680 1644 816 1702 dum
833 1644 950 1719 jam
972 1655 1196 1706 terrena
1228 1667 1342 1708 non
1369 1662 1656 1725 appetunt,
1677 1655 1813 1714 dum
1831 1656 2084 1717 ﬂammas

461 1730 650 1816 carnis
676 1730 967 1793 desideriis
993 1737 1315 1796 coelestibus
1342 1741 1729 1816 exstingunnt.

537 1814 679 1924 [rei
708 1821 870 1924 XII:]
901 1823 990 1884 33.
1033 1826 1226 1886 Mentis
1261 1814 1604 1924 refrigerium
1644 1834 1839 1924 Μᾳνίω
1873 1836 2080 1898 datum.
2105 1861 2154 1924 Β

461 1940 535 1954 -
560 1909 793 1986 Propter
821 1912 931 1974 hoc
957 1931 1178 1992 quoque
1216 1920 1422 1979 mentis
1464 1921 1813 1996 refrigerium
1858 1928 2078 1986 coalitus

461 1999 654 2060 datum
681 2002 867 2063 Mariae
885 2004 1124 2067 dicitur:
1153 2009 1335 2068 Virtus
1351 2011 1962 2074 Altissimiobumbrabit
1985 2019 2077 2077 tibi

465 2089 619 2164 (Luc.
667 2110 710 2163 ι,
743 2091 861 2168 35).
904 2093 1183 2165 Quamvis
1201 2097 1308 2157 hac
1334 2099 1394 2158 in
1421 2117 1482 2159 re
1512 2119 1612 2177 per
1636 2104 2074 2165 obumbrationis

459 2186 603 2247 571
630 2182 967 2242 vocabulum
1010 2185 1336 2247 incarnandi
1364 2191 1466 2248 Dei
1494 2200 1728 2268 utraque
1755 2197 1937 2270 potuit
1964 2213 2074 2254 na-

460 2288 587 2339 tura
612 2281 839 2356 signari.
867 2283 1075 2344 Umbra
1099 2288 1250 2346 enim
1273 2306 1308 2347 a
1335 2291 1548 2350 lumine
1571 2293 1843 2352 formatur
1873 2305 1928 2354 et
1955 2315 2072 2357 cor-

459 2386 614 2446 pore.
642 2373 918 2434 Dominus
958 2386 1144 2436 autem
1188 2395 1286 2453 per
1331 2379 1684 2442 divinitatem
1728 2385 1918 2444 lumen
1965 2397 2068 2461 est,

457 2461 578 2535 qui,
603 2463 882 2522 mediante
924 2467 1132 2540 anima,
1171 2469 1233 2526 in
1271 2469 1392 2543 ejus
1436 2480 1595 2530 utero
1646 2474 1766 2533 ﬁeri
1812 2476 2072 2551 dignatus

455 2557 542 2609 est
564 2566 664 2624 per
686 2551 1089 2615 humanitatem
1108 2574 1327 2632 corpus.
1366 2560 1509 2630 Quia
1528 2579 1657 2637 ergo
1674 2565 1863 2624 lumen
1890 2567 2069 2627 incor-

455 2654 686 2714 poreum
713 2641 775 2698 in
801 2641 922 2716 ejus
948 2652 1067 2704 erat
1091 2654 1252 2705 utero
1277 2652 1704 2724 corporandum,
1732 2655 1785 2712 ei
1817 2672 1939 2730 quae
1967 2658 2067 2716 in-

453 2742 782 2802 corporeum
807 2734 1063 2809 concepit
1087 2736 1158 2795 ad
1184 2755 1383 2813 corpus
1410 2740 1614 2798 dicitur
1643 2760 1656 2800 :
1696 2744 1877 2804 Virtus
1902 2747 2067 2803 Altis-

453 2815 579 2904 simi
603 2818 936 2878 obmnbrabit
962 2822 1096 2891 tibi;
1120 2825 1179 2883 id
1207 2835 1311 2897 est,
1340 2844 1540 2904 corpus
1567 2831 1628 2888 in
1655 2838 1713 2888 te
1739 2832 2068 2892 humanita-

451 2902 528 2996 tis
551 2905 788 2980 accipiet
815 2906 1203 2984 incorporeum
1231 2915 1419 2973 lumen
1438 2902 1782 2977 divinitatis.
1817 2921 1923 2979 Sed
1947 2921 2065 2996 jam

450 2990 521 3051 de
538 2993 735 3069 iniquo
756 2997 1004 3071 quolibet
1027 3002 1177 3075 quod
1200 3005 1467 3078 coepimus
1489 3023 1877 3083 exsequamur.
1897 2990 2067 3070 Tollit

447 3095 577 3173 ergo
597 3099 728 3142 eum
757 3093 959 3144 ventus
984 3103 1173 3162 urens,
1202 3093 1334 3167 quia
1358 3095 1619 3154 videlicet
1658 3098 1934 3172 malignus
1956 3100 2067 3173 spi-

2196 934 2359 1002 Quem
2385 934 2559 1007 diligit
2584 937 2847 994 Dominus
2871 939 3114 1012 castigat,
3141 944 3378 1015 ﬂagellat
3401 953 3577 1004 autem
3603 966 3799 1007 omnem

2193 1021 2366 1091 ﬁlium
2391 1039 2544 1094 quem
2575 1025 2762 1097 recipit
2791 1026 2976 1098 (Hebr.
3007 1043 3112 1098 xu,
3142 1030 3230 1103 6).
3253 1032 3499 1091 Econtra
3522 1043 3706 1094 autem
3732 1038 3798 1096 de

2192 1108 2408 1182 ﬂagello
2434 1111 2808 1170 damnationis
2834 1114 3103 1189 scriptum
3136 1126 3257 1177 est:
3304 1122 3374 1178 In
3416 1124 3662 1195 operibus
3692 1143 3799 1183 ma-

2189 1215 2357 1256 nuum
2386 1217 2609 1258 suarum
2644 1204 3046 1275 comprehensus
3091 1213 3168 1263 est
3201 1216 3448 1281 peccator
3497 1212 3672 1285 (Psal.
3716 1232 3796 1285 Ix,

2194 1289 2308 1363 17).
2337 1292 2416 1348 De
2442 1307 2552 1367 quo
2582 1309 2682 1366 per
2711 1295 3006 1354 Jeremiam
3034 1299 3307 1358 Dominus
3340 1303 3499 1374 dicit,
3530 1304 3666 1364 dum
3703 1305 3801 1362 in-

2191 1378 2584 1470 corrigibiliter
2624 1383 3008 1458 delinquentes
3044 1390 3279 1462 populos
3315 1391 3491 1463 videt,
3521 1410 3661 1470 quos
3687 1410 3798 1452 non

2184 1467 2299 1541 jam
2327 1469 2431 1527 sub
2459 1470 2754 1546 disciplina
2778 1475 2946 1546 ﬁlios,
2976 1477 3074 1535 sed
3106 1479 3209 1536 sub
3236 1480 3488 1541 districta
3515 1467 3802 1558 “percus-

2191 1558 2342 1616 sione
2369 1559 2621 1621 intuetur
2648 1573 2711 1623 ut
2739 1565 2962 1626 hostes:
3011 1571 3185 1644 Plaga
3221 1571 3427 1629 inimici
3460 1577 3706 1646 percussi
3734 1583 3799 1644 te,

2189 1651 2524 1739 castigatione
2563 1657 2767 1714 crudeli
2805 1659 3020 1732 (Jerem.
3060 1677 3202 1731 xxx,
3236 1662 3349 1736 14).
3400 1665 3473 1720 Et
3516 1666 3668 1739 quod
3711 1667 3806 1726 hic

2187 1737 2428 1799 dicitur:
2458 1743 2580 1802 Non
2595 1753 2778 1816 parcet
2796 1765 2820 1813 ;
2846 1748 2926 1806 ibi
2948 1766 3168 1826 quoque
3198 1750 3382 1809 verbis
3406 1737 3804 1813 aliis—declara-

2185 1837 2314 1889 tur:
2349 1832 2491 1902 Quid
2516 1836 2716 1894 clamas
2742 1840 2764 1877 ⁸
2784 1857 2944 1913 super
2962 1843 3278 1900 contritione
3305 1850 3395 1900 tua
3416 1846 3446 1902 ἵ
3486 1845 3807 1903 insanabilis

2184 1927 2261 1977 est
2289 1921 2448 1980 dolor
2471 1929 2594 1981 tuus
2625 1926 2816 1998 (Ibid.,
2867 1932 2981 2003 15).
3032 1931 3187 1990 Unde
3233 1933 3342 1991 hoc
3380 1951 3599 2010 semper
3639 1937 3804 2000 electi

2184 2012 2498 2100 provident,
2526 2023 2589 2072 ut
2616 2026 2742 2075 ante
2769 2019 2838 2077 ad
2860 2019 3137 2093 justitiam
3175 2023 3421 2095 redeant,
3465 2042 3637 2100 quam
3684 2043 3805 2085 sese

2182 2097 2265 2156 ira
2285 2098 2493 2173 judicis
2516 2103 3052 2180 inexstinguibiliter
3069 2112 3351 2183 accendat,
3378 2128 3450 2170 ne
3472 2097 3681 2172 ultimo
3709 2115 3805 2172 ﬂa-

2183 2188 2324 2279 gello
2350 2191 2372 2227 τ
2402 2190 2729 2266 deprehensi
2752 2194 2922 2255 simul
2945 2199 3026 2255 eis
3054 2198 3284 2258 ﬁniatur
3307 2201 3425 2258 vita
3452 2219 3583 2260 cum
3613 2204 3802 2279 culpa.

2180 2278 2485 2352 Flagellum
2514 2298 2752 2358 namque
2778 2292 2914 2345 tunc
2937 2285 3114 2346 diluet
3141 2290 3385 2364 culpam,
3424 2308 3554 2350 cum
3596 2278 3800 2352 mnta-

2179 2367 2325 2426 verit
2352 2371 2547 2430 vitam.
2578 2374 2717 2431 Nam
2745 2374 2906 2448 cujus
2924 2394 3107 2436 mores
3126 2397 3241 2438 non
3259 2388 3458 2453 mutat,
3474 2399 3591 2441 non
3612 2385 3806 2459 expiat

2177 2457 2445 2549 actiones.
2487 2460 2684 2519 Omnis
2709 2478 2837 2537 ergo
2865 2465 3060 2525 divina
3088 2471 3391 2542 percussio,
3417 2478 3514 2529 aut
3540 2457 3807 2549 purgatio

2176 2543 2240 2603 in
2267 2544 2429 2607 nobis
2456 2549 2587 2606 vitae
2618 2553 2902 2624 praesentis
2943 2565 3046 2626 est,
3085 2566 3181 2615 aut
3214 2558 3440 2616 initium
3707 2580 3809 2621 se-

2177 2638 2416 2710 quentis.
2451 2640 2682 2714 Propter
2710 2659 2804 2701 eos
2840 2646 2990 2703 enim
3020 2647 3117 2722 qui
3146 2663 3219 2705 ex
3247 2648 3466 2722 ﬂagello
3492 2651 3811 2724 proﬁciunt

2176 2728 2388 2789 dictum
2417 2741 2534 2792 est:
2563 2736 2584 2770 ⁸
2615 2735 2719 2804 Qui
2745 2737 2902 2810 ﬁngis
2923 2739 3160 2796 dolorem
3186 2741 3244 2797 in
3267 2749 3530 2814 pracepto
3561 2744 3803 2815 (Psalm.

2175 2837 2334 2894 xcur,
2378 2825 2496 2900 20).
2537 2827 2680 2897 Quia
2707 2828 2842 2886 dum
2867 2828 3176 2904 ﬂagellatur
3210 2831 3460 2906 iniquus,
3489 2835 3512 2868 ³
3538 2841 3598 2890 et
3625 2836 3806 2895 corri-

2175 2911 2362 2986 gitur;
2391 2915 2583 2973 audire
2611 2927 2944 2993 praeceptum
2970 2921 3174 2990 noluit,
3203 2921 3362 2978 audit
3384 2920 3662 2981 dolorem.
3685 2925 3809 2981 Do-

2174 3003 2260 3060 lor
2285 3021 2414 3079 ergo
2447 3006 2507 3062 in
2536 3016 2810 3097 praecepto
2836 3009 3067 3097 ﬁngitur
3095 3009 3146 3097 ei
3293 3026 3327 3064 a
3352 3010 3514 3066 malis
3533 3012 3809 3085 operibus
3868 3091 3875 3097 _

2173 3093 2331 3165 quasi
2357 3093 2617 3166 praecepti
2642 3095 2786 3162 vice,
2823 3095 3014 3150 dolore
3049 3094 3361 3153 cohibetur.
3405 3099 3486 3155 De
3527 3098 3625 3158 his
3666 3118 3807 3160 vero

445 3169 590 3230 ritus
615 3187 745 3230 eum
769 3190 935 3249 quem
961 3190 1113 3236 nunc
1131 3183 1477 3243 succenderit
1490 3185 1618 3260 igne
1637 3169 1906 3261 perversae
1924 3169 2064 3249 con-
2099 3225 2145 3289 α
2173 3196 2314 3282 (Ιιιοεξ
2340 3181 2607 3282 (ianuam
2634 3182 2849 3289 θξιεξευδ
2875 3191 2930 3240 et
2956 3200 3078 3289 ηοξ
3099 3184 3357 3289 ῙΞΒῩξέηῖ»
3386 3186 3602 3246 dicunt
3627 3209 3641 3248 ε
3670 3193 3806 3250 Per-

447 3261 825 3356 cnpiscentiaa,
854 3269 1000 3342 rapit
1024 3273 1375 3345 postmodum
1400 3276 1471 3335 ad
1493 3278 1746 3338 ﬂammas
1772 3281 2058 3356 gehennae.

448 3351 713 3428 Sequitur
734 3373 749 3413 ε

1047 3449 1278 3513 CAPUT
1312 3455 1471 3517 XXI.

517 3534 660 3594 Iern.
690 3537 864 3596 —Et
884 3539 1027 3598 velut
1061 3542 1214 3600 turbo
1240 3545 1418 3618 rapiet
1442 3564 1562 3606 eum
1586 3551 1652 3608 de
1679 3552 1790 3610 loco
1816 3570 1933 3612 suo.

517 3620 607 3682 34.
642 3626 773 3694 Quis
797 3627 869 3684 sit
892 3629 1205 3703 iniquorum
1233 3635 1398 3695 locum
1442 3668 1515 3682 —
1551 3639 1734 3700 Locus
1763 3659 2061 3716 perverso-

445 3727 571 3770 rum
599 3720 684 3771 est
708 3717 1028 3791 temporalis
1073 3721 1204 3780 vitm
1245 3723 1539 3787 delectatio
1575 3738 1633 3787 et
1676 3731 1859 3789 carnis
1888 3733 2062 3790 volu-

445 3810 591 3893 ptas.
637 3803 806 3874 Quasi
831 3806 1055 3867 turbine
1093 3809 1268 3884 igitur
1301 3817 1683 3893 unusquisque
1711 3821 1779 3877 de
1809 3821 1932 3879 loco
1958 3838 2060 3880 suo

443 3891 680 3966 rapitur,
709 3910 836 3953 cum
862 3912 896 3954 a
923 3898 1140 3958 cunctis
1166 3900 1285 3960 suis
1310 3891 1772 3966 delectationibus
1808 3917 2059 3968 extremo

442 3983 670 4072 territus
696 3982 790 4043 die
813 3995 1115 4062 separatur.
1144 3991 1225 4048 De
1250 4007 1361 4066 quo
1383 4003 1636 4054 extremo
1653 3996 1746 4055 die
1774 4006 1899 4072 apte
1925 4015 2059 4058 mox

443 4071 703 4132 subditur
723 4092 738 4133 :

845 4164 1076 4227 CAPUT
1102 4169 1266 4229 xxu
1294 4171 1440 4247 [nec
1471 4172 1664 4249 x111].

527 4250 699 4313 Vsus.
727 4255 819 4314 22.
845 4286 919 4300 —
943 4258 967 4294 ⁴
996 4257 1216 4316 Emittet
1245 4275 1404 4333 super
1444 4279 1587 4329 eum,
1631 4268 1682 4319 et
1713 4279 1822 4320 non
1852 4271 2056 4338 parcet.

513 4341 606 4401 35.
638 4343 783 4402 Deus
807 4345 991 4404 electos
1015 4346 1251 4420 ﬂagellat
1285 4347 1371 4405 hic
1396 4357 1458 4406 ut
1478 4356 1695 4424 parcat,
1722 4353 1974 4426 reprobos
1999 4361 2061 4411 ut

433 4431 631 4506 punire
659 4433 901 4509 incipiat.
936 4436 1120 4493 Omnis
1142 4439 1416 4508 percussio
1446 4437 1654 4510 diuina,
1683 4447 1780 4498 aut
1802 4443 2057 4515 purgatio
2090 4498 2098 4506 .

2170 3271 2382 3341 euasisti
2406 3287 2513 3338 eos,
2541 3289 2632 3327 nec
2657 3273 2978 3338 doluerunt;
3000 3274 3261 3330 attrivisti
3286 3293 3391 3344 eos,
3422 3285 3472 3333 et
3496 3291 3808 3340 renuerunt

2169 3362 2402 3434 accipere
2427 3360 2766 3434 disciplinam
2796 3360 3011 3433 (larem.
3033 3379 3094 3433 v,
3115 3363 3196 3438 3).
3227 3365 3326 3422 His
3366 3366 3584 3441 ﬂagella
3604 3371 3681 3429 ab
3696 3372 3808 3432 hac

2168 3451 2287 3508 vita
2311 3450 2598 3520 inchoant,
2628 3458 2685 3507 et
2719 3449 2779 3506 in
2816 3457 3019 3507 interna
3064 3453 3417 3526 percussione
3458 3459 3802 3531 perdurant-

2167 3540 2325 3600 Unde
2353 3557 2452 3615 per
2467 3541 2695 3614 Moysen
2721 3539 2995 3599 Dominus
3014 3541 3151 3601 dicit
3173 3561 3187 3600 :
3219 3545 3366 3617 Ignis
3385 3550 3601 3607 exarsit
3619 3553 3692 3610 ab
3714 3553 3808 3610 ira

2165 3646 2305 3697 mea,
2335 3635 2384 3686 et
2409 3629 2618 3686 ardebit
2650 3630 2697 3665 ¹⁰
2733 3646 2898 3701 usque
2938 3631 3011 3687 ad
3057 3631 3258 3704 inferos
3302 3635 3552 3695 deorsum
3609 3641 3803 3714 (Deut.

2167 3735 2354 3790 χχχιι,
2393 3721 2512 3794 22).
2557 3720 2834 3790 Quantum
2865 3720 2937 3778 ad
2965 3731 3288 3795 praesentem
3315 3726 3523 3785 etenim
3554 3746 3807 3804 percus-

2167 3811 2382 3870 sionem
2433 3822 2669 3887 spectat,
2696 3828 2843 3877 recte
2906 3817 3053 3878 572
3105 3811 3356 3874 dicitur:
3394 3818 3545 3891 Ignis
3586 3823 3807 3880 exarsit

2173 3903 2217 3940 ιι
2248 3901 2315 3958 ab
2341 3901 2432 3960 ira
2457 3920 2572 3960 mea
2603 3907 2702 3979 (De
2726 3908 2945 3978 Plenit.,
2974 3909 3108 3980 d.3,
3135 3928 3182 3968 c.
3212 3910 3330 3986 43).
3352 3909 3644 3980 Quantum
3665 3928 3805 3971 vero

2164 3990 2238 4050 ad
2280 3999 2541 4049 aeternam
2584 3994 3020 4070 damnationem,
3047 4009 3172 4074 apte
3199 4017 3332 4057 mox
3360 3999 3628 4060 subditur
3654 4021 3668 4062 :
3727 4004 3807 4061 Et

2165 4081 2375 4138 ardebit
2400 4099 2562 4154 usque
2587 4085 2662 4142 ad
2678 4086 2884 4159 inferos
2911 4090 3176 4148 deorsum.
3209 4089 3366 4148 Licet
3389 4107 3422 4147 a
3449 4090 3802 4164 quibusdam

2165 4170 2278 4229 dici
2306 4171 2478 4230 soleat
2503 4174 2645 4233 illud
2672 4178 2821 4252 quod
2848 4180 3116 4254 scriptum
3145 4188 3230 4239 est
3260 4199 3273 4238 :
3322 4180 3368 4217 ¹²
3412 4181 3539 4239 Non
3575 4181 3805 4253 judicent

2164 4262 2308 4320 Deus
2335 4262 2414 4318 bis
2438 4263 2498 4320 in
2525 4264 2759 4338 idipsum
2808 4269 3048 4342 (Nahum
3073 4288 3116 4341 ι,
3152 4271 3236 4344 9).
3285 4269 3392 4339 Qui
3439 4278 3639 4330 tamen
3690 4273 3803 4333 hoc

2165 4351 2314 4428 quod
2340 4369 2438 4427 per
2469 4355 2793 4429 prophetam
2823 4357 2891 4415 de
2918 4359 3128 4434 iniquis
3168 4359 3397 4430 dicitur,
3444 4375 3563 4418 non
3615 4370 3801 4421 atten-

2164 4444 2348 4502 dunt:
2385 4445 2463 4501 Et
2504 4445 2706 4518 duplici
2745 4449 2792 4484 ¹³
2830 4449 3136 4521 confusione
3177 4457 3385 4508 contere
3428 4468 3516 4508 eos
3564 4452 3799 4526 (Jerem.

438 4521 562 4580 vita
591 4525 870 4597 praesentis
913 4533 1010 4592 est,
1053 4531 1152 4582 aut
1195 4524 1414 4584 initium
1449 4545 1621 4602 plenae
1655 4533 1936 4603 sequentis.
1985 4567 2058 4579 —
2080 4586 2132 4616 ἢ
2162 4550 2306 4605 xvn,
2339 4533 2453 4608 18).
2471 4535 2544 4592 Et
2570 4536 2717 4610 quod
2744 4538 2881 4594 alias
2908 4538 3177 4613 scriptum
3193 4548 3311 4598 est:
3344 4541 3498 4598 Iesus
3519 4521 3803 4616 populum

437 4586 785 4674 Peccatorem
811 4616 961 4673 Deus
989 4586 1221 4686 iquoties
1257 4586 1507 4675 feriendo
1923 4586 1936 4592 τ
1949 4623 2056 4682 hoc
2080 4586 2133 4650 Β
2162 4624 2226 4682 de
2255 4586 2650 4697 tirralegypti
2681 4627 2919 4694 salvans,
2949 4586 3173 4684 seclundo
3209 4647 3294 4686 eos
3333 4631 3427 4702 qui
3464 4586 3580 4687 no‘n
3599 4586 3803 4690 ‘credi-

436 4695 719 4777 ﬂagellum
749 4700 978 4770 emittit,
1007 4707 1072 4755 ut
1098 4709 1304 4774 parcat.
1337 4702 1476 4763 Cum
1506 4723 1639 4766 vero
1658 4708 1778 4782 ejus
1797 4711 1970 4769 vitam
1989 4711 2049 4769 in
2157 4718 2370 4782 derum,
2393 4695 2635 4787 perdidit
2680 4714 2860 4788 (Iuda:
2888 4717 2973 4790 v).
3005 4717 3220 4787 Quibus
3256 4695 3439 4776 tanien
3468 4721 3519 4777 si
3549 4737 3798 4781 consen-

435 4803 662 4868 peccato
688 4797 1102 4867 permanentem
1143 4792 1395 4854 feriendo
1433 4798 1736 4873 concludit,
1769 4802 2048 4878 ﬂagellum
2156 4822 2278 4864 sum
2325 4803 2654 4878 prmbemus,
2698 4805 3007 4879 quamlibet
3055 4808 3277 4882 culpam
3322 4808 3411 4866 bis
3455 4810 3621 4870 feriri
3678 4831 3798 4872 non

435 4882 667 4953 emittit,
709 4880 806 4939 sed
845 4894 1193 4953 nequaquam
1229 4884 1424 4958 parcit.
1457 4886 1564 4957 Qui
1591 4889 1740 4948 enim
1768 4890 2047 4966 ﬂagellum
2155 4909 2333 4968 posse,
2362 4891 2470 4952 hoc
2494 4910 2564 4952 ex
2592 4903 2815 4968 peccato
2855 4897 3130 4971 percussis
3152 4880 3206 4934 3‘
3235 4905 3402 4974 atque
3443 4897 3505 4956 in
3554 4913 3798 4975 peccato

505 5091 528 5195 ξ
558 5089 747 5147 Germ.
777 5094 835 5146 et
851 5088 1130 5219 (plerique,
1162 5110 1325 5166 quam
1351 5097 1793 5186 desideraveram.

508 5229 523 5232 Α
557 5158 743 5232 germ.
771 5167 827 5218 et
892 5178 964 5221 uo
992 5163 1192 5232 Laud.,
1216 5169 1452 5226 ascendit
1481 5212 1498 5228 .
1531 5214 1548 5230 .
1581 5215 1596 5229 .
1626 5181 1813 5232 crescit

506 5179 528 5195 -
557 5179 743 5216 uerm.
771 5179 827 5218 et
851 5179 964 5221 uno
992 5179 1192 5236 neum,
1216 5179 1452 5226 ascendit
1481 5212 1498 5228 .
1531 5214 1548 5230 .
1581 5215 1596 5229 .
1626 5179 1827 5232 crescit.

506 5229 538 5321 ἶ
557 5227 761 5321 If???)
778 5232 950 5321 βοῶ·
972 5234 1450 5321 .Ger'P°i-N°1‘_‘I!-.
1466 5318 1471 5321 λ
1494 5250 1548 5300 ετ
1564 5244 1857 5321 ,Ρίθΐίίίιιθι
1895 5264 2040 5320 mw-

430 5304 794 5392 ttgnjan‘tque
819 5347 836 5364 .
869 5348 886 5365 .
919 5347 936 5365 .
965 5304 1323 5392 ferunt._Vet.
1346 5311 1524 5383 Edit.,
1553 5304 1789 5388 Myrtus}:
1813 5304 2040 5392 namque

427 5385 634 5445 seraper
656 5371 835 5445 fertur
859 5371 976 5435 esse
992 5378 1228 5439 virtutis.

875 5455 932 5530 et
956 5448 1341 5532 infra,_emittit
1368 5500 1401 5532 ._
1417 5501 1431 5514 .
1455 5501 1482 5532 _.
1508 5461 1705 5532 parcit.
1728 5462 1792 5518 In
1807 5462 1841 5521 2
1859 5461 2036 5522 Laud.

428 5517 664 5604 utraque
680 5517 846 5578 lectio
870 5519 954 5577 sic
979 5517 1276 5604 annotatur
1301 5529 1488 5604 emittit
1508 5517 1532 5588 ἶ
1558 5575 1581 5604 ν.
1617 5576 1631 5589 .
1658 5517 1856 5604 parcil.

505 5586 528 5620 ⁶
556 5586 772 5664 Norm.,
837 5594 1174 5664 percussione
1244 5598 1485 5658 inimicos
1522 5586 2033 5663 tintublurfCorb.

430 5651 707 5735 Germ._et
733 5651 942 5735 Germ,
971 5651 1137 5723 hostes
1151 5651 1457 5729 intuentur.

503 5727 529 5816 ε
556 5727 884 5816 “Additurin
907 5727 1124 5816 Narin,
1148 5742 1222 5816 ad
1246 5727 1337 5816 mc
1353 5727 1534 5816 super.

448 5856 461 5868 ,
504 5798 529 5833 ⁷
556 5798 646 5858 Sic
675 5801 734 5860 in
763 5813 995 5881 utroque
1036 5798 1238 5880 La'ud.,
1284 5798 1494 5870 Norr‘n.
1519 5798 1572 5871 et
1605 5815 1752 5886 aliis,
1783 5832 1884 5876 nec
1922 5835 2031 5877 non

2154 5111 2214 5168 in
2242 5119 2354 5197 yet.
2385 5111 2536 5196 Edit.
2568 5113 2632 5197 Ip
2658 5121 2866 5197 poster.
2895 5112 3102 5187 legitur
3143 5131 3210 5174 ne
3234 5117 3423 5176 ultimo
3449 5120 3676 5192 ﬂagello
3707 5124 3796 5181 de.

2449 5183 2610 5241 simul
2637 5183 2734 5253 eis,
2762 5192 2872 5244 etc.

2224 5255 2246 5344 ξ
2272 5253 2540 5344 Xindoc.,
2569 5257 2664 5344 qui
2689 5257 2846 5330 ﬁngis
2876 5256 3111 5344 laborem
3137 5261 3221 5318 uel
3246 5261 3439 5319 dolent.

2220 5327 2243 5362 ⁹
2272 5325 2538 5396 Vindoc.,
2569 5325 2617 5383 et
2643 5325 3088 5404 non'corrigitur.

2223 5397 2270 5474 ρ
2297 5397 2512 5474 et
2529 5398 2627 5474 alii
2652 5401 2871 5474 Norm.,
2896 5404 2969 5459 ad
2995 5402 3234 5474 inferna.

2221 5469 2266 5506 ¹¹
2297 5468 2561 5537 Vindoc.,
2591 5471 2649 5526 in
2673 5472 2764 5528 ira
2787 5468 2926 5533 mea.

2221 5540 2268 5616 ff
2295 5540 2454 5616 139cc.
2485 5541 2659 5616 et_alii
2685 5544 2902 5616 Norm.,
2937 5562 3045 5602 non
3060 5544 3345 5616 judicabit.

2222 5611 2266 5647 ιθ
2297 5611 2388 5669 Sic
2411 5612 2690 5697 Laudun._,
2719 5611 3021 5697 bellovac”
3061 5611 3320 5697 'NormJL
3338 5618 3503 5697 Corb.
3555 5624 3788 5697 Germ,

2147 5682 2368 5757 (ἕπῃ-λ
2391 5697 2526 5757 npn,
2563 5682 2894 5757 contritione,
2925 5682 3100 5745 ut'est
3127 5686 3188 5743 in
3215 5682 3420 5750 Editis.

2222 5755 2270 5789 “
2301 5753 2566 5823 Vindoc.,
2596 5756 2655 5811 id
2679 5763 2756 5812 est
2786 5759 2843 5813 in
2866 5753 3076 5832 peccato
3102 5775 3221 5817 suo.
