3946 6372
205 389 266 447 57
924 386 1299 447 MORALIUM
1337 390 1471 448 LIB.
1514 392 1717 451 XVIII.
1758 426 1829 438 -
1868 396 1940 453 ΙΝ
1972 397 2201 455 CAPUT
2239 400 2477 459 XXVIII
2516 404 2577 459 B.
2623 406 2764 462 10B.
3422 416 3494 470 58

205 539 299 581 suo
323 516 677 575 morientibus
721 518 883 576 debet
924 520 1207 592 aestimari,
1239 524 1370 597 quia
1415 541 1605 583 eorum
1647 544 1783 600 per-
1808 537 1860 597 Α

204 609 365 671 cussio
391 607 479 664 hic
505 614 683 680 coepta
713 608 806 664 ille
834 610 1140 681 perﬁcitur,
1172 621 1234 669 ut
1254 614 1578 673 incorrectis
1607 634 1780 673 unum

204 699 452 772 ﬂagellum
480 697 553 752 sit
579 697 729 770 quod
760 700 1134 772 temporaliter
1162 702 1381 776 incipit,
1416 706 1512 761 sed
1541 705 1599 761 in
1630 715 1780 762 aeter-

199 791 277 847 nis
299 788 575 861 suppliciis
616 798 1055 860 consummatur,
1087 801 1361 865 quatenus
1417 797 1495 853 eis
1525 798 1620 870 qui
1650 814 1781 853 om-

199 879 319 937 nino
344 878 539 951 corrigi
593 887 840 934 renuunt
877 878 997 951 jam
1044 884 1401 954 praesentium
1434 886 1778 960 ﬂagellorum

198 973 453 1046 percussio
522 972 871 1046 sequentium
928 974 1001 1031 sit
1056 976 1281 1034 initium
1356 988 1773 1043 tormentorum.

195 1062 393 1120 Emittet
416 1079 535 1135 ergo
563 1079 725 1134 super
751 1079 888 1129 eum,
919 1072 967 1120 et
1010 1082 1119 1122 non
1139 1077 1341 1139 parcet.
1373 1071 1632 1146 Sequitur
1662 1094 1675 1133 :

554 1190 790 1248 CAPUT
819 1193 1007 1251 xxm
1040 1195 1180 1271 [Vet.
1211 1199 1401 1274 XIII].

255 1282 381 1338 Iam.
411 1313 479 1323 —
506 1283 585 1339 De
612 1300 775 1339 manu
805 1284 923 1354 ejus
950 1285 1159 1357 fugiens
1186 1286 1372 1359 fugiet.

255 1369 335 1427 36.
358 1371 614 1427 Ferientis
630 1390 847 1428 manum
868 1376 984 1429 sola
1017 1376 1374 1433 emendatione
1394 1379 1681 1437 evadimus.
1705 1412 1776 1424 —

191 1460 277 1516 Ille
304 1461 498 1516 etenim
529 1461 595 1517 de
626 1479 793 1519 manu
821 1463 966 1536 fugit
992 1465 1266 1536 ferientis,
1299 1468 1394 1541 qui
1439 1486 1549 1524 suae
1580 1470 1776 1541 pravi-

188 1556 341 1605 tatem
370 1550 593 1623 corrigit
621 1550 877 1607 actionis.
909 1553 1010 1610 Vel
1044 1563 1189 1611 certe
1232 1557 1367 1629 quia
1396 1557 1452 1613 in
1482 1576 1637 1615 sacro
1665 1560 1772 1615 elo-

188 1639 308 1712 quio
335 1655 527 1696 manus
555 1640 799 1712 operatio
828 1643 967 1698 solet
994 1627 1268 1716 intelligi,
1302 1646 1367 1702 de
1426 1666 1592 1705 manu
1643 1666 1775 1722 per—

184 1728 322 1785 cussi
350 1728 490 1802 fugit
519 1729 637 1802 qui,
668 1730 802 1787 dum
828 1731 986 1804 pravi
1015 1732 1305 1791 interitum
1334 1737 1624 1810 conspicit,
1656 1740 1775 1798 vias

184 1818 458 1893 pravitatis
486 1820 778 1895 relinquit.
814 1822 970 1879 Unde
998 1823 1181 1883 adhuc
1207 1825 1466 1884 subditur
1498 1846 1510 1885 :

737 1951 965 2011 CAPUT
1010 1954 1218 2013 XXIV.

247 2040 408 2097 Vens.
439 2040 533 2097 23.
560 2072 631 2083 —
666 2043 682 2077 ¹
717 2042 951 2115 Stringet
977 2061 1138 2117 super
1166 2062 1282 2100 eum
1310 2062 1503 2101 manus
1532 2063 1679 2105 suas.

243 2129 323 2186 37.
354 2130 419 2186 In
445 2129 687 2186 aliorum
710 2148 869 2202 paena
917 2134 1047 2204 quid
1076 2135 1224 2189 nobis
1254 2135 1539 2191 timendum
1567 2137 1639 2192 sit
1654 2154 1774 2192 con-

178 2219 431 2292 spicimus.
488 2250 561 2261 —
597 2220 794 2277 Manus
822 2222 1024 2295 quippe
1053 2225 1321 2297 stringere
1363 2233 1446 2281 est
1487 2225 1616 2282 vitae
1660 2242 1772 2283 suae

177 2325 328 2382 opera
353 2310 411 2366 in
443 2310 784 2368 rectitudine
805 2314 1153 2371 conﬁrmare.
1188 2317 1342 2372 Unde
1372 2317 1539 2372 etiam
1569 2316 1772 2372 Paulus

175 2399 244 2456 ait
272 2419 284 2457 :
314 2402 586 2459 Remissas
614 2420 802 2459 manus
822 2412 869 2460 et
907 2406 1166 2463 dissoluta
1191 2425 1361 2479 genua
1379 2409 1563 2480 erigite
1580 2410 1766 2482 (Hebr.

175 2507 266 2561 xu,
296 2492 405 2566 l2).
425 2494 577 2550 Dum
594 2494 780 2567 itaque
808 2496 1051 2552 alienum
1076 2497 1365 2555 interitum
1394 2500 1767 2573 conspiciunt,

174 2590 492 2639 revocantur
521 2583 591 2640 ad
619 2601 735 2654 cor,
758 2593 821 2641 ut
849 2587 1151 2659 recogitent
1180 2606 1364 2653 suum;
1384 2597 1438 2645 et
1466 2590 1613 2645 unde
1627 2589 1770 2645 alius

173 2682 234 2738 ad
259 2691 542 2743 tormenta
570 2686 820 2757 ducitur,
834 2705 866 2745 a
878 2696 1158 2747 tormento
1173 2692 1316 2748 alius
1335 2691 1466 2748 inde
1477 2692 1763 2749 liberatur.

172 2771 389 2846 Stringit
416 2792 557 2847 ergo
585 2792 751 2848 super
778 2794 905 2834 eum
935 2796 1131 2836 manus
1160 2798 1308 2849 suas,
1340 2783 1471 2854 quia
1496 2772 1769 2855 conspicit

170 2858 221 2917 in
249 2863 426 2921 aliena
454 2880 629 2936 poena
656 2865 793 2936 quid
820 2867 1044 2935 timeat;
1097 2877 1150 2924 et
1179 2870 1313 2925 dum
1353 2870 1767 2943 delinquentem

172 2951 246 3009 sic
262 2967 597 3025 percussum
617 2954 912 3026 conspicit,
929 2956 1198 3013 dissoluta
1216 2975 1315 3014 sua
1346 2974 1511 3030 opera
1535 2958 1767 3029 justitiaz

170 3040 344 3113 vigore
373 3041 736 3112 constringit.
771 3043 970 3115 Sicque
1001 3045 1064 3102 ﬁt
1090 3054 1155 3102 ut
1192 3047 1289 3119 qui
1319 3048 1545 3120 iniquus
1572 3048 1770 3104 vivens

171 3132 363 3189 multos
418 3130 498 3188 ad
552 3131 771 3203 culpam
829 3140 1075 3191 traxerat
1120 3136 1483 3194 delectatione
1531 3138 1765 3210 peccati,

168 3220 421 3291 quosdam
454 3220 703 3276 moriens
726 3238 758 3277 a
784 3222 952 3295 culpa
988 3234 1209 3283 revocet
1242 3234 1450 3283 terrore
1479 3227 1765 3284 tormenti.

168 3308 316 3377 Quod
342 3310 517 3367 etiam
548 3310 841 3383 provenire
886 3312 1049 3369 bonis
1077 3314 1367 3373 Psalmista
1395 3324 1647 3384 testatur,
1679 3318 1777 3375 di-

167 3415 294 3456 cens
324 3419 335 3457 :
368 3400 669 3458 Laetabitur
686 3401 869 3471 justus
897 3420 1015 3458 cum
1041 3404 1235 3461 viderit
1272 3407 1559 3463 vindictam
1589 3409 1774 3481 impio-

168 3505 302 3556 rum,
322 3506 521 3546 manus
534 3507 660 3546 suas
678 3493 878 3548 iuvabit
894 3493 950 3547 in
967 3495 1221 3565 sanguine
1236 3504 1571 3567 peccatorum
1596 3498 1770 3570 (Psat.

168 3595 296 3648 Lvn,
327 3581 445 3655 11).
480 3581 544 3636 In
574 3588 924 3653 peccatorum
954 3583 1313 3640 morientium
1344 3586 1611 3658 sanguine
1634 3587 1775 3659 justi

114 3670 119 3677 ’
170 3668 421 3727 lavantur
451 3671 808 3745 manus,quia
835 3672 968 3729 dum
999 3690 1190 3731 eorum
1212 3692 1374 3748 poena
1411 3678 1771 3751 conspicitur,

168 3759 562 3834 conspicientis
590 3760 706 3817 vita
735 3763 1057 3821 mandatur.
1090 3764 1355 3838 Sequitur
1388 3783 1400 3822 :

750 3870 976 3929 CAPUT
1002 3874 1182 3933 XXV.

230 3965 372 4021 Inm.
392 3993 470 4004 —
489 3963 565 4018 Et
578 3960 811 4017 sibilabit
828 3978 987 4034 super
998 3964 1174 4035 illum,
1196 3965 1406 4022 intuens
1438 3968 1609 4023 locum
1636 3968 1767 4037 ejus.

232 4053 319 4110 38.
358 4053 552 4123 Sicque
578 4070 613 4107 a
653 4058 864 4125 peccato
892 4056 1290 4125 compescimur.
1321 4087 1393 4097 —
1421 4057 1567 4125 Quid
1595 4058 1654 4113 in
1685 4058 1773 4113 si—

166 4139 294 4211 bilo,
325 4141 439 4198 nisi
471 4140 711 4197 intentio
736 4141 1124 4200 admirationis
1151 4144 1531 4217 exprimitur?
1560 4146 1617 4203 Si
1640 4164 1772 4204 vero

169 4230 222 4286 in
249 4232 415 4289 sibilo
445 4232 557 4289 alia
584 4232 814 4288 fortasse
845 4232 1177 4305 signiﬁcatio
1208 4236 1477 4308 quaeritur
1502 4237 1771 4293 moriente

168 4329 473 4393 peccatore,
505 4320 565 4376 hi
594 4321 691 4394 qui
720 4322 1009 4378 interitum
1031 4321 1151 4393 ejus
1176 4324 1475 4397 aspiciunt,
1502 4342 1567 4381 os
1595 4326 1653 4381 in
1683 4327 1773 4381 si—

161 4409 272 4467 bilo
294 4412 601 4484 stringunt,
633 4410 768 4467 dum
798 4411 866 4467 ad
896 4428 959 4467 ea
979 4429 1101 4485 quae
1133 4422 1580 4487 contempserant
1604 4416 1772 4473 verba

162 4499 431 4571 spiritalia
459 4508 889 4568 convertuntur,
920 4510 983 4558 ut
996 4501 1112 4574 jam
1141 4505 1366 4561 credere
1382 4513 1438 4561 et
1462 4505 1770 4578 praedicare

161 4589 428 4664 incipiant
455 4608 579 4664 quae
610 4591 764 4664 prius
792 4591 925 4648 dum
957 4592 1213 4668 iniquum
1258 4593 1451 4651 ﬂorere
1481 4605 1768 4653 cernerent
1798 4629 1847 4688 Β

161 4696 267 4737 non
295 4681 617 4739 credebant.
648 4683 787 4739 Nam
831 4682 896 4738 ﬁt
936 4685 1261 4759 plerumque
1309 4694 1371 4742 ut
1418 4686 1767 4744 inﬁrmorum

162 4769 376 4827 animus
402 4787 471 4827 eo
500 4770 675 4843 magis
706 4772 728 4806 ²
758 4771 826 4828 de
855 4772 1051 4829 auditu
1079 4774 1333 4831 veritatis
1364 4775 1628 4848 trepidet,
1660 4793 1769 4849 quo

162 4856 348 4917 florere
377 4867 792 4934 contemptores
815 4861 1068 4918 veritatis
1097 4862 1269 4920 videt.
1303 4864 1409 4921 Sed
1438 4865 1572 4921 dum
1617 4864 1770 4938 justa

162 4948 295 5007 ultio
321 4951 565 5024 injustos
592 4950 893 5022 subtrahit,
915 4952 1054 5009 alios
1082 4969 1114 5009 a
1142 4955 1414 5028 pravitate
1446 4958 1765 5029 compescit.

163 5037 309 5097 Unde
337 5054 439 5115 per
466 5041 818 5099 Salomonem
848 5042 1057 5099 dicitur
1087 5061 1099 5100 :
1126 5045 1356 5103 Multato
1373 5047 1664 5118 pestilente,
1685 5064 1770 5102 sa-

156 5130 385 5200 pientior
413 5132 517 5189 erit
536 5134 804 5206 parvulus
836 5133 1026 5207 (Prov.
1084 5150 1208 5205 xxx,
1268 5136 1383 5208 11).
1443 5136 1547 5193 Vir
1596 5135 1769 5209 igitur

160 5229 378 5279 sanctus
394 5230 687 5296 postquam
707 5231 997 5296 potentum
1020 5240 1209 5298 poenas
1224 5224 1321 5299 qui
1342 5226 1690 5282 extolluntur
1709 5226 1768 5283 in

161 5320 360 5377 saeculo
389 5319 732 5378 suﬂicienter
760 5322 1032 5394 explevit,
1064 5320 1209 5378 573
1238 5341 1429 5381 rursus
1454 5323 1523 5381 ad
1552 5323 1767 5381 haereti-

159 5424 348 5468 corum
405 5412 741 5486 superbiam,
772 5413 868 5487 qui
892 5415 1241 5473 extolluntur
1255 5416 1314 5473 in
1335 5416 1579 5491 eloquio,
1600 5415 1771 5473 verba

159 5501 475 5559 convertit.
488 5504 626 5561 Nam
651 5504 907 5578 sequitur
939 5522 952 5562 :

231 5716 247 5787 ξ
277 5712 460 5787 Laud.
491 5722 547 5771 et
570 5715 789 5787 Norm.,
818 5715 1054 5787 stringit.

229 5785 252 5821 ³
282 5784 554 5855 Vindoc.,
585 5786 649 5840 de
675 5787 906 5843 audacia
936 5784 1196 5846 veritatis.

229 5858 250 5892 ³
280 5857 498 5927 Germ.,
528 5856 694 5916 Corb.
743 5857 956 5926 Germ.,
986 5858 1198 5917 Gemet.
1229 5868 1284 5918 et
1310 5860 1405 5917 alii
1431 5861 1647 5928 Norm.,
1678 5879 1773 5915 re-

2170 531 2398 589 CAPUT
2427 534 2614 591 XXVI
2638 534 2776 609 [Vet.
2811 544 2858 592 et
2885 542 3003 597 Rec.
3038 544 3217 618 XIV].

1966 622 2098 679 CAP.
2132 640 2335 691 xxvm,
2368 624 2540 680 Vens.
2578 626 2626 680 1.
2652 628 2911 682 —Habet
2936 639 3500 702 argentum,veuarum

1893 728 2115 767 suarum
2138 714 2411 785 principia
2439 732 2456 769 :
2485 721 2535 770 et
2559 732 2695 771 auro
2728 719 2869 773 locus
2892 727 2968 773 est
2998 721 3048 774 in
3076 739 3179 791 quo
3213 731 3496 797 conﬂatur.

1962 828 2054 885 39.
2086 829 2334 885 Η(ωέιίσί
2361 829 2433 884 ad
2462 846 2645 885 sacras
2674 832 2904 902 paginas
2923 841 3255 908 veterumque
3278 846 3499 910 patrum

1894 918 2055 974 libros
2087 918 2432 990 provocandi.
2462 950 2532 960 —
2565 920 2628 974 In
2655 928 2880 993 argento
2907 924 3212 997 eloquium,
3261 926 3319 981 in
3364 944 3498 985 auro

1892 1007 2019 1063 vitae
2052 1009 2141 1063 vel
2172 1007 2453 1079 sapientiae
2501 1008 2721 1065 claritas
2763 1010 3038 1083 designari
3078 1014 3236 1070 solet.
3270 1016 3340 1071 Et
3370 1016 3501 1090 quia

1891 1097 2139 1155 haeretici
2168 1098 2249 1154 sic
2277 1098 2343 1154 de
2374 1097 2579 1171 eloquii
2601 1099 2686 1154 sui
2707 1100 2886 1157 nitore
2917 1103 3265 1174 superbiunt,
3287 1112 3349 1161 ut
3378 1106 3500 1161 nul-

1890 1187 1943 1243 Ia
1979 1203 2260 1243 sacrorum
2291 1186 2561 1243 librorum
2583 1189 2908 1246 auctoritate
2939 1191 3251 1249 solidentur
3282 1193 3499 1267 (quili-

1886 1276 1972 1332 bri
1995 1277 2063 1332 ad
2094 1276 2430 1350 loquendum
2460 1277 2621 1333 nobis
2651 1279 2807 1351 quasi
2824 1282 3075 1354 quaedam
3104 1283 3316 1356 argenti
3343 1300 3496 1340 venm

1887 1377 2037 1437 sunt,
2069 1368 2197 1441 quia
2228 1367 2294 1423 de
2325 1366 2457 1439 ipsis
2479 1368 2776 1426 locutionis
2804 1380 3003 1427 nostrae
3035 1373 3305 1445 originem
3326 1373 3509 1430 trahi-°

1888 1460 2059 1531 mus),
2091 1475 2183 1514 eos
2212 1458 2280 1513 ad
2308 1475 2473 1514 sacrae
2515 1461 2860 1518 auctoritatis
2888 1463 3115 1534 paginas
3141 1474 3385 1535 revocat,
3433 1474 3496 1522 ut

1886 1550 1933 1606 si
1964 1566 2088 1605 vere
2120 1548 2272 1622 loqui
2320 1549 2654 1618 desiderant,
2688 1551 2815 1607 inde
2845 1569 3062 1609 sumere
3099 1553 3332 1610 debeant
3360 1554 3493 1627 quid

1887 1640 2202 1712 loquantur.
2234 1641 2305 1694 Et
2332 1639 2410 1694 ait
2439 1658 2451 1695 :
2486 1640 2649 1695 Habet
2669 1649 2965 1712 argentum,
2996 1661 3248 1698 venarum
3269 1661 3495 1699 suarum

1880 1730 2171 1802 principia.
2206 1731 2286 1783 Ac
2315 1727 2361 1782 si
2392 1734 2575 1796 aperte
2606 1727 2754 1782 dicat
2786 1747 2797 1782 :
2832 1730 2939 1795 Qui
2959 1730 3027 1783 ad
3057 1747 3199 1785 verae
3220 1732 3496 1801 praedica-

1884 1819 2055 1875 tionis
2084 1816 2251 1872 verba
2280 1832 2335 1870 se
2366 1823 2655 1887 praeparat,
2699 1832 2919 1873 necesse
2973 1825 3054 1873 est
3106 1826 3167 1874 ut
3205 1835 3494 1876 causarum

1804 1902 1851 1962 B
1881 1908 2123 1980 origines
2159 1923 2189 1961 a
2217 1906 2385 1961 sacris
2414 1905 2627 1978 paginis
2677 1916 2879 1975 sumat,
2910 1915 2974 1962 ut
3003 1924 3167 1963 omne
3206 1908 3353 1982 quod
3400 1910 3496 1965 lo-

1885 1998 2076 2072 quitur
2104 1996 2171 2053 ad
2201 1996 2407 2051 divinae
2427 1996 2774 2053 auctoritatis
2804 1997 3229 2053 fundamentum
3252 2007 3491 2067 revocet,

1883 2096 2045 2161 atque
2076 2087 2133 2143 in
2160 2103 2225 2141 eo
2245 2086 2542 2143 aediﬁcium
2566 2087 2861 2143 locutionis
2890 2104 3001 2143 sure
3023 2088 3224 2143 ﬁrmet.
3249 2089 3318 2144 Ut
3343 2088 3490 2143 enim

1882 2177 2265 2251 praediximus,
2296 2193 2439 2249 saepe
2460 2175 2705 2233 haeretici
2736 2177 2868 2233 dum
2900 2194 2997 2233 sua
3027 2176 3250 2233 student
3270 2192 3492 2249 perver-

1881 2286 1939 2325 sa
1968 2276 2232 2336 astruere,
2264 2284 2326 2323 ea
2355 2269 2644 2340 proferunt
2673 2285 2793 2341 quae
2823 2269 3073 2340 profecto
3102 2268 3160 2323 in
3210 2284 3490 2323 sacrorum

1881 2358 2153 2415 librorum
2182 2356 2397 2430 paginis
2426 2374 2537 2413 non
2569 2365 2850 2415 tenentur.
2884 2356 3039 2412 Unde
3059 2364 3114 2412 et
3151 2355 3489 2428 discipulum

1880 2465 2041 2504 suum
2072 2448 2398 2521 praedicator
2421 2449 2670 2520 egregius
2699 2448 2980 2516 admonet,
3012 2447 3205 2503 dicens
3237 2465 3249 2504 :
3287 2448 3330 2502 Ο
3393 2445 3494 2503 Ti-

1877 2541 2093 2605 mothee,
2125 2541 2414 2612 depositum
2451 2539 2674 2605 custodi,
2720 2539 2958 2594 devitans
3004 2537 3269 2610 profanas
3309 2552 3493 2591 vocum

1876 2629 2133 2683 novitates
2165 2629 2223 2700 (Ι
2255 2629 2390 2684 Tim.
2423 2645 2502 2696 vr,
2529 2628 2659 2700 20):
2694 2628 2826 2701 quia
2857 2627 2988 2682 dum
3010 2624 3225 2681 laudari
3244 2622 3491 2679 haeretici

1876 2724 2138 2790 tanquam
2174 2716 2241 2772 de
2282 2716 2575 2773 excellenti
2621 2717 2845 2788 ingenio
2876 2715 3130 2788 cupiunt,
3163 2714 3317 2787 quasi
3347 2727 3492 2768 nova

1878 2807 2127 2878 quaedam
2150 2808 2456 2879 proferunt,
2476 2823 2598 2880 qum
2629 2807 2686 2863 in
2707 2807 3063 2879 antiquorum
3086 2806 3311 2860 Patrum
3334 2800 3492 2857 libris

1876 2897 2157 2953 veteribus
2186 2914 2298 2953 non
2328 2907 2619 2966 tenentur;
2654 2899 2841 2972 sicque
2873 2898 2935 2953 ﬁt
2967 2906 3029 2954 ut
3057 2897 3190 2953 dum
3210 2894 3389 2951 videri
3410 2909 3490 2950 sa-

1877 2981 2091 3054 pientes
2120 2982 2452 3052 desiderant,
2480 2987 2697 3041 miseris
2716 2988 2832 3042 suis
2860 2985 3209 3043 auditoribus
3238 2983 3489 3040 stultitiae

1877 3071 2090 3127 semina
2118 3080 2394 3143 spargant.

1951 3213 2040 3269 40.
2078 3215 2207 3270 Sola
2234 3216 2473 3271 Ecclesia
2492 3216 2749 3271 catholica
2777 3222 3038 3287 martyres
3059 3215 3227 3271 habet.
3248 3244 3321 3256 —
3344 3214 3490 3269 Bene

1885 3310 2067 3359 autem
2098 3304 2357 3360 subditur
2390 3323 2402 3361 :
2435 3307 2509 3362 Et
2536 3323 2673 3361 auro
2706 3308 2847 3361 locus
2875 3311 2950 3360 est
2975 3304 3033 3359 in
3071 3322 3173 3375 quo
3203 3305 3485 3373 conﬂatur.

1884 3394 1966 3448 Ac
1994 3391 2039 3446 si
2070 3402 2254 3464 aperte
2284 3393 2432 3450 dicat
2456 3412 2467 3449 :
2493 3394 2636 3449 Vera
2664 3393 2913 3449 ﬁdelium
2944 3391 3236 3465 sapientia,
3257 3391 3348 3448 cui
3369 3389 3490 3446 uni-

1886 3481 2114 3536 versalis
2134 3482 2389 3539 Ecclesia
2420 3483 2574 3539 locus
2603 3490 2704 3552 est,
2736 3482 3149 3538 tribulationem
3182 3481 3343 3536 vobis
3372 3496 3490 3553 per-

1884 3571 2240 3643 sequentibus
2269 3572 2497 3643 patitur,
2529 3571 2623 3627 sed
2653 3588 2684 3627 a
2711 3571 2926 3628 cunctis
2954 3578 3301 3643 peccatorum
3319 3568 3493 3625 sordi-

1884 3659 1986 3715 bus
2016 3660 2416 3732 persecutionis
2446 3668 2641 3716 vestrae
2671 3660 2796 3732 igne
2843 3667 3126 3732 purgatur.
3160 3658 3314 3715 Unde
3344 3657 3491 3713 scri-

1884 3756 2041 3821 ptum
2097 3758 2179 3805 est
2212 3768 2224 3805 :
2258 3753 2323 3807 In
2374 3752 2490 3822 igne
2530 3752 2799 3822 probatur
2846 3767 3043 3805 aurum
3093 3756 3141 3805 et
3190 3755 3489 3821 argentum,

1882 3838 2114 3893 homines
2165 3857 2288 3894 vero
2319 3842 2339 3874 ³
2372 3840 2692 3912 receptibiles
2739 3841 2797 3894 in
2850 3840 3055 3895 camino
3102 3838 3491 3894 humiliationis

1885 3928 2078 4000 (Eccli.
2097 3930 2221 3999 11,5)
2232 3972 2245 3985 .
2264 3929 2385 3996 Quo
2398 3928 2454 3984 in
2477 3930 2597 3985 loco
2614 3936 2793 4000 potest
2808 3928 2915 3985 hoc
2926 3943 3143 4000 quoque
3158 3926 3491 3983 convenien-

1883 4023 1967 4071 ter
1996 4017 2253 4088 intelligi,
2278 4025 2342 4072 ut
2371 4017 2437 4072 de
2466 4034 2565 4072 sua
2595 4017 2841 4073 hmretici
2876 4016 3147 4086 increpari
3177 4015 3345 4069 stulta
3372 4029 3490 4085 pas-

1881 4105 2035 4160 sione
2064 4106 2378 4162 videantur.
2410 4107 2547 4162 Nam
2578 4121 2720 4177 saepe
2738 4121 2837 4177 pro
2866 4105 2993 4160 .lesu
3026 4102 3233 4161 Christi
3263 4101 3489 4158 Domini

1880 4210 1944 4250 ac
1959 4194 2320 4265 redemptoris
2336 4194 2510 4249 nostri
2527 4194 2751 4249 nomine
2764 4195 2937 4249 multa
2953 4192 3488 4265 patiuntur,seseque

1881 4279 2086 4335 eisdem
2118 4279 2469 4351 passionibus
2496 4280 2613 4352 ejus
2642 4279 2764 4336 ﬁeri
2794 4287 3063 4353 martyres
3086 4284 3327 4351 sperant.
3360 4276 3490 4345 Qui-

1880 4369 1983 4426 bus
2012 4370 2186 4427 sancti
2217 4368 2326 4425 viri
2355 4386 2490 4427 voce
2519 4387 2669 4427 nunc
2698 4370 2908 4427 dicitur
2932 4389 2942 4426 :
2980 4371 3133 4425 Auro
3170 4371 3310 4425 locus
3332 4374 3409 4422 est
3432 4368 3491 4422 in

1880 4475 1982 4529 quo
2014 4462 2295 4530 conﬂatur.
2325 4460 2460 4515 Nam
2484 4459 2649 4531 juxta
2679 4460 2785 4516 hoc
2832 4459 2980 4533 quod
3004 4459 3118 4531 jam
3150 4467 3204 4513 et
3234 4465 3359 4514 ante
3388 4473 3491 4513 nos

1879 4546 2091 4605 dictum
2120 4557 2201 4603 est
2224 4548 2295 4621 (Α
2323 4549 2512 4619 Cypr.,
2541 4550 2603 4604 de
2630 4550 2830 4604 unitate
2856 4551 3029 4615 Ecct.,
3060 4555 3107 4603 et
3130 4548 3315 4617 alibi),
3338 4547 3488 4620 quis-

1881 4638 2005 4710 quis
2050 4646 2205 4693 extra
2258 4638 2529 4693 unitatem
2576 4639 2838 4695 Ecclesiae
2868 4638 3097 4710 patitur,
3130 4654 3317 4710 pmnas
3372 4636 3485 4710 pati

1878 4735 2077 4800 potest,
2110 4736 2321 4800 martyr
2358 4728 2477 4782 ﬁeri
2508 4743 2619 4783 non
2649 4735 2849 4799 potest,
2894 4728 3023 4800 quia
3053 4744 3187 4783 auro
3219 4728 3375 4782 locus
3403 4733 3488 4781 est

1878 4816 1936 4872 in
1966 4833 2075 4889 quo
2104 4816 2394 4874 conﬂatur.
2426 4816 2574 4884 Quid
2594 4816 2777 4889 itaque
2797 4816 2866 4873 ad
2898 4815 3037 4884 haec,
3060 4816 3330 4884 haeretici,
3353 4814 3490 4871 dici-

1876 4907 1989 4963 tis?
2017 4907 2258 4964 Conﬂari
2302 4923 2397 4979 per
2424 4905 2782 4963 aﬁlictionem
2812 4907 3015 4975 carnis,
3047 4908 3135 4963 vel
3178 4906 3345 4963 etiam
3393 4918 3490 4973 per

1878 4996 2208 5069 martyrium
2229 4996 2521 5065 vultis,sed
2550 4998 2733 5053 locum
2766 4995 2825 5050 in
2855 5012 2965 5068 quo
2985 4995 3230 5051 debeatis
3258 4991 3487 5050 conﬂari

1876 5085 2331 5143 nescitis.Audite
2348 5085 2483 5159 quid
2502 5088 2677 5143 sancti
2698 5085 3075 5158 praedicatoris
3090 5098 3224 5140 voce
3240 5080 3448 5138 dicitur
3471 5099 3483 5138 :

1876 5177 2032 5232 Auro
2067 5178 2209 5232 locus
2228 5182 2304 5230 est
2328 5176 2387 5230 in
2415 5193 2517 5246 quo
2548 5178 2831 5247 conﬂatur.
2855 5175 3017 5230 Hunc
3042 5187 3171 5241 ergo
3198 5170 3485 5227 conﬂatio-

1876 5267 1964 5324 nis
1993 5267 2176 5325 locum
2209 5265 2459 5339 quaerite,
2490 5265 2635 5322 hanc
2664 5265 2965 5330 fornacem,
2996 5277 3105 5335 qua
3132 5277 3328 5318 aurum
3360 5270 3487 5334 apte

1875 5357 2097 5432 purgari
2137 5357 2319 5412 valeat
2349 5355 2621 5411 invenite.

1948 5500 2036 5557 41.
2072 5499 2344 5573 Quidquid
2396 5505 2554 5555 extra
2582 5495 2878 5555 Ecclesiam
2943 5499 3232 5569 toleratur,
3257 5498 3486 5562 cruciat,

1879 5721 2171 5847 ceptagrilles.
2199 5721 2271 5775 Et
2299 5717 2521 5790 quidem
2553 5715 2792 5773 dicimus
2832 5715 3192 5787 acceptabites,
3236 5728 3349 5767 non
3380 5728 3483 5765 ac-

1879 5799 2011 5847 cepti
2048 5809 2158 5847 tes.

1879 5809 2041 5862 ceptw
2048 5809 2140 5847 ῑιεε
2146 5835 2158 5847 .
