3946 6384
439 380 510 437 59
1653 377 1904 436 SANCTI
1941 375 2282 437 GREGORII
2317 377 2544 437 MAGNI
3671 390 3742 446 60

439 521 547 561 non
567 511 862 578 purgat.--
883 506 1004 565 Una
1029 513 1112 565 est
1145 505 1395 565 Ecclesia
1415 504 1474 561 in
1503 517 1612 578 qua
1643 503 1660 538 ¹
1693 503 1787 576 qui
1815 502 2043 560 conﬂari
2075 504 2126 563 Α
2153 503 2226 560 Et
2251 526 2262 564 :
2292 505 2413 562 Nisi
2438 504 2676 562 conversi
2702 503 2938 574 fueritis,
2966 511 3014 560 et
3038 504 3339 578 eﬁiciamini
3357 506 3492 563 sicut
3510 517 3746 585 parmai,

441 595 678 652 valuerit
695 597 764 653 ab
780 597 936 654 omni
951 597 1119 655 etiam
1147 597 1348 670 poterit
1364 603 1708 668 peccatorum
1741 593 1898 649 sorde
1914 609 2040 665 pur-

441 686 576 758 gari.
607 687 666 744 Si
695 687 831 761 quid
860 706 960 762 pro
987 692 1102 747 Deo
1130 685 1538 753 amaritudinis,
1565 684 1612 740 si
1652 685 1786 756 quid
1815 683 2042 739 tribula-

439 774 610 831 tionis
657 785 814 834 extra
859 779 1003 836 hanc
1031 779 1196 851 positi
1226 775 1531 843 sustinetis,
1563 773 1783 830 incendi
1817 771 2044 846 potestis

439 868 846 940 tantummodo,
862 887 974 927 non
1002 869 1244 943 purgari.
1269 869 1428 926 Dicat
1447 865 1729 934 Jeremias,
1749 864 1895 923 dicat
1913 882 2043 939 quo-

441 959 607 1016 modo
635 959 984 1018 conﬂationis
1016 967 1212 1016 vestrae
1243 958 1388 1032 ignis
1418 957 1570 1014 omni
1599 955 1806 1012 virtute.
1835 957 1907 1013 sit
1955 973 2043 1012 va-

438 1064 576 1108 cuus
607 1065 620 1104 :
653 1049 883 1107 Frustra
907 1049 1158 1122 conﬂavit
1171 1051 1450 1120 con/lator,
1475 1045 1696 1103 malitite
1711 1048 1846 1102 enim
1863 1065 2046 1103 eorum

438 1152 544 1191 non
572 1143 695 1192 sunt
721 1147 1045 1212 consumptae
1075 1140 1290 1212 (Jercm.
1325 1155 1406 1205 vr,
1445 1135 1562 1209 29).
1595 1137 1737 1194 Ecce
1769 1135 1911 1209 ignis
1938 1153 2048 1193 ex-

439 1226 612 1284 terius
643 1225 913 1300 conﬂans,
943 1236 997 1286 et
1044 1228 1193 1287 durae
1223 1227 1492 1302 passionis
1519 1226 1776 1283 admovet
1806 1243 2044 1300 poenam,

435 1318 591 1379 574
617 1332 672 1380 et
703 1333 890 1383 tamen
920 1326 1124 1383 erroris
1152 1342 1265 1382 non
1293 1324 1552 1398 excoquit
1575 1325 1815 1397 culpam,
1855 1332 1908 1380 et
1939 1332 2046 1379 tor-

442 1423 627 1472 menta
645 1417 958 1474 crudelium
975 1418 1068 1474 dat
1087 1434 1371 1491 poenarum
1377 1459 1393 1487 ,
1415 1424 1469 1472 et
1487 1415 1758 1472 honorum
1781 1431 1892 1470 non
1914 1414 2048 1471 facit

441 1503 781 1562 incrementa
794 1508 1140 1564 meritorum.
1162 1507 1342 1579 Hujus
1352 1506 1518 1562 etiam
1537 1505 1886 1562 conﬂationis
1903 1505 2047 1576 ignis

441 1594 536 1668 qui
552 1601 712 1652 extra
738 1595 1070 1654 catholicam
1090 1598 1358 1654 toleratur
1385 1596 1710 1665 Ecclesiam,
1735 1612 1898 1668 quam
1924 1595 2047 1651 nul-

439 1684 551 1742 lius
583 1685 817 1744 omnino
846 1687 1074 1744 virtutis
1104 1688 1200 1758 sit,
1230 1687 1434 1744 Paulus
1461 1687 1759 1760 Apostolus
1801 1686 2048 1744 insinuat

444 1773 634 1832 dicens
666 1793 678 1832 :
714 1775 775 1832 Si
804 1777 1073 1834 tradidero
1104 1793 1297 1849 corpus
1315 1793 1486 1831 meum
1511 1775 1532 1810 ³
1563 1782 1621 1830 ut
1641 1776 1847 1841 ardeat,
1877 1776 2050 1831 chari-

2149 615 2256 656 non
2283 595 2554 652 intrabitis
2589 594 2645 649 in
2680 611 2895 665 regnum
2926 597 3173 650 cwlorum
3217 595 3432 664 (Matth.
3475 614 3636 668 xvm,
3665 605 3697 658 3
3699 605 3745 675 )-

2155 688 2299 764 [Rec.
2329 683 2473 758 XV.]
2505 685 2647 752 Quia
2675 701 2802 757 ergo
2831 699 2942 741 non
2972 685 3078 741 nisi
3119 685 3178 742 in
3211 687 3482 744 catholica
3510 689 3752 750 Ecclesia

2153 779 2270 835 veri
2301 785 2574 850 martyres
2602 775 2764 844 ﬁunt,
2797 774 3003 832 dicitur
3031 783 3176 832 recte
3201 793 3212 832 :
3243 777 3400 833 Auro
3430 779 3572 835 locus
3598 789 3670 836 est
3695 783 3752 837 in

2152 887 2255 940 quo
2293 870 2575 940 conﬂatur,
2607 866 2738 938 quia
2779 881 2891 922 non
2937 866 3198 924 clarescet
3232 867 3418 925 anima
3447 869 3507 925 in
3544 869 3752 941 fulgore

2153 967 2368 1018 aeterna:
2403 956 2855 1031 pulchritudinis,
2884 956 3016 1026 nisi,
3046 965 3108 1014 ut
3134 957 3214 1015 ita
3248 958 3451 1030 dicam,
3488 961 3643 1034 prius
3665 961 3757 1019 hic

2153 1049 2349 1109 arserit
2376 1049 2434 1105 in
2461 1047 2682 1105 oﬂicina
2709 1045 3015 1104 charitatis.

2225 1139 2313 1195 43.
2359 1138 2500 1193 Deus
2541 1137 2678 1193 alios
2711 1137 2885 1191 sal-vat
2927 1154 3025 1208 per
3073 1137 3443 1206 innocentiam,
3485 1140 3623 1195 alios
3663 1158 3759 1212 per

2148 1229 2529 1302 ptenitentiam.
2561 1255 2631 1267 —
2673 1223 3023 1282 Pensandum
3067 1234 3328 1300 praeterea
3367 1236 3448 1284 est
3487 1229 3634 1302 quod
3674 1248 3758 1287 oc-

2154 1319 2304 1375 culto
2349 1316 2583 1374 consilio
2629 1316 2980 1388 omnipotens
3023 1317 3168 1372 Deus
3213 1317 3479 1390 quosdam
3531 1317 3599 1374 ab
3630 1317 3762 1392 ipsis

2155 1406 2399 1465 exordiis
2434 1405 2548 1462 suis
2581 1404 2902 1462 innocentes
2934 1405 3271 1475 custodiens,
3301 1425 3476 1481 usque
3558 1408 3627 1465 ad
3654 1409 3761 1464 vir-

2155 1505 2335 1554 tutum
2367 1495 2624 1570 provehit
2650 1512 2885 1563 summa,
2915 1503 2978 1551 ut
2999 1503 3156 1552 aetate
3183 1506 3480 1566 crescente,
3507 1498 3676 1554 simul
3707 1497 3765 1553 in

2156 1586 2234 1642 eis
2264 1583 2515 1659 proﬁciat
2559 1591 2611 1640 et
2657 1600 2929 1641 annorum
2959 1585 3345 1654 numerositas,
3392 1594 3445 1642 et
3493 1585 3765 1643 celsitudo

2158 1676 2500 1733 meritorum.
2533 1674 2688 1732 Alios
2709 1691 2839 1732 vero
2867 1674 2927 1731 in
2949 1675 3194 1733 exordiis
3214 1676 3330 1732 suis
3349 1675 3631 1745 deserens,
3654 1693 3768 1732 sca-

2157 1767 2492 1824 turientibus
2521 1765 2676 1822 vitiis
2701 1767 2780 1822 ire
2805 1783 2901 1840 per
2931 1767 3164 1841 abrupta
3193 1766 3486 1841 permittit.
3522 1767 3767 1824 Plerum-

445 1870 602 1922 tatem
639 1872 814 1923 autem
855 1886 961 1924 non
993 1869 1232 1937 habeam,
1261 1867 1399 1922 nihil
1426 1867 1558 1922 mihi
1578 1867 1796 1938 prodest
1836 1865 1893 1938 (Ι
1917 1867 2042 1925 Cor.
2078 1878 2124 1939 Β
2156 1873 2261 1930 que
2291 1864 2476 1912 tamen
2519 1853 2683 1910 etiam
2715 1870 2806 1909 eos
2848 1853 3091 1926 respicit,
3132 1861 3184 1910 et
3230 1853 3298 1910 ad
3336 1853 3682 1928 sequendum
3713 1871 3770 1910 se

440 1971 568 2026 xm,
589 1957 672 2028 3).
699 1956 840 2032 [Vet.
861 1960 1127 2034 XV.]Alii
1145 1959 1346 2032 quippe
1361 1975 1527 2032 prava
1546 1957 1613 2014 de
1632 1960 1744 2014 Deo
1765 1958 2043 2026 sentiunt;

443 2044 544 2102 alii
577 2055 725 2105 recta
781 2047 850 2104 de
878 2057 1102 2108 auctore
1122 2057 1310 2105 tenent
1333 2067 1346 2116 ;
1381 2049 1473 2105 sed
1495 2049 1762 2105 unitatem
1783 2064 1910 2104 cum
1939 2047 2044 2104 fra-

440 2132 622 2192 tribus
640 2152 754 2193 non
783 2144 992 2195 tenent.
1013 2139 1102 2196 Illi
1131 2155 1315 2194 errore
1338 2137 1488 2207 ﬁdei,
1517 2136 1610 2193 isti
1632 2153 1762 2192 vero
1782 2135 2042 2192 schisma-

439 2223 514 2280 tis
559 2227 966 2299 perpetratione
995 2227 1162 2285 divisi
1191 2235 1340 2284 sunt.
1373 2225 1527 2284 Unde
1557 2234 1610 2282 et
1637 2226 1694 2281 in
1726 2225 1842 2298 ipsa
1868 2225 2048 2299 prima

437 2322 596 2387 parte
623 2315 873 2392 decalogi
900 2325 1258 2392 utrarumque
1285 2316 1524 2390 partium
1541 2317 1714 2388 culpae
1737 2314 2044 2388 reprimun-

437 2411 552 2472 tur,
579 2421 706 2464 cum
727 2407 923 2465 divina
941 2425 1074 2466 voce
1095 2408 1329 2466 dicitur:
1351 2407 1550 2480 Diliges
1569 2407 1857 2463 Dominum
1875 2407 2046 2462 Deum

439 2502 588 2553 tilum
613 2513 681 2553 ea:
711 2503 816 2556 toto
845 2501 1002 2555 corde
1022 2505 1131 2568 tuo,
1147 2505 1196 2556 et
1222 2516 1288 2554 ea:
1311 2506 1419 2554 tota
1446 2499 1630 2555 anima
1661 2504 1772 2565 tua,
1793 2504 1840 2553 et
1855 2514 1920 2552 ea:
1937 2503 2046 2553 tota

438 2585 633 2644 uirtute
661 2594 753 2645 tua
779 2591 967 2660 (Deut.
999 2609 1078 2660 vr,
1109 2592 1192 2663 5).
1215 2593 1396 2665 Atque
1426 2607 1556 2647 mox
1584 2587 1872 2646 subditur:
1905 2587 2043 2644 Dili-

437 2693 522 2747 ges
545 2677 858 2748 proximum
888 2685 1036 2734 tuum
1063 2679 1198 2734 sicut
1227 2681 1464 2752 teipsum.
1498 2680 1604 2748 Qui
1633 2679 1781 2736 enim
1829 2677 1898 2734 de
1929 2679 2046 2734 Deo

439 2780 696 2838 perversa
725 2768 913 2838 sentit,
937 2769 1111 2842 liquet
1139 2769 1382 2840 profecto
1410 2769 1540 2842 quia
1566 2770 1742 2825 Deum
1772 2783 1885 2824 non
1903 2765 2044 2822 dili-

439 2854 538 2928 git.
570 2856 677 2924 Qui
697 2873 829 2915 vero
857 2859 926 2914 de
956 2861 1070 2916 Deo
1098 2867 1247 2917 recta
1285 2860 1524 2916 sentiens
1551 2875 1582 2916 a
1609 2866 1810 2916 sanctae
1839 2858 2043 2914 Eccle—

437 2943 534 3002 sia
557 2947 770 3004 unitate
797 2947 1010 3006 divisus
1037 2957 1140 3019 est,
1171 2959 1385 3007 constat
1423 2951 1552 3024 quia
1581 2949 1900 3024 proximum
1929 2964 2041 3005 non

436 3043 604 3103 amat,
636 3052 797 3108 quem
828 3037 1027 3094 habere
1046 3040 1256 3097 socium
1293 3048 1528 3098 recusat.

504 3125 744 3194 42.0uia
758 3129 1139 3185 deestcharitas
1171 3136 1276 3184 tam
1291 3128 1635 3184 schismaticis
1675 3145 1835 3198 quam
1862 3129 2042 3182 haere-

439 3214 573 3272 ticis.
601 3245 672 3258 —
700 3215 960 3292 Quisquis
987 3233 1116 3292 ergo
1147 3219 1216 3274 ab
1245 3217 1349 3274 hac
1375 3218 1590 3305 unitate
1634 3215 1826 3272 matris
1855 3217 2040 3273 Eccle-
2075 3249 2120 3311 ρ

437 3305 554 3376 site,
587 3305 704 3364 sive
748 3323 844 3381 per
884 3308 1137 3365 haeresim
1183 3307 1250 3363 de
1295 3309 1409 3364 Deo
1455 3301 1712 3379 perversa
1732 3305 2040 3375 sentiendo,

439 3411 538 3453 seu
565 3412 748 3454 errore
776 3398 1091 3458 schismatis
1107 3397 1425 3472 proximum
1455 3413 1569 3454 non
1597 3395 1880 3472 diligendo
1900 3395 2046 3452 divi-

437 3487 613 3558 ditur,
643 3488 930 3548 charitatis
978 3489 1148 3564 hujus
1176 3488 1354 3564 gratia
1378 3489 1650 3564 privatur,
1682 3489 1748 3547 de
1786 3505 1897 3564 qua
1937 3487 2044 3546 hoc

437 3579 588 3654 quod
633 3579 1005 3654 praemisimus
1061 3580 1265 3637 Paulus
1305 3579 1384 3636 ait
1417 3598 1430 3636 :
1461 3579 1519 3638 Si
1549 3579 1823 3636 tradidero
1853 3595 2045 3650 corpus

433 3686 607 3726 meum
634 3677 695 3726 ut
719 3672 962 3736 ardeam,
993 3669 1304 3726 charitatem
1326 3676 1502 3726 autem
1528 3686 1639 3725 non
1663 3668 2044 3735 habeam,nihil

433 3759 567 3815 mihi
589 3761 804 3831 prodest
823 3763 888 3832 (I
924 3760 1050 3818 Cor.
1082 3777 1208 3830 xm,
1238 3759 1270 3816 3
1274 3762 1318 3830 ).
1353 3761 1436 3816 Ac
1463 3759 1510 3815 si
1529 3766 1718 3832 aperta
1737 3775 1871 3816 voce
1900 3757 2044 3813 dice-

437 3857 520 3905 ret
553 3867 565 3905 :
605 3849 779 3906 Extra
793 3851 978 3908 locum
996 3865 1158 3908 suum
1185 3847 1536 3907 conﬂationis
1555 3848 1696 3904 mihi
1725 3847 1869 3920 ignis
1888 3846 2044 3902 adhi-

436 3939 587 3996 bitus
615 3947 892 3997 tormento
923 3957 1008 3998 me
1037 3940 1272 4010 cruciat,
1292 3938 1656 3995 mundatione
1684 3954 1797 3993 non
1825 3944 2039 4008 purgat.

437 4029 596 4088 Hunc
624 4047 815 4089 omnes
841 4039 1044 4090 sanctae
1073 4031 1226 4104 pacis
1278 4036 1551 4086 amatores
1597 4043 1818 4084 summo
1861 4024 2044 4081 studio

436 4117 620 4173 locum
649 4129 926 4190 quaerunt,
945 4121 1096 4178 hunc
1121 4126 1427 4192 quaerentes
1449 4116 1764 4186 inveniunt,
1787 4115 1938 4172 hunc
1964 4114 2046 4170 in-

437 4204 722 4263 venientes
749 4215 962 4276 tenent,
993 4209 1227 4264 scientes
1281 4215 1632 4280 peccatorum
1675 4207 1928 4264 remissio
1957 4207 2042 4262 vel

435 4293 556 4366 ubi,
585 4297 675 4353 vel
727 4296 970 4371 quando,
999 4297 1088 4352 vel
1135 4296 1392 4370 qualibus
1437 4295 1616 4352 detur.
1667 4296 1773 4353 Ubi
1820 4296 2042 4371 quippe,

439 4386 580 4442 “nisi
603 4386 660 4442 in
677 4387 961 4444 catholicae
982 4387 1174 4443 matris
1191 4386 1320 4443 sinu
1337 4387 1366 4442 ‘2
1386 4386 1754 4456 Quando,nisi
1775 4397 1902 4444 ante
1915 4406 2044 4445 ven-

437 4478 550 4533 turi
569 4477 752 4534 exitus
777 4477 923 4533 diem
947 4477 976 4535 ?
1004 4477 1166 4546 Quia,
1197 4494 1302 4532 ecce
1325 4493 1464 4532 nunc
1485 4483 1682 4549 tempus
1711 4479 2043 4550 acceptabile,

437 4583 544 4622 ecce
586 4583 725 4622 nunc
777 4567 888 4623 dies
939 4567 1130 4622 salutis
1157 4567 1254 4635 (II
1283 4567 1408 4624 Cor.
1440 4583 1522 4636 vr,
1549 4567 1582 4623 2
1586 4567 1630 4639 ).
1663 4568 1734 4624 Et
1767 4586 1780 4624 :
1817 4569 2047 4636 Quterite

437 4655 724 4713 Dominum
745 4657 869 4712 dum
897 4657 1126 4712 inveniri
1148 4663 1338 4730 potest,
1369 4658 1602 4714 inrocate
1625 4675 1740 4713 eum
1769 4659 1891 4714 dum.
1915 4677 2042 4730 pro-

431 4761 499 4818 pe
526 4753 600 4802 est
625 4747 789 4820 (Isa-i.
822 4765 914 4817 Lv,
935 4747 968 4804 6
987 4749 1036 4820 ).
1069 4747 1356 4816 Qualibus,
1386 4746 1496 4802 nisi
1516 4748 1816 4818 conversis,
1845 4749 1938 4822 qui
1967 4749 2036 4805 ad

437 4839 796 4912 parvulorum
829 4837 1218 4909 imitationem,
1250 4838 1510 4912 magistra
1531 4838 1846 4896 humilitate
1879 4841 1898 4874 ἰ
1929 4839 2037 4895 for-

439 4936 662 4985 mantur
681 4929 710 4986 ?
740 4928 954 4997 Quibus
983 4927 1191 4985 dicitur
1222 4947 1234 4986 :
1269 4929 1434 4986 Sinite
1453 4931 1715 5002 parvulos
1748 4929 1923 4985 venire
1969 4929 2042 4985 ad

436 5037 540 5090 me;
576 5020 764 5079 talium
783 5020 920 5076 enim
939 5026 1014 5076 est
1031 5037 1249 5093 regnum
1275 5022 1524 5076 caelorum
1537 5019 1757 5092 (Matth.
1778 5037 1898 5091 xxx,
1923 5019 2036 5093 14).

514 5217 529 5250 ¹
547 5214 858 5288 _Editi,.qui
871 5213 1098 5288 conﬂari
1112 5214 1358 5272 voluerit.
1377 5215 1440 5271 In
1459 5215 1588 5288 Mss.
1609 5213 1820 5288 Germ.,
1837 5214 2010 5288 Laud.
2023 5258 2038 5284 ,

439 5285 602 5343 Corb.
654 5285 840 5358 Germ.
885 5296 938 5344 et
967 5285 1131 5356 aliis,
1180 5294 1496 5343 constanter
1541 5287 1742 5358 legitur
1785 5287 2035 5344 valuerit.

437 5357 910 5430 Quemadmodum
941 5375 1124 5430 supra,
1153 5364 1274 5430 apte
1292 5358 1522 5430 purgari
1547 5357 1738 5414 valeat.

511 5431 533 5464 ²
563 5431 644 5486 Ita
673 5429 883 5500 Germ.,
915 5429 1202 5498 Laudun.,
1223 5429 1386 5487 Corb.
1431 5430 1640 5498 Germ.,
1671 5431 1888 5500 Norm.,
1919 5429 2040 5485 alii-

438 5515 546 5573 que
572 5501 702 5558 Mss.
727 5499 830 5573 _hic
857 5506 911 5555 et
939 5500 1226 5573 deinceps;
1258 5502 1410 5558 Editi
1441 5517 1594 5570 vero,
1625 5502 1864 5573 ardeant.

511 5574 532 5607 ³
583 5573 664 5628 Ita
709 5571 922 5639 Germ.,
971 5571 1208 5640 Belloiz,
1266 5574 1542 5640 Laudun.,
1601 5572 1764 5628 Corb.
1827 5573 2037 5641 Germ.,

437 5643 652 5712 Norm.,
682 5651 812 5712 etc.,
845 5642 938 5698 ubi
968 5642 1116 5698 Edit.
1151 5642 1374 5714 habent,
1408 5647 1461 5700 in
1489 5643 1738 5700 Ecclesiae
1755 5643 1963 5698 matris.

512 5716 532 5749 ⁴
562 5714 840 5786 Laudun.,
875 5716 1179 5786 ﬁrmantur.

511 5787 532 5818 ⁵
564 5785 726 5842 Corb.
761 5785 971 5855 Germ.,
1003 5787 1304 5858 Bellovac.,
1336 5789 1548 5858 Germ.,
1596 5787 1860 5855 Vindoc.,
1898 5787 2036 5843 Lau-

439 5855 599 5926 dun.,
631 5859 842 5915 Gemet.
875 5867 928 5914 et
959 5857 1054 5915 alii
1074 5855 1298 5927 Norm.,
1322 5860 1395 5915 ad
1421 5855 1677 5916 virtutum
1705 5875 1931 5924 summa,
1957 5861 2037 5916 vel

2071 4619 2120 4679 D

2157 1945 2334 2004 sancti
2365 1945 2568 2001 amoris
2612 1944 2736 2016 igne
2766 1943 3071 2013 succendit,
3116 1951 3278 2016 atque
3322 1945 3549 2000 inolitas
3592 1945 3651 2000 in
3685 1960 3772 2000 eo-

2157 2053 2280 2093 rum
2306 2034 2564 2093 cordibus
2596 2034 2906 2106 prurigines
2919 2032 3182 2089 vitiorum
3210 2033 3376 2090 vertit
3405 2033 3463 2089 in
3491 2034 3770 2090 fervorem

2156 2127 2452 2194 virtutum,
2482 2133 2536 2180 et
2563 2140 2627 2180 eo
2658 2123 2871 2195 magnis
2896 2123 3184 2196 ignescunt
3209 2123 3277 2180 ad
3301 2123 3644 2180 desiderium
3675 2139 3772 2180 re-

2157 2217 2438 2292 quirenda
2469 2215 2687 2288 pietatis
2714 2214 2835 2283 Dei,
2867 2230 2976 2288 quo
3004 2215 3179 2288 magis
3207 2215 3542 2272 erubescunt
3562 2231 3772 2271 memo-

2155 2311 2295 2367 riam
2327 2306 2642 2382 iniquitatis
2663 2323 2795 2376 suae,
2817 2306 2961 2364 sicut
2983 2323 3124 2381 serpe
3145 2309 3377 2381 contigit
3404 2309 3549 2365 utin
3570 2323 3774 2381 pugnae

2155 2409 2456 2468 certamine
2487 2409 2646 2465 miles
2672 2415 2800 2465 ante
2827 2407 2984 2465 ducis
3015 2408 3101 2464 sui
3121 2405 3268 2463 575
3288 2409 3478 2465 oculos
3500 2408 3776 2464 constitu-

2155 2506 2266 2568 tus,
2296 2498 2490 2555 hostili
2520 2495 2718 2554 virtuti
2745 2497 2982 2570 turpiter
3007 2496 3184 2566 cedat,
3217 2505 3273 2554 et
3303 2497 3586 2553 enerviter
3619 2513 3777 2568 prae-

2153 2587 2290 2644 bens
2334 2595 2486 2661 terga
2529 2585 2800 2644 feriatur:
2847 2587 2943 2660 qui
2994 2594 3179 2642 tamen
3223 2586 3330 2642 hoc
3378 2587 3564 2658 ipsum
3622 2585 3776 2660 quod

2159 2682 2180 2716 δ
2199 2679 2435 2752 turpiter
2450 2675 2616 2750 gessit
2638 2675 2988 2744 erubescens,
3005 2682 3131 2730 ante
3155 2674 3314 2730 ducis
3332 2675 3418 2730 sui
3438 2675 3639 2730 oculos
3661 2691 3779 2730 ma-

2149 2768 2299 2842 jores
2322 2783 2393 2824 ex
2421 2768 2539 2840 ipsa
2562 2765 2899 2823 verecundia
2923 2765 3069 2820 vires
3089 2763 3279 2833 sumit,
3310 2766 3328 2799 ⁷
3349 2770 3620 2836 tantoque
3651 2772 3780 2835 post

2154 2860 2317 2916 fortia
2341 2865 2578 2927 exercet,
2612 2865 2876 2931 quantum
2905 2863 2960 2911 et
2986 2864 3311 2928 praesentem
3337 2853 3572 2926 gloriam
3596 2853 3778 2910 virtu-

2152 2953 2226 3009 tis
2266 2959 2506 3026 peragat,
2547 2958 2600 3007 et
2632 2951 2653 2984 ⁸
2692 2948 3026 3022 praeteritam
3057 2946 3420 3019 ignominiam
3457 2944 3780 3000 debilitatis

2152 3051 2317 3116 tegat.
2359 3043 2449 3099 Sic
2479 3056 2607 3112 ergo
2632 3053 3032 3112 nonnunquam
3062 3037 3288 3107 quidam
3319 3035 3378 3090 in
3405 3034 3506 3090 Dei
3539 3034 3780 3092 servitio

2153 3133 2174 3167 θ
2205 3146 2274 3186 ex
2295 3137 2544 3187 anteacta
2570 3127 2752 3184 acrius
2777 3124 3061 3181 debilitate
3090 3121 3440 3190 roborantur,
3473 3138 3688 3198 eosque
3706 3125 3778 3181 ad

2151 3217 2509 3278 custodienda
2524 3215 2783 3273 mandata
2803 3223 2854 3271 et
2877 3214 3192 3270 futurorum
3207 3211 3378 3269 trahit
3397 3213 3775 3283 desiderium,

2151 3317 2206 3368 et
2227 3309 2465 3384 impellit
2489 3305 2755 3364 memoria
2775 3303 3204 3378 praeteritorum,
3233 3311 3298 3360 ut
3325 3303 3456 3361 hinc
3477 3305 3551 3362 ad
3573 3314 3776 3362 ventu-

2153 3416 2214 3458 ra
2242 3414 2396 3457 amor
2415 3404 2700 3472 provocet,
2731 3395 2889 3452 illinc
2910 3394 2976 3451 de
2995 3393 3287 3467 praeteritis
3311 3395 3661 3453 verecundia
3691 3396 3776 3452 in-

2151 3490 2332 3562 stiget.
2368 3488 2507 3564 [νει.
2541 3485 2718 3560 XVI.)
2755 3485 2902 3555 Quos
2932 3493 3114 3542 tamen
3156 3485 3457 3542 adversarii
3498 3486 3774 3544 Ecclesiae

2153 3579 2287 3636 dum
2312 3577 2544 3635 summis
2571 3575 2832 3651 praeditos
2861 3574 3162 3632 virtutibus
3183 3573 3448 3644 viderint,
3482 3577 3684 3651 eisque
3717 3578 3774 3633 in

2152 3670 2408 3745 praesenti
2447 3669 2564 3726 vita
2604 3668 2752 3725 unde
2787 3667 3049 3740 derogent
3089 3666 3220 3740 quia
3262 3666 3520 3724 invenire
3565 3685 3776 3742 nequa-

2153 3777 2315 3835 quam
2334 3769 2582 3834 possunt,
2605 3774 2859 3816 accusare
2879 3757 3006 3814 illos
3029 3756 3096 3813 de
3115 3755 3408 3829 praeteritis
3428 3757 3777 3827 moliuntur,

2153 3851 2295 3907 sicut
2322 3853 2549 3923 Moysen
2572 3857 2821 3906 nostrum
2839 3847 3175 3906 Manichaeus
3203 3847 3442 3920 impetit,
3465 3847 3526 3902 in
3558 3865 3677 3921 quo
3697 3865 3777 3903 se-

2153 3941 2440 4016 quentium
2454 3941 2724 3997 virtutum
2740 3939 2991 4012 gratiam,
3008 3938 3269 3994 transacti
3292 3937 3596 3994 homicidii
3610 3957 3777 3996 cona-

2153 4039 2245 4088 tur
2281 4031 2441 4104 culpa
2479 4029 2702 4086 foedare.
2743 4030 2806 4086 In
2843 4045 2952 4102 quo
2989 4045 3100 4085 non
3136 4026 3372 4084 attendit
3407 4031 3778 4100 postmodum

2155 4139 2318 4196 quam
2347 4122 2560 4195 patiens
2588 4119 2658 4176 ad
2687 4119 3097 4189 sustinendum,
3128 4118 3223 4175 sed
3245 4119 3400 4191 prius
3430 4133 3608 4192 quam
3639 4138 3778 4194 prae.

2155 4229 2280 4284 ceps
2321 4209 2392 4267 ad
2429 4209 2739 4266 feriendum
2780 4209 2968 4265 fuerit.
3016 4207 3242 4264 Talibus
3270 4224 3398 4279 ergo
3431 4208 3780 4268 adversariis

2153 4302 2345 4358 beatus
2376 4299 2478 4356 Job
2494 4299 2857 4356 subtilissima
2878 4297 3318 4355 consideratione
3339 4295 3606 4369 obvians,
3629 4309 3778 4373 post-

2153 4407 2317 4465 quam
2347 4389 2520 4446 dixit:
2553 4389 2720 4446 Habet
2745 4395 3021 4460 argentum
3039 4404 3295 4443 venarum
3313 4403 3546 4444 suarum
3570 4390 3781 4462 princi-

2148 4481 2266 4553 pia,
2294 4486 2496 4536 etauro
2529 4479 2670 4535 locus
2698 4485 2772 4533 est
2799 4479 2855 4532 in
2883 4495 2986 4548 quo
3007 4479 3292 4547 conﬂatur,
3322 4483 3448 4549 apte
3479 4477 3774 4536 subdidit:

2531 4567 2759 4626 CAPUT
2787 4567 2999 4625 XXVII
3031 4565 3175 4638 Ilico.
3200 4563 3379 4638 XVI].

2221 4659 2396 4717 Vnus.
2423 4658 2478 4715 2.
2509 4689 2580 4700 -
2607 4659 2838 4716 Ferrum
2865 4657 2928 4712 de
2959 4662 3102 4712 terra
3133 4655 3362 4712 tollitur.

2217 4749 2306 4806 44.
2354 4750 2476 4806 Νοη
2520 4755 2593 4804 est
2633 4748 2944 4804 intuendum
2979 4746 3110 4818 quid
3144 4763 3245 4818 per
3277 4762 3330 4802 se
3374 4745 3488 4803 sint
3516 4750 3779 4806 Ecclesia:

2147 4838 2402 4904 doctores,
2432 4839 2519 4894 sed
2543 4838 2673 4909 quid-
2682 4854 2782 4910 per
2794 4836 3025 4908 gratiam
3045 4836 3322 4892 evaserint.
3344 4865 3417 4877 —
3439 4836 3645 4896 Solent
3665 4839 3777 4896 hae-

2148 4929 2305 4985 retici
2352 4927 2419 4984 de
2460 4926 2691 5000 justitiae
2732 4943 2844 4984 suae
2887 4932 3079 4998 contra
3107 4942 3208 4982 nos
3235 4925 3478 4982 elatione
3511 4929 3774 5001 gloriari,

2149 5027 2313 5093 atque
2341 5034 2504 5092 opera
2533 5033 2632 5074 sua
2645 5013 3034 5076 ostentationis
3063 5014 3350 5074 inﬂatione
3372 5013 3618 5089 jactare,
3651 5035 3778 5075 nos-

2149 5214 2223 5270 ad
2247 5214 2506 5288 virtutum
2521 5227 2800 5288 summam.
2833 5212 2897 5268 In
2926 5209 3187 5268 omnibus
3209 5218 3394 5267 tamen
3415 5210 3613 5270 Editis
3640 5213 3777 5288 legi-

2149 5294 2240 5346 tur
2269 5287 2523 5340 virtutum
2545 5285 2767 5339 culmen.

2223 5359 2243 5392 θ
2273 5359 2354 5413 Ita
2383 5357 2761 5436 omnesMss.
2786 5353 3003 5436 nostri,
3019 5361 3224 5436 praeter
3265 5354 3452 5436 Germ.
3476 5361 3550 5436 .et
3596 5357 3768 5436 Corb.

2149 5429 2360 5494 Germ.,
2389 5429 2448 5483 in
2479 5426 2680 5500 quibus
2708 5435 2769 5483 ut
2794 5425 2851 5482 in
2881 5425 3061 5500 Editis
3091 5427 3311 5498 legitur,
3336 5425 3577 5496 turpiter
3597 5430 3773 5488 cessit.

2221 5503 2240 5536 τ
2273 5498 2736 5576 ϐθΓιιὶηίΕὶηὈὶθ.
2769 5506 2822 5553 et
2851 5498 2946 5576 alii
2974 5499 3190 5576 Normu
3215 5503 3467 5576 tantaque
3492 5509 3624 5570 post
3651 5503 3770 5572 for-

2151 5572 2291 5630 tia...
2315 5572 2536 5643 rq-uant-is
2565 5576 2612 5624 et
2639 5570 2911 5641 pressantis
2937 5570 3166 5643 gloriam
3195 5569 3409 5643 uirtutis
3433 5569 3698 5643 peragat.

2220 5645 2241 5679 ⁸
2299 5639 2461 5700 Corb.
2514 5639 2724 5712 Germ.,
2773 5649 2821 5697 et
2855 5639 3144 5712 ρνίειθνὶιιε
3186 5639 3542 5710 igtwmin-iam
3584 5639 3776 5702 debili-

2148 5716 2292 5771 tatis.

2217 5789 2238 5822 ο
2269 5784 2504 5843 Vindoc.
2516 5829 2531 5856 ,
2553 5803 2618 5842 ex
2647 5790 2886 5842 anteacta
2897 5781 3275 5856 praeteritaque
3291 5782 3573 5841 debilitate
3585 5787 3777 5843 acrius

2145 5858 2488 5914 roborantur.
