3946 6376
192 419 250 477 61
913 412 1288 471 MORALIUM
1325 411 1459 472 LIB.
1501 410 1705 473 XVIII.
1745 442 1817 459 --
1853 412 1926 473 IN
1963 415 2193 474 CAPUT
2233 416 2469 476 XXVIII
2510 421 2571 476 B.
2613 422 2755 478 JOB.
3415 424 3483 484 62

194 560 289 623 que
312 541 537 617 iniquos,
569 548 632 599 ut
659 539 928 612 diximus,
964 550 1060 600 aut
1086 558 1223 613 esse,
1255 549 1352 600 aut
1374 543 1543 600 fuisse
1571 543 1772 603 crimi-
1802 544 1849 606 Α
1878 546 2033 617 dum,
2065 560 2174 622 quo
2204 546 2383 621 iniqui
2410 563 2525 605 esse
2550 546 2836 607 desistant.
2862 547 3017 608 Unde
3034 552 3113 610 eis
3140 569 3239 627 per
3251 555 3486 630 Aposto-

194 642 389 694 nantur.
414 632 515 689 Per
539 630 922 690 humillimam
938 648 1068 707 ergo
1088 633 1514 703 confessionem,
1544 642 1596 690 et
1618 648 1769 691 vera-

192 739 294 785 cem
335 721 703 781 defensionem
758 731 950 780 contra
993 738 1085 780 eos
1115 724 1204 779 vir
1239 732 1462 781 sanctus
1502 724 1767 797 loquitur,

190 815 358 873 dicens
388 813 645 869 :Ferrum
674 813 737 868 de
766 818 910 871 terra
943 814 1161 870 tollitur.
1189 815 1269 870 Ac
1300 814 1345 871 si
1367 820 1553 887 aperte
1584 813 1766 872 dicat:

189 908 357 967 Fortes
379 904 505 974 viri,
535 903 631 978 qui
658 903 993 962 acutissimis
1017 905 1332 978 linguarum
1356 904 1554 979 gladiis
1583 905 1642 963 in
1668 905 1771 963 hac

187 996 290 1056 acie
324 993 669 1051 defendendae
699 992 828 1050 fidei
853 995 1062 1052 ferrum
1102 994 1264 1065 ﬁunt,
1297 995 1598 1069 aliquando
1626 1004 1771 1054 terra

187 1087 238 1143 in
262 1083 455 1142 inﬁmis
468 1082 783 1141 actionibus
797 1084 1043 1141 fuerunt.
1065 1084 1322 1143 Peccanti
1340 1085 1541 1158 quippe
1554 1084 1768 1142 homini

185 1174 469 1233 dlctumest
502 1191 514 1230 :
543 1174 712 1231 Terra
727 1191 800 1240 es,
829 1180 877 1229 et
895 1174 953 1229 in
975 1175 1286 1231 terramibis
1307 1176 1517 1248 (Genes.
1542 1191 1627 1242 111,
1654 1176 1765 1247 19).

185 1265 279 1323 Sed
306 1264 367 1321 de
381 1272 525 1321 terra
543 1262 752 1321 ferrum
780 1263 1001 1321 tollitur
1034 1264 1198 1337 (Dist.
1222 1280 1275 1335 1.,
1308 1282 1352 1322 ο.
1380 1265 1494 1339 18),
1514 1280 1640 1323 cum
1662 1264 1768 1322 for-

184 1358 249 1414 tis
274 1363 636 1430 propugnator
664 1355 924 1413 Ecclesiae
954 1372 986 1414 a
1003 1364 1220 1415 terrena
1241 1374 1403 1432 quam
1425 1358 1577 1432 prius
1595 1358 1771 1414 tenuit

182 1447 379 1506 actione
407 1454 709 1521 separatur.
725 1446 845 1503 Non
875 1464 1003 1521 ergo
1024 1449 1081 1504 in
1111 1463 1175 1505 eo
1198 1448 1358 1506 debet
1389 1448 1595 1521 despici
1614 1445 1769 1522 quid-

182 1536 305 1612 quid
334 1536 457 1607 fuit,
489 1538 584 1613 qui
609 1536 723 1611 jam
753 1538 918 1612 ccepit
948 1555 1063 1596 esse
1095 1539 1243 1614 quod
1261 1555 1374 1596 non
1402 1539 1527 1596 fuit.
1550 1540 1635 1595 An
1658 1556 1768 1596 non

180 1626 452 1685 Mattheus
481 1628 539 1683 in
571 1634 711 1683 terra
741 1628 1001 1685 inventus
1032 1636 1132 1699 est,
1164 1629 1256 1703 qui
1274 1630 1507 1686 terrenis
1538 1629 1771 1701 negotiis

179 1717 481 1790 implicatus
513 1719 529 1754 ¹
557 1716 749 1775 telonii
779 1718 972 1775 usibus
1002 1719 1275 1775 serviebat
1306 1720 1520 1791 (Matth.
1553 1736 1633 1788 1x,
1662 1718 1769 1791 9)?

179 1807 277 1865 Sed
302 1806 367 1864 de
392 1814 533 1864 terra
562 1808 583 1844 ³
612 1808 883 1878 sublatus,
909 1809 965 1865 in
996 1809 1380 1867 fortitudinem
1411 1810 1543 1866 ferri
1572 1825 1771 1867 conva-

1878 637 1992 695 lum
2021 638 2245 697 dicitur:
2266 640 2454 697 Eratis
2467 641 2758 713 aliquando
2782 643 3019 712 tettebraa,
3045 660 3182 699 nunc
3196 654 3369 703 autem
3388 650 3485 705 lux

1880 733 1933 787 in
1960 733 2204 791 Domino.
2233 734 2386 792 Sicut
2403 733 2528 791 aliis
2544 749 2762 807 quoque
2782 733 3073 807 discipulis
3089 734 3262 793 isdem
3293 737 3485 795 doctor

1879 822 2125 895 egregius
2152 822 2322 881 dicit:
2355 823 2478 881 Nox
2515 823 2801 895 prwcessit,
2837 824 2946 879 dies
2982 830 3154 879 autem
3184 827 3485 897 appropin-

1879 913 2081 982 quavit.
2114 913 2446 984 Abjiciamus
2470 930 2592 987 ergo
2623 931 2784 987 opera
2803 914 3197 980 tenebrarum,“
3229 920 3276 970 et
3300 915 3487 971 indua-

1877 1020 1996 1058 mus
2023 1021 2118 1060 nos
2146 1022 2301 1061 arma
2324 1005 2491 1071 lucis;
2520 1005 2656 1060 sicut
2700 1005 2757 1059 in
2796 1005 2879 1059 die
2907 1005 3115 1060 honeste
3156 1004 3484 1060 ambulemus

1881 1093 2059 1167 (Rom.
2091 1112 2216 1164 x111,
2255 1096 2344 1165 12,
2377 1096 2490 1167 13).
2533 1095 2690 1153 Unde
2735 1102 2791 1151 et
2833 1096 2891 1152 in
2932 1095 3180 1152 Canticis
3224 1096 3484 1153 cantico-

1878 1198 2003 1241 rum
2048 1186 2070 1221 ⁸
2123 1184 2373 1242 Ecclesia
2426 1185 2682 1242 veniente
2739 1185 2989 1243 dicitur:
3065 1187 3194 1254 Qua:
3247 1192 3323 1242 est
3376 1187 3485 1242 ista

1877 1290 1994 1346 quae
2002 1275 2347 1347 progreditur
2359 1275 2514 1347 quasi
2528 1291 2735 1332 aurora
2754 1292 3069 1347 consurgens
3095 1275 3279 1347 (Cant.
3296 1293 3376 1344 v1,
3393 1274 3487 1348 9)?

1876 1364 2019 1437 Apte
2062 1364 2210 1421 enim
2241 1364 2489 1421 Ecclesia
2531 1381 2742 1422 aurorae
2779 1372 3095 1437 comparata
3131 1363 3484 1433 describitur,

1878 1455 1898 1490 ⁷
1931 1470 2052 1528 quae
2101 1471 2196 1527 per
2222 1455 2596 1527 cognitionem
2635 1455 2765 1512 ﬁdei
2807 1472 2840 1512 a
2872 1462 3223 1527 peccatorum
3255 1469 3483 1509 suorum

1877 1541 2122 1597 tenebris
2151 1542 2211 1597 in
2240 1543 2390 1599 clara
2416 1543 2538 1600 luce
2562 1543 2798 1615 justitiae
2826 1549 3220 1599 commutatur.
3261 1542 3485 1613 Tempus

1879 1646 1998 1699 ergo
2026 1631 2206 1701 posuit
2229 1631 2471 1696 tenebris,
2511 1638 2558 1686 et
2588 1633 2957 1686 universorum
2986 1631 3143 1702 ﬁnem
3168 1630 3280 1700 ipse
3317 1628 3484 1685 consi-

1878 1720 2049 1775 derat.
2087 1720 2481 1775 Universorum
2509 1720 2755 1786 nomine,
2786 1727 2840 1773 et
2860 1720 3065 1772 electos
3093 1719 3275 1773 voluit
3306 1726 3360 1773 et
3389 1734 3485 1773 re-

1878 1809 2079 1882 probos
2105 1808 2520 1880 comprehendi.
2551 1810 2692 1865 Nam
2728 1807 2874 1863 bona
2903 1806 3112 1863 faciens
3142 1814 3195 1863 et
3222 1806 3486 1863 ordinans

180 1896 295 1964 luit,
323 1896 477 1969 cujus
526 1897 789 1955 videlicet
828 1899 1015 1971 lingua
1046 1901 1203 1973 quasi
1235 1900 1557 1956 acutissimo
1588 1899 1769 1972 gladio
1803 1910 1850 1975 B
1878 1901 2045 1968 Deus,
2076 1900 2219 1955 mala
2246 1913 2377 1955 vero
2405 1913 2516 1955 non
2543 1898 2773 1967 faciens,
2795 1896 2891 1954 sed
2912 1896 2981 1952 ab
3010 1897 3220 1969 iniquis
3248 1898 3391 1955 facta
3418 1914 3485 1952 ne

177 1984 447 2061 Evangelii
465 1987 947 2045 administratione
975 1990 1245 2047 Dominus
1262 1990 1573 2046 infidelium
1603 1991 1768 2047 corda

176 2076 436 2135 transﬁxit
463 2095 480 2147 ;
508 2085 563 2137 et
592 2080 690 2153 qui
720 2079 976 2138 infirmus
996 2083 1150 2155 prius
1179 2083 1575 2156 despectusqne
1591 2081 1768 2139 fuerat

176 2182 263 2241 per
286 2175 498 2226 terrena
538 2170 779 2242 negotia,
810 2170 971 2229 fortis
1002 2172 1357 2245 postmodum
1387 2174 1565 2231 factus
1594 2180 1675 2229 est
1700 2172 1768 2230 ad

174 2259 399 2317 calcatis
443 2258 896 2334 praedicamenta.
945 2262 1102 2320 Unde
1149 2263 1333 2321 adhuc
1372 2250 1763 2337 subjun'gitur:

513 2367 742 2427 CAPUT
774 2369 1014 2428 xxvm
1046 2369 1189 2446 [Rea
1223 2370 1431 2447 XVII].

232 2457 363 2518 Iam.
393 2491 465 2503 —
487 2460 565 2518 Et
595 2460 731 2532 lapis
760 2461 961 2517 solutus
989 2460 1185 2531 calore,
1216 2461 1273 2517 in
1300 2480 1369 2518 (es
1400 2462 1643 2519 vertitur.

235 2548 314 2605 43.
352 2550 561 2609 Gratia:
596 2549 865 2623 infusione
900 2568 991 2607 cor
1030 2552 1301 2609 emollitur
1329 2552 1399 2608 ad
1426 2569 1683 2619 amorem,
1723 2555 1771 2607 et

172 2638 441 2695 roboratur
464 2638 543 2696 ad
566 2640 941 2713 operationem.
965 2672 1035 2684 —
1052 2641 1208 2700 Tunc
1238 2640 1378 2715 lapis
1407 2643 1589 2699 calore
1602 2641 1767 2698 solvi-

171 2734 270 2798 tur,
297 2747 423 2787 cum
452 2747 554 2788 cor
584 2729 784 2787 durum
814 2739 979 2805 atque
999 2748 1030 2788 a
1058 2731 1239 2788 divini
1269 2732 1473 2789 amoris
1503 2732 1627 2804 igne
1656 2732 1768 2787 fri—

168 2815 340 2888 gidum
356 2820 557 2876 eodem
574 2818 754 2875 divini
769 2821 975 2876 amoris
992 2821 1116 2893 igne
1136 2821 1460 2892 tangitur,et
1476 2822 1533 2876 in
1551 2823 1766 2878 fervore

168 2906 376 2979 spiritus
394 2909 684 2979 -liquatur,
713 2915 778 2962 ut
805 2907 875 2962 ad
907 2915 1222 2979 sequentem
1251 2910 1425 2964 vitam
1455 2909 1768 2964 desiderio-

168 3012 277 3053 rum
322 3004 465 3052 aastu
512 2995 721 3062 ardeat,
765 3012 931 3069 quam
962 2995 1116 3068 prius
1156 2996 1387 3052 audiens
1429 2995 1768 3052 insensibilis

168 3085 426 3142 manebat.
467 3082 610 3158 [Vet.
644 3084 851 3157 XVII.]
895 3086 983 3139 Ex
1030 3101 1141 3156 quo
1186 3084 1381 3141 ardore
1428 3083 1658 3152 scilicet,
1713 3092 1767 3141 et

167 3174 436 3231 emollitur
465 3172 538 3230 ad
567 3188 833 3243 amorem,
861 3180 914 3228 et
944 3170 1236 3229 roboratur
1265 3172 1337 3228 ad
1366 3173 1763 3245 operationem,

1877 1988 2191 2046 inordinate
2221 1991 2240 2025 ⁸
2270 1990 2532 2047 eveniant
2550 1989 2667 2062 ipse
2682 1988 3003 2060 disponens,
3027 1986 3340 2044 considerat
3363 1986 3485 2042 uni-

1878 2096 2167 2137 versorum
2197 2080 2390 2150 ﬁnem,
2437 2088 2492 2137 et
2532 2079 2808 2153 patienter
2836 2077 3037 2134 tolerat
3081 2076 3292 2147 omnia,
3323 2082 3486 2151 atque

1878 2169 2126 2227 intuetur
2152 2171 2453 2227 electorum
2478 2168 2803 2237 terminum,
2831 2168 2979 2241 quod
3008 2184 3079 2223 ex
3108 2168 3254 2224 malo
3275 2172 3486 2224 muten-

1878 2269 1971 2318 tur
2003 2262 2073 2317 ad
2118 2262 2351 2318 bonum.
2384 2262 2636 2318 lntuetur
2676 2260 2845 2317 etiam
2889 2258 3250 2331 reproborum
3294 2258 3485 2326 ﬁnem,

1879 2351 2028 2426 quod
2056 2352 2124 2409 de
2152 2353 2302 2409 malo
2329 2367 2492 2425 opere
2512 2354 2534 2389 θ
2577 2351 2809 2424 dignum
2839 2366 2897 2407 se
2926 2349 3223 2407 trahantur
3249 2348 3320 2407 ad
3347 2366 3488 2421 sup-

1878 2444 2134 2517 plicium.
2164 2444 2322 2502 Vidit
2337 2443 2503 2500 ﬁnem
2527 2442 2905 2517 persequentis
2922 2441 3097 2510 Sauli,
3119 2456 3229 2515 quo
3250 2449 3486 2514 prostra-

1878 2542 1969 2591 tus
1983 2534 2221 2591 diceret:
2241 2536 2484 2600 Domine,
2512 2535 2558 2569 ιο
2569 2534 2702 2605 quid
2719 2550 2799 2589 me
2815 2533 2896 2588 eis
2916 2530 3091 2603 facere
3113 2532 3257 2604 (Act.
3280 2546 3364 2599 1x,
3380 2530 3438 2601 6)
3460 2530 3488 2587 i

1878 2624 2038 2683 Vidit
2066 2624 2235 2681 ﬁnem
2266 2625 2420 2698 quasi
2467 2622 2822 2697 obsequentis
2862 2620 3145 2693 discipuli,
3196 2620 3347 2695 quod
3391 2635 3489 2691 pro

1876 2716 2171 2773 commisso
2217 2717 2422 2773 scelere
2467 2723 2657 2787 guttur
2714 2716 2910 2786 laqueo
2956 2711 3273 2784 stringeret,
3318 2724 3486 2782 seque

1875 2811 1930 2860 et
1968 2812 2285 2875 peccantem
2318 2804 2562 2877 puniret,
2592 2811 2645 2860 et
2674 2802 2917 2859 deterius
2945 2801 3229 2874 puniendo
3257 2800 3487 2872 decipe-

1876 2900 1978 2948 ret.
2028 2893 2185 2949 Vidit
2227 2892 2508 2949 Ninivitas
2536 2892 2943 2965 delinquentes,
2977 2891 3076 2947 sed
3112 2888 3490 2949 consideravit

1876 2978 2044 3034 ﬁnem
2064 2978 2507 3050 delinquentium
2522 2984 2561 3019 ιι
2582 2981 2961 3051 pcnnitentiam
2981 2989 3376 3037 correctorum.
3394 2978 3489 3036 Vi-

1876 3066 1960 3124 dit
1988 3083 2207 3140 quoque
2224 3066 2519 3123 Sodomam
2537 3066 2977 3139 delinquentem,
2996 3068 3094 3123 sed
3111 3067 3489 3124 consideravit

1875 3156 2044 3214 ﬁnem
2072 3156 2285 3213 ardoris
2312 3155 2573 3224 luxurias,
2604 3155 2788 3226 ignem
2809 3154 3094 3226 gehennae.
3126 3156 3285 3214 Vidit
3316 3155 3494 3228 genti-

166 3274 222 3323 ut
246 3266 388 3324 sicut
416 3266 576 3340 prius
605 3265 777 3322 durus
816 3263 999 3321 fuerat
1046 3264 1105 3320 in
1136 3280 1320 3321 amore
1350 3264 1559 3336 saeculi,
1604 3265 1680 3321 ita
1709 3281 1765 3321 se

1886 3246 2050 3303 litatis
2090 3245 2280 3315 ﬁnem,
2326 3245 2477 3319 quod
2527 3260 2774 3317 possessa
2820 3242 3181 3315 iniquitatum
3224 3244 3491 3315 tenebris,

165 3358 512 3431 postmodum
540 3356 739 3413 fortem
768 3362 957 3411 exerat
985 3353 1045 3410 in
1073 3370 1319 3412 amorem
1350 3355 1487 3425 Dei;
1523 3364 1578 3413 et
1621 3358 1769 3432 quod

166 3454 283 3504 ante
327 3447 524 3504 audire
571 3444 856 3514 rennebat,
898 3442 1013 3518 jam
1043 3451 1097 3500 et
1125 3444 1344 3501 credere
1375 3453 1429 3502 et
1473 3447 1770 3519 praedicare

167 3545 407 3621 incipiat.
442 3546 609 3618 Lapis
638 3562 758 3616 ergo
788 3545 994 3600 solutus
1022 3545 1221 3610 calore,
1245 3541 1390 3599 576
1420 3545 1477 3601 in
1505 3562 1575 3601 aes
1614 3546 1769 3601 certi-

168 3642 269 3706 tur,
298 3636 433 3711 quia
461 3636 603 3693 dura
630 3650 785 3691 mens
810 3633 1037 3706 superni
1064 3634 1271 3690 amoris
1308 3633 1435 3708 igne
1475 3634 1773 3709 liquefacta

166 3724 229 3782 ad
254 3742 445 3784 veram
467 3724 855 3782 fortitudinem
884 3732 1281 3799 commutatur,
1300 3733 1362 3782 ut
1381 3733 1652 3799 peccator,
1676 3726 1772 3800 qui

166 3817 310 3890 prius
336 3817 684 3874 insensibilis
712 3816 1015 3884 exstiterat,
1047 3817 1397 3889 postmodum
1423 3825 1478 3873 et
1508 3834 1603 3891 per
1632 3835 1776 3875 auc-

167 3908 442 3965 toritatem
473 3906 637 3963 fortis
655 3914 709 3961 et
738 3920 834 3979 per
861 3906 1308 3979 pratdicationem
1340 3911 1359 3944 ³
1390 3924 1626 3965 sonorus
1655 3909 1769 3965 ﬁat.

167 3995 318 4065 Quod
343 3997 492 4053 bene
520 4010 615 4068 per
641 3996 836 4052 Isaiam
866 3995 1074 4053 dicitur
1106 4015 1117 4054 ξ
1155 3997 1260 4066 Qui
1295 3998 1565 4070 conﬁdunt
1594 3998 1648 4053 in.
1668 3999 1772 4053 Do-

169 4088 323 4155 mino,
352 4087 637 4143 mutabunt
661 4086 1031 4158 fortitudinem
1062 4087 1217 4159 (Isai.
1252 4104 1345 4153 XL,
1385 4088 1501 4161 31).
1535 4088 1772 4144 Fortitu-

168 4172 345 4233 dinem
375 4183 681 4245 mutamus,
703 4192 832 4233 cum
864 4176 1116 4233 conversi
1132 4183 1284 4232 tanta
1313 4176 1518 4232 virtute
1536 4192 1775 4249 praesens

168 4268 424 4324 saeculum
474 4266 722 4339 fugimus
777 4275 986 4340 quanta
1036 4265 1142 4325 hoc
1191 4274 1316 4323 ante
1373 4266 1771 4340 quaerebamus.

170 4355 190 4390 ⁴
216 4354 354 4424 Quia
383 4364 573 4413 autem
602 4358 746 4412 male
774 4356 843 4412 ab
874 4356 1203 4414 adversariis
1231 4357 1633 4414 catholicorum
1663 4376 1776 4415 mo-

170 4444 315 4503 ribus
338 4456 467 4504 ante
497 4455 621 4505 acta
648 4447 765 4504 vita
793 4456 1100 4522 reputatur,
1124 4456 1271 4506 recte
1300 4448 1559 4505 subditur
1590 4468 1603 4507 :

739 4556 970 4613 CAPUT
1010 4554 1224 4612 XXIX.

1878 3336 2208 3411 quandoque
2236 3336 2365 3392 ﬁdei
2388 3337 2509 3393 luce
2530 3336 2872 3393 claresceret.
2906 3335 3065 3393 Vidit
3092 3334 3260 3391 etiam
3290 3333 3492 3391 Iudaeas

1879 3425 2203 3495 terminum,
2225 3426 2374 3499 quod
2392 3426 2461 3481 ab
2481 3439 2545 3481 ea
2573 3425 2695 3482 luce
2724 3424 2853 3481 ﬁdei
2883 3440 3049 3499 quam
3066 3425 3288 3482 tenebat
3305 3425 3493 3481 obdu-

1879 3523 2012 3574 ratae
2038 3515 2282 3589 perﬁdiae
2312 3532 2368 3573 se
2396 3514 2638 3573 tenebris
2665 3523 2912 3573 caecaret.
2947 3514 3103 3574 Unde
3131 3516 3312 3573 adhuc
3340 3530 3486 3573 con-

1881 3620 2014 3680 grue
2042 3607 2332 3664 subditur:

2236 3733 2465 3791 CAPUT
2497 3733 2661 3790 XXX
2706 3733 2848 3808 [Rec.
2882 3731 3123 3808 XVIII].

1953 3847 2115 3917 1311).,
2147 3846 2321 3903 Vens.
2354 3847 2407 3903 lt.
2431 3877 2502 3890 —
2521 3845 2776 3919 Lapidem
2804 3862 3008 3918 quoque
3033 3843 3279 3917 caliginis
3306 3848 3355 3900 et
3383 3859 3493 3901 um-

1882 3937 2033 3993 bram
2060 3937 2249 3993 mortis
2272 3936 2462 3992 dividit
2493 3942 2695 3991 torrens
2723 3954 2759 3992 a
2773 3936 2974 4008 populo
2997 3934 3390 4008 peregrinante.

1954 4026 2041 4083 47.
2074 4025 2277 4083 Probos
2303 4033 2350 4081 et
2380 4026 2545 4080 malos
2576 4024 2711 4096 ignis
2747 4024 2801 4078 in
2841 4029 3073 4078 extremo
3093 4021 3301 4091 judicio
3331 4018 3487 4075 divi-

1883 4117 1985 4173 det.
2020 4147 2091 4158 —
2111 4116 2155 4152 ¹³
2174 4115 2320 4184 Quid
2348 4115 2521 4171 durus
2540 4113 2634 4169 ille
2652 4112 2881 4185 perﬁdia
2901 4112 3219 4169 Iudaeorum
3236 4112 3495 4185 populus,

1884 4206 1980 4281 qui
1999 4212 2279 4262 auctorem
2301 4203 2429 4260 vitae
2461 4220 2556 4275 per
2578 4202 2746 4259 ﬁdem
2762 4201 2952 4258 videre
2977 4202 3180 4273 noluit,
3212 4217 3374 4276 quem
3395 4216 3493 4274 per

1885 4294 2231 4371 prophetiam
2265 4292 2549 4367 praedixit,
2578 4292 2686 4350 nisi
2714 4291 2854 4366 lapis
2881 4291 3137 4366 caliginis
3171 4291 3281 4348 fuit
3305 4292 3333 4349 7
3362 4291 3491 4365 quia

1886 4394 1939 4441 et
1968 4384 2293 4443 crudelitate
2324 4382 2497 4440 durus
2538 4381 2776 4451 exstitit,
2808 4389 2862 4437 et
2892 4380 3221 4438 inﬁdelitate
3250 4380 3493 4437 nebulo-

1886 4491 1998 4531 sus.
2031 4474 2137 4544 Qui
2170 4473 2281 4530 alio
2298 4489 2520 4547 quoque
2542 4472 2812 4529 vocabulo
2833 4469 3031 4528 umbra
3046 4470 3240 4527 mortis
3264 4468 3491 4527 dicitur.

1887 4563 2092 4620 Umbra
2120 4563 2323 4638 quippe
2351 4563 2477 4619 talis
2517 4561 2870 4636 exprimitur,
2902 4559 3088 4635 qualia
3134 4558 3252 4632 ejus
3299 4558 3400 4627 rei,
3430 4558 3499 4614 de

236 4661 405 4722 νεεδ,
443 4663 497 4722 3,
525 4696 597 4709 _
631 4665 855 4737 Tempus
868 4662 1049 4738 ροειιει
1070 4663 1311 4732 tenebris,
1334 4669 1381 4721 ει
1408 4666 1778 4723 universorum
1810 4647 1860 4709 D
1889 4670 1997 4727 qua
2023 4652 2286 4722 trahitur,
2317 4652 2528 4709 fuerint
2556 4652 2910 4708 lineamenta.
2940 4650 3075 4719 Quis
3094 4657 3277 4707 autem
3299 4647 3495 4707 mortis

172 4751 319 4825 ﬁnem
345 4754 459 4828 ipse
488 4754 809 4813 considerat.

238 4840 323 4902 46.
354 4844 503 4902 Deus
548 4848 827 4902 electorum
854 4853 904 4902 et
945 4845 1292 4918 reproborum
1321 4846 1476 4919 ﬁnem
1522 4846 1776 4904 intuetur.

174 4932 319 4994 Bona
334 4935 470 5009 facit
497 4944 545 4994 et
571 4937 790 4995 ordinat
808 4954 839 5006 ,°’
856 4939 1005 4995 mala
1031 4954 1137 4995 non
1165 4938 1317 5011 facit,
1335 4939 1424 4995 sed
1443 4937 1680 4997 ordinat.
1709 4968 1782 4982 —

176 5022 286 5103 Ipse
313 5031 502 5106 posuit
531 5038 748 5106 tempus
774 5030 1042 5103 tenebris,
1091 5030 1301 5107 iniquis
1349 5031 1610 5089 videlicet
1650 5045 1780 5088 mo-

246 5246 259 5279 ¹
292 5245 505 5315 Germ.,
539 5246 566 5301 1
597 5244 796 5315 Laud.,
836 5244 999 5302 Corb.
1031 5245 1244 5314 Germ.,
1274 5247 1478 5302 telonei.

241 5315 265 5355 ²
296 5318 325 5373 1
361 5313 563 5400 Laud.,
596 5313 809 5386 Germ.,
860 5315 1024 5400 Corb.
1072 5313 1284 5387 Germ.,
1334 5319 1516 5374 tnltns.
1549 5318 1628 5374 De
1675 5313 1779 5376 hac

178 5401 306 5443 voce
338 5387 470 5445 vide
499 5387 656 5458 1.111,
689 5404 845 5445 num.
881 5388 970 5445 22.

243 5462 262 5542 ξ’
303 5461 585 5542 ἓθιιονεο.
604 5468 674 5542 ,εἰ
701 5462 725 5515 1
754 5459 952 5542 Laud.,
978 5476 1287 5542 sonorosus.

244 5532 265 5604 ξ
303 5532 492 5604 Βθθςί..
519 5532 647 5604 quia
677 5538 852 5587 autem
880 5534 1046 5604 mala.

241 5601 262 5638 ⁸
302 5601 480 5659 Laud.
512 5601 564 5660 et
590 5604 806 5671 Norm.,
837 5610 887 5658 et
912 5603 1205 5659 induamur
1230 5618 1407 5659 arma.

243 5672 265 5710 ⁸
307 5674 333 5730 1
368 5673 568 5744 Laud.,
604 5674 855 5731 Ecclesiae
891 5675 1136 5731 venienti.

243 5746 263 5782 ⁷
307 5747 333 5802 1
370 5745 570 5817 Laud.,
601 5764 718 5818 qua:
742 5762 841 5818 per
859 5746 1243 5818 cogitationem.

247 5818 268 5853 ⁸
303 5819 495 5875 Norm.
508 5863 521 5875 .
560 5818 793 5874 veniant.

247 5893 267 5925 ⁹
844 5906 897 5946 se
929 5889 1146 5947 trahunt
1176 5889 1249 5945 ad
1271 5888 1613 5961 supplicium.
1654 5886 1786 5942 Pri-

1887 4745 2134 4813 nomine,
2166 4744 2274 4799 nisi
2304 4743 2557 4799 diabolus
2588 4741 2861 4799 vocatur?
2889 4743 2967 4797 De
2997 4758 3105 4816 quo
3126 4741 3171 4777 ¹³
3192 4757 3290 4815 per
3310 4755 3499 4813 quam-

1888 4846 2014 4905 dam
2076 4844 2318 4903 ministri
2358 4845 2445 4902 sui
2482 4844 2945 4919 signiﬁcationem
2977 4840 3121 4899 577
3152 4842 3392 4900 dicitur:
3428 4843 3501 4897 Et

1887 4955 2075 4995 nomen
2111 4937 2194 4995 illi
2240 4955 2381 4994 mors
2414 4937 2607 5026 (Apoc.
2645 4954 2726 5026 v1,
2762 4935 2843 5010 8).
2911 4932 3084 5026 Eujus
3128 4932 3222 4989 ille
3264 4929 3500 5026 populus

1889 5026 2084 5086 umbra
2108 5026 2343 5097 exstitit,
2374 5026 2504 5101 quia
2533 5024 2885 5101 iniquitatem
2917 5023 3072 5080 illius
3101 5034 3355 5097 sequens,
3373 5023 3493 5090 ejus

1887 5262 2031 5315 mus,
2062 5243 2282 5316 dignum
2312 5240 2663 5322 retrahuntur
2689 5237 2762 5319 ad
2792 5232 3135 5307 supplicium.

1964 5317 2009 5353 ¹⁰
2040 5318 2163 5373 Duo
2190 5312 2392 5378 Laud.,
2421 5310 2550 5379 quid
2578 5327 2656 5364 me
2676 5309 2828 5379 Jubes
2844 5304 3050 5379 facere.

1964 5329 2009 5353 ¹υ
2040 5329 2163 5373 Ι)Πο
2192 5329 2392 5378 Laud.,
2421 5329 2550 5384 quia
2578 5329 2656 5364 me
2676 5329 3050 5433 Juvesdacerc.

1963 5388 2009 5423 ¹¹
2042 5388 2122 5443 Ita
2138 5402 2263 5443 cum
2285 5382 2451 5441 Corb.
2482 5381 2694 5447 Germ.,
2711 5379 2825 5433 Lau
2875 5419 2886 5432 .
2913 5390 2976 5433 ac
2994 5376 3361 5445 Norm.,etc.,
3383 5380 3497 5432 vet.

1889 5458 2063 5515 Editi.
2096 5459 2170 5512 At
2202 5462 2428 5527 poster.,
2453 5450 2786 5527 paenitentia.

1961 5531 2008 5568 ¹²
2034 5516 2272 5586 Vinddc.
2310 5533 2364 5580 et
2396 5516 2424 5580 1
2453 5516 2655 5591 Laud.,
2676 5521 2807 5594 quid
2830 5520 3000 5575 durus
3030 5520 3118 5576 ille
3139 5517 3381 5591 perﬁdus
3404 5516 3500 5573 Ju-

1890 5602 2127 5675 dworum
2150 5598 2406 5671 populus.
2532 5665 2565 5675 Δ.
2690 5663 2700 5675 _

1968 5675 2021 5746 t3,
2044 5665 2292 5746 Fortasse
2337 5665 2638 5746 correctus
2686 5665 2744 5721 in
2776 5665 3017 5746 Genets
3056 5677 3172 5746 est.
3207 5665 3428 5746 metu

1892 5744 2173 5799 ministerii
2204 5742 2285 5797 sui
2314 5738 2767 5810 significationem.
2785 5730 3263 5810 _Diaboli_scilicet
3292 5730 3499 5808 minis-

1892 5816 2229 5893 teriumest,
2261 5805 2495 5893 mortem
2526 5809 2751 5867 inferre.
2784 5808 2846 5865 In
2877 5812 2989 5863 vet.
3027 5805 3157 5872 Ed.,
3185 5816 3285 5875 pro
3314 5805 3497 5853 minis-

1895 5888 1990 5957 tri,
2020 5885 2221 5959 legitur
2244 5885 2500 5956 mysterii.

3056 5677 3171 5735 per-
3207 5656 3498 5735 quaedam
