3946 6380
455 393 526 450 63
1661 382 1910 440 SANCTI
1956 381 2294 440 GREGORII
2332 379 2558 438 MAGNI
3687 381 3753 438 64

453 519 514 584 in
543 534 598 574 se
624 515 920 587 imaginem
949 511 1239 585 expressit.
1259 511 1404 580 Quid
1433 527 1564 566 vero
1585 509 1843 566 torrentis
1871 505 2044 563 nomi-
2074 509 2126 569 Α
2157 515 2390 580 patrem.
2438 507 2510 561 Et
2550 505 2785 580 quilibet
2831 503 3074 560 haeretici
3131 502 3263 558 dum
3307 502 3753 574 praedicationem

455 623 544 674 ne,
563 605 668 662 nisi
685 605 781 660 ille
801 620 832 658 a
855 609 1149 673 conspectu
1171 600 1442 656 tremendi
1461 599 1668 671 judicis
1684 615 1777 670 per
1791 596 2050 652 ultimum

454 710 687 752 examen
736 692 1040 764 egrediens,
1079 699 1243 762 atque
1283 693 1483 748 electos
1513 697 1566 744 et
1607 687 1864 760 reprobos
1893 685 2051 741 divi-

454 786 590 842 dens
620 782 766 856 ignis
795 789 1025 838 vocatur
1047 782 1074 836 ?
1107 779 1260 836 Unde
1277 788 1330 836 et
1347 796 1440 852 per
1469 778 1788 850 prophetam
1809 775 2045 833 dicitur:

455 873 680 930 Flavius
727 872 907 943 igneus
957 869 1280 941 rapidusque
1320 868 1675 940 egrediebatur
1714 885 1746 922 a
1776 866 1911 937 faeie
1939 863 2051 934 ejus

453 963 626 1032 (Dan.
654 977 757 1027 vn,
791 960 904 1027 10).

530 1087 671 1162 [νει.
725 1089 933 1154 XVIII,
977 1089 1096 1144 Res.
1130 1086 1306 1159 ΧΙΧ.)
1362 1084 1452 1140 48.
1502 1083 1780 1154 Peregrini
1824 1091 1946 1139 sunt
1993 1083 2051 1139 in

454 1177 652 1232 mundo
680 1177 824 1232 electi
851 1193 1045 1232 omnes.
1087 1207 1157 1218 —
1201 1173 1335 1242 Quis
1382 1181 1567 1228 autem
1607 1173 1665 1227 in
1709 1173 1813 1229 hoc
1844 1175 2050 1231 mundo

457 1266 839 1339 peregrinatur
875 1267 1130 1338 populus,
1161 1263 1266 1319 nisi
1297 1263 1391 1336 qui
1421 1263 1489 1316 ad
1519 1270 1719 1317 sortem
1749 1263 2048 1320 electorum

455 1372 708 1423 currens,
755 1355 954 1410 habere
983 1371 1039 1410 se
1069 1353 1298 1426 patriam
1338 1352 1495 1407 novit
1533 1351 1589 1406 in
1619 1354 1962 1421 cmlestibus;
1997 1364 2050 1410 et

458 1451 609 1498 tanto
639 1445 811 1515 magis
847 1462 903 1499 se
931 1444 1048 1500 illic
1077 1453 1257 1516 sperat
1287 1442 1534 1498 invenire
1567 1444 1808 1514 propria,
1844 1454 2050 1516 quanto

455 1532 546 1588 hic
575 1541 775 1588 cuncta
805 1550 926 1604 quee
955 1542 1284 1603 praetereunt
1313 1550 1427 1588 esse
1447 1550 1477 1587 a
1507 1550 1562 1587 se
1583 1534 1807 1604 deputat
1828 1535 2002 1589 aliena
2023 1537 2050 1591 ΞΡ

451 1619 779 1692 Peregrinus
825 1619 1010 1692 itaque
1054 1627 1136 1676 est
1175 1623 1437 1694 populus,
1493 1621 1744 1678 omnium
1786 1639 2050 1680 numerus

451 1711 774 1780 electorum,
814 1711 911 1784 qui
942 1709 1086 1766 hanc
1115 1712 1288 1766 vitam
1336 1711 1613 1782 quoddam
1648 1711 1752 1766 sibi
1786 1713 2048 1769 exsilium

453 1801 796 1874 deputantes,
819 1801 888 1859 ad
918 1818 1209 1874 supernam
1232 1801 1465 1874 patriam
1484 1809 1599 1857 tota
1629 1802 1814 1857 cordis
1857 1803 2052 1860 inten-

451 1895 602 1948 tione
631 1891 930 1963 suspirant,
973 1891 1042 1946 de
1072 1891 1276 1963 quibus
1305 1892 1504 1946 Paulus

452 1981 580 2052 quia
618 1979 888 2052 peregrini
930 1985 977 2034 et
1003 1980 1232 2049 hospites
1275 1987 1397 2034 sunt
1442 1998 1602 2050 super
1632 1987 1832 2036 terram
1863 1983 2047 2053 (Hebr.

452 2085 535 2138 χι,
569 2069 681 2140 13).
704 2069 812 2137 Qui
842 2067 991 2123 enim
1009 2067 1126 2126 haec
1155 2067 1374 2137 dicunt,
1405 2069 1721 2140 signiﬁcant
1736 2087 1792 2125 se
1817 2071 2050 2143 patriam

453 2157 751 2231 inquirere.
819 2157 972 2214 Hanc
1044 2159 1538 2230 peregrinationem
1622 2159 1767 2214 idem
1836 2176 2054 2233 quoque

453 2248 755 2320 Apostolus
795 2247 1088 2316 tolerabat,
1132 2266 1258 2306 cum
1294 2248 1534 2304 diceret:
1568 2250 1709 2305 Dum
1761 2267 1944 2304 sumus
1999 2252 2053 2304 in

453 2356 692 2411 corpore,
741 2340 1148 2412 peregrinamur
1190 2358 1223 2395 a
1264 2340 1510 2396 Domino.
1558 2341 1666 2396 Per
1708 2340 1863 2412 ﬁdem
1918 2341 2052 2395 enim

451 2429 811 2495 ambulamus,
841 2435 890 2484 et
912 2445 1018 2484 non
1040 2447 1140 2500 per
1166 2429 1384 2500 speciem
1413 2429 1501 2499 (II
1528 2429 1654 2485 Cor.
1687 2447 1746 2498 v,
1769 2430 1850 2502 6).
1877 2429 2054 2502 Hujus

450 2517 910 2589 peregrinationis
971 2535 1242 2574 aerumnas
1295 2517 1571 2589 satagebat
1616 2517 1866 2587 evadere,
1925 2536 2052 2576 cum

452 2605 702 2662 dicebat:
747 2607 1077 2661 Desiderium
1125 2608 1314 2661 habens
1347 2607 1586 2672 dissolvi,
1617 2615 1806 2662 etcum
1840 2608 2052 2664 Christo

456 2712 564 2750 esse
594 2695 820 2767 (Philip.
840 2712 882 2760 ι,
913 2695 1028 2767 23).
1059 2696 1131 2749 Et
1151 2711 1369 2750 rursum
1395 2713 1406 2750 2
1439 2696 1574 2752 Mihi
1605 2696 1777 2750 vivere
1809 2696 2052 2751 Christus

451 2791 546 2850 est,
575 2791 623 2840 et
657 2785 798 2839 mori
828 2786 1035 2840 lucrum
1077 2785 1265 2854 (Ibid.,
1295 2801 1335 2850 ι,
1367 2785 1481 2856 21).
1507 2784 1684 2856 Hujus
1723 2785 2053 2857 peregrina-

451 2873 624 2929 tionis
665 2873 884 2946 pondus
913 2890 1078 2946 grave
1107 2874 1376 2930 sentiebat
1405 2875 1714 2942 Psalmista,
1744 2891 1871 2932 cum
1904 2875 2050 2932 dice-

451 2970 566 3019 ret:
597 2964 713 3018 Heu
739 2965 860 3018 met
888 2964 1016 3034 quia
1068 2963 1322 3019 incolatns
1367 2981 1510 3019 meus
1553 2966 1900 3036 prolongatus
1928 2971 2003 3019 est
2031 2981 2052 3020 :

449 3052 686 3108 habitari
715 3070 830 3108 cum
871 3053 1230 3108 habitantibus
1264 3055 1458 3120 Cedar,
1487 3056 1713 3108 multum
1741 3055 1918 3108 incola
1945 3052 2054 3122 fuit

447 3142 631 3198 anima
657 3159 775 3197 mea
793 3142 1022 3213 (Psalm.
1042 3159 1196 3211 cxrx,
1213 3143 1296 3214 5).
1329 3141 1416 3197 Ab
1437 3142 1541 3198 hac
1555 3140 1693 3213 eripi
1722 3141 2053 3212 quantocius

448 3229 770 3297 anhelabat,
793 3245 919 3285 cum
945 3231 1200 3302 supernis
1221 3229 1510 3286 desideriis
1539 3229 1773 3300 ﬂagrans
1801 3229 2008 3286 diceret
2032 3246 2044 3284 :
2082 3235 2127 3297 ο

454 3319 633 3376 Sitivit
659 3317 840 3374 anima
867 3336 984 3373 mea
1003 3321 1076 3376 ad
1101 3321 1266 3375 Deum
1287 3319 1464 3374 vivum
1486 3337 1506 3384 ;
1536 3319 1748 3390 quando
1777 3319 1982 3374 veniam
2000 3327 2046 3374 et

447 3408 717 3479 apparebo
745 3413 865 3462 ante
892 3407 1083 3478 faciem
1136 3409 1237 3465 Dei
1288 3409 1460 3479 (Psal.
1495 3425 1610 3476 xm,
1641 3408 1745 3480 3)?
1797 3409 1902 3465 Sed
1940 3407 2048 3464 hoc

450 3496 784 3554 desiderium
806 3496 1060 3554 nesciunt
1089 3501 1184 3572 qui
1207 3515 1302 3556 cor
1329 3499 1388 3554 in
1417 3498 1650 3554 terrenis
1670 3498 2048 3572 voluptatibus

449 3587 714 3660 deﬁgunt.
746 3589 890 3646 Dum
910 3589 1058 3646 enim
1075 3589 1191 3644 sola
1211 3604 1330 3661 quas
1360 3596 1490 3644 sunt
1516 3588 1759 3646 visibilia
1781 3589 2044 3662 diligunt,

447 3678 696 3750 profecto
741 3677 1071 3745 invisibilia,
1103 3677 1193 3732 vel
1241 3677 1287 3732 si
1335 3677 1570 3733 credunt
1594 3695 1732 3747 esse,
1779 3695 1890 3734 non
1921 3679 2048 3734 dili-

449 3774 608 3838 gunt,
639 3766 768 3840 quia
806 3767 938 3824 dum
973 3767 1142 3822 nimis
1163 3783 1220 3822 se
1247 3767 1492 3823 exterius
1519 3775 1846 3841 sequuntur,
1878 3769 2044 3822 etiam

449 3862 631 3910 mente
668 3855 911 3911 carnales
942 3854 1103 3912 ﬁunt.
1136 3854 1314 3911 Simul
1349 3856 1498 3910 enim
1529 3856 1586 3910 in
1631 3857 1732 3912 hac
1760 3858 1876 3912 vita
1902 3865 2045 3912 uter-

447 3961 554 4020 que
598 3947 835 4020 populus
875 3948 1072 4016 currit,
1124 3945 1219 4002 sed
1260 3963 1373 4001 non
1415 3945 1582 4002 simul
1627 3947 1694 4002 ad
1725 3957 2042 4020 perpetuam

446 4036 719 4106 pervenit,
751 4035 881 4109 quia
911 4037 1162 4108 Lapidem
1195 4035 1442 4106 caliginis
1483 4043 1529 4090 et
1576 4038 1818 4092 umbram
1859 4040 2045 4094 mortis

445 4123 642 4178 dividit
688 4129 893 4177 torrens
937 4143 970 4179 a
1000 4127 1201 4196 populo
1239 4126 1626 4196 peregrinante.
1676 4131 1758 4184 Ac
1787 4128 1830 4182 si
1862 4137 2045 4202 aperte

447 4211 627 4268 dicat:
667 4211 778 4266 Eos
806 4227 944 4284 quos
979 4214 1144 4268 modo
1181 4217 1268 4270 vel
1312 4216 1610 4274 inﬁdelitas
1657 4228 1914 4288 excaecat,
1956 4221 2045 4274 vel

447 4299 750 4356 crudelitas
777 4299 1036 4369 obdurat,
1067 4301 1412 4361 ﬂammarum
1441 4305 1647 4362 ﬂuvius
1679 4323 1709 4361 a
1749 4314 2046 4377 conspectu

446 4389 640 4446 mterni
661 4389 872 4462 judicis
901 4390 1112 4458 exiens,
1142 4393 1210 4449 ab
1240 4395 1540 4451 electorum
1571 4403 1704 4450 tunc
1733 4395 1938 4465 populo
1967 4411 2044 4450 se-

445 4489 624 4555 parat,
651 4489 716 4536 ut
743 4488 878 4538 tunc
903 4499 934 4538 a
972 4482 1133 4540 bonis
1172 4484 1316 4556 ignis
1345 4484 1584 4540 districti
1605 4483 1878 4538 examinis
1905 4483 2044 4539 divi-

447 4569 542 4627 dat
567 4586 706 4643 quos
733 4587 884 4629 nunc
912 4571 970 4628 in
999 4573 1116 4630 suis
1131 4573 1600 4644 concupiscentiis
1619 4571 1855 4628 tenebrze
1883 4573 2043 4630 vitio-
2075 4600 2124 4659 D

443 4676 568 4718 rum
593 4669 892 4718 excmcant.

513 4792 602 4851 49.
635 4793 894 4866 Irrigatio
917 4790 1316 4864 prtedicationis
1345 4796 1595 4862 tanquam
1623 4797 1827 4848 torrens
1856 4794 2044 4850 dividit

443 4883 606 4940 bonos
633 4902 668 4939 a
696 4884 876 4938 malis.
896 4881 1167 4936 -—Potest
1196 4880 1426 4936 fortasse
1456 4881 1514 4937 in
1531 4884 1792 4940 torrentis
1819 4885 2043 4941 nomine

443 4971 560 5046 ipsa
589 4971 842 5044 irrigatio
859 4977 1064 5025 sanctae
1081 4968 1490 5042 prmdicationis
1510 4971 1768 5044 intelligi,
1791 4972 1954 5044 juxta
1984 4974 2042 5030 id

442 5064 591 5132 quod
618 5079 716 5136 per
744 5061 1095 5118 Salomonem
1125 5059 1359 5117 dicitur:
1390 5063 1609 5118 Oculum
1633 5064 1727 5134 qui
1752 5066 2044 5122 subsannat

441 5157 668 5219 patrem,
698 5162 746 5210 et
792 5153 886 5227 qui
915 5152 1135 5225 despicit
1167 5159 1386 5225 partum
1414 5154 1604 5210 matris
1631 5173 1757 5223 sum,
1789 5157 2042 5228 effodiant

442 5238 599 5296 illum
625 5244 771 5296 corvi
800 5245 862 5299 de
889 5244 1210 5300 torrent-ibus
1241 5245 1428 5316 (Prov.
1458 5261 1598 5315 xxx,
1633 5247 1744 5318 17).
1787 5247 2038 5303 Perversi

446 5331 648 5406 quippe
666 5329 800 5386 dum
821 5331 1011 5389 divina
1023 5332 1236 5404 judicia
1249 5334 1682 5406 reprehendunt,
1699 5335 2041 5392 subsannant

517 5545 533 5620 ξ
565 5542 689 5620 Duo
717 5537 890 5620 Laud.
923 5547 978 5620 e_t
1007 5539 1170 5620 Corb.
1201 5543 1407 5616 Germ.,
1435 5554 1656 5620 propter
1684 5563 1795 5602 vos.

513 5615 536 5648 ²
566 5613 718 5669 Gem.
730 5655 746 5682 ,
778 5619 826 5667 et
853 5613 1150 5672 ambulabo.

513 5685 535 5758 ἒ
565 5685 686 5758 Duo
714 5684 886 5758 Laud.
918 5693 974 5740 et
1001 5685 1162 5744 Corb.
1197 5688 1408 5758 Germ.,
1440 5689 1788 5757 deﬂerernnt.

513 5756 535 5789 ⁴
569 5756 594 5828 1
626 5757 823 5828 Laud,
853 5766 1229 5816 convertemur.

513 5829 534 5862 ⁵
564 5826 597 5882 2
627 5826 822 5898 Laud.,
856 5829 1070 5899 Germ.,
1093 5832 1286 5888 Norm.
1317 5840 1372 5888 et
1391 5831 1512 5900 alii,
1545 5831 1971 5901 trans/eruatur.

2161 606 2359 654 sanctae
2407 598 2667 654 Ecclesiae
2715 597 3220 668 fecunditatemque
3261 593 3414 650 illius
3463 595 3755 654 deridenda

2158 697 2540 756 contemnunt,
2572 689 2706 762 quid
2736 687 2890 743 aliud
2921 704 3085 760 quam
3119 694 3333 759 partum
3367 687 3556 743 matris
3585 687 3758 762 despi-

2159 780 2313 836 ciunt
2335 781 2362 835 ἲ
2390 781 2562 848 Quam
2608 797 2717 835 non
2757 778 3034 834 immerito
3062 795 3253 833 eorum
3285 794 3502 850 quoque
3535 788 3758 838 matrem

2159 868 2418 937 dicimus,
2451 869 2578 942 quia
2611 870 2676 925 de
2708 869 2822 941 ipsa
2852 875 3080 936 exeunt,
3114 867 3207 940 qui
3241 875 3430 922 contra
3461 867 3631 940 ipsam
3671 871 3759 925 lo-

2159 967 2440 1031 quuntur;
2471 959 2682 1014 Joanne
2733 965 3044 1025 attestante,
3078 957 3172 1029 qui
3203 957 3282 1012 ait
3321 975 3332 1012 :
3363 957 3411 1013 A
3445 958 3591 1012 nobis
3631 959 3762 1014 erie-

2159 1056 2308 1114 runt,
2339 1051 2426 1104 sed
2453 1067 2553 1103 non.
2586 1057 2737 1104 erant
2757 1068 2821 1102 e.r
2851 1049 3036 1112 nobis;
3065 1066 3187 1102 nam
3205 1047 3251 1102 si
3265 1047 3568 1118 fuissentea:
3596 1049 3761 1115 nobis,

2158 1140 2468 1193 mansissent
2513 1140 2690 1208 utique
2732 1138 2998 1192 nobiscum
3035 1138 3092 1208 (Ι
3125 1138 3282 1192 Joan.
3337 1153 3399 1201 Il,
3440 1137 3554 1207 19).
3600 1137 3763 1194 Corvi

2159 1243 2290 1282 vero
2321 1227 2386 1282 de
2417 1227 2755 1282 torrentibus
2784 1225 3039 1294 veniunt,
3070 1243 3196 1281 cum
3229 1225 3617 1297 praedicatores
3646 1227 3762 1284 veri

2158 1319 2226 1374 ad
2252 1320 2626 1374 det'ensronem
2671 1326 2870 1373 sanctae
2900 1316 3158 1372 Ecclesiae
3207 1332 3238 1370 a
3269 1333 3552 1371 sacrorum
3587 1317 3766 1373 libro-

2159 1425 2280 1464 rum
2309 1407 2528 1461 ﬂuentis
2561 1407 2881 1478 procedunt.
2914 1405 3018 1472 Qui
3050 1405 3212 1459 etiam
3232 1412 3374 1459 recte
3405 1404 3562 1460 corvi
3586 1404 3768 1462 vocati

2159 1505 2306 1564 sunt,
2338 1497 2464 1568 quia
2496 1513 2839 1568 nequaquam
2872 1496 2937 1549 de
2963 1493 3193 1565 jllSliiiiB
3233 1511 3343 1548 suae
3396 1494 3518 1549 luce
3571 1512 3770 1566 super-

2159 1593 2339 1661 biunt,
2374 1591 2517 1648 578
2547 1594 2638 1649 sed
2673 1610 2767 1665 per
2798 1591 3131 1646 humilitatis
3153 1592 3382 1660 gratiam
3416 1599 3765 1662 peccatorum

2160 1681 2215 1736 in
2247 1698 2301 1736 se
2331 1683 2675 1753 nigredinem
2708 1682 3065 1737 confitentur.
3103 1680 3256 1735 Unde
3286 1680 3456 1734 etiam
3486 1680 3555 1735 ab
3572 1682 3768 1736 electo-

2159 1788 2281 1826 rum
2336 1773 2580 1828 Ecclesia
2638 1771 2844 1827 dicitur
2903 1789 2915 1826 :
2975 1771 3149 1840 Nigra
3189 1787 3326 1838 sum,
3380 1770 3471 1825 sed
3527 1769 3769 1840 formosa

1534 1891 1702 1947 dicit:
1740 1893 2052 1964 Con/“mm
2081 1877 2128 1938 B
2167 1865 2348 1936 (Cant.
2382 1882 2423 1930 ι,
2453 1865 2534 1935 4).
2569 1867 2638 1920 Et
2669 1866 2906 1919 Joannes
2936 1863 3032 1918 ait:
3082 1863 3138 1918 Si
3167 1862 3464 1959 dixerimus
3485 1863 3620 1964 'qu'ia
3647 1879 3775 1932 pec-

2162 1961 2334 2008 catum
2372 1971 2475 2006 non
2506 1955 2772 2018 habemus,
2811 1970 2902 2005 nos
2935 1953 3072 2023 ipsos
3100 1951 3392 2004 sedueintus
3441 1949 3503 2018 (Ι
3541 1950 3701 2004 Joan.
3733 1965 3773 2018 ι,

2161 2044 2243 2115 8).
2287 2042 2393 2110 Qui
2440 2041 2700 2097 videlicet
2739 2041 2892 2097 corvi
2933 2039 3328 2095 subsannantis
3366 2039 3596 2094 oculum
3631 2039 3776 2092 eﬂ'o-

2163 2135 2344 2203 diunt,
2375 2135 2503 2206 quia
2531 2150 2826 2206 pravorum
2857 2150 2920 2188 ac
2952 2131 3321 2203 pervicacium
3355 2129 3652 2184 hominum
3679 2129 3776 2184 in-

2161 2225 2462 2280 tentionem
2490 2224 2742 2279 vincunt.
2775 2224 2860 2277 Ex
2889 2222 2993 2276 hoc
3025 2221 3206 2293 itaque
3227 2220 3574 2288 testimonio,
3607 2220 3654 2275 si
3686 2218 3779 2275 hic

2162 2329 2376 2385 quoque
2407 2320 2620 2368 torrens
2653 2310 2970 2383 praedicatio
3005 2309 3167 2363 debet
3211 2309 3472 2378 intelligi,
3523 2309 3774 2380 Lapidem

2161 2403 2404 2472 caliginis
2433 2408 2480 2456 et
2520 2402 2758 2455 umbram
2806 2399 2995 2453 mortis
3024 2398 3216 2453 diridit
3266 2405 3473 2452 torrens
3502 2417 3535 2452 a
3581 2399 3780 2469 populo

2155 2492 2546 2562 peregrinante,
2590 2489 2684 2561 qui
2733 2495 3044 2543 sanctorum
3103 2485 3422 2558 praedicatio
3475 2487 3780 2541 obduratas

2162 2586 2372 2634 mentes
2406 2578 2761 2650 reproborum
2791 2575 3016 2642 deserit,
3053 2583 3106 2629 et
3135 2574 3203 2629 ad
3239 2575 3328 2646 pia
3377 2574 3692 2631 humilium
3723 2589 3778 2629 se

2160 2668 2327 2726 corda
2353 2668 2646 2725 convertit.
2683 2666 2837 2724 Unde
2867 2665 3049 2721 adhuc
3079 2664 3340 2720 subditur
3375 2681 3386 2719 :

2540 2792 2768 2849 CAPUT
2796 2793 2984 2848 XXXI
3018 2791 3156 2865 [νει.
3188 2791 3370 2862 XIX].

2231 2902 2403 2959 Vsus.
2438 2900 2492 2958 4.
2523 2931 2596 2944 —
2625 2903 2732 2958 Eos
2762 2919 2893 2972 quos
2921 2900 3112 2955 oblitus
3146 2905 3217 2952 est
3241 2914 3335 2969 pes
3375 2896 3571 2965 egentis
3601 2896 3784 2950 homi-

2159 2993 2266 3058 nis,
2292 2999 2339 3048 et
2374 2993 2566 3048 invios.

2229 3103 2318 3158 50.
2376 3102 2578 3157 Iudicis
2623 3101 2842 3166 relictis,
2890 3099 2961 3152 ad
2993 3097 3206 3167 gentiles
3261 3096 3506 3166 deﬂuant.
3541 3128 3616 3139 —
3647 3096 3782 3165 Quis

2161 3189 2265 3246 hoc
2293 3191 2414 3245 loco
2443 3189 2583 3244 alius
2610 3188 2879 3259 accipitur
2894 3203 3056 3258 egens
3086 3186 3275 3254 homo,
3300 3185 3406 3240 nisi
3429 3186 3528 3241 ille
3561 3187 3631 3242 de
3673 3203 3782 3260 quo

2157 3295 2252 3351 per
2276 3279 2506 3334 Paulum
2539 3276 2744 3332 dicitur
2777 3295 2788 3332 :
2824 3277 2927 3344 Qui
2960 3279 2974 3310 ¹
3002 3283 3224 3348 propter
3253 3293 3349 3330 nos
3378 3293 3572 3346 egenus
3603 3276 3783 3346 factus

2157 3375 2249 3436 est,
2277 3368 2550 3421 cumdiees
2571 3373 2697 3421 esset
2729 3367 2816 3438 (ΙΙ
2847 3368 2972 3422 Cor.
2999 3383 3121 3432 vm,
3155 3367 3211 3434 9)
3247 3364 3275 3419 ?
3306 3363 3480 3434 Cujus
3513 3364 3783 3420 videlicet

2155 3457 2364 3526 egentis
2399 3455 2644 3510 hominis
2679 3455 2842 3526 pedes
2874 3455 3046 3508 sancti
3086 3453 3474 3524 praedicatores
3517 3453 3775 3520 fuerunt,

2157 3562 2253 3618 per
2277 3561 2510 3618 quorum
2550 3545 2794 3616 profecto
2842 3543 3186 3615 praesentiam
3233 3541 3609 3612 gentilitatem
3665 3543 3784 3599 cir—

2155 3634 2424 3701 cumiens,
2445 3633 2710 3689 mundum
2741 3631 3142 3704 perambulavit
3171 3630 3522 3688 universum.
3545 3633 3628 3687 De
3660 3631 3782 3704 qui-

2155 3722 2260 3778 bus
2304 3740 2398 3795 per
2426 3722 2746 3795 prophetam
2775 3721 2983 3776 dicitur
3017 3739 3028 3775 :
3058 3722 3130 3775 Et
3166 3721 3186 3754 ³
3217 3720 3568 3774 inambulabo
3607 3721 3665 3775 in
3708 3720 3781 3775 eis

2160 3814 2348 3886 (Lerit.
2381 3831 2542 3879 xxvi,
2577 3815 2680 3878 l2;
2724 3815 2788 3869 II
2837 3814 2960 3868 Cor.
2996 3829 3077 3879 v1,
3113 3812 3226 3880 16).
3261 3811 3347 3865 Αη
3377 3825 3478 3881 pes
3510 3810 3636 3881 ejus
3667 3827 3782 3866 non

2155 3911 2292 3970 erat,
2314 3903 2406 3975 qui
2433 3911 2620 3957 tentus
2649 3901 2705 3955 in
2733 3901 3092 3972 compedibus
3121 3899 3338 3955 dicebat
3371 3917 3383 3954 :
3418 3899 3540 3954 Pro
3570 3917 3678 3970 quo
3714 3900 3785 3954 le-

2154 3993 2364 4063 gatione
2391 3991 2588 4061 [ungor
2615 3990 2671 4044 in
2700 3996 2881 4043 catena.
2911 3990 3127 4059 (Ephes.
3162 4005 3241 4054 VI,
3263 3987 3356 4056 20)
3383 3988 3411 4042 ?
3442 3988 3558 4044 Sed
3589 4004 3784 4044 eorum

2156 4081 2250 4153 qui
2286 4080 2480 4134 umbra
2513 4079 2707 4134 mortis
2741 4087 2793 4132 et
2825 4078 2966 4149 lapis
2996 4077 3252 4148 caliginis
3283 4075 3659 4145 exstiterunt,
3691 4092 3786 4148 pes

2156 4169 2401 4225 hominis
2429 4168 2637 4240 egentis
2665 4167 2870 4222 oblitus
2901 4173 3002 4234 est,
3036 4166 3166 4238 quia
3198 4165 3256 4220 in
3299 4165 3417 4236 ipso
3471 4166 3646 4220 initio
3677 4181 3788 4221 na-

2156 4261 2358 4316 scentis
2398 4261 2679 4326 Ecclesiaa,
2709 4258 2841 4313 dum
2873 4257 3050 4314 sancti
3080 4257 3313 4328 apostoli
3347 4256 3629 4313 caelorum
3683 4272 3782 4312 re-

2156 4366 2323 4421 gnum
2355 4349 2554 4404 Judzeas
2585 4348 2880 4421 praedicare
2902 4348 3229 4413 voluissent,
3264 4345 3526 4402 videntes
3560 4347 3714 4420 quod
3735 4344 3786 4401 ei

2156 4441 2298 4497 nihil
2325 4441 2553 4496 omnino
2583 4441 2932 4512 proﬁcerent,
2962 4439 3031 4494 ad
3061 4437 3482 4510 prmdicandum
3517 4439 3787 4510 gentibus

2155 4534 2176 4568 ³
2208 4532 2577 4599 deﬂuxerunt,
2601 4533 2743 4587 sicut
2760 4531 2864 4602 ipsi
2885 4531 2942 4585 in
2960 4530 3075 4584 suis
3091 4528 3542 4584 Actibusdicunt
3571 4548 3583 4584 :
3632 4529 3787 4588 Vobis

2153 4623 2421 4695 oportebat
2442 4623 2681 4693 primum
2713 4620 2857 4690 loqui
2875 4619 3087 4673 verbum
3115 4618 3248 4682 Dei;
3281 4616 3372 4672 sed
3399 4618 3670 4686 quoniam
3698 4633 3782 4672 re-

2149 4713 2346 4784 pellitis
2388 4711 2547 4775 illud,
2590 4717 2638 4764 et
2673 4709 2914 4779 indignos
2945 4726 3035 4762 vos
3072 4706 3333 4775 judicatis
3383 4714 3603 4762 teter-ure
3632 4708 3780 4773 vitta,

2151 4818 2256 4856 ecce
2286 4803 2306 4834 ⁴
2336 4799 2690 4853 convertimur
2715 4799 2785 4852 ad
2814 4803 2982 4867 gentes
3020 4795 3164 4865 (Act.
3201 4812 3326 4862 χιιι,
3355 4793 3472 4865 46).
3521 4797 3604 4851 De
3633 4797 3785 4870 qui-

2150 4889 2254 4945 bus
2281 4897 2334 4944 et
2364 4905 2460 4961 per
2488 4887 2834 4944 Psalmistam
2867 4885 3074 4941 dicitur
3095 4903 3107 4940 :
3129 4887 3149 4918 ⁵
3178 4883 3603 4954 Tl'ansferentur
3621 4903 3773 4942 mon-

2153 4984 2222 5033 tes
2251 4978 2306 5032 in
2327 4996 2417 5033 cor
2447 4978 2612 5034 maris
2645 4977 2819 5048 (Psal.
2856 4991 2988 5041 XLV,
3019 4973 3102 5043 3),
3134 4971 3264 5044 quia
3281 4973 3491 5044 repulsi
3523 4991 3556 5030 a
3587 4975 3783 5031 Iudaea

2149 5069 2382 5140 apostoli
2416 5070 2437 5102 δ
2461 5067 2518 5122 in
2548 5066 2654 5122 hoc.
2684 5063 3010 5137 gentilitatis
3036 5063 3296 5117 saeculum
3326 5062 3590 5118 translati
3623 5070 3780 5121 sunt.

2149 5157 2254 5224 Qui
2283 5163 2414 5212 sunt
2441 5172 2570 5226 ergo
2599 5153 2692 5226 qui
2741 5152 3010 5206 immensa
3039 5150 3251 5206 duritia
3295 5167 3394 5222 pro
3424 5149 3781 5208 obscuritate

2149 5245 2352 5310 cordis,
2384 5244 2538 5316 quasi
2569 5241 2792 5315 quidam
2825 5240 2963 5313 lapis
2991 5240 3246 5312 caliginis
3275 5247 3330 5295 et
3377 5239 3587 5296 umbra
3617 5257 3784 5298 mor-

2149 5333 2243 5401 tis,
2274 5349 2306 5388 a
2333 5331 2713 5405 peregrinante
2731 5338 3046 5386 sanctorum
3061 5330 3266 5402 populo
3281 5327 3648 5399 dividuntur,
3671 5329 3780 5386 nisi

2227 5550 2247 5583 ⁶
2278 5547 2597 5618 Elegantius
2626 5547 2683 5603 in
2713 5554 2916 5604 recent.
2949 5543 3167 5618 Ed.,iin
3195 5546 3288 5601 hoc
3324 5543 3650 5618 gentilitatis
3681 5564 3784 5618 sa-

2158 5621 2266 5676 lum
2291 5638 2308 5682 ;
2338 5615 2529 5674 verum
2561 5619 2618 5674 in
2661 5621 2788 5675 Mss.
2822 5621 3032 5686 Germ.,
3084 5617 3314 5683 Turon.,
3355 5615 3528 5672 duob.
3565 5617 3776 5686 Laud.,

2156 5691 2318 5747 Corb.
2355 5691 2563 5758 Germ.,
2594 5691 2808 5757 Norm.,
2830 5698 2962 5758 etc.,
2993 5687 3198 5757 legitur
3229 5689 3500 5753 servulum,
3547 5690 3641 5744 vel
3671 5707 3783 5743 sa:-

2156 5765 2312 5830 culo;
2347 5770 2455 5818 vet.
2487 5763 2591 5819 Ed.
2622 5763 2819 5830 Paris,
2852 5764 2982 5818 solo.
3016 5759 3210 5828 Basil.,
3235 5761 3456 5831 populo.
