3946 6376
209 342 269 403 65
910 341 1285 398 MORALIUM
1323 342 1456 397 LIB.
1500 341 1701 398 XVIII.
1742 370 1814 384 -
1851 338 1923 398 IN
1961 341 2188 400 CAPUT
2228 344 2465 400 XXVIII
2506 346 2566 400 B.
2610 347 2751 403 JOB.
3425 348 3495 407 66

209 472 260 529 hi
288 486 410 544 quos
436 484 525 540 pes
552 467 761 539 egentis
787 466 1030 522 hominis
1059 475 1137 523 est
1167 468 1394 536 oblitus,
1438 468 1490 523 id
1524 476 1605 524 est
1635 444 1773 541 quos
1804 467 1855 527 A
1883 467 1979 524 des
2007 467 2066 524 in
2097 470 2262 536 malo,
2295 470 2593 541 aliquando
2625 487 2755 526 vero
2798 470 2857 526 in
2886 473 3032 528 bono
3061 474 3237 546 accipi
3284 477 3491 533 solent.

211 560 562 635 pradicatores
608 556 855 625 Domini,
889 555 1147 613 videlicet
1182 560 1197 592 ¹
1230 575 1327 630 per
1373 559 1775 615 humanitatem

210 646 454 723 pauperis,
486 662 582 719 pro
612 646 880 718 superbia)
909 664 1019 701 suae
1050 655 1263 703 tumore
1293 648 1657 721 reliquerunt,
1689 666 1775 705 eo-

208 754 414 811 rumque
458 735 687 792 omnino
752 735 912 791 obliti
967 744 1117 803 sunt,
1177 737 1310 792 dum
1368 737 1777 809 praedicationis

204 846 300 885 sure
326 825 525 883 semina
541 825 609 881 ad
631 826 803 881 solam
833 825 1317 881 fructiﬁcationem
1338 827 1582 897 gentium
1605 836 1777 884 trans-

203 920 427 975 tulerunt
454 916 480 971 ?
509 916 659 983 Quos
687 923 831 971 recte
862 932 1078 988 quoque
1107 924 1162 971 et
1208 916 1392 972 invios
1436 926 1617 986 vocat,
1649 918 1778 991 quia

201 1007 317 1065 dum
345 1006 401 1061 in
420 1004 744 1061 inﬁdelitate
774 1022 871 1061 sua
900 1006 1157 1061 obdurati
1178 1015 1325 1075 sunt,
1349 1007 1531 1063 verbis
1560 1008 1687 1063 vitae
1709 1008 1777 1065 ad

199 1115 284 1155 cor
307 1097 445 1152 viam
476 1096 717 1168 praebere
747 1097 1066 1151 noluerunt.
1100 1096 1205 1151 Sed
1234 1097 1421 1153 Iudaea
1470 1098 1608 1167 hzec,
1655 1115 1776 1170 quze

199 1186 269 1243 sic
296 1184 567 1254 obduruit,
594 1186 681 1241 vel
713 1184 892 1258 qualis
907 1184 1121 1241 dudum
1148 1186 1339 1255 fuerit,
1370 1186 1459 1243 vel
1491 1187 1626 1260 quid
1655 1195 1779 1261 post

197 1274 484 1348 pertulerit,
519 1274 833 1331 audiamus.
863 1274 1124 1348 Sequitur
1156 1294 1167 1331 :

717 1384 946 1440 CAPUT
994 1385 1229 1440 XXXII.

258 1477 418 1532 Vens.
532 1506 603 1517 —
638 1478 804 1531 Terra.
844 1476 906 1530 de
942 1493 1049 1546 qua
1077 1476 1346 1531 oriebatur
1368 1475 1550 1547 panis,
1583 1475 1636 1529 in
1668 1476 1775 1530 loco

192 1584 278 1619 suo
306 1566 415 1637 igne
441 1565 691 1620 subversa
717 1572 809 1619 est.

253 1656 340 1710 51.
387 1656 662 1726 Sgnagoga
717 1671 834 1724 qua:
891 1642 1014 1725 legis
1056 1654 1549 1726 scripturarumque
1585 1670 1778 1724 panem

188 1744 531 1813 ministrabat,
562 1744 763 1799 invidia
791 1747 1145 1815 conﬂagrans,
1176 1745 1433 1798 destructa
1467 1750 1557 1799 est.
1590 1773 1660 1784 —
1680 1745 1775 1799 Pa-

1884 559 2019 614 Nam
2049 576 2175 615 cum
2207 560 2343 631 lapis
2374 576 2471 630 pro
2501 559 2927 616 insensibilitate
2958 564 3205 633 ponitur,
3228 565 3367 622 dura
3398 584 3495 640 per

1886 648 2095 721 lapides
2124 650 2289 706 corda
2316 650 2623 721 signantur.
2658 650 2813 706 Unde
2833 658 2888 706 et
2915 667 3011 723 per
3038 652 3306 710 Joannem
3341 656 3494 713 dici-

1886 747 2009 796 tur:
2042 742 2232 796 Potens
2249 747 2325 795 est
2351 742 2492 796 Deus
2513 742 2575 795 de
2599 741 2865 812 lapidibus
2900 741 3017 795 istis
3059 742 3319 798 suscitare
3350 745 3493 815 ﬁlios

1887 830 2120 885 Abrahae
2145 831 2364 901 (Matth.
2386 848 2471 899 III,
2488 831 2568 903 9).
2588 832 2695 899 Qui
2718 831 2977 888 videlicet
2996 831 3223 888 nomine
3244 832 3490 904 lapidum

1887 918 2052 975 corda
2084 921 2373 991 gentilium
2394 920 2665 992 designat,
2686 920 2824 977 dura
2855 929 2989 977 tunc
3011 928 3177 993 atque
3206 920 3498 976 insensibi-

1886 1008 1962 1063 lia
2003 1025 2100 1081 per
2144 1009 2546 1067 inﬁdelitatem.
2580 1013 2650 1067 Et
2705 1028 2802 1083 per
2856 1010 3176 1083 prophetam
3224 1011 3497 1068 Dominus
3576 1077 3579 1080 ,

1887 1099 2205 1170 pollicetur,
2236 1100 2458 1157 dicens:
2492 1102 2757 1171 Auferam
2792 1119 2884 1156 cor
2931 1102 3197 1174 lapideum
3244 1102 3307 1157 de
3338 1119 3497 1157 carne

1889 1196 2081 1255 vestra,
2114 1196 2162 1244 et
2207 1192 2341 1246 dabo
2378 1192 2518 1247 vobis
2548 1209 2639 1247 cor
2682 1209 2933 1248 eameam
2975 1192 3199 1258 (Ezeeh.
3250 1208 3330 1259 x1,
3379 1192 3492 1262 19).

1886 1279 2124 1335 Rursum
2156 1296 2252 1351 per
2280 1281 2487 1352 lapides
2507 1290 2716 1339 mentes
2732 1281 2963 1337 fortium
2987 1280 3263 1353 designari
3293 1280 3491 1337 solent.

1887 1369 2040 1425 Unde
2090 1378 2144 1425 et
2199 1386 2294 1442 per
2336 1373 2559 1427 Petrum
2613 1370 2820 1429 sanctis
2850 1371 3059 1429 dicitur
3090 1388 3103 1426 :
3137 1373 3212 1427 Et
3239 1388 3329 1425 vos
3366 1377 3497 1425 tan-

1884 1477 2043 1529 quam
2071 1461 2272 1531 lapides
2300 1462 2408 1515 vivi
2433 1462 2932 1534 supercadiﬁcamini
2962 1463 2981 1495 ³
3013 1461 3198 1515 domus
3226 1459 3495 1530 spiritalis

1884 1552 2104 1613 (lPetr.
2138 1568 2200 1618 ri,
2244 1552 2324 1617 5).
2352 1552 2429 1608 Et
2470 1567 2566 1623 per
2586 1552 2913 1623 prophetam
2944 1549 3218 1606 Dominus
3245 1545 3493 1603 venienti

1884 1639 2141 1696 Ecclesiae
2186 1640 2497 1711 pollicetur,
2529 1640 2763 1696 dicens:
2825 1642 2958 1694 Ecce
2987 1655 3076 1707 ego
3123 1644 3356 1692 sternam
3393 1653 3494 1708 per

1884 1728 2122 1782 ordinem
2174 1729 2373 1797 lapides
2417 1733 2554 1793 tuos,
2598 1732 2646 1779 et
2673 1726 2907 1792 fundabo
2940 1732 2985 1777 te
3030 1725 3086 1777 in
3122 1724 3415 1793 sapphiris,
3444 1728 3494 1778 et

188 1850 304 1889 nem
330 1833 518 1889 Judaaa
546 1832 674 1888 dare
704 1841 1083 1901 consueverat,
1115 1848 1234 1904 quae
1278 1833 1412 1903 legis
1443 1832 1607 1887 verba
1640 1850 1776 1903 pro-

1887 1836 2074 1888 ponam
2093 1817 2359 1887 jaspidem
2384 1817 2791 1887 propugnacula
2824 1821 2936 1882 tua,
2967 1819 3016 1868 et
3064 1820 3252 1884 portas
3283 1819 3401 1867 tuas
3435 1813 3491 1868 in

188 1922 396 1978 ferebat.
428 1923 607 1991 Quam
638 1922 899 1979 videlicet
931 1925 1125 1993 legem,
1159 1923 1289 1995 quia
1326 1922 1632 1993 intelligere
1658 1922 1774 1993 jam

188 2012 386 2084 reprobi
414 2021 582 2086 atque
612 2014 905 2085 explanare
936 2030 1048 2068 non
1077 2019 1349 2085 poterant,
1382 2012 1649 2084 propheta
1677 2012 1776 2067 Je-

186 2100 367 2157 remias
395 2102 451 2157 in
487 2102 747 2158 lamentis
774 2101 1043 2173 deplorat,
1076 2101 1267 2156 dicens
1302 2119 1312 2156 :
1349 2102 1579 2157 Parvuli
1602 2103 1776 2173 petie-

186 2196 300 2245 runt
320 2208 538 2262 panem,
571 2197 618 2245 et
644 2208 749 2246 non
778 2198 893 2245 erat
921 2191 1014 2260 qui
1041 2191 1311 2261 frangeret
1340 2190 1411 2245 eis
1437 2190 1660 2259 (Thren.
1694 2209 1773 2258 1v,

182 2278 255 2352 4).
284 2280 384 2336 Sed
414 2280 540 2338 haec
568 2288 712 2336 terra
742 2279 800 2336 in
830 2282 951 2337 loco
980 2297 1081 2335 suo
1102 2281 1226 2351 igne
1246 2279 1510 2336 subversa
1538 2279 1775 2353 est,quia

184 2368 412 2425 ﬁdelium
442 2371 606 2443 signa
624 2370 992 2442 conspiciens,
1025 2371 1251 2426 invidiae
1294 2388 1349 2426 se
1392 2371 1508 2426 face
1539 2387 1776 2426 concre-

183 2459 359 2515 mavit.
388 2460 538 2528 Quia
567 2460 715 2515 enim
735 2461 755 2494 ²
786 2477 999 2532 semper
1026 2461 1241 2517 invidia
1266 2462 1333 2516 de
1354 2459 1775 2533 superbianasci

181 2548 325 2615 solet,
352 2549 412 2604 in
443 2550 573 2605 loco
604 2566 703 2605 suo
733 2549 857 2621 igne
882 2551 1066 2622 periit,
1083 2568 1203 2623 quae
1235 2550 1442 2606 idcirco
1472 2550 1606 2605 arsit
1634 2549 1776 2604 invi-

180 2636 279 2706 dia,
308 2638 439 2712 quia
466 2639 787 2712 superbiam
819 2657 932 2695 non
981 2640 1226 2713 reliquit.
1274 2640 1438 2695 Terra
1485 2656 1612 2711 ergo
1655 2656 1775 2711 quae

179 2727 318 2796 prius
344 2745 551 2800 panem
573 2727 788 2795 habuit,
820 2737 942 2799 post
968 2729 1090 2799 igne
1111 2729 1372 2784 subversa
1388 2736 1490 2791 est,
1514 2726 1775 2799 quoniam

175 2833 459 2891 synagoga,
500 2835 621 2889 quae
654 2822 798 2878 579
830 2818 1088 2873 mandata
1116 2818 1215 2872 Dei
1246 2834 1343 2887 per
1371 2819 1545 2887 legem
1575 2824 1777 2887 protu—

176 2912 251 2982 lit,
294 2920 624 2970 nascentem
676 2912 981 2967 Ecclesiam
1035 2928 1388 2981 persequens,
1448 2910 1674 2962 invidias
1720 2926 1777 2962 se

176 3000 286 3073 igne
313 3000 691 3072 consumpsit.
724 3001 814 3055 An
844 3017 955 3055 non
987 2997 1358 3054 aemulationis
1401 3014 1512 3052 suae
1564 2995 1778 3051 facibus

176 3091 408 3160 ardebat,
440 3106 575 3147 cum
605 3088 989 3159 Redemptoris
1019 3086 1192 3141 nostri
1223 3086 1379 3156 signa
1407 3083 1774 3155 conspiciens,

1887 1907 2087 1978 lapides
2116 1908 2458 1977 sculptos;et
2502 1921 2675 1959 omnes
2732 1903 2978 1958 terminos
3028 1908 3141 1957 tuos
3175 1902 3229 1955 in
3290 1902 3491 1972 lapides

1884 1998 2274 2064 desiderabiles,
2325 1997 2595 2052 universos
2636 1995 2776 2067 ﬁlios
2831 2001 2945 2049 tuos
2992 1994 3169 2048 doctos
3197 2011 3232 2047 a
3260 1993 3489 2051 Domino

1883 2092 1907 2161 (
1918 2089 2046 2144 Isai.
2069 2106 2180 2156 Liv,
2206 2088 2429 2157 11—13).
2445 2085 2652 2144 Stravit
2681 2100 2918 2157 namque
2936 2081 2995 2138 in
3012 2083 3108 2139 illa
3126 2100 3220 2154 per
3235 2082 3488 2140 ordinem

1885 2178 2113 2251 lapides,
2146 2176 2275 2251 quia
2303 2178 2361 2232 in
2390 2194 2453 2233 ea
2481 2184 2696 2232 sanctas
2725 2175 2938 2230 animas
2968 2173 3292 2229 meritorum
3310 2172 3488 2229 diver-

1884 2268 2043 2324 sitate
2069 2266 2348 2323 distinxit.
2383 2265 2661 2321 Fundavit
2688 2281 2807 2320 eam
2838 2264 2896 2318 in
2926 2261 3223 2333 sapphiris,
3255 2261 3349 2333 qui
3373 2260 3490 2317 sci-

1884 2356 2015 2414 licet
2045 2358 2253 2430 lapides
2280 2355 2480 2412 coloris
2501 2354 2643 2427 aerei
2668 2354 2725 2408 in
2756 2371 2811 2408 se
2832 2350 3259 2409 similitudinem
3279 2358 3489 2420 tenent,

1886 2449 2015 2522 quia
2044 2450 2213 2505 robur
2242 2448 2499 2504 Ecclesiae
2531 2446 2588 2502 in
2617 2444 2911 2501 animabus
2941 2443 3188 2499 coelestia
3216 2449 3489 2513 appeten-

1886 2540 2035 2595 tibus
2063 2537 2350 2594 solidatur.
2384 2538 2455 2591 Et
2486 2534 2745 2608 quoniam
2771 2533 2946 2606 jaspis
2976 2531 3175 2587 viridis
3222 2538 3302 2586 est
3331 2531 3491 2586 colo—

1887 2629 1982 2698 ris,
2009 2625 2285 2701 jaspideni
2341 2625 2753 2698 propugnacula
2800 2622 2918 2694 ejus
2966 2620 3172 2693 posuit,
3218 2618 3350 2693 quia
3405 2618 3490 2676 illi

1885 2726 2077 2775 contra
2107 2714 2449 2771 adversarios
2479 2731 2578 2787 pro
2635 2719 2833 2768 sancta:
2873 2710 3138 2766 Ecclesiae
3170 2707 3491 2765 defensione

1886 2808 2087 2878 objecti
2117 2815 2267 2873 sunt,
2300 2806 2418 2878 qui,
2442 2802 2674 2859 internis
2704 2799 2995 2857 desideriis
3014 2798 3276 2866 virentes,
3301 2800 3321 2832 ‘
3339 2797 3493 2853 nulla

1886 2898 2090 2966 teporis
2136 2896 2353 2967 reprobi
2401 2894 2656 2949 ariditate
2710 2898 3074 2947 marcescunt.
3108 2890 3300 2945 Portas
3361 2905 3492 2944 vero

1886 2983 2005 3054 ejus
2060 2983 2245 3054 posuit
2280 2984 2339 3035 in
2386 2982 2593 3051 lapides
2623 2984 2643 3015 τ’
2685 2983 2951 3050 sculptos.
2990 2979 3057 3034 lli
3089 2979 3292 3052 quippe
3322 2986 3493 3050 portae

1885 3084 2014 3131 sunt
2044 3074 2323 3140 Ecclesiae,
2356 3089 2451 3143 per
2478 3087 2713 3143 quorum
2744 3069 2917 3123 vitam
2962 3076 3126 3139 atque
3175 3069 3491 3125 doctrinam

174 3195 260 3252 per
286 3156 562 3253 quasdam
590 3193 719 3234 suos
760 3156 967 3232 (ii—ceret
1000 3193 1012 3231 ;
1064 3174 1203 3242 Quid
1247 3174 1496 3244 facinms,
1534 3174 1660 3243 quia
1696 3173 1778 3228 hic
1810 3186 1854 3247 ο
1884 3164 2056 3220 intrat
2086 3164 2144 3218 in
2191 3180 2309 3218 eam
2358 3159 2661 3217 multitudo
2703 3156 3072 3213 credentium.
3132 3156 3240 3253 Qui
3272 3173 3373 3229 pro
3429 3174 3494 3212 eo

174 3269 316 3325 homo
343 3271 522 3325 multa
549 3267 699 3340 signa
723 3266 904 3337 facit?
924 3266 1010 3320 vel
1039 3272 1185 3321 certe
1211 3281 1222 3318 :
1266 3264 1459 3321 Videtis
1489 3263 1618 3333 quia
1648 3262 1783 3320 nihil

169 3360 612 3431 proﬁcimus,ecee
642 3363 776 3412 totus
795 3356 1025 3410 mundus
1048 3360 1170 3426 post
1194 3370 1309 3407 eum
1337 3353 1483 3407 radit
1501 3352 1676 3422 (Joan.
1696 3369 1778 3421 x1,

178 3446 239 3502 47
270 3466 283 3514 ;
314 3465 421 3517 xu,
458 3447 575 3519 19).
607 3445 885 3502 Videbunt
910 3444 1058 3500 unde
1079 3441 1326 3499 converti
1348 3441 1670 3509 debuerant,
1700 3450 1777 3497 at-

174 3552 271 3609 que
303 3536 514 3592 exinde
544 3533 910 3608 perversiores
937 3532 1163 3589 ﬁebant.
1202 3532 1528 3599 Quaerebam
1556 3529 1778 3587 exstin-

173 3645 330 3700 guere
358 3644 531 3701 quem
559 3626 858 3684 cernebant
885 3632 1133 3681 mortuos
1162 3623 1466 3679 viviﬁcare.
1502 3624 1563 3678 In
1593 3639 1684 3679 ore
1701 3630 1775 3677 te-

171 3718 373 3776 nebant
400 3720 603 3791 legem,
650 3717 745 3773 sed
787 3716 921 3788 legis
966 3713 1431 3787 persequebantur
1472 3720 1773 3769 auctorem.

178 3811 342 3866 Ter-ra
373 3825 502 3879 ergo
530 3808 592 3861 de
618 3823 727 3877 qua
754 3805 1023 3859 oriebatur
1046 3803 1227 3875 panis,
1258 3804 1315 3857 in
1362 3804 1469 3858 loco
1522 3820 1617 3857 suo
1662 3802 1780 3872 igne

169 3901 422 3956 subversa
443 3903 542 3962 est,
574 3895 704 3968 quia
730 3893 915 3950 Iudaea
932 3893 990 3949 in
1016 3892 1305 3965 semetipsa
1330 3900 1382 3947 et
1412 3891 1563 3964 prius
1584 3890 1781 3946 habuit

171 3990 343 4063 legem
375 4004 505 4061 quae
536 3985 802 4052 reﬁceret,
833 3993 886 4040 et
914 3993 1038 4057 post
1086 3984 1358 4041 invidiam
1407 4000 1527 4055 qum
1557 3996 1777 4037 concre-

172 4086 361 4136 maret.
388 4079 474 4134 De
501 4074 661 4148 cujus
688 4074 871 4132 adhuc
899 4073 1270 4146 descriptione
1299 4069 1657 4143 subjungitur
1689 4087 1701 4125 :

707 4182 935 4239 CAPUT
978 4181 1240 4237 XXXIII.

238 4277 411 4334 Vnus.
440 4275 496 4331 6.
529 4304 601 4315 —
628 4274 795 4329 Locus
841 4272 1083 4343 sapphiri
1131 4269 1331 4341 lapides
1364 4267 1500 4337 ejus,
1548 4273 1595 4321 et
1621 4266 1781 4337 gleba:

170 4365 317 4422 illius
334 4382 559 4423 aurum.

234 4457 327 4514 52.
354 4457 533 4527 Auget
551 4454 857 4511 Judteorum
877 4469 1077 4517 casum,
1108 4452 1374 4505 donorum
1400 4454 1447 4503 et
1473 4446 1780 4518 gratiarum

1889 3255 2053 3311 etiam
2085 3252 2231 3325 quod
2255 3248 2467 3322 magnis
2494 3247 2752 3320 operibus
2781 3246 3017 3317 pollent,
3046 3252 3099 3299 et
3128 3244 3187 3300 id
3218 3245 3368 3318 quod
3399 3247 3493 3302 lo-

1889 3352 2117 3418 quentes
2145 3349 2415 3409 asserunt,
2448 3338 2698 3393 viventes
2719 3334 3042 3402 ostendunt,
3076 3350 3187 3390 non
3217 3334 3368 3407 puri,
3400 3335 3494 3392 sed

1888 3432 2089 3504 sculpti
2120 3430 2329 3503 lapides
2385 3444 2499 3484 esse
2548 3431 2946 3481 memorantur.
2981 3425 3043 3479 In
3074 3440 3310 3496 quorum
3342 3424 3493 3481 enim

1889 3524 2005 3580 vita
2052 3530 2200 3579 recta
2254 3519 2499 3593 operatio
2541 3516 2813 3593 cernitur,
2844 3514 3002 3588 quasi
3033 3513 3092 3569 in
3121 3514 3329 3570 eisdem
3360 3514 3496 3587 ipsis

1888 3614 2218 3686 exprimitur
2249 3610 2396 3684 quod
2426 3616 2672 3680 egerunt.
2708 3605 2813 3662 Ubi
2843 3620 3063 3661 onmem
3113 3619 3332 3676 quoque
3359 3621 3496 3660 san-

1888 3712 2103 3760 ctorum
2159 3718 2453 3758 numerum
2510 3696 2748 3771 generali
2778 3694 3105 3752 collectione
3134 3693 3493 3762 concludens,

1878 3778 2136 3851 subdidit
2169 3811 2180 3849 :
2218 3795 2405 3849 Omnes
2435 3789 2682 3845 terminos
2714 3794 2828 3842 tuos
2852 3786 2905 3840 in
2938 3783 3142 3855 lapides
3172 3787 3318 3847 580
3347 3784 3495 3839 desi-

1888 3894 2146 3950 derabiles
2174 3892 2370 3963 (Ibid.,
2403 3907 2517 3957 Liv,
2552 3889 2666 3960 12).
2700 3888 2793 3953 Et,
2831 3893 3094 3956 tanquam
3135 3881 3181 3937 si
3210 3880 3496 3937 audientes

1886 3986 1992 4042 ista
2021 3992 2327 4056 peteremus
2354 3988 2417 4036 ut
2461 3979 2564 4034 hos
2619 3976 2828 4048 lapides
2874 3989 3012 4045 quos
3040 3971 3248 4027 diceret
3271 3970 3495 4025 indica-

1888 4084 1991 4143 ret,
2021 4074 2278 4146 adjunxit
2302 4089 2313 4126 :
2354 4070 2633 4128 Universos
2658 4066 2798 4137 ﬁlios
2829 4070 2947 4117 tuos
2976 4062 3150 4115 doctos
3179 4078 3214 4115 a
3242 4058 3489 4114 Domino.

1888 4164 2030 4231 Quia
2062 4164 2231 4234 igitur
2260 4161 2327 4216 de
2355 4156 2544 4215 Judaea
2572 4170 2855 4227 nunquam
2885 4157 3087 4207 sanctae
3118 4146 3341 4215 animae,
3373 4163 3494 4220 quas

1888 4254 2165 4310 ctelestem
2198 4250 2369 4306 vitam
2399 4248 2663 4304 ducerent
2693 4242 3013 4307 defuerunt,
3047 4237 3285 4294 dicitur:
3319 4236 3491 4292 Locus

1888 4342 2130 4414 sapphiri
2162 4340 2360 4411 lapides
2388 4337 2520 4407 ejus.
2542 4338 2616 4392 Et
2644 4333 2773 4408 quia
2804 4346 3002 4403 magna
3030 4327 3160 4384 vitae
3191 4343 3255 4384 ac
3283 4325 3493 4398 sapien-

1887 4433 1978 4489 tiae
2002 4433 2248 4489 claritate
2278 4447 2372 4503 per
2400 4428 2566 4484 ﬁdem
2596 4425 2776 4492 fulsit,
2810 4420 3135 4494 adjungitur
3168 4437 3179 4474 :
3214 4419 3288 4475 Et
3335 4417 3495 4489 gleba:

171 4545 354 4616 quibus
377 4504 543 4618 pr?”
573 4544 755 4600 arma;
783 4549 927 4607 εηηι,
959 4504 1387 4611 copim—Auget
1416 4504 1629 4591 reatum
1647 4535 1777 4592 οιιι-
1808 4553 1859 4613 D
1890 4524 2038 4579 illius
2068 4539 2265 4579 aurum
2318 4518 2464 4587 Quid
2492 4533 2588 4589 per
2608 4514 2814 4587 glebas,
2838 4511 2947 4618 nisi
2979 4507 3338 4618 collpctiones
3366 4504 3494 4618 sin:

173 4652 250 4709 μω
295 4637 580 4711 sequentis
625 4634 963 4708 praeconium
1010 4632 1196 4702 gloriae
1228 4626 1607 4702 praecedentis.
1639 4627 1777 4682 Nam

173 4729 610 4801 uniuscujusque
666 4742 823 4783 casus
876 4731 1033 4779 tanto
1091 4720 1317 4792 majoris
1368 4727 1451 4775 est
1504 4716 1777 4781 criminis,

176 4827 377 4890 quanto
402 4816 731 4889 priusquam
761 4814 981 4871 caderet
1008 4810 1232 4882 majoris
1262 4808 1442 4881 potuit
1471 4826 1585 4863 esse
1608 4806 1781 4861 virtu-

175 4905 262 4964 tis.
284 4907 521 4965 Dicatur
547 4921 676 4977 ergo
704 4904 913 4968 Iudaea,
944 4903 1162 4958 dicatur
1178 4899 1312 4973 quid
1346 4898 1534 4965 fuerit,
1566 4904 1619 4951 et
1649 4914 1781 4968 μνω-

176 4998 489 5055 cedentium
521 4993 844 5068 magnitudo
864 4992 1134 5048 virtutum
1165 4997 1371 5046 crescat
1401 4989 1468 5045 ad
1496 4987 1781 5043 cumulum

176 5088 525 5161 sequentium
554 5086 905 5142 delictorum.
927 5085 1098 5139 Locus
1126 5079 1375 5151 sapphir-i
1415 5078 1617 5148 lapides
1647 5075 1781 5145 ejus,

177 5182 396 5251 ειριεὸω
422 5179 579 5236 illius
602 5194 820 5233 aurum.
854 5175 1001 5244 Quid
1030 5174 1180 5230 enim
1208 5172 1314 5227 hoc
1362 5172 1483 5226 loco
1513 5187 1610 5241 per
1638 5167 1783 5240 lapi-

177 5266 287 5339 des,
318 5270 432 5326 nisi
464 5276 781 5326 sanctorum
809 5282 873 5324 ac
892 5266 1122 5322 fortium
1168 5268 1377 5317 mentes
1425 5259 1727 5331 accipimus
1756 5257 1784 5313 ‘i’

181 5357 317 5429 (Vel.
338 5362 482 5434 XX.)
513 5362 577 5418 In
598 5360 883 5433 Scriptura
909 5357 1113 5415 etenim
1146 5370 1298 5411 sacra
1326 5351 1623 5426 aliquando
1654 5349 1787 5423 lapi-

253 5592 265 5626 ¹
300 5592 387 5647 Ita
416 5589 546 5645 Mss.
571 5586 641 5645 At
673 5586 825 5645 Editi
855 5602 1066 5651 omnes,
1094 5601 1193 5655 per
1220 5582 1589 5639 humilitatem.

250 5665 273 5698 ²
302 5664 337 5720 2
368 5660 571 5729 Laud.,
610 5678 762 5733 swpe.

251 5736 272 5770 ³
302 5735 500 5791 Norm.
527 5727 581 5788 et
603 5727 868 5803 plerique,
906 5731 961 5785 in
980 5731 1159 5803 domos
1189 5727 1478 5803 spiritales.

251 5806 273 5843 ’*
302 5806 371 5864 In
394 5806 423 5864 1
454 5792 654 5874 Laud.,
674 5792 825 5860 nulla
851 5792 1096 5876 temporis
1124 5792 1336 5874 reprobi
1366 5812 1569 5871 ;quani
1601 5792 1789 5853 lectio-

1889 4614 2144 4685 gulorum
2188 4610 2449 4668 ordinum
2505 4623 2569 4663 ac
2624 4600 3016 4661 multitudines
3078 4596 3442 4669 designantur
3467 4594 3495 4649 ‘l

1889 4703 2072 4760 Glebas
2101 4710 2283 4758 autem
2314 4717 2383 4755 ex
2411 4699 2643 4754 humore
2670 4702 2724 4749 et
2753 4692 2980 4765 pulvere
3010 4686 3492 4758 constringuntur.

1890 4794 2094 4850 Omnes
2123 4810 2249 4864 ergo
2271 4790 2388 4864 qui,
2418 4804 2539 4843 rore
2557 4784 2744 4857 gratiae
2766 4779 2960 4844 infusi,
2994 4795 3063 4834 ex
3084 4774 3279 4833 mortis
3309 4771 3495 4830 debito

1890 4902 1945 4940 se
1994 4886 2275 4957 pulverem
2332 4897 2446 4935 esse
2477 4874 2659 4933 veraci
2715 4870 3030 4944 cognitione
3073 4865 3324 4957 confessi
3343 4867 3493 4957 sunt,

1891 4948 2024 5030 dum
2070 4976 2200 5029 vitae
2241 4971 2448 5027 virtute
2473 4968 2859 5029 clarescerent,
2891 4957 3051 5033 quasi
3080 4972 3262 5013 aurem
3310 4952 3369 5006 in
3398 4948 3497 5004 illa

1893 5066 2061 5140 glebae
2102 5065 2415 5137 jacuerunt.
2450 5058 2647 5115 Glebas
2701 5055 2819 5109 haec
2848 5058 2994 5140 terra
3041 5044 3237 5140 habuit
3266 5041 3324 5095 in
3355 5053 3498 5140 pro—

1890 5130 2309 5231 phetis,vglebas
2329 5151 2387 5206 in
2408 5144 2749 5206 doctoribus,
2776 5140 2961 5231 glebas
2976 5137 3046 5231 in.
3066 5130 3322 5231 Patribps
3341 5130 3499 5227 anti-

1893 5218 2038 5321 quis,
2192 5257 2387 5314 magna
2416 5255 2472 5295 se
2502 5233 2783 5291 infusione
2814 5226 3001 5298 gratiae
3032 5222 3091 5321 in
3138 5218 3498 5321 professionis

1895 5310 1949 5393 et
1974 5310 2153 5407 operis
2208 5310 2572 5388 unanimitate
2629 5322 2948 5378 tenuerunt.
2981 5312 3140 5370 Dicat
3168 5327 3298 5385 ergo
3331 5327 3342 5366 :
3381 5326 3393 5366 :
3426 5310 3501 5366 Et

1899 5587 2025 5630 nem
2054 5586 2121 5625 ex
2151 5574 2306 5642 parte
2323 5560 2502 5642 secuti
2531 5562 2662 5614 sunt
2689 5545 3499 5642 pleriqueulilrl‘itereslljpst‘r‘a

1898 5624 2103 5711 tamen,
2134 5624 2255 5716 qua,
2290 5638 2418 5695 Mss.
2468 5632 2580 5687 fere
2636 5624 2890 5684 omnium
2938 5630 3041 5693 est,
3072 5624 3235 5693 longe
3275 5624 3497 5687 antepo-

1898 5716 2098 5773 nenda.
2607 5774 2617 5779 _
2675 5774 2691 5779 Α
2900 5771 2913 5779 _
2960 5769 2993 5779 η
3024 5768 3039 5779 ,
3124 5764 3134 5775 ,

1969 5763 2215 5851 8“baud”
2246 5781 2494 5852 scalptos,
2522 5784 2577 5832 et
2605 5774 2772 5841 infra,
2803 5769 2996 5841 sculpti
3021 5763 3243 5838 lapides.
