3946 6364
465 306 534 365 37
1698 297 1949 358 SANCTI
1981 299 2320 361 GREGORII
2354 302 2583 361 MAGNI
3695 310 3763 369 es

451 435 614 509 gleba
636 433 785 492 illius
809 447 1031 500 aurum,
1061 430 1272 505 quiain
1299 446 1363 490 ea
1390 430 1692 491 multitudo
1720 429 2055 504 spiritalium
2084 432 2133 497 A
2163 448 2291 506 pere
2318 432 2525 505 renuit,
2553 431 2941 509 pradicatores
2967 431 3126 507 regni
3151 433 3424 490 caelorum
3454 433 3764 506 prohiben-

454 531 610 586 tanto
635 521 836 597 majori
859 521 1072 583 virtute
1099 521 1322 592 claruit,
1352 529 1561 596 quanto
1589 538 1649 580 se
1666 520 1727 581 in
1754 523 1932 582 Deum
1995 536 2062 581 ac

455 615 773 690 proximum
805 616 824 655 ¹
842 612 1040 688 majori
1067 612 1431 675 unanimitate
1457 609 1816 673 constrinxit.

522 704 614 767 53.
643 704 859 765 Aurum
891 720 996 776 quo
1017 701 1316 776 fulgebant,
1337 702 1583 777 perﬁdia
1613 701 1834 761 tenebris
1861 701 2059 761 obscu-

450 800 654 857 ratum.
683 823 756 839 -
792 790 900 853 Sed
943 790 1052 853 hoc
1077 807 1279 853 aurum
1319 791 1566 867 perﬁdia
1592 797 1676 850 est
1701 791 2059 866 postmodum

452 881 696 943 tenebris
722 881 1099 943 obscuratum.
1129 880 1308 956 Cujus
1322 881 1570 956 profecto
1597 881 1947 955 nigredinem
1971 883 2057 942 Je-

451 973 654 1033 remias
679 971 950 1046 propheta
974 971 1202 1033 intuens
1221 971 1493 1045 deplorat,
1520 970 1712 1031 dicens
1741 989 1755 1033 :
1786 974 2056 1043 Quomodo

449 1063 786 1125 obscuratum
836 1068 914 1121 est
960 1079 1182 1131 aurum,
1219 1068 1455 1121 mutatus
1502 1069 1580 1123 est
1626 1064 1776 1123 color
1824 1064 2056 1138 optimm

447 1154 476 1225 (
487 1153 684 1214 Thren.
715 1153 857 1227 nni)
879 1153 909 1215 ?
935 1154 1154 1215 Aurum
1181 1169 1417 1228 namque
1437 1153 1790 1215 obscuratum
1817 1155 2058 1230 est,quia

452 1241 514 1303 in
539 1243 622 1302 eis
645 1242 910 1317 antiquus
937 1243 1033 1305 ille
1060 1243 1190 1303 ﬁdei
1217 1251 1380 1318 atque
1408 1242 1740 1305 innocentia
1768 1244 2052 1318 splendor,

454 1331 704 1393 irruente
756 1332 1010 1407 perﬁdis,
1040 1332 1266 1395 malitiae
1296 1350 1354 1395 se
1402 1341 1565 1392 nocte
1616 1334 1877 1394 fuscavit.
1911 1334 2054 1404 Quia

451 1421 625 1496 igitur
638 1421 774 1497 quid
801 1422 913 1485 fuit
938 1423 1259 1483 audivimus
1281 1441 1294 1485 :
1312 1425 1482 1483 Locus
1499 1423 1696 1483 scilicet
1711 1424 1960 1497 sapphiri
1977 1427 2052 1483 la-

444 1515 598 1588 pides
627 1515 766 1587 ejus,
793 1521 844 1573 et
867 1515 1031 1587 gleba:
1055 1515 1208 1575 illius
1241 1534 1459 1585 aurum,
1488 1532 1640 1576 nunc
1659 1515 1778 1590 jam
1810 1516 2052 1575 dilectus

450 1603 544 1662 ille
571 1605 686 1663 Deo
713 1603 952 1677 populus
978 1619 1080 1665 cur
1105 1612 1262 1667 tanta
1287 1603 1407 1669 haec
1429 1604 1577 1667 bona
1602 1604 1904 1681 perdiderit
1956 1622 2050 1665 au-

447 1695 686 1755 diamus.
716 1694 977 1769 Sequitur
1007 1711 1022 1754 :

808 1801 1044 1861 CAPUT
1072 1801 1319 1861 xxxrv
1349 1799 1490 1876 [νει.
1521 1801 1700 1876 XXI].

516 1908 688 1969 Vnus.
721 1911 774 1968 7.
805 1941 877 1954 -—
906 1910 1160 1969 Semitant
1185 1909 1457 1984 ignoravit
1504 1909 1643 1977 avis,
1691 1926 1785 1967 nee
1826 1909 2052 1969 intuitus

445 2004 525 2058 est
547 2003 724 2059 oculos
749 2000 1010 2063 vulturis.

515 2089 606 2151 54.
639 2091 974 2149 Humilitatis
999 2086 1202 2148 Christi
1228 2086 1343 2145 vias
1369 2087 1692 2161 ignorantes,
1721 2088 1836 2161 ejus
1862 2090 2051 2148 mortis

443 2179 683 2253 fructum
729 2180 1046 2239 amiserunt.
1075 2210 1148 2224 —
1173 2178 1311 2249 Quis
1351 2177 1458 2237 hoc
1502 2179 1624 2237 loco
1649 2178 1773 2237 avis
1799 2180 2046 2254 nomine,

443 2269 554 2329 nisi
583 2270 679 2328 ille
707 2271 978 2346 signatur,
1009 2270 1106 2349 qui
1133 2287 1331 2345 corpus
1358 2287 1619 2330 carneum
1647 2271 1796 2346 quod
1839 2289 2046 2332 assum-

332 2362 353 2374 ‘
440 2357 574 2432 psit,
603 2358 949 2416 ascendendo
978 2359 1047 2416 ad
1076 2359 1283 2416 athera
1309 2357 1610 2417 liberavit?
1637 2358 1744 2429 Qui
1762 2368 1886 2434 apte
1916 2378 2050 2436 quo-

441 2463 550 2522 que
578 2448 746 2505 etiam
775 2448 1018 2506 vulturis
1045 2447 1410 2524 appellatione
1455 2446 1808 2522 exprimitur.
1840 2449 2050 2509 Vultur

443 2535 649 2611 quippe
676 2536 812 2594 dum
849 2537 1022 2608 volat,
1052 2537 1101 2596 si
1134 2535 1325 2610 jacens
1369 2536 1607 2596 cadaver
1649 2538 1945 2613 conspicit,
1974 2539 2047 2599 ad

445 2641 602 2683 esum
644 2642 702 2685 se
746 2625 1032 2687 cadaveris
1084 2626 1347 2703 deponit;
1379 2634 1435 2685 et
1473 2626 1800 2703 plerumque
1844 2629 1928 2689 sic
1984 2628 2045 2688 in

441 2721 622 2775 morte
651 2714 892 2788 capitur,
921 2715 1055 2774 dum
1082 2715 1153 2775 ad
1173 2722 1453 2774 mortuum
1481 2716 1686 2775 animal
1714 2718 1783 2775 de
1810 2719 2045 2778 summis

441 2803 619 2862 venit.
650 2806 818 2865 Recte
845 2823 976 2881 ergo
1005 2806 1274 2866 mediator
1298 2807 1399 2865 Dei
1425 2815 1480 2866 et
1507 2807 1802 2867 hominum
1830 2810 2045 2870 redem-

439 2898 567 2966 ptor
593 2903 784 2952 noster
810 2895 1056 2955 vulturis
1081 2897 1447 2972 appellatione
1475 2896 1743 2972 signatur,
1775 2899 1869 2974 qui
1915 2918 2045 2961 ma-

437 2999 576 3042 nens
603 2983 662 3042 in
688 2985 984 3044 altitudine
1011 2985 1320 3045 divinitatis
1338 3005 1474 3056 sua,
1504 2989 1527 3024 ³
1557 2988 1716 3064 quasi
1742 3005 1775 3047 a
1803 2991 2042 3064 quodam

436 3075 623 3134 volatu
673 3076 903 3137 sublimi
958 3077 1191 3136 cadaver
1228 3079 1585 3138 mortalitatis
1638 3086 1840 3136 nostra
1896 3098 2042 3138 con-

2168 523 2263 594 do,
2293 522 2596 594 saviendo,
2626 522 2876 582 feriendo
2902 522 3127 597 repulit.
3158 520 3264 592 Qui
3306 519 3520 581 scilicet
3562 523 3764 598 repulsi

2175 613 2420 675 Judaam
2447 614 2518 672 ad
2537 631 2703 689 quam
2724 613 2881 672 missi
2898 613 3121 671 fuerant
3147 611 3480 682 deserentes,
3508 610 3568 671 in
3595 611 3763 688 genti-

2167 702 2343 852 :liltatis
2370 704 2754 767 collectionem
2782 701 3018 778 dispersi
3046 708 3199 762 sunt.
3235 699 3394 761 Unde
3417 699 3602 763 adhuc
3624 701 3764 767 sub-

2209 793 2322 855 ‘tur
2362 810 2377 853 :

2537 902 2765 962 CAPUT
2810 900 3029 961 xxxv
3059 900 3206 977 [Rec.
3242 900 3395 976 XX].

2237 1011 2676 1072 Vsus.8.—Non
2703 1012 3043 1070 calcaverunt
3055 1027 3171 1070 eam
3196 1009 3300 1085 ﬁlii
3326 1007 3650 1077 institorum,
3675 1025 3766 1068 nec

2158 1103 2511 1175 pertransivit
2530 1120 2632 1176 per
2657 1120 2772 1160 eam
2801 1103 2984 1160 leana.

2233 1193 2322 1251 85.
2353 1193 2597 1266 Apostoli
2639 1210 2920 1265 eorumque
2969 1206 3284 1248 successores
3339 1188 3589 1248 Iudteant
3629 1189 3763 1248 dese-

2164 1289 2389 1340 ruerunt
2414 1289 2464 1341 et
2505 1283 2778 1357 gentilium
2814 1280 3144 1340 conversioni
3174 1280 3522 1338 insudarunt.
3551 1308 3625 1323 —-
3648 1280 3672 1317 ⁸
3700 1281 3764 1338 In

2161 1373 2380 1431 cunctis
2408 1373 2622 1432 Latinis
2650 1373 2950 1434 Codicibus
2978 1371 3324 1430 institutores
3366 1369 3575 1445 positos
3601 1385 3765 1444 repe-

2160 1462 2358 1529 rimus,
2388 1461 2447 1520 in
2490 1462 2695 1521 Gracis
2724 1479 2856 1520 vero
2899 1461 3268 1537 negotiatores
3308 1459 3648 1518 invenimus.
3676 1460 3760 1516 Ex

2161 1569 2267 1626 qua
2293 1567 2351 1608 re
2382 1553 2571 1627 colligi
2614 1555 2761 1610 valet
2788 1553 2936 1627 quod
2966 1552 3023 1610 in
3054 1551 3162 1611 hoc
3200 1553 3324 1610 loco
3351 1567 3455 1625 pro
3483 1547 3763 1608 institori-

2159 1641 2262 1700 bus
2290 1642 2637 1703 institutores
2664 1644 2959 1719 scriptores
2986 1644 3193 1719 quique
3222 1641 3530 1717 ignorando
3554 1657 3763 1717 posue-

2158 1741 2309 1792 runt.
2342 1734 2632 1794 Institores
2655 1735 2810 1793 enim
2837 1733 3208 1809 negotiatores
3236 1733 3500 1802 dicimus,
3558 1748 3658 1806 pro
3696 1747 3762 1790 eo

2082 1805 2130 1868 Β
2164 1822 2312 1895 quod
2339 1824 2651 1882 exercendo
2678 1825 2831 1898 operi
2858 1805 3144 1882 insistunt.
3176 1823 3284 1882 Sed
3310 1805 3567 1897 uterque
3584 1837 3761 1879 sermo

2159 1916 2292 1974 licet
2318 1915 2378 1974 in
2406 1934 2542 1976 voce
2574 1917 2840 1988 dissonet,
2869 1917 2929 1974 in
2976 1916 3266 1976 intellectu
3306 1931 3419 1974 non
3466 1914 3760 1988 discrepat,

2159 2005 2290 2080 quia
2318 2024 2510 2066 omnes
2539 2008 2634 2084 qui
2665 2007 2910 2066 ﬁdelium
2939 2024 3118 2066 mores
3159 2007 3486 2073 instituunt,
3514 2003 3761 2079 spiritale

2158 2097 2442 2170 negotium
2473 2107 2691 2173 gerunt,
2720 2106 2784 2157 ut
2812 2115 2938 2158 cum
2968 2097 3418 2173 pradicationem
3447 2095 3566 2154 suis
3590 2092 3761 2152 audi-

2156 2186 2372 2245 toribus
2405 2189 2672 2262 prabent,
2701 2188 2770 2245 ab
2797 2188 2879 2245 eis
2906 2187 3072 2246 ﬁdem
3119 2195 3175 2244 et
3219 2201 3385 2261 opera
3410 2193 3563 2243 recta
3589 2180 3761 2258 perci-

2156 2275 2333 2349 piant,
2363 2275 2510 2335 sicut
2531 2277 2599 2334 de
2627 2285 2819 2336 sancta
2844 2277 3094 2335 Ecclesia
3118 2276 3387 2351 scriptum
3416 2281 3536 2332 est:
3572 2271 3762 2331 Sindo-

2156 2381 2273 2422 nem
2299 2366 2424 2438 fecit
2453 2373 2502 2423 et
2545 2366 2782 2423 vendidit
2829 2365 3018 2438 (Prov.
3067 2382 3233 2436 xxxx,
3279 2363 3424 2437 24);
3474 2361 3764 2437 dequset

2155 2457 2320 2529 paulo
2346 2464 2472 2530 post
2488 2456 2608 2514 illic
2633 2454 2841 2514 dicitur
2872 2473 2886 2513 :
2917 2455 3061 2518 Vidit
3085 2455 3228 2528 quod
3260 2455 3398 2512 bona
3436 2459 3514 2510 est
3530 2448 3762 2524 negotia-

2156 2546 2229 2603 tio
2257 2546 2370 2618 ejus
2398 2546 2588 2620 (Ibid,
2617 2562 2780 2616 xxxx,
2814 2545 2927 2618 is).
2972 2544 3079 2614 Qui
3108 2543 3216 2603 hoc
3260 2545 3386 2602 loco
3411 2542 3763 2601 institutores

2153 2633 2263 2691 nisi
2291 2635 2572 2709 propheta
2600 2635 2775 2692 sancti
2805 2633 2987 2692 vocati
3007 2641 3160 2703 sunt,
3190 2633 3288 2708 qui
3316 2648 3613 2706 synagoga
3641 2645 3758 2690 mo-

2152 2740 2240 2782 res
2276 2725 2346 2782 ad
2391 2724 2558 2782 ﬁdem
2610 2725 2899 2783 instituere
2939 2729 3275 2782 curaverunt
3318 2718 3704 2796 prophetaudo
3732 2719 3762 2778 ‘t

2151 2816 2400 2885 Quorum
2428 2815 2701 2874 nimirum
2736 2816 2842 2874 ﬁlii
2869 2815 3046 2874 sancti
3074 2813 3310 2888 apostoli
3337 2816 3758 2883 nuncupantur,

2151 2905 2248 2980 qui
2271 2915 2337 2964 ut
2361 2909 2540 2966 Deum
2569 2906 2859 2964 hominem
2888 2904 3197 2969 crederent,
3222 2902 3291 2959 ad
3320 2900 3575 2958 eamdem
3587 2899 3758 2960 ﬁdem

2149 3012 2221 3054 ex
2248 3012 2439 3054 eorum
2495 3005 2630 3056 sunt
2674 2995 3067 3073 praedicatione
3109 2992 3375 3068 generati.
3423 2993 3507 3049 De
3552 2988 3757 3065 quibus

2148 3087 2412 3145 Ecclesia
2437 3104 2536 3161 per
2561 3085 2914 3145 Psalmistam
2943 3083 3152 3142 dicitur
3185 3100 3198 3140 :
3226 3083 3340 3140 Pro
3363 3081 3617 3155 patribus
3652 3079 3757 3139 tuis

431 3169 614 3243 spexit
641 3168 702 3226 in
730 3168 959 3242 inﬁmis,
989 3178 1046 3229 et
1070 3187 1186 3230 sese
1218 3170 1287 3228 de
1315 3170 1632 3228 caelestibus
1659 3171 1729 3228 ad
1758 3169 1871 3228 ima
1897 3173 2041 3230 sub-
2073 3172 2118 3236 C
2145 3176 2263 3232 nati
2288 3183 2413 3233 sunt
2440 3176 2535 3234 tibi
2559 3177 2685 3250 ﬁlii,
2712 3175 2993 3233 constitues
3018 3191 3103 3231 eos
3136 3173 3413 3247 principes
3457 3189 3624 3246 super
3648 3189 3758 3230 oss-

431 3259 608 3319 misit.
638 3259 787 3319 Fieri
815 3261 1018 3339 quippe
1055 3269 1283 3336 propter
1314 3277 1416 3317 nos
1445 3259 1616 3317 homo
1644 3259 1904 3333 dignatus
1932 3269 2036 3333 est,

430 3357 485 3407 et
513 3349 647 3408 dum
703 3358 983 3409 mortuum
1028 3348 1236 3407 animal
1281 3348 1466 3425 petiit,
1498 3356 1733 3406 mortem
1761 3351 1908 3424 apud
1936 3368 2039 3410 nos

431 3440 528 3518 qui
556 3438 701 3513 apud
729 3457 785 3498 se
812 3447 929 3499 erat
956 3438 1288 3498 immortalis
1316 3436 1550 3495 invenit.
1584 3437 1692 3496 Sed
1718 3437 1886 3514 hujus
1914 3439 2038 3496 vul-

430 3527 571 3586 turis
599 3528 795 3587 oculus
821 3528 933 3586 fuit
959 3527 1082 3605 ipsa
1101 3527 1340 3589 intentio
1360 3534 1563 3586 nostra
1593 3529 2033 3600 resurrectionis,

427 3621 557 3696 quia
582 3620 701 3699 ipse
727 3619 798 3678 ad
831 3620 1082 3681 triduum
1112 3628 1387 3691 mortuus,
1416 3620 1486 3677 ab
1514 3627 1718 3678 atema
1738 3637 1841 3679 nos
1859 3629 2036 3680 morte

425 3710 705 3773 liberavit.
736 3711 836 3770 Ille
867 3727 996 3787 ergo
1024 3710 1268 3786 perﬁdus
1295 3709 1497 3771 Judaa
1525 3712 1764 3784 populus
1819 3720 2063 3771 morta-.

426 3802 537 3860 lem
559 3801 742 3873 vidit;
776 3804 798 3839 ³
827 3803 923 3860 sed
952 3802 1230 3879 quomodo
1258 3809 1437 3860 morte
1461 3818 1561 3860 sua
1588 3810 1836 3859 nostram
1889 3820 2035 3861 mor-

425 3898 538 3950 tem
568 3891 900 3964 destrueret,
924 3892 1155 3951 minime
1182 3892 1443 3950 attendit.
1475 3891 1780 3966 Conspexit
1808 3893 2032 3966 quidem

423 3983 728 4054 vulturem,
757 3983 854 4042 sed
883 3983 1076 4043 oculos
1103 3981 1345 4040 vulturis
1371 3997 1488 4039 non
1505 3981 1741 4058 aspexit.
1763 3981 1871 4051 Qui
1899 3983 2033 4040 dum

423 4070 758 4135 humilitatis
786 4072 906 4147 ejus
933 4073 1053 4131 vias
1080 4071 1283 4147 quibus
1319 4087 1422 4130 nos
1454 4069 1524 4128 ad
1553 4071 1666 4129 alta
1719 4070 2034 4130 sublevavit

421 4154 773 4220 considerare
817 4161 1022 4231 noluit,
1065 4162 1321 4220 semitam
1366 4161 1486 4220 avis
1514 4161 1813 4236 ignoravit.
1843 4163 2033 4236 Neque

422 4251 572 4311 enim
600 4267 829 4327 pensare
858 4249 1074 4313 studuit
1088 4251 1237 4326 quod
1257 4250 1375 4326 ejus
1392 4269 1494 4310 nos
1511 4252 1805 4311 humilitas
1824 4254 2043 4330 levaret

420 4339 491 4400 ad
519 4340 766 4403 coelestia
792 4349 848 4399 et
875 4339 1074 4401 mortis
1101 4339 1221 4414 ejus
1248 4341 1488 4400 intentio
1506 4342 1833 4401 reformaret
1860 4342 1929 4400 ad
1951 4343 2031 4400 vi-

418 4438 554 4491 tam.
587 4430 842 4490 Semitam
881 4429 1050 4507 igitur
1100 4431 1368 4505 ignoravit
1420 4433 1558 4501 avis,
1585 4451 1678 4490 nec
1704 4432 1931 4490 intuitus
1959 4439 2033 4489 est

2147 3285 2262 3325 nem
2289 3274 2489 3324 terram
2522 3267 2698 3342 (Psal.
2730 3282 2885 3337 xmv,
2921 3266 3035 3339 17).
3057 3264 3164 3322 Sed
3185 3264 3318 3338 quia
3345 3265 3556 3336 repulsi
3584 3279 3756 3338 apos-

2146 3356 2251 3415 toli
2280 3372 2312 3414 a
2339 3372 2628 3432 synagoga
2656 3354 2864 3413 ﬁnibus
2889 3361 3021 3414 sunt
3046 3353 3272 3428 egressi,
3300 3360 3449 3412 recte
3475 3369 3632 3412 nunc
3657 3352 3755 3413 di-

2145 3445 2293 3504 citur
2323 3464 2336 3504 :
2396 3447 2517 3504 Non
2568 3449 2907 3503 calcaverunt
2931 3462 3046 3502 eam
3074 3444 3179 3518 ﬁlii
3205 3445 3534 3501 institorum.
3567 3443 3753 3501 Calca-

2145 3543 2271 3592 rent
2316 3534 2518 3611 quippe
2572 3551 2694 3593 eam
2749 3535 3069 3592 institorum
3104 3532 3232 3604 ﬁlii,
3273 3533 3321 3592 si
3362 3533 3754 3607 pradicatores

2145 3627 2323 3686 sancti
2348 3625 2598 3702 ejusdem
2619 3643 2910 3702 synagoga
2938 3625 3078 3684 vitia
3105 3627 3254 3684 calce
3282 3625 3522 3684 virtutis
3540 3638 3752 3700 preme-

2143 3724 2287 3774 rent.
2319 3716 2379 3775 Si
2406 3725 2591 3776 autem
2618 3717 2906 3776 institores
2934 3718 2959 3755 ⁸
2991 3715 3213 3774 eosdem
3252 3722 3455 3774 sancta
3486 3711 3753 3774 Ecclesia

2143 3809 2528 3882 pradicatores
2554 3808 2877 3882 accipimus,
2907 3807 3228 3865 institorum
3257 3805 3406 3864 ﬁlios
3430 3807 3757 3880 pastoreset

2144 3899 2418 3968 doctores,
2448 3897 2545 3972 qui
2591 3899 2968 3971 apostolorum
2985 3899 3006 3935 ⁷
3038 3897 3188 3954 viam
3242 3895 3417 3954 secuti
3462 3904 3622 3967 sunt,
3668 3894 3752 3954 nil

2143 3988 2326 4046 obstat
2353 3985 2614 4059 intelligi.
2632 3985 2740 4056 Qui
2759 3986 3101 4059 Synagogam
3118 3985 3347 4043 minime
3365 3986 3750 4054 calcaverunt,

2143 4077 2274 4152 quia
2301 4075 2435 4132 dum
2462 4090 2654 4131 eorum
2683 4081 2887 4148 patres,
2928 4073 2987 4132 id
3026 4083 3110 4133 est
3135 4075 3393 4150 apostoli,
3422 4074 3499 4133 ab
3527 4075 3627 4132 illa
3651 4088 3753 4132 re-

2142 4166 2289 4242 pulsi
2335 4173 2488 4236 sunt,
2531 4165 2639 4239 ipsi
2688 4180 2906 4240 quoque
2945 4165 3015 4223 ab
3044 4163 3164 4239 ejus
3183 4166 3474 4224 vocatione
3505 4181 3748 4225 cessave-

2142 4264 2296 4314 runt.

2216 4346 2359 4420 [νει.
2391 4343 2602 4418 ΧΧΙΙ.]
2633 4343 2723 4402 56.
2757 4344 3037 4420 Sgnagoga
3084 4347 3290 4415 relicta,
3319 4346 3565 4418 gentibus
3600 4345 3749 4405 coui-

2139 4436 2320 4508 gendis
2341 4434 2580 4492 Ecclesia
2597 4433 3000 4492 studuit.-Per
3025 4452 3192 4510 quam
3218 4435 3485 4495 videlicet
3500 4436 3747 4510 Synagoo

419 4525 598 4585 oculos
642 4523 897 4591 vulturis,
932 4523 1065 4599 quia
1108 4525 1211 4583 etsi
1239 4523 1388 4583 vidit
1413 4542 1540 4584 eum
1571 4540 1733 4600 quem
1759 4525 1819 4581 in
1850 4531 2027 4581 morte
2059 4539 2109 4600 Ῑ)
2143 4545 2267 4607 gam
2297 4528 2469 4585 leana
2497 4543 2608 4585 non
2639 4527 2978 4602 pertransiit,
3010 4528 3350 4602 quiasancta
3362 4526 3748 4589 Ecclesiacol-

418 4613 620 4687 tenuit,
650 4613 840 4673 videre
868 4612 1053 4673 noluit
1084 4615 1106 4652 ὀ
1136 4623 1344 4692 quanta
1370 4615 1544 4672 vitam
1569 4620 1818 4672 nostram
1850 4612 2027 4687 gloria

416 4701 484 4760 de
505 4701 624 4780 ejus
651 4711 828 4765 morte
877 4713 1214 4780 sequeretur.
1248 4704 1404 4764 Unde
1437 4712 1492 4761 et
1520 4702 1591 4761 ad
1636 4701 2021 4762 crudelitatem

413 4810 633 4874 quoque
656 4794 1056 4875 persecutionis
1084 4794 1313 4869 exarsit,
1343 4792 1513 4853 verba
1540 4793 1671 4850 vita
1699 4797 1840 4858 581
1876 4793 2016 4853 reci-

484 5020 503 5057 ¹
535 5017 734 5101 Vind,
760 5017 965 5092 maiori
981 5012 1551 5101 unitats_eomtrinacit.
1584 5014 1612 5073 1
1642 5012 1818 5076 Laud.
1851 5014 2020 5079 habet

413 5092 731 5167 construunt,
759 5091 862 5167 pro
882 5091 1228 5167 constrinxit.

485 5160 692 5286 mir
704 5159 904 5286 Ῑᾶῗῑιιᾶι,
933 5164 1126 5223 Norm.
1158 5168 1215 5267 et
1254 5159 1394 5235 pler.
1427 5160 1492 5219 In
1521 5159 1779 5220 omnibus
1834 5161 2018 5222 Editis

411 5245 692 5287 οῐηιῐῑιτῑιι-
714 5250 769 5288 a.
1167 5260 1191 5267 “

481 5303 504 5378 ξ
534 5300 808 5378 Ijlurimi,
824 5306 915 5378 sed
934 5307 1081 5378 quod
1374 5321 1483 5361 non
1508 5306 1751 5363 attendit.

481 5373 504 5410 ‘
534 5371 751 5455 Germ,
769 5371 1168 5449 Corb.'Germ.,
1197 5379 1415 5446 Norm.,
1445 5385 1646 5450 quanta
1673 5379 1795 5435 vita
1820 5385 2019 5437 nostra:

405 5445 2016 5607 ῗῖίίῖἶιῗίδιιτρ,ιρριιξιλιξεάίεο,ορςνιιριέξείωιιψεξιξιαίτριιε

406 5603 479 5671 9x
503 5583 822 5671 garb.
850 5583 1598 5671 Germ.,ﬁA.ngli_c.,‘_Norm.,
1613 5594 2012 5671 _Parisiensi_b.,

405 5656 611 5740 haud.2
637 5656 897 5740 Belgae,
919 5665 1022 5740 etc.
1046 5656 1217 5717 Prius
1247 5656 1526 5740 legebatur
1544 5656 1661 5740 fin
1689 5667 1888 5740 cunctis
1909 5656 2012 5740 La}

407 5728 534 5784 tinis
567 5727 848 5812 Codicibus
874 5728 1143 5812 institores
1155 5727 1356 5812 positos
1379 5739 1692 5812 reperimus.
1722 5740 1793 5812 In
1812 5735 2013 5812 Grauis

403 5816 530 5862 vero
557 5805 906 5874 negotiatores
934 5805 1243 5866 invenimus.
1275 5809 1368 5868 Ea
1411 5805 1521 5883 qua
1565 5827 1626 5867 re
1665 5807 1846 5881 colligi
1872 5808 2016 5865 valet

2133 4617 2363 4690 lectioni
2393 4618 2639 4693 gentium
2654 4617 2841 4676 dedita
2867 4634 3215 4693 nequaquam
3234 4635 3351 4676 sese
3371 4616 3441 4677 ad
3459 4617 3628 4678 illum
3650 4618 3744 4677 Ju-

2131 4707 2263 4768 daa
2293 4710 2558 4785 populum
2579 4709 2792 4768 diutius
2810 4709 3124 4784 occupavit.
3145 4709 3313 4769 Recte
3338 4715 3525 4769 autem
3551 4708 3743 4770 Eccle-

2129 4799 2211 4858 sia
2238 4799 2412 4858 leana
2438 4808 2812 4877 nuncupatur,
2841 4799 2974 4876 quin
3013 4799 3158 4858 male
3189 4797 3442 4861 viventes
3466 4797 3531 4863 iu
3560 4797 3742 4866 vitiis.

2128 5013 2273 5090 quod
2297 5016 2392 5075 hoc
2413 5016 2472 5076 in
2505 5017 2613 5077 loco
2641 5036 2746 5093 pro
2774 5014 3189 5147 negotiatoribus
3215 5017 3485 5077 institores
3513 5014 3738 5090 scripto-

2128 5107 2214 5147 res
2237 5091 2533 5147 ignorando
2560 5108 2831 5147 vosuerun
2857 5134 2872 5147 .
2905 5090 3027 5147 Ouo
3054 5096 3216 5147 nacte
3256 5096 3586 5147 erraverunt
3638 5086 3737 5147 qui

2128 5086 2214 5148 res
2237 5091 2533 5167 ignorando
2555 5086 2872 5167 posues'uui.
2905 5090 3027 5158 Quo
3054 5096 3216 5167 pacto
3256 5096 3586 5147 erraverunt
3620 5086 3737 5163 'an

2128 5179 2229 5238 pro
2250 5161 2676 5238 negotiatoribus
2705 5161 2972 5238 institores
2999 5161 3312 5238 posuerunt,
3342 5178 3470 5220 cum
3499 5161 3739 5238 utraque

2130 5230 2243 5292 vox
2257 5230 2404 5294 idém
2419 5242 2580 5293 sonet
2598 5235 2626 5306 ‘1?
2646 5233 2752 5293 Sed
2770 5230 3060 5306 legendum
3076 5230 3423 5306 institutores,
3450 5241 3515 5293 ut
3533 5230 3737 5306 vitiose

2127 5314 2264 5388 tunc
2279 5307 2574 5388 legebatur
2604 5305 2663 5388 in
2690 5306 2809 5388 Lat.
2830 5305 3104 5388 ’Codicib.
3126 5305 3284 5366 Libri
3303 5305 3420 5388 Δ,Ιςὼ
3451 5321 3466 5373 ;
3510 5305 3737 5388 sic_au-

2126 5387 2238 5436 tem
2270 5376 2599 5452 Gregorium
2630 5377 2824 5450 legisse
2854 5377 3210 5452 manifestum
3238 5384 3321 5434 est
3350 5384 3464 5452 tam
3494 5390 3569 5431 ex
3598 5376 3729 5452 Mss.

2124 5445 2407 5530 consensu
2432 5445 2737 5530 (siC-erui.
2757 5448 3022 5522 excipias,
3054 5449 3128 5530 in.
3148 5463 3259 5521 quo
3287 5446 3521 5530 syllaba
3551 5445 3738 5528 media

2127 5522 2409 5596 tuuhique
2437 5517 2615 5596 deleta
2641 5522 2746 5596 est)
2780 5517 2943 5596 quain
2975 5536 3044 5576 ex
3072 5517 3393 5588 his—verbis,
3420 5519 3613 5576 Omnes
3640 5517 3737 5590 qui

2122 5592 2360 5666 ﬁdelium
2387 5610 2559 5648 mores
2585 5592 2890 5666 instituunt,
2939 5599 3044 5650 etc.

2195 5665 2449 5739 fqemet.
2499 5681 2564 5739 ac
2589 5666 2694 5739 pl.,
2724 5665 2956 5739 ejusdem
2986 5668 3179 5739 sancta
3203 5661 3471 5739 Ecclesia.

2191 5734 2337 5820 :’__$ic
2390 5733 2683 5820 Laudari,
2724 5733 2988 5820 Yindoc.,
3018 5734 3208 5820 _ilorb_.
3261 5736 3474 5809 Germ.,
3529 5733 3729 5793 Norm.

2119 5805 2274 5864 Editi
2303 5823 2430 5866 cum
2459 5805 2672 5880 Germ.,
2702 5807 2867 5866 vitam
2891 5805 3054 5866 me
3077 5813 3218 5865 sunt.
