3946 6368
198 341 259 399 69
886 330 1260 388 MORALIUM
1300 331 1434 387 LIB.
1474 328 1678 387 XVIII.
1720 359 1791 373 —
1827 329 1899 387 IN
1937 330 2166 388 CAPUT
2210 330 2448 388 XXVIII
2488 333 2549 387 B.
2593 332 2734 389 JOB.
3419 335 3486 392 70

199 481 283 525 ore
322 466 510 520 sanctae
575 456 984 529 praedicationis
1023 458 1308 517 interﬁcit.
1352 457 1508 516 Unde
1559 468 1615 516 et
1665 456 1767 531 ipsi
1801 459 1853 518 Α
1885 458 2332 529 DicatergozAd
2349 458 2547 514 silicem
2562 460 2793 514 extendit
2810 478 3019 517 inanum
3052 481 3227 531 suam,
3274 465 3487 520 subver-

202 555 357 629 primo
387 548 587 623 pastori
616 549 772 621 quasi
804 548 972 621 hujus
1002 550 1185 606 leaenae
1213 553 1295 609 ori
1326 552 1567 609 dicitur:
1599 552 1775 608 Macta

203 642 504 704 ctmanduca
538 640 681 712 (Act.
717 655 776 707 x,
812 640 925 713 13).
974 642 1133 710 Quod
1165 652 1438 702 mactatur
1494 643 1695 716 quippe
1743 657 1776 698 a

200 733 588 803 vitaocciditur,
607 733 666 790 id
686 750 819 790 vero
845 736 992 807 quod
1010 736 1340 806 comeditur,
1365 738 1422 793 in
1435 738 1775 795 comedentis

195 840 399 899 corpore
424 832 814 882 commutatur.
838 826 1013 883 Macta
1033 845 1160 901 ergo
1176 837 1229 884 et
1252 828 1524 885 manduca
1545 828 1772 899 dicitur,

195 918 246 977 id
269 925 342 975 est
365 934 394 973 a
422 924 645 989 peccato
674 933 767 972 eos
823 918 881 972 in
913 933 1023 990 quo
1053 918 1255 974 vivunt
1312 919 1583 989 interﬁce,
1637 928 1691 976 et
1744 935 1777 978 a

191 1006 367 1080 seipsis
420 1006 546 1063 illos
600 1006 661 1062 in
716 1014 811 1063 tua
869 1007 1115 1063 membra
1172 1016 1454 1065 converte.
1510 1010 1581 1065 Et
1637 1010 1770 1083 quia

193 1100 298 1156 hinc
318 1096 556 1155 Ecclesia
577 1114 778 1170 corpus
807 1105 888 1153 est
903 1098 1151 1166 Domini,
1177 1098 1289 1171 ipse
1310 1100 1479 1156 etiam
1495 1099 1775 1157 Dominus

192 1188 340 1246 Iacob
372 1204 500 1245 voce
530 1187 616 1243 leo
647 1196 877 1244 vocatur
905 1204 975 1244 ex
1002 1206 1080 1256 se,
1104 1190 1275 1245 leaena
1303 1198 1532 1247 vocatur
1560 1207 1629 1247 ex
1657 1207 1775 1248 cor-

192 1296 328 1352 pore,
356 1278 487 1335 dum
517 1277 567 1335 ei
597 1278 700 1335 sub
735 1278 891 1336 Iudae
921 1278 1101 1350 specie
1123 1279 1329 1338 dicitur
1356 1299 1367 1337 :
1407 1282 1495 1338 Ad
1508 1282 1773 1353 prccdam,

189 1370 262 1443 ﬁli
276 1369 361 1436 mi,
389 1368 688 1436 ascendisti,
722 1369 1043 1440 requiescens
1062 1371 1351 1427 accubuisti
1380 1378 1437 1427 ut
1459 1373 1558 1437 leo,
1580 1379 1776 1443 etqua-

188 1458 231 1515 εἰ
256 1460 440 1526 uana;
465 1460 644 1525 582'
677 1460 797 1531 quis
826 1458 1096 1516 suscitubit
1124 1477 1238 1517 eum
1262 1461 1471 1532 (Genes.
1496 1478 1649 1530 χιιι,
1670 1463 1727 1534 9)
1748 1462 1777 1519 Ῡ

188 1554 306 1613 Haec
332 1554 499 1627 igitur
526 1556 693 1613 lemna
720 1572 1069 1629 nequaquam
1094 1558 1321 1627 dicitur,
1353 1561 1483 1634 quia
1509 1563 1529 1597 ³
1556 1577 1651 1634 per
1678 1561 1776 1619 Ju-

185 1646 350 1705 daaam
393 1664 506 1707 non
551 1648 789 1717 transiit,
822 1649 919 1705 sed
957 1666 1070 1707 non
1126 1653 1465 1722 pertransiit.
1496 1652 1776 1725 Apostolis

183 1752 409 1811 namque
420 1737 844 1810 praedicantibus
855 1739 1009 1813 prius
1025 1758 1095 1798 ex
1110 1740 1205 1798 illa
1218 1742 1324 1799 tria
1338 1743 1775 1816 millia,postmo-

1885 549 1949 603 tit
1974 567 2007 605 a
2038 549 2307 604 radicibus
2337 555 2555 615 montes,
2604 548 2733 622 quia
2780 550 2913 607 dum
2944 552 3205 612 duritiam
3237 554 3486 629 gentium

1885 650 2071 700 sancta
2087 642 2405 715 praedicatio
2423 644 2673 716 petiit,su
2681 642 2975 717 perborum
2990 647 3342 705 altitudinem
3361 648 3488 707 fun-

1883 731 2034 790 ditus
2062 736 2275 792 stravit.
2336 734 2477 804 Quia
2506 752 2637 792 vero
2683 752 2777 793 eos
2832 752 3005 811 quosa
3059 736 3489 810 cogitationibus

1886 826 2115 881 terrenis
2143 831 2373 882 evacuat
2400 824 2562 882 donis
2592 826 2909 883 cmlestibus
2938 827 3132 900 replet,
3156 833 3210 883 et
3239 844 3377 901 quos
3405 828 3487 885 in-

1883 913 2031 970 ﬁmis
2046 915 2194 973 curis
2221 916 2480 974 exhaurit
2498 918 2752 990 supernis
2770 915 2911 990 rigat
2932 917 3177 987 ﬂuentis,
3202 935 3335 976 mox
3355 917 3480 976 sub-

1884 1004 2039 1063 ditur
2063 1023 2077 1065 :

2396 1098 2625 1156 CAPUT
2664 1099 2955 1158 XXXVII.

1955 1187 2130 1246 Vens.
2166 1188 2251 1246 10.
2284 1220 2356 1233 -—
2382 1191 2450 1247 In
2471 1191 2639 1263 petris
2666 1192 2812 1247 rivos
2837 1191 3062 1248 excidit.

1955 1277 2044 1334 58.
2090 1279 2156 1334 In
2172 1280 2349 1335 sa‘reis
2362 1281 2634 1350 gentilium
2649 1281 2893 1338 cordibus
2915 1283 3059 1338 Deus
3076 1280 3270 1354 ﬂuvios
3295 1279 3490 1354 praedi-

1884 1368 2105 1422 cationis
2132 1370 2362 1441 aperuit.
2394 1400 2465 1411 —
2493 1371 2553 1426 Id
2574 1379 2676 1439 est,
2709 1372 2767 1427 in
2798 1371 2952 1428 duris
2982 1371 3275 1445 gentilium
3298 1371 3493 1428 cordi—

1885 1453 1988 1513 bus
2017 1457 2217 1514 ﬁuvios
2244 1458 2652 1531 praedicationis
2672 1460 2908 1532 aperuit,
2940 1460 3087 1517 sicut
3128 1478 3225 1533 per
3252 1460 3490 1534 prophe-

1882 1555 1998 1604 tam
2024 1566 2240 1622 quoque
2269 1549 2336 1605 de
2364 1550 2643 1622 irriganda
2658 1551 2865 1609 dicitur
2882 1551 3139 1609 ariditate
3158 1552 3451 1623 gentilium
3472 1572 3487 1613 :

1886 1640 2073 1694 Posuit
2101 1642 2359 1695 desertum
2382 1643 2434 1695 in
2454 1649 2698 1712 stagnum
2728 1643 2747 1678 ⁷
2778 1659 3068 1712 aquarum,
3090 1649 3138 1698 et
3161 1650 3361 1700 terram
3381 1645 3492 1702 sine

1884 1747 2025 1801 aqua
2053 1732 2107 1785 in
2130 1732 2301 1785 exitus
2328 1748 2595 1801 aquarum
2655 1732 2830 1801 (Psal.
2864 1749 2975 1799 cvr,
3008 1732 3124 1804 35).
3186 1736 3369 1807 Atque
3426 1735 3485 1793 in

186 1825 309 1882 dum
340 1828 579 1901 quinque
597 1829 1156 1888 milliacrediderunt.
1180 1831 1427 1888 Ecclesia
1458 1832 1641 1905 itaque
1671 1848 1767 1905 per

1897 1821 2188 1893 Evangelio
2216 1822 2491 1893 promittit
2510 1819 2802 1888 Dominus,
2834 1819 3057 1877 dicens:
3096 1821 3202 1891 Qui
3230 1824 3399 1879 credit
3431 1825 3490 1881 in

185 1915 516 1989 Synagogam
547 1918 786 1988 transiit,
808 1920 902 1977 sed
926 1938 1038 1977 non
1068 1923 1409 1994 pertransiit,
1432 1922 1562 1995 quia
1590 1939 1659 1979 ex
1682 1921 1778 1977 illa

186 2004 252 2063 ad
286 2005 443 2064 ﬁdem
479 2023 681 2080 paucos
726 2009 930 2082 rapuit,
958 2010 1053 2066 sed
1090 2019 1275 2067 tamen
1305 2012 1463 2067 illum
1496 2011 1776 2067 inﬁdelem

185 2095 438 2167 populum
460 2112 496 2153 a
515 2096 745 2169 perﬁdia
764 2098 1019 2156 funditus
1038 2117 1149 2157 non
1168 2101 1459 2157 exstinxit.
1485 2100 1610 2169 Sed,
1629 2100 1777 2174 quod

183 2201 313 2258 saepe
334 2185 448 2258 jam
473 2187 746 2259 diximus,
765 2191 983 2263 repulsa
1001 2192 1069 2248 ab
1090 2192 1416 2249 inﬁdelitate
1437 2192 1776 2266 Iudaeorum,

183 2273 396 2335 deﬂexit
422 2276 499 2335 ad
527 2279 880 2341 vocationem
910 2281 1180 2353 gentium.
1216 2281 1371 2340 Unde
1400 2281 1583 2340 adhuc
1611 2282 1678 2339 de
1693 2298 1778 2340 ea-

183 2363 295 2425 dem
322 2366 499 2426 Ieaana
527 2368 770 2428 dicitur:

697 2478 936 2537 CAPUT
973 2480 1240 2539 XXXVI.

242 2564 407 2624 Vens.
447 2568 510 2625 9.
541 2598 613 2611 —
640 2570 731 2625 Ad
759 2570 957 2626 silicem
984 2571 1213 2628 extendit
1230 2588 1447 2629 manum
1459 2588 1637 2639 suam,
1655 2570 1779 2629 sub-

181 2665 322 2719 vertit
345 2684 379 2721 a
399 2667 689 2723 radicibus
716 2676 935 2725 montes.

240 2757 323 2813 57.
345 2759 595 2829 Quarum
611 2759 871 2816 duritiam
890 2762 1163 2831 emollirit,
1183 2769 1229 2819 et
1248 2763 1549 2836 superbiam
1566 2764 1775 2819 stravit.

173 2847 487 2904 —Manum
519 2848 722 2923 quippe
753 2850 820 2904 ad
842 2850 1056 2905 silicem
1078 2852 1353 2919 extendit,
1383 2853 1513 2927 quia
1543 2854 1611 2909 ad
1632 2852 1781 2907 duri-

174 2934 292 2991 tiam
311 2936 570 3009 gentium
590 2952 701 2991 sua:
717 2936 1006 2993 brachium
1025 2939 1432 3010 prmdicationis
1451 2940 1782 2996 misit.Unde

174 3032 221 3080 et
248 3024 392 3081 idem
423 3024 623 3080 beatus
651 3026 753 3081 Job
804 3027 1078 3097 passionis
1126 3046 1235 3084 sua)
1294 3027 1586 3083 historiam
1648 3044 1781 3102 pras-

173 3114 340 3171 sciens
362 3114 625 3188 gentibus
644 3114 1118 3186 innotescendam,
1138 3116 1275 3173 dicit
1299 3134 1309 3170 τ
1334 3117 1653 3173 Scribuntur
1670 3120 1778 3173 lucc

1883 1930 1985 1979 me,
2016 1914 2149 1967 sicut
2179 1913 2305 1968 dicit
2336 1913 2639 1986 Scriptura,
2656 1914 2881 1984 ﬂumina
2909 1931 3064 1984 aqua:
3090 1914 3223 1970 viva:
3238 1915 3299 1970 de
3318 1922 3495 1972 ventre

1885 2004 1999 2073 ejus
2018 2007 2180 2075 ﬂuent
2206 2005 2387 2075 (Joan.
2419 2022 2521 2071 vn,
2554 2005 2669 2077 38).
2702 2004 2863 2073 Quod
2890 2006 3384 2077 promissumtunc
3399 2022 3493 2063 au-

1886 2095 2154 2164 divimus,
2181 2096 2346 2153 etiam
2362 2113 2510 2153 nunc
2530 2096 2865 2168 completum
2886 2095 3158 2153 videmus.
3183 2097 3323 2153 Ecce
3341 2096 3491 2152 enim

1886 2185 1947 2242 in
1976 2186 2179 2243 sanctis
2200 2186 2670 2258 praedicatoribus,
2702 2194 2755 2243 et
2784 2203 2895 2243 non
2924 2203 2993 2243 ex
3022 2187 3210 2244 Iudaea
3237 2184 3491 2260 progeni-
3594 2260 3598 2265 ⁴

1885 2276 1980 2346 tis,
2002 2294 2097 2350 per
2114 2286 2369 2335 cunctam
2388 2279 2693 2335 Ecclesiam
2712 2284 2830 2333 toto
2847 2276 2977 2333 orbe
2989 2275 3267 2345 diffusam,
3286 2275 3495 2332 ﬂuenta

1887 2366 2196 2424 mlestium
2228 2368 2611 2425 mandatorum
2641 2367 2884 2425 ubertim
2929 2376 3157 2424 manant
3192 2384 3286 2424 ore
3318 2367 3490 2440 genti-

1889 2457 2047 2516 lium.
2080 2460 2221 2528 Quia
2239 2460 2387 2517 enim
2404 2461 2463 2517 in
2479 2460 2649 2533 petris
2671 2459 2819 2515 rivos
2837 2458 3075 2531 aperuit,
3096 2475 3168 2514 ex
3187 2457 3343 2515 duris
3359 2476 3493 2532 quo-

1889 2567 1995 2625 que
2025 2556 2171 2615 583
2198 2552 2459 2610 cordibus
2470 2551 2674 2609 ﬁuvius
2688 2548 2890 2609 sancta:
2907 2549 3321 2624 praedicationis
3341 2567 3490 2607 ema-

1890 2650 2065 2708 navit.
2098 2651 2362 2726 Sequitur
2385 2669 2397 2707 :

2405 2759 2634 2817 CAPUT
2673 2758 2989 2818 XXXVIII.

1960 2852 2097 2908 Iam.
2129 2882 2200 2893 —
2227 2852 2301 2908 Et
2328 2868 2475 2907 omne
2496 2852 2785 2923 pretiosum
2818 2851 2947 2907 vidit
2975 2852 3158 2907 oculus
3185 2846 3322 2920 ejus.

1960 2937 2049 2993 59.
2094 2939 2221 2994 Vilis
2248 2940 2357 2994 Deo
2384 2945 2458 2993 est
2486 2941 2734 3006 mundus,
2765 2947 2813 2997 et
2844 2940 3091 3013 pretiosa:
3118 2932 3309 2995 animm
3361 2953 3496 3011 quas

1890 3026 2057 3098 elegit.
2090 3055 2160 3066 —-
2180 3025 2476 3083 Sciendum
2535 3043 2859 3097 magnopere
2888 3037 2969 3084 est
2990 3029 3119 3101 quia
3150 3036 3303 3086 tanto
3361 3043 3493 3085 una~

1892 3133 2120 3190 quasque
2149 3114 2333 3171 anima
2362 3115 2425 3172 ﬁt
2454 3115 2743 3188 pretiosior
2772 3123 2897 3172 ante
2920 3117 3111 3174 oculos
3135 3116 3256 3185 Dei,
3280 3125 3490 3189 quanto

173 3209 297 3277 stglo
325 3206 509 3277 ferreo
532 3206 585 3261 in
606 3207 813 3277 plumbi
837 3208 1061 3273 lamina,
1092 3209 1113 3242 ³
1149 3210 1375 3264 relcerle
1391 3210 1709 3282 sculpantur
1728 3209 1782 3265 in
1819 3199 1862 3261 Ο
1892 3223 2003 3280 pra:
2032 3223 2215 3263 amore
2246 3206 2494 3263 veritatis
2539 3206 2846 3278 dcspcctior
2900 3206 3070 3263 fuerit
3124 3215 3248 3263 ante
3306 3209 3498 3266 oculos

174 3296 309 3351 silice
340 3297 488 3368 (Job.
523 3314 643 3365 x1x,
678 3296 794 3368 2i).
830 3297 936 3365 Qui
968 3313 1099 3352 vero
1130 3296 1234 3354 hoc
1284 3298 1341 3353 in
1371 3298 1496 3355 loco
1544 3306 1781 3369 montes,

174 3385 277 3442 nisi
300 3386 474 3460 hujus
503 3387 689 3443 seaculi
719 3394 971 3459 potentes
991 3386 1311 3459 accipimus,
1336 3388 1430 3460 qui
1448 3405 1546 3460 pro
1569 3396 1785 3448 terrena

174 3476 482 3533 substantia
514 3478 533 3512 ‘
564 3477 736 3533 altum
753 3484 969 3533 tument
986 3478 1013 3534 εἰ
1033 3479 1109 3532 De
1128 3476 1329 3551 quibus
1360 3479 1651 3537 I’salmista
1666 3480 1742 3537 ait
1766 3498 1779 3539 :

181 3573 347 3644 Tange
376 3577 600 3639 montes,
632 3578 680 3628 et
704 3571 1043 3644 fumigabunt
1107 3573 1279 3646 (Psul.
1315 3592 1507 3644 CXLIII,
1539 3574 1619 3647 5).
1676 3574 1784 3633 Sed

175 3669 385 3719 montes
421 3679 454 3719 a
486 3660 764 3717 radicibus
814 3669 945 3718 sunt
999 3662 1201 3732 eversi,
1252 3662 1401 3736 quia,
1451 3663 1784 3738 praedicante

172 3760 357 3808 sancta
388 3751 667 3823 Ecclesia,
698 3769 927 3809 summae
974 3751 1143 3824 hujus
1174 3752 1360 3810 sa‘culi
1384 3761 1682 3826 potestates
1724 3754 1784 3812 in

172 3841 465 3900 adoratum
511 3841 909 3915 omnipotentis
938 3841 1037 3898 Dei
1093 3844 1160 3899 ab
1192 3842 1388 3900 intima
1451 3844 1784 3917 cogitatione

172 3933 190 3968 ⁵
210 3932 566 3989 ceciderunt.
580 3929 809 3988 Radices
825 3929 971 3986 enim
992 3932 1261 3988 montium
1281 3933 1640 4006 cogitationes
1656 3943 1787 3993 sunt

174 4020 387 4078 intinue
421 4019 807 4093 superborum.
842 4020 912 4076 Et
941 4037 971 4076 a
1002 4021 1280 4079 radicibus
1311 4031 1525 4081 montes
1553 4024 1781 4095 cadunt,

174 4112 296 4185 quia
327 4111 401 4167 ad
438 4109 735 4167 colendum
766 4111 942 4167 Deum
972 4118 1269 4186 potestates
1297 4113 1483 4171 saeculi
1531 4114 1600 4171 ab
1657 4114 1784 4173 imis

175 4201 610 4274 cogitationibus
626 4209 1069 4275 prosternuntur.
1104 4204 1267 4261 Recto
1289 4203 1490 4260 etenim
1516 4221 1611 4277 per
1627 4205 1786 4263 radi-

174 4308 286 4347 cem
302 4292 577 4366 cogitatio
592 4294 807 4350 occulta
822 4293 1227 4367 signatur,quia
1243 4312 1337 4370 per
1353 4295 1459 4353 hoc
1474 4295 1621 4370 quod
1635 4296 1786 4356 intus

177 4399 282 4439 non
315 4384 594 4456 cernitur,
618 4383 859 4459 erumpit
877 4384 1023 4459 quod
1042 4383 1294 4441 videatur
1309 4385 1465 4444 loris.
1488 4386 1640 4444 Unde
1660 4388 1786 4446 etin

175 4471 372 4530 bonam
405 4481 622 4549 partem
655 4491 752 4549 per
790 4475 1114 4550 prophetam
1166 4476 1405 4535 dicitur;
1439 4480 1460 4514 δ
1496 4479 1713 4537 Emitte!
1730 4480 1787 4536 id

1896 3314 2040 3353 suos.
2076 3296 2215 3353 llinc
2244 3296 2312 3352 ad
2341 3296 2469 3353 Saul
2499 3294 2705 3353 dicitur
2728 3314 2739 3352 :
2764 3298 2948 3353 Nonne
2977 3314 3094 3353 cum
3119 3299 3387 3369 parvulus
3418 3303 3508 3354 es-'

1896 3405 1974 3442 ses
2004 3389 2052 3443 in
2086 3388 2251 3443 oculis
2282 3388 2406 3456 tuis,
2428 3394 2583 3460 caput
2615 3393 2657 3443 te
2682 3388 2927 3444 constitui
2956 3388 3014 3443 in
3044 3388 3285 3445 tribubus
3326 3389 3501 3448 Israel

1900 3478 1957 3550 (I
1983 3480 2105 3551 Reg.
2140 3496 2237 3547 xv,
2288 3479 2377 3552 17)
2410 3480 2437 3536 i’
2494 3479 2574 3536 Ac
2603 3479 2651 3535 si
2715 3487 2897 3553 aperte
2953 3478 3205 3537 diceret:
3267 3481 3500 3554 Magnus

1898 3568 2037 3625 mihi
2068 3568 2245 3638 fuisti,
2278 3568 2409 3643 quia
2438 3569 2724 3644 despectus
2752 3570 2855 3627 tibi
2888 3589 2902 3640 ;
2936 3569 3031 3628 sed
3059 3586 3208 3629 nunc
3229 3570 3360 3645 quia
3388 3589 3500 3631 ma-

1898 3658 2150 3730 gnustibi
2180 3676 2257 3729 es,
2276 3659 2450 3716 factus
2471 3676 2527 3716 es
2539 3661 2826 3734 despectus
2840 3659 2998 3717 mihi.
3016 3660 3173 3718 Unde
3192 3668 3245 3718 et
3261 3677 3357 3733 per
3371 3677 3498 3734 pro.

1897 3749 2119 3824 phetam
2150 3748 2389 3807 dicitur:
2447 3752 2531 3811 Va:
2565 3751 2657 3822 qui
2684 3752 2942 3824 sapientes
2971 3757 3092 3807 estis
3124 3751 3177 3808 in
3210 3751 3379 3808 oculis
3420 3769 3499 3808 ve-

1897 3841 2046 3906 stris,
2074 3846 2120 3894 et
2146 3858 2324 3896 coram
2356 3840 2729 3914 vobismctipsis
2754 3842 3036 3913 prudentes
3098 3840 3255 3913 (Isai.
3290 3858 3350 3909 v,
3379 3840 3495 3911 21).

1898 3930 2201 4003 Tantocrgo
2214 3932 2275 3987 ﬁt
2289 3932 2519 4005 quisque
2532 3931 2697 3988 vilior
2708 3933 3057 4004 Deo,quanto
3069 3930 3360 4003 pretiosior
3369 3929 3495 3997 sibi;

1897 4027 2050 4078 tanto
2080 4021 2371 4093 pretiosior
2392 4023 2524 4091 Deo,
2548 4027 2755 4095 quanto
2776 4028 2997 4093 propter
3023 4036 3149 4076 eum
3174 4018 3340 4077 vitior
3368 4017 3496 4079 sibi:

1900 4113 2039 4180 Quia
2059 4112 2285 4167 luunilia
2314 4112 2547 4184 respicit,
2576 4118 2624 4166 et
2652 4113 2765 4166 alta
2786 4129 2820 4165 a
2852 4112 2999 4181 longe
3027 4110 3287 4182 cognoscit
3318 4109 3495 4184 (Psal.

1898 4218 2152 4267 cxxxvn,
2178 4201 2257 4275 6).
2294 4201 2603 4276 [Vol.XXII
2604 4202 2635 4256 Ι
2637 4198 2678 4274 .]
2702 4202 2861 4258 Omne
2884 4200 3056 4271 itaque
3063 4200 3353 4271 pretiosum
3370 4199 3502 4257 vidit

1897 4293 2078 4347 Oculus
2095 4290 2225 4363 ejus.
2246 4293 2306 4349 In
2328 4291 2609 4365 Scriptura
2626 4309 2778 4349 sacra
2798 4290 2985 4348 videre
3005 4290 3128 4362 Dei,
3150 4292 3170 4326 ⁸
3199 4290 3500 4365 aliquando

1897 4400 1997 4456 pro
2024 4384 2221 4456 eligere
2252 4383 2496 4456 ponitur,
2525 4383 2668 4441 sicut
2690 4382 2747 4439 in
2768 4383 3073 4456 Evangelia
3093 4381 3361 4456 scriptum
3382 4389 3496 4440 est:

1903 4472 2033 4529 Cum
2064 4493 2194 4531 esses
2223 4475 2315 4531 sub
2344 4476 2467 4548 ﬁcu,
2503 4474 2610 4530 ridi
2641 4482 2684 4529 te
2714 4475 2894 4547 (Joan.
2928 4491 2969 4544 ι,
3001 4474 3131 4546 48);
3187 4472 3242 4529 id
3273 4480 3377 4542 est,
3407 4488 3501 4544 p0-

177 4566 309 4634 quod
338 4568 612 4622 sulcatum
642 4565 809 4637 fuerit
825 4566 887 4620 de
906 4566 1058 4622 domo
1087 4567 1252 4633 Iuda,
1285 4575 1329 4624 et
1359 4569 1501 4640 quod
1521 4570 1786 4641 reliquum
1816 4573 1863 4633 ι)
1897 4565 2061 4622 situm
2098 4574 2147 4623 te
2179 4565 2281 4622 sub
2311 4565 2507 4623 umbra
2528 4565 2661 4638 legis
2681 4564 2839 4637 elegi.
2868 4564 3023 4622 Vidit
3041 4580 3168 4636 ergo
3196 4563 3500 4638 pretiosum

177 4660 265 4722 est,
299 4655 468 4712 mittet
498 4656 733 4711 radicem
765 4656 1031 4723 deorsum,
1065 4664 1112 4713 et
1138 4657 1302 4728 faciet
1318 4658 1554 4729 fructum
1573 4677 1787 4718 sursum

178 4744 333 4816 '(lsai.
366 4762 597 4817 xxxvn,
630 4746 745 4821 3i).
780 4747 861 4805 Ac
889 4747 935 4802 si
961 4754 1143 4820 aperte
1177 4747 1490 4806 diceretur:
1542 4750 1604 4805 In
1660 4749 1788 4807 imis

178 4834 438 4910 cogitatio
468 4836 738 4907 nascitur,
769 4844 830 4895 ut
851 4837 909 4894 in
931 4838 1165 4895 summis
1196 4838 1486 4896 retributio
1502 4839 1785 4900 reddatur.

252 5034 265 5068 ¹
306 5036 433 5093 Duo
465 5031 641 5091 Laud.
675 5040 727 5090 et
756 5032 875 5103 alii,
906 5034 1026 5105 quis
1056 5034 1329 5090 suscitavit
1357 5052 1493 5092 eum.

248 5105 269 5140 ³
307 5106 657 5178 Siclegimus
679 5104 734 5160 in
751 5106 782 5164 2
805 5104 1001 5176 Laud,
1021 5107 1259 5175 Bellov.,
1283 5107 1530 5175 Ehroic.,
1553 5107 1781 5177 Pratel.,

182 5178 349 5233 etc.In
371 5178 561 5233 Editis
580 5186 634 5233 et
654 5178 712 5233 in
732 5178 1204 5251 Germ.omittitur
1216 5186 1399 5251 non,et
1414 5178 1787 5251 interpunctio

182 5256 389 5323 mutata
417 5257 507 5323 est
535 5266 734 5323 magno
763 5250 1195 5323 sensusdamno,
1215 5250 1307 5323 qui
1331 5268 1399 5305 cx
1422 5250 1608 5307 nostra
1630 5251 1785 5307 resti-

181 5320 391 5394 tutione
422 5321 490 5379 ﬁt
517 5320 779 5393 optimus.
809 5322 1066 5394 Explicat
1088 5320 1309 5379 sanctus
1334 5325 1648 5378 Doctor‘nec
1662 5341 1808 5394 per-.

183 5393 434 5465 transivit
459 5410 699 5465 peream
734 5395 916 5465 lceena,
947 5393 1105 5464 cujus
1136 5394 1360 5449 nomine
1377 5393 1677 5450 Ecclesiam
1710 5394 1789 5449 d1-

180 5463 254 5519 cit
273 5481 391 5521 esse
420 5463 860 5537 intelligendam.
886 5466 957 5520 Et
977 5463 1231 5537 quamvis
1259 5466 1325 5521 de
1356 5465 1459 5521 hac
1488 5468 1657 5520 leaena
1678 5482 1788 5521 non

182 5537 359 5614 possit
377 5535 550 5592 asseri
581 5535 843 5614 quodper
868 5535 1113 5614 Iudaeam
1137 5553 1255 5614 non
1287 5538 1567 5614 transierit
1592 5538 1789 5607 (trans-

183 5606 244 5680 iit
271 5608 426 5664 enim
460 5606 839 5680 conversiis’ad
869 5607 1033 5664 ﬁdem
1064 5608 1306 5680 primum
1324 5609 1524 5675 tribus,
1548 5617 1787 5680 postmo-

182 5678 321 5753 dum,
335 5680 588 5753 quinque
600 5679 915 5753 Iudaeorum
934 5678 1227 5753 millibus),
1246 5688 1301 5735 at
1318 5698 1426 5753 non
1447 5678 1786 5753 pertransiit,

185 5752 329 5823 quod
354 5750 572 5809 inﬁcit
598 5750 669 5807 ad
698 5752 806 5812 loci
823 5751 990 5823 hujus
1009 5750 1543 5823 interpretationem.
1578 5752 1786 5808 Distin-

186 5822 299 5894 guit
328 5841 465 5898 ergo
496 5829 719 5880 sanctus
748 5822 1044 5899 GregOrius
1074 5822 1219 5880 inter
1272 5825 1503 5879 transire
1558 5831 1611 5879 et
1653 5840 1788 5894 per-

1901 4658 2029 4731 quia
2053 4659 2288 4715 humilia
2316 4657 2479 4730 elegit
2504 4676 2514 4714 :
2550 4659 2777 4729 Inﬁrma
2806 4656 2943 4712 enim
2959 4656 3142 4712 mundi
3162 4654 3313 4727 elegit
3334 4656 3500 4721 Deus,

1900 4756 1957 4805 ut
1993 4749 2333 4821 confunderet
2359 4748 2531 4821 fortia
2562 4749 2613 4820 (Ι
2634 4748 2759 4805 Cor.
2793 4765 2833 4817 ι,
2854 4747 2971 4819 27).
2998 4744 3499 4819 Viditpretiosum,

1898 4856 2024 4896 cum
2055 4833 2354 4896 humanam
2383 4838 2624 4895 animam
2655 4837 2721 4894 de
2752 4854 2806 4895 se
2835 4835 3047 4909 abjecta
3068 4835 3369 4910 sapientem
3385 4848 3502 4906 gra-

1901 5039 2330 5179 ίνίῗιῗιῗθὲάίιξε,
2386 5107 2465 5163 vel
2510 5107 2650 5163 cette.
2711 5104 3007 5179 Sequinml'
3061 5101 3189 5179 Μξεο
3249 5098 3499 5179 Α¹¹8¹ίὲεν

1898 5178 2112 5248 Norm.,
2138 5172 2333 5235 Gallic.
2360 5179 2501 5235 Vide
2532 5195 2652 5251 quae
2682 5172 3096 5236 observavimus
3122 5173 3159 5229 l.
3186 5188 3304 5242 xxv,
3329 5188 3377 5230 ο.
3410 5172 3500 5241 53,

1898 5266 1953 5304 Π·
1974 5251 2114 5379 ‘6Ita
2144 5323 2446 5390 Bellovac,
2468 5320 2666 5389 Laud.,
2688 5321 2877 5376 Norm.
2910 5324 2964 5373 et
2993 5314 3087 5375 alii
3113 5336 3127 5386 ;
3151 5316 3325 5387 Editi,
3346 5317 3401 5372 in
3423 5318 3500 5374 al-

1903 5400 2056 5521 ίωέῑέ
2077 5465 2247 5521 Laud.
2282 5466 2446 5520 aliam
2477 5463 2621 5519 hanc
2649 5462 2773 5519 lect.
2808 5469 3055 5530 annotat,
3082 5464 3426 5520 transierunt.

1973 5538 1994 5570 ⁶
2025 5538 2261 5605 Gemct.,
2294 5537 2504 5602 Germ.,
2537 5533 2700 5590 Corb.
2727 5535 2911 5591 Germ.
2937 5541 2992 5590 et
3020 5533 3137 5604 alii,
3169 5542 3217 5591 et
3242 5534 3424 5589 mittet.

1971 5609 1991 5684 ἶ
2023 5609 2220 5684 Laud,
2248 5608 2415 5684 _Corb.
2451 5608 2635 5684 Germ.
2670 5614 2731 5684 et
2753 5608 3161 5684 l\_lorm.,«tquie.
3317 5674 3368 5684 Η

1973 5680 1993 5713 ⁸
2025 5680 2185 5736 Corb.
2208 5676 2432 5749 Germ,
2464 5680 2680 5749 Norm.,
2713 5681 2737 5736 1
2772 5678 2943 5737 Laud.
2970 5676 3262 5747 et’Germ.,
3283 5676 3500 5748 abjecto

1896 5768 2016 5820 pro,
2046 5751 2270 5821 habent,
2300 5751 2593 5825 aliquando
2622 5752 2809 5824 eligere
2832 5749 3075 5824 ponitur.
