3946 6382
371 287 384 302 ο
424 339 487 394 71
1621 325 1872 383 SANCTI
1910 323 2248 381 GREGORII
2285 322 2514 378 MAGNI
3667 319 3732 378 72

422 461 514 516 tiae
543 477 655 517 sua:
684 455 1055 513 illustratione
1082 453 1344 526 respexit.
1377 455 1458 510 De
1485 467 1593 525 qua
1620 451 1882 508 videlicet
1909 450 2023 506 ani-
2052 451 2106 512 Α
2139 449 2274 521 legis
2301 447 2470 504 verba
2496 454 2868 519 cognosceret,
2891 444 2986 502 sed
3015 441 3260 516 ejusdem
3275 441 3584 500 claritatem
3604 444 3735 518 legis

424 567 510 605 ma
547 551 559 584 ¹
580 563 674 620 per
693 545 1018 619 prophetam
1041 543 1284 600 dicitur:
1314 543 1372 600 Si
1391 541 1720 612 separaveris
1738 539 2028 610 pretiosum

421 659 458 696 a
482 638 596 704 vili,
627 637 783 709 quasi
801 653 858 690 os
878 651 1051 690 meum
1072 635 1179 690 eris
1207 634 1428 701 (Jerem.
1452 648 1552 699 xv,
1577 631 1692 700 19).
1715 629 1856 686 Vilis
1872 629 2028 701 quip-

421 744 487 800 pe
527 730 644 784 Deo
685 733 768 781 est
813 723 1056 781 mundus
1107 740 1368 795 praesens,
1415 720 1652 794 pretiosa
1689 736 1820 775 vero
1867 718 1918 774 ei
1947 725 2030 774 est

421 816 609 875 anima
649 815 912 871 humana.
955 813 1061 880 Qui
1101 829 1229 886 ergo
1257 809 1555 886 pretiosum
1586 827 1618 864 a
1653 808 1755 864 vili
1793 815 2027 879 separat,

423 906 578 981 quasi
611 923 672 962 os
699 903 924 962 Domini
955 911 1206 972 vocatur,
1239 903 1368 976 quia
1395 917 1489 972 per
1531 916 1657 955 eum
1687 901 1834 954 Deus
1861 897 2030 953 verba

423 1013 523 1055 sua
549 995 746 1064 exerit,
778 995 873 1068 qui
907 993 974 1050 ab
1011 1009 1198 1049 amore
1227 989 1512 1064 praesentis
1539 987 1726 1046 saeculi
1755 986 2030 1060 loquendo

426 1087 448 1122 ³
495 1103 616 1160 quae
661 1092 862 1157 potest,
906 1083 1202 1139 humanam
1247 1081 1488 1137 animam
1531 1077 1738 1133 evellit.
1785 1077 1855 1131 Et
1903 1075 2068 1148 quia-

425 1177 560 1235 novi
589 1175 924 1232 Testamenti
945 1173 1197 1230 doctores
1211 1172 1279 1228 ad
1296 1172 1400 1227 hoc
1417 1187 1589 1242 usque
1607 1167 1856 1242 perducti
1879 1174 2028 1234 sunt,

427 1273 492 1322 ut
521 1266 766 1322 occultas
795 1281 1012 1337 quoque
1042 1262 1425 1333 allegoriarum
1465 1258 1728 1330 caligines
1766 1257 1824 1312 in
1857 1255 2030 1312 veteri

425 1353 774 1410 Testamento
801 1351 1093 1418 rimentur,
1126 1358 1268 1406 recte
1298 1347 1585 1404 subditur:

782 1458 1009 1514 CAPUT
1039 1458 1283 1512 XXXIX
1314 1456 1457 1529 [Rea
1491 1454 1672 1526 XXI].

496 1546 665 1602 Vnus.
701 1547 786 1600 11.
817 1576 888 1586 -
911 1545 1192 1614 Profunda
1223 1562 1428 1614 quoque
1452 1544 1739 1614 ﬂuviorum
1763 1546 2032 1596 scrutatus

425 1641 518 1700 est,
549 1641 598 1689 et
615 1633 919 1689 abscondita
943 1634 1205 1705 producit
1233 1633 1290 1686 in
1321 1635 1502 1687 lucem.

495 1725 584 1780 60.
621 1725 762 1779 Deus
803 1723 1104 1778 doctoribus
1133 1723 1301 1777 sacris
1323 1722 1598 1794 profunda
1642 1727 1689 1775 et
1727 1718 2034 1774 abscondita

2136 538 2460 594 omnimodo
2488 554 2600 593 non
2633 536 2864 592 videret.
2902 534 3056 592 Unde
3103 539 3246 590 recte
3278 540 3333 589 et
3376 550 3473 606 per
3508 535 3734 593 Paulum

2137 629 2379 685 dicitur:
2417 631 2585 698 Usque
2613 626 2669 680 in
2717 626 3031 681 hodiernum
3067 623 3206 678 enim
3231 623 3369 678 diem
3405 639 3523 678 cum
3552 625 3736 695 legitur

2136 720 2360 791 Moyses,
2392 720 2624 774 velamen
2651 722 2727 770 est
2746 715 2978 787 positum
2997 730 3157 785 super
3179 730 3272 768 cor
3298 729 3480 768 eorum
3497 714 3591 784 (II
3609 715 3734 772 Cor.

2138 827 2224 879 ιιι,
2261 811 2374 882 15).
2407 809 2512 865 Sed
2543 807 2672 880 quia
2701 806 2849 863 dicta
2871 803 2974 862 Dei
3003 805 3322 860 nullatenus
3349 803 3469 860 sine
3499 802 3616 876 ejus
3644 819 3737 862 sa-

2137 900 2344 974 pientia
2373 905 2728 971 penetrantur
2755 898 2782 967 (
2787 895 2895 952 nisi
2921 895 3070 952 enim
3101 895 3196 968 qui
3226 893 3482 967 spiritum
3510 893 3630 967 ejus
3655 912 3737 953 ac-

2139 987 2366 1061 ceperit,
2415 985 2534 1058 ejus
2573 987 2730 1042 nullo
2772 983 2936 1040 modo
2981 984 3146 1040 verba
3175 983 3492 1056 cognoscit),
3521 992 3739 1042 sanctus

2139 1078 2228 1133 vir
2257 1077 2323 1133 de
2349 1074 2730 1147 investiganda
2759 1073 2946 1130 eadem
2975 1072 3080 1130 Dei
3107 1073 3377 1146 sapientia
3407 1073 3576 1130 verba
3602 1073 3740 1130 sub-

2134 1167 2341 1240 jungit,
2375 1167 2566 1223 dicens
2589 1184 2600 1221 :

2368 1273 2596 1330 CAPUT
2621 1274 2717 1330 XL
2749 1271 2887 1347 [νει.
2920 1273 3119 1340 XXIV,
3148 1273 3266 1330 Rec.
3300 1271 3510 1346 XXII].

2213 1365 2384 1420 Vnus.
2421 1365 2600 1421 12-15.
2649 1395 2720 1405 —
2769 1363 3039 1435 Sapientia
3081 1380 3204 1418 vero
3234 1363 3323 1418 ubi
3369 1364 3656 1431 invenitur,
3699 1371 3744 1421 et

2141 1456 2258 1527 quis
2287 1462 2360 1510 est
2390 1457 2530 1511 locus
2556 1455 2912 1525 intelligentia
2931 1457 2958 1510 ?
2987 1455 3164 1511 Nescit
3182 1455 3334 1510 homo
3356 1455 3592 1526 pretium
3611 1455 3742 1524 eius,

2140 1564 2228 1600 nec
2247 1547 2512 1600 invenitur
2533 1546 2586 1600 in
2604 1552 2748 1601 terra
2763 1545 2998 1600 suaviter
3019 1545 3318 1601 viventium.
3338 1545 3577 1618 Abyssus
3598 1545 3742 1600 dicit:

2142 1637 2262 1692 Non
2290 1643 2363 1690 est
2383 1636 2439 1689 in
2466 1653 2566 1700 me,
2596 1641 2644 1690 et
2669 1652 2817 1691 mare
2841 1634 3094 1706 loquitur:
3127 1635 3249 1690 Non
3275 1640 3351 1689 est
3375 1652 3596 1691 mecum.
3629 1635 3748 1690 Non

2142 1727 2358 1781 dabitur
2385 1744 2580 1782 aur-um
2596 1727 2849 1797 obrysum
2863 1743 2966 1798 pro
2986 1743 3044 1782 ea
3050 1768 3066 1795 ,
3097 1742 3188 1781 nec
3209 1727 3540 1798 appendetur
3566 1743 3746 1798 argen-

427 1814 556 1885 legis
585 1831 646 1868 ac
667 1813 1054 1885 prophetarum
1094 1813 1364 1868 revelavit.
1397 1842 1468 1852 —
1497 1809 1642 1877 Quid
1677 1825 1913 1881 namque
1943 1807 2037 1864 hic
2063 1811 2110 1870 B
2147 1822 2256 1871 tum
2285 1816 2340 1870 in
2369 1817 2770 1871 commutatio-ne
2793 1815 2926 1886 ejus.

427 1901 581 1959 aliud
611 1901 840 1958 ﬂumina
868 1903 976 1959 nisi
1005 1911 1100 1958 aut
1129 1919 1368 1974 quorum
1390 1903 1614 1956 Patrum
1644 1899 1793 1956 dicta
1826 1915 2032 1954 nuncu-

424 1999 628 2064 pantur
649 1991 676 2047 ?
697 1990 833 2058 Quis
861 1991 1007 2046 enim
1039 2008 1266 2063 pensare
1295 1989 1532 2046 suﬂiciat
1553 2005 1716 2061 quam
1738 1987 2033 2042 vehemens

425 2079 652 2148 ﬂuvius,
697 2079 828 2134 dum
873 2080 1047 2151 legem
1096 2079 1376 2147 conderet,
1423 2081 1444 2114 ³
1493 2095 1560 2134 ex
1608 2084 1826 2149 pectore
1854 2073 2032 2146 Moysi

425 2168 643 2240 erupit;
675 2185 839 2241 quam
873 2169 1172 2224 vehemens
1199 2168 1404 2223 ﬂuvius
1446 2184 1517 2222 ex
1545 2167 1719 2223 David
1751 2165 1912 2222 corde
1943 2164 2032 2220 de-

426 2256 618 2323 ﬂuxit;
655 2265 860 2329 quanta
892 2274 924 2312 a
961 2258 1270 2312 Salomonis
1301 2273 1393 2312 ore
1422 2265 1585 2328 atque
1615 2256 1863 2312 omnium
1897 2272 2034 2327 pro—

426 2345 724 2416 phetarum
742 2345 1033 2400 ﬂuminum
1050 2347 1254 2400 ﬂuenta
1271 2347 1595 2401 manarunt?
1609 2346 1712 2400 Sed
1724 2345 1920 2399 horum
1935 2344 2031 2399 ﬂu-

426 2435 642 2491 minum
675 2436 863 2491 Judeea
901 2435 1135 2507 speciem
1167 2437 1368 2504 tenuit,
1400 2436 1531 2491 dum
1564 2436 1757 2490 litterae
1790 2435 2034 2505 superli-

425 2523 565 2580 ciem
618 2541 864 2592 servans,
913 2542 1104 2581 eorum
1152 2525 1425 2598 profunda
1467 2525 1722 2581 nescivit.
1761 2527 1870 2580 Nos
1901 2540 2032 2578 vero

427 2613 522 2685 qui
545 2613 803 2669 veniente
831 2615 1069 2670 Domino
1098 2615 1156 2670 in
1186 2615 1265 2670 eis
1293 2615 1510 2670 interna
1540 2613 1808 2684 spiritalia
1837 2612 2033 2684 quaeri-

427 2718 573 2768 mus,
603 2718 794 2757 eorum
825 2702 1102 2773 profunda
1122 2702 1413 2760 rimamur.
1446 2703 1734 2774 Quodipse
1761 2703 2034 2758 Dominus

423 2791 604 2848 facere
633 2791 862 2860 dicitur,
891 2793 1019 2866 quia
1047 2793 1106 2849 id
1135 2810 1237 2849 nos
1265 2811 1420 2865 agere
1448 2794 1567 2865 ipso
1606 2795 1842 2849 donante
1884 2811 2038 2866 prae—

429 2879 698 2936 valemus.
729 2881 831 2936 Per
857 2897 958 2938 nos
987 2899 1115 2954 ergo
1136 2882 1231 2956 qui
1254 2900 1364 2938 non
1399 2883 1636 2937 litteram
1667 2898 1784 2954 quze
1805 2881 2030 2948 occidit,

427 2969 522 3026 sed
551 2969 810 3042 spiritum
830 2971 922 3044 qui
952 2972 1200 3030 viviﬁcat
1217 2973 1520 3044 sequimur,
1551 2973 1823 3044 profunda
1839 2971 2034 3028 ﬂuvio-

424 3075 548 3114 rum
579 3060 850 3132 Domin_us
879 3069 1175 3130 scrutatur,
1203 3068 1255 3116 et
1275 3061 1597 3117 abscondita
1623 3061 1682 3115 in
1705 3061 1879 3114 lucem
1913 3076 2034 3132 pro-

423 3147 599 3216 ducit,
629 3149 761 3222 quia
774 3125 929 3204 dicta
954 3150 1111 3220 legis,
1129 3125 1250 3223 qua:
1273 3151 1574 3222 caliginosa
1603 3148 1772 3204 nimis
1802 3125 2033 3204 historia
2068 3180 2111 3240 Ο

424 3237 704 3304 obscurat,
749 3253 900 3292 nunc
929 3237 1204 3309 expositio
1236 3240 1501 3312 spiritalis
1544 3239 1844 3295 illuminat.
1877 3237 2032 3293 Unde

425 3334 478 3382 et
511 3327 742 3399 loquens
772 3325 830 3380 in
860 3325 1135 3397 parabolis
1163 3346 1260 3400 per
1285 3330 1648 3401 Evangelium
1681 3328 1896 3384 Veritas
1937 3325 2052 3414 di-.

423 3413 654 3487 scipulis
682 3415 962 3487 prrecepit,
985 3415 1174 3472 (licens
1197 3435 1208 3474 :
1239 3419 1392 3486 Quod-
1411 3419 1524 3473 dico
1545 3419 1688 3472 vobis
1717 3417 1771 3471 in
1790 3415 2030 3484 tenebris,

425 3505 580 3560 dic-ite
615 3505 671 3559 in
707 3505 935 3568 lumine;
963 3513 1011 3560 et
1050 3508 1191 3577 quod
1227 3507 1287 3562 in
1318 3525 1450 3564 aure
1491 3508 1712 3572 auditis,
1751 3507 2035 3578 prcedicate

425 3611 584 3667 super
613 3601 739 3650 tecta
774 3595 986 3667 (Matth.
1013 3613 1074 3664 x,
1095 3597 1212 3668 27).
1238 3599 1478 3669 ‘Aperte
1507 3611 1744 3669 namque
1774 3595 1922 3651 dicta
1942 3611 2034 3648 ex-

425 3685 748 3758 ponentium
781 3686 1030 3742 fecerunt
1059 3686 1221 3742 nobis
1250 3704 1366 3743 esse
1404 3686 1517 3758 jam
1548 3685 1871 3756 conspicuas
1899 3699 2035 3739 sen—

424 3774 626 3830 tentias
666 3775 1021 3848 antiquorum
1072 3776 1316 3832 Patrum.
1361 3777 1516 3832 Unde
1557 3775 1724 3831 Isaias
1769 3773 2035 3846 propheta

425 3864 589 3936 plana
609 3872 810 3921 sancta)
828 3866 1088 3922 Ecclesia:
1106 3865 1470 3938 expositionis
1485 3865 1650 3920 verba
1667 3864 2031 3934 conspiciens,

423 3961 480 4009 et
524 3971 636 4011 non
679 3955 1068 4028 allegoriarum
1110 3955 1354 4011 tenebris
1399 3955 1652 4022 obscura,
1704 3951 2036 4009 exclamavit

422 4043 642 4100 dicens:
663 4045 1130 4115 Locus/luviormn
1159 4045 1268 4098 rivi
1290 4044 1534 4100 latissimi
1561 4050 1608 4100 et
1621 4049 1856 4115 patentes
1875 4041 2031 4113 (Isai.

423 4147 630 4200 χχχιιι,
661 4133 778 4203 21).
811 4133 1151 4189 Testamenti
1179 4134 1328 4190 enim
1357 4135 1560 4192 veteris
1581 4135 1727 4192 dicta.
1757 4131 1912 4206 quasi
1941 4149 2036 4187 an-

425 4220 568 4292 gusti
617 4227 672 4274 et
711 4218 887 4276 clausi
936 4221 1043 4275 rivi
1099 4222 1336 4293 fuerant,
1387 4225 1479 4297 qui
1537 4226 1834 4280 immensas
1888 4225 2038 4283 584

424 4317 673 4374 scientiae
731 4307 842 4372 suae
899 4317 1198 4375 sententias
1266 4322 1590 4378 collectione
1647 4318 2035 4376 obscurissima

425 4407 900 4479 constringebant.
934 4411 1006 4464 At
1035 4418 1225 4466 contra
1263 4411 1517 4470 doctrina
1545 4418 1744 4467 sancite
1776 4407 2034 4464 Ecclesiae

425 4495 535 4552 rivi
571 4504 624 4553 et
654 4498 752 4554 lati
783 4506 834 4553 et
867 4507 1112 4572 patentes
1141 4511 1291 4570 sunt,
1325 4503 1452 4575 quia
1480 4501 1598 4574 ejus
1627 4500 1772 4556 dicta
1802 4505 1854 4554 et
1883 4497 2034 4552 inve-

427 4585 714 4644 nientibus
734 4590 907 4644 multa
929 4598 1057 4646 sunt
1076 4599 1129 4646 et
1159 4592 1534 4664 quaerentibus
1550 4591 1730 4662 plana.
1757 4587 1850 4643 Ait
1866 4603 1992 4658 ergo
2018 4604 2030 4642 :

425 4675 710 4746 Profunda
739 4679 1023 4747 ﬂuviorum
1058 4689 1323 4736 scrutatus
1353 4689 1446 4744 est,
1491 4687 1538 4734 et
1564 4677 1865 4733 abscondita
1893 4695 2033 4748 pro-

425 4767 584 4822 duxit
609 4767 668 4822 in
699 4769 880 4824 lucem.
915 4771 1054 4838 Quia
1083 4772 1216 4828 dum
1247 4771 1362 4828 suis
1391 4769 1800 4841 expositoribus
1830 4768 2032 4824 intelli-

427 4856 622 4929 gentize
665 4857 922 4929 spiritum
973 4861 1200 4930 infudit,
1234 4861 1491 4933 antiquas
1520 4861 1540 4894 ⁵
1582 4860 2030 4931 prophetantium

425 4947 786 5004 obscuritates
814 4951 1047 5020 aperuit.
1083 4953 1154 5004 Et
1177 4949 1283 5006 hoc
1304 4949 1419 5020 jam
1449 4957 1637 5005 sancta
1666 4949 1909 5006 Ecclesia
1936 4965 2032 5020 per

426 5035 678 5105 spiritum
709 5039 978 5110 agnoscit,
1011 5037 1159 5109 quod
1189 5038 1474 5109 Synagoga
1495 5037 1647 5110 prius
1676 5055 1772 5109 per
1793 5039 2028 5094 litteram

428 5123 730 5196 intelligere
761 5125 991 5182 omnino
1021 5142 1133 5182 non
1165 5127 1360 5181 valuit.
1395 5126 1548 5183 Unde
1580 5135 1633 5181 et
1660 5129 1872 5200 Moyses
1901 5145 2028 5184 cum

428 5214 630 5284 populo
653 5216 971 5286 loqueretur
989 5217 1192 5290 (Exod.
1212 5233 1412 5283 xxxrv,
1437 5218 1556 5288 33),
1574 5217 1766 5274 faciem
1789 5218 2026 5286 velabat,

429 5308 491 5358 ut
519 5301 780 5358 videlicet
809 5303 1118 5376 designaret
1149 5306 1297 5380 quod
1326 5305 1420 5362 ille
1449 5305 1761 5362 Judaeorum
1792 5308 2028 5380 populus

429 5499 768 5625 diC’IGernL,
795 5493 907 5552 duo
936 5497 1136 5570 Laud.,
1155 5505 1345 5562 Norm.
1379 5513 1433 5562 et
1460 5504 1574 5574 alii,
1594 5525 1692 5580 per
1717 5509 2032 5580 prophetam

465 5597 468 5600 ’
518 5591 574 5625 l.

500 5591 574 5626 ιιι.

500 5645 523 5714 ξ
615 5637 818 5714 Laud.,
851 5653 1010 5706 quam
1034 5649 1202 5714 potest
1229 5648 1508 5706 humanam
1535 5653 1790 5707 animam.

500 5711 522 5794 ξ
616 5707 817 5794 Laud”
849 5725 914 5762 ex
938 5707 1141 5794 pectore
1167 5719 1336 5794 Moysi
1362 5740 1451 5778 ore
1467 5726 1661 5794 erupit.

506 5783 526 5815 ⁵
557 5779 718 5838 Corb.
772 5779 984 5853 Germl,
1028 5779 1328 5862 Beccens'is,
1380 5796 1519 5854 Utio.
1558 5779 1631 5852 ‘et
1673 5793 1793 5861 alii,
1844 5796 2034 5864 aperta

2213 1906 2302 1960 61.
2333 1906 2614 1976 Sapientice
2628 1905 2726 1961 Dei
2743 1907 2882 1961 locus
2903 1912 2950 1960 et
2962 1905 3194 1977 pretium
3213 1904 3484 1977 assignari
3505 1921 3614 1960 non
3629 1921 3747 1975 pos-

2142 2000 2282 2049 sunt.
2315 2025 2386 2035 —
2413 1995 2726 2051 Notandum
2761 1996 2914 2066 prius
2941 2003 3025 2050 est
3056 1995 3204 2068 quod
3233 1994 3344 2050 duo
3373 1998 3395 2030 ⁶
3425 1995 3532 2050 sibi
3553 2011 3748 2067 propo-

2140 2082 2272 2151 suit,
2304 2091 2357 2138 et
2377 2083 2487 2140 duo
2508 2084 2693 2140 subdit
2712 2083 3110 2156 respondendo.
3133 2083 3219 2139 Ad
3259 2083 3316 2140 id
3336 2101 3576 2157 namque
3602 2081 3747 2157 quod

2142 2173 2393 2245 superius
2421 2173 2598 2228 dixit:
2645 2174 2916 2244 Sapientia
2959 2191 3080 2228 vero
3111 2173 3200 2228 ubi
3235 2173 3524 2241 invenitur,
3557 2179 3606 2228 et
3632 2172 3750 2243 quis

2141 2269 2214 2317 est
2247 2264 2386 2317 locus
2416 2263 2770 2334 intelligentia:
2789 2265 2815 2318 ?
2835 2265 2946 2319 Isto
2967 2279 3131 2319 versu
3161 2263 3479 2334 respondit:
3513 2263 3750 2332 Abyssus

2143 2352 2268 2405 dicit
2282 2369 2298 2406 :
2339 2353 2459 2408 Non
2487 2359 2562 2407 est
2603 2353 2658 2407 in
2687 2370 2785 2419 me,
2817 2357 2866 2406 et
2896 2369 3038 2406 mare
3081 2353 3320 2420 loquitur
3348 2370 3366 2406 :
3396 2352 3518 2408 Non
3547 2357 3623 2404 est
3649 2368 3748 2404 me-

2143 2458 2276 2495 cum.
2310 2441 2399 2496 Ad
2429 2440 2486 2496 id
2515 2457 2646 2496 vero
2675 2440 2823 2513 quod
2854 2439 3102 2496 dixerat:
3136 2441 3311 2496 Nescit
3337 2441 3490 2495 homo
3515 2440 3752 2511 pretium

2143 2528 2278 2597 ejus,
2307 2546 2397 2584 nec
2419 2529 2684 2584 inve-nitur
2710 2530 2762 2583 in
2783 2537 2926 2584 terra
2945 2527 3500 2597 suaviterviventium,
3523 2527 3750 2584 inferio-

2142 2633 2256 2672 rem
2315 2634 2536 2674 versum
2588 2619 2851 2686 reddidit,
2902 2618 3124 2674 dicens:
3185 2618 3306 2673 Non
3362 2617 3583 2672 dabitur
3637 2634 3752 2673 au—

2142 2724 2264 2760 rum
2311 2707 2565 2778 obrys‘um
2600 2725 2704 2779 pro
2751 2726 2833 2772 ea,
2878 2725 2968 2762 nec
3013 2707 3342 2778 appendetur
3386 2711 3669 2776 argentum
3698 2705 3754 2759 in

2141 2796 2543 2850 commutatione
2586 2796 2720 2866 ejus.
2766 2795 2853 2852 Ad
2888 2803 3118 2867 utraque
3149 2812 3276 2866 ergo
3316 2793 3628 2866 respondit,
3657 2791 3753 2848 sed

2141 2885 2392 2956 augendo
2421 2885 2568 2958 quod
2599 2885 2891 2956 objecerat,
2924 2902 3034 2939 non
3063 2883 3348 2939 solvendo.
3377 2883 3518 2938 Cum
3541 2882 3752 2954 sapien-

2141 2973 2233 3029 tiae
2263 2990 2500 3047 namque
2530 2975 2712 3031 locum
2745 2982 3032 3046 quaereret,
3064 2988 3127 3029 ac
3167 2969 3366 3028 deinde
3404 2969 3644 3026 inferius
3672 2986 3750 3026 re-

2142 3063 2464 3135 slionderet:
2497 3063 2731 3132 Abyssus
2760 3063 2922 3117 dicit:
2972 3063 3094 3116 Non
3131 3065 3207 3114 est
3252 3059 3307 3113 in
3348 3077 3449 3127 me,
3499 3075 3616 3115 non
3656 3057 3752 3114 ubi

2143 3159 2304 3218 esset,
2347 3151 2442 3206 sed
2485 3149 2581 3204 ubi
2622 3165 2734 3204 non
2773 3155 2912 3204 esset
2953 3147 3240 3204 indicavit.
3287 3150 3498 3206 Rursus
3527 3165 3657 3205 cum
3685 3146 3752 3203 ab

2144 3239 2368 3294 homine
2400 3236 2517 3309 ejus
2547 3239 2786 3310 pretium
2817 3237 3024 3294 diceret
3053 3236 3316 3308 ignorari,
3356 3247 3525 3311 atque
3549 3238 3622 3295 ad
3649 3238 3754 3294 hoc

2145 3328 2376 3384 inferius
2415 3328 2702 3384 redderet:
2736 3328 2857 3384 Non
2897 3328 3113 3382 dabitur
3139 3347 3336 3383 aurum
3364 3329 3629 3400 obryzum
3653 3345 3752 3400 pro

2143 3434 2225 3482 ea,
2257 3433 2368 3472 non
2397 3416 2532 3490 quid
2559 3425 2700 3472 esset
2729 3415 2848 3488 ejus
2885 3416 3145 3488 pretium,
3175 3417 3271 3474 sed
3301 3417 3438 3491 quid
3471 3435 3586 3476 non
3618 3425 3756 3474 esset

2143 3505 2403 3562 ostendit.
2438 3506 2664 3562 Cunctis
2691 3515 2874 3561 autem
2905 3507 3077 3580 liquet
3106 3506 3253 3579 quod
3295 3524 3479 3580 neque
3508 3507 3631 3564 haec
3658 3505 3756 3562 hu-

2143 3612 2305 3652 mana
2325 3595 2595 3666 sapientia
2615 3597 2702 3651 vel
2724 3595 2900 3652 teneri
2919 3597 3061 3664 loco,
3084 3597 3170 3652 vel
3188 3597 3294 3652 emi
3313 3596 3539 3654 divitiis
3557 3604 3754 3670 potest.

2101 3753 2116 3765 _
2144 3686 2250 3743 Sed
2280 3685 2366 3741 vir
2395 3694 2636 3752 sanctus,
2669 3686 2922 3758 mysticis
2949 3687 3199 3742 sensibus
3237 3688 3462 3758 plenus,
3493 3689 3514 3724 ⁷
3546 3687 3618 3744 ad
3653 3686 3758 3742 alia

2144 3791 2244 3831 nos
2295 3775 2654 3848 intelligenda
2703 3774 3051 3843 transmittit,
3101 3782 3162 3831 ut
3199 3791 3311 3832 non
3357 3784 3609 3832 creatam
3665 3773 3758 3831 sed

2145 3872 2419 3921 creantem
2447 3864 2774 3937 sapientiam
2803 3865 3165 3938 requiramus.
3195 3866 3332 3922 Nam
3353 3864 3475 3922 nisi
3497 3867 3557 3922 in
3579 3864 3760 3922 verbis

2144 3952 2266 4008 istis
2296 3952 2683 4024 allegoriarum
2731 3962 2938 4010 secreta
2978 3953 3266 4023 rimemur,
3303 3971 3366 4010 ea
3403 3955 3612 4028 utique
3641 3969 3760 4028 quae

2144 4049 2452 4114 sequuntur
2487 4041 2716 4098 omnino
2761 4049 2891 4098 sunt
2921 4042 3088 4114 digna
3121 4043 3403 4116 despectu,
3439 4045 3487 4101 si
3533 4062 3604 4100 ex
3643 4043 3756 4100 sola

2145 4130 2410 4188 historica
2437 4131 2753 4188 narratione
2783 4139 3100 4204 pensentur.
3131 4132 3302 4189 Paulo
3342 4142 3470 4205 post
3515 4148 3754 4206 namque

2144 4219 2282 4276 dicit
2305 4238 2317 4276 :
2350 4221 2470 4278 Non
2493 4221 2861 4292 adwquabitur
2884 4221 2931 4276 ei
2945 4239 3139 4277 aurum
3156 4223 3234 4278 vel
3254 4223 3478 4280 vitrum.
3501 4224 3578 4279 Et
3603 4238 3752 4288 cum,

2144 4307 2288 4365 sicut
2316 4309 2596 4377 novimus,
2627 4309 2835 4365 vitrum
2865 4310 3024 4382 longe
3053 4318 3215 4384 atque
3237 4311 3594 4368 dissimiliter
3622 4325 3754 4366 auro

2144 4400 2216 4455 sit
2247 4399 2435 4468 vilius,
2465 4415 2564 4456 cur
2583 4407 2706 4470 post
2719 4399 2838 4456 auri
2859 4416 3082 4470 nomen,
3106 4402 3314 4458 metalli
3335 4403 3534 4477 utique
3555 4399 3754 4474 pretio-

2143 4490 2212 4559 si,
2243 4507 2342 4562 pro
2357 4490 2626 4546 immensa
2640 4489 2798 4546 laude
2815 4490 3022 4547 vitrum
3055 4508 3272 4566 quoque
3299 4492 3446 4549 dixit
3467 4490 3753 4565 sapientia:

2142 4596 2254 4636 non
2284 4580 2488 4652 aequari
2507 4579 2534 4634 ‘I
2563 4581 2683 4651 Ipsa
2719 4596 2848 4652 ergo
2879 4581 3075 4636 litterae
3107 4581 3435 4638 difﬁcultate
3466 4579 3752 4654 compelli-

2144 4685 2288 4738 mur,
2319 4677 2382 4724 ut
2405 4668 2473 4724 ad
2501 4667 2800 4725 sententias
2829 4669 3026 4726 horum
3058 4671 3352 4728 verborum
3373 4673 3648 4745 mysticas
3675 4667 3753 4724 vi-

2143 4761 2395 4832 gilemus.
2429 4759 2531 4816 Vir
2559 4760 2741 4832 itaque
2771 4769 2992 4817 sanctus
3031 4778 3195 4835 quam
3235 4762 3570 4835 sapientiam
3613 4777 3754 4819 con—

2141 4852 2458 4924 templatur,
2489 4851 2596 4906 nisi
2629 4868 2746 4906 eam
2779 4851 2845 4906 de
2875 4868 2980 4924 qua
3023 4853 3226 4910 Paulus
3260 4857 3548 4927 apostolus
3577 4854 3750 4912 dicit:

2146 4943 2414 4999 Christum
2444 4943 2538 4997 Dei
2580 4943 2844 5007 virtute-ni,
2876 4949 2924 4996 et
2968 4944 3062 4999 Dei
3089 4945 3402 5015 sapientiam
3448 4948 3517 5017 (Ι
3555 4947 3682 5003 Cor.
3712 4961 3751 5012 ι,

2140 5031 2238 5098 24)
2262 5031 2286 5088 '?
2311 5034 2387 5086 De
2413 5047 2520 5103 qua
2539 5047 2638 5102 per
2657 5031 3005 5088 Salomonem
3023 5033 3289 5104 scriptum
3319 5041 3401 5089 est
3426 5051 3438 5088 :
3476 5033 3750 5107 Sapientia

2140 5121 2419 5192 (edificavit
2443 5121 2543 5174 sibi
2573 5121 2783 5175 domum
2817 5121 3002 5191 (Prov.
3045 5139 3126 5190 IX,
3161 5124 3248 5196 1);
3282 5130 3336 5179 et
3363 5121 3430 5178 de
3462 5141 3576 5197 qua
3603 5123 3752 5179 Psal-

2140 5210 2303 5266 mista
2328 5209 2435 5264 ait:
2475 5210 2662 5266 Omnia
2696 5210 2748 5262 in
2777 5211 3039 5281 sapientia
3067 5211 3237 5281 fecisti
3268 5213 3444 5283 (Psal.
3479 5231 3605 5283 cm,
3636 5213 3750 5284 24).

2139 5299 2316 5371 Ilujus
2341 5296 2607 5352 nimirum
2624 5302 2769 5360 585
2787 5299 3068 5371 sapientiae
3090 5300 3257 5358 homo
3277 5299 3528 5374 pretium
3550 5301 3750 5368 nescit,

2142 5523 2260 5561 nam
2267 5523 2297 5561 (l
2306 5524 2364 5560 ue
2372 5551 2382 5561 .

2216 5523 2284 5560 1η(
2306 5524 2382 5561 ue.

2213 5579 2233 5612 ⁵
2266 5523 2450 5650 (literni.
2485 5584 2539 5632 et
2567 5578 2780 5646 Norm.,
2807 5580 3208 5650 prophetarum.
3269 5581 3274 5586 ’

2216 5650 2238 5683 ⁶
2265 5648 2531 5716 Vindoc.,
2572 5651 2675 5704 duo
2701 5651 2794 5705 ibi.

2215 5720 2233 5755 7
2267 5719 2528 5786 Vindoc.,
2559 5722 2630 5776 ad
2657 5721 2824 5777 aliaat
2852 5737 2944 5778 nos
2975 5722 3394 5795 intelligentiam.
