3946 6370
193 351 248 409 73
967 349 1338 407 MUHALIUM
1378 351 1512 410 Lm.
1546 353 1748 409 XVIII.
1787 381 1859 395 --
1894 353 2124 413 CAPUT
2163 357 2400 414 XXVIII
2441 360 2502 415 ιι.
2545 361 2688 418 JOB.
3411 368 3476 422 τι.

191 477 304 553 quia
337 471 465 566 nihil
496 470 728 566 dignum
751 472 1122 566 aestimatione
1167 474 1322 533 illius
1353 475 1590 566 invenit.
1634 479 1756 535 Non
1784 479 1836 540 A
1863 481 2310 553 praecedentibus
2339 483 2554 541 meritis
2581 485 2894 558 redemptos
2923 506 2981 546 se
3010 507 3124 549 esse
3145 493 3474 566 gloriantur.

188 572 347 623 autem
387 561 487 618 hoc
531 561 814 634 sapientiae
860 563 1095 635 pretium
1145 571 1200 620 et
1247 581 1364 621 esse
1407 565 1613 624 dicitur
1646 570 1661 603 ί
1703 577 1759 626 et

191 652 380 720 nesciri,
407 649 498 708 sed
543 649 752 710 idcirco
792 651 1019 721 nesciri,
1050 652 1181 727 quia
1217 653 1368 710 deest
1405 672 1416 710 :
1451 671 1516 711 eo
1541 657 1758 716 scilicet

185 740 413 816 loquendi
441 756 658 813 genere,
688 758 799 814 quo
828 741 887 798 in
909 743 1177 816 angustiis
1191 743 1422 817 quisque
1441 743 1758 818 deprehen-

181 851 278 903 sus,
303 849 419 890 cum
449 831 756 888 remedium
785 833 1169 890 subventionis
1193 851 1304 891 non
1329 834 1566 906 invenit,
1593 837 1754 896 fateri

178 924 298 980 solet
324 921 445 996 quia
472 921 608 995 quid
647 921 814 979 faciat
847 924 1039 980 nescit.

237 1012 316 1070 62.
347 1011 560 1068 Nullius
586 1011 710 1067 boni
740 1012 914 1084 operis
949 1014 1136 1070 merito
1181 1015 1412 1072 debetur.
1456 1047 1528 1059 —
1575 1017 1754 1091 Hujus

173 1117 286 1174 ergo
323 1099 598 1173 sapientiae
643 1100 881 1172 pretium
940 1101 1174 1170 nescire,
1233 1111 1317 1160 est
1367 1104 1521 1178 digni
1573 1107 1754 1179 operis

172 1192 406 1249 meritum
445 1208 557 1265 quo
589 1191 740 1248 illam
773 1194 1039 1266 percipiat
1074 1211 1186 1251 non
1219 1195 1490 1253 invenire.
1525 1197 1614 1254 Ad
1647 1197 1752 1254 hoc

169 1297 382 1355 namque
423 1281 665 1354 pretium
709 1281 927 1352 damus,
985 1291 1047 1340 ut
1090 1282 1210 1356 ejus
1255 1285 1374 1342 vice
1422 1303 1538 1342 rem
1585 1303 1751 1360 quam

167 1375 451 1447 appetimus
491 1375 774 1449 possidere
805 1377 826 1411 ²
873 1375 1188 1433 debeamus.
1241 1377 1386 1446 Quid
1427 1386 1612 1434 autem
1652 1395 1751 1435 nos

163 1463 398 1520 dedimus
415 1472 480 1521 ut
495 1463 640 1522 hanc
659 1464 1006 1538 sapientiam,
1038 1482 1158 1540 quae
1189 1465 1443 1524 Christus
1469 1475 1552 1524 est
1571 1467 1748 1539 (Rom.

164 1569 234 1621 ιιι,
250 1553 328 1626 6),
342 1555 622 1627 percipere
647 1571 985 1612 mereremur
998 1556 1026 1613 ?
1051 1556 1240 1613 Gratia
1259 1556 1464 1630 quippe
1479 1557 1750 1629 redempti

159 1663 355 1704 sumus.
389 1649 491 1705 Illa
521 1665 757 1722 namque
783 1649 898 1706 sola
926 1665 1090 1720 opera
1118 1649 1261 1704 male
1302 1649 1546 1706 vivendo
1583 1648 1752 1706 dedi-

164 1753 298 1806 mus,
319 1737 518 1811 quibus
545 1739 589 1795 si
603 1737 754 1811 justa
778 1737 1070 1796 retributio
1099 1747 1430 1808 servaretur,
1453 1756 1566 1796 non
1591 1739 1750 1797 Chri-

1865 570 2114 639 Quorum
2170 573 2418 645 profecto
2489 575 2722 632 assertio
2779 575 3064 636 invenitur
3117 581 3478 658 sibimetipsis

1864 659 2158 730 contraria,
2190 661 2320 736 quia
2359 662 2492 720 dum
2537 670 2592 720 et
2636 662 2962 723 innocentes
3009 681 3066 723 se
3111 681 3379 742 asserunt,
3423 681 3480 732 et

1864 751 2201 824 redemptos,
2250 750 2358 809 hoc
2406 752 2590 826 ipsum
2637 753 2699 810 in
2741 771 2798 812 se
2841 755 3238 830 redemptionis
3274 759 3478 822 nomen

1863 849 2158 898 evacuant.
2191 840 2387 898 Omnis
2417 858 2656 917 namque
2687 844 2784 918 qui
2813 845 3134 916 redimitur,
3165 865 3236 906 ex
3293 850 3478 925 aliqua

1864 929 2055 1000 procul
2085 928 2256 986 dubio
2285 930 2612 1003 captivitate
2653 932 2942 991 liberatur.
2976 935 3131 992 Unde
3160 953 3287 1010 ergo
3316 939 3478 1012 quili-

1862 1016 1955 1073 bet
1991 1017 2096 1074 iste
2125 1019 2443 1092 redemptus
2470 1028 2576 1090 est,
2609 1021 2656 1078 si
2706 1021 2861 1094 prius
2888 1041 3002 1082 non
3050 1024 3159 1083 fuit
3187 1027 3290 1084 sub
3318 1029 3480 1102 culpa

1861 1105 2158 1177 captivus?
2187 1107 2388 1181 Liquet
2417 1107 2603 1183 itaque
2649 1111 2776 1184 quia
2810 1114 3048 1170 multum
3085 1114 3288 1188 desipit
3317 1116 3480 1190 quis-

1861 1197 1986 1269 quis
2015 1197 2133 1254 haec
2175 1198 2336 1272 sapit.
2375 1200 2646 1258 Hominis
2691 1202 2894 1277 quippe
2937 1203 3196 1261 meritum
3243 1225 3478 1281 superna

1861 1292 2034 1365 gratia
2054 1311 2166 1350 non
2197 1301 2257 1349 ut
2285 1293 2473 1351 veniat
2516 1295 2754 1365 invenit,
2786 1295 2882 1353 sed
2913 1305 3205 1371 postquam
3237 1300 3474 1370 venerit,

1860 1382 2024 1450 facit;
2058 1391 2221 1456 atque
2254 1390 2308 1438 et
2336 1383 2406 1440 ad
2434 1383 2720 1458 indignam
2751 1393 2997 1442 mentem
3045 1387 3276 1445 veniens
3303 1391 3474 1459 Deus,

1859 1479 2082 1552 dignam
2114 1478 2258 1536 586
2287 1482 2392 1539 sibi
2424 1482 2654 1540 exhibet
2693 1482 3014 1551 veniendo;
3064 1491 3118 1540 et
3145 1484 3280 1544 facit
3308 1487 3365 1542 in
3414 1503 3476 1544 ea

1860 1569 2120 1626 meritum
2151 1571 2299 1645 quod
2329 1581 2664 1641 remuneret,
2697 1572 2792 1646 qui
2823 1572 2932 1630 hoc
2978 1572 3156 1630 solum
3188 1573 3476 1632 invenerat

1859 1661 2007 1733 quod
2032 1661 2277 1734 puniret.

159 1833 286 1897 stus,
313 1828 406 1885 sed
433 1829 706 1902 supplicia
732 1828 1110 1887 redderentur.
1135 1829 1240 1886 Sed
1267 1829 1422 1886 aliud
1450 1828 1618 1886 homo
1649 1847 1744 1903 per
1774 1845 1822 1908 Β
1849 1863 1862 1876 υ
1932 1840 2076 1914 [Rea
2109 1841 2215 1898 XX
2217 1840 2352 1914 III.]
2395 1841 2483 1897 64.
2517 1841 3017 1899 Prwdestinationis
3043 1843 3293 1915 gratuita:
3309 1862 3474 1901 exem-

152 1915 411 1988 justitiam
439 1920 669 1989 meruit,
701 1919 854 1976 aliud
888 1935 986 1993 per
1011 1920 1244 1992 gratiam
1273 1919 1504 1992 accepit.
1530 1921 1552 1955 ³
1576 1920 1755 1976 Teste-

159 2013 244 2062 tur
281 2006 502 2077 Paulus,
550 2008 870 2082 priusquam
903 2025 1058 2065 mens
1086 2008 1238 2065 illius
1265 2025 1452 2065 semen
1499 2009 1754 2082 gratuitae

158 2095 390 2154 \eritatis
417 2098 714 2171 acciperet,
741 2098 944 2172 quibus
969 2098 1222 2156 sensibus
1248 2105 1589 2171 premeretur
1603 2116 1752 2156 erro-

145 2179 254 2243 ris:
287 2186 388 2254 Qui
409 2189 596 2260 prius,
629 2188 834 2262 inquit,
865 2188 950 2260 fui
975 2189 1326 2260 blasphemus,
1353 2183 1410 2244 et
1425 2196 1752 2261 persecutor,

153 2281 198 2329 et
219 2277 658 2343 contumeliosus;
685 2279 774 2334 sed
811 2278 1231 2334 misericordiam
1268 2285 1568 2335 consecutus
1613 2296 1752 2348 sum,

153 2365 268 2435 quia
284 2366 544 2440 ignorans
569 2367 671 2438 feci
699 2369 754 2424 in
783 2369 1147 2425 incredulitate
1172 2369 1230 2441 (Ι
1248 2369 1382 2426 Tim.
1414 2385 1455 2436 ι,
1493 2369 1605 2440 13).
1629 2369 1754 2426 Tes-

153 2461 285 2511 tetur
335 2473 436 2530 pro
483 2457 743 2530 qualibus
783 2456 1036 2516 Christus
1093 2457 1235 2514 mori
1286 2457 1546 2530 dignatus
1596 2465 1678 2514 est
1733 2475 1747 2514 :

155 2545 275 2600 Cum
291 2548 492 2614 adhuc,
515 2547 722 2622 inquit,
736 2555 1030 2621 peccatores
1040 2566 1286 2618 essemus,
1311 2549 1595 2604 secundum
1616 2554 1754 2603 tem-

145 2649 236 2703 pus
265 2635 515 2693 Christus
537 2655 641 2710 pro
669 2638 848 2710 impiis
869 2645 1112 2694 mortuus
1135 2645 1210 2694 est
1241 2639 1416 2710 (Rom.
1449 2656 1506 2706 v,
1529 2637 1609 2709 8).
1645 2637 1752 2705 Qui

149 2737 264 2794 ergo
290 2727 556 2784 veniente
595 2727 866 2799 sapientia
891 2726 1051 2800 impii
1095 2725 1308 2783 inventi
1345 2744 1560 2796 sumus,
1616 2726 1753 2801 quid

145 2809 265 2868 boni
292 2815 482 2888 operis
513 2814 789 2884 dedimus,
820 2831 930 2888 quo
971 2815 1218 2886 accipere
1246 2815 1494 2871 eamdem
1523 2815 1750 2887 sapien-

146 2899 264 2957 tiam
294 2919 647 2958 mereremur
666 2904 695 2958 ?
717 2903 897 2974 Hujus
923 2903 1109 2976 itaque
1132 2903 1419 2974 sapientiae
1450 2903 1618 2958 homo
1631 2917 1748 2972 pre-

145 2989 269 3046 tium
294 2991 506 3058 nescit,
534 2991 664 3064 quia
687 2989 938 3064 quisquis
965 3006 997 3046 a
1023 2989 1204 3046 brutis
1224 2989 1558 3046 animalibus
1585 2989 1749 3044 ratio-

145 3079 220 3137 nis
271 3081 575 3139 intellectu
621 3081 895 3138 discretus
946 3089 1048 3149 est,
1102 3081 1368 3154 quoniam
1425 3080 1574 3156 quod
1633 3080 1750 3138 suis

143 3169 346 3228 meritis
379 3187 504 3228 non
535 3169 609 3226 sit
649 3171 893 3227 salvatus
929 3169 1213 3269 intelligit,
1260 3168 1405 3226 nihil
1433 3186 1490 3225 se
1533 3169 1746 3270 dedisse
1783 3205 1827 3266 Ο

140 3258 264 3315 boni
317 3260 511 3334 operis
551 3266 614 3316 ut
661 3259 732 3316 ad
771 3259 936 3316 ﬁdem
988 3257 1204 3315 veniret
1260 3259 1528 3332 agnoscit.
1580 3259 1746 3326 Quasi

139 3349 280 3406 enim
333 3349 407 3406 ad
469 3349 878 3422 percipiendam
933 3349 1258 3423 sapientiam
1315 3349 1555 3422 pretium
1617 3349 1746 3405 dare

139 3447 215 3494 est
256 3440 712 3512 cognoscendum
758 3443 934 3498 Deum
984 3442 1006 3476 ‘
1062 3441 1298 3499 actionis
1345 3459 1457 3500 sua:
1497 3441 1746 3500 mercede

139 3531 466 3598 praevenire.

201 3620 290 3676 63.
322 3622 527 3678 Gratia
553 3621 722 3694 gratis
747 3622 931 3688 datur,
947 3638 1054 3677 non
1081 3638 1147 3676 ea:
1173 3621 1615 3680 meritis.—Non
1632 3638 1748 3678 esse

136 3703 297 3782 hujus
333 3710 628 3784 sapientiae
671 3711 907 3784 pretium
954 3718 1306 3784 cognoverat,
1357 3712 1453 3786 qui
1481 3711 1697 3768 dicebat
1731 3730 1742 3767 :

135 3799 154 3831 ⁵
186 3800 316 3866 Quis
341 3801 514 3873 prior
526 3801 670 3855 dedit
690 3799 860 3867 illi,et
883 3801 1202 3856 retribuetur
1215 3802 1263 3856 ei
1279 3803 1306 3858 ἵ
1329 3803 1506 3872 (Rom.
1529 3818 1610 3869 ιιι,
1629 3802 1743 3875 35.)

135 3885 270 3944 llinc
299 3888 522 3944 iterum
553 3887 821 3960 scriptum
850 3895 931 3944 est
959 3905 972 3944 :
1007 3890 1028 3925 ⁸
1062 3889 1253 3946 Gratia
1293 3891 1432 3946 salvi
1466 3890 1598 3961 facti
1627 3891 1748 3946 estis

130 3991 219 4044 per
231 3978 426 4049 fidem,
460 3977 624 4033 ethoc
638 3994 746 4033 non
771 3994 837 4033 ea:
863 3978 1028 4046 vobis,
1059 3979 1148 4034 sed
1170 3977 1272 4036 Dei
1297 3981 1494 4036 donum
1513 3987 1624 4046 est;
1643 3997 1749 4036 non

133 4084 194 4122 ex
213 4069 500 4142 operibus,
532 4075 592 4125 ut
615 4085 679 4124 ne
705 4069 822 4140 quis
839 4070 1102 4142 glorietur
1141 4070 1360 4144 (Ephes.
1393 4087 1456 4138 ιι,
1487 4071 1568 4142 8).
1606 4071 1748 4128 Hinc

133 4156 194 4213 de
219 4161 533 4232 semetipso
563 4159 764 4217 iterum
805 4161 1072 4234 loquitur,
1103 4159 1294 4218 dicens
1337 4177 1350 4216 :
1409 4161 1602 4218 Gratia
1651 4161 1750 4217 Dei

133 4262 242 4304 sum
264 4250 324 4304 id
351 4251 508 4321 quod
533 4267 652 4305 sum
678 4250 744 4321 (Ι
771 4251 896 4307 Cor.
926 4267 1026 4318 xv,
1055 4249 1268 4322 tO).Ex
1299 4247 1457 4322 cujus
1483 4249 1751 4314 nimirum

131 4338 479 4409 aspiratione
509 4338 720 4412 gratias,
753 4339 884 4414 quia
909 4340 1184 4396 virtutum
1213 4334 1378 4410 opera
1405 4338 1663 4411 protinus
1689 4339 1748 4395 in

131 4428 290 4484 corde
319 4439 685 4502 generantur,
716 4437 780 4486 ut
805 4447 876 4486 ex
899 4430 1075 4488 libero
1103 4445 1322 4504 quoque
1349 4428 1582 4487 arbitrio
1609 4430 1753 4486 sub-

130 4526 392 4590 sequatur
419 4519 592 4588 actio,
613 4519 704 4576 cui
733 4527 856 4592 post
872 4519 1014 4577 hanc
1032 4520 1204 4578 vitam
1236 4519 1529 4577 retributio
1550 4527 1752 4576 interna

133 4607 486 4679 respondeat,
517 4607 670 4666 illico
699 4608 901 4682 adjecit
931 4613 1033 4667 :Et
1058 4612 1238 4682 gratia
1263 4611 1379 4681 ejus
1407 4609 1463 4665 in
1479 4627 1560 4665 me
1586 4627 1752 4666 vacua

133 4711 232 4752 non
257 4698 370 4768 fuit
403 4699 602 4772 (Ibid.,
631 4716 730 4769 xv,
763 4701 874 4773 10).
911 4699 1050 4774 [νει.
1081 4699 1277 4774 Πιξ]
1309 4699 1412 4758 Sed
1450 4707 1580 4756 sunt
1608 4717 1760 4756 non-

137 4786 270 4842 nulli
303 4790 323 4823 ⁷
358 4788 464 4862 qui
497 4804 660 4846 sanos
687 4804 744 4846 se
772 4788 889 4846 suis
919 4788 1132 4846 viribus
1179 4789 1481 4859 exsultant,
1535 4788 1757 4863 suisque

209 5023 220 5055 '
257 5023 280 5078 l
318 5022 532 5091 Laud.,
563 5029 612 5079 et
637 5025 856 5091 nescire,
895 5025 984 5080 sed
1006 5023 1202 5081 idcirco
1231 5025 1445 5080 nescire.

203 5093 225 5126 ³
250 5095 532 5160 Vindoc.,
565 5097 851 5152 valeamus.

203 5165 225 5198 ³
255 5166 338 5221 Ita
364 5167 682 5240 elegantius
721 5167 781 5240 in
821 5167 1018 5240 Laud.,
1048 5167 1264 5237 Norm.,
1307 5175 1361 5222 et
1397 5165 1543 5236 aliis,
1587 5183 1750 5240 quam

137 5240 409 5310 testatur,
421 5237 492 5294 ut
520 5237 721 5310 legitur
747 5237 820 5310 in,

206 5308 225 5383 ξ
255 5309 540 5383 Vindoc.,
566 5308 665 5383 per
719 5309 944 5365 actionis
989 5326 1099 5365 sua:
1139 5311 1422 5366 mercedem
1454 5311 1752 5383 pervenire.

139 5378 169 5432 2
197 5378 427 5452 Laud.,!
445 5378 731 5452 mercedem
755 5382 1071 5452 praevenire.

204 5451 226 5484 ⁵
263 5450 489 5523 Laud.,
519 5451 638 5522 quis
667 5450 820 5523 prius
849 5453 991 5509 dedit
1015 5452 1105 5509 ei?

199 5522 479 5650 l‘Ltaudu
507 5520 682 5595 gratis
715 5525 872 5580 salvi.
925 5523 1188 5591 Vindoc.,
1234 5523 1412 5597 gratia
1465 5521 1600 5580 enim
1637 5520 1759 5576 estis

218 5611 287 5650 ea
317 5613 358 5650 ι.

137 5594 358 5650 saluati.

204 5667 236 5745 ᾗ
258 5667 349 5722 Ita
385 5664 657 5745 Vindoc.,
705 5665 1129 5745 Corb._Ger_m.,
1184 5667 1418 5745 rl‘uron.,
1455 5667 1671 5745 Norm..
1697 5663 1760 5745 In

138 5735 314 5810 Edit,
348 5737 452 5810 qui
489 5739 664 5793 salvos
692 5755 743 5793 se
767 5756 784 5802 ;
805 5745 857 5794 at
885 5737 1084 5810 Laud.,
1114 5735 1244 5810 quia
1271 5735 1418 5793 nosse
1454 5737 1568 5810 suis
1619 5735 1762 5791 viri-

140 5806 250 5876 bus,
269 5806 413 5879 eth,
449 5825 635 5865 errore
663 5806 1234 5883 amanuensiuquui
1273 5825 1342 5866 ex
1371 5808 1499 5880 quia
1527 5823 1683 5866 sanos
1711 5823 1764 5861 se

319 5908 579 5965 l’srnou.
621 5905 874 5964 LXXVI.

1859 1931 2013 2003 plum
2039 1931 2098 1986 in
2129 1931 2337 1987 latrone
2363 1931 2592 1986 salutem
2619 1937 2908 1986 consecuta.
2932 1930 3176 1988 —Libet
3196 1931 3341 1990 inter
3359 1933 3478 1990 haec

1865 2019 2066 2077 mentis
2093 2021 2284 2076 oculos
2313 2019 2382 2076 ad
2412 2019 2574 2076 illum
2613 2021 2886 2077 latronem
2917 2020 3200 2090 reducere,
3234 2022 3255 2057 ⁸
3285 2021 3380 2096 qui
3409 2022 3476 2079 de

1863 2107 2019 2166 fauce
2049 2107 2258 2166 diaboli
2286 2108 2535 2167 ascendit
2574 2125 2816 2178 crucem,
2848 2109 2915 2164 de
2944 2125 3108 2166 cruce
3137 2109 3473 2182 paradisum.

1863 2197 2182 2254 Intueamur
2197 2197 2376 2272 qualis
2405 2197 2472 2254 ad
2490 2197 2804 2270 patibulum
2845 2198 3086 2268 venerit,
3106 2206 3161 2256 et
3181 2216 3212 2255 a
3227 2199 3476 2273 patibulo

1863 2287 2042 2359 qualis
2069 2286 2351 2344 abscessit.
2375 2285 2548 2344 Venit
2575 2303 2702 2344 reus
2734 2287 2980 2344 fraterno
3011 2287 3301 2360 sanguine,
3322 2288 3478 2346 venit

1861 2383 2145 2446 cruentus,
2179 2375 2278 2434 sed
2325 2377 2544 2434 interna
2587 2375 2761 2448 gratia
2789 2384 2873 2434 est
2912 2385 3158 2434 mutatus
3187 2377 3246 2434 in
3275 2395 3472 2447 cruce;

1861 2473 1916 2522 et
1941 2465 2035 2520 ille
2064 2464 2161 2538 qui
2190 2474 2427 2522 mortem
2475 2465 2638 2523 fratri
2686 2466 2902 2535 intulit,
2934 2467 3224 2524 morientis
3252 2467 3474 2524 Domini

1860 2557 2034 2612 vitam
2065 2556 2410 2630 praedicavit,
2441 2557 2633 2615 dicens
2668 2575 2681 2614 ε
2715 2560 2974 2617 Memento
3024 2558 3146 2624 mei,
3179 2561 3200 2594 θ
3231 2559 3475 2626 Domine,

1859 2645 1986 2701 dum
2013 2646 2220 2702 veneris
2245 2646 2305 2702 in
2351 2663 2572 2720 regnum
2623 2653 2770 2703 tuum
2802 2647 2954 2719 (Luc.
2986 2663 3152 2714 XXIII,
3183 2645 3301 2720 42).
3339 2648 3385 2682 ¹⁰
3414 2647 3477 2704 In

1859 2750 2021 2792 cruce
2039 2735 2183 2792 clavi
2215 2752 2412 2792 manus
2426 2735 2548 2807 ejus
2567 2735 2842 2809 pedesque
2864 2733 3192 2807 ligaverant,
3223 2732 3477 2807 nihilque

1860 2821 1918 2878 in
1948 2839 2012 2879 eo
2057 2840 2090 2880 a
2128 2824 2305 2896 panis
2361 2824 2598 2881 liberum
2629 2824 2736 2882 nisi
2767 2841 2863 2882 cor
2891 2831 2945 2880 et
2973 2822 3164 2897 lingua
3191 2839 3479 2880 remanse—

1858 2920 2000 2967 rant.
2052 2914 2361 2984 Inspirante
2392 2917 2507 2972 Deo
2537 2922 2718 2972 totum
2739 2911 2835 2972 'illi
2867 2915 3109 2986 obtulit,
3141 2913 3291 2988 quod
3319 2913 3378 2971 in
3421 2931 3478 2970 se

1858 2998 2096 3076 liberum
2127 2999 2373 3069 invenit,
2420 3010 2484 3058 ut
2519 3001 2685 3074 juxta
2714 3003 2822 3060 hoc
2849 3003 2998 3076 quod
3037 3003 3306 3076 scriptum
3345 3011 3428 3060 est
3459 3021 3472 3058 :

1861 3089 2031 3145 Corde
2064 3089 2295 3146 crederet
2323 3090 2397 3146 ad
2413 3089 2708 3160 justitiam,
2733 3108 2826 3146 ore
2852 3092 3190 3162 conﬁteretur
3216 3092 3289 3147 ad
3317 3091 3479 3147 salu-

1859 3183 1958 3234 tem
2008 3178 2183 3248 (Rom.
2233 3195 2292 3247 ιι,
2341 3178 2454 3251 10).
2500 3180 2563 3235 In
2610 3179 2782 3236 corde
2827 3187 3014 3236 autem
3061 3178 3311 3236 ﬁdelium
3367 3187 3478 3236 tres

1855 3283 2202 3339 summopere
2233 3283 2454 3322 manere
2485 3265 2721 3324 virtutes
2750 3273 2987 3323 testatur
3022 3268 3346 3340 Apostolus,
3377 3267 3476 3324 di-

1855 3373 1985 3414 cens
2012 3374 2024 3412 :
2058 3359 2212 3415 Nunc
2230 3363 2406 3413 autem
2432 3361 2647 3413 manent
2674 3356 2825 3429 ﬁdes,
2857 3373 2995 3429 spes,
3016 3356 3253 3412 charitas
3265 3357 3330 3428 (Ι
3346 3358 3472 3414 Cor.

1855 3463 1981 3514 xm,
2015 3446 2127 3517 13).
2175 3446 2320 3515 Quas
2364 3454 2594 3504 cunctas
2648 3445 2834 3502 subita
2889 3447 3131 3518 repletus
3185 3444 3359 3519 gratia
3421 3453 3474 3500 et

1855 3535 2066 3608 accepit
2105 3536 2268 3604 latro,
2299 3544 2354 3592 et
2394 3535 2639 3592 servavit
2695 3535 2754 3591 in
2797 3551 2980 3592 cruce.
3014 3535 3210 3591 Fidem
3237 3552 3475 3609 namque

1857 3622 2070 3692 habuit,
2087 3624 2188 3697 qui
2215 3632 2574 3698 regnaturum
2599 3626 2641 3659 “
2674 3623 2976 3681 Dominum
3007 3622 3266 3692 credidit,
3313 3640 3470 3698 quem

1855 3729 2041 3768 secum
2085 3713 2292 3785 pariter
2334 3712 2668 3770 morientem
2717 3712 2861 3770 vidit
2897 3729 2908 3768 :
2946 3729 3098 3786 spem
3141 3711 3339 3770 habuit
3380 3712 3472 3786 qui

1856 3800 2011 3874 regni
2041 3801 2160 3874 ejus
2189 3801 2401 3860 aditum
2435 3801 2760 3875 postulavit,
2794 3801 2984 3860 dicens
3017 3819 3028 3858 :
3063 3803 3320 3862 Memento
3345 3805 3471 3870 mei,

1856 3891 2100 3956 Domine,
2115 3891 2242 3947 dum
2256 3892 2460 3948 veneris
2474 3892 2534 3947 in
2556 3909 2779 3963 regnum
2809 3897 2957 3947 tuum
2982 3891 3135 3962 (Luc.
3165 3907 3332 3958 χχιιι,
3353 3889 3468 3962 42).

1858 3978 2195 4037 Charitatem
2229 3997 2446 4054 quoque
2494 3982 2552 4038 in
2598 3989 2776 4038 morte
2824 3997 2924 4037 sua
2953 3979 3228 4036 vivaciter
3268 3977 3470 4045 tenuit,

1859 4070 1956 4143 qui
1984 4069 2212 4126 fratrem
2257 4079 2312 4126 et
2356 4071 2719 4128 collatronem
2767 4085 2866 4142 pro
2908 4067 3081 4124 simili
3110 4067 3314 4124 scelere
3344 4083 3473 4124 mo-

1857 4158 2115 4227 rientem,
2144 4165 2199 4214 et
2249 4156 2316 4214 de
2364 4157 2659 4232 iniquitate
2707 4173 2809 4214 sua
2853 4157 3054 4230 arguit,
3087 4163 3141 4212 et
3189 4157 3240 4213 ei
3299 4157 3470 4213 vitam

1863 4250 1908 4285 ¹²
1928 4264 2092 4322 quam
2116 4255 2450 4320 cognoverat
2467 4246 2791 4320 praedicavit
2809 4245 3000 4304 dicens
3021 4264 3032 4302 :
3053 4247 3232 4318 Neque
3253 4253 3310 4302 tu
3329 4247 3474 4302 times

1855 4339 2045 4403 Deum,
2099 4337 2194 4409 qui
2251 4337 2307 4393 in
2339 4338 2520 4394 cadent
2583 4355 2634 4393 es
2663 4337 3020 4394 damnatione.
3053 4338 3128 4394 Et
3145 4353 3242 4394 nos
3265 4335 3474 4408 quidem

1850 4425 2030 4496 j-uste;
2055 4443 2182 4483 nam
2205 4425 2366 4498 digna
2395 4425 2554 4497 factis
2581 4427 2864 4499 recipimus
2889 4444 2910 4492 ;
2936 4427 3020 4482 hic
3065 4443 3184 4482 vero
3242 4427 3286 4460 ³³
3338 4423 3474 4480 nihil

1858 4517 1992 4574 mali
2018 4518 2173 4589 gessit
2202 4517 2392 4589 (Ibid.,
2418 4516 2536 4588 40).
2569 4516 2668 4573 Ille
2696 4515 2793 4590 qui
2821 4515 2951 4572 talis
2978 4513 3050 4571 ad
3077 4529 3297 4573 crucem
3320 4512 3474 4570 venit

1860 4623 1932 4663 ex
1971 4607 2154 4680 culpa,
2200 4623 2324 4665 ecce
2372 4605 2552 4680 qualis
2596 4622 2629 4662 a
2681 4622 2845 4664 cruce
2892 4603 3100 4662 recedit
3155 4619 3226 4660 ex
3272 4603 3468 4676 gratia.

1867 4695 2243 4754 Conﬁtebatur
2274 4698 2320 4733 “
2348 4695 2673 4764 Dominum,
2693 4711 2858 4768 quem
2877 4693 3104 4750 videbat
3130 4709 3320 4750 secum
3369 4691 3470 4747 hu-

1866 4802 2029 4843 mana
2081 4785 2405 4842 inﬁrmitate
2462 4783 2791 4842 morientem
2811 4827 2826 4852 ,
2903 4782 3126 4857 quando
3201 4781 3470 4854 negabant

1861 5021 2174 5094 conﬂarunt
2199 5021 2328 5093 quia
2355 5037 2561 5094 ηιιεξεε.Δ
2631 5091 2644 5094 _
2719 5089 2765 5094 __
3022 5088 3032 5094 _
3109 5083 3256 5094 ,μη
3374 5082 3383 5091 .

1935 5094 1957 5128 ⁸
1987 5085 2327 5167 Adjecimus,
2359 5089 2986 5167 diabqli,_desideratum
3019 5088 3076 5167 in
3371 5085 3466 5138 in—

1861 5155 2198 5237 ventumque
2226 5165 2285 5220 in
2313 5155 2448 5237 mss,
2471 5155 2725 5237 Vindoct
2742 5169 2797 5217 et
2823 5163 2858 5218 2
2886 5158 3170 5237 Laud..1n.'
3188 5155 3332 5237 Utic.
3367 5172 3470 5209 su-

1864 5252 1960 5311 per
1988 5235 2087 5311 l_1as
2109 5225 2300 5311 voces,
2327 5236 2390 5311 de
2417 5234 2590 5311 {auct},
2621 5231 2887 5311 scriptum
2905 5227 3024 5311 fuit
3133 5225 3358 5296 judicio.

1937 5297 2488 5380 9AQ888t_D07ltkt'n§_Iin
2517 5297 2791 5380 plerisque
2819 5307 2873 5355 et
2901 5299 2978 5380 ita
2998 5297 3166 5380 infra.

1941 5378 1988 5413 ¹⁰
2017 5377 2190 5433 Laud.
2221 5385 2278 5432 et.
2303 5371 2606 5439 Bellovac,
2637 5371 2868 5426 in’cruce
2902 5371 3175 5425 clamavit.

1941 5449 1982 5482 “
2017 5448 2254 5519 Gemet.,
2285 5449 2471 5503 Deum.
2971 5513 3007 5519 _
3301 5509 3332 5519 ν,
3417 5508 3428 5518 ι

1945 5519 1990 5590 ίξ
2019 5513 2263 5590 Vulgati,
2293 5530 2586 5590 quamnon
2611 5519 2940 5590 cygno-enat.
2971 5513 3135 5590 Deest
3154 5513 3374 5590 negatio
3414 5513 3467 5590 in

1868 5589 2074 5719 (ἧφι-1)ΞΜ
2088 5583 2594 5658 ϐἒιιιιζξνὶιιᾱοα,
2622 5583 2860 5655 Bellov.,
2903 5583 3104 5652 Laud.,
3152 5583 3370 5649 Norm.,
3419 5587 3470 5635 et

1868 5678 1902 5718 a
1923 5678 1995 5718 ns
2077 5677 2149 5718 ss.

1868 5661 1995 5718 aliis
2021 5661 2149 5718 Mss.

2018 5733 2255 5812 I_3_ellov_.,
2293 5731 2431 5812 nihil
2458 5729 2785 5812 gessit.

1946 5805 1992 5841 “
2023 5805 2261 5872 Gemet.,
2292 5803 2437 5860 Prat.
2470 5809 2528 5860 et
2553 5801 2674 5866 alii,
2705 5801 2890 5858 Deum.
