3946 6364
501 317 570 375 75
1709 316 1958 376 SANCTI
1995 314 2333 378 GREGORII
2370 315 2597 377 MAGNI
3737 324 3799 383 76

498 444 729 523 apostoli
757 458 881 500 eum
904 457 1070 522 quem
1098 441 1365 507 miracula
1383 441 1638 504 viderant
1665 443 1856 504 divina
1884 442 2091 502 virtute
2126 443 2180 508 Δ
2208 441 2427 502 dicens:
2450 444 2649 517 Negavi
2675 443 3190 505 consolarianimam
3217 460 3389 500 meam
3413 443 3587 516 (Psal.
3619 462 3802 516 an,

499 537 812 600 facientem.

569 625 711 702 [Vet.
739 623 967 700 XXVIJ
1001 624 1089 686 65.
1110 625 1294 687 Error
1319 641 1502 683 eorum
1513 624 1604 700 qui
1620 623 1826 683 salvari
1844 623 2103 682 hominem

490 715 735 796 propriis
763 714 974 778 viribus
1000 719 1271 776 astmunt.
1313 745 1386 761 —
1413 713 1517 774 Sed
1547 711 1607 769 hi
1635 713 1729 788 qui
1775 710 1976 773 salvari
2005 711 2101 770 ho-

497 805 705 866 minem
733 804 972 887 propriis
1012 803 1228 866 viribus
1259 805 1277 839 ¹
1307 809 1584 876 astruunt,
1614 800 1862 862 eamdem
1891 799 2100 860 confes-

497 894 710 956 sionem
754 893 1000 954 hominis
1071 893 1139 953 ab
1188 892 1365 968 ipsius
1418 910 1532 952 esse
1590 891 1838 953 hominis
1895 891 2100 950 virtute

496 984 867 1064 suspicantur.
899 981 1059 1052 Quod
1090 982 1139 1044 si
1181 983 1258 1042 ita
1299 992 1464 1054 esset,
1497 983 1556 1042 in
1599 983 1702 1042 Dei
1749 981 1910 1044 laude
1955 981 2100 1040 Psal-

499 1075 664 1134 mista
688 1071 1038 1137 non’diceret
1069 1091 1081 1134 :
1119 1073 1390 1146 Confessio
1447 1079 1496 1130 et
1541 1071 1930 1146 magniﬁcentia
1969 1087 2101 1143 opus

498 1167 610 1242 ejus
641 1167 812 1242 (Psal.
847 1183 938 1236 cx,
969 1167 1049 1241 3).
1109 1165 1194 1224 Ab
1249 1181 1314 1224 eo
1362 1165 1546 1240 itaque
1597 1165 1901 1238 accipimus
1955 1171 2101 1222 recta

498 1255 771 1326 conﬁteri,
800 1273 834 1313 a
877 1271 986 1330 quo
1031 1254 1191 1312 nobis
1241 1255 1262 1290 ³
1316 1262 1370 1312 et
1418 1271 1614 1328 magna
1659 1255 1823 1312 datur
1863 1254 2094 1327 operari.

498 1345 639 1413 Quia
665 1361 792 1422 ergo
821 1345 900 1406 nil
931 1345 1064 1402 boni
1094 1343 1276 1418 operis
1306 1344 1563 1402 dedimus
1593 1362 1701 1420 quo
1723 1345 1866 1404 hanc
1886 1343 2098 1417 sapien-

495 1431 630 1492 tiam
683 1432 962 1510 percipere
1011 1449 1370 1507 mereremur,
1427 1432 1647 1492 dicatur
1701 1443 1846 1491 recte
1880 1453 1892 1492 :
1926 1435 2101 1492 Nescit

494 1522 644 1579 homo
685 1521 920 1594 pretium
962 1521 1099 1592 ejus,
1137 1522 1398 1596 quoniam
1429 1522 1684 1598 quisquis
1725 1523 1842 1598 jam
1885 1524 2098 1582 ratione

493 1610 690 1680 utitur,
711 1617 864 1666 tanto
893 1609 1062 1667 altius
1090 1611 1192 1666 sub
1223 1610 1389 1683 hujus
1420 1613 1706 1684 sapientia:
1725 1613 2011 1674 intellectu
2041 1632 2098 1674 se

495 1699 747 1774 despicit,
778 1707 984 1773 quanto
1015 1699 1260 1771 ejusdem
1317 1701 1598 1773 sapientiae
1641 1703 1827 1760 verius
1880 1704 2100 1762 interna

2211 531 2291 602 3).
2323 533 2461 592 Nam
2481 534 2804 607 plerumque
2823 532 2989 606 hujus
3011 533 3199 592 saeculi
3226 531 3432 593 divites
3458 533 3636 594 solent
3666 551 3802 596 men-

2210 621 2283 681 tis
2308 623 2476 682 taedio
2503 624 2706 694 affecti,
2737 623 2883 685 bona
2922 623 3301 696 temporaliter
3327 629 3552 696 accepts
3587 625 3804 697 conspi-

2210 729 2353 786 cere,
2382 721 2437 770 et
2469 713 2752 772 tristitiam
2786 713 3040 772 delinire.
3077 712 3218 774 Cum
3247 712 3397 774 enim
3425 729 3658 772 maerore
3683 731 3802 791 quo-

2211 800 2337 861 dam
2365 819 2422 858 se
2449 803 2600 876 tangi
2628 803 2894 874 sentiunt,
2915 819 3088 876 equos
3113 801 3416 874 aspiciunt,
3433 801 3556 860 auri
3583 802 3804 873 argenti-

2210 908 2315 964 que
2342 892 2462 947 sui‘
2483 893 2707 948 vascula
2729 892 3194 964 contemplantur,
3221 890 3430 964 praedia
3449 889 3802 953 circumeunt.

2211 979 2458 1056 Cumque
2485 997 2581 1054 per
2609 980 2726 1039 haec
2753 981 3077 1053 temporalia
3091 981 3282 1040 oculos
3311 980 3549 1040 libenter
3568 977 3804 1050 trahunt,

2209 1071 2466 1129 obortum
2495 1071 2692 1130 animae
2717 1087 3014 1130 monerem
3058 1071 3314 1131 vincunt.
3363 1068 3520 1128 Unde
3573 1068 3652 1128 eis
3679 1076 3730 1128 et
3754 1068 3808 1130 in

2208 1160 2511 1234 Evangelio
2541 1161 2757 1220 Veritas
2783 1161 2922 1220 dicit
2953 1179 2964 1220 :
3012 1161 3096 1220 Vae
3128 1160 3271 1216 vobis
3299 1159 3578 1226 divitibus,
3606 1157 3698 1230 qui
3733 1157 3809 1217 hic

2209 1251 2406 1309 habetis
2433 1253 2840 1311 consolationem
2867 1258 3094 1308 vestram
3125 1252 3289 1322 (Luc.
3325 1268 3406 1322 VI,
3428 1249 3546 1323 24).
3566 1247 3672 1306 Sed
3697 1265 3808 1308 san-

2209 1349 2332 1400 ctus
2359 1341 2450 1398 vir
2477 1341 2574 1418 qui
2603 1341 2709 1402 hoc
2739 1343 2908 1414 luget,
2939 1341 3071 1415 quia
3100 1340 3168 1396 ab
3201 1340 3424 1400 aeternis
3446 1337 3664 1412 gaudiis
3683 1336 3808 1396 ceci-

2209 1430 2313 1502 dit,
2353 1431 2786 1492 consolationem
2831 1431 2897 1488 de
2945 1429 3346 1504 temporalibus
3387 1446 3504 1490 non
3551 1424 3808 1495 admittit,

2208 1518 2398 1580 dicens
2428 1537 2441 1582 :
2474 1519 2673 1593 Negavi
2699 1519 2966 1577 consolari
2992 1520 3232 1576 animam
3249 1536 3441 1580 nteant.
3465 1521 3550 1576 Ac
3572 1516 3619 1574 si
3639 1522 3811 1589 aperte

2207 1611 2356 1688 dicat
2383 1629 2394 1668 :
2423 1613 2529 1684 Qui
2557 1613 2624 1670 de
2653 1612 3038 1686 temporalium
3068 1611 3364 1671 amissione
3394 1628 3508 1670 non
3539 1610 3718 1684 lugeo,
3749 1605 3810 1663 de

2209 1701 2592 1778 temporalium
2619 1700 2958 1762 abundantia
2984 1701 3270 1762 consolari
3302 1713 3655 1778 nequaquam
3683 1711 3812 1772 pos-

493 1790 860 1864 cognoscit,ut
888 1789 1180 1864 indignum
1209 1807 1266 1847 se
1292 1790 1356 1848 ad
1391 1790 1535 1850 hanc
1557 1793 1870 1864 pervenisse
1892 1793 2100 1873 videat,
2134 1805 2180 1872 Β
2208 1807 2352 1850 sum.
2376 1789 2480 1850 Cui
2513 1797 2772 1867 tanquam
2802 1790 2849 1847 si
2879 1807 2980 1848 nos
3005 1790 3294 1850 audientes
3323 1790 3429 1849 ista
3456 1789 3767 1850 diceremus
3796 1807 3808 1846 τ

493 1895 590 1958 per
617 1897 780 1956 quam
800 1879 1037 1954 gratuito
1065 1879 1248 1954 agitur
1277 1887 1338 1938 ut
1367 1878 1568 1956 dignus
1599 1881 1714 1940 fiat.
1738 1885 1815 1940 De
1837 1900 1945 1960 qua
1964 1885 2104 1950 bene
2213 1878 2358 1948 Quid
2387 1879 2556 1951 igitur
2584 1880 2804 1954 quaeris,
2835 1879 2932 1956 qui
2960 1879 3235 1939 consolari
3265 1880 3322 1938 in
3356 1878 3444 1940 his
3473 1894 3597 1956 qua:
3627 1878 3810 1939 mundi

494 1986 626 2031 mox.
653 1969 934 2032 subditur.

885 2060 1113 2120 CAPUT
1144 2063 1267 2119 XLI
1300 2061 1444 2138 [Rec.
1476 2063 1710 2138 XXIV].

564 2149 736 2210 Vnus.
772 2149 859 2210 13.
889 2181 959 2194 -—
987 2151 1093 2211 Nec
1117 2150 1174 2208 in
1199 2157 1345 2210 terra
1367 2152 1604 2208 suaviter
1633 2151 1939 2217 riventium.

565 2239 654 2298 66.
687 2239 937 2312 Quisquis
965 2239 1127 2312 hujus
1176 2240 1296 2298 vitta
1343 2241 1702 2315 voluptatibus
1737 2244 2004 2320 pascitur,
2033 2245 2100 2302 ab

490 2333 699 2390 internis
725 2329 998 2402 sapientia:
1027 2330 1287 2392 intellectu
1313 2339 1696 2403 separatur.—~
1727 2333 1873 2404 Quid
1903 2332 2012 2394 hoc
2040 2333 2100 2392 in

491 2414 614 2476 loco
641 2423 802 2478 terrae
831 2418 1082 2492 signatur
1110 2419 1474 2490 nomine,nisi
1503 2420 1690 2482 anima
1706 2422 1992 2482 humana?
2020 2424 2100 2484 De

491 2525 600 2589 qua
644 2510 936 2574 Psalmista
990 2510 1172 2572 dicit:
1206 2511 1405 2570 Anima
1458 2531 1574 2572 mea
1628 2513 1764 2572 sicut
1795 2521 1940 2575 terra
1989 2514 2100 2570 sine

491 2614 636 2669 aqua
655 2598 749 2658 tibi
779 2600 948 2671 (Psal.
969 2617 1142 2668 exul,
1172 2600 1253 2674 6).
1287 2601 1414 2658 Haec
1441 2610 1625 2660 autem
1654 2603 1928 2675 sapientia
1947 2603 2098 2660 inve-

490 2683 604 2746 niri
633 2685 692 2746 in
741 2693 884 2746 terra
911 2689 1156 2748 suaviter
1200 2688 1512 2750 viventium
1569 2706 1684 2752 non
1745 2692 1913 2762 valet,
1970 2691 2099 2766 quin

489 2773 742 2856 quisquis
770 2776 952 2838 adhuc
981 2776 1149 2852 hujus
1178 2777 1308 2836 vita:
1335 2778 1720 2852 voluptatibus
1750 2779 2098 2855 pascitur,ab

489 2871 708 2926 aeterna
738 2865 1022 2944 sapientiae
1078 2867 1366 2932 intellectu
1393 2877 1696 2942 separatur.
1727 2872 1865 2932 Nam
1894 2873 1939 2928 si
1970 2889 2097 2930 vere

485 2965 720 3034 saperet,
742 2959 1005 3033 expulsus
1033 2959 1102 3019 ab
1131 2958 1368 3020 internis
1397 2959 1633 3034 gaudiis,
1665 2960 1732 3022 de
1761 2977 1824 3020 ea
1853 2960 1911 3022 in
1930 2978 2098 3036 quam

486 3054 633 3116 587
683 3058 908 3130 cecidit,
965 3058 1151 3120 exsilii
1199 3058 1288 3120 sui
1351 3059 1600 3122 cacitate
1663 3061 1895 3132 lugeret.
1954 3060 2098 3122 Hinc

2211 1975 2342 2026 sunt
2370 1968 2608 2030 renuis?
2643 1969 2795 2030 illico
2824 1967 3055 2044 adjecit:
3095 1971 3300 2028 Memor
3336 1968 3422 2040 fui
3448 1969 3572 2035 Dei,
3598 1975 3647 2028 et
3677 1969 3812 2026 dele-

2211 2063 2380 2116 elatus
2416 2075 2532 2118 sum
2589 2057 2762 2132 (Psal.
2803 2075 2996 2128 Lxxvr,
3053 2057 3134 2134 4).
3187 2061 3270 2116 Ac
3313 2057 3362 2116 si
3411 2067 3598 2135 aperte
3629 2058 3809 2119 dicat:

2211 2146 2576 2208 Terrenarum
2607 2163 2791 2209 rerum
2823 2164 2910 2206 me
2940 2164 3041 2208 nec
3070 2147 3416 2208 abundantia
3442 2148 3680 2217 refovet,
3715 2163 3814 2206 au-

2209 2237 2378 2294 ctoris
2406 2245 2589 2298 autem
2620 2238 2728 2299 mei
2758 2255 2921 2316 quem
2941 2238 3125 2299 adhuc
3153 2238 3342 2296 videre
3369 2255 3484 2298 non
3522 2239 3704 2307 valeo,
3735 2237 3813 2294 vel

2209 2327 2326 2387 sola
2353 2327 2620 2386 memoria
2647 2327 2902 2390 delectat.
2947 2329 3074 2388 Haec
3103 2335 3188 2386 est
3213 2327 3386 2402 igitur
3406 2327 3813 2388 amaritudosa-

2209 2415 2503 2490 pientium,
2533 2417 2663 2495 quia
2698 2417 2830 2478 dum
2859 2433 2954 2490 spe
2982 2417 3042 2478 in
3070 2419 3182 2476 alta
3228 2417 3398 2477 erecti
3446 2425 3602 2486 sunt,
3653 2415 3813 2475 nullis

2208 2503 2302 2562 hic
2329 2506 2545 2578 gaudiis
2568 2506 2816 2564 animum
2842 2514 3121 2566 sternunt.
3168 2506 3312 2564 Hinc
3359 2507 3511 2564 enim
3550 2506 3812 2579 scriptum

2207 2601 2290 2650 est
2328 2612 2340 2650 :
2377 2596 2484 2654 Cor
2511 2596 2829 2670 sapientium
2851 2597 2943 2656 ubi
2981 2596 3203 2654 tristitia
3225 2601 3320 2662 est,
3341 2601 3390 2650 et
3414 2612 3508 2651 cor
3534 2598 3815 2652 stultorum

2207 2684 2298 2742 ubi
2327 2687 2510 2742 laetitia
2553 2687 2748 2760 (Eccle.
2791 2705 2892 2755 vn,
2921 2688 3004 2762 ὅ).
3038 2687 3179 2745 Hinc
3205 2685 3441 2746 Jacobus
3483 2685 3628 2746 dicit
3660 2704 3673 2742 :
3708 2686 3815 2748 Ili-

2207 2775 2316 2832 seri
2336 2782 2509 2844 estote,
2544 2781 2592 2835 et
2620 2778 2804 2850 lugete,
2851 2783 2900 2834 et
2920 2777 3152 2852 plorato,
3182 2783 3231 2838 et
3256 2776 3400 2836 risus
3431 2781 3603 2836 vester
3630 2776 3691 2832 in
3728 2777 3815 2832 lit-

2206 2870 2344 2920 ctum
2398 2872 2758 2938 convertatur,
2810 2873 2860 2924 et
2916 2866 3172 2943 gaudium
3227 2865 3286 2920 in
3313 2881 3608 2924 mmrorem
3685 2865 3814 2937 (Jac.

2206 2971 2285 3027 ιν,
2309 2955 2389 3030 9).
2424 2955 2566 3014 Hinc
2593 2971 2690 3030 per
2719 2955 3072 3030 semetipsam
3104 2953 3332 3016 Veritas
3375 2959 3696 3025 attestatur,
3725 2951 3815 3012 di-

2205 3058 2332 3103 cens
2365 3059 2377 3098 :
2409 3045 2568 3106 Beati
2592 3045 2685 3122 qui
2724 3047 2918 3120 lugent,
2961 3044 3217 3118 quoniam
3261 3043 3368 3116 ipsi
3404 3043 3816 3102 consolabuntur

449 3199 454 3202 .
484 3162 722 3220 namque
749 3163 847 3220 per
873 3147 1229 3206 Salomonem
1258 3146 1466 3206 dicitur
1498 3165 1510 3203 :
1547 3147 1653 3216 Qui
1679 3149 1902 3221 apponit
1937 3149 2099 3208 scien—
2127 3169 2170 3230 ο
2208 3132 2420 3206 (Matth.
2452 3151 2510 3209 v,
2527 3135 2610 3208 5).
2637 3135 2883 3230 inveniri
2908 3151 3045 3230 ergo
3065 3134 3422 3230 sapientiain
3444 3151 3642 3196 eorum
3673 3142 3813 3230 terra

486 3235 640 3298 tiam,
665 3234 890 3307 apponit
936 3240 986 3288 et
1009 3234 1247 3293 dolorem
1278 3234 1472 3306 (Eccle.
1507 3252 1548 3306 ι,
1584 3236 1698 3308 18),
1731 3235 1862 3309 quia
1888 3245 2096 3309 quanto

485 3322 614 3396 plus
655 3321 823 3380 homo
851 3321 1080 3392 coeperit
1120 3321 1260 3382 scire
1299 3323 1434 3396 quid
1463 3323 1728 3397 perdidit,
1763 3331 1918 3382 tanto
1970 3326 2096 3399 plus

487 3411 672 3482 lugere
701 3409 903 3483 incipit
931 3411 1306 3484 corruptionis
1334 3429 1446 3473 suae
1476 3412 1807 3472 sententiam
1830 3429 1995 3488 quam
2011 3415 2092 3472 in-

489 3501 662 3563 venit.
694 3501 1016 3560 Considerat
1035 3519 1270 3577 namque
1297 3503 1443 3566 unde
1465 3521 1574 3579 quo
1596 3505 1779 3578 lapsus
1807 3512 1921 3574 est;
1946 3505 2094 3579 quod

485 3609 519 3647 a
546 3590 783 3664 paradisi
827 3591 1042 3664 gaudiis
1066 3592 1136 3650 ad
1191 3610 1465 3656 aerumnas
1507 3594 1636 3654 vitae
1664 3595 1972 3668 praesentis,
2024 3595 2093 3652 ab

485 3681 806 3753 angelorum
835 3679 1192 3740 societatibus
1209 3683 1364 3742 venit
1391 3685 1462 3742 ad
1489 3703 1650 3746 curas
1665 3687 2049 3746 necessitatum
2075 3707 2088 3758 ;

485 3779 678 3845 pensat
705 3770 765 3831 in
805 3778 941 3844 quot
979 3769 1095 3845 jam
1140 3773 1402 3845 periculis
1423 3775 1592 3847 jacet,
1621 3776 1718 3850 qui
1765 3776 1920 3850 prius
1973 3776 2093 3836 sine

485 3859 732 3934 periculo
753 3867 896 3916 stare
923 3861 1290 3934 contempsit;
1325 3863 1475 3936 luget
1494 3864 1756 3922 exsilium
1773 3866 1921 3939 quod
1941 3866 2090 3927 dam-

483 3959 646 4008 natus
673 3949 902 4024 patitur,
933 3958 988 4016 et
1018 3951 1261 4025 suspirat
1289 3951 1359 4010 ad
1386 3953 1626 4013 ccclesiis
1645 3955 1832 4028 gloriae
1862 3963 2089 4026 statum,

483 4056 592 4113 quo
639 4039 852 4113 perfrui
897 4057 1124 4105 securus
1171 4051 1356 4118 posset
1411 4043 1458 4104 si
1517 4062 1745 4119 peccare
1800 4047 2086 4108 noluisset.

501 4127 660 4196 Quod
688 4129 826 4187 bene
853 4131 1145 4196 Psalmista
1171 4136 1549 4209 considerans,
1579 4139 1658 4201 ait
1689 4158 1703 4198 :
1735 4142 1851 4213 Ego
1878 4140 1998 4199 diri
2031 4141 2090 4198 in

477 4235 680 4292 pavore
705 4236 818 4280 meo
851 4236 862 4280 :
895 4222 1170 4291 Projectus
1197 4243 1314 4286 sum
1347 4246 1382 4285 a
1401 4231 1555 4285 vultu
1581 4231 1860 4290 oculorum
1877 4237 2090 4290 tuorum

486 4306 661 4379 (Psal.
693 4323 833 4375 xxx,
863 4307 979 4382 23).
1005 4309 1420 4384 Contemplatus
1447 4315 1650 4390 quippe
1681 4317 1899 4375 interna
1945 4337 2090 4392 gau—

484 4393 578 4452 dia
601 4393 832 4454 visionis
846 4395 967 4466 Dei,
990 4405 1044 4454 et
1095 4399 1354 4460 socialem
1377 4403 1747 4478 frequentiam
1767 4408 2088 4479 angelorum

483 4482 918 4556 persistentium,
963 4486 1186 4552 reduxit
1225 4491 1418 4552 oculos
1473 4493 1546 4552 ad
1603 4493 1736 4564 ima,
1782 4495 1928 4554 vidit
1977 4511 2086 4570 quo

479 4570 704 4644 jaceret,
731 4575 826 4648 qui
854 4574 924 4636 ad
951 4575 1060 4642 hoc
1085 4578 1342 4642 conditus
1371 4580 1572 4651 fuerat,
1593 4591 1655 4642 ut
1684 4583 1742 4643 in
1773 4585 2088 4644 coelestibus

483 4669 626 4720 stare
654 4665 956 4736 potuisset;
990 4668 1240 4741 pensavit
1287 4669 1382 4729 ubi
1414 4679 1576 4740 esset,
1625 4679 1680 4728 et
1725 4690 1834 4748 quo
1877 4677 2090 4736 deesset

483 4749 789 4824 ingemuit;
840 4754 1261 4831 projectumque
1304 4777 1364 4818 se
1404 4777 1436 4818 a
1465 4761 1626 4822 vultu
1658 4765 1949 4825 oculorum
1989 4767 2090 4826 Dei

481 4840 682 4911 doluit,
713 4841 843 4916 quia
869 4843 929 4900 in
957 4849 1364 4919 comparatione
1395 4849 1538 4908 lucis
1567 4849 1781 4910 intimae
1812 4857 2090 4928 graviores

479 4941 734 5025 senserat
773 4934 958 4992 exsilii
1005 4938 1091 4994 sui
1121 4939 1373 4996 tenebras
1431 4956 1568 5015 quas
1623 4945 1909 5004 tolerabat.
1945 4947 2086 5025 [Vet.

481 5023 736 5100 XXVIIJ
769 5025 912 5088 Hinc
939 5034 1022 5084 est
1054 5027 1202 5108 quod
1229 5029 1300 5086 ad
1327 5031 1580 5089 animum
1629 5051 1794 5092 suum
1840 5053 1909 5094 ex
1937 5023 2090 5112 prte-

483 5115 623 5170 senti
667 5117 787 5176 vita
823 5120 844 5156 ³
878 5119 1090 5178 nullius
1119 5119 1310 5194 gratia;
1337 5124 1778 5186 consolationem
1815 5127 2085 5200 admittit,

559 5289 577 5361 ξ
606 5287 841 5361 gemet”
869 5303 1132 5353 asserunt.

727 5358 912 5445 Germ,
943 5367 1106 5446 Qgrb.
1139 5369 1324 5446 Germ.
1372 5375 1428 5426 et
1456 5368 1514 5426 in
1546 5369 1750 5446 Editis,
1807 5378 1858 5427 et
1890 5390 2085 5446 magna

487 5427 932 5512 dant'uroperari.
963 5437 1091 5512 Mss.
1123 5441 1340 5512 Anglic.
1373 5449 1429 5496 et
1456 5427 1631 5498 nostri
1662 5427 1868 5500 habent
1895 5427 2079 5500 adiuti;

559 5499 784 5584 ‘f'Laqu.
815 5511 868 5558 et
889 5505 1124 5584 Bgllov.,
1158 5499 1361 5584 mittiue
1405 5515 1636 5584 gratiam
1681 5499 2080 5572 consolationis.

561 5571 581 5656 ξ
603 5571 666 5656 lnn
696 5571 1385 5656 Germ._,'_'l‘uro_n.,_l\lorm_.
1404 5571 1460 5656 ct
1479 5586 1640 5656 pler.,
1661 5589 1901 5642 metalla.

558 5641 578 5724 ξε
605 5641 762 5724 Becc.
795 5651 850 5697 et
869 5646 1019 5724 AUtic.
1062 5641 1336 5721 duplicem
1359 5652 1452 5712 hic
1471 5641 1764 5714 lectionem
1790 5641 2082 5724 exhibent,

491 5710 804 5782 voluptatem
830 5721 885 5772 et
913 5710 1247 5778 voluntatem.

2118 4539 2166 4600 D

2203 3240 2316 3280 non
2348 3231 2546 3300 potest,
2578 3226 2673 3301 qui
2715 3226 2961 3286 suaviter
2992 3225 3214 3294 vivunt,
3255 3225 3386 3300 quia
3425 3231 3585 3285 tanto
3629 3224 3808 3284 verius

2203 3312 2358 3372 stulti
2406 3322 2557 3388 sunt,
2610 3322 2820 3392 quanto
2861 3313 3069 3389 majora
3106 3312 3418 3388 pudentes,
3453 3312 3515 3370 in
3569 3311 3813 3374 minimis

2204 3403 2478 3464 laetantur.
2511 3404 2652 3467 Hinc
2680 3405 2872 3467 Petrus
2900 3403 3148 3462 eamdem
3177 3419 3477 3478 pravorum
3517 3401 3811 3462 stultitiam

2203 3492 2575 3564 reprehendit,
2607 3493 2796 3550 dicens
2827 3511 2839 3550 :
2889 3496 2910 3530 δ
2951 3495 3278 3565 Voluptatem
3306 3493 3675 3550 existimantes
3710 3489 3811 3548 diei

2203 3584 2226 3617 ⁸
2255 3583 2493 3650 delicias,
2515 3584 2961 3660 coinquinationis
2986 3591 3035 3640 et
3061 3585 3284 3642 maculas
3317 3583 3404 3656 (II
3442 3585 3563 3644 Pet.
3600 3599 3665 3659 II,
3703 3581 3807 3652 13).

2203 3671 2344 3732 Hinc
2374 3674 2632 3732 Salomon
2663 3674 2743 3734 ait
2777 3691 2790 3732 :
2822 3675 3011 3735 Risum
3037 3673 3290 3748 deputavi
3319 3690 3585 3746 θίγοι-ειη,
3616 3679 3664 3735 et
3675 3689 3812 3748 gau-

2201 3762 2287 3818 dio
2316 3763 2436 3820 dixi
2465 3782 2484 3828 ;
2517 3765 2659 3840 Quid
2684 3765 2897 3838 frustra
2929 3765 3185 3838 deciperis
3213 3764 3413 3839 (Ecclc.
3444 3781 3514 3834 ιι,
3545 3765 3628 3838 2).
3660 3763 3812 3824 Dicat

2201 3851 2386 3928 itaque
2413 3853 2502 3914 vir
2542 3863 2765 3913 sanctus
2815 3855 2883 3912 de
2921 3854 3189 3930 sapientia
3224 3871 3236 3912 :
3285 3855 3393 3913 Nec
3433 3855 3709 3912 invenitur
3758 3853 3809 3910 in

2203 3961 2346 4017 terra
2373 3957 2608 4016 suaviter
2631 3957 2936 4027 viventium,
2966 3956 3098 4030 quia
3143 3955 3411 4017 nimirum
3441 3956 3541 4030 qui
3583 3955 3645 4016 in
3670 3949 3810 4012 588

2200 4045 2306 4109 hoc
2333 4047 2543 4110 mundo
2571 4047 2814 4109 suaviter
2845 4049 3047 4110 vivunt
3074 4048 3094 4086 ⁷
3125 4047 3205 4108 ita
3247 4047 3431 4108 adhuc
3457 4047 3622 4106 stulti
3658 4051 3806 4112 sunt,

2199 4144 2261 4196 ut
2302 4136 2409 4196 hoc
2452 4138 2634 4212 ipsum
2677 4155 2899 4213 quoque
2946 4137 3222 4208 nesciant,
3269 4136 3416 4201 unde
3462 4137 3806 4198 ceciderunt.

2199 4227 2464 4302 Sequitur
2495 4247 2509 4290 :

2590 4317 2820 4378 CAPUT
2857 4319 3008 4380 XLII
3046 4317 3190 4392 [Reg
3231 4315 3429 4391 XXV].

2270 4405 2441 4466 Vnus.
2476 4405 2562 4467 14.
2595 4437 2666 4454 -ι
2689 4408 2927 4480 Abyssus
2956 4407 3085 4466 dicit
3118 4405 3274 4466 :Non
3302 4413 3380 4466 est
3402 4406 3462 4464 in
3489 4425 3596 4470 me.

2271 4495 2360 4554 67.
2393 4497 2440 4558 Α
2467 4497 2568 4556 Dei
2592 4499 2855 4570 sapientia
2883 4505 3007 4556 sunt
3031 4498 3216 4566 alieni,
3244 4497 3339 4570 qui
3363 4500 3656 4557 secundum
3679 4513 3806 4556 ear-

2201 4602 2315 4646 item
2333 4587 2687 4658 mundumque
2714 4587 2949 4660 sapiunt.
2980 4618 3052 4630 -—
3081 4587 3228 4656 Quid
3258 4586 3363 4644 hoc
3392 4589 3515 4646 loco
3545 4587 3802 4662 abyssum

2199 4673 2308 4732 nisi
2337 4675 2502 4735 corda
2515 4675 2808 4742 hominum
2830 4684 2989 4736 vocat
3004 4676 3032 4732 ‘i
3058 4692 3179 4750 qua:
3199 4683 3253 4732 et
3272 4690 3369 4749 per
3391 4677 3612 4748 lapsum
3637 4672 3806 4734 fluida

2199 4773 2253 4824 et
2281 4781 2377 4839 per
2404 4767 2744 4840 duplicitatis
2757 4774 2888 4824 sunt
2910 4766 3202 4838 caliginem
3231 4766 3546 4826 tenebrosa.
3569 4766 3708 4835 Qua
3726 4763 3803 4824 uiv

2199 4855 2404 4912 mirum
2430 4857 2662 4929 abyssus
2686 4871 2799 4912 non
2823 4871 2938 4910 esse
2969 4855 3028 4911 in
3057 4870 3116 4912 se
3131 4853 3278 4912 hanc
3307 4855 3642 4928 sapientiam
3670 4870 3804 4927 pro—

2198 4945 2404 5015 fitetur,
2435 4945 2565 5019 quia
2591 4945 2783 5020 iniqua
2811 4962 2965 5001 mens
2989 4943 3122 5002 dum
3148 4961 3264 5002 esse
3278 4944 3497 5018 sapiens
3510 4943 3804 5002 carnaliter

2197 5035 2424 5108 appetit,
2445 5035 2671 5093 stultam
2701 5051 2758 5092 se
2785 5035 2854 5091 ad
2883 5035 3155 5108 spiritalia
3181 5034 3442 5092 ostendit.
3475 5036 3620 5092 Nam
3652 5032 3800 5108 quia,

2198 5131 2332 5184 teste
2361 5127 2552 5198 Paulo,
2585 5125 2856 5199 Sapientia
2884 5125 3044 5204 hujus
3073 5127 3258 5184 mundi
3284 5126 3519 5184 stultitia
3556 5132 3636 5182 est
3661 5123 3802 5196 apud

2265 5303 2288 5337 “
2317 5300 2528 5368 Germ.,
2558 5300 3242 5358 voluntatemeivistimantes
3268 5301 3390 5368 Dei,
3423 5302 3651 5359 delicias
3665 5301 3800 5356 coin-

2192 5373 2537 5446 quinationis.
2597 5372 2760 5446 Gorb.
2782 5445 2785 5446 ν
2805 5374 3015 5446 Germ.,
3052 5375 3380 5429 voluntatem
3437 5375 3801 5446 existimantes

2193 5443 2318 5516 diei,
2348 5444 2561 5516 delicias
2580 5443 3040 5515 coinquinationis.
3073 5445 3311 5512 Bellov.,
3343 5446 3538 5502 delicta
3567 5444 3801 5516 coinqui-

2192 5515 2446 5589 nationis,
2505 5517 2807 5576 secundum
2866 5523 3083 5573 textum
3136 5516 3411 5585 Graecum,
3468 5515 3800 5589 coinquina-

2193 5587 2375 5640 tiones.

2188 5655 2485 5784 ...Iu?l§f.;z
2518 5658 2702 5729 Βθθσυ
2731 5659 2970 5730 Ws»
2999 5658 3172 5730 Ρτειη
3201 5659 3451 5729 Ειηνοίου,
3484 5659 3570 5718 δια
3597 5662 3670 5719 ab
3706 5662 3800 5718 hac
