3946 6384
131 336 185 400 77
893 324 1265 384 MORALIUM
1303 327 1437 387 LIB.
1480 325 1683 387 XVIII.
1722 354 1795 371 --
1831 324 2060 385 CAPUT
2099 327 2335 385 XXVIII
2375 328 2434 381 Β.
2475 328 2616 383 JOB.
3336 330 3404 386 78

129 462 273 523 Deum
300 454 353 528 (1
385 454 508 513 Cor.
543 470 630 525 tu,
664 452 778 525 19),
814 459 969 513 tanto
999 452 1231 531 quisque
1259 450 1497 527 amplius
1537 451 1689 513 intus
1724 449 1777 513 Α
1806 448 1991 504 vestris
2025 448 2237 519 (Matth.
2269 466 2348 519 χι,
2381 450 2497 523 28).
2532 448 2678 517 Quid
2708 451 2856 509 enim
2886 451 2943 511 in
2972 453 3074 511 hac
3102 452 3218 508 vita
3256 454 3404 511 labo-

130 547 306 609 stultus
331 543 408 617 ﬁt,
451 548 659 619 quanto
697 549 928 605 conatur
970 542 1214 603 exterius
1242 542 1460 616 sapiens
1489 544 1689 603 videri.

130 640 199 693 De
223 634 313 697 hac
355 630 549 704 abysso
578 647 675 705 per
702 631 968 695 Joannem
1015 632 1252 693 dicitur:
1298 632 1417 691 Vidi
1449 635 1694 705 angelum

130 726 472 787 descendente?!
516 723 579 786 de
628 724 778 798 creto,
824 724 1094 785 habentem
1146 726 1343 785 clavem
1396 724 1596 801 abyssi,
1648 730 1696 783 et

129 826 333 881 arteriam
358 832 596 893 magnam
628 816 688 875 in
735 832 901 877 mnu
927 832 1027 878 sua
1052 833 1072 887 ,'
1100 823 1148 877 et
1179 816 1523 891 apprehendit
1551 815 1694 873 dra-

128 926 279 973 conem
302 912 583 982 serpentem
609 905 913 980 antiquum,
949 906 1044 985 qui
1071 913 1145 967 est
1173 906 1438 976 diabolus,
1467 912 1517 965 et
1543 911 1691 961 sata~

128 1016 229 1071 nas,
255 1005 299 1061 et
325 995 505 1071 ligavit
546 1013 665 1057 eum
687 1013 789 1073 per
815 1013 984 1059 annos
1010 996 1176 1069 mille,
1207 1003 1258 1055 et
1287 996 1432 1055 misit
1462 996 1519 1055 in
1545 996 1695 1069 abys-

125 1105 244 1155 sum,
271 1093 317 1145 et
337 1086 546 1152 clausit,
575 1092 624 1147 et
649 1085 882 1160 signavit
899 1103 1058 1157 super
1076 1085 1265 1157 illum,
1275 1092 1335 1141 ut
1360 1103 1467 1143 non
1486 1087 1697 1144 seducet

125 1178 332 1257 carptim
348 1182 537 1253 partes,
554 1176 715 1237 donec
734 1181 1160 1237 consummentur
1177 1176 1323 1232 mitte
1335 1176 1467 1232 anni
1505 1176 1693 1249 (Apoc.

124 1288 210 1345 xx,
241 1270 313 1344 1).
341 1267 653 1331 Millenario
681 1267 888 1329 etenim
917 1283 1150 1329 numero
1178 1285 1291 1329 non
1330 1268 1695 1343 quantitatem

125 1359 384 1433 temporis,
428 1359 527 1423 sed
566 1358 1009 1430 universitatem,
1050 1375 1159 1434 qua
1194 1366 1383 1432 regnat
1428 1359 1695 1428 Ecclesia,

122 1448 428 1524 designavit.
474 1449 758 1523 Antiquae
798 1457 985 1511 autem
1025 1466 1249 1524 serpens
1278 1450 1480 1524 ligatus
1507 1456 1700 1511 catena

121 1541 171 1596 in
219 1539 469 1612 abyssum
526 1539 789 1609 mittitur,
812 1541 830 1574 ί
863 1538 997 1613 quia
1037 1539 1297 1613 religatus
1337 1557 1370 1600 a
1425 1540 1698 1599 bonorum

119 1628 383 1697 cordibus,
429 1628 577 1701 apud
625 1628 985 1702 reproborum
1033 1638 1244 1693 mentes
1298 1630 1569 1698 reclusus,
1621 1629 1700 1685 eis

119 1719 347 1776 atrocius
374 1718 710 1776 dominatur.
742 1719 849 1787 Qui
883 1719 1050 1793 paulo
1080 1727 1201 1793 post
1233 1736 1450 1795 quoque
1491 1719 1558 1775 de
1586 1735 1701 1795 pu-

1803 536 2003 597 riosius
2033 555 2196 614 quam
2229 538 2464 597 terrenis
2495 537 2790 597 desideriis
2810 548 3037 597 aestuare
3069 542 3097 597 ‘P
3127 547 3270 609 589
3309 551 3405 603 aut

1803 635 1936 709 quid
1965 635 2058 694 hic
2086 635 2327 708 quietius
2357 652 2521 709 quam
2554 634 2720 707 hujus
2739 636 2928 695 seaculi
2947 636 3092 695 nihil
3123 640 3405 710 appetere?

1806 725 1944 800 [Vet.
1977 728 2081 788 XX
2089 725 2267 800 VIII.]
2301 727 2443 787 Hinc
2486 734 2568 785 est
2597 728 2745 801 quod
2794 728 3127 785 Israeliticus
3175 734 3408 802 populus

1803 816 2109 875 custodiam
2128 817 2351 875 Sabbati
2367 816 2581 889 accepit
2596 817 2655 875 in
2675 834 2902 875 munere
2926 818 3128 889 (Exod.
3153 821 3369 892 xvr,29)
3391 839 3405 889 ;

1805 910 1937 969 hinc
1952 928 1979 967 e
1996 919 2188 969 contra
2198 911 2566 983 estlEgyptus
2583 927 2897 970 muscarum
2917 911 3275 969 multitudine
3295 929 3410 985 pero

1804 1001 2673 1074 cussa(E;rod.vur,21).Populus
2688 1018 2924 1075 namque
2942 1004 3035 1076 qui
3050 1005 3224 1060 Deum
3234 1003 3413 1077 sequi-

1806 1098 1896 1153 tur
1938 1089 2140 1162 accipit
2159 1091 2468 1159 sabbatum,
2492 1089 2550 1147 id
2568 1098 2651 1147 est
2670 1090 2914 1163 requiem
2938 1091 3156 1161 mentis,
3176 1100 3240 1150 ut
3258 1093 3413 1151 nullo

1806 1179 1864 1239 in
1894 1180 1998 1243 hac
2028 1180 2144 1239 vita
2170 1180 2571 1241 desideriorum
2600 1180 2908 1241 carnalium
2938 1182 3184 1254 appetitu
3225 1182 3413 1255 fatige-

1810 1278 1916 1329 tur.
1950 1271 2224 1343 IEgyptus
2239 1286 2372 1330 vero
2399 1286 2524 1343 quae
2561 1269 2730 1342 hujus
2759 1270 2952 1331 mundi
3002 1272 3237 1344 speciem
3268 1281 3417 1330 tenet

1807 1360 2013 1420 muscis
2034 1361 2363 1433 percutitur.
2394 1362 2585 1421 Musca
2613 1361 2763 1421 enim
2794 1362 2962 1419 nimis
2992 1362 3234 1421 insolens
3261 1372 3316 1419 et
3334 1364 3417 1420 in-

1808 1452 2057 1525 quietum
2087 1453 2293 1511 animal
2324 1460 2426 1513 est.
2465 1454 2530 1513 In
2567 1469 2675 1525 qua
2700 1452 2834 1525 quid
2862 1453 3015 1511 aliud
3039 1471 3202 1527 quam
3254 1456 3415 1512 inso-

1808 1542 1979 1603 lentes
2024 1558 2169 1603 curm
2216 1541 2619 1603 desideriorum
2661 1541 2972 1603 carnalium
2997 1542 3360 1617 designantur
3387 1547 3415 1605 ?

1814 1631 1962 1689 Unde
1991 1632 2128 1693 alias
2162 1631 2403 1693 dicitur:
2436 1633 2630 1693 Mutare
2656 1632 2934 1689 morientes
2967 1634 3203 1703 perdunt
3224 1635 3416 1691 suavi~

1811 1726 1965 1779 tatem
1992 1721 2454 1792 unguenti(Eccle.
2486 1737 2546 1787 Χ,
2579 1720 2662 1789 1),
2693 1720 2823 1791 quia
2843 1720 3205 1791 cogitationes
3233 1739 3419 1795 super.

121 1815 197 1865 teo
223 1808 401 1883 abyssi
421 1808 584 1865 educi
606 1808 961 1879 describitur,
982 1809 1113 1883 quia
1136 1808 1203 1866 de
1233 1808 1551 1883 iniquorum
1582 1824 1698 1865 cor—
1732 1818 1780 1880 Β
1811 1809 1955 1878 ﬂuae,
1987 1827 2107 1883 quae
2155 1809 2373 1866 assidue
2434 1808 2491 1864 in
2555 1807 2745 1863 animo
2772 1808 3018 1869 carnalia
3063 1810 3338 1883 cogitante
3366 1821 3421 1871 et

116 1898 265 1958 dibus
304 1914 454 1956 nunc
488 1900 703 1961 occulte
730 1898 1107 1967 smvientibus,
1137 1907 1273 1957 tunc
1314 1904 1534 1970 accepta
1561 1915 1705 1955 con-

114 1996 189 2046 tra
212 1987 520 2049 Ecclesium
542 1996 830 2061 potestate,
862 1988 921 2046 in
943 1989 1059 2045 vim
1081 1998 1279 2062 apertis
1308 1987 1706 2063 persecutionis

113 2079 132 2115 ³
158 2085 416 2150 erumpet.
447 2078 587 2136 Hac
613 2077 799 2151 itaque
835 2077 1087 2151 abyssus,
1128 2079 1187 2135 in
1235 2095 1343 2153 qua
1388 2095 1537 2136 nunc
1576 2077 1706 2135 dia-

112 2167 257 2225 belus
282 2175 545 2247 servatur
573 2168 845 2239 occultus,
893 2184 1006 2225 non
1035 2184 1151 2227 esse
1195 2168 1255 2224 in
1293 2184 1351 2225 se
1378 2167 1704 2241 sapientiam

112 2257 253 2327 dicit,
282 2258 413 2331 quia
440 2258 693 2317 alienam
721 2276 778 2316 se
823 2275 856 2319 a
883 2275 1015 2317 vera
1041 2258 1311 2333 sapientia
1338 2258 1549 2331 iniquis
1576 2270 1707 2330 opes

111 2349 250 2407 ribus
266 2349 539 2408 ostendit.
573 2351 717 2407 Dum
747 2349 897 2407 enim
925 2350 1194 2410 malitiam
1225 2350 1458 2423 quisque
1483 2347 1621 2421 tegit
1648 2346 1707 2403 in

110 2440 280 2511 corde,
318 2456 413 2497 ore
442 2447 638 2501 uatem
666 2440 1049 2499 blandimenta
1092 2439 1341 2509 exhibet,
1385 2439 1518 2496 dum
1548 2436 1709 2510 cogi-

109 2530 327 2588 tatioues
366 2547 508 2595 suas
547 2529 874 2604 duplicitate
917 2530 1227 2600 obnubilat,
1270 2530 1404 2587 dum
1452 2529 1711 2603 puritatis

109 2620 260 2677 verba
278 2621 439 2695 quasi
470 2620 793 2679 fatuitatem
823 2620 1055 2691 devitat,
1087 2622 1108 2658 ⁸
1130 2620 1264 2677 dum
1293 2620 1411 2677 vias
1439 2618 1710 2692 simplicis

109 2709 428 2772 innocentiae
464 2710 737 2780 declinat,
782 2710 939 2785 quasi
981 2709 1183 2772 habere
1231 2727 1288 2768 se
1333 2709 1565 2783 abyssus
1609 2710 1709 2766 Dei

105 2800 422 2872 sapientiam
468 2808 714 2863 recusat.
755 2800 830 2858 Et
886 2799 1017 2873 quis
1070 2798 1205 2860 huic
1246 2797 1456 2857 mundo
1499 2806 1711 2859 mentes

108 2886 291 2949 dedita
317 2888 625 2966 praestitis
662 2887 793 2949 vita
813 2888 963 2948 curis
991 2895 1047 2947 et
1078 2885 1551 2948 sollicitudinibus
1577 2901 1714 2956 per-

110 2977 419 3047 turbantur,
454 2984 513 3033 et
542 2975 753 3037 idcirco
802 2975 1050 3047 ejusdem
1090 2974 1372 3048 sapientius
1400 2971 1712 3047 tranquilli-

107 3075 204 3129 tate
256 3067 483 3143 perfrui
540 3081 889 3140 nequaquam
946 3072 1199 3139 possunt,
1256 3071 1402 3122 recte
1468 3061 1715 3136 subjun-

681 3242 912 3303 CAPUT
934 3243 1135 3306 XLIII.
1568 3314 1577 3320 ,

164 3356 304 3415 Iesu.
332 3384 412 3403 --
440 3353 523 3415 Et
545 3367 694 3425 mare
723 3352 992 3422 loquitur:
1021 3352 1144 3411 Non
1180 3356 1254 3406 est
1280 3366 1496 3407 mecum.

166 3444 253 3501 68.
287 3445 382 3502 Ea
411 3459 530 3499 non
554 3441 840 3513 fruuntur,
857 3440 952 3512 qui
980 3442 1208 3498 terrenis
1222 3440 1602 3496 distrahuntur
1629 3455 1718 3494 eu-

101 3532 193 3591 ris.
226 3563 301 3581 —-
330 3531 494 3602 Quid
536 3529 687 3588 enim
729 3528 899 3589 maris
942 3529 1170 3591 nomine
1216 3529 1326 3587 nisi
1372 3529 1718 3587 saecularium

104 3622 123 3656 ⁸
152 3622 432 3679 mentium
481 3636 669 3681 amara
713 3618 1040 3694 inquietudo
1089 3618 1383 3693 signatur?
1424 3619 1557 3687 Quae
1585 3619 1719 3676 dum

100 3727 151 3768 se
192 3712 458 3775 vicissim
504 3708 820 3769 inimicitiis
850 3710 1148 3784 impetum,
1191 3709 1349 3784 quasi
1369 3709 1722 3767 adversantes

101 3819 152 3859 se
177 3803 349 3861 undas
379 3801 688 3862 collidunt.
734 3803 903 3859 Recte
948 3802 1153 3859 etenim
1192 3816 1344 3858 mare
1384 3801 1499 3857 vita
1544 3818 1722 3859 saecu-

101 3892 294 3951 larium
331 3892 583 3961 dicitur,
612 3890 746 3964 quia
776 3889 908 3947 dum
938 3890 1256 3962 procellosis
1285 3891 1569 3948 actionum
1598 3907 1724 3947 mo-

104 3980 242 4040 tibus
271 3981 632 4051 concitatur,
661 3980 731 4037 ab
770 3980 1001 4037 internm
1042 3981 1323 4054 sapientiae
1352 3981 1534 4055 quiete
1564 3987 1726 4055 atque

103 4071 413 4135 stabilitate
452 4068 816 4143 disiungitur.
865 4069 987 4139 Quo
1036 4076 1227 4129 contra
1269 4069 1408 4127 bene
1452 4086 1550 4143 per
1602 4086 1725 4143 pro-

103 4160 323 4232 Phstam.
354 4160 611 4225 dicitur:
648 4161 821 4233 Super
847 4177 1001 4232 quam
1024 4160 1309 4232 requiescet
1321 4160 1543 4233 spiritus
1561 4175 1725 4228 meus,

105 4251 201 4311 nisi
228 4269 403 4325 super
433 4250 694 4312 humilem
719 4256 771 4311 et
794 4249 1048 4322 quietum,
1078 4256 1127 4309 et
1154 4256 1450 4309 tranantem
1468 4265 1730 4306 sermones

104 4358 233 4403 mos
266 4341 442 4415 (Ioui.
509 4357 667 4419 var,
690 4341 795 4414 υτ
844 4342 894 4401 Α
934 4340 1169 4400 terrenis
1209 4348 1392 4398 autem
1451 4339 1730 4398 mentibus

106 4437 254 4491 tanto
284 4431 527 4505 longius
545 4430 776 4509 spiritus
799 4429 961 4503 fugit,
982 4439 1189 4504 quanto
1207 4430 1353 4504 apud
1373 4430 1474 4489 has
1488 4429 1728 4504 quietem

106 4537 212 4583 non
240 4520 498 4582 invenit.
524 4520 670 4580 Hinc
695 4526 777 4578 est
804 4520 953 4579 enim
975 4520 1124 4594 quod
1169 4520 1237 4577 de
1274 4519 1603 4594 quibusdam
1634 4535 1734 4593 per

107 4610 465 4674 Psalmiatam
511 4608 754 4670 dicitur:
806 4612 1069 4668 Contriiio
1114 4620 1162 4668 et
1199 4611 1484 4683 infelicitas
1526 4612 1584 4667 in
1629 4612 1731 4666 aiis

108 4717 304 4771 eam,
334 4709 389 4762 et
418 4702 576 4761 viam
600 4700 753 4772 pacis
780 4718 885 4758 non
906 4707 1259 4772 cognoverunt
1284 4701 1458 4773 (Psal.
1490 4717 1616 4769 xm,
1644 4699 1724 4774 3).

110 4793 157 4848 Δ
181 4809 289 4867 qua
318 4791 610 4853 nimirum
636 4791 977 4849 contritione
1005 4790 1436 4864 perturbationis
1478 4807 1579 4847 nos
1610 4792 1732 4847 Do-

111 4882 292 4942 minus
320 4890 587 4952 revocat,
620 4880 843 4940 dieans:
884 4882 1057 4943 Venite
1083 4884 1155 4938 ad
1184 4900 1284 4952 me,
1312 4899 1487 4941 omnes
1514 4881 1607 4953 qui
1640 4883 1733 4937 la—

114 4970 307 5031 boratis
352 4981 408 5032 at
455 4972 675 5031 onerati
713 4973 860 5039 eatis,
894 4978 957 5028 ’et
996 4990 1085 5044 ego
1126 4990 1217 5028 eos
1261 4972 1499 5045 reﬁciam
1520 4990 1539 5037 ;
1569 4972 1734 5027 tollite

103 5060 289 5135 iugum
320 5081 513 5123 meum
554 5080 719 5136 super
760 5080 874 5130 eos,
917 5069 968 5119 et
1010 5062 1192 5119 discite
1218 5080 1255 5119 α
1290 5078 1392 5128 uss,
1422 5062 1550 5133 quia
1590 5060 1735 5117 mitis

114 5168 226 5207 sum
252 5160 305 5213 st
348 5152 589 5212 humilis
613 5152 789 5220 corda,
819 5158 870 5210 et
892 5150 1170 5211 invenistis
1194 5150 1431 5223 requiem
1456 5150 1736 5208 aninmbus

188 5353 466 5438 ‘Normi,
501 5367 632 5439 quia
682 5368 966 5441 relegatus.
1010 5366 1163 5425 Editi
1203 5384 1394 5425 omnes
1441 5383 1567 5427 cum
1619 5365 1745 5423 aliis

116 5441 266 5511 Mss.,
296 5442 597 5513 religatus.

159 5514 207 5595 ..²
237 5510 470 5595 βςτπιῖι
506 5511 748 5595 Gemma
779 5512 803 5566 1
838 5511 1014 5595 Laud.
1050 5519 1105 5572 et
1132 5510 1297 5574 Corb.
1331 5511 1544 5595 Germ”
1572 5525 1748 5568 erum-

113 5582 208 5653 pit.
235 5585 269 5643 2
535 5555 826 5657 utramque
856 5555 1514 5657 iécuénéfmviiiﬁbed‘iiiii

153 5657 206 5736 _°
236 5657 437 5739 Aliter.
483 5670 620 5711 cum
660 5653 852 5739 ﬁerm.
899 5663 952 5711 et
982 5655 1146 5714 Corb.
1198 5653 1412 5726 Germ,
1458 5654 1589 5717 dum
1633 5653 1749 5710 vias

120 5729 810 5868 Wi'ieiigﬁoinmeiiiim
839 5798 1148 5865 amaritudo
1175 5799 1439 5879 signatur.

1812 1908 2116 1961 nascuntur
2141 1908 2196 1961 et
2222 1898 2508 1969 deﬁciunt,
2540 1914 2660 1957 eam
2689 1898 3019 1957 suavitatem
3048 1901 3068 1939 ⁵
3101 1917 3208 1973 qua
3236 1919 3419 1960 unus-

1814 1996 2045 2070 quisque
2074 1993 2405 2055 intrinsecus
2420 2009 2516 2066 per
2536 1991 2795 2064 spiritum
2812 1999 3013 2050 unctus
3041 2002 3127 2050 est
3157 1996 3416 2067 perdunt,

1814 2085 2076 2160 quoniam
2125 2083 2441 2155 integritate
2486 2081 2604 2155 ejus
2651 2081 2859 2153 perfrui
2912 2099 3025 2145 non
3066 2085 3416 2155 permittunt.

1814 2178 2090 2250 Egyptus
2118 2192 2247 2249 ergo
2277 2172 2483 2233 muscis
2512 2173 2839 2245 percutitur,
2875 2171 3006 2245 quia
3034 2193 3225 2233 eorum
3254 2176 3420 2233 corda

1815 2275 1910 2350 qui
1954 2282 2228 2332 terrenam
2268 2273 2439 2330 vitam
2485 2270 2746 2343 diligunt,
2780 2273 2801 2307 ⁸
2830 2270 2963 2327 (Ιιιω
3014 2266 3420 2326 desideriorum

1815 2356 2042 2423 suarum
2073 2362 2552 2438 inquietudinibus
2580 2362 2879 2429 feriuntur,
2908 2360 3090 2416 turbis
3119 2356 3423 2431 cogitatio-

1817 2472 1950 2512 num
1976 2455 2280 2512 carnalium
2310 2452 2379 2509 ad
2408 2453 2521 2508 ima
2547 2452 2802 2524 depressa
2847 2458 2996 2517 sunt,
3034 2456 3096 2504 ut
3122 2447 3192 2504 ad
3221 2445 3423 2519 quietis

1817 2542 2030 2600 intimae
2078 2542 2414 2599 desiderium
2456 2557 2571 2598 non
2614 2541 2890 2597 leventur.
2926 2538 3081 2594 Unde
3127 2552 3254 2592 cum
3286 2534 3425 2591 mira

1818 2648 1919 2713 ope
1950 2640 2172 2714 pietatis
2198 2640 2268 2697 ad
2293 2656 2390 2698 cor
2416 2638 2622 2696 veritas
2650 2636 2826 2705 venit,
2848 2635 3003 2709 prius
3029 2635 3100 2691 ab
3128 2650 3193 2690 eo
3220 2631 3422 2704 cogita-

1817 2732 2035 2788 tionum
2065 2730 2371 2788 carnalium
2400 2736 2566 2786 aestus
2592 2726 2764 2800 ejicit,
2796 2734 2850 2783 et
2881 2733 3002 2799 post
3031 2725 3093 2781 in
3142 2740 3207 2780 eo
3236 2722 3425 2777 virtu-

1819 2829 1937 2877 tum
1968 2820 2114 2877 dona
2142 2819 2407 2892 disponit.
2441 2817 2600 2886 Quod
2627 2817 2766 2874 bene
2798 2815 2959 2872 nobis
2988 2829 3139 2871 sacra
3168 2813 3429 2883 Evange-

1819 2909 1883 2963 lii
1927 2908 2161 2963 historia
2192 2908 2401 2975 innuit,
2448 2908 2507 2962 in
2553 2924 2661 2979 qua
2717 2905 2851 2961 dum
2892 2904 2962 2961 ad
2991 2901 3427 2961 resuscitandam

1821 2996 1994 3053 ﬁliam
2018 2994 2287 3067 principis
2314 2993 2582 3051 invitatus
2610 2994 2883 3049 Dominus
2901 2993 3215 3060 duceretur,
3246 2989 3432 3061 proti-

1820 3101 1926 3143 nus
1954 3082 2179 3141 additur
2208 3100 2220 3138 :
2254 3082 2328 3138 Et
2354 3098 2471 3136 cum
2524 3078 2684 3149 ejecta
2712 3085 2840 3135 esset
2888 3079 3068 3145 turba,
3098 3077 3350 3145 intravit,
3385 3082 3434 3133 et

1738 3181 1786 3243 ο
1822 3176 1984 3233 tenuit
2008 3189 2225 3231 manum
2244 3171 2378 3241 ejus,
2407 3177 2454 3227 et
2481 3170 2720 3225 surrexit
2734 3172 2917 3240 puella
2952 3169 3164 3241 (Matth.
3201 3184 3281 3237 ix,
3312 3168 3430 3240 25).

1825 3268 1993 3323 Foras
2021 3279 2150 3335 ergo
2177 3259 2341 3317 turba
2369 3258 2611 3329 ejicitur,
2645 3265 2711 3313 ut
2740 3259 2925 3330 puella
2956 3258 3275 3324 suscitetur,
3307 3256 3436 3330 quia

1826 3355 1873 3412 si
1900 3370 2014 3410 non
2044 3351 2200 3425 prius
2227 3367 2259 3407 a
2286 3347 2683 3413 secretioribus
2711 3348 2896 3406 cordis
2916 3347 3214 3420 expellitur
3233 3347 3436 3420 impor-

1825 3455 1964 3503 tuna
2001 3442 2348 3501 saecularium
2392 3441 2701 3498 multitudo
2757 3458 3039 3509 curarum,
3087 3440 3272 3496 anima
3316 3456 3436 3513 qua;

1829 3535 2163 3592 intrinsecus
2184 3532 2332 3606 jacet
2360 3539 2580 3589 mortua
2615 3547 2727 3587 non
2761 3530 3021 3602 resurgit.
3052 3532 3188 3587 Nam
3220 3529 3353 3587 dum
3381 3547 3438 3586 se

1830 3642 1926 3699 per
1952 3626 2270 3685 innumeras
2284 3630 2628 3680 terrenorum
2644 3621 3047 3679 desideriorum
3081 3620 3440 3691 cogitationes

1830 3717 2059 3790 spargit,
2088 3714 2157 3771 ad
2190 3711 2689 3772 considerationem
2720 3712 2807 3768 sui
2838 3728 2954 3768 sese
2984 3711 3302 3767 nullatenus
3331 3710 3439 3766 col-

1832 3806 1975 3880 ligit.
2009 3808 2071 3862 In
2100 3805 2189 3861 his
2214 3804 2402 3878 itaque
2432 3801 2885 3877 inquietudinum
2904 3800 3166 3858 ﬂuctibus
3193 3799 3441 3855 habitare

1832 3897 2159 3973 sapientiam
2185 3912 2298 3952 non
2326 3910 2483 3967 posse
2500 3910 2858 3965 cognoscens,
2885 3893 2963 3948 ait
2984 3911 2995 3947 :
3013 3895 3087 3949 Et
3108 3909 3257 3946 mare
3275 3889 3441 3960 loqui-

1836 3995 1925 4045 tur
1954 4007 1969 4045 ηε
2029 3989 2152 4044 Νοη
2207 3992 2283 4042 est
2328 4001 2551 4041 meeum.
2583 3980 2783 4040 Nullus
2839 3982 3041 4053 quippe
3090 3995 3209 4034 eam
3240 3978 3444 4048 7plene

1835 4078 2053 4151 recipit,
2082 4076 2192 4132 nisi
2239 4074 2334 4148 qui
2379 4073 2446 4129 ab
2491 4072 2647 4128 omni
2688 4086 2744 4125 se
2795 4067 3113 4125 abstrahere
3160 4066 3444 4125 actionum

1837 4168 2141 4227 carnalium
2172 4164 2531 4222 ﬂuctuatione
2560 4160 2866 4219 contendit.
2894 4160 3048 4217 Unde
3070 4168 3124 4217 et
3155 4159 3290 4216 alias
3312 4157 3447 4215 dici-

1836 4267 1973 4315 tur:
2009 4254 2280 4328 Sapientia
2323 4254 2509 4309 scribta
2534 4252 2593 4308 in
2623 4260 2849 4323 tempore
2896 4250 3013 4315 otii,
3071 4256 3118 4305 et
3145 4248 3238 4320 qui
3282 4248 3449 4302 miuo-

1836 4356 1998 4406 ναίω·
2050 4352 2194 4411 actis,
2222 4344 2333 4417 ipse
2355 4342 2611 4419 percipiet
2655 4360 2769 4398 eam
2797 4340 2996 4411 (Eccli.
3047 4356 3296 4407 xxxvm,
3326 4337 3447 4407 25).

1838 4442 1911 4497 Et
1940 4454 2204 4495 rursum:
2264 4436 2452 4496 Vacat:
2508 4441 2557 4489 et
2609 4433 2797 4499 videte,
2827 4434 2848 4468 ⁸
2879 4432 3137 4507 quoniam
3190 4447 3279 4504 ego
3334 4445 3453 4485 sum

1756 4555 1807 4615 Ι)
1843 4532 1984 4588 Dens
2021 4529 2203 4601 (Psai.
2236 4545 2329 4593 Lv,
2362 4527 2479 4597 11).

1913 4620 2053 4697 [νει.
2086 4615 2314 4690 ΧΧΙΧ.]
2346 4616 2435 4673 69.
2468 4614 2587 4673 Nisi
2615 4613 2688 4669 eis
2716 4629 2824 4668 non
2855 4619 3067 4668 terreno
3098 4609 3274 4667 studio
3332 4625 3455 4664 ser-

1835 4713 2039 4770 utatur.
2070 4738 2142 4750 —
2166 4707 2273 4763 Sed
2299 4705 2435 4784 quid
2456 4714 2538 4762 est
2563 4704 2711 4779 quod
2741 4704 3041 4777 plerosque
3099 4700 3455 4774 antiquorum

1836 4810 2056 4877 patrum
2094 4798 2356 4856 novimus
2385 4796 2530 4853 hanc
2559 4794 2882 4867 sapientiam
2916 4802 2969 4849 et
3005 4792 3343 4849 intrinsecus
3362 4788 3458 4844 vi-

1838 4874 2051 4948 vaciter
2063 4886 2327 4954 tenuisse,
2349 4892 2403 4941 et
2431 4900 2593 4942 curas
2608 4881 2803 4937 mundi
2826 4880 3182 4937 extrinsecus
3202 4874 3457 4935 solemni-

1840 4987 1927 5037 ter
1952 4976 2296 5035 ministrasse
2323 4975 2543 5047 (Genes.
2577 4991 2694 5043 xm,
2730 4972 2820 5043 43,
2853 4972 3002 5041 etc.)
3031 4972 3058 5027 ⁵1
3102 4971 3191 5025 An
3239 4978 3456 5043 percep-

1842 5067 1993 5125 tione
2020 5064 2191 5138 hujus
2218 5063 2502 5138 sapientia:
2522 5062 2722 5134 Ioseph
2752 5061 3034 5139 privatum
3060 5056 3339 5122 dicimus,
3363 5049 3459 5125 qui

1847 5157 2012 5215 famis
2037 5164 2285 5230 tempore
2310 5154 2483 5213 totius
2511 5153 2741 5227 Egypti
2767 5167 2927 5207 curas
2955 5145 3283 5223 suscipiens,
3347 5158 3460 5203 non

1924 5370 1944 5405 ⁸
1974 5370 2008 5426 2
2035 5366 2209 5423 Laud.
2219 5408 2235 5435 ,
2262 5382 2423 5437 quam
2449 5359 2873 5432 unusquisque...
2904 5359 3093 5411 unctus
3137 5353 3314 5420 habet,
3340 5370 3464 5426 per-

1854 5441 2137 5567 duiniieest
2180 5510 2306 5564 dum
2348 5505 2408 5563 in
2437 5505 2654 5571 Norm.,
2683 5502 2895 5571 Germ,
2926 5502 2959 5559 2
2988 5498 3163 5560 Laud.
3196 5506 3253 5557 et
3297 5495 3460 5557 Corb.

1857 5584 2044 5642 Germ.

1931 5657 1951 5691 ⁷
1985 5655 2223 5720 Gemet.,
2250 5652 2431 5724 plane.

1934 5727 1956 5763 ⁸
1985 5727 2176 5789 Norm.
2209 5715 2267 5787 et
2289 5723 2392 5797 pl.,
2422 5718 2678 5795 quoniam
2705 5737 2794 5793 ego
2817 5734 2935 5779 sum
2961 5715 3241 5778 Dominus.
