3946 6368
536 334 604 396 ’19
1739 331 1991 390 SANCTI
2027 332 2366 391 GREGORII
2403 331 2630 391 MAGNI
3763 339 3828 395 80

532 466 710 524 solum
737 459 1016 534 Egyptiis
1034 458 1299 518 alimenta
1316 457 1571 534 praebuit,
1592 457 1687 516 sed
1706 457 1879 515 vitam
1905 473 2121 532 quoque
2150 458 2204 519 Α
2234 465 2295 516 ut
2322 459 2474 518 aliud
2492 460 2828 520 intrinsecus
2847 470 3000 531 voto,
3028 459 3181 518 aliud
3210 460 3559 519 extrinsecus
3585 471 3828 524 teneatur

531 559 846 610 exterorum
899 546 1319 606 advenientium
1367 544 1664 604 ministerii
1719 545 1806 602 sui
1854 552 1971 601 arte
2016 561 2126 602 ser-

530 639 686 698 vavit
705 638 742 698 ‘i
767 638 858 696 An
881 637 951 696 ab
978 637 1084 696 hac
1109 635 1380 711 sapientia
1404 635 1596 694 Daniel
1625 634 1838 691 alienus
1888 632 2124 703 exstitit,

529 729 627 806 qui
655 746 688 787 a
714 727 1103 788 Chaldaeorum
1131 742 1256 800 rege
1285 726 1345 783 in
1378 723 1685 799 Babylonia
1726 723 1984 798 princeps
2014 739 2124 780 ma-

529 818 861 894 gistratuum
915 817 1162 887 effectus,
1206 821 1365 872 tanto
1416 811 1720 886 majoribus
1770 812 1922 870 curis
1949 829 2128 871 occu—

529 914 690 982 patus
715 913 818 976 est,
847 913 1055 980 quanto
1101 911 1157 961 et
1202 902 1519 962 sublimiori
1559 901 1830 976 dignitate
1868 901 2128 958 omnibus

529 997 787 1071 praelatus
813 995 988 1068 (Dan.
1019 1012 1083 1064 ιι,
1112 995 1212 1067 48)
1231 994 1262 1052 ?
1290 993 1429 1052 Cum
1450 992 1622 1066 igitur
1648 1000 1864 1051 constet
1890 993 2128 1066 plerum-

529 1101 637 1161 que
663 1085 829 1143 etiam
855 1085 1032 1143 bonos
1058 1100 1173 1142 non
1214 1091 1436 1141 terreno
1480 1081 1669 1141 studio
1698 1081 1936 1140 terrenis
1975 1082 2128 1140 curis

527 1173 828 1250 implicari,
853 1182 1102 1249 patenter
1119 1173 1469 1249 agnoscimus
1483 1172 1614 1248 quia
1627 1171 1710 1231 sic
1727 1188 2126 1248 nonnunquam

525 1265 678 1325 cives
702 1266 1005 1324 Jerusalem
1046 1265 1296 1339 angarias
1317 1265 1546 1321 solvunt
1590 1263 1936 1337 Babyloniae,
1983 1263 2129 1320 sicut

527 1372 669 1430 saepe
687 1355 838 1414 cives
856 1355 1175 1430 Babyloniae
1190 1354 1521 1427 impendunt
1537 1353 1788 1426 angarias
1801 1354 2123 1410 Jerusalem.

524 1445 663 1502 Nam
682 1451 815 1502 sunt
836 1445 1097 1502 nonnulli
1118 1444 1215 1518 qui
1234 1443 1468 1502 verbum
1497 1443 1628 1500 vitae
1650 1458 1750 1516 pro
1770 1443 1889 1499 sola
1915 1441 2126 1514 sapien-

522 1538 616 1597 τίω
667 1537 1034 1597 ostentatione
1085 1538 1408 1611 praedicant,
1451 1537 1929 1610 eleemosynarum
1965 1552 2126 1610 opem

522 1641 624 1700 pro
647 1624 896 1700 appetitu
921 1641 1078 1683 vanae
1108 1625 1296 1698 gloria
1323 1624 1767 1684 subministrant.
1799 1625 1872 1682 Et
1900 1625 2125 1700 quidem

523 1715 826 1774 Jerusalem
853 1713 1118 1772 videntur
1142 1730 1259 1773 esse
1278 1730 1401 1789 quae
1429 1722 1622 1788 agunt,
1651 1714 1748 1772 sed
1766 1718 1912 1778 590
1939 1722 2124 1773 tamen

525 1810 846 1886 Babylonia
873 1810 1024 1870 cives
1050 1817 1201 1868 sunt.

597 1899 685 1959 70.
716 1900 829 1959 Deo
854 1900 958 1958 soli
972 1918 1161 1958 vacare
1176 1901 1495 1973 cupiendum
1521 1907 1615 1969 est,
1644 1906 1692 1957 et
1717 1900 1862 1956 curis
1889 1901 2124 1958 externis

525 2006 592 2048 ea:
615 1990 716 2049 Dei
742 1991 1012 2048 voluntate
1039 1989 1390 2048 serviendum.
1407 1990 1584 2049 —Sic
1612 1991 1797 2066 itaque
1826 1991 2124 2066 aliquando

523 2077 798 2153 contingit
824 2086 889 2136 ut
930 2079 1027 2154 qui
1067 2079 1239 2138 solam
1287 2080 1564 2138 caelestem
1593 2078 1829 2153 patriam
1859 2080 2121 2156 diligunt,

520 2175 753 2225 terrenae
780 2167 972 2242 patriae
1014 2168 1162 2226 curis
1214 2167 1496 2242 subjacere
1525 2168 1841 2227 videantur.
1874 2169 2122 2238 Quorum

521 2262 707 2314 tamen
727 2255 1102 2314 ministerium
1119 2275 1151 2314 a
1179 2274 1476 2332 pravorum
1511 2257 1772 2332 operibus
1799 2259 2123 2334 plerumque

520 2343 583 2402 in
609 2351 759 2415 actu,
787 2360 1187 2420 nonnunquam
1218 2363 1350 2404 vero
1378 2355 1504 2404 ante
1551 2364 1851 2420 supernum
1875 2346 2120 2420 judicem

518 2432 579 2491 in
608 2436 725 2492 sola
752 2435 1086 2508 cogitatione
1101 2435 1455 2492 discernitur.
1479 2435 1634 2492 Pleni
1655 2435 1858 2509 quippe
1886 2453 2122 2508 superna

518 2521 790 2595 sapientia
813 2521 1140 2582 discernunt
1167 2524 1407 2598 qualiter
1448 2523 1687 2581 debeant
1724 2526 1738 2560 ι
1767 2532 1822 2582 et
1847 2525 1920 2582 ad
1968 2524 2122 2582 aliud

520 2625 717 2667 vacare
735 2609 1090 2682 intrinsecus,
1119 2620 1174 2670 et
1201 2612 1273 2670 ad
1300 2612 1455 2670 aliud
1481 2612 1832 2672 extrinsecus
1860 2615 2120 2688 occupari

521 2705 585 2755 ut
611 2697 660 2756 si
689 2697 831 2757 forte
883 2701 1102 2758 occulta
1146 2701 1248 2759 Dei
1279 2699 1629 2760 ordinatione
1657 2702 1873 2777 aliquid
1899 2702 1980 2760 eis
2008 2719 2121 2762 non

519 2788 906 2862 appetentibus
917 2789 986 2846 de
1014 2789 1182 2864 hujus
1194 2791 1382 2848 saeculi
1402 2791 1552 2850 curis
1572 2791 1901 2866 imponitur,
1922 2793 2122 2851 cedant

519 2878 636 2935 Deo
664 2893 827 2952 quem
868 2878 1129 2952 diligunt,
1158 2887 1213 2937 et
1269 2898 1380 2954 prae
1425 2898 1611 2940 amore
1639 2880 1760 2955 ejus
1788 2881 2121 2942 intrinsecus

518 2969 693 3026 solam
722 2966 876 3026 illius
902 2969 1216 3028 desiderent
1246 2972 1518 3030 visionem
1550 2990 1564 3041 ;
1598 2990 1710 3047 prae
1740 2971 1942 3031 timore
1987 2990 2120 3031 vero

515 3056 635 3130 ejus
663 3057 979 3132 impositam
1001 3059 1107 3117 sibi
1124 3060 1473 3120 extrinsecus
1484 3060 1777 3121 humiliter
1806 3063 1830 3098 ³
1859 3064 2120 3136 expleant

513 3146 810 3242 actionem,
834 3154 900 3205 ut
924 3155 982 3205 et
1032 3164 1228 3207 vacare
1255 3151 1371 3208 Deo
1426 3156 1684 3242 appetant
1721 3166 1792 3242 ex
1821 3149 1995 3224 gratia
2020 3150 2119 3208 di-
2155 3179 2200 3242 ο

511 3233 794 3304 lectionis,
820 3243 877 3292 et
929 3253 1149 3295 rursum
1180 3256 1341 3297 curas
1390 3238 1846 3313 superimpositas
1874 3256 1945 3296 ex
1972 3257 2118 3296 con—

516 3321 731 3381 ditione
776 3324 1035 3398 expleant
1080 3328 1385 3386 servitutis.
1418 3327 1670 3402 Cumque
1724 3328 2118 3400 occupationes

515 3414 861 3474 extrinsecus
888 3424 1259 3490 perstrepunt,
1292 3418 1631 3477 intrinsecus
1660 3417 1719 3475 in
1747 3434 1935 3476 amore
1962 3434 2118 3492 paca-

513 3503 734 3562 tissima
747 3505 904 3581 quies
930 3514 1183 3577 tenetur;
1217 3511 1239 3545 ³
1268 3516 1433 3583 atque
1453 3507 1885 3582 occupationum
1910 3508 2118 3564 tumul-

512 3600 606 3654 tus
660 3594 907 3654 exterius
933 3604 1339 3671 perstrepentes
1364 3595 1651 3671 dispensat
1698 3595 1936 3655 interius
1965 3612 2120 3670 pras-

511 3683 698 3742 sidens
743 3683 919 3758 judex
973 3685 1139 3755 ratio,
1170 3693 1226 3742 et
1270 3686 1577 3760 tranquillo
1633 3685 2015 3742 moderamine
2053 3701 2119 3743 ea

512 3785 635 3843 quae
662 3770 811 3829 circa
836 3787 894 3828 se
923 3772 1108 3830 minus
1153 3779 1284 3830 sunt
1312 3772 1619 3846 tranquilla
1663 3772 1929 3846 disponit.
1961 3772 2118 3832 Sicut

511 3857 661 3916 enim
691 3859 851 3933 vigor
877 3861 1080 3920 mentis
1105 3859 1392 3918 frenandis
1412 3867 1610 3934 praeest
1636 3859 1883 3918 motibus
1909 3862 2115 3932 carnis,

509 3948 590 4007 sic
615 3965 757 4023 saepe
784 3951 1240 4026 superimpositos
1264 3951 1541 4009 tumultus
1563 3951 1949 4026 occupationis
1974 3950 2117 4008 bene

510 4036 654 4109 regit
670 4055 828 4097 amor
854 4037 1080 4113 quietis,
1109 4035 1241 4114 quia
1267 4039 1571 4097 exteriores
1599 4055 1746 4096 curae
1773 4038 1821 4095 si
1848 4053 2116 4113 perverso

509 4136 698 4178 amore
753 4139 866 4180 non
908 4134 1263 4198 appetuntur,
1293 4143 1407 4183 non
1434 4126 1692 4196 confuso,
1718 4124 1816 4183 sed
1860 4124 2117 4183 ordinato

508 4207 699 4266 animo
726 4209 1032 4268 ministrari
1060 4221 1292 4285 queunt.
1323 4215 1513 4272 Sancti
1533 4215 1742 4274 etenim
1770 4215 1883 4272 viri
1912 4231 2117 4290 nequa-

508 4312 678 4372 quam
705 4312 797 4354 eas
829 4305 1116 4370 appetunt,
1135 4299 1235 4357 sed
1255 4301 1474 4358 occulto
1493 4301 1688 4359 ordine
1716 4301 1825 4358 sibi
1848 4301 2117 4376 superim-

507 4383 716 4462 positas
742 4393 971 4460 gemunt
1001 4405 1016 4456 ;
1047 4394 1102 4444 et
1131 4388 1388 4462 quamvis
1416 4387 1543 4446 illas
1568 4405 1667 4462 per
1715 4390 2005 4447 meliorem
2033 4390 2116 4447 in-

2152 1817 2199 1878 B

2235 547 2448 618 ofﬁcio;
2482 558 2536 607 et
2563 551 2666 608 hac
2691 551 2960 624 sapientia
3003 565 3118 608 non
3155 547 3274 623 jam
3320 549 3649 608 turbulenta
3674 560 3828 627 atque

2235 639 2485 709 confusa,
2514 640 2611 698 sed
2638 639 2938 714 tranquilla
2966 638 3135 697 corda
3160 637 3499 712 repleantur.
3531 639 3677 696 Bene
3709 657 3828 716 ergo

2234 724 2302 783 de
2329 744 2393 785 ea
2419 729 2625 787 dicitur
2650 728 2781 803 quia
2806 728 3045 801 Abyssus
3089 726 3250 784 dicit:
3282 726 3406 784 Non
3438 732 3515 783 est
3560 727 3619 783 in
3656 745 3757 796 me,
3783 738 3828 788 et

2234 835 2383 876 mare
2408 819 2683 891 loquitur:
2716 820 2837 876 Non
2857 825 2935 875 est
2956 833 3176 874 mecum.
3210 817 3294 874 Ac
3320 813 3369 872 si
3399 822 3587 889 aperte
3613 814 3826 876 dicere-

2234 916 2360 966 tur:
2383 907 2718 965 Perturbatae
2737 915 2947 964 mentes
2967 903 3314 965 saecularium
3341 919 3408 960 eo
3424 903 3547 976 ipso
3576 904 3829 976 clamant,

2235 997 2498 1071 quoniam
2545 1014 2576 1054 a
2603 1013 2734 1053 vera
2767 995 3036 1069 sapientia
3092 994 3254 1066 longe
3291 991 3489 1050 divisae
3537 1000 3690 1062 sunt,
3726 1010 3830 1069 quo

2236 1086 2433 1161 quietae
2463 1103 2573 1144 non
2619 1093 2768 1142 sunt.
2799 1085 2941 1154 Quia
2982 1099 3115 1140 vero
3144 1081 3264 1140 haec
3289 1080 3389 1138 Dei
3419 1080 3689 1154 sapientia
3716 1098 3834 1140 ma-

2236 1192 2374 1232 nens
2399 1194 2523 1233 cum
2556 1177 2714 1232 Patre
2741 1183 2868 1232 ante
2897 1175 3098 1232 saecula
3128 1170 3469 1230 incarnanda
3497 1178 3618 1228 erat
3644 1170 3704 1229 in
3729 1172 3832 1230 ﬁne

2235 1264 2586 1330 saeculorum,
2606 1271 2670 1321 ut
2691 1264 2761 1320 ad
2780 1261 3164 1320 redimendum
3192 1275 3363 1333 genus
3383 1257 3696 1316 humanum
3722 1276 3826 1316 non

2235 1362 2454 1410 sanctos
2480 1355 2724 1426 angelos,
2754 1371 2866 1410 non
2885 1351 3066 1424 justos
3086 1350 3345 1408 homines
3362 1348 3633 1418 mitteret,
3665 1348 3757 1406 sed
3776 1348 3826 1405 iu

2236 1443 2677 1500 manifestatione
2717 1444 2740 1478 ‘
2769 1441 3004 1499 visionis
3050 1457 3149 1514 per
3199 1437 3559 1511 semetipsam
3602 1437 3833 1507 veniret,

2236 1539 2377 1588 recte
2404 1530 2797 1604 subjungitur:

2596 1656 2827 1718 CAPUT
2850 1657 3030 1716 XLIV
3067 1656 3215 1733 [Rea
3248 1654 3478 1731 XXVI].

2306 1765 2477 1824 Vnus.
2510 1766 2598 1825 i5.
2620 1797 2692 1809 —
2718 1769 2840 1826 Non
2868 1767 3086 1824 dabitur
3111 1783 3310 1823 aumm
3337 1766 3601 1838 obryzum
3622 1780 3727 1837 pro
3754 1781 3829 1820 ea.

2305 1870 2395 1928 71.
2425 1871 2617 1944 Angeli
2649 1873 2716 1931 ab
2753 1873 2897 1929 omni
2939 1873 3052 1930 labe
3081 1872 3286 1941 mundi,
3331 1888 3437 1928 non
3464 1870 3725 1927 homines.
3756 1899 3823 1912 —

2232 1958 2379 2028 Quid
2404 1976 2642 2036 namque
2668 1979 2766 2036 per
2790 1978 2988 2020 aurum
3012 1961 3284 2035 obryzum
3313 1959 3424 2018 nisi
3453 1959 3639 2018 sancti
3656 1957 3831 2032 angeli

2231 2047 2590 2122 designantur
2608 2051 2638 2108 ‘l
2664 2051 2771 2121 Qui
2800 2059 2946 2109 recte
2970 2060 3025 2110 et
3046 2067 3245 2110 aurum
3273 2056 3570 2119 vocantur,
3591 2057 3650 2106 et
3664 2047 3836 2121 obry-

2230 2154 2376 2196 zum:
2395 2156 2614 2209 aurum,
2629 2141 2760 2215 quia
2774 2141 2987 2214 fulgent
2997 2139 3249 2199 claritate
3262 2138 3522 2214 justitiam
3540 2137 3831 2211 obryzum,

2230 2229 2364 2302 quia
2390 2229 2608 2287 nullum
2649 2230 2962 2289 habuerunt
2988 2247 3234 2305 unquam
3276 2227 3600 2301 contagium
3642 2227 3833 2300 culpae.

2231 2320 2496 2379 Homines
2512 2338 2644 2381 vero
2657 2322 2795 2396 justi
2823 2322 3072 2398 quandiu
3092 2322 3152 2380 in
3167 2320 3273 2380 hac
3299 2337 3462 2380 carne
3484 2318 3835 2393 corruptibili

2230 2411 2540 2468 mortaliter
2554 2410 2774 2482 vivunt,
2802 2428 3001 2470 aurum
3017 2411 3244 2486 quidem
3264 2427 3380 2467 esse
3395 2416 3659 2483 possunt,
3681 2407 3836 2480 chry-

2228 2514 2354 2556 zum
2383 2499 2613 2557 omnino
2632 2516 2743 2558 non
2763 2509 3015 2574 possunt,
3040 2500 3173 2574 quia
3198 2516 3400 2573 corpus
3420 2498 3575 2574 quod
3591 2513 3837 2557 corrum-

2230 2585 2382 2658 pitur
2407 2595 2664 2660 aggravat
2689 2589 2956 2658 animam,
2985 2596 3040 2645 et
3067 2586 3330 2660 deprimit
3358 2593 3581 2644 terrena
3608 2584 3840 2644 inhabi-

2228 2683 2367 2740 tatio
2396 2701 2619 2742 sensum
2662 2686 2838 2744 multa
2865 2685 3200 2760 cogitantem
3240 2684 3397 2756 (Sap.
3426 2699 3511 2754 1x,
3544 2683 3666 2757 15).
3701 2680 3837 2739 591

2228 2771 2366 2828 Nam
2395 2774 2652 2846 quamvis
2676 2775 2736 2832 in
2756 2775 2862 2834 hac
2880 2775 2997 2832 vita
3023 2791 3096 2832 ex
3117 2788 3316 2846 magna
3332 2770 3572 2845 justitiaa
3593 2771 3841 2830 claritate

2229 2864 2633 2936 resplendeant,
2663 2882 3011 2940 nequaquam
3040 2873 3228 2922 tamen
3257 2863 3329 2920 ad
3358 2878 3565 2935 purum
3597 2869 3840 2934 peccato-

2228 2970 2353 3011 rum
2381 2955 2640 3014 sordibus
2674 2963 2900 3025 carent;
2948 2956 3162 3013 Joanne
3203 2952 3474 3026 Apostolo
3513 2958 3837 3020 attestante,

2229 3042 2325 3116 qui
2353 3042 2520 3102 dicit:
2555 3045 2616 3102 Si
2641 3045 2938 3102 dixerimus
2966 3044 3097 3116 quia
3119 3047 3395 3114 peceatum
3430 3057 3540 3098 non
3567 3041 3839 3108 habemus,

2226 3133 2566 3205 nosmetipsos
2610 3134 2922 3202 seducimus,
2969 3138 3018 3189 et
3066 3131 3260 3188 veritas
3308 3130 3363 3187 in
3416 3131 3570 3188 nobis
3618 3147 3732 3188 non
3770 3135 3842 3187 est

2233 3223 2291 3294 (Ι
2308 3222 2469 3279 Joan.
2501 3239 2544 3293 1,
2573 3223 2670 3294 8);
2700 3231 2757 3281 et
2781 3223 3090 3282 aﬂirmante
3117 3222 3348 3293 Jacobo,
3378 3221 3477 3296 qui
3510 3221 3744 3292 astruit,
3763 3220 3839 3278 di-

2226 3326 2390 3368 cens:
2424 3314 2491 3370 In
2520 3313 2702 3370 multis
2725 3315 2863 3371 enim
2888 3314 3207 3386 offendimus
3235 3329 3414 3370 omnes
3457 3312 3606 3386 (Jac.
3638 3329 3731 3384 ιιι,
3758 3312 3838 3382 2).

2226 3402 2499 3476 Propheta
2525 3406 2691 3463 etiam
2721 3407 3069 3480 deprecante,
3100 3407 3200 3482 qui
3228 3407 3310 3464 ait
3336 3423 3349 3464 :
3379 3407 3461 3466 Ne
3491 3406 3665 3464 intres
3690 3405 3837 3476 inju-

2226 3491 2422 3548 dicium
2448 3510 2566 3549 cum
2593 3510 2743 3550 servo
2772 3500 2882 3562 tuo,
2909 3494 3040 3567 quia
3067 3511 3177 3550 non
3196 3493 3595 3566 justiﬁcabitur
3622 3494 3684 3550 iu
3708 3509 3840 3550 eou-

2225 3589 2402 3656 specta
2429 3589 2516 3640 tuo
2536 3585 2704 3640 omnis
2724 3584 2900 3641 vivens
2930 3585 3109 3658 (Psal.
3141 3600 3318 3651 cxnn,
3366 3584 3448 3657 2).
3483 3585 3711 3642 Aurum
3745 3599 3841 3656 ego

2225 3669 2491 3744 obryzum
2540 3671 2626 3729 illi
2679 3680 3094 3747 nuncupantur,
3138 3671 3236 3746 qui
3278 3671 3338 3730 in
3374 3687 3440 3728 ea
3468 3688 3588 3748 qua
3624 3669 3837 3731 conditi

2223 3767 2353 3818 sunt
2393 3759 2711 3818 innocentia
2753 3760 3136 3834 perdurantes,
3188 3767 3243 3818 et
3300 3761 3524 3834 fulgent
3586 3761 3841 3820 claritate

2217 3846 2473 3921 justitiae,
2506 3858 2561 3907 et
2600 3849 2772 3907 nullis
2799 3851 2890 3908 vel
2917 3849 3167 3908 minimis
3196 3849 3554 3909 maculantur
3582 3851 3840 3910 sordibus

2224 3936 2421 4009 culpae.

2296 4040 2438 4117 [Vet.
2469 4043 2664 4120 XXX]
2698 4046 2783 4104 72.
2815 4048 3013 4106 Nullus
3041 4055 3213 4106 tamen
3238 4049 3565 4122 angelorum
3590 4049 3670 4106 ad
3704 4046 3837 4104 redi-

2223 4133 2466 4190 mendum
2491 4135 2750 4193 hominem
2778 4137 2969 4196 missus
2986 4145 3082 4206 est,
3108 4145 3209 4196 aut
3227 4139 3436 4213 sufﬁcit.
3455 4166 3533 4182 --
3561 4138 3678 4197 Sed
3704 4136 3839 4213 quia

2223 4236 2324 4295 pro
2363 4221 2467 4280 hac
2503 4225 2770 4298 sapientia
2814 4227 3005 4286 nullus
3030 4229 3355 4302 angelorum
3384 4227 3716 4304 redemptor
3740 4226 3837 4285 hu-

2226 4311 2377 4369 mani
2417 4313 2630 4386 generis
2672 4315 2978 4375 mittendus
3002 4317 3133 4388 fuit,
3178 4333 3253 4375 ne
3280 4316 3409 4394 quis
3448 4335 3614 4393 spem
3642 4319 3707 4376 in
3730 4315 3837 4383 his.

2224 4416 2364 4474 quos
2389 4401 2450 4458 in
2477 4400 2816 4476 adjutorium
2846 4405 3140 4463 hominum
3169 4422 3317 4481 saepe
3335 4406 3673 4480 apparuisse
3700 4402 3842 4463 didi-

505 4473 815 4567 ωηείοῐιθηξ
868 4474 1113 4567 fugiami
1162 4485 1349 4534 tamen
1395 4494 1493 4552 Per
1547 4478 1826 4536 subditam
1873 4488 2114 4538 mentem
2143 4543 2193 4567 ἢ
2222 4473 2422 4562 cimus,
2451 4473 2658 4565 angelis
2687 4503 2934 4567 poneret,
2961 4495 3175 4554 dictum
3189 4473 3274 4554 est
3298 4513 3315 4560 :
3341 4473 3712 4554 Nendabitur
3732 4513 3842 4553 au-

505 4572 752 4658 portant.
783 4543 960 4658 Quasi
987 4543 1212 4641 quidem
1245 4543 1617 4640 summopere,
1652 4568 1701 4626 si
1725 4567 1908 4640 liceat,
1938 4570 2114 4628 vitare
2143 4543 2194 4604 Β
2684 4543 2789 4656 pro
3341 4543 3700 4644 diceretur:
3733 4543 3842 4642 ’ῥει-

505 4653 809 4725 festinant;
841 4656 938 4714 sed
965 4657 1226 4716 timentes
1254 4658 1500 4717 occultas
1520 4657 1964 4732 dispensationes
1987 4660 2112 4731 Dei,

504 4751 699 4806 tenent
718 4746 866 4824 quod
881 4746 1129 4822 fugiunt,
1145 4756 1201 4806 et
1228 4756 1490 4807 exercent
1503 4748 1653 4824 quod
1672 4749 1873 4808 vitant.
1895 4751 2112 4809 Intrant

503 4834 658 4895 enim
676 4834 748 4894 ad
775 4853 871 4896 cor
887 4846 1137 4909 sunm,et
1153 4837 1234 4896 ibi
1254 4837 1558 4897 consulunt
1571 4838 1709 4914 quid
1729 4838 1867 4898 velit
1893 4841 2113 4899 occulta

505 4925 768 4985 voluntas
793 4925 894 4986 Dei
925 4944 942 4997 ;
973 4942 1201 5003 seseque
1223 4926 1476 4986 subditos
1502 4927 1704 4986 debere
1729 4945 1845 4988 esse
1874 4928 2112 4988 summis

502 5016 953 5077 ordinationibus
1006 5025 1428 5094 cognoscentes,
1475 5018 1778 5079 humiliant
1827 5021 2109 5080 cervicem

506 5107 689 5166 cordis
735 5105 874 5182 jugo
926 5105 1135 5164 divinae
1183 5106 1630 5181 dispensationis.
1680 5109 1946 5185 Quisquis
1972 5123 2110 5165 vero

507 5194 636 5252 talis
660 5204 764 5267 est,
805 5196 1042 5272 quilibet
1094 5199 1370 5256 tumultus
1423 5207 1713 5258 versentur
1739 5201 2110 5277 extrinsecus,

511 5300 794 5359 nunquam
814 5286 884 5344 ad
901 5287 1020 5362 ejus
1039 5288 1310 5347 interiora
1331 5290 1684 5364 perveniunt.
1709 5291 1899 5366 Itaque
1928 5293 2114 5365 agitur

590 5504 603 5537 ³
637 5501 844 5584 'l‘urpn.
876 5510 931 5558 et
955 5504 1170 5584 Norba,
1197 5517 1245 5562 et
1270 5509 1425 5565 aliud
1449 5509 1775 5584 extrinsecus
1795 5509 2034 5582 operari,
2062 5515 2115 5567 et

513 5572 761 5646 adgaliud
792 5590 977 5646 cacare
1006 5572 1314 5634 intrinsecus
1345 5597 1362 5634 :
1392 5579 1546 5646 utsi,
1577 5587 1684 5638 etc.

584 5643 608 5679 ³
636 5645 759 5718 Duo
785 5644 1007 5718 Ebroic.
1036 5655 1092 5703 et
1118 5649 1292 5718 Prat.,
1318 5643 1612 5706 exhibeant.

573 5718 608 5794 f'
640 5715 720 5794 ita
741 5715 980 5794 legimus
1027 5717 1087 5775 in
1140 5715 1285 5794 δέω.
1328 5720 1560 5794 Tunna,
1612 5721 1847 5789 Bellon,
1903 5722 2103 5793 Laud.,

522 5784 710 5856 \'ind.,
740 5784 954 5858 N6rm.,
1000 5796 1133 5858 etc.,
1161 5790 1348 5847 Germ.
1388 5784 1555 5847 habet
1583 5798 1740 5862 atque
1771 5784 2108 5864 occupatione

2222 4670 2569 4744 semetipsam
2606 4672 2877 4749 sapientia
2905 4672 3378 4746 manifestabitur,
3407 4681 3474 4732 ut
3518 4675 3841 4734 humanum

2221 4775 2393 4831 genus
2419 4776 2452 4816 a
2487 4761 2652 4835 culpa
2694 4761 3019 4819 redimatur.
3052 4761 3255 4820 Nullus
3302 4761 3423 4820 vice
3452 4760 3581 4835 ejus
3610 4761 3843 4836 angelus

2219 4846 2482 4918 mittitur,
2512 4849 2645 4923 quia
2671 4865 2768 4922 per
2791 4857 3094 4907 creatorem
3123 4866 3346 4908 necesse
3363 4857 3447 4908 est
3476 4858 3542 4908 ut
3583 4858 3843 4910 creatura

2218 4936 2503 4996 liberetur.
2535 4937 2690 4996 Unde
2715 4945 2772 4996 et
2815 4939 2876 4995 in
2902 4939 3209 5014 Evangelio
3236 4940 3514 4998 Dominus
3561 4940 3749 5000 dicit:
3786 4936 3841 4997 Si

2217 5044 2307 5082 vos
2323 5027 2470 5100 ﬁlius
2490 5027 2816 5096 liberaverit,
2846 5047 2964 5086 vere
2994 5029 3147 5086 liberi
3168 5027 3322 5087 eritis
3344 5029 3532 5103 (Joau.
3566 5048 3707 5099 vm,
3720 5030 3840 5101 36).

2216 5115 2240 5151 ⁸
2268 5115 2375 5172 Sed
2390 5116 2733 5187 virsanctus,
2753 5117 2954 5191 spiritu
2970 5117 3217 5192 ejusdem
3239 5117 3538 5191 sapientiae
3569 5121 3840 5194 repletus,

2222 5205 2488 5276 quosdam
2517 5205 2576 5262 in
2605 5207 2791 5264 Judaea
2819 5208 3075 5281 praevidit
3119 5225 3231 5266 non
3261 5223 3378 5265 esse
3410 5207 3718 5267 defuturos
3747 5204 3839 5282 qui

2221 5310 2368 5365 spem
2406 5294 2463 5350 in
2481 5294 2788 5368 legislatore
2808 5304 3095 5369 ponerent,
3112 5306 3167 5353 et
3193 5313 3306 5354 suae
3326 5295 3526 5354 salutis
3548 5306 3839 5358 auctorem

2216 5519 2612 5588 perstrepentes.
2642 5516 2705 5588 In
2731 5512 2914 5573 Editis
2943 5514 3173 5587 legitur:
3225 5517 3380 5583 atque
3425 5514 3842 5588 occupationem

2219 5587 2485 5659 (inutilius
2499 5586 2730 5659 exterius
2748 5586 3139 5659 perstrepentis.

2292 5657 2309 5690 ⁸
2340 5654 2602 5725 Vindoc.,
2632 5654 2974 5714 uisitationis:

2285 5727 2306 5761 ⁵
2400 5726 2713 5808 l.aud.,_sed
2728 5729 2815 5784 vir
2836 5729 3054 5808 spiritu.
3076 5730 3286 5808 Geinet.
3321 5746 3381 5789 ac
3409 5727 3506 5786 alii
3529 5746 3642 5805 pro
3669 5735 3839 5808 reple~

2215 5802 2296 5854 tus
2327 5796 2533 5854 habent
2556 5799 2747 5872 plenus
2777 5818 2795 5866 ;
2822 5796 2975 5860 deest
3008 5807 3244 5859 sanctus.
