3946 6366
149 405 204 461 31
924 394 1299 451 MORALIUM
1337 393 1474 455 LIB.
1512 394 1719 458 XVIII.
1751 420 1829 442 ι-
1861 394 2089 454 CAPUT
2127 398 2363 457 XXVIII
2402 402 2463 458 Β.
2504 404 2648 460 IOH.
3358 412 3430 469 82

146 528 661 611 Moysenputarent,
707 519 935 611 sicutqet
960 520 982 611 7‘
1014 520 1243 611 cuidam,
1264 528 1454 576 sanato
1485 521 1713 577 maledi-
1740 522 1796 583 Α
1823 522 2080 577 sermonis
2100 524 2466 597 philosophiae.
2496 557 2568 567 —
2596 527 2743 594 Quid
2770 545 2917 586 enim
2946 548 3041 603 per
3069 534 3281 593 Indiam
3302 553 3424 611 qua;

147 622 305 673 centes
341 608 561 666 dicunt:
617 610 697 665 Tu
737 608 1034 679 discipulus
1082 608 1155 663 sis
1196 609 1333 679 ejus,
1378 611 1399 645 ²
1441 628 1535 664 nos
1578 612 1713 666 enim

144 702 293 775 Moysi
314 698 555 771 discipuli
598 717 782 755 sumus
823 701 1004 771 (Joan.
1045 718 1127 768 ιχ,
1175 700 1294 770 28).
1344 700 1499 757 Unde
1533 701 1713 759 adhuc

144 808 351 866 congrue
376 789 756 847 subinfertur:

692 895 921 953 CAPUT
950 895 1120 954 XLV.

199 1005 433 1064 Is.-—Nec
449 1005 779 1076 appendetur
792 1010 1071 1075 argentum
1090 1005 1147 1059 in
1160 1005 1562 1060 commutatione
1576 1004 1707 1074 ejus.

198 1095 273 1151 73.
306 1097 505 1151 Eorum
550 1094 645 1165 qui
687 1096 903 1165 Moysen
930 1101 1026 1149 aut
1052 1095 1349 1166 quempiam
1385 1100 1708 1161 sanctorum,

135 1201 227 1239 sua
251 1184 427 1239 salutis
461 1190 733 1239 auctorem
757 1189 971 1255 putant,
1012 1183 1244 1240 insania.
1286 1216 1357 1226 —
1384 1184 1525 1253 Quia
1561 1184 1706 1240 enim

132 1280 329 1344 argento
380 1287 519 1344 saepe
564 1272 786 1345 eloquia
835 1271 1027 1328 divina
1075 1272 1437 1347 designantur
1483 1281 1710 1346 possunt

133 1362 321 1434 argenti
361 1360 628 1417 vocabqu
670 1361 835 1417 etiam
878 1360 1123 1433 ejusdem
1166 1363 1371 1435 eloquii
1417 1363 1711 1435 scriptores

130 1450 363 1523 intelligi,
384 1467 623 1523 quorum
645 1450 760 1507 vita
780 1450 929 1507 inter
942 1451 1132 1507 turbas
1152 1450 1443 1508 hominum
1470 1453 1706 1525 resplen-

130 1539 237 1598 duit
268 1540 382 1597 luce
409 1540 702 1596 virtutum.
749 1540 855 1596 Sed
903 1539 1032 1613 quia
1073 1540 1164 1595 lex
1202 1548 1422 1612 peccata
1463 1540 1708 1598 indicare

129 1628 313 1700 potuit,
343 1644 451 1684 non
482 1628 717 1697 auferre,
739 1644 853 1684 non
883 1627 1173 1702 quisquam
1194 1637 1442 1685 veterum
1464 1636 1704 1702 patrum,

127 1732 229 1773 non
283 1716 555 1788 legislator
602 1717 819 1789 Moyses
873 1715 1103 1773 humani
1139 1717 1351 1789 generis
1397 1717 1709 1789 redemptor

121 1805 336 1862 exstitit.
367 1806 674 1877 Argentum
704 1821 833 1877 ergo
863 1806 922 1862 in
952 1806 1386 1862 commutatione
1416 1804 1585 1877 hujus
1612 1823 1708 1863 sa-

1822 613 2041 686 nigrum
2073 616 2338 687 populum
2370 616 2566 687 mittit,
2598 618 2707 675 nisi
2738 618 2831 675 hic
2865 621 3103 677 mundus
3130 625 3420 697 accipitur,

1821 702 1880 757 in
1911 720 2020 777 quo
2041 705 2157 761 vita
2182 705 2473 762 hominum
2504 723 2600 779 per
2615 709 2833 781 culpam
2851 709 3083 766 obscura
3111 722 3417 782 generatur.

1821 792 2006 849 Tincti
2054 803 2237 851 autem
2279 796 2492 853 colores
2519 796 2713 866 Indiae,
2742 806 2872 854 sunt
2900 798 3068 871 hujus
3102 800 3296 855 mundi
3325 818 3420 856 sa-

1820 879 2063 953 pientes;
2096 884 2193 955 qui
2222 885 2475 957 quamvis
2489 902 2587 958 per
2613 886 2996 945 inﬁdelitatem
3018 897 3075 945 et
3100 891 3421 964 plerumque

1820 986 1918 1042 per
1943 972 2217 1029 actionem
2246 973 2378 1030 foedi
2409 976 2542 1044 sint,
2572 985 2698 1033 ante
2728 977 3001 1035 humanos
3018 987 3203 1038 tamen
3233 982 3423 1039 oculos

1820 1060 2163 1132 superductae
2194 1062 2499 1121 honestatis
2543 1068 2725 1124 colore
2755 1070 2777 1105 ⁵
2804 1067 3081 1126 fucantur.
3134 1069 3240 1126 Sed
3285 1086 3421 1126 coae-

1818 1158 1976 1207 terna
2003 1153 2101 1208 Dei
2131 1156 2400 1228 sapientia
2428 1156 2617 1213 tinctis
2644 1158 2815 1215 Indiae
2843 1160 3123 1217 coloribus
3148 1178 3262 1223 non
3291 1178 3420 1219 con-

1820 1240 2015 1312 fertur,
2047 1243 2177 1316 quia
2206 1245 2458 1319 quisquis
2487 1246 2633 1305 hanc
2652 1249 2921 1307 veraciter
2935 1250 3219 1324 intelligit,
3240 1252 3310 1308 ab
3330 1252 3420 1310 his

1818 1331 2142 1390 hominibus
2162 1350 2299 1407 quos
2328 1336 2569 1393 mundus
2598 1339 2870 1411 sapientes
2889 1342 3062 1399 coluit
3078 1357 3241 1414 quam
3259 1343 3419 1415 longe

1817 1420 1986 1477 distet
2021 1425 2287 1494 agnoscit.
2318 1427 2547 1499 Ipsaque
2575 1428 2693 1500 ejus
2723 1431 3107 1488 mandatorum
3138 1431 3305 1488 verba
3349 1432 3418 1487 ab

1816 1508 1985 1581 hujus
2014 1511 2207 1567 mundi
2255 1514 2596 1585 sapientibus
2636 1516 2921 1589 differunt,
2952 1521 3049 1593 qui
3076 1520 3210 1577 dum
3240 1520 3416 1575 inten-

1817 1596 1957 1654 dunt
1971 1601 2320 1673 eloquentiae,
2351 1619 2541 1659 eorum
2563 1606 2713 1663 dicta
2727 1608 2882 1680 quasi
2904 1609 3136 1680 pulchra
3153 1622 3415 1683 apparent

1816 1689 2016 1761 specie,
2048 1698 2102 1745 et
2135 1691 2407 1747 fucatione
2434 1694 2690 1750 tinctura
2714 1715 2727 1762 ;
2760 1704 2814 1751 et
2842 1714 2968 1753 cum
2995 1699 3202 1754 virtute
3231 1717 3413 1757 rerum

1815 1786 2056 1847 careant,
2074 1778 2225 1835 aliud
2251 1796 2308 1835 se
2337 1796 2451 1836 esse
2482 1797 2645 1854 quam
2677 1792 2805 1839 sunt
2834 1786 3129 1844 verborum
3151 1792 3419 1861 composi-

120 1894 319 1966 pientiae
356 1866 478 1950 non
511 1866 867 1967 appendituur,
916 1894 1047 1969 quia
1093 1893 1328 1968 quilibet
1368 1866 1543 1961 sancti
1591 1911 1706 1951 esse
1733 1888 1783 1950 B
1814 1866 2253 1969 δίωξίΜῇ
2273 1869 2620 1969 δαΡεῖΓάηξπίε
2638 1873 2943 1969 θοίοτξβυεξ
2959 1876 3323 1969 ωθηῑίιὲιξῖιπο
3346 1881 3420 1935 At

118 1990 413 2055 potuerunt,
445 1983 507 2039 in
538 1984 950 2056 comparatione
977 1984 1250 2056 unigeniti
1280 1984 1410 2039 Filii
1439 1984 1537 2040 Dei
1567 1985 1706 2039 nul-

119 2073 214 2128 lius
241 2072 415 2129 meriti
445 2072 626 2129 fuisse
653 2081 975 2145 pensantur,
998 2072 1093 2147 qui
1115 2072 1225 2129 nisi
1241 2071 1411 2144 hujus
1422 2071 1703 2144 sapientia:

117 2178 281 2218 servos
306 2178 361 2219 se
389 2178 513 2222 esse
550 2170 966 2234 cognoscerent,
1002 2163 1178 2219 sancti
1216 2162 1533 2217 nullatenus
1570 2161 1702 2217 fuis-

115 2258 235 2306 sent.
283 2251 363 2307 Ad
410 2252 524 2309 hoc
552 2253 757 2326 quippe
784 2252 870 2308 illi
900 2251 1054 2308 missi
1082 2260 1234 2323 sunt,
1266 2259 1328 2309 ut
1356 2251 1415 2307 in
1444 2250 1705 2308 cordibus

117 2337 381 2397 hominum
412 2342 568 2397 viam
599 2341 732 2398 huic
750 2341 1034 2415 sapientiae
1062 2340 1411 2414 praedicando
1440 2356 1705 2413 praepara-

117 2436 243 2497 rent,
270 2445 445 2504 neque
476 2439 545 2487 ut
572 2448 673 2504 pro
701 2446 785 2501 ea,
816 2430 914 2487 sed
941 2446 1039 2503 per
1064 2446 1183 2487 eam
1211 2429 1489 2502 subjectos
1517 2446 1706 2504 popu-

114 2517 184 2575 los
206 2527 467 2591 regerent.
505 2520 647 2588 Quia
674 2521 822 2577 enim
853 2528 1063 2577 certum
1095 2527 1211 2576 erat
1230 2519 1378 2594 quod
1405 2536 1502 2593 per
1528 2536 1704 2577 acces-

110 2622 214 2664 sum
238 2616 559 2682 temporum
602 2609 914 2667 deﬁcientis
941 2610 1129 2667 saeculi
1158 2612 1447 2684 languores
1475 2626 1705 2667 excres-

110 2706 289 2765 ccrent,
316 2708 509 2757 actum
530 2706 614 2755 est
641 2707 704 2756 ut
732 2707 936 2755 aeterna
960 2699 1062 2755 Dei
1094 2700 1371 2772 sapientia
1396 2700 1454 2755 in
1474 2699 1584 2756 ﬁne
1608 2715 1701 2755 saa-

108 2786 332 2843 cnlorum
364 2804 469 2862 per
501 2788 854 2859 semetipsam
897 2786 1114 2843 veniret
1148 2787 1217 2842 ad
1247 2787 1505 2857 grandem
1554 2787 1704 2843 hunc

110 2882 153 2930 et
175 2875 350 2933 nimia;
373 2876 736 2933 inﬁrmitatis
751 2883 1042 2947 aegrotum,
1063 2875 1122 2930 id
1141 2882 1222 2930 est
1236 2886 1331 2946 per
1348 2883 1527 2931 totum
1547 2892 1703 2930 mun-

106 2961 217 3020 dum
222 2964 411 3037 jacens
424 2963 756 3036 languidum
771 2979 941 3035 genus
953 2959 1254 3018 humanum
1264 3005 1279 3031 ,
1293 2970 1355 3017 ut
1368 2961 1706 3017 transmissis

106 3056 239 3128 prius
262 3055 757 3131 praedicatoribus,
776 3055 932 3128 quasi
954 3053 1280 3127 quibusdam
1304 3054 1703 3122 visitatoribus,

103 3152 240 3205 tanto
267 3145 634 3221 postmodum
663 3147 684 3181 ³
721 3144 900 3218 major
939 3143 1157 3199 veniret
1191 3143 1440 3216 potentia
1480 3143 1703 3213 medici,

103 3244 288 3307 quanto
333 3236 519 3310 magis
569 3234 799 3292 morbus
840 3233 1104 3291 crevisset
1130 3233 1340 3306 aegroti.
1385 3233 1528 3301 Quia
1569 3249 1700 3290 vero
1728 3241 1774 3304 ο

104 3324 273 3383 nullus
312 3326 440 3385 vice
481 3324 603 3398 ejus
641 3323 711 3381 ad
737 3322 1032 3382 salvandos
1062 3339 1162 3380 nos
1190 3322 1454 3393 mittitur,
1485 3322 1702 3380 dicatur

103 3423 230 3470 recte
254 3434 266 3473 :
291 3417 398 3474 Nec
416 3416 754 3489 appendetur
772 3419 1051 3486 argentum
1074 3412 1131 3467 in
1146 3413 1545 3469 commutatione
1563 3412 1698 3483 ejus,

103 3506 349 3578 quoniam
407 3507 531 3564 vita
566 3505 845 3578 justorum
893 3504 1313 3577 praedicantium
1361 3505 1702 3578 quantalibet

103 3597 401 3656 sanctitatis
448 3598 575 3655 luce
620 3596 847 3670 polleat,
896 3596 1195 3653 adventum
1244 3593 1405 3651 nobis
1451 3610 1701 3667 supernas

103 3690 232 3749 592
275 3686 571 3761 sapientiae
626 3703 723 3760 per
775 3702 930 3742 suam
985 3684 1333 3759 praesentiam
1380 3698 1492 3739 non
1546 3700 1702 3741 com-

104 3792 281 3841 mutat.
316 3786 430 3843 Sed
460 3785 616 3840 fuere
660 3782 823 3839 multi
865 3783 1154 3854 gentilium
1201 3781 1320 3855 qui,
1363 3781 1560 3838 mundi
1602 3780 1704 3837 hu-

101 3870 178 3943 jus
218 3876 543 3949 sapientum
584 3871 897 3944 disciplinis
937 3870 1131 3940 dediti,
1161 3887 1223 3927 ea
1252 3887 1371 3944 quae
1400 3878 1531 3927 sunt
1558 3870 1704 3926 inter

104 3958 343 4019 homines
372 3963 613 4018 honesta
634 3967 939 4029 servarent,
969 3966 1024 4015 et
1042 3959 1335 4015 salvandos
1362 3967 1579 4015 servata
1606 3958 1701 4016 ho-

104 4058 295 4109 nestate
347 4068 408 4107 se
459 4048 765 4117 crederent,
800 4064 903 4105 nec
940 4046 1056 4119 jam
1104 4048 1460 4104 mediatorem
1506 4048 1607 4104 Dei
1650 4056 1704 4105 et

105 4136 384 4197 hominum
436 4145 770 4213 quaererent,
817 4154 944 4194 cum
983 4138 1140 4210 quasi
1183 4137 1547 4194 sufﬁcientem
1595 4138 1702 4194 sibi

104 4226 557 4303 philosophorum
586 4226 897 4284 doctrinam
928 4234 1196 4283 tenerent.
1230 4228 1293 4283 In
1338 4242 1573 4299 quorum
1604 4226 1701 4283 de-

104 4326 276 4388 spectu
306 4335 446 4376 mox
475 4316 768 4374 subditur:

423 4445 658 4504 CAPUT
696 4445 874 4503 XLVI
922 4443 1067 4519 meo.
1112 4443 1370 4519 XXVII].

165 4558 331 4615 Vnus.
358 4560 654 4617 16.—Non
671 4560 692 4594 δ
714 4557 1015 4629 conferetur
1035 4558 1208 4621 tinctis
1221 4559 1394 4615 Indice
1412 4557 1696 4613 coloribus.

1813 1957 2284 2026 contra,doctrina
2298 1960 2579 2032 sapientiae
2596 1970 2651 2018 et
2664 1963 3053 2035 praedicatione
3069 1966 3299 2038 pulchra
3314 1977 3416 2038 est,

1816 2047 1836 2082 ⁶
1867 2054 1922 2101 et
1950 2064 2087 2119 pura
2114 2048 2345 2104 veritate
2374 2051 2701 2123 conspicua;
2743 2069 2845 2109 nec
2872 2053 3025 2111 aliud
3054 2071 3111 2112 se
3140 2072 3236 2129 per
3263 2056 3417 2113 falla-

1812 2137 1957 2193 ciam
1986 2139 2280 2210 praetendit
2308 2142 2574 2211 exterius,
2605 2149 2658 2198 et
2685 2144 2840 2201 aliud
2869 2156 3111 2204 reservat
3141 2148 3376 2205 interius
3399 2168 3413 2217 ;

1813 2241 1992 2299 neque
2020 2228 2079 2283 in
2126 2228 2289 2285 dictis
2327 2231 2442 2286 suis
2484 2231 2716 2303 pulchra
2764 2232 2941 2291 videri
2982 2237 3191 2309 appetit
3237 2238 3417 2293 nitore

1812 2315 2103 2385 sermonis,
2134 2317 2229 2373 sed
2277 2319 2590 2393 integritate
2618 2325 2888 2384 veritatis.
2924 2328 2987 2383 In
3018 2327 3291 2384 mandatis
3320 2327 3418 2399 igi-

1811 2411 1904 2460 tur
1932 2404 2049 2461 suis
2075 2407 2175 2462 Dei
2221 2409 2488 2481 sapientia
2531 2428 2643 2469 non
2685 2415 2969 2472 confertur
3014 2416 3207 2473 tinctis
3245 2416 3418 2473 Indiae

1811 2500 2114 2571 coloribus,
2145 2502 2273 2575 quia
2320 2502 2454 2558 dum
2500 2502 2682 2560 fucata
2730 2506 3056 2580 eloquentiae
3095 2522 3419 2569 ornamenta

1812 2606 1925 2648 non
1955 2591 2139 2662 habet,
2171 2592 2328 2665 quasi
2357 2593 2528 2649 vestis
2575 2594 2693 2650 sine
2723 2596 2963 2654 tinctura
3011 2599 3207 2672 placet.
3240 2602 3415 2670 Quam

1812 2681 2147 2739 fucationem
2177 2683 2433 2741 tinctura:
2462 2683 2601 2739 bene
2616 2685 2818 2743 Paulus
2836 2688 3311 2762 despexerat,cum
3337 2696 3419 2751 di-

1812 2774 1968 2833 cebat
1992 2794 2003 2831 :
2026 2776 2153 2842 Quae
2176 2780 2221 2829 et
2254 2773 2523 2845 loquimur
2548 2792 2656 2829 non
2674 2777 2732 2830 in
2759 2777 2926 2832 doctis
2953 2780 3197 2837 humanae
3213 2784 3418 2855 sapien-

1815 2865 1901 2919 tia:
1923 2864 2116 2929 verbis,
2137 2864 2227 2919 sed
2254 2864 2312 2917 in
2339 2864 2581 2920 doctrina
2601 2866 2824 2936 spiritus
2842 2869 2900 2939 (Ι
2918 2870 3042 2927 Cor.
3076 2888 3140 2939 η,
3174 2872 3285 2945 13).
3308 2874 3418 2931 Ma-

1813 2949 1961 3004 lebat
1989 2950 2193 3022 quippe
2222 2951 2367 3007 hanc
2394 2952 2721 3022 sapientiam
2752 2956 2867 3011 sola
2899 2959 3136 3027 puritate
3165 2961 3419 3020 veritatis

1814 3036 2121 3106 ostendere,
2151 3052 2264 3092 non
2294 3045 2477 3092 autem
2507 3039 2714 3111 eloquii
2742 3040 3013 3099 tinctione
3042 3049 3061 3081 7
3092 3046 3298 3105 fucare.
3326 3049 3416 3105 Se-

1812 3128 2004 3202 quitur
2033 3145 2047 3185 :

2368 3236 2596 3294 CAPUT
2627 3238 2850 3297 XLVII.

1880 3344 2201 3402 Iam—Nec
2229 3344 2398 3417 lapidi
2423 3346 2752 3419 sardonycho
2775 3347 3177 3420 pretiosissima,
3205 3354 3287 3410 vel
3300 3369 3422 3427 sap-

1803 3434 1986 3505 phiro.

1881 3543 2193 3601 75.0hristo
2216 3545 2399 3600 nullus
2426 3551 2523 3601 aut
2540 3546 2811 3602 hominum
2838 3552 2934 3603 aut
2951 3549 3263 3620 angelorum
3283 3569 3418 3608 com-

1804 3635 2184 3707 parandus.—
2200 3634 2752 3708 Sardonychum,vel
2784 3638 3130 3712 sapphirum,
3165 3641 3186 3676 ⁸
3207 3642 3418 3715 lapides

1811 3724 2081 3797 pretiosos
2101 3740 2213 3780 non
2243 3740 2358 3780 esse
2393 3724 2518 3799 quis
2555 3726 2802 3784 nesciat?
2847 3729 2920 3784 Et
2948 3727 3079 3785 dum
3112 3729 3275 3787 multi
3321 3732 3415 3788 alii

1811 3813 2039 3886 pretiosi
2081 3813 2195 3870 sint
2236 3814 2469 3887 lapides,
2500 3816 2596 3889 qui
2643 3817 2805 3890 longe
2862 3817 2997 3875 istos
3050 3820 3417 3879 aestimatione

1811 3904 2213 3978 magnitudinis
2241 3907 2594 3976 antecellant,
2633 3925 2734 3965 cur
2762 3909 3056 3982 sapphirus
3083 3913 3171 3968 vel
3218 3912 3418 3969 sardo-

1812 3996 2030 4070 nychus
2082 3997 2436 4070 potissimum
2466 3999 2736 4070 pretiosus
2781 4001 3100 4057 nominatus
3153 4006 3256 4072 est,
3285 4019 3414 4059 cum

1810 4092 2041 4158 uterque
2062 4087 2200 4159 lapis
2230 4087 2330 4142 iste
2358 4085 2594 4143 aliorum
2618 4086 2863 4159 lapidum
2895 4090 3305 4162 comparatione
3334 4092 3415 4148 vi-

1811 4174 2057 4232 lissimus
2085 4176 2205 4234 sit?
2238 4176 2346 4232 nisi
2376 4183 2438 4232 ut
2466 4192 2559 4233 eos
2586 4177 2795 4250 lapides
2823 4180 2918 4253 qui
2947 4181 3172 4253 pretiosi
3200 4181 3416 4241 descri-

1811 4265 2042 4336 buntur,
2093 4265 2225 4322 dum
2267 4266 2534 4338 pretiosos
2579 4284 2690 4324 non
2747 4284 2863 4326 esse
2910 4267 3321 4344 cognoscimus,'
3357 4273 3416 4330 in

1811 4372 2003 4412 eorum
2033 4356 2402 4430 intelligentia
2431 4357 2583 4413 aliud
2612 4358 2991 4431 exquiramus.
3024 4360 3417 4436 Sardonycbus

1813 4448 2016 4522 quippe
2045 4455 2203 4503 terrae
2250 4445 2430 4503 rubrae
2462 4447 2888 4506 similitudinem
2920 4459 3088 4521 tenet,
3125 4453 3418 4526 sapphirus

1814 4554 1947 4594 vero
1964 4542 1985 4575 9
2003 4555 2212 4595 aeream
2238 4539 2403 4595 habet
2446 4541 2702 4612 speciem.
2724 4542 2959 4599 Possunt
2974 4560 3101 4616 ergo
3141 4544 3197 4601 in
3231 4545 3415 4603 sardo-

167 4647 246 4704 74.
281 4651 561 4717 Quantum
583 4607 822 4720 praestet‘
840 4648 941 4704 Dei
980 4648 1263 4719 sapientia,
1310 4646 1504 4717 fucata:
1529 4648 1701 4703 nitore
1729 4607 1781 4671 Β
1810 4628 1996 4701 “Who
2024 4645 2121 4702 Per
2141 4637 2342 4685 terram
2365 4630 2588 4687 mbram
2610 4630 2885 4702 homines:
2903 4634 2949 4668 ¹⁰
2970 4633 3029 4689 in
3048 4634 3309 4708 sapphiro
3323 4652 3416 4693 au'

172 4846 185 4878 ¹
226 4824 391 4902 Deest
420 4851 614 4901 sanato
644 4844 703 4900 in
730 4844 902 4912 Prat.,
949 4843 1131 4912 Becc.,
1164 4844 1307 4900 Utic.
1349 4845 1411 4899 In
1457 4844 1491 4901 2
1523 4843 1696 4900 Laud.

106 4916 216 4971 voci
269 4924 464 4974 sanato
522 4915 835 4990 appositum
892 4922 994 4984 est,
1063 4915 1451 4988 explicationis
1505 4916 1698 4987 gratia,

106 5000 473 5135 (agoI’lerique
501 5061 719 5135 ljorm”
747 5077 845 5135 nos
871 5067 1065 5135 autem.

170 5130 189 5163 ³
219 5132 278 5187 In
324 5128 458 5190 Mss.
508 5132 747 5200 Bellov.,
794 5132 957 5189 Corb.
1003 5132 1215 5197 Germ.,
1254 5128 1453 5197 Laud.,
1483 5131 1698 5199 Norm.,

107 5206 225 5271 etc.,
254 5220 477 5261 necnon
508 5203 567 5258 in
597 5211 710 5259 vet.
741 5203 871 5273 Ed.,
902 5203 979 5259 ita
1007 5202 1226 5273 legitur.
1260 5202 1322 5257 In
1343 5201 1527 5257 Germ.
1559 5209 1614 5256 et
1642 5203 1699 5257 in

171 5276 497 5347 steriorihus
540 5273 659 5347 ed.,
683 5272 862 5347 ﬁeret,
893 5274 989 5331 sed
1017 5272 1296 5347 mendose.
1330 5273 1469 5328 Sane
1486 5273 1698 5347 medici

135 5343 194 5428 [ei
221 5344 341 5402 ﬁeri
369 5363 487 5428 non
499 5343 692 5428 potuit
711 5345 886 5428 major
904 5345 1171 5428 potentia,
1193 5359 1315 5417 quae
1335 5362 1460 5401 cum
1482 5343 1702 5401 inﬁnita

109 5418 190 5483 sit,
219 5433 332 5474 non
361 5418 516 5490 capit
544 5418 724 5489 majus
751 5425 846 5474 aut
875 5418 1079 5473 minus.

172 5488 405 5545 ‘-Germ.
443 5497 499 5544 et
527 5489 765 5557 Gemet.,
793 5506 900 5544 non
926 5488 1203 5559 confertur

169 5559 188 5592 ⁵
222 5559 459 5628 Turon.,
495 5532 796 5630 fuscantur.
841 5562 874 5617 2
916 5530 1090 5618 Lau’d.
1129 5560 1294 5617 habet
1329 5559 1703 5630 fuscanturqet

108 5625 369 5754 (agantur.
418 5625 633 5700 Germ.,
663 5630 967 5702 fuscantur,
998 5632 1262 5703 fuscatio;
1295 5625 1389 5687 hic
1417 5638 1471 5686 et
1499 5628 1704 5703 pluries

109 5712 158 5751 1n
207 5718 256 5754 a.

128 5714 256 5757 mra.

171 5773 191 5847 τέ
219 5770 459 5847 Turon.,
489 5782 537 5831 et
556 5775 794 5847 puritate
819 5775 1116 5847 conspicua.

172 5845 191 5878 ⁷
218 5845 442 5915 Norm.,
473 5845 705 5918 fuscare.

1884 4822 1905 4856 ⁸
1935 4821 2209 4896 ᾼίίᾶίιηηε
2229 4840 2432 4896 non,ex
2455 4824 3414 4896 Mss.Germ.,Corb.Germ.,Norm.,

1808 4893 2009 4974 Laud,
2032 4902 2162 4963 etc.,
2194 4894 2559 4974 adjiciendam
2592 4893 2808 4969 quoque
2851 4893 3199 4974 negationem
3220 4899 3417 4974 probat

1809 4968 2021 5040 integer
2049 4974 2363 5040 contextus,
2397 4968 2454 5040 in
2485 4984 2594 5040 quo
2616 4968 2824 5040 ’scopus
2852 4968 3026 5026 sancti
3065 4968 3312 5039 Gregorii
3335 4975 3415 5022 est

1810 5037 2117 5120 ostendere
2139 5037 2632 5120 sardonychumet
2660 5037 2979 5120 sapphirum
3006 5056 3123 5120 non
3152 5037 3267 5118 esse
3297 5053 3413 5109 pre-

1808 5108 1988 5191 tiosos
2012 5109 2240 5191 lapides,
2270 5108 2386 5191 sed,
2435 5118 2496 5191 ut
2552 5110 2667 5191 ipse
2696 5108 2813 5191 ait,
2842 5111 3161 5191 vilissimas,
3193 5109 3240 5163 si
3286 5108 3412 5191 cum

1810 5179 2181 5252 aliislapillis
2223 5181 2481 5252 pretiosis
2535 5179 2920 5246 conferantur;
2972 5186 3210 5252 mentem
3268 5181 3414 5236 clare

1808 5250 1986 5324 aderit
2014 5250 2102 5307 his
2130 5250 2341 5308 verbis:
2360 5255 2485 5307 dum
2510 5253 2769 5324 pretiosos
2796 5267 2901 5305 esse
2917 5251 3413 5324 cognoscimus,sar-

1809 5322 2133 5395 donychum
2164 5324 2425 5379 videlicet
2452 5322 2880 5395 efsapphirum.
2913 5323 3076 5395 Ileest
3104 5330 3289 5395 tamen
3320 5339 3412 5380 ne-

1811 5393 1957 5472 gatio
2000 5394 2058 5448 in
2106 5395 2362 5472 oninibus
2408 5394 2513 5448 Ed.
2560 5400 2921 5472 praeterquam
2970 5393 3028 5448 in
3058 5393 3191 5450 edit.
3237 5395 3410 5451 Paris.

1814 5462 1972 5532 1495,
2003 5472 2057 5519 et
2085 5465 2210 5519 aliis
2239 5465 2469 5519 fortasse
2498 5462 2927 5534 antiquioribus.

1883 5537 1997 5610 9_ln
2027 5538 2059 5591 2
2090 5535 2300 5610 Laud,
2320 5536 2530 5610 Germ.,
2562 5533 2725 5591 Corb.
2782 5533 2967 5592 Germ.
2990 5544 3046 5591 et
3073 5536 3220 5606 aliis,
3245 5538 3412 5610 vulgo

1810 5607 2048 5673 aeriam;
2083 5615 2137 5662 et
2166 5607 2242 5661 ita
2270 5605 2549 5677 deinceps.

1888 5680 1933 5715 ¹⁰
1961 5682 2189 5748 Turon.,
2210 5681 2267 5733 in
2282 5678 2532 5751 sapphiro
2548 5695 2670 5734 vero
2699 5678 2791 5748 qui
2818 5680 2962 5734 aeris
2994 5685 3124 5733 tenet
3174 5679 3411 5751 speciem,

1810 5753 2063 5808 visionem
2091 5754 2265 5823 angeli
2292 5750 2580 5819 designari.
