3946 6390
502 430 572 487 83
1711 416 1961 478 SANCTI
1997 414 2338 479 GREGORII
2374 414 2603 476 MAGNI
3751 410 3816 475 84

501 560 613 610 tem
640 564 737 624 per
761 562 976 606 aeream
1004 545 1277 604 visionem
1303 545 1481 620 angeli
1501 542 1797 619 designari.
1817 544 1954 603 Nam
1974 555 2101 602 cum
2129 541 2182 610 Α
2212 548 2297 602 est
2306 548 2369 601 ut
2378 537 3421 617 extrinsecusvisum,puraintrinsecus
3430 540 3815 618 perspicuitate

503 641 682 699 rubrm
699 647 861 697 terra
907 637 1147 712 speciem
1182 632 1323 710 lapis
1349 634 1733 708 sardonychus
1757 633 1974 704 habeat,
1997 650 2109 691 non

502 729 784 788 immerito
797 727 1083 785 hominem
1098 727 1507 802 designat,quia
1521 734 1575 784 et
1586 725 1886 800 Adam,qui
1898 724 2112 799 primus

506 826 592 877 est
617 817 901 886 conditus,
922 815 1120 874 Latino
1135 832 1389 874 sermone
1416 824 1562 874 terra
1582 815 1750 873 rubra
1766 815 2107 872 nominatur.

516 909 664 979 Quid
691 915 776 966 est
793 921 924 982 ergo
943 907 1091 981 quod
1104 904 1334 978 dicitur,
1355 907 1486 983 quia
1499 906 1619 965 hinc
1642 905 1913 980 sapientia
1938 900 2111 980 lapidi

507 1003 883 1079 sardonyche,
914 1001 1062 1062 598
1101 1005 1192 1062 vel
1221 1003 1482 1078 sapphiro
1523 1018 1638 1062 non
1666 1000 1973 1073 confertur,
2003 997 2112 1059 nisi

509 1094 658 1169 quod
684 1095 733 1152 is
759 1095 857 1169 qni
885 1100 968 1152 est
987 1094 1087 1152 Dei
1103 1093 1305 1164 virtus,
1325 1098 1381 1151 et
1408 1090 1510 1151 Dei
1529 1091 1820 1168 sapientia,
1843 1087 2115 1149 mediator

509 1183 721 1242 scilicet
743 1183 843 1240 Dei
871 1187 923 1240 et
946 1183 1260 1253 hominum,
1287 1181 1457 1240 homo
1485 1178 1744 1241 Christus
1769 1178 1947 1252 Iesus,
1963 1186 2115 1238 tanta

512 1271 898 1346 magnitudine
927 1272 1161 1331 excellat
1186 1272 1396 1344 omnia,
1426 1281 1490 1330 ut
1507 1270 1560 1330 ei
1579 1286 1682 1331 nec
1701 1269 1761 1329 in
1778 1276 1928 1330 terra
1947 1268 2115 1345 primi

511 1360 787 1431 homines,
812 1376 915 1419 nec
945 1362 1005 1418 in
1033 1363 1174 1420 casio
1201 1361 1381 1436 angeli
1409 1366 1803 1435 comparentur
1820 1360 1850 1420 ?
1879 1358 2035 1419 Unde
2061 1366 2117 1416 et

510 1466 609 1524 per
629 1450 997 1520 Psalmistam,
1029 1450 1237 1509 dicitur
1268 1466 1281 1508 :
1317 1451 1448 1522 Quis
1476 1451 1537 1508 in
1561 1450 1790 1509 nubibus
1817 1450 2118 1523 mquabitur

508 1541 758 1606 Domino,
786 1545 883 1596 aut
928 1541 1051 1612 quis
1090 1541 1283 1599 similis
1325 1541 1428 1600 erit
1481 1538 1592 1602 Deo
1639 1540 1781 1598 inter
1828 1540 1972 1615 ﬁlios
2018 1534 2122 1597 Dei

513 1630 687 1703 (Psal.
717 1644 999 1699 axxxvm,
1032 1630 1090 1703 7)
1108 1631 1138 1688 ‘i

585 1716 726 1791 [Vet.
756 1715 988 1791 XXXIJ
1019 1719 1107 1774 76.
1133 1720 1402 1787 Quantum
1426 1716 1657 1790 apostoli
1673 1716 1874 1775 cwlibes
1898 1714 2118 1774 antecel-

517 1809 631 1864 lant
656 1807 845 1862 ceteris
873 1804 1164 1863 testamenti
1198 1813 1383 1880 patres
1428 1805 1755 1881 conjugetos.
1784 1836 1858 1851 —
1884 1807 2123 1865 Possunt

513 1902 700 1953 autem
726 1908 826 1970 per
847 1892 1260 1971 sardonychum
1290 1892 1530 1970 lapidem
1585 1903 1767 1971 patres
1806 1895 2122 1954 testamenti
2151 1913 2199 1980 Β

516 1985 745 2055 veteris,
786 2000 886 2060 per
911 1985 1237 2060 sapphirum
1265 2000 1398 2044 vero
1446 1983 1832 2060 prmdicatores
1887 1981 2126 2061 exprimi

519 2076 831 2135 testamenti
845 2075 999 2133 novi.
1021 2074 1111 2133 Illi
1137 2075 1341 2149 quippe
1358 2075 1614 2150 quamvis
1627 2091 1879 2150 magnam
1895 2072 2128 2149 justitias

517 2165 693 2223 vitam
721 2173 996 2236 tenerent,
1037 2165 1245 2226 carnali
1280 2174 1463 2224 tamen
1490 2164 1873 2242 propagationi
1928 2163 2128 2224 servie-

517 2254 671 2313 bant.
703 2254 845 2324 Qnia
871 2256 1042 2329 igitur
1072 2260 1287 2314 constat
1307 2256 1457 2331 quod
1486 2256 1737 2332 quaedam
1757 2264 1979 2315 terrena
1995 2270 2132 2330 age-

518 2348 664 2414 rent,
679 2359 795 2401 non
822 2343 1102 2402 immerito
1130 2360 1228 2419 per
1245 2345 1657 2420 sardonychum
1677 2344 2132 2420 lapidem,qui,ut

515 2431 1064 2506 praediximus,terrae
1077 2433 1258 2492 rubrae
1291 2443 1442 2492 tenet
1457 2433 1718 2509 speciem,
1749 2435 2127 2508 designantur.

518 2520 624 2580 Per
648 2521 974 2596 sapphirum
1008 2538 1162 2594 vero,
1192 2524 1287 2598 qui
1317 2524 1541 2582 aetherei
1581 2531 1665 2582 est
1690 2523 1914 2594 coloris,
1968 2524 2132 2581 testa.

519 2611 694 2668 menti
749 2611 886 2669 novi
935 2626 1179 2686 congrue
1223 2614 1612 2688 prmdicatores
1655 2613 1988 2687 accepimus,
2036 2616 2133 2687 qui

518 2700 759 2760 carnalis
785 2703 1105 2776 propaginis
1130 2705 1404 2763 desideria
1432 2710 1848 2780 postponentes,
1887 2701 2135 2762 cmlestia

520 2792 639 2850 sola
690 2793 885 2852 sectati
941 2800 1091 2852 sunt.
1151 2793 1308 2852 Unde
1361 2801 1416 2852 et
1463 2792 1755 2868 propheta,
1785 2792 2132 2866 conspiciens

523 2887 725 2938 cuncta
736 2880 921 2938 carnis
947 2879 1222 2938 desideria
1249 2889 1469 2940 sanctos
1496 2880 1776 2956 apostolos
1789 2878 2028 2953 spiritali
2046 2890 2132 2936 ar-

526 2967 660 3025 dore
686 2970 1094 3040 transcendere,
1123 2970 1430 3028 admiratus
1452 2970 1532 3028 ait
1564 2989 1578 3028 :
1613 2970 1719 3039 Qui
1739 2972 1865 3026 sunt
1889 2969 1946 3025 hi
1968 2968 2136 3041 quiut

520 3059 684 3114 nubes
709 3062 892 3116 volant
922 3061 1078 3134 (Isai.
1111 3072 1207 3132 1.x;
1227 3061 1285 3135 8)
1309 3062 1339 3120 ‘l
1366 3062 1448 3118 Ac
1488 3060 1537 3119 si
1564 3064 1751 3135 aperte
1794 3059 1947 3117 dicat
1978 3073 1992 3116 :
2019 3058 2134 3116 Nos

519 3162 617 3221 per
642 3156 845 3206 terram
874 3148 1178 3222 gradimur,
1209 3150 1306 3222 qui
1354 3149 1538 3208 adhuc
1582 3149 1857 3224 conjugiis
1885 3144 2134 3223 implica-

519 3245 728 3324 mur,et
744 3237 1110 3311 propagandae
1136 3237 1313 3296 soboli
1330 3251 1496 3324 opera
1522 3240 1706 3298 carnis
1724 3238 2127 3314 impendimus;

522 3323 617 3380 isti
647 3340 780 3382 vero
808 3325 868 3382 in
896 3333 1046 3383 terra
1064 3342 1177 3384 non
1205 3327 1514 3398 ambulant,
1538 3328 1633 3385 sed
1647 3336 1712 3386 ut
1728 3328 1906 3387 nubes
1919 3329 2133 3398 volant,

525 3406 622 3490 qui
669 3412 803 3472 dum
845 3416 1091 3473 coelestia
1135 3425 1424 3490 appetunt,
1453 3418 1521 3476 de
1571 3420 1808 3476 terrenis
1843 3417 2136 3477 desideriis

523 3502 669 3560 nihil
685 3511 942 3578 tangunt.
964 3506 1062 3562 Ait
1074 3521 1202 3580 ergo
1217 3507 1348 3582 quia
1366 3509 1467 3565 Dei
1483 3508 1753 3583 sapientia
1762 3507 2133 3582 sardonyche,

523 3593 614 3651 vel
641 3591 904 3668 sapphiro
923 3592 1096 3670 lapidi
1116 3612 1231 3655 non
1248 3598 1555 3670 confertur,
1577 3615 1642 3657 ac
1655 3594 1703 3655 si
1723 3602 1973 3672 patenter
1985 3595 2136 3654 iusi-

522 3690 679 3756 nuet,
726 3680 954 3744 dicens:
983 3683 1052 3744 Ei
1083 3682 1177 3762 qui
1217 3683 1388 3746 homo
1437 3685 1585 3746 inter
1636 3684 1893 3746 homines
1945 3687 2138 3747 cemi-

521 3781 638 3843 tur,
666 3787 770 3831 nec
810 3774 869 3831 in
917 3776 1164 3852 antiquis
1192 3777 1508 3852 quisquam,
1540 3793 1643 3835 nec
1673 3776 1735 3834 in
1762 3775 1925 3834 novis
1954 3776 2138 3850 patri-

521 3862 630 3921 bus
657 3872 923 3938 sequatur.
956 3866 1088 3942 quia
1119 3883 1191 3924 ex
1221 3866 1440 3926 Deitate
1468 3865 1638 3924 habet
1661 3864 1813 3941 quod
1841 3862 1900 3923 in
1929 3863 2139 3925 huma-

523 3955 696 4102 n‘iliagf
725 3970 1059 4032 quemquam
1089 3957 1333 4017 similem
1362 3973 1476 4016 non
1524 3952 1710 4016 habet.
1755 3954 1911 4015 Unde
1954 3955 2138 4017 adhuc

523 4061 549 4102 s
669 4045 779 4102 'tur
808 4063 821 4102 :

521 4045 779 4103 subditur
808 4063 821 4104 :

1063 4170 1296 4230 CAPUT
1351 4172 1601 4232 XLVIII.

606 4312 752 4372 Vere.
787 4311 951 4370 l7.—
967 4311 1093 4370 Non
1117 4312 1490 4384 adsequabitur
1513 4313 1562 4369 ei
1586 4330 1784 4371 aurum
1809 4317 1891 4372 uel
1916 4314 2135 4375 citrum.

600 4416 690 4475 77.
721 4415 878 4474 Beati
903 4416 1180 4490 fulgebunt
1196 4417 1256 4473 iu
1267 4418 1394 4474 caelo
1411 4423 1664 4490 tanquam
1675 4423 2138 4488 aurum,trauslu-

529 4504 712 4564 cebuut
737 4512 798 4563 ut
823 4507 1043 4565 nitrum.
1075 4538 1148 4550 —
1175 4506 1311 4576 Quis
1339 4505 1448 4566 hoc
1478 4524 1675 4566 sanum
1718 4510 1938 4584 sapiens
1977 4508 2141 4582 juxta

2218 632 2416 693 luceat.
2447 632 2513 690 In
2533 634 2646 691 alio
2675 633 2899 691 metallo
2917 628 3193 706 quidquid
3212 630 3550 690 intrinsecus
3577 630 3815 695 contine-

2217 726 2312 781 tur
2337 721 2724 792 absconditur;
2756 721 2817 779 in
2842 721 2991 779 vitro
3018 734 3152 779 vero
3167 716 3404 796 quilibet
3432 718 3620 797 liquor
3647 722 3817 799 qualis

2219 811 2536 870 continetur
2570 811 2826 882 interius,
2852 811 2982 869 talis
3009 811 3255 869 exterius
3280 808 3717 882 demonstratur,
3745 820 3818 870 at-

2220 917 2347 975 que,
2377 909 2440 958 ut
2465 900 2545 958 ita
2571 900 2834 970 dixerim,
2876 898 3060 957 omnis
3090 898 3275 976 liquor
3303 900 3361 958 in
3391 901 3573 959 vitreo
3601 904 3818 962 vasculo

2221 991 2440 1052 clausus
2466 997 2634 1064 patet.
2672 988 2821 1059 Quid
2846 1004 2978 1063 ergo
3004 990 3159 1048 aliud
3184 990 3248 1048 in
3274 1002 3412 1048 auro
3441 993 3532 1049 vel
3562 991 3712 1049 vitro
3736 1006 3819 1051 ac-

2221 1080 2481 1156 cipimus,
2519 1079 2629 1137 nisi
2655 1080 2811 1137 illam
2838 1093 3131 1154 supernam
3162 1080 3419 1156 patriam,
3450 1082 3608 1142 illam
3635 1083 3820 1142 beato-

2222 1184 2348 1229 rum
2379 1169 2589 1227 civium
2616 1169 2957 1241 societatem,
2987 1184 3224 1244 quorum
3251 1170 3420 1229 corda
3445 1169 3556 1230 sibi
3585 1171 3817 1230 invicem

2223 1268 2279 1318 et
2321 1259 2571 1318 claritate
2598 1258 2834 1332 fulgent,
2879 1266 2935 1316 et
2962 1259 3201 1333 puritate
3227 1261 3574 1320 transluceat
3594 1263 3625 1320 ?
3650 1262 3818 1332 Quam

2223 1348 2462 1407 Joannes
2487 1348 2549 1406 in
2567 1347 2901 1423 Apocalypsi
2919 1358 3301 1423 conspexerat,
3320 1364 3448 1408 cum
3467 1350 3690 1408 dicebat
3710 1367 3724 1410 :
3752 1351 3824 1408 Et

2223 1444 2342 1496 erat
2367 1445 2640 1495 structura
2664 1439 2809 1494 muri
2834 1439 2950 1510 ejus
2975 1452 3041 1495 ιω
3084 1439 3260 1512 lapide
3276 1438 3537 1512 jaspide;
3560 1439 3683 1512 ipsa
3706 1454 3822 1497 vero

2225 1525 2410 1584 ciuitas
2438 1526 2461 1562 ⁸
2488 1543 2687 1584 aurum
2712 1526 2992 1595 mundum,
3025 1526 3218 1584 similis
3245 1527 3385 1584 uitro
3402 1528 3609 1583 mundo
3632 1528 3821 1601 (Apoc.

2226 1632 2348 1685 xxi,
2397 1615 2513 1689 18).
2560 1615 2704 1685 Quia
2753 1616 2903 1673 enim
2948 1616 3125 1675 uncti
3171 1632 3365 1674 omnes
3407 1630 3630 1674 summa
3672 1616 3730 1674 in
3766 1629 3824 1675 es

2226 1704 2587 1763 beatitudinis
2613 1704 2864 1763 claritate
2889 1705 3203 1779 fulgebunt,
3235 1708 3258 1742 ⁸
3288 1705 3564 1765 instructa
3592 1719 3726 1764 auro
3749 1707 3822 1764 di-

2228 1793 2393 1853 citur.

2303 1884 2392 1941 78.
2422 1884 2493 1941 In
2517 1900 2700 1942 eorum
2715 1886 2869 1943 uultu
2894 1883 3070 1942 intimi
3091 1883 3265 1942 animi
3290 1897 3475 1942 sensus
3490 1881 3827 1957 conspicuas»

2237 1979 2347 2032 tur.
2369 1999 2442 2017 --
2467 1975 2540 2031 Et
2567 1975 2832 2050 quoniam
2858 1973 2977 2050 ipsa
2995 1988 3187 2050 eorum
3205 1974 3429 2034 claritas
3448 1973 3701 2033 vicissim
3727 1972 3824 2032 sibi

2236 2062 2298 2122 in
2315 2064 2544 2122 alternis
2561 2065 2823 2124 cordibus
2836 2073 3007 2140 patet,
3028 2070 3083 2124 et
3100 2078 3229 2124 cum
3248 2064 3691 2140 uniuscujusque
3706 2063 3828 2121 vul-

2235 2163 2328 2213 tus
2352 2154 2679 2226 attenditur,
2708 2155 2877 2213 simul
2893 2162 2951 2212 et
2967 2156 3304 2214 conscientia
3319 2163 3662 2231 penetratur,
3692 2158 3829 2220 594

2237 2257 2347 2316 hoc
2376 2254 2559 2331 ipsum
2585 2266 2784 2314 aurum
2812 2255 2960 2313 vitro
2987 2255 3198 2315 mundo
3223 2255 3406 2314 simile
3433 2270 3550 2315 esse
3578 2269 3826 2316 memora-

2236 2353 2349 2404 tur.
2392 2345 2476 2403 Ibi
2517 2344 2720 2420 quippe
2757 2343 3195 2421 uniuscujusque
3221 2354 3463 2404 mentem
3503 2347 3576 2405 ab
3614 2341 3829 2405 alterius

2239 2435 2436 2507 oculis,
2467 2434 2844 2494 membrorum
2871 2433 3218 2511 corpulentia
3241 2448 3356 2494 non
3391 2432 3716 2507 abscondet,
3745 2430 3829 2492 sed

2239 2524 2448 2599 patebit
2463 2525 2704 2596 animus,
2724 2525 2932 2599 patebit
2944 2522 3322 2600 corporalibus
3347 2525 3527 2584 oculis
3540 2522 3662 2601 ipsa
3677 2519 3830 2583 etiam

2240 2614 2487 2689 corporis
2494 2614 2806 2685 harmonia,
2821 2612 3011 2690 sicque
3021 2614 3404 2690 unusquisque
3413 2618 3551 2672 tunc
3563 2611 3674 2672 erit
3690 2625 3830 2673 cons-

2239 2702 2494 2778 picabilis
2511 2701 2693 2775 alteri,
2712 2705 2858 2763 sicut
2873 2716 3024 2763 nunc
3037 2718 3154 2761 esse
3173 2718 3286 2761 non
3301 2706 3481 2777 potest
3500 2697 3829 2778 conspicabi-

2240 2790 2311 2852 lis
2328 2792 2455 2852 sibi.
2482 2794 2620 2870 [νει.
2640 2794 2852 2852 XXXII
2853 2793 2895 2869 .]
2913 2793 3072 2852 Nunc
3091 2800 3273 2851 autem
3291 2790 3457 2851 corda
3471 2801 3664 2852 nostra
3677 2802 3831 2869 quan-

2241 2883 2340 2941 diu
2355 2884 2413 2940 in
2430 2882 2660 2942 hacvita
2678 2894 2889 2954 sumus,
2907 2881 3037 2958 quia
3051 2882 3120 2940 ab
3139 2882 3314 2940 altero
3333 2877 3392 2939 in
3409 2880 3649 2941 alterum
3669 2876 3830 2940 videri

2240 2988 2353 3034 non
2382 2983 2632 3049 possunt,
2662 2990 2775 3032 non
2794 2974 2941 3032 intra
2958 2972 3156 3045 vitrea,
3174 2972 3269 3031 sed
3283 2972 3431 3032 intra
3448 2969 3598 3032 lutea
3627 2970 3832 3032 vascula

2240 3065 2671 3135 concluduntur,
2699 3060 2792 3123 cui
2820 3063 3032 3121 scilicet
3054 3063 3174 3120 luto
3192 3075 3291 3137 per
3317 3060 3631 3138 passionem
3648 3059 3832 3120 mentis

2241 3153 2510 3212 inhaerere
2528 3148 2803 3224 Propheta
2815 3150 3174 3224 formidabat,
3187 3166 3316 3210 cum
3334 3150 3564 3212 diceret:
3588 3149 3835 3226 Eripeme

2164 3278 2210 3343 α
2346 3242 2478 3311 tuto,
3100 3239 3275 3315 (Prol.
3308 3255 3511 3343 tavris,
3544 3239 3659 3343 lli):
3689 3233 3833 3310 Quod

2245 3329 2513 3388 nimnrum
2560 3330 2583 3368 ι
2622 3322 2997 3388 habitaculum
3040 3342 3334 3406 corporum
3375 3329 3582 3390 Paulus
3620 3329 3832 3390 domum

2245 3427 2558 3477 terrestrem
2586 3418 2859 3490 nominat,
2889 3418 3108 3479 dicens:
3158 3421 3361 3480 scenas
3380 3422 3641 3494 quoniam
3667 3419 3715 3476 si
3747 3416 3834 3474 ter-

2245 3508 2433 3567 restris
2462 3509 2648 3566 domus
2671 3510 2862 3568 uostm
2885 3510 3049 3583 hujus
3076 3512 3098 3548 ⁸
3128 3511 3472 3569 habitationis
3505 3510 3833 3576 dissolvatur,

2245 3600 2389 3673 quod
2400 3598 2801 3674 adiﬁcatioum
2816 3613 2883 3658 ea
2899 3601 3009 3658 Deo
3023 3601 3291 3670 habemus,
3305 3600 3525 3659 domum
3542 3616 3652 3659 nou
3666 3611 3834 3658 manu-

2246 3689 2448 3762 factam
2473 3696 2727 3749 retentam
2751 3691 2811 3748 ia
2836 3691 2978 3749 satis
3000 3692 3090 3765 (II
3116 3692 3244 3751 Cor.
3260 3704 3323 3762 v,
3341 3692 3419 3766 1).
3438 3689 3507 3752 In
3535 3690 3641 3752 hac
3666 3688 3833 3765 itaque

2246 3781 2491 3838 terrestri
2503 3781 2669 3839 domo
2678 3794 2966 3857 quousque
2980 3781 3246 3852 vivimus,
3261 3783 3467 3857 ipsum,
3485 3790 3550 3842 ut
3563 3781 3641 3840 ita
3649 3780 3833 3846 dicem,

2248 3873 2621 3946 corruptionis
2631 3880 2833 3931 nostrae
2849 3873 3113 3946 parietem
3128 3873 3331 3933 mentis
3345 3873 3529 3932 oculis
3539 3871 3836 3932 nullatenus

2248 3969 2618 4036 penetramus,
2649 3969 2706 4020 et
2744 3962 2996 4021 vicissim
3022 3962 3084 4021 in
3110 3963 3237 4022 aliis
3275 3963 3467 4022 videre
3500 3962 3713 4024 occulta
3737 3971 3835 4016 non

2248 4066 2558 4128 possumus.
2592 4056 2616 4092 ο
2641 4050 2799 4112 Unde
2815 4058 3006 4112 sancta
3029 4052 3278 4114 Ecclesia
3294 4052 3484 4129 sponsi
3505 4053 3592 4114 sui
3618 4046 3835 4128 speciem

2241 4141 2438 4202 'videre
2464 4145 2525 4202 in
2551 4144 2850 4204 divinitate
2888 4144 3229 4217 desiderans,
3269 4158 3373 4204 nec
3412 4150 3601 4203 tamen
3643 4139 3835 4204 valens,

2250 4233 2380 4309 quia
2405 4237 2732 4295 mternitatis
2745 4236 2901 4295 illius
2917 4236 3154 4295 formam
3182 4249 3347 4312 quam
3374 4233 3584 4294 intueri
3600 4224 3837 4301 concupi-

2251 4333 2406 4382 verat
2419 4325 2489 4382 ab
2507 4326 2628 4399 ejus
2639 4327 2818 4386 oculis
2830 4334 3111 4400 assumpta
3129 4325 3448 4384 humanitas
3464 4314 3836 4384 abscondebat,

2251 4413 2312 4470 in
2340 4413 2584 4472 Canticis
2610 4415 2956 4473 canticorum
2991 4431 3230 4474 moerens
3254 4415 3429 4475 dicit:
3473 4417 3571 4474 Ea
3608 4413 3716 4486 ipse
3751 4406 3844 4460 stat

2247 4509 2370 4577 post
2408 4504 2668 4577 parietem
2712 4513 2957 4562 nostrum
3002 4506 3184 4580 (Cant.
3231 4522 3296 4575 II,
3339 4505 3422 4579 9).
3466 4505 3553 4562 Ac
3594 4502 3640 4559 si
3678 4500 3842 4571 aperte

531 4596 772 4654 litteram
785 4597 989 4655 sentire
1005 4594 1264 4671 dignetur
1282 4598 1311 4655 7
1330 4595 1552 4656 Vitrum
1569 4598 1792 4673 quippe,
1810 4607 1874 4657 ut
1891 4601 2144 4674 superius
2172 4644 2221 4710 Β
2425 4611 2436 4651 :
2468 4592 2586 4670 Ego
2613 4591 2841 4710 hluncin
2859 4590 3175 4653 divinitatis
3193 4612 3306 4710 sua:
3329 4592 3446 4668 jam
3467 4592 3648 4669 specie
3673 4585 3841 4710 vide'l'e

535 4684 778 4710 .1:..s....-
833 4700 960 4710 -___.-
995 4684 1151 4710 1----
1187 4694 1263 4710 na
1295 4684 1492 4710 -.:s:-_--
1532 4694 1580 4710 ,ι
1610 4695 1892 4710 μ--Α----,.-
1936 4688 2134 4710 λξ,ι--..-
2291 4676 2365 4710 ηας
2410 4691 2502 4710 ιιι-Α
2563 4694 2620 4710 ..η
2703 4678 2766 4710 ..Α
2814 4697 2884 4710 ..Α
2929 4696 2954 4710 ..
3003 4679 3219 4710 ..ξι-ξων.
3263 4676 3414 4710 tit..-
3445 4696 3545 4710 νυ...
3572 4683 3841 4710 .nnmnm

532 4684 801 4756 diximus,
831 4700 966 4744 auro
995 4684 1154 4759 longe
1183 4694 1266 4744 est
1295 4684 1495 4752 vilius;
1527 4694 1582 4743 et
1610 4695 1900 4762 postquam
1929 4688 2142 4748 dictum
2172 4674 2221 4710 υ
2252 4674 2524 4748 ἀθείάθῒο,
2563 4676 2662 4736 sed
2701 4674 2886 4738 adhuc
2928 4696 2961 4737 a
3003 4679 3220 4738 visione
3262 4676 3416 4737 illius
3445 4696 3545 4753 per
3570 4677 3841 4762 888nme

532 4784 616 4832 est
643 4776 793 4850 quod
819 4793 1020 4833 aurum
1052 4776 1187 4834 huic
1213 4777 1498 4851 sapientiae
1527 4794 1644 4834 non
1677 4779 2020 4854 adsequatur,
2051 4778 2144 4836 ad-

533 4865 645 4924 huc
659 4866 815 4939 quasi
826 4865 1124 4924 crescendo
1152 4865 1510 4940 subjungitur
1537 4864 1687 4942 quod
1713 4866 1763 4925 ei
1795 4884 2014 4942 quoque
2042 4883 2146 4925 nec

532 4952 744 5012 vitrum
761 4953 935 5030 possit
953 4955 1181 5029 aequari.
1212 4954 1319 5012 Sed
1339 4955 1459 5028 ipsa
1477 4973 1579 5013 nos
1595 4958 1781 5014 littera
1792 4957 1862 5014 ab
1877 4957 2146 5014 historico

534 5045 821 5104 intellectu
846 5045 1129 5115 deﬁciens,
1159 5045 1229 5102 ad
1252 5046 1630 5118 indagandum
1649 5048 1927 5120 allegorias
1943 5054 2146 5120 myste-

536 5135 682 5192 rium
714 5137 1054 5194 mittit.Auri
1084 5152 1322 5211 namque
1338 5137 1623 5195 metallum
1652 5136 1914 5194 novimus
1941 5132 2145 5211 potiori

540 5224 780 5282 metallis
798 5226 1061 5286 omnibus
1080 5226 1332 5285 claritate
1352 5225 1767 5299 fulgere.‘Vitri
1782 5243 1916 5285 vero
1934 5235 2147 5286 natura)

617 5457 636 5492 ³
667 5454 1124 5531 Ῑξειλτθεβὶῐιιξωιιε
1151 5476 1221 5517 ex
1257 5460 1427 5519 duob.
1458 5460 1660 5530 Laud.,
1691 5460 1903 5531 Germ.,
1931 5461 2151 5531 Norm.,

544 5535 652 5585 etc.
684 5527 844 5600 Prius
863 5528 1165 5600 legebatur,
1193 5532 1326 5586 citri
1351 5550 1475 5589 vero
1501 5527 1704 5588 natura
1733 5539 1829 5598 est,
1860 5527 1923 5588 ut
1948 5527 2151 5588 eretria;

545 5614 694 5674 secus
716 5599 836 5674 visu
848 5599 1343 5674 purajntrinsecus
1364 5605 1740 5674 perspicuitate
1751 5605 2042 5674 perluceat.

621 5621 690 5654 ms
716 5621 836 5654 visu
900 5621 1343 5667 ura,mtrmsecus
1364 5621 1488 5674 pers
1526 5621 1740 5659 tcuttaw
1856 5621 2042 5659 luceat.

621 5671 644 5704 ³
668 5671 755 5742 ita
922 5686 1053 5740 rec.,
1086 5671 1272 5727 Germ.
1295 5688 1447 5742 vero,
1471 5621 1710 5742 (gemet,
1730 5621 1903 5740 ἔξω
1927 5673 1960 5729 2
1976 5672 2148 5730 Laud.

549 5746 604 5813 et
633 5739 728 5796 alii
759 5742 982 5812 passim.
1018 5739 1175 5811 Mss,
1205 5759 1343 5797 auro
1369 5739 1566 5800 mundo
1623 5739 1810 5813 simili,
1843 5739 1949 5799 etc.
1984 5742 2150 5801 Corb.

547 5811 984 5878 Germ.,’aurum
1009 5814 1267 5869 mundum
1286 5815 1505 5879 similes,
1529 5823 1634 5871 etc.
1653 5811 1830 5884 Editi,
1860 5820 2000 5883 vet.,
2016 5829 2153 5872 auro

545 5883 743 5937 mundo
771 5884 982 5953 similis,
1010 5893 1118 5942 etc.

2254 4767 2436 4824 carnis
2463 4768 2727 4840 parietem
2767 4769 3053 4828 excludor.
3103 4769 3401 4843 Quousque
3445 4768 3630 4842 itaque
3669 4763 3725 4820 in
3753 4759 3841 4815 hac

2254 4854 2606 4930 corruptibili
2634 4872 2799 4916 carne
2827 4856 3093 4928 vivimus,
3135 4857 3503 4930 cogitationes
3545 4858 3755 4914 nostras
3790 4845 3839 4900 in

2254 4950 2583 5006 alterutrum
2612 4966 2726 5006 non
2750 4947 3024 5008 videmus.
3052 4948 3209 5007 Unde
3237 4962 3456 5005 rursum
3483 4964 3581 5020 per
3605 4935 3839 5034 cumdel?

2254 5041 2488 5099 Paulum
2516 5041 2762 5100 dicitur':
2807 5043 2939 5112 Quis
2966 5042 3065 5098 scit
3090 5041 3363 5097 hominum
3394 5054 3515 5110 qua
3547 5040 3671 5092 sunt
3693 5032 3839 5088 homi-

2253 5131 2361 5201 nis,
2380 5131 2488 5189 nisi
2503 5132 2728 5206 spiritus
2745 5132 2975 5189 hominis
2993 5132 3087 5204 qui
3101 5131 3159 5186 in
3176 5131 3291 5204 ipso
3313 5132 3389 5186 est
3413 5126 3462 5201 (Ι
3481 5130 3608 5187 Cor.
3634 5140 3696 5191 il,
3718 5112 3840 5213 ii)?

2254 5220 2328 5276 Et
2346 5200 2578 5277 rursum
2602 5234 2616 5278 :
2645 5218 2822 5279 Nolite
2839 5200 3091 5292 judicare
3107 5200 3230 5276 ante
3258 5200 3480 5290 tempus,
3508 5214 3666 5272 donec
3682 5200 3840 5264 ueniat

2332 5457 2354 5492 ³
2384 5457 2648 5529 Vindoc.,
2677 5462 2996 5515 constructa.
3044 5453 3080 5514 2
3122 5450 3321 5526 Laud.,
3366 5449 3579 5511 Gemet.
3619 5457 3673 5508 et
3698 5439 3836 5502 Edit.

2260 5527 2510 5587 Barthol.
2540 5527 2639 5589 an.
2665 5530 2828 5598 1494,
2855 5530 3191 5586 instructum
3217 5544 3375 5584 auro.

2332 5600 2613 5678 fTumn.,
2642 5600 3000 5678 habitaculum
3027 5616 3354 5678 corporeum.
3426 5670 3441 5678 _
3610 5665 3642 5678 Α
3717 5659 3728 5672 _

2333 5671 2354 5706 ε
3421 5659 3770 5728 habitationis.
3804 5652 3836 5711 s

2260 5741 2432 5815 Laud.
2445 5787 2458 5810 ,
2488 5741 2908 5802 inhabitationt's.
3197 5813 3204 5815 _
3579 5811 3613 5815 _
3711 5804 3722 5815 .

2306 5814 2357 5893 ,Ὗ
2402 5814 2637 5893 Vindqc.
2687 5816 2830 5874 Unde
2865 5823 2915 5872 et
2951 5831 3144 5887 sponsa
3182 5813 3242 5871 in
3268 5814 3544 5874 divinitate
3569 5811 3835 5869 Dominum

2264 5885 2439 5941 videre
2466 5888 2790 5945 desiderans.
