3946 6386
166 402 231 459 8ὄ
424 476 433 484 ἢ
937 397 1315 457 MORALIUM
1355 394 1494 460 LIB.
1530 394 1736 459 XVIII.
1775 428 1847 443 -
1882 394 2115 460 CAPUT
2152 401 2389 462 XXVIII
2427 405 2490 463 B.
2532 406 2675 465 JOB.
3406 410 3478 467 86

169 525 432 591 Dominus,
462 519 620 595 quiet
638 518 965 581 illuminabit
989 516 1293 581 abscondita
1327 525 1680 593 tenebrarum,
1707 526 1756 582 et
1783 528 1834 587 A
1866 521 2022 584 Pauli
2054 542 2247 586 vocem
2272 523 2556 586 Christum
2591 524 2854 589 novimus
2873 526 2972 590 Dei
3002 534 3363 608 virtutem,et
3381 530 3483 594 Dei

169 609 744 686 ntaaifestabitconsilia
759 610 997 670 sordium
1021 612 1079 687 (Ι
1103 612 1327 685 Cor.1v,
1343 616 1424 689 5).
1455 615 1750 690 Illaitaque
1860 614 2187 691 sapientiam
2214 618 2272 690 (Ι
2291 614 2418 675 Cor.
2444 634 2483 688 1,
2507 619 2593 689 18,
2615 619 2733 693 24),
2760 616 2955 678 Petrus
2975 636 3073 695 pro
3094 623 3197 682 hac
3211 622 3481 700 sapientia

171 704 349 765 civitas
377 718 496 777 quae
528 717 630 759 sua
657 702 906 761 vicissim
938 701 1172 776 singulis
1220 704 1387 763 corda
1416 700 1750 776 manifestat,

1868 722 1997 763 vasa
2012 705 2132 763 auri
2150 708 2366 765 excelsa
2381 715 2434 764 et
2450 708 2757 766 eminentia
2771 722 2893 767 c0m
2902 719 3115 769 mutare
3134 712 3334 783 noluit,
3353 710 3482 789 quia

169 811 231 852 ex
257 809 384 851 auro
412 790 618 851 dicitur
643 788 847 850 similis
874 790 1020 851 vitro
1047 791 1276 865 mundo,
1332 803 1396 852 ut
1439 792 1756 870 designetur
1865 794 2038 853 deilla
2053 812 2164 853 non
2181 794 2335 854 aliud
2347 812 2511 872 quam
2530 806 2648 856 erat
2663 796 2960 857 intellexit.
2978 797 3238 875 Magnum
3255 788 3479 876 quippe,

169 899 293 942 auro
319 882 485 953 clara,
516 882 669 939 vitro
696 880 1002 956 perspicua.

233 973 313 1032 79.
347 972 617 1044 Quomodo
648 970 820 1030 sancti
846 973 956 1032 Deo
985 970 1181 1032 similes
1215 974 1323 1032 sint
1368 981 1417 1031 et
1455 970 1755 1032 dissimiles.

169 1097 231 1109 -—
270 1062 372 1123 Sed
402 1065 656 1139 quamvis
707 1062 765 1120 in
796 1080 859 1121 ea
886 1064 1061 1123 sancti
1093 1080 1283 1122 omnes
1310 1070 1463 1123 tanta
1512 1062 1763 1123 claritate

169 1154 420 1228 fulgeant,
465 1158 619 1211 tanta
658 1151 1048 1228 perspicuitate
1070 1157 1087 1190 ί
1138 1153 1532 1224 transluceant,
1584 1154 1634 1211 ei
1683 1159 1762 1210 ta-

169 1261 285 1303 men
313 1243 594 1319 sapientiae
623 1245 691 1302 de
724 1243 883 1318 cujus
911 1244 1149 1319 imagine
1179 1244 1384 1304 habent
1419 1260 1581 1303 omne
1617 1240 1765 1320 quod

168 1343 310 1404 sunt,
337 1334 543 1410 aequari
577 1350 690 1392 non
720 1342 971 1409 possunt.
1019 1336 1165 1393 Bene
1194 1353 1321 1411 ergo
1346 1337 1554 1396 dicitur
1587 1354 1599 1396 :
1647 1337 1767 1395 Non

167 1428 526 1498 aquuabitur
540 1429 587 1483 ei
603 1445 799 1483 aurum
826 1430 907 1484 vel
934 1429 1150 1486 vitrum.
1180 1430 1266 1485 Ad
1291 1430 1396 1489 hoc
1421 1430 1570 1488 enim
1590 1428 1767 1488 sancti

170 1532 349 1572 omnes
375 1515 444 1572 ad
474 1516 572 1572 illa
601 1516 798 1588 gaudia
827 1522 1027 1573 aeterna
1043 1518 1396 1589 perveniunt,
1426 1526 1488 1576 ut
1518 1535 1631 1575 esse
1656 1520 1769 1577 Deo

166 1604 366 1661 similes
391 1605 623 1678 possint,
652 1606 795 1663 sicut
822 1605 1089 1679 scriptum
1119 1614 1200 1663 est
1223 1624 1235 1664 :
1273 1608 1405 1665 Cum
1432 1608 1768 1681 apparuerit,

165 1694 356 1751 similes
383 1695 428 1750 ei
456 1694 674 1765 erimus,
704 1696 958 1766 quoniam
981 1696 1270 1753 videbimus
1289 1715 1406 1754 eum
1426 1695 1582 1753 sicuti
1600 1698 1675 1753 est
1716 1696 1771 1768 (1

169 1782 319 1839 Joan.
352 1800 437 1852 ιιι,
461 1784 548 1857 2).
579 1785 653 1841 Et
679 1790 864 1841 tamen
892 1786 1161 1858 scriptum
1177 1794 1291 1842 est:
1325 1787 1347 1822 ³
1377 1786 1601 1843 Domine
1626 1787 1772 1843 Deus

1862 890 1927 942 ut
1942 883 2155 944 dictum
2170 890 2272 957 est,
2288 902 2385 945 vas
2401 884 2520 945 auri
2534 884 2791 960 Joannes,
2811 904 3073 963 magnum
3090 907 3187 948 vas
3198 892 3321 949 auri
3332 890 3484 951 Elias

1870 974 1958 1033 vel
1975 970 2237 1034 Jeremias
2256 974 2384 1035 fuit.
2407 972 2515 1036 Sed
2543 977 2795 1053 quisquis
2814 980 3070 1037 eumdem
3082 979 3259 1039 Deum
3281 998 3485 1057 quem-

1871 1064 2010 1123 libet
2029 1082 2222 1123 eorum
2258 1082 2374 1124 esse
2403 1064 2661 1138 credidit,
2685 1083 2782 1126 vas
2809 1066 2929 1126 auri
2951 1070 3232 1129 excelsum
3258 1079 3312 1129 et
3336 1070 3484 1129 emi-

1872 1170 2011 1213 nens
2039 1172 2139 1230 pro
2158 1155 2429 1229 sapientia
2443 1159 2828 1216 commutavit.
2848 1158 3095 1218 Ecclesia
3116 1174 3247 1218 vero
3267 1176 3367 1235 pro
3382 1161 3486 1221 hac

1874 1244 2166 1320 sapientia,
2198 1259 2333 1304 vasa
2362 1246 2483 1303 auri
2513 1247 2730 1307 excelsa
2758 1253 2812 1307 et
2841 1247 3141 1308 eminentia
3169 1266 3282 1307 non
3323 1266 3486 1308 com-

1875 1343 2074 1406 mutat,
2124 1332 2256 1410 quia
2295 1332 2581 1395 Christum
2627 1338 2831 1397 Filium
2880 1338 2978 1398 Dei
3023 1356 3136 1398 non
3166 1353 3341 1399 unum
3370 1354 3485 1399 esse

1876 1424 2296 1501 prophetarum,
2329 1431 2349 1465 δ
2387 1427 2485 1485 sed
2530 1446 2704 1487 unum
2744 1430 3136 1507 prophetarum
3183 1429 3484 1491 Dominum

1877 1518 2073 1577 credit.
2089 1518 2268 1592 Ipsam
2286 1520 2488 1593 quippe
2504 1522 2573 1579 ad
2600 1536 2657 1579 se
2674 1524 2889 1581 venisse
2923 1520 3248 1598 sapientiam
3266 1523 3484 1593 videns,

1878 1606 2061 1666 noluit
2089 1624 2145 1666 se
2174 1608 2231 1665 in
2264 1608 2377 1667 illis
2406 1608 2588 1668 aureis
2606 1611 2753 1670 vasis
2782 1609 2967 1686 ﬁgere,
2998 1610 3093 1671 sed
3122 1609 3180 1670 in
3211 1626 3328 1670 eam
3359 1622 3487 1670 stu-

1880 1694 2003 1754 duit
2050 1693 2160 1755 ﬂde
2201 1695 2510 1755 certissima
2558 1701 2913 1771 pertransire.
2953 1698 3111 1758 Unde
3153 1702 3212 1757 in
3242 1700 3487 1759 Canticis

1881 1784 2226 1846 canticorum
2248 1782 2388 1845 dicit
2409 1802 2420 1843 :
2444 1784 2768 1843 Invenerunt
2782 1805 2863 1845 me
2880 1786 3065 1861 vigiles
3079 1788 3173 1861 qui
3191 1789 3489 1846 custodiunt

169 1872 434 1941 virtutum,
464 1873 586 1945 quis
604 1872 798 1931 similis
825 1875 920 1931 tibi
944 1876 1421 1948 (Psal.1.xxxvm,
1445 1876 1511 1948 9)
1530 1876 1557 1932 ?
1576 1876 1649 1931 Et
1667 1874 1766 1931 ite-
1798 1897 1845 1958 B
1880 1876 2159 1935 civitatem.
2204 1876 2349 1936 Num
2381 1892 2535 1949 quem
2563 1876 2585 1914 ⁸
2632 1875 2809 1951 diligit
2852 1877 3035 1935 anima
3070 1892 3186 1936 mea
3232 1877 3441 1935 vidistis
3460 1878 3490 1938 τ

170 1976 283 2019 rum
339 1980 353 2019 :
406 1962 525 2020 Aut
577 1963 697 2036 quis
751 1965 853 2021 erit
891 1964 1083 2021 similis
1121 1966 1231 2022 Deo
1270 1966 1410 2021 inter
1441 1966 1582 2039 filios
1623 1966 1767 2024 Dei?

169 2048 313 2109 Unde
339 2068 468 2125 ergo
498 2053 793 2123 similes,et
811 2054 957 2111 unde
978 2068 1092 2112 non
1110 2054 1341 2125 similes,
1357 2056 1465 2112 nisi
1482 2056 1614 2129 quia
1634 2055 1770 2115 huic

164 2142 431 2215 sapientia
459 2151 522 2200 et
543 2142 755 2200 similes
769 2152 933 2201 erunt
960 2144 1030 2201 ad
1054 2145 1352 2218 imaginem
1377 2153 1432 2201 et
1456 2153 1640 2202 tamen
1655 2160 1769 2203 non

165 2240 313 2289 erunt
327 2233 396 2289 ad
409 2233 1165 2308 mqualitatem‘lAspiciendo
1186 2235 1387 2309 quippe
1407 2235 1769 2292 mternitatem

164 2322 275 2391 Dei,
297 2320 360 2378 ﬁt
384 2322 465 2379 eis
498 2330 563 2380 ut
586 2324 776 2380 aeterni
806 2324 920 2380 sint
950 2341 964 2392 ;
997 2333 1052 2381 et
1082 2325 1217 2381 dum
1246 2324 1486 2381 visionis
1508 2324 1629 2397 ejus
1658 2324 1771 2381 do-

165 2428 285 2469 num
309 2413 654 2487 percipiunt,
687 2429 758 2471 ex
787 2415 1138 2488 perceptione
1156 2413 1521 2472 beatitudinis
1548 2414 1769 2472 imitan-

165 2511 246 2560 tur
275 2504 423 2579 quod
472 2505 693 2563 vident.
747 2507 821 2563 Et
862 2507 1077 2564 similes
1104 2518 1234 2580 ergo
1280 2515 1432 2576 sunt,
1463 2507 1594 2581 quia
1624 2506 1769 2563 beati

167 2592 310 2662 ﬁunt;
329 2601 586 2652 attamen
608 2596 845 2654 creatori
860 2595 1071 2653 similes
1088 2610 1199 2653 non
1218 2596 1504 2670 sunt,quia
1522 2604 1772 2654 creatura

165 2685 389 2739 sunt.Et
417 2682 633 2741 habent
660 2686 845 2758 itaque
874 2686 1170 2759 quamdam
1195 2683 1295 2743 Dei
1317 2685 1768 2756 similitudinem,

167 2771 284 2843 quia
310 2786 426 2828 non
455 2771 670 2829 habent
697 2773 866 2830 ﬁnem
896 2791 910 2843 ;
963 2783 1020 2832 et
1067 2783 1254 2832 tamen
1300 2775 1771 2849 incircumscripti

165 2861 531 2933 aequalitatem
556 2873 672 2917 non
699 2860 924 2930 habent,
958 2862 1053 2934 qui
1075 2862 1279 2918 habent
1293 2862 1773 2935 circumscriptio-

166 2963 296 3006 nem.
330 2946 570 3005 Dicatur
591 2948 764 3020 igitur
778 2956 922 3005 recte
946 2963 958 3005 :
988 2951 1110 3006 Non
1127 2949 1408 3020 adaquabi
1414 2955 1502 3003 tur
1516 2950 1564 3004 si
1575 2964 1771 3006 aurum

165 3040 234 3094 vel
255 3039 481 3106 vitrum,
530 3042 676 3100 596
716 3037 846 3110 quia
873 3037 1215 3111 quantalibet
1238 3038 1415 3095 sancti
1442 3039 1689 3095 claritate
1717 3045 1774 3095 et

165 3136 545 3210 perspicuitate
572 3133 839 3208 fulgeant,
864 3136 1016 3193 aliud
1047 3143 1129 3193 est
1145 3136 1399 3193 homines
1417 3150 1533 3194 esse
1562 3136 1772 3209 sapien-

168 3236 237 3286 tes
262 3229 320 3285 in
350 3231 492 3297 Deo,
541 3233 704 3302 atque
749 3227 903 3325 aliud
956 3241 1072 3284 esse
1113 3225 1397 3325 hominem
1439 3227 1766 3301 sapientiam
1800 3263 1843 3325 α

163 3319 273 3377 Dei.
295 3318 475 3389 Quam
506 3318 753 3391 profecto
767 3316 1094 3391 sapientiam
1111 3314 1207 3373 ille
1229 3317 1499 3374 veraciter
1523 3317 1768 3392 agnovit,

165 3409 250 3482 qui
285 3407 577 3467 mediatori
608 3408 706 3466 Dei
732 3415 789 3465 et
821 3404 1114 3465 hominum
1159 3406 1400 3481 aliquem
1453 3420 1770 3482 comparare

164 3506 473 3558 sanctorum
504 3498 735 3556 minime
764 3494 1306 3573 praesumpsitUnde
1336 3505 1388 3554 et
1414 3494 1708 3556 subditur:

487 3606 716 3668 CAPUT
743 3606 923 3667 XLIX
957 3607 1097 3685 [νεί.
1128 3604 1418 3683 XXXIII].

252 3699 391 3759 Iern.
424 3732 498 3743 —
529 3699 635 3759 Nec
662 3698 1123 3757 commutabuntu-r
1144 3716 1249 3772 pro
1278 3716 1337 3755 ea
1372 3717 1503 3754 erasa
1530 3698 1659 3755 auri

661 3788 865 3846 excelsa
892 3792 941 3845 et
965 3786 1267 3846 eminentia.

224 3877 314 3936 80.
336 3875 523 3936 Sancti
535 3894 708 3933 omnes
716 3876 1208 3949 pertranseundi,ut
1221 3877 1294 3935 ad
1312 3875 1583 3935 Christum
1601 3876 1772 3936 Deum

165 3972 206 4023 et
228 3966 496 4024 hominem
514 3966 879 4040 perveniatur.
897 3965 1277 4027 —Excelsum
1307 3964 1513 4042 quippe
1538 3983 1634 4024 vas
1648 3963 1769 4024 auri

165 4056 307 4116 Elias
336 4055 576 4129 exstitit,
612 4054 890 4116 excelsum
941 4074 1037 4115 vas
1087 4057 1208 4117 auri
1237 4056 1519 4129 Jeremias,
1553 4057 1771 4115 excelsa

1876 1966 2173 2032 Paululum
2203 1983 2319 2024 cum
2343 1967 2753 2040 pertransissem
2782 1979 2889 2035 eos,
2916 1967 3093 2024 inveni
3129 1985 3279 2041 quem
3313 1965 3491 2040 diligit

1875 2059 2057 2119 anima
2085 2072 2199 2115 mea
2225 2052 2409 2132 (Cant.
2433 2074 2517 2126 ιιι,
2540 2056 2620 2130 3).
2642 2056 2792 2126 Quos
2820 2052 2969 2114 enim
2988 2054 3181 2130 vigiles
3199 2057 3296 2131 qui
3311 2062 3489 2116 custo-

1878 2146 2041 2207 diunt
2058 2143 2366 2217 civitatem,
2384 2143 2491 2203 nisi
2510 2144 2719 2220 priores
2734 2148 2923 2205 Patres
2942 2146 3030 2204 vel
3046 2142 3488 2220 prephetasacci-

1877 2238 2083 2315 pimus,
2114 2235 2210 2312 qui
2240 2233 2571 2294 studuerunt
2594 2234 2663 2293 ad
2683 2231 2992 2295 custodiam
3021 2244 3266 2294 nostram
3286 2240 3487 2293 sanctae
3546 2261 3556 2272 -

1878 2324 2292 2405 praedicationis
2322 2340 2456 2385 voce
2487 2325 2716 2400 vigilare
2737 2323 2766 2383 7
2786 2320 2891 2382 Sed
2919 2338 3046 2383 cum
3068 2321 3487 2397 Redemptorem

1878 2434 2040 2479 suum
2071 2413 2317 2476 Ecclesia
2339 2422 2628 2491 quaereret,
2645 2414 2703 2472 in
2721 2411 2855 2489 ipsis
2882 2410 3126 2488 antiquis
3154 2412 3489 2487 praedicato-

1878 2504 2034 2566 ribus
2076 2522 2232 2581 spem
2262 2504 2427 2579 ﬁgere
2458 2504 2661 2574 noluit,
2693 2518 2813 2578 quae
2851 2498 3016 2562 dicit:
3050 2501 3345 2559 Paululum
3373 2518 3487 2558 cum

1873 2600 2278 2675 pertransissem
2300 2610 2406 2663 eos,
2422 2593 2599 2651 inveni
2614 2610 2762 2667 quem
2781 2591 2959 2666 diligit
2972 2592 3153 2649 anima
3165 2610 3278 2649 mea
3298 2587 3460 2665 (Ibid.
3472 2636 3487 2662 ,

1880 2707 1966 2759 111,
1988 2689 2070 2763 4).
2122 2688 2287 2745 Illum
2327 2686 2529 2759 quippe
2573 2681 2828 2740 invenire
2873 2696 2987 2740 non
3030 2687 3212 2755 posset
3264 2680 3313 2738 si
3354 2676 3491 2737 istos

1880 2776 2213 2853 pertransire
2234 2774 2523 2833 noluisset.
2556 2768 2619 2831 In
2650 2770 2778 2831 istis
2809 2786 2865 2829 se
2896 2770 3219 2829 custodibus
3239 2765 3490 2827 inﬁdeles

1880 2865 2138 2935 ﬁxerant,
2169 2862 2266 2939 qui
2296 2863 2581 2923 Christum
2617 2862 2717 2921 Dei
2746 2858 2954 2919 Filium
2983 2876 3157 2919 unum
3189 2857 3490 2934 quemlibet

1881 2970 1998 3009 esse
2028 2950 2256 3008 illorum
2287 2949 2603 3009 credebant.
2628 2950 2779 3009 Voce
2806 2949 2977 3024 igitur
3004 2964 3068 3008 ac
3095 2948 3203 3007 ﬁde
3231 2948 3378 3005 Petri
3407 2946 3491 3005 in-

1883 3047 2078 3098 ventos
2106 3035 2303 3113 vigiles
2331 3045 2519 3096 sancta
2545 3036 2799 3096 Ecclesia
2826 3039 3069 3108 transiit,
3092 3051 3212 3112 quae
3242 3034 3490 3112 prophe-

1878 3128 2367 3188 tarumDominum
2381 3142 2554 3185 unum
2575 3124 2953 3201 quemlibetex
2970 3122 3255 3199 prophetis
3268 3121 3488 3183 credere

1881 3217 2233 3294 contempsit.
2282 3216 2511 3275 Dicatur
2540 3232 2704 3290 ergo:
2741 3214 2847 3274 Nec
2887 3213 3347 3272 commutabuntur
3384 3228 3488 3288 pro

1882 3329 1943 3368 ea
1970 3328 2100 3367 vasa
2129 3309 2258 3366 auri
2286 3310 2489 3364 excelsa
2518 3313 2567 3362 et
2595 3302 2897 3373 eminentia,
2927 3305 3058 3380 quia
3086 3304 3247 3363 electi
3276 3305 3371 3380 qui
3401 3321 3490 3362 me

1881 3408 2202 3458 sanctorum
2242 3397 2418 3454 vitam
2451 3403 2505 3454 et
2541 3402 2879 3453 venerantur
2918 3407 2989 3452 ex
3031 3391 3391 3465 sublimitate,
3436 3400 3491 3454 et

1878 3497 2065 3547 tamen
2087 3488 2108 3525 "
2132 3502 2243 3545 non
2278 3484 2591 3559 suscipiunt
2611 3481 2681 3542 ad
2695 3497 2959 3541 errorem.
2982 3480 3133 3554 Quos
3152 3479 3300 3541 enim
3322 3498 3490 3559 puros

1879 3576 2137 3638 homines
2166 3592 2282 3636 esse
2311 3577 2519 3647 sciunt,
2550 3574 2665 3634 Deo
2694 3570 2911 3633 homini
2942 3573 3175 3634 omnino
3201 3588 3315 3632 non
3340 3571 3488 3635 con—

1881 3671 2087 3727 ferunt.
2111 3668 2266 3727 Unde
2298 3664 2483 3726 adhuc
2510 3664 2796 3724 subditur:

2523 3772 2753 3835 CAPUT
2779 3774 2844 3833 L.

1889 3868 2309 3930 Vers.18.—Nec
2319 3865 2867 3925 commemorabuntur
2879 3864 2935 3923 in
2944 3867 3333 3940 comparatione
3349 3867 3486 3939 ejus.

1959 3963 2106 4024 598
2134 3965 2223 4022 81.
2264 3966 2451 4023 Omnes
2489 3966 2710 4022 cwlestes
2739 3963 2872 4019 cives
2898 3964 3068 4020 sancti
3093 3971 3143 4020 et
3183 3963 3343 4041 justi,
3398 3961 3488 4016 sed

1874 4055 2285 4130 participatione
2313 4055 2506 4110 divina:
2522 4053 2819 4126 sapientius,
2848 4069 2956 4108 non
2985 4051 3395 4123 comparatione.
3414 4081 3486 4094 —-

167 4155 319 4222 suque
346 4148 655 4207 eminentia
683 4146 804 4206 auri
827 4166 958 4206 vasa
989 4148 1200 4223 priores
1228 4153 1409 4222 patres
1443 4148 1615 4205 fuere.
1663 4142 1770 4204 Sed
1880 4148 2085 4205 Omnes
2114 4143 2263 4201 enim
2292 4159 2543 4215 supernae
2560 4141 2750 4214 patriae
2767 4139 2953 4210 electi,
2982 4140 3158 4198 sancti
3187 4140 3410 4215 quidem
3432 4148 3486 4197 et

168 4236 275 4296 hac
320 4239 421 4297 Dei
481 4238 769 4313 sapientia,
818 4247 881 4296 ut
909 4256 941 4295 a
966 4238 1174 4298 carnali
1204 4255 1305 4295 nos
1351 4234 1770 4296 conversatione
1872 4234 2011 4309 justi
2041 4241 2208 4302 sunt;
2232 4234 2328 4292 sed
2345 4230 2771 4307 participatione
2791 4229 3096 4303 sapientiae,
3126 4246 3239 4287 non
3268 4245 3484 4304 compa-

170 4328 475 4398 redimeret,
504 4328 760 4401 apparuit
788 4328 849 4385 in
877 4343 1062 4397 carne,
1093 4334 1148 4385 et
1177 4326 1273 4402 qui
1302 4326 1458 4383 illam
1499 4328 1770 4385 veraciter
1878 4327 2112 4383 ratione.
2160 4324 2307 4393 Quid
2339 4323 2493 4381 enim
2522 4328 2653 4379 sunt
2690 4320 2948 4377 homines
2980 4322 3095 4377 Deo
3123 4319 3426 4394 comparati
3454 4320 3484 4379 Ἰ

170 4430 272 4471 non
298 4415 548 4490 agnovit,
564 4415 928 4474 mediatorem
948 4415 1050 4473 Dei
1069 4423 1124 4473 et
1152 4414 1768 4485 hominum,hominem
1878 4418 2092 4475 Lumen
2133 4426 2320 4474 autem
2353 4414 2646 4489 sapientia,
2691 4414 2882 4471 lumen
2925 4420 2980 4469 et
3025 4412 3173 4469 servi
3200 4411 3484 4485 sapientia

170 4505 341 4563 Jesum
358 4504 643 4564 Christum
659 4522 834 4562 unum
854 4522 969 4562 esse
983 4522 1054 4562 ex
1073 4504 1359 4578 prophetis
1373 4506 1589 4578 putavit
1604 4522 1768 4579 quem
1878 4507 2066 4566 vocari
2096 4508 2296 4564 solent.
2321 4505 2428 4564 Sed
2456 4505 2554 4561 illa
2580 4504 2769 4561 lumen
2798 4502 3145 4572 illuminans,
3173 4500 3266 4557 isti
3294 4497 3485 4559 lumen

172 4594 460 4696 electorum
487 4594 639 4653 oculi
658 4594 768 4652 ﬁde
797 4602 1098 4652 tenuerunt
1124 4596 1324 4664 Deum,
1347 4612 1475 4654 cum
1506 4594 1772 4653 viderunt
1797 4636 1848 4696 Β
1878 4598 2282 4667 illuminatum,
2314 4597 2459 4654 sicut
2486 4595 2754 4668 scriptum
2785 4601 2867 4651 est
2890 4610 2901 4650 :
2934 4595 3079 4650 Erat
3100 4594 3194 4649 tua:
3222 4609 3347 4650 vera
3367 4608 3486 4664 qua

174 4682 462 4744 hominem.
478 4684 633 4744 Unde
650 4685 718 4742 ab
731 4702 797 4742 eo
810 4685 1018 4744 sanctis
1032 4684 1321 4758 discipulis
1336 4684 1541 4743 dicitur
1561 4687 1773 4754 :3Quem
1800 4682 1846 4696 ⁸’
1883 4688 2153 4744 illuminat
2173 4704 2376 4744 onmem
2394 4684 2654 4741 hominem
2690 4683 2971 4739 venientem
2988 4684 3047 4739 in
3067 4684 3203 4739 hunc
3228 4683 3486 4741 mundum

176 4773 340 4832 dicunt
366 4777 597 4833 homines
626 4794 731 4833 esse
758 4777 960 4833 Filium
983 4775 1209 4831 hominis
1236 4774 1449 4847 (Matth.
1485 4790 1605 4844 XVI,
1630 4775 1718 4847 13)
1744 4774 1772 4833 ?
1883 4776 2064 4850 (Joan.
2099 4794 2139 4848 1,
2168 4778 2250 4850 9).
2297 4776 2423 4833 Istis
2464 4782 2650 4832 autem
2680 4772 3065 4830 tantummodo
3093 4772 3299 4830 dicitur
3326 4791 3338 4830 :
3384 4772 3483 4832 Vos

178 4862 267 4920 Cui
284 4882 405 4923 cum
424 4866 681 4940 protinus
708 4865 1105 4939 responderent
1123 4883 1134 4921 :
1154 4865 1271 4922 Alii
1284 4866 1542 4921 Joannem
1555 4865 1769 4937 Baptis-
1879 4868 2001 4924 estis
2032 4869 2127 4924 lux
2170 4867 2358 4923 mundi
2398 4865 2612 4939 (Matth.
2643 4881 2704 4933 v,
2738 4863 2851 4936 14).
2883 4861 3107 4919 Iustitia
3135 4860 3358 4934 quidem
3385 4875 3483 4915 sa-

180 4956 419 5021 tam,‘alii
444 4955 756 5023 Etiam,alii
780 4972 899 5011 vero
918 4955 1323 5021 Jeremiam,aut
1350 4971 1514 5010 unum
1540 4972 1605 5009 ex
1628 4972 1772 5026 pro—
1878 4960 2107 5033 pientia,
2132 4959 2354 5032 justitia
2381 4966 2435 5015 et
2463 4957 2609 5015 servi
2638 4954 2921 5030 sapientiae
2937 4960 3352 5025 nuncupantur;
3383 4950 3481 5007 sed

176 5042 325 5112 piatis
355 5046 545 5119 (Ibid,
578 5045 695 5120 14),
728 5045 796 5103 de
824 5062 925 5102 suo
957 5060 1090 5100 mox
1136 5060 1304 5101 sensu
1350 5043 1712 5118 requiruntur
1752 5061 1765 5102 ι

1883 5050 1977 5106 illa
2007 5048 2227 5122 justitia
2248 5048 2585 5122 justiﬁcans,
2604 5045 2700 5105 isti
2728 5054 2910 5104 autem
2925 5044 3145 5118 justitia
3157 5038 3478 5114 justiﬁcata.

187 5133 272 5190 Vos
289 5144 462 5193 autem
477 5154 634 5211 quem
652 5154 733 5193 me
749 5154 856 5193 esse
882 5136 1057 5193 dicitis
1082 5135 1245 5208 (Ibid.
1252 5174 1272 5203 ,
1305 5136 1393 5208 i5)
1422 5135 1451 5191 ‘l
1467 5134 1570 5192 Cui
1585 5134 1770 5207 proti-
1877 5143 1957 5199 De
1985 5142 2101 5198 Deo
2125 5140 2355 5215 quippe,
2386 5140 2481 5216 qui
2503 5137 2775 5213 sapientia
2800 5144 2905 5206 est,
2926 5135 3165 5192 dicitur:
3205 5132 3269 5189 Ut
3286 5130 3353 5186 sit
3375 5131 3483 5204 ipse

181 5238 272 5283 nus
296 5226 485 5285 Petrus
516 5228 691 5285 totius
717 5226 977 5286 Ecclesiae
1007 5243 1143 5285 voce
1170 5223 1527 5299 respondens,
1542 5224 1656 5281 ait:
1692 5226 1773 5282 Tu
1869 5230 2051 5302 justus
2080 5234 2127 5286 et
2145 5229 2452 5303 justiﬁcans
2486 5227 2661 5300 (Rom.
2694 5243 2779 5294 ιιι,
2810 5224 2940 5296 26);
2977 5221 3070 5278 isti
3102 5236 3230 5277 vero
3250 5219 3475 5278 dicunt:

179 5329 224 5369 es
244 5316 479 5375 Christus
497 5315 781 5375 FiliusDei
796 5316 907 5374 vivi
921 5315 1114 5389 (Ibid.,
1134 5315 1248 5387 10).
1273 5313 1413 5384 Quia
1424 5312 1770 5388 igiturjuxta
1880 5322 1946 5381 Ut
1969 5338 2065 5377 nos
2087 5316 2630 5394 efﬁceremurjustitia
2654 5314 2755 5372 Dei
2772 5314 2829 5369 in
2854 5312 2970 5385 ipso
2996 5311 3093 5385 (II
3118 5310 3247 5370 Cor.
3270 5327 3331 5380 v,
3357 5310 3477 5383 2i).

250 5537 263 5609 ξ
293 5535 562 5609 Plerique,
595 5535 922 5609 perluceant.
1159 5602 1196 5609 _
1298 5601 1308 5609 _
1505 5599 1516 5609 .
1615 5600 1626 5609 .
1874 5534 1986 5609 vet.
2018 5527 2207 5595 Editi;
2239 5543 2271 5609 ᾳ
2297 5522 2878 5609 quibus'deﬂectentes
2916 5520 3098 5583 Vatic.
3129 5530 3185 5580 et
3203 5519 3476 5580 Gussanv.

248 5606 268 5641 ⁸
295 5599 989 5677 ϐθιωῖ,ΒθΙιον.,Νοι-ω.,
1011 5610 1119 5662 etc.
1148 5601 1394 5669 Domine,
1422 5599 1542 5673 quis
1577 5600 1767 5657 similis

188 5676 290 5744 tibi,
312 5676 514 5735 omisso
530 5679 669 5734 Deus
705 5678 982 5733 virtutum.

249 5742 281 5784 ³⁷
297 5750 479 5806 Germ.
511 5750 612 5805 eti
661 5747 861 5816 Laud,
884 5764 1036 5818 quem
1061 5763 1142 5801 me
1173 5746 1357 5802 dicunt
1380 5761 1488 5801 esse
1511 5742 1766 5803 homines.

250 5823 271 5856 ὀ
293 5821 563 5894 Plerique,
594 5820 708 5894 alii
721 5826 895 5894 autem
911 5818 1126 5894 _Eliam.

252 5894 271 5926 ‘
300 5894 397 5961 Ita,
426 5888 555 5952 c'um
583 5891 751 5950 duob.
780 5889 979 5961 Laud.,
1011 5890 1223 5960 Germ.,
1268 5888 1506 5960 Bellov.,
1550 5888 1767 5959 Norm.,

1877 5602 2087 5659 habent
2108 5598 2343 5671 omnium
2355 5598 2759 5671 prophetarum.

1949 5676 1971 5712 °
2004 5674 2214 5740 Germ.,
2236 5663 2844 5739 duo-LauquemeL,
2875 5663 3038 5727 Corb.
3059 5666 3247 5724 Germ.
3279 5679 3343 5722 ac
3372 5664 3475 5737 pl.,

1876 5743 1971 5803 hic
1998 5753 2052 5801 et
2081 5739 2250 5811 infra,
2280 5739 2487 5798 dilexit.

1949 5800 1970 5854 θ
2002 5800 2368 5881 Nor1n.,'non
2410 5808 2722 5883 suspiciunt.
2756 5806 3021 5878 Vindoc.,
3051 5824 3156 5865 non
3188 5800 3478 5877 smpican-

1880 5895 1988 5950 ων.
