3946 6384
420 359 488 416 87
1632 354 1783 410 SANt
1794 353 1879 409 ‘.'I‘l
1921 351 2207 410 GREGOR
2216 353 2262 410 ll
2302 351 2531 409 MAGNI
3660 357 3724 410 88

420 487 598 548 Aliter
624 499 751 557 ergo
779 479 1156 538 venerandum
1171 487 1257 539 est
1270 481 1457 539 lumen
1487 479 1831 549 illuminans,
1873 478 2036 535 aliter
2059 480 2113 541 Α
2137 476 2361 551 patione
2387 476 2542 534 illius
2576 475 2827 533 essentia
2864 473 3079 550 aliquid
3114 474 3311 545 simus,
3344 492 3725 550 cognoscamus

423 579 610 636 lumen
639 570 1059 637 illuminatum;
1091 569 1254 627 aliter
1266 568 1490 642 justitia
1513 569 1845 643 justiﬁcans,
1861 567 2024 624 aliter

413 659 965 740 justitiajustiﬁcata.
989 656 1130 733 [νει.
1149 657 1336 716 XXXI
1340 656 1426 733 ιη]
1449 657 1727 732 Sapientia
1757 672 1888 713 vero
1915 663 2019 727 est,

419 761 474 812 et
518 749 698 826 sapit;
730 765 843 807 nec.
888 745 1054 804 habet
1084 745 1238 804 aliud
1265 763 1403 816 esse,
1440 745 1594 803 aliud
1622 760 1842 820 sapere;
1874 746 2020 803 servi

418 849 604 901 autem
632 837 915 913 sapientia
941 852 1059 894 esse
1086 835 1308 910 quidem
1338 835 1610 909 sapientes
1637 844 1890 910 possunt,
1920 851 2024 895 nec

418 938 607 989 tamen
635 928 743 985 hoc
770 925 978 983 habent
1003 941 1120 982 esse
1147 924 1296 1000 quod
1329 941 1544 998 sapere;
1576 940 1705 982 nam
1734 941 1853 982 esse
1884 941 2022 998 pos-

421 1030 572 1092 sunt,
609 1027 665 1078 et
692 1017 966 1092 sapientes
992 1032 1105 1074 non
1152 1032 1291 1076 esse.
1324 1016 1499 1074 Habet
1525 1016 1699 1074 vitam
1728 1017 2018 1090 sapientia,

419 1109 516 1168 sed
543 1125 656 1167 non
683 1106 838 1165 aliud
866 1104 1054 1175 habet,
1074 1112 1131 1162 et
1157 1104 1311 1163 aliud
1337 1113 1442 1176 est,
1463 1107 1668 1180 quippe
1695 1106 1787 1164 cui
1815 1105 1922 1163 hoc
1941 1113 2023 1164 est

418 1213 534 1256 esse
562 1195 712 1272 quod
739 1195 948 1254 vivere.
972 1193 1130 1252 Servi
1148 1201 1336 1252 autem
1364 1194 1649 1268 sapientia
1668 1211 1795 1252 cum
1816 1194 2023 1252 habent

417 1289 616 1358 vitam,
645 1285 799 1346 aliud
825 1294 980 1356 sunt,
1007 1292 1064 1342 et
1103 1283 1259 1342 aliud
1303 1283 1532 1353 habent,
1581 1284 1784 1359 quippe
1819 1283 2023 1359 quibus

418 1393 533 1436 non
561 1385 645 1435 est
670 1375 778 1434 hoc
812 1376 999 1450 ipsum
1027 1390 1146 1433 esse
1173 1373 1326 1449 quod
1362 1374 1585 1443 vivere;
1619 1391 1748 1432 nam
1791 1381 2023 1449 possunt

413 1464 578 1539 juxta
601 1463 816 1540 aliquid
841 1480 982 1534 esse,
1001 1479 1106 1522 nec
1131 1464 1343 1521 vivere.
1367 1463 1539 1522 Aliud
1566 1464 1770 1538 quippe
1797 1464 1911 1521 illis
1938 1470 2022 1520 est

417 1570 555 1625 esse,
585 1554 738 1613 aliud
765 1555 977 1624 vivere,
1006 1552 1138 1630 quia
1170 1553 1229 1611 in
1260 1553 1380 1628 ipso
1407 1561 1634 1627 parente
1674 1552 1888 1626 primo‘
1921 1569 2020 1609 es-

417 1644 653 1703 sentiam
682 1643 925 1701 habuere
953 1659 1050 1716 per
1095 1643 1345 1712 initium,
1374 1641 1549 1698 vitam
1579 1657 1676 1715 per
1700 1657 2016 1710 accessum;

421 1731 688 1807 quoniam
733 1730 890 1804 prius
931 1729 1000 1787 de
1024 1739 1171 1787 terra
1200 1731 1346 1787 facta
1391 1739 1474 1788 est
1502 1731 1693 1800 homo,
1724 1731 1748 1766 ³
1793 1738 1848 1788 et
1874 1737 2020 1804 post-

2130 567 2520 640 nosmetipsos,
2567 565 2701 640 quia
2741 581 2911 640 prope
2941 564 3087 622 nihil
3118 581 3329 624 sumus.
3381 567 3526 625 Bene
3552 568 3723 644 itaque

2129 656 2368 716 dicitur:
2395 659 2500 715 Nec
2526 655 3069 713 commemorabuntur
3096 654 3155 711 in
3176 657 3566 729 comparatione
3597 659 3724 731 ejus,

2130 747 2260 822 quia
2279 763 2409 804 vasa
2433 745 2552 804 auri
2579 745 2796 804 excelsa
2816 753 2871 802 et
2894 744 3219 815 eminentia,
3257 760 3379 819 qua
3406 761 3477 802 ex
3504 745 3727 819 partici-

2129 835 2351 910 patione
2376 835 2658 909 sapientia
2681 833 2844 892 nobis
2872 832 3183 890 veneranda
3201 840 3355 903 sunt,
3384 833 3444 890 in
3463 850 3726 908 compara.

2130 925 2281 982 tione
2333 924 2616 999 sapientia
2648 923 2814 981 etiam
2846 923 3206 981 memoranda
3240 938 3355 980 non
3404 931 3556 981 sunt.
3598 925 3725 993 Quis

2130 1027 2264 1069 vero
2293 1011 2412 1070 hac
2430 1011 2702 1086 sapientia
2729 1010 2990 1068 humanis
3009 1009 3274 1069 cordibus
3297 1010 3534 1069 latenter
3556 1012 3728 1070 infun-

2129 1098 2302 1170 ditur,
2333 1101 2479 1158 sicnt
2504 1100 2573 1157 de
2610 1107 2801 1158 sancto
2846 1099 3059 1173 Spiritu
3086 1114 3306 1174 quoque
3334 1099 3547 1158 dictum
3603 1108 3684 1159 est
3713 1119 3725 1158 :

2132 1188 2370 1261 Spiritus
2422 1189 2514 1246 ubi
2549 1190 2664 1247 vult
2712 1189 2907 1262 spirat,
2955 1194 3008 1244 et
3039 1204 3237 1267 ~vocem
3299 1188 3416 1260 ejus
3465 1189 3641 1256 audis,
3688 1196 3731 1246 et

2127 1277 2294 1334 nescis
2322 1279 2461 1334 unde
2478 1278 2673 1350 veniat,
2696 1284 2796 1336 aut
2820 1294 2924 1350 quo
2946 1277 3112 1335 vadat
3135 1277 3317 1341 (Joan.
3342 1294 3428 1347 ιιι,
3449 1277 3508 1349 8)
3518 1277 3732 1347 ,idcirco

2129 1364 2492 1439 subjungitur
2523 1385 2536 1425 :

2761 1474 2995 1533 CAPUT
3017 1475 3107 1533 LI.

2204 1581 2341 1637 lam.
2369 1611 2432 1623 -
2470 1580 2729 1639 Trahitur
2755 1581 2893 1637 enim
2922 1581 3185 1655 sapientia
3220 1582 3284 1638 de
3309 1581 3547 1638 occultis.

2197 1668 2287 1726 83.
2318 1669 2418 1726 Dei
2443 1670 2703 1743 sapientia
2730 1687 2798 1727 cx
2824 1671 3042 1728 occultis
3070 1672 3324 1728 revelata.
3354 1671 3597 1728 Ecclesia
3625 1686 3733 1726 cum

2127 1758 2358 1816 deessent
2370 1762 2545 1833 aperti
2567 1761 2756 1828 hostes,
2775 1762 2968 1819 tentari
2985 1769 3139 1835 capit
3159 1780 3195 1818 a
3207 1763 3500 1819 suis.—De
3515 1760 3739 1818 occultis

421 1821 674 1891 modum,
704 1821 850 1879 sicut
866 1819 1145 1894 scriptum
1174 1829 1282 1877 est:
1314 1821 1610 1894 Inspiravit
1626 1822 1683 1876 in
1696 1819 1887 1892 faciem
1905 1823 2020 1894 ejus

2134 1819 2690 1922 sapientialtrahitur,
2875 1867 3003 1909 cum
3027 1819 3101 1908 sit
3127 1850 3456 1918 invisibilis,
3485 1867 3599 1908 non
3631 1849 3736 1907 nisi

422 1907 753 1982 spiraculum
772 1906 911 1974 vita,
931 1911 981 1964 et
995 1907 1172 1980 factus
1186 1914 1259 1963 est
1279 1909 1430 1964 homo
1445 1907 1499 1963 in
1517 1907 1753 1964 animam
1772 1908 2023 1966 viventem

425 1996 638 2071 (Genes.
668 2013 734 2068 n,
755 1996 836 2071 7).
868 1997 1150 2072 Sapientia
1169 2013 1300 2054 vero
1328 1996 1493 2054 habet
1512 1996 1827 2068 essentiam,
1856 1998 2025 2056 habet

423 2083 633 2155 vitam;
657 2085 754 2142 sed
782 2085 890 2144 hoc
908 2086 1058 2162 quod
1084 2085 1269 2156 habet,
1291 2086 1409 2160 ipsa
1423 2093 1526 2144 est.
1557 2086 1794 2144 Proinde
1814 2087 2023 2146 incom-

421 2172 765 2232 mutabiliter
782 2174 947 2245 vivit,
969 2173 1099 2250 quia
1111 2191 1223 2232 non
1243 2192 1313 2232 ex
1330 2174 1626 2246 accidenti,
1656 2175 1752 2233 sed
1767 2177 2023 2234 essentia-

422 2261 552 2320 liter
569 2261 735 2322 vivit.
767 2263 896 2322 Sola
921 2280 1052 2338 ergo
1067 2279 1193 2321 cum
1213 2264 1372 2320 Patre
1392 2272 1447 2322 et
1473 2273 1666 2323 sancto
1693 2265 1907 2339 Spiritu
1933 2284 2022 2325 ve-

418 2351 623 2410 raciter
648 2359 751 2423 est,
773 2353 934 2428 cujus
951 2354 1201 2411 essentia
1216 2362 1596 2427 comparatum
1613 2371 1727 2412 esse
1746 2364 2020 2426 nostrum,

418 2455 532 2498 non
561 2456 678 2498 esse
706 2451 809 2501 est.
841 2442 987 2501 Huic
1013 2442 1062 2500 si
1075 2441 1490 2517 conjungimur,
1518 2460 1730 2514 sumus,
1755 2444 2020 2517 vivimus,

416 2530 702 2604 sapimus;
732 2530 871 2591 huic
895 2531 943 2609 si
964 2549 1374 2608 comparamur,
1392 2550 1494 2591 nec
1520 2533 1788 2608 sapimus,
1820 2552 1921 2594 nec
1940 2535 2020 2592 vi-

417 2635 606 2678 vimus
630 2637 886 2691 omnino,
915 2637 1019 2681 nec
1044 2638 1259 2680 sumus.

488 2708 581 2766 82.
615 2710 795 2767 Sancti
808 2717 1009 2783 quanto
1027 2711 1198 2784 magis
1210 2711 1378 2769 Deum
1396 2718 1730 2784 cognoscunt,
1748 2716 1894 2769 tanto
1923 2712 2026 2770 sibi

415 2798 691 2857 vilescunt.
717 2830 791 2842 —
820 2800 965 2858 Hinc
989 2808 1073 2858 est
1099 2800 1248 2875 quod
1279 2803 1457 2859 sancti
1485 2819 1697 2873 omnes,
1727 2802 1949 2877 quando
1964 2803 2021 2860 in

414 2889 518 2946 Dei
547 2889 762 2947 visione
788 2891 1110 2965 proﬁciunt,
1126 2899 1333 2966 quanto
1361 2891 1533 2966 magis
1560 2892 1910 2950 divinitatis3
1941 2891 2024 2950 in-

308 3040 316 3057 1
415 2984 579 3036 terna
607 2978 980 3053 conspiciunt,
1024 2988 1182 3037 tanto
1209 2981 1383 3054 magis
1411 2997 1469 3038 se
1496 2981 1643 3039 nihil
1665 2999 1780 3039 esse
1808 2998 2024 3056 cogno-

412 3076 594 3127 scunt.
627 3070 912 3145 Nusquam
935 3069 1138 3145 quippe
1165 3069 1372 3144 legitur
1397 3071 1545 3145 quod
1573 3071 1855 3128 Abraham
1874 3071 2022 3128 cine-

415 3175 533 3217 rem
563 3167 619 3217 et
644 3161 934 3234 pulverem
962 3176 1021 3218 se
1048 3176 1170 3218 esse
1197 3160 1478 3235 professus
1506 3168 1611 3231 est,
1639 3160 1751 3218 nisi
1770 3177 1899 3218 cum
1926 3161 2021 3221 ha-

417 3210 533 3217 --m
567 3210 617 3217 --
687 3210 934 3219 ...---...
963 3210 1018 3218 --
1051 3210 1167 3218 --.η
1237 3210 1478 3218 η--πῂ
1509 3210 1611 3231 ---,
1640 3210 1751 3218 η---
1774 3210 1899 3218 η...
1926 3210 1997 3221 --.,

410 3247 547 3306 bere
573 3210 677 3306 Dori
703 3249 912 3307 meruit
929 3210 1381 3310 collocutidnem.
1401 3249 1497 3306 Ait
1511 3250 1690 3306 enim:
1713 3250 1934 3322 Loquar
1950 3252 2024 3308 ad
2051 3210 2098 3272 Ο

413 3337 703 3396 Dominum
727 3355 922 3406 meum,
938 3355 1059 3396 cum
1075 3339 1178 3396 sim
1193 3338 1378 3414 pulvis
1405 3337 1600 3396 etcinis
1617 3338 1830 3411 (Gencs.
1851 3354 2022 3409 xvm,

414 3429 534 3504 27).
566 3430 701 3488 Esse
728 3431 879 3489 enim
907 3447 965 3489 se
991 3431 1205 3508 aliquid
1234 3431 1470 3491 fortasse
1496 3430 1764 3504 crederet,
1793 3432 1840 3490 si
1869 3448 2022 3491 vera-

415 3535 537 3578 cem
556 3520 852 3580 essentiam
881 3537 1005 3596 qua
1033 3537 1198 3596 super
1225 3520 1411 3596 ipsum
1443 3528 1527 3580 est
1550 3521 1783 3581 minime
1810 3521 2025 3581 sensis-

415 3616 516 3667 set.
544 3610 620 3667 At
634 3625 764 3668 vero
782 3609 879 3668 ubi
900 3610 969 3668 ad
998 3609 1513 3670 incommutabilem
1533 3611 2021 3687 contemplandum

415 3713 584 3772 super
608 3715 667 3756 se
694 3706 886 3773 raptus
919 3706 1024 3767 est,
1058 3698 1324 3774 impletus
1353 3708 1510 3759 tanta
1536 3700 2024 3776 contemplationis

414 3787 686 3860 potentia,
706 3787 840 3845 dum
861 3788 1076 3846 videret
1089 3788 1274 3860 illum,
1295 3789 1377 3848 nil
1399 3806 1458 3848 se
1472 3807 1588 3848 esse
1607 3790 1715 3848 nisi
1737 3791 2021 3864 pulverem

415 3874 582 3933 vidit.
614 3875 759 3934 Hinc
785 3885 867 3934 est
894 3878 1063 3936 etiam
1091 3878 1241 3954 quod
1266 3877 1542 3953 PrOpheta
1568 3880 1812 3952 repletus
1832 3879 2022 3937 eadem

414 3964 712 4040 sapientia,
747 3966 1052 4025 exclamat:
1096 3969 1376 4038 Memento,
1404 3967 1649 4047 Domine,
1679 3969 1822 4040 quod
1843 3968 2025 4041 pulvis

415 4070 599 4111 smnus
628 4055 803 4128 (Psal.
821 4073 920 4128 cn,
947 4057 1062 4132 14).
1098 4057 1206 4128 Qui
1235 4072 1430 4116 rursus
1447 4057 1695 4132 ejusdem
1714 4057 2024 4116 incommu-

420 4143 748 4200 tabilitatem
779 4147 1034 4204 essentia
1066 4147 1494 4222 contemplatus,
1523 4147 1636 4204 ait:
1670 4147 1864 4206 Omnia
1890 4148 2027 4206 sicut

413 4233 784 4290 vestimentum
809 4241 1149 4302 veterascent,
1163 4242 1212 4292 et
1236 4237 1374 4293 sicut
1398 4238 1726 4309 opertorium
1745 4240 1768 4275 ‘
1794 4240 2026 4296 mutabis

414 4339 501 4389 ea,
521 4327 571 4377 et
598 4321 953 4378 mutabuntur
972 4340 996 4389 ;
1024 4328 1082 4378 tu
1099 4329 1275 4379 autem
1302 4323 1443 4380 idem
1468 4324 1580 4396 ipse
1607 4342 1680 4392 es,
1709 4331 1759 4382 et
1783 4328 1916 4382 anni
1946 4328 2027 4384 tui

416 4424 526 4468 non
553 4410 797 4486 deﬁcient
824 4411 1000 4485 (Psal.
1031 4427 1106 4482 cr,
1123 4412 1216 4483 27,
1242 4413 1361 4488 28).
1394 4412 1623 4472 Hincad
1640 4415 1871 4489 Moysen
1889 4415 2025 4473 dici-

417 4507 543 4557 tur:
573 4501 692 4573 Ego
718 4515 838 4556 sum
863 4501 957 4572 qui
992 4517 1148 4567 sum;
1174 4507 1223 4558 et
1250 4501 1387 4558 dices
1415 4501 1546 4576 ﬁliis
1572 4505 1786 4562 Israel:
1818 4505 1924 4573 Qui
1950 4511 2025 4562 cst

2129 1939 2495 1998 invisibiliter
2531 1941 2837 1998 invenitur.
2870 1941 3003 2010 Qua
3035 1948 3182 1999 recte
3211 1957 3433 2015 quoque
3459 1940 3609 1998 trahi
3637 1940 3732 1997 di-

2130 2030 2297 2100 citur,
2318 2030 2450 2106 quia
2471 2030 2618 2088 sicut
2643 2027 2837 2087 ﬂatum
2855 2029 3147 2100 trahimus,
3170 2037 3234 2088 ut
3260 2047 3464 2104 corpus
3478 2029 3735 2099 vivat,sic

2130 2119 2201 2177 ab
2230 2119 2449 2177 intimis
2473 2118 2757 2193 sapientia
2786 2118 3016 2193 spiritus
3051 2119 3298 2190 ducitur,
3344 2127 3409 2177 ut
3455 2118 3527 2176 ad
3571 2118 3739 2175 vitam

2129 2208 2316 2266 anima
2329 2208 2614 2266 subsistat.
2630 2206 2785 2265 Unde
2813 2207 3103 2264 Psalmista
3118 2209 3198 2265 ait
3218 2226 3230 2264 :
3252 2210 3324 2267 0s
3336 2225 3514 2265 mettm
3531 2207 3741 2280 aperui,

2128 2303 2181 2354 et
2204 2297 2414 2355 attraxi
2441 2295 2690 2370 spiritum
2720 2296 2893 2369 (Psal.
2915 2312 3113 2366 cxvm,
3146 2296 3446 2370 l3l).Qua
3474 2296 3743 2354 nimirum

2129 2385 2418 2460 sapientia,
2449 2387 2472 2422 ⁸
2500 2384 2745 2442 humana
2771 2399 2934 2442 carne
2982 2399 3113 2441 cum
3137 2384 3325 2441 anima
3352 2383 3615 2442 rationali
3641 2400 3745 2440 su-

2128 2482 2334 2548 scepta,
2363 2474 2497 2532 dum
2517 2473 2587 2529 ab
2602 2471 2816 2530 intimis
2843 2472 3256 2545 apparuissetin
3270 2481 3559 2546 promptu,
3586 2488 3745 2530 mun-

2129 2562 2234 2620 dus
2261 2562 2357 2620 hic
2383 2561 2514 2636 quia
2537 2571 2821 2621 auctorem
2849 2578 3013 2619 suum
3038 2561 3382 2619 invisibilem
3410 2561 3608 2619 videre
3633 2578 3744 2618 non

2128 2651 2333 2726 potuit,
2380 2668 2545 2726 quem
2599 2650 2879 2709 visibilem
2930 2649 3225 2724 conspexit
3274 2647 3589 2716 hominem,
3618 2667 3745 2708 eum

2129 2756 2348 2815 quoque
2376 2748 2433 2797 et
2482 2739 2823 2798 invisibilem
2851 2739 3083 2812 agnovit
3116 2740 3314 2795 Deum.
3345 2737 3631 2796 Conversa
3666 2747 3747 2795 est

2130 2829 2201 2887 ab
2229 2829 2580 2887 inﬁdelitatis
2607 2845 2720 2886 sua
2748 2828 2993 2886 tenebris
3020 2826 3256 2900 superba
3282 2825 3438 2900 prius
3463 2843 3568 2884 sua
3593 2843 3745 2885 aver-

2130 2918 2286 2976 sione
2313 2918 2615 2992 gentilitas,
2645 2917 2882 2975 ostensis
2907 2916 3083 2989 signis
3115 2923 3281 2990 atque
3310 2915 3588 2989 prodigiis
3615 2933 3745 2974 cre-

2131 3005 2216 3063 vit
2244 3006 2408 3074 ﬁdes;
2439 3013 2739 3080 propagata
2763 3013 2947 3063 autem
2978 3003 3111 3074 ﬁde,
3134 3003 3195 3060 in
3224 3004 3585 3062 veneratione
3613 3021 3745 3062 om-

2131 3095 2289 3152 nium
2314 3102 2516 3152 sancta
2544 3094 2806 3152 Ecclesia
2816 3093 3039 3151 culmen
3056 3093 3305 3151 emicuit.
3321 3091 3428 3153 Cui
3455 3093 3745 3152 cumdees~

2131 3191 2255 3241 sent
2279 3183 2455 3257 aperti
2504 3181 2831 3254 adversarii,
2877 3182 3078 3240 tentari
3129 3183 3299 3257 coepit
3331 3199 3366 3241 a
3409 3184 3552 3242 suis.
3609 3186 3745 3244 Nam

2132 3272 2320 3330 multa
2348 3288 2566 3347 quoque
2594 3271 2654 3329 in
2673 3287 2737 3329 ea
2752 3271 2987 3330 hareses
3011 3280 3218 3330 exorta
3241 3280 3436 3332 contra
3467 3289 3593 3332 eam
3620 3267 3745 3332 duri

2131 3361 2452 3420 certaminis
2495 3361 2641 3419 bella
2667 3369 3026 3436 paraverunt.
3058 3363 3386 3422 Exercenda
3411 3363 3626 3440 quippe
3667 3369 3747 3421 est

2131 3451 2239 3510 hoc
2268 3460 2512 3524 tempore
2554 3467 2652 3525 per
2704 3451 2972 3524 laborem,
3005 3468 3129 3528 qua
3157 3453 3409 3527 sequenti
3445 3453 3629 3512 tendit
3679 3452 3748 3510 ad

2130 3541 2654 3599 remunerationem.
2683 3540 2804 3610 Qua
2833 3557 2905 3599 ex
2930 3558 2990 3598 re
3018 3542 3226 3600 factum
3236 3550 3321 3600 est
3347 3550 3412 3600 ut
3439 3542 3503 3600 in
3533 3557 3749 3600 eonon-

2130 3628 2275 3687 nulli
2297 3627 2604 3702 prodirent,
2635 3628 2734 3702 qui
2778 3628 3140 3687 mediatorem
3168 3630 3270 3688 Dei
3324 3637 3380 3687 et
3417 3628 3746 3700 hominum,

2130 3717 2416 3776 hominem
2445 3716 2732 3776 Christum
2746 3717 2933 3776 Iesum
2963 3734 3166 3792 purum
3190 3717 3482 3776 hominem
3502 3727 3749 3779 creatum

2130 3807 2401 3878 dicerent,
2445 3807 2541 3865 sed
2568 3824 2640 3865 ex
2667 3807 2844 3880 gratia
2882 3807 3203 3866 deiﬁcatum
3235 3826 3251 3877 ;
3306 3815 3647 3884 tantumque
3697 3807 3749 3866 ei

2131 3899 2441 3958 sanctitatis
2467 3898 2796 3969 tribuerent,
2826 3907 3098 3974 quantum
3151 3899 3220 3956 de
3249 3899 3462 3958 sanctis
3512 3900 3748 3971 cateris,

2130 3989 2252 4064 ejus
2275 3990 2536 4048 videlicet
2553 3990 2800 4062 famulis,
2831 3991 3205 4066 agnovissent.
3221 3991 3372 4061 Quos
3398 3991 3602 4051 beatus
3620 3992 3746 4064 Job,

2129 4079 2435 4156 prophetia
2457 4079 2660 4154 spiritu
2686 4078 2926 4152 aﬁlatus,
2969 4083 3260 4140 sententia
3281 4099 3394 4140 sua
3415 4081 3750 4141 deﬁnitione

2131 4168 2433 4244 redarguit,
2449 4168 2639 4228 dicens
2663 4187 2677 4227 :

2531 4297 2761 4357 CAPUT
2786 4297 2883 4356 LII
2913 4297 3054 4373 [Vet.
3087 4298 3337 4374 mn.

2130 4405 2377 4554 Elisus.
2409 4405 2496 4464 i9.
2544 4436 2617 4450 -
2643 4406 2765 4463 Non
2799 4406 3171 4480 adaquabitur
3202 4406 3253 4464 ei
3296 4409 3320 4446 ⁸
3377 4407 3656 4482 topazium
3687 4408 3750 4464 de

2211 4495 2432 4554 thiovia.

2211 4495 2432 4568 thiopia.

415 4588 563 4644 misit
605 4569 687 4646 me
727 4588 801 4646 ad
842 4569 932 4646 vos
970 4589 1175 4663 (Exod.
1207 4606 1294 4660 III,
1339 4569 1431 4662 14)
1480 4632 1495 4648 .
1522 4634 1535 4648 .
1571 4634 1585 4648 .
1618 4590 1780 4650 Solus
1820 4569 2022 4668 quippe

2199 4583 2291 4641 84.
2330 4582 2667 4656 Refelluntur
2692 4584 2788 4657 qui
2824 4585 3096 4642 Christum
3124 4591 3380 4658 tanquam
3403 4602 3614 4659 purum
3640 4586 3749 4643 lto-

419 4677 692 4736 veraciter
743 4685 848 4749 est,
913 4678 1011 4754 qui
1074 4679 1224 4737 solus
1278 4678 1816 4740 incommutabiliter
1884 4700 2021 4759 per-

416 4776 625 4828 manet.
667 4770 807 4828 Nam
849 4785 1015 4827 omne
1042 4769 1194 4843 quod
1230 4769 1397 4828 modo
1425 4769 1528 4841 sic,
1559 4779 1616 4828 et
1643 4773 1808 4831 modo
1859 4774 2023 4832 aliter

415 4868 520 4932 est,
555 4858 722 4933 juxta
788 4876 903 4918 non
957 4871 1077 4918 esse
1149 4867 1252 4918 est.
1328 4861 1660 4920 Permanere
1722 4863 1875 4921 enim
1961 4864 2019 4922 in

415 4956 563 5009 statu
589 4966 692 5008 suo
734 4964 848 5008 non
889 4956 1089 5024 potest.
1135 4951 1320 5027 Atque
1349 4957 1500 5017 597
1525 4953 1715 5029 aliquo
1756 4953 1925 5012 modo
1950 4953 2021 5012 ad

416 5059 528 5104 non
542 5062 661 5106 esse
678 5047 815 5118 itur,
831 5045 967 5106 dum
985 5047 1056 5106 ab
1079 5063 1146 5106 eo
1164 5049 1314 5124 quod
1332 5049 1514 5110 fuerat
1532 5066 1747 5126 semper
1770 5050 1840 5110 ad
1867 5050 2021 5110 aliud

416 5147 515 5204 per
540 5145 820 5197 momenta
839 5145 1152 5212 temporum
1180 5138 1422 5197 ducitur.
1456 5141 1528 5198 Ut
1553 5156 1683 5212 ergo
1712 5140 1771 5198 in
1800 5142 2022 5215 partici-

492 5311 510 5346 ¹
542 5310 742 5380 Aliter,
772 5313 1016 5372 Habuere
1041 5330 1150 5372 esse

493 5380 516 5416 ²
543 5380 756 5466 Germ.,
783 5383 819 5441 2
850 5384 1048 5466 Laud.,
1078 5380 1244 5466 Corb.
1277 5386 1490 5466 Germ.,
1521 5387 1792 5466 peccetis.
1815 5396 1870 5446 et
1897 5390 2020 5466 alii,

418 5455 470 5506 et
483 5452 820 5523 postmodum
845 5452 1104 5526 scriptum
1133 5464 1246 5514 est:
1278 5452 1567 5532 inspiravit
1593 5461 1652 5516 in
1679 5459 1872 5532 faciem
1904 5452 2023 5532 ejus

419 5526 469 5576 et
495 5520 671 5580 factus
697 5528 792 5580 est.
822 5530 928 5580 etc.

1062 5594 1226 5672 Gorb.
1258 5599 1469 5672 Germ.,
1497 5607 1716 5658 (eterna.

494 5663 518 5698 ‘
545 5662 735 5735 Editi,
1043 5671 1420 5728 veterascent...
1452 5662 1694 5729 'mutabis
1739 5687 1820 5728 ea.
1852 5668 2016 5728 Corb.

423 5731 634 5802 Germ.,
663 5731 844 5792 oinnia
868 5741 1250 5796 veterascent...
1278 5743 1507 5798 mutabis
1529 5760 1632 5799 eos.

496 5805 519 5836 ³
550 5803 691 5860 Utic.
719 5813 773 5862 et
804 5808 1086 5875 Beccens.,
1111 5817 1307 5881 prater
1333 5810 1474 5869 hanc
1504 5814 1820 5882 lectionem,
1855 5812 2015 5868 istam

1296 5315 1529 5373 initium.

2128 4674 2323 4730 minem
2349 4674 2552 4731 cateris
2571 4674 2768 4730 sanctis
2785 4673 3010 4732 similem
3036 4674 3237 4733 docent.
3262 4675 3495 4746 —Quid
3524 4676 3746 4734 Ethio-

2128 4763 2299 4838 piam,
2319 4763 2428 4820 nisi
2467 4771 2794 4836 prasentem
2823 4763 3095 4822 mundum
3122 4765 3474 4840 accipimus?
3499 4782 3628 4841 qua
3656 4782 3746 4824 co-

2130 4853 2264 4911 loris
2293 4851 2579 4926 nigredine
2604 4852 2855 4926 designat
2880 4855 2902 4889 ⁷
2933 4861 3277 4926 peccatorem
3309 4855 3607 4930 populum,
3634 4855 3751 4912 fa-

2129 4943 2301 5001 ditate
2328 4944 2673 5002 meritorum.
2698 4944 3017 5020 Aliquando
3031 4961 3165 5003 vero
3178 4946 3481 5021 Ethiopia
3511 4947 3748 5005 nomine

2130 5033 2441 5110 specialiter
2493 5033 2773 5108 gentilitas
2831 5033 3116 5109 designari
3165 5036 3327 5107 solet,
3390 5036 3748 5094 inﬁdelitatis

2129 5123 2286 5198 prius
2310 5124 2467 5198 nigra
2492 5123 2749 5198 peccatis.
2780 5123 2956 5194 Quam
2987 5125 3246 5183 veniente
3274 5125 3517 5184 Domino
3550 5125 3750 5183 Haba-

2131 5297 2337 5356 habent
2368 5315 2380 5356 :
2417 5299 2657 5374 numam
2696 5315 2899 5374 carneL
2917 5301 3133 5374 anima_
3143 5300 3421 5374 mediante,
3444 5309 3738 5374 _suscepta,

2207 5385 2296 5498 ξιιιὲ
2345 5369 2612 5427 exhibent
2662 5370 2829 5429 etiam
2859 5372 3070 5443 Germ.,
3102 5371 3351 5446 Pratell.,
3393 5369 3651 5444 Ebroicf,
3704 5369 3739 5431 2

2201 5514 2224 5589 ξ
2254 5513 2283 5589 l
2314 5513 2492 5589 Laud.
2521 5512 2688 5571 habet
2711 5529 2948 5589 semper,
2986 5515 3280 5589 topadium.

2200 5584 2222 5618 ’⁷
2253 5584 2315 5641 In
2342 5584 2471 5662 Ed,
2494 5584 3107 5662 peccatorum—populum
3133 5587 3526 5662 faditatemque
3564 5591 3743 5662 meri;

2130 5660 2324 5712 torum.
2377 5656 2563 5714 Secuti
2616 5673 2806 5715 sumus
2848 5656 2988 5714 Mss.
3059 5656 3270 5726 Gemma
3329 5656 3547 5730 Norm.,
3598 5661 3745 5718 duos

2127 5743 2329 5813 Land.,
2360 5744 2525 5804 Corb.
2560 5744 2774 5813 Germ.,
2805 5753 2912 5802 etc.
