3946 6370
184 376 240 433 99
949 373 1322 433 MORALIUM
1533 377 1736 438 XVIII.
1778 412 1849 425 -
1886 382 2113 442 CAPUT
2150 385 2388 446 XXVIII
2428 390 2490 447 B.
2531 392 2675 450 JOB.
3394 405 3463 458 90

182 520 271 565 cuc
293 495 538 597 propheta
556 496 699 597 vidit
718 496 917 555 timore
942 501 1308 597 perterritam,
1329 512 1384 561 et
1413 505 1521 597 ait:
1567 508 1756 564 Taber-
1785 512 1838 573 Α
1862 509 2031 570 homo
2059 522 2355 589 conceptus
2390 524 2553 591 atque
2594 518 2795 590 editus,
2819 532 2940 594 post
2969 541 3064 597 per
3111 530 3371 589 mel-imm
3399 541 3465 589 ιιι

181 590 347 649 nacula
385 587 712 659 Ethiopium
772 597 1143 661 expavescunt,
1201 593 1545 651 tabernacula
1598 603 1754 656 terrae

180 679 371 741 Madian
399 677 619 748 (Habac.
653 694 738 746 ιιι,
783 679 863 750 7).
905 679 1083 736 David
1113 696 1333 755 quoque
1362 685 1629 757 propheta
1659 687 1755 744 vi-

181 769 293 825 dens
311 764 444 840 quod
471 764 541 821 ad
564 766 808 823 Iudaeam
825 768 1204 827 redimendam
1226 773 1443 828 veniret
1459 776 1752 848 Dominus,

177 859 256 918 sed
276 864 390 913 ante
436 856 716 928 gentilitas
759 857 1027 941 crederet,
1074 867 1128 916 et
1173 862 1525 934 postmodum
1566 865 1755 924 Iudaea

133 957 137 962 '
176 952 479 1021 sequeretur,
509 944 657 1003 sicut
682 945 950 1019 scriptum
980 955 1093 1004 est:
1135 949 1310 1005 Donec
1332 952 1608 1022 plenitudo
1636 970 1753 1025 gen-

176 1038 287 1093 tium
313 1034 569 1101 introiret,
600 1041 649 1090 et
676 1035 752 1091 sic
779 1037 951 1092 omnis
979 1037 1155 1095 Israel
1184 1040 1365 1095 salvus
1394 1042 1545 1114 ﬁeret
1573 1043 1750 1115 (Rom.

172 1146 242 1193 χι,
263 1127 348 1198 25)
365 1143 386 1192 ;
412 1124 580 1183 dicit:
627 1126 909 1198 zEthiopia
932 1129 1218 1199 praeveniet
1255 1147 1446 1187 manus
1491 1132 1602 1203 ejus
1643 1134 1753 1190 Deo

168 1219 329 1293 (Psal.
357 1234 528 1287 van,
558 1216 686 1291 32);
719 1218 776 1275 id
806 1226 907 1287 est,
951 1219 1272 1295 priusquam
1314 1222 1503 1280 Iudaea
1543 1224 1750 1294 credat,

168 1306 465 1365 salvandam
495 1323 553 1364 se
582 1307 742 1364 oﬁ‘ert
780 1307 1149 1381 omnipotenti
1187 1311 1301 1367 Deo
1329 1313 1568 1385 peccatis
1596 1314 1753 1386 nigra

166 1396 436 1470 gentilitas.
463 1396 761 1469 Topazium
794 1413 926 1453 vero
946 1400 1220 1471 pretiosus
1240 1401 1381 1474 lapis
1399 1411 1481 1459 est
1504 1421 1516 1469 ;
1550 1410 1603 1459 et
1623 1404 1754 1477 quia

164 1489 333 1546 Graeca
371 1489 559 1561 lingua
591 1495 694 1550 πάν
726 1506 879 1545 omne
907 1489 1138 1561 dicitur,
1185 1508 1286 1564 pro
1324 1509 1388 1549 eo
1417 1493 1567 1568 quod
1595 1495 1750 1552 omni

161 1586 328 1643 colore
354 1587 685 1660 resplendet,
716 1588 995 1661 topazium
1031 1590 1221 1663 1quasi
1250 1592 1561 1664 topantium
1590 1608 1749 1649 voca-

159 1684 257 1734 tur.
299 1679 439 1734 Dum
485 1694 617 1734 vero
659 1683 805 1742 598
841 1678 901 1735 in
941 1681 1117 1736 Deum
1165 1698 1432 1738 conversa
1472 1682 1752 1754 gentilitas

156 1772 398 1842 credidit,
429 1790 497 1829 ex
524 1790 587 1830 ea
614 1776 781 1831 multi
807 1775 887 1832 ita
904 1784 1036 1833 sunt
1055 1776 1202 1834 dono
1216 1779 1303 1835 sui
1333 1778 1573 1851 Spiritus
1601 1779 1749 1836 locu-

1860 603 2007 660 Deus
2034 612 2174 662 esset
2195 606 2424 679 accepit,
2456 608 2552 664 sed
2581 610 2878 668 nuntiante
2905 616 3122 687 angelo,
3154 627 3207 674 et
3236 623 3257 657 ⁵
3279 621 3462 679 adve-

1861 692 2047 751 niente
2074 696 2306 770 Spiritu,
2337 714 2469 754 mox
2512 699 2756 757 Verbum
2803 702 2863 758 in
2911 712 3089 774 utero,
3129 723 3260 764 mox
3315 712 3462 770 intra

1860 790 2081 842 uterum
2127 785 2372 845 Verbum
2420 805 2566 859 caro,
2615 798 2670 847 et
2715 802 2970 851 manente
3017 794 3461 859 incommutabili

1862 875 2118 945 essentia,
2135 891 2256 950 qua:
2278 878 2328 934 ei
2359 887 2441 936 est
2467 897 2593 937 cum
2623 883 2782 940 Patre
2811 892 2866 941 et
2892 900 3019 941 cum
3038 898 3230 947 sancto
3251 890 3463 963 Spiritu

1862 972 2152 1035 coaeterna,
2182 971 2479 1042 assumpsit
2506 972 2653 1030 intra
2681 974 2930 1048 virginea
2974 978 3188 1038 viscera
3232 981 3381 1039 unde
3408 992 3463 1039 et

1861 1052 2219 1126 impassibilis
2251 1059 2388 1130 pati,
2436 1068 2490 1118 et
2538 1062 2868 1123 immortalis
2922 1068 3087 1138 mori,
3115 1078 3171 1126 et
3226 1078 3464 1130 aeternus

1861 1150 1987 1199 ante
2004 1146 2204 1202 saecula
2232 1150 2550 1221 temporalis
2568 1161 2751 1224 posset
2765 1170 2881 1212 esse
2903 1156 2962 1212 in
2979 1156 3094 1214 ﬁne
3108 1160 3461 1230 saeculorum,

1861 1240 1925 1290 ut
1951 1250 2047 1306 per
2075 1234 2354 1294 ineﬁ‘abile
2383 1251 2810 1315 sacramentum,
2852 1253 3125 1320 conceptu
3165 1258 3378 1321 sancto,
3409 1258 3462 1307 et

1860 1331 2023 1397 partu
2052 1324 2388 1399 inviolabili,
2404 1332 2709 1390 secundum
2738 1336 3027 1393 veritatem
3049 1338 3341 1413 utriusque
3368 1356 3461 1397 na-

1859 1421 2018 1483 turai,
2049 1416 2238 1474 eadem
2269 1420 2425 1492 virgo
2445 1428 2500 1477 et
2526 1422 2729 1480 ancilla
2764 1426 2987 1485 Domini
3009 1435 3151 1484 esset
3183 1436 3238 1485 et
3265 1437 3459 1488 mater.

1858 1503 1951 1561 Sic
1978 1505 2180 1579 quippe
2225 1508 2275 1563 ei
2322 1508 2391 1565 ab
2420 1510 2705 1568 Elisabeth
2734 1513 2972 1572 dicitur:
3014 1517 3160 1573 Unde
3187 1518 3281 1573 hoc
3306 1518 3459 1585 mihi,

1859 1602 1917 1650 ut
1942 1598 2118 1651 veniat
2146 1604 2315 1653 mater
2350 1600 2567 1656 Domini
2592 1602 2694 1657 mei
2720 1603 2794 1659 ad
2820 1620 2901 1659 me
2926 1605 3086 1676 (Luc.
3119 1624 3161 1675 ι,
3191 1606 3282 1679 43)
3312 1607 3342 1664 ?
3390 1610 3461 1665 Et

1858 1686 1977 1758 ipsa
2000 1686 2171 1758 Virgo
2199 1688 2517 1759 concipiens
2545 1690 2694 1746 dixit
2726 1710 2737 1747 :
2770 1695 2903 1749 Ecce
2929 1695 3134 1750 ancilla
3180 1697 3401 1751 Domini
3441 1717 3461 1762 ,-

1856 1774 1955 1847 ﬁat
1977 1774 2107 1828 mihi
2152 1775 2437 1829 secundum
2480 1776 2694 1831 verbum
2746 1784 2893 1833 tuum
2929 1780 3128 1849 (Ibid.,
3159 1797 3199 1849 ι,
3231 1782 3347 1854 38).
3384 1783 3458 1838 Et

156 1861 350 1933 pletati,
379 1870 441 1918 ut
469 1863 630 1936 quasi
656 1864 850 1921 multis
865 1865 1167 1936 coloribus,
1198 1866 1281 1923 sic
1310 1867 1503 1924 multis
1531 1868 1751 1924 virtuti-
1781 1880 1829 1941 Β
1857 1865 2112 1939 quamvis
2140 1866 2257 1938 ipse
2286 1866 2439 1923 aliud
2467 1882 2537 1921 ex
2558 1869 2740 1937 Patre,
2770 1867 2923 1925 aliud
2952 1886 3021 1925 ex
3050 1869 3301 1942 Virgine,
3341 1886 3453 1927 non

155 1949 246 2005 bus
283 1949 518 2008 luceant.
557 1952 666 2010 Sed
702 1970 772 2011 ne
817 1955 1057 2029 acceptis
1103 1955 1395 2030 quisquam
1444 1956 1749 2013 virtutibus

151 2040 447 2111 extollatur,
479 2059 513 2098 a
561 2052 751 2100 sancto
800 2044 921 2101 viro
970 2062 1120 2103 nunc
1160 2046 1394 2103 dicitur:
1440 2047 1562 2104 Non
1607 2046 1746 2103 adte-

150 2126 383 2197 quabitur
408 2129 456 2183 ei
482 2132 755 2202 topazium
783 2134 845 2189 de
861 2134 1161 2206 Ethiopia.
1186 2135 1268 2192 Ac
1294 2134 1343 2192 si
1357 2142 1542 2208 aperte
1561 2134 1742 2193 dicat:

147 2217 324 2275 Nullus
350 2228 676 2278 sanctorum
709 2222 1051 2296 quibuslibet
1078 2225 1385 2282 virtutibus
1423 2224 1643 2298 plenus,
1677 2241 1747 2281 ex

148 2306 237 2363 ista
278 2315 458 2366 tamen
509 2311 796 2384 nigredine
831 2314 1025 2371 mundi
1068 2315 1093 2353 ²
1128 2314 1415 2383 collectus,
1459 2313 1665 2389 aequari
1695 2315 1745 2371 ei

145 2404 321 2468 potest,
352 2398 419 2456 de
449 2417 569 2474 quo
597 2401 864 2475 scriptum
897 2411 1014 2461 est:
1068 2405 1221 2472 Quod
1257 2412 1503 2461 nascetur
1528 2407 1549 2441 ³
1594 2424 1659 2461 ea:
1703 2412 1747 2460 te

144 2494 385 2557 sanctum,
415 2491 701 2547 vocabitur
728 2493 903 2549 Filius
928 2495 1029 2551 Dei
1056 2496 1217 2569 (Luc.
1250 2512 1291 2565 ι,
1323 2495 1439 2567 35).
1462 2496 1573 2553 Nos
1587 2496 1744 2570 quip-

143 2593 199 2649 pe
223 2580 318 2636 etsi
359 2583 547 2639 sancti
574 2582 869 2653 etﬁcimur,
892 2601 1005 2641 non
1026 2593 1214 2642 tamen
1235 2586 1413 2643 sancti
1442 2586 1744 2656 nascimur,

145 2669 260 2741 quia
286 2670 401 2743 ipsa
435 2681 653 2730 naturae
683 2675 1064 2748 corruptibilis
1105 2676 1425 2734 conditione
1472 2677 1745 2737 censtrin-

144 2757 329 2829 gimur,
360 2768 425 2817 ut
454 2778 586 2818 cum
617 2763 890 2835 Propheta
919 2763 1206 2822 dicamus:
1240 2768 1373 2823 Ecce
1399 2767 1539 2822 enim
1556 2766 1617 2821 in
1642 2765 1745 2821 ini-

142 2847 415 2916 quitatibus
458 2857 737 2920 conceptus
779 2869 917 2920 sum,
961 2859 1010 2907 et
1052 2855 1074 2888 ⁸
1104 2854 1163 2907 in
1190 2854 1393 2909 delictis
1435 2853 1642 2925 peperit
1666 2870 1748 2908 me

140 2941 292 2992 mater
317 2955 443 2993 mea
492 2936 670 3008 (Psal.
702 2955 757 3006 ι,
802 2939 881 3011 7).
928 2941 1028 2996 Ille
1070 2947 1254 2996 autem
1290 2942 1443 2996 solus
1478 2940 1748 2997 veraciter

140 3034 343 3083 sanctus
360 3036 537 3084 natus
565 3034 670 3096 est,
701 3029 796 3101 qui
828 3036 892 3085 ut
918 3028 1094 3101 ipsam
1125 3030 1502 3087 conditionem
1534 3036 1745 3085 naturae

140 3117 516 3190 corruptibilis
545 3116 819 3187 vinceret,
834 3133 905 3174 ex
918 3119 1310 3176 commistione
1329 3120 1567 3178 carnalis
1580 3136 1744 3194 copu-

136 3203 194 3259 lae
219 3213 527 3279 conceptus
557 3221 671 3262 non
699 3213 802 3262 est.

195 3296 281 3353 85.
331 3295 577 3355 Nestorii
621 3296 837 3353 insania
874 3302 1061 3353 contra
1108 3296 1399 3354 Christum.
1441 3300 1605 3366 Quem
1648 3298 1745 3354 etsi

128 3400 320 3454 purum
347 3385 640 3451 hominem,
668 3385 874 3441 meritis
900 3390 1196 3441 assecutum
1213 3403 1320 3442 esse
1339 3393 1398 3442 ut
1414 3386 1556 3442 Deus
1576 3386 1744 3459 ﬁeret,

134 3471 318 3531 docuit.
362 3474 678 3546 Refellitur.
708 3463 901 3535 Modus
929 3474 1330 3531 Incarnationis
1366 3475 1538 3535 Verbi.
1592 3475 1743 3533 Chri-

130 3569 233 3619 stus
268 3565 432 3620 aliud
461 3582 530 3620 ea'
580 3566 764 3632 Patre,
810 3565 965 3621 aliud
1008 3580 1075 3620 ea:
1119 3570 1310 3634 matre,
1347 3582 1456 3621 non
1480 3566 1643 3624 alius.
1674 3596 1747 3609 —

134 3652 265 3709 Huic
316 3670 376 3710 se
432 3653 721 3726 sapientiae
787 3653 943 3728 quasi
1000 3652 1278 3726 quoddam
1346 3653 1621 3726 topazium
1678 3653 1745 3711 de

131 3741 419 3816 Ethiopia
467 3743 678 3815 aequari
708 3743 911 3812 voluit,
936 3758 1065 3801 cum
1100 3741 1325 3816 quidam
1356 3742 1747 3801 haeresiarches

131 3829 292 3889 dixit:
346 3834 484 3891 Non
521 3831 749 3888 invideo
789 3830 1010 3889 Christo
1055 3832 1169 3888 Deo
1209 3830 1378 3901 facto,
1408 3832 1670 3905 quoniam
1699 3832 1746 3889 si

129 3922 271 3991 volo,
304 3931 366 3979 et
395 3922 523 3993 ipse
550 3935 771 3992 possum
801 3918 940 3977 ﬁeri.
975 3919 1080 3989 Qui
1111 3920 1295 3977 Iesum
1327 3919 1610 3979 Christum
1640 3924 1746 3979 Do-

132 4010 341 4068 minum
374 4016 662 4078 nostrum,
694 4023 806 4065 non
852 4024 949 4082 per
986 4009 1315 4082 mysterium
1344 4011 1744 4084 conceptionis,

129 4098 211 4155 sed
239 4116 343 4174 per
392 4098 710 4172 profectum
755 4098 941 4170 gratiae
991 4099 1167 4155 Deum
1206 4098 1444 4172 putavit,
1490 4115 1749 4172 perversa

131 4188 458 4261 allegatione
505 4194 758 4244 astruens
802 4203 927 4243 eum
971 4203 1172 4260 purum
1216 4186 1501 4244 hominem
1530 4196 1745 4256 natum,

129 4277 237 4344 sed,
264 4287 330 4335 ut
358 4280 522 4335 Deus
541 4285 704 4347 esset,
735 4293 832 4349 per
852 4277 1115 4334 meritum
1145 4276 1463 4350 profecisse,
1493 4284 1656 4351 atque
1677 4277 1747 4335 ob

130 4366 229 4425 hoc
257 4371 554 4427 aestimans
597 4376 652 4425 et
679 4383 736 4424 se
766 4375 820 4424 et
847 4366 1124 4442 quoslibet
1154 4366 1294 4424 alios
1324 4384 1481 4440 posse
1518 4367 1569 4424 ei
1597 4384 1747 4425 com-

125 4460 297 4531 quari,
326 4460 429 4533 qui
448 4458 561 4515 ﬁlii
586 4458 685 4514 Dei
707 4474 804 4530 per
824 4457 1055 4530 gratiam
1085 4457 1252 4526 ﬁunt,
1270 4473 1384 4513 non
1408 4457 1746 4530 intelligens,

126 4563 229 4604 non
258 4550 590 4618 attendens,
623 4548 756 4622 quia
783 4565 891 4604 non
919 4549 1293 4620 adscqua-bitur
1323 4548 1370 4603 ei
1401 4549 1670 4621 topazium
1688 4550 1750 4605 de

126 4639 426 4714 1Ethiopia.
485 4613 661 4696 Aliud
694 4646 777 4696 est
821 4639 972 4695 enim
1022 4613 1182 4695 natos
1218 4613 1474 4694 homines
1515 4639 1746 4711 gratiam
1774 4613 1824 4672 D

127 4727 446 4802 adOptionis
475 4728 752 4802 accipere,
782 4727 937 4784 aliud
963 4744 1139 4784 unum
1168 4726 1522 4799 singulariter
1550 4744 1647 4801 per
1666 4728 1746 4785 di-

126 4815 377 4876 vinitatis
404 4817 721 4893 potentiam
741 4818 917 4874 Deum
942 4832 1013 4872 ex
1029 4816 1150 4890 ipso
1169 4823 1441 4890 conceptu
1454 4816 1742 4890 prodiisse.

127 4908 230 4965 Nec
258 4911 476 4986 aequari
508 4919 689 4985 potest
717 4910 905 4984 gloria
932 4909 1215 4981 Unigeniti
1234 4908 1437 4967 habitas
1465 4927 1562 4984 per
1589 4920 1745 4970 natu-

129 5012 235 5055 ram
264 5001 376 5058 alia
407 5008 643 5075 accepta
672 5014 769 5074 per
797 5001 1067 5074 gratiam;
1117 4999 1383 5057 Mediator
1415 5002 1607 5074 quippe
1652 5002 1749 5059 Dei

126 5094 272 5160 atque
304 5093 614 5159 hominum,
652 5095 805 5150 homo
847 5091 1093 5151 Christus
1117 5090 1269 5147 Iesus
1293 5091 1360 5162 (Ι
1392 5092 1527 5149 Tim.
1561 5110 1623 5163 η,
1661 5094 1744 5166 5),

126 5192 229 5234 non
257 5182 410 5240 sicut
440 5182 553 5240 iste
583 5183 877 5241 haereticus
905 5178 1132 5253 desipit,
1163 5178 1303 5235 alter
1330 5179 1390 5236 in
1418 5180 1748 5239 humanita-

126 5277 194 5338 te,
233 5274 378 5331 alter
406 5275 473 5331 in
518 5275 735 5332 Deitate
771 5283 873 5332 est.
908 5273 1049 5349 [νει.
1082 5267 1361 5344 XXXVI.]
1410 5273 1528 5329 Non
1576 5289 1745 5346 purus

194 5497 209 5568 Ρ
243 5497 270 5552 1
313 5496 530 5566 Laud.,
562 5496 773 5566 Germ.,
801 5496 964 5556 Corb.
989 5496 1201 5568 Germ.,
1236 5495 1393 5567 quasi
1416 5494 1742 5567 topandium.

124 5564 154 5622 2
180 5566 383 5641 Laud.,
416 5564 589 5641 quasi
617 5564 943 5641 topanzium.

191 5640 211 5674 ³
237 5639 522 5708 Vindoc.,
545 5639 788 5711 infectus.

191 5712 212 5744 ³
241 5713 413 5767 Deest
443 5727 517 5767 ea:
551 5717 595 5767 te
624 5712 730 5770 in2
751 5712 926 5769 Laud.

189 5783 210 5817 ⁴
234 5783 270 5840 2
302 5782 518 5840 Laud..
550 5789 601 5838 et
630 5783 689 5838 in
717 5783 926 5840 deliciis.

189 5854 210 5888 ⁸
550 5826 1100 5928 Ἐρίνεω
1122 5861 1301 5911 sancto
1320 5871 1447 5911 mox
1467 5855 1613 5909 intra
1637 5858 1742 5906 ule-

1856 1961 2044 2010 tamen
2067 1954 2211 2011 alius
2241 1970 2310 2010 ex
2347 1955 2526 2025 Patre,
2556 1956 2700 2013 alius
2726 1972 2795 2013 ex
2820 1957 3071 2030 Virgine,
3103 1959 3199 2015 sed
3220 1959 3337 2032 ipse
3382 1968 3465 2016 est

1857 2051 2096 2101 aeternus
2114 2060 2184 2100 ex
2200 2046 2380 2115 Patre,
2411 2046 2526 2119 ipse
2555 2048 2876 2120 temporalis
2896 2064 2967 2104 ex
2988 2056 3160 2105 matre
3183 2069 3197 2117 ;
3230 2050 3345 2122 ipse
3366 2051 3462 2123 qui

1856 2133 2010 2204 fecit,
2041 2134 2156 2207 ipse
2185 2136 2282 2209 qui
2310 2136 2488 2194 factus
2516 2145 2599 2194 est
2629 2155 2642 2206 ;
2676 2138 2790 2210 ipse
2818 2139 3101 2211 speciosus
3127 2139 3309 2196 forma
3348 2155 3462 2213 pm

1855 2222 1990 2279 ﬁliis
2016 2222 2310 2281 hominum
2340 2241 2436 2298 per
2464 2226 2840 2297 divinitatem,
2870 2236 2924 2285 et
2952 2229 3070 2301 ipse
3099 2228 3166 2285 de
3196 2244 3307 2302 quo
3361 2226 3463 2283 di-

1814 2370 1815 2373 η
1855 2319 2007 2368 ctum
2036 2322 2119 2369 est
2143 2332 2155 2370 :
2198 2316 2434 2373 Vidimus
2461 2334 2598 2387 eum,
2628 2324 2676 2373 et
2701 2335 2810 2374 non
2846 2324 2962 2374 erat
2987 2324 3251 2390 aspectus,
3281 2324 3329 2372 et
3356 2334 3461 2373 non

1855 2408 1929 2456 est
1957 2404 2151 2474 species
2179 2405 2227 2460 ei
2252 2421 2417 2476 neque
2448 2406 2602 2462 decor
2632 2407 2789 2480 (Isai.
2822 2425 2943 2477 Lm,
2964 2407 3051 2478 2),
3081 2422 3179 2479 per
3206 2405 3462 2463 humani-

1855 2499 2046 2553 tatem.
2078 2496 2199 2569 Ipse
2225 2505 2353 2553 ante
2380 2488 2581 2554 sasciila
2608 2496 2675 2554 de
2704 2499 2863 2555 Patre
2891 2499 3011 2555 sine
3039 2506 3236 2567 matre,
3257 2498 3373 2570 ipse
3402 2496 3479 2559 in.

1854 2585 1966 2642 ﬁne
2018 2586 2345 2643 saeculorum
2392 2587 2459 2644 de
2489 2596 2662 2644 matre
2707 2589 2827 2645 sine
2882 2596 3053 2662 patre.
3089 2591 3111 2625 ⁸
3160 2590 3280 2662 Ipse
3308 2595 3464 2645 tem-

1854 2675 2031 2748 plum,
2062 2675 2178 2748 ipse
2206 2675 2463 2733 conditor
2501 2677 2729 2750 templi;
2763 2678 2878 2750 ipse
2906 2685 3100 2735 auctor
3127 2677 3330 2751 operis,
3345 2676 3462 2749 ipse

1854 2779 1994 2835 opus
2020 2764 2263 2821 auctoris
2294 2783 2307 2833 ;
2341 2782 2569 2822 manens
2594 2782 2739 2823 unus
2766 2782 2835 2821 ex
2863 2774 3097 2840 utraque
3124 2774 3179 2822 et
3206 2766 3265 2821 in
3294 2773 3460 2821 utra-

1855 2868 1961 2925 que
1990 2861 2207 2923 natura,
2224 2869 2325 2909 nec
2339 2862 2664 2911 naturarum
2685 2856 3036 2928 copulatione
3051 2855 3338 2923 confusus,
3360 2868 3463 2909 nec

1854 2947 2177 2995 naturarum
2216 2948 2361 3004 599
2417 2942 2775 2999 distinctione
2804 2945 3134 3015 geminatus.
3171 2943 3275 3000 Sed
3333 2942 3464 3015 quia

1854 3057 1969 3099 non
1997 3040 2118 3099 haec
2147 3041 2435 3099 tractanda
2461 3043 2826 3116 suscepimus,
2855 3043 2926 3100 ad
2954 3042 3270 3116 exponendi
3299 3040 3462 3098 ordi-

1853 3145 1982 3187 nem
2011 3129 2321 3188 redeamus.

1927 3308 2016 3364 86.
2054 3307 2311 3380 Superius
2328 3307 2590 3364 dictorum
2607 3307 3002 3380 recapitulatio.
3032 3338 3104 3351 —
3143 3307 3463 3366 Notandum

1856 3397 2018 3456 nobis
2046 3405 2128 3453 est
2155 3396 2303 3470 quod
2331 3406 2554 3456 sanctus
2580 3398 2691 3468 vir,
2720 3405 2784 3454 ut
2811 3398 2973 3471 longe
2999 3397 3205 3456 distare
3238 3398 3309 3455 ab
3360 3397 3465 3456 hac

1856 3487 2127 3561 sapientia
2153 3488 2375 3561 angelos
2406 3488 2830 3557 demonstraret,
2852 3488 2990 3547 dicit
3020 3507 3032 3546 :
3069 3490 3190 3547 Non
3234 3488 3462 3544 dabitur

1858 3595 2054 3634 aurum
2082 3577 2338 3650 obryzum
2346 3596 2450 3650 pro
2466 3595 2547 3634 ea.
2579 3578 2687 3647 Qui
2714 3585 2778 3635 ut
2804 3579 3063 3652 antiquos
3089 3579 3258 3634 etiam
3278 3578 3465 3635 Patres

1857 3667 1999 3725 sacri
2026 3667 2233 3740 eloquii
2261 3674 2581 3724 tractatores
2608 3666 2897 3725 inferiores
2916 3667 3247 3738 ostenderet,
3264 3666 3464 3741 adjun-

1857 3758 1944 3814 xit
1976 3775 1990 3814 :
2018 3758 2121 3817 Nec
2148 3757 2475 3829 appendetur
2493 3764 2772 3829 argentum
2791 3758 2852 3813 in
2878 3758 3285 3814 commutatione
3324 3757 3460 3829 ejus.
3570 3791 3578 3799 ο

1858 3848 1930 3904 Ut
1949 3846 2408 3921 philosophorum
2425 3863 2643 3921 quoque
2678 3847 3008 3920 sapientiam
3030 3847 3164 3904 huic
3192 3855 3467 3904 monstra-

1859 3945 1942 3993 ret
1970 3937 2131 4007 longe
2173 3934 2415 4005 subesse,
2452 3936 2646 3992 intulit
2679 3955 2690 3992 :
2751 3935 2873 3993 Non
2941 3935 3255 4012 conferetur
3288 3935 3463 3989 tinctis

1858 4026 2028 4087 India:
2046 4025 2329 4080 coloribus.
2360 4024 2541 4097 Atque
2570 4024 2863 4096 subjunxit
2895 4041 2909 4080 :
2941 4025 3046 4081 Nec
3077 4023 3249 4094 lapidi
3276 4022 3462 4077 sardo-

1858 4115 2022 4185 nycho
2044 4111 2449 4183 pretiosissima,
2479 4113 2561 4167 vel
2590 4110 2863 4182 sapphiro.
2896 4111 2967 4167 Ut
3008 4109 3066 4166 in
3094 4109 3193 4166 illa
3241 4125 3460 4183 quoque

1857 4215 2095 4273 superna
2123 4196 2347 4255 civitate
2376 4196 2594 4254 nullum
2623 4196 2911 4270 pervenire
2965 4196 3035 4253 ad
3090 4196 3463 4271 aequalitatem

1859 4288 2140 4363 Unigeniti
2186 4287 2610 4357 demonstraret,
2640 4285 2888 4344 addidit:
2923 4287 3048 4346 Non
3090 4286 3467 4369 adaquabitur

1859 4380 1906 4435 ei
1932 4396 2129 4435 aurum
2163 4379 2243 4434 cel
2270 4378 2492 4434 vitrum.
2514 4377 2587 4433 Ut
2607 4375 2901 4449 prophetas
2922 4392 3140 4450 quoque
3162 4377 3212 4432 ei
3241 4377 3464 4433 subesse

1859 4466 2191 4536 ostenderet,
2239 4465 2542 4539 adjunxit:
2589 4466 2695 4522 Nec
2748 4466 3212 4521 cumulabantur
3252 4483 3357 4537 pro
3403 4482 3464 4520 ea

1858 4572 1990 4611 vasa
2016 4556 2143 4611 auri
2170 4556 2373 4615 excelsa
2401 4560 2448 4609 et
2475 4554 2777 4620 eminentia,
2798 4569 2888 4608 nec
2917 4553 3466 4609 commemorabuntur

1854 4646 1912 4701 in
1939 4646 2331 4717 comparatione
2357 4645 2489 4715 ejus.
2531 4644 2791 4701 Trahitur
2817 4644 2956 4698 enim
2985 4642 3245 4715 sapientia
3284 4643 3346 4698 de
3382 4661 3462 4699 oc-

1856 4740 2030 4795 cultis.
2054 4737 2142 4793 Ad
2160 4744 2471 4792 extremum
2488 4749 2621 4789 vero
2640 4741 2703 4789 ut
2718 4734 2866 4806 ipsos
2892 4748 3112 4807 quoque
3140 4734 3199 4789 in
3218 4733 3465 4791 Ecclesia

1862 4827 2151 4884 haereticos
2172 4826 2501 4898 increparet,
2523 4823 2619 4897 qui
2639 4839 2671 4879 a
2691 4822 3020 4895 gentilitatis
3038 4838 3222 4879 errore
3242 4822 3463 4878 venien-

1856 4925 1960 4987 tes,
1979 4915 2143 4973 ﬁdem
2165 4930 2331 4989 quam
2360 4912 2694 4986 percipiunt,
2716 4927 2813 4985 per
2832 4910 3149 4984 superbiam
3177 4909 3462 4977 scindunt,

1856 5004 2073 5062 addidit
2104 5023 2115 5061 :
2148 5005 2269 5062 Non
2295 5002 2667 5073 adwqmbitur
2695 5000 2741 5055 ei
2771 4999 3048 5071 topazium
3075 4998 3139 5054 de
3156 4995 3458 5079 Ethiopia.

1857 5093 1940 5151 Ac
1967 5093 2014 5150 si
2043 5100 2292 5167 patenter
2317 5092 2584 5159 insinuet,
2614 5088 2806 5146 dicens
2838 5107 2849 5145 :
2888 5089 2961 5144 Hi
2989 5087 3085 5160 qui
3129 5102 3199 5141 ex
3253 5083 3463 5157 peccati

1855 5183 2144 5257 nigredine
2171 5182 2242 5240 ad
2291 5181 2710 5240 conversionem
2758 5176 3012 5244 veniunt,
3043 5178 3063 5210 ⁷
3105 5173 3309 5247 aequari
3350 5175 3464 5230 Deo

1856 5273 2074 5332 homini
2095 5288 2207 5330 non
2236 5278 2488 5346 possunt,
2519 5266 2776 5343 quamvis
2802 5264 2994 5321 multis
3008 5262 3260 5321 colorum
3288 5263 3464 5320 virtu-

1854 5504 1979 5546 rum
2007 5486 2219 5543 verbum
2249 5499 2480 5541 carnem.

1928 5562 1951 5597 ⁶
1979 5561 2042 5616 In
2062 5559 2246 5616 Germ.
2278 5565 2332 5613 et
2359 5556 2419 5611 in
2447 5560 2649 5628 poster.
2679 5549 2812 5628 Ed.,
2842 5552 2956 5628 ipse
3012 5552 3303 5628 condiscit;
3337 5560 3457 5609 rem.

1854 5634 2021 5705 plum.
2049 5628 2401 5705 Nonlegitur
2428 5623 2715 5705 conditoris
2744 5623 2803 5679 in
2833 5623 3458 5705 Gorb.Germ:,Turon.,

1854 5695 2022 5760 duob.
2054 5695 2472 5769 Laud.,'Norm.
2497 5706 2551 5754 et
2576 5696 2723 5764 aliis,
2754 5712 2856 5752 nec
2882 5695 2941 5751 in
2971 5703 3081 5752 vet.
3114 5696 3245 5766 Ed.,
3276 5695 3372 5750 sed
3401 5695 3459 5749 in

1853 5773 2602 5850 posterieribustanwm;.
2760 5839 2772 5850 .
3029 5839 3044 5850 .
3155 5837 3225 5850 ..

1926 5849 1945 5883 ⁷
1977 5848 2037 5902 In
2070 5843 2245 5912 Edit.,
2275 5843 2481 5914 mqimri
2506 5840 2602 5897 Dei
2629 5839 2861 5901 omnino,
2896 5853 2997 5911 pro
3026 5837 3244 5897 homini.
3270 5842 3333 5890 ut
3387 5834 3460 5889 le-
