3946 6364
457 403 527 464 ei
1668 393 1917 456 SANCTI
1955 395 2292 484 Gnnconn
2326 393 2574 457 MAGNI.
3694 401 3761 459 92

459 530 608 588 tibus
635 524 980 599 mplendere
1033 524 1348 584 videantur.
1396 523 1642 596 Quorum
1697 529 1760 582 ut
1811 516 2066 598 superbia
2093 526 2144 586 Α
2175 521 2485 580 viventium
2520 521 2697 581 oculis
2725 521 2942 581 occulta
2981 527 3144 592 esset,
3171 520 3318 579 hanc
3359 519 3550 595 procul
3601 521 3766 584 dabo.

459 620 749 688 refutetur,
777 623 902 690 apte
923 615 1042 688 subj
1051 615 1276 690 ungitur
1307 630 1320 674 :

1061 705 1290 763 CAPUT
1318 705 1460 764 LIII.

529 799 671 858 Isin.
709 826 782 843 —
823 799 928 857 Nec
983 793 1224 853 “natura
1253 794 1616 853 mundissima
1660 799 2060 867 componentur.

530 889 622 948 87.
655 888 782 950 Vere
807 887 1026 944 Mutilus
1045 891 1095 943 et
1120 884 1290 942 sancti
1310 889 1460 957 sunt,
1504 886 1600 960 qui
1625 881 1738 942 suis
1754 883 1961 941 meritis
1984 877 2066 939 ni-

463 981 542 1039 hil
584 979 844 1036 tribuunt.
874 1001 947 1021 -
991 977 1268 1035 Tinctum
1303 976 1454 1033 enim
1499 973 1878 1034 mundissimae
1906 977 1924 1014 ι
1953 987 2066 1031 vo-

463 1079 658 1130 cantur
683 1069 744 1128 hi
773 1069 870 1144 qui
918 1067 1188 1126 veraciter
1238 1073 1370 1125 sunt
1415 1066 1658 1126 humiles
1697 1073 1753 1126 et
1795 1063 2068 1125 veraciter

462 1162 658 1232 sancti,
689 1161 785 1235 qui
815 1159 1001 1219 sciunt
1026 1158 1253 1235 quidem
1279 1156 1412 1232 quia
1436 1171 1510 1215 ex
1538 1154 1849 1232 semetipsis
1876 1155 2068 1214 virtu-

466 1260 581 1308 tum
610 1250 849 1324 speciem
879 1262 993 1307 non
1022 1247 1250 1316 habent,
1281 1247 1377 1305 sed
1405 1247 1550 1306 hanc
1577 1261 1648 1305 ex
1676 1245 1823 1306 dono
1871 1246 2061 1320 gratias

464 1337 902 1414 supervenientis
941 1341 1152 1396 tenent.
1184 1336 1368 1394 Tincti
1421 1335 1572 1395 enim
1629 1351 1741 1395 non
1799 1345 1983 1394 essent
2019 1332 2068 1393 si

463 1429 807 1487 sanctitatem
823 1426 1151 1485 naturaliter
1163 1423 1505 1484 habuissent.
1538 1423 1646 1484 Sed
1689 1425 2069 1484 mundissimae

465 1518 719 1576 tinctura
745 1523 898 1587 sunt,
931 1516 1064 1591 quia
1101 1511 1394 1573 humiliter
1419 1514 1740 1574 custodiunt
1793 1530 2072 1589 superve-

466 1608 711 1666 nientem
739 1602 801 1664 in
846 1617 906 1664 se
954 1601 1227 1663 virtutum
1257 1606 1489 1680 gratiam
1519 1619 1684 1682 quam
1713 1613 2066 1680 acceperunt.

467 1698 612 1755 Hinc
637 1703 724 1752 est
748 1695 898 1752 enim
927 1695 1078 1768 quod
1105 1693 1294 1766 sponsi
1321 1708 1459 1752 voce
1486 1693 1555 1752 de
1582 1701 1771 1753 sancta
1824 1691 2075 1754 Ecclesia

469 1784 679 1842 dicitur
701 1799 714 1841 :
735 1785 951 1852 Quaest
973 1781 1080 1838 ista
1107 1797 1225 1853 qua
1241 1781 1474 1838 ascendit
1501 1780 1746 1839 dealbata
1765 1783 1956 1854 (Cant.
1993 1799 2074 1854 v1,

2172 622 2487 672 sanctorum
2526 629 2689 671 nemo
2730 612 2980 670 vidisset.
3025 611 3132 670 Sed
3159 629 3285 670 ecce
3315 610 3447 670 huic
3487 615 3770 674 sententia

2169 703 2434 761 Joannem
2465 701 2630 760 audio
2675 701 3125 772 concordantem,
3154 701 3251 776 qui
3279 701 3359 757 ait
3391 719 3403 758 :
3437 701 3604 758 Deum
3634 722 3774 761 nemo

2172 791 2306 850 vidit
2334 809 2567 866 unquam
2597 793 2652 866 (Ι
2691 794 2850 850 Joan.
2873 811 2954 863 Iv,
2998 793 3112 866 i2).
3157 792 3505 866 Rursumque
3533 809 3658 850 cum
3691 802 3776 850 te-

2173 883 2432 941 stamenti
2461 881 2664 940 veteris
2691 891 2874 957 patres
2894 883 3136 953 intueor,
3160 879 3365 940 multos
3397 879 3620 952 horum,
3649 891 3777 940 teste

2173 972 2292 1047 ipsa
2317 987 2484 1031 sacrae
2499 971 2755 1031 lectionis
2783 971 3038 1040 historia,
3057 971 3234 1030 Deum
3264 969 3472 1029 vidisse
3492 988 3774 1046 cognosco.

2175 1059 2334 1121 Vidit
2361 1061 2568 1138 quippe
2587 1059 2755 1120 Iacob
2782 1060 3109 1133 Dominum,
3141 1059 3239 1138 qui
3265 1061 3345 1119 ait
3379 1080 3391 1119 :
3445 1060 3565 1122 Vidi
3592 1061 3781 1119 Domi-

2174 1169 2303 1211 num
2350 1153 2491 1227 facie
2525 1151 2599 1210 ad
2627 1149 2841 1226 faciem,
2875 1157 2924 1210 et
2957 1154 3108 1210 salva
3151 1151 3298 1225 facta.
3338 1159 3413 1208 est
3453 1152 3636 1208 anima
3675 1169 3781 1208 mea

2180 1239 2391 1316 (Genes.
2421 1259 2605 1310 χχχιι,
2635 1240 2751 1316 30).
2785 1238 2944 1301 Vidit
2962 1241 3178 1316 Moyses
3208 1241 3407 1312 Deum,
3437 1239 3508 1298 de
3537 1258 3647 1315 quo
3659 1239 3784 1297 scri-

2177 1338 2336 1407 ptum
2364 1339 2478 1391 est:
2524 1329 2874 1405 Loquebatur
2919 1330 3182 1390 Dominus
3218 1330 3290 1388 ad
3317 1331 3535 1403 Moysen
3561 1327 3698 1403 facie
3721 1327 3786 1386 ad

2177 1419 2389 1495 faciem,
2417 1425 2555 1479 sicut
2571 1423 2717 1495 loqui
2735 1423 2866 1479 solet
2891 1421 3042 1478 homo
3063 1422 3135 1478 ad
3155 1421 3387 1478 amicum
3407 1439 3566 1476 suum
3581 1419 3785 1490 (Exod.

2179 1527 2386 1583 χχχιιι,
2421 1513 2534 1584 11).
2566 1509 2725 1570 Vidit
2753 1511 2931 1570 isdem
2977 1509 3082 1569 Job
3126 1512 3455 1582 Dominum,
3487 1509 3585 1586 qui
3613 1507 3747 1568 dicit
3775 1529 3786 1568 :

2179 1602 2387 1661 Audita
2407 1603 2562 1659 auris
2587 1599 2776 1660 audivi
2817 1608 2884 1674 te,
2919 1619 3060 1659 nunc
3083 1609 3258 1659 autent
3287 1603 3473 1660 oculus
3489 1621 3635 1658 meus
3662 1601 3793 1656 videt

2181 1700 2225 1750 te
2255 1690 2375 1768 (Job
2423 1709 2560 1764 XLII,
2617 1694 2700 1768 5).
2739 1692 2904 1752 Vidit
2945 1692 3113 1751 Isaias
3168 1693 3498 1763 Dominum,
3548 1692 3646 1767 qui
3674 1691 3788 1748 ait:

2181 1785 2337 1842 Anno
2358 1801 2462 1856 quo
2476 1791 2718 1841 mortuus
2737 1791 2814 1841 est
2839 1801 2936 1842 res:
2954 1785 3140 1851 Ozias,
3162 1781 3274 1841 vidi
3305 1782 3598 1842 Dominum
3629 1782 3796 1838 seden-

470 1875 505 1934 9
531 1889 547 1943 ;
571 1873 730 1946 111,6)
761 1871 956 1942 ‘lQuia
975 1869 1127 1928 enim
1147 1875 1338 1928 sancta
1351 1869 1598 1929 Ecclesia
1613 1870 1888 1930 caelestem
1902 1871 2073 1929 vitam
2109 1893 2156 1956 Β
2186 1880 2284 1930 lem
2321 1891 2480 1948 super
2521 1873 2713 1932 solium
2753 1877 3012 1933 excelsum
3053 1881 3101 1931 et
3115 1876 3373 1932 eleuatum
3399 1877 3427 1947 (
3434 1873 3570 1931 Isai.
3609 1887 3690 1943 vr,
3722 1873 3796 1946 1).

471 1962 803 2022 naturaliter
831 1973 944 2019 non
991 1959 1180 2030 habet,
1211 1959 1306 2017 sed
1355 1960 1788 2034 superveniente
1843 1961 2075 2035 Spiritu,

471 2051 894 2127 pulchritudine
920 2050 1194 2108 donorum
1247 2049 1622 2122 componitur,
1653 2065 1765 2110 non
1808 2049 1953 2122 alba,
1983 2047 2079 2109 sed

471 2140 724 2198 dealbata
751 2146 1112 2198 memoratur.
1161 2140 1234 2196 Et
1291 2138 1596 2198 notandum
1626 2139 1773 2216 quod
1821 2140 2078 2216 superius

469 2246 599 2290 cum
617 2231 882 2290 dixisset:
902 2232 1023 2289 Non
1060 2231 1364 2304 conferetur
1396 2229 1569 2288 tinctis
1588 2229 1758 2290 Indiae
1791 2233 2077 2302 coloribus,

471 2320 690 2378 eosdem
711 2321 922 2378 colores
937 2334 1051 2378 non
1071 2320 1263 2378 intulit
1283 2319 1539 2379 mundos.
1571 2318 1688 2380 Hoc
1717 2337 1853 2380 vero
1883 2320 1941 2379 in
1956 2323 2080 2382 loco

469 2416 534 2468 ut
559 2410 858 2468 tincturam
889 2411 1169 2468 veracium
1200 2411 1469 2484 virtutum
1498 2408 1568 2468 ab
1586 2407 1684 2468 illa
1711 2408 2081 2486 philosopho-

469 2510 593 2556 rum
613 2499 892 2558 tucatione
911 2499 1296 2573 distingueret,
1317 2499 1587 2558 tincturus
1605 2498 1814 2572 dicens,
1836 2498 2078 2574 addidit,

473 2586 883 2646 mundissimae.
915 2587 1193 2646 Tinctum
1223 2587 1374 2646 enim
1395 2588 1774 2647 mundissimae
1816 2597 1964 2650 recte
1984 2607 2080 2648 no-

472 2677 760 2736 minantur
786 2677 846 2736 hi
873 2677 973 2753 qui
1004 2679 1162 2752 prius
1180 2693 1277 2752 per
1302 2691 1473 2753 prava
1491 2693 1658 2754 opera
1674 2676 1809 2738 foedi
1837 2677 2079 2750 fuerant,

471 2768 896 2842 superveniente
925 2773 1110 2826 tamen
1139 2769 1360 2842 spiritu,
1391 2767 1572 2828 nitore
1601 2767 1788 2844 gratiae
1835 2771 2080 2827 vestiun-

470 2866 584 2929 tur,
614 2862 678 2916 ut
704 2858 864 2933 longe
887 2859 1042 2917 aliud
1069 2867 1366 2934 appareant
1392 2871 1508 2918 esse
1528 2873 1696 2935 quam
1721 2865 1897 2918 erant.
1922 2853 2081 2918 Unde

471 2947 638 3005 etiam
662 2947 957 3022 baptisma,
988 2947 1047 3006 id
1074 2953 1156 3006 est
1173 2947 1397 3020 tinctio,
1429 2945 1637 3008 dicitur
1663 2949 1782 3024 ipsa
1811 2957 2000 3007 nostra
2018 2947 2078 3005 in

469 3053 668 3113 aquam
707 3036 1012 3098 descensio.
1053 3039 1080 3080 ³
1125 3039 1417 3114 Tingimur
1441 3040 1670 3114 quippe,
1699 3045 1756 3096 et
1799 3039 1895 3112 qui
1923 3039 2081 3112 prius

469 3127 715 3186 indecori
744 3145 965 3186 eramus
992 3128 1346 3185 deformitate
1373 3128 1666 3196 vitiorum,
1696 3131 1918 3200 accepta
1971 3127 2080 3186 ﬁde

2185 1959 2344 2023 Vidit
2362 1961 2620 2023 Michaaas
2647 1963 2972 2035 Dominum,
2993 1963 3090 2040 qui
3123 1965 3202 2022 ait
3225 1980 3237 2022 :
3267 1963 3387 2024 Vidi
3406 1963 3700 2021 Dominum
3716 1978 3800 2017 se—

2185 2055 2384 2112 dentem
2411 2070 2572 2129 super
2601 2056 2795 2112 solium
2822 2071 2998 2124 suum,
3027 2062 3078 2112 et
3127 2071 3330 2112 omnem
3359 2054 3656 2110 exercitum
3695 2052 3802 2108 cali

2185 2145 2509 2202 assistentem
2531 2143 2579 2203 ei
2615 2162 2648 2203 a
2675 2147 2880 2203 dextris
2909 2151 2956 2204 et
2983 2165 3019 2204 a
3055 2145 3290 2202 sinistris
3323 2145 3448 2218 (III
3492 2147 3622 2218 Reg.
3658 2160 3800 2209 χχιι,

2189 2233 2306 2309 19).
2337 2231 2483 2304 Quid
2511 2240 2593 2293 est
2622 2251 2750 2311 ergo
2771 2235 2919 2311 quod
2938 2241 3023 2294 tot
3050 2235 3366 2293 testamenti
3389 2232 3602 2291 veteris
3630 2239 3804 2306 patres

2186 2327 2363 2383 Deum
2390 2339 2446 2382 se
2488 2323 2694 2383 vidisse
2731 2325 2917 2383 testati
2961 2333 3114 2396 sunt,
3158 2332 3212 2382 et
3241 2333 3423 2382 tamen
3467 2322 3537 2382 de
3569 2322 3676 2380 hac
3717 2337 3805 2378 sa-

2187 2413 2398 2489 pientia
2425 2431 2547 2490 quae
2561 2415 2709 2472 Deus
2723 2423 2828 2486 est,
2859 2413 3101 2474 dicitur:
3133 2413 3458 2474 Abscondita
3489 2420 3568 2470 est
3597 2413 3666 2470 ab
3696 2429 3806 2468 ocu-

2191 2504 2258 2561 lis
2284 2504 2514 2562 omnium
2572 2507 2898 2573 viventium;
2933 2513 2988 2563 et
3026 2506 3263 2563 Joannes
3283 2504 3390 2562 ait:
3443 2503 3622 2562 Deum
3667 2518 3807 2558 neum

2186 2592 2324 2652 vidit
2351 2611 2585 2669 unquam
2612 2597 2678 2671 (Ι
2691 2596 2850 2656 Ioan.
2871 2613 2951 2667 IV,
2975 2595 3090 2669 i2),
3111 2593 3221 2652 nisi
3251 2595 3358 2652 hoc
3378 2591 3532 2669 quod
3563 2600 3811 2667 patenter

2187 2683 2351 2742 datur
2378 2681 2637 2760 intelligi,
2669 2683 2799 2761 quia
2827 2683 3074 2761 quandiu
3102 2685 3195 2742 hic
3225 2683 3538 2740 mortaliter
3569 2681 3808 2748 vivitur,

2188 2774 2366 2834 videri
2407 2791 2504 2851 per
2545 2775 2808 2852 quasdam
2851 2775 3120 2849 imagines
3157 2777 3304 2833 Deus
3345 2783 3555 2848 potest,
3591 2772 3693 2831 sed
3723 2789 3812 2846 per

2187 2867 2362 2942 ipsam
2405 2873 2614 2926 naturae
2659 2885 2770 2926 suae
2800 2867 3037 2941 speciem
3082 2883 3194 2923 non
3239 2871 3442 2940 potest,
3489 2872 3555 2922 ut
3599 2864 3807 2932 anima,

2187 2958 2360 3032 gratia
2379 2957 2608 3032 spiritus
2635 2955 2843 3028 afﬂatu,
2873 2973 2972 3031 per
2996 2953 3205 3029 figuras
3227 2952 3493 3030 quasdam
3524 2953 3710 3011 Deum
3737 2951 3814 3008 vi-

2186 3047 2329 3117 deat,
2359 3048 2455 3106 sed
2482 3043 2553 3104 ad
2582 3045 2758 3121 ipsam
2790 3046 2907 3104 vim
2953 3044 3077 3118 ejus
3104 3044 3357 3102 essentiae
3376 3061 3493 3101 non
3512 3041 3812 3118 pertingat.

2188 3135 2334 3194 Hinc
2361 3141 2443 3194 est
2470 3133 2622 3193 enim
2652 3131 2801 3210 quod
2847 3131 3036 3206 Iacob,
3065 3133 3161 3209 qui
3189 3133 3369 3190 Deum
3397 3150 3456 3190 se
3492 3132 3711 3191 vidisse
3729 3139 3816 3188 te-

471 3217 757 3275 reddimur
783 3217 1006 3290 pulchri
1050 3217 1227 3287 gratia
1265 3219 1286 3252 3
1331 3223 1387 3272 et
1429 3223 1756 3272 ornamento
1783 3217 2076 3275 virtutum.

2187 3235 2384 3298 statur,
2413 3227 2567 3284 hunc
2597 3243 2712 3283 non
2746 3227 2857 3284 nisi
2887 3227 2945 3282 in
3000 3225 3196 3298 angelo
3215 3221 3361 3283 vidit
3405 3225 3575 3299 (Gen.
3633 3243 3814 3293 χχχιι,

474 3315 772 3390 Sequitur:

838 3401 1070 3466 CAPUT
1098 3403 1221 3466 LIV
1250 3404 1394 3482 [Rea
1429 3400 1719 3480 XXVIII].

545 3493 720 3558 Vsus.
768 3495 860 3565 20,
901 3496 991 3554 21.
1034 3523 1107 3539 --
1137 3492 1285 3555 Unde
1315 3510 1436 3570 ergo
1475 3493 1738 3569 sapientia
1776 3493 1799 3533 ⁸
1828 3491 1990 3563 venit,
2033 3497 2087 3553 et

475 3587 594 3662 quis
622 3593 698 3644 est
742 3585 884 3644 locus
921 3583 1326 3659 intelligmliw?
1374 3583 1700 3645 Abscondita
1727 3592 1803 3643 est
1819 3585 1886 3644 ab
1915 3584 2084 3644 oculis

477 3676 714 3734 omnium
739 3675 1047 3734 viventium.

547 3765 638 3824 88.
672 3765 926 3835 Quandiu
949 3763 1250 3822 mortaliter
1274 3763 1522 3833 vivimus,
1544 3763 1715 3824 Deum
1740 3779 1850 3822 non
1875 3764 1935 3822 in
1955 3781 2084 3839 pro-

381 3866 385 3872 '
474 3855 838 3930 prianatura,
867 3855 958 3912 sed
978 3871 1079 3928 per
1105 3854 1366 3928 quasdam
1392 3853 1646 3928 imagines
1675 3853 1940 3922 videmus,
1977 3853 2085 3910 nisi

473 3952 632 4026 prius
657 3949 869 4009 carnali
890 3951 1030 4019 vita,
1061 3951 1308 4023 funditus
1345 3953 1571 4009 extincto
1599 3949 1715 4024 ejus
1743 3967 1948 4019 amore,
1976 3967 2084 4007 mo-

477 4041 709 4100 riamur.
739 4073 812 4085 —
837 4039 1186 4100 Pensandum
1208 4055 1537 4116 magnopere
1558 4050 1642 4100 est
1655 4040 1805 4117 quod
1835 4055 1867 4099 a
1894 4047 2086 4098 sancto

480 4128 604 4188 viro
630 4131 933 4206 requiritur
961 4131 1110 4190 unde
1135 4131 1406 4207 sapientia
1434 4134 1643 4192 veniat.
1676 4132 1763 4192 Ab
1785 4149 1850 4191 eo
1878 4133 2083 4189 etenim

482 4220 638 4279 venit
663 4236 696 4278 a
722 4233 833 4295 quo
851 4229 971 4278 orta
986 4228 1088 4279 est.
1119 4221 1226 4280 Sed
1246 4223 1376 4298 quia
1389 4224 1458 4282 ab
1486 4223 1763 4281 invisibili
1780 4231 1835 4280 et
1863 4231 2085 4281 coaeter-

481 4326 556 4370 no
581 4308 743 4368 Patre
768 4311 1038 4382 nascitur,
1067 4313 1090 4350 ³
1116 4309 1234 4386 ejus
1262 4311 1354 4371 via
1380 4315 1597 4373 occulta
1616 4319 1718 4371 est.
1751 4315 1899 4376 600
1929 4309 2085 4368 Unde

485 4415 538 4466 et
566 4426 663 4484 per
689 4408 1013 4484 prophetam
1043 4408 1278 4470 dicitur:
1316 4413 1721 4470 Generationem
1747 4410 1900 4467 illius
1927 4407 2086 4480 quis“

483 4505 759 4564 enarrabit
780 4507 944 4580 (Isai.
975 4527 1096 4579 Lm,
1126 4510 1240 4583 8)?
1275 4511 1458 4568 Locus
1503 4526 1636 4567 vero
1697 4503 2085 4578 intelligentiae

484 4596 625 4690 ejus,
655 4607 909 4690 estmens
939 4599 1200 4671 humana,
1217 4617 1382 4676 quam
1401 4600 1519 4657 haec
1538 4598 1638 4657 Dei
1659 4595 1932 4690 sapientia
1946 4594 2084 4690 dum
2117 4629 2167 4690 Β

484 4688 798 4763 repleverit,
828 4699 1074 4750 sanctam
1103 4692 1257 4749 facit.
1276 4691 1418 4761 Quia
1447 4705 1574 4762 ergo
1601 4696 1657 4745 et
1683 4685 1991 4744 invisibilis
2006 4694 2089 4743 est

482 4778 551 4837 de
580 4797 689 4856 quo
717 4780 946 4854 prodiit,
963 4789 1018 4838 et
1037 4779 1314 4838 incertum
1331 4778 1492 4836 nobis
1521 4785 1603 4834 est
1629 4777 1690 4833 in
1719 4773 1882 4847 cujus
1905 4782 2088 4831 mente

483 4870 765 4930 intellecta
790 4871 1116 4946 requiescat,
1134 4879 1279 4928 recte
1309 4884 1462 4926 nunc
1487 4866 1732 4924 dicitur:
1773 4864 1918 4924 Unde
1959 4881 2082 4934 ergo

483 4963 742 5036 sapientia
779 4963 940 5030 venit,
996 4967 1044 5016 et
1097 4960 1216 5032 quis
1261 4965 1337 5015 est
1377 4959 1521 5015 locus
1556 4956 1914 5027 intelligent-iw
1946 4953 2086 5029 [Vet.

487 5051 817 5129 XXXVII]?
845 5051 954 5111 Sed
981 5051 1088 5110 hoc
1115 5050 1276 5108 valde
1304 5051 1511 5106 mirum
1539 5055 1623 5106 est
1663 5046 1810 5122 quod
1838 5045 2093 5121 protinus

489 5141 864 5203 subinfertur:
911 5141 1235 5203 Abscondita
1261 5147 1339 5197 est
1361 5139 1428 5196 ab
1457 5137 1623 5195 oculis
1652 5136 1886 5193 omnium
1904 5134 2093 5191 viven-

492 5229 642 5288 tium.
671 5231 950 5304 Sapientia
995 5231 1199 5308 quippe
1241 5247 1366 5306 quae
1412 5229 1563 5286 Deus
1607 5231 1714 5294 est,
1743 5223 1792 5280 si
1837 5221 2091 5281 omnium

525 5445 640 5520 itur
701 5443 759 5520 in
800 5443 977 5520 duob.
1031 5447 1236 5520 Regiis,
1273 5445 1508 5520 totidem
1561 5442 1871 5520 Sangernlq
1919 5435 2090 5520 duob.

535 5514 996 5599 and.,_B.ellovac.
1025 5524 1084 5599 et
1106 5509 1296 5574 Norm.
1326 5509 1736 5599 Certesanctus
1769 5509 2092 5599 ﬁregorius

490 5577 714 5671 disserit
739 5582 808 5643 de
853 5585 1123 5659 sapientia
1163 5603 1325 5645 carne
1369 5587 1594 5655 vestita,
1625 5599 1724 5642 seu
1754 5579 1822 5640 de
1850 5577 1964 5638 Déo
1992 5577 2092 5636 ho-

492 5675 661 5716 mine.

564 5734 582 5767 ¹
615 5729 878 5796 Vindoc.,
899 5733 1258 5798 cowquantur.

563 5803 586 5840 ³
613 5803 742 5860 Mss.
754 5844 769 5872 ,
803 5799 1113 5872 tinguimur.

563 5875 584 5909 ³
613 5865 950 5940 νὶιιᾶοοηῖξι
976 5870 1298 5928 ornamentis
1314 5873 1574 5928 virtutum
1603 5865 1858 5921 omnium.

2188 3317 2308 3392 30).
2340 3315 2484 3376 Hinc
2511 3323 2594 3374 est
2635 3314 2783 3390 quod
2822 3317 3060 3390 Moyses,
3109 3313 3206 3390 qui
3235 3331 3366 3393 cum
3411 3313 3535 3372 Deo
3581 3315 3726 3374 facie
3752 3317 3818 3374 ad

2189 3411 2388 3471 faciem
2417 3411 2439 3449 ⁷
2479 3410 2830 3485 loquebatur,
2890 3409 3036 3468 sicut
3062 3408 3216 3485 loqui
3259 3407 3400 3466 solet
3451 3406 3637 3467 homo
3692 3427 3816 3467 cum

2189 3501 2369 3560 amico
2397 3519 2520 3571 suo,
2550 3500 2602 3557 ei
2630 3499 2776 3558 inter
2796 3498 2915 3574 ipsa
2950 3498 3120 3556 verba
3140 3515 3252 3555 suae
3283 3495 3600 3556 locutionis
3642 3497 3814 3556 dicit:

2194 3592 2255 3650 Si
2267 3589 2445 3647 inveni
2471 3590 2704 3664 gratiam
2723 3588 2780 3645 in
2807 3593 3083 3661 conspectu
3105 3593 3217 3656 tuo,
3246 3589 3462 3644 ostende
3494 3590 3636 3646 mihi
3654 3596 3820 3646 temet-

2194 3681 2366 3754 ipsum
2417 3678 2710 3751 manifeste,
2760 3682 2822 3735 ut
2864 3674 3076 3734 videam
3123 3683 3169 3734 te
3199 3676 3404 3750 (Exod.
3439 3693 3666 3751 χχχιιι,
3707 3677 3818 3752 13).

2193 3767 2352 3829 Certe
2379 3767 2529 3826 enim
2557 3766 2606 3827 si
2641 3769 2788 3827 Deus
2817 3783 2931 3826 non
2963 3775 3083 3825 erat
3122 3783 3250 3826 cum
3293 3784 3406 3842 quo
3456 3766 3822 3843 loquebatur,

2193 3857 2420 3916 ostende
2450 3857 2592 3915 mihi
2618 3859 2796 3916 Deum
2825 3855 3058 3927 diceret,
3107 3862 3162 3914 et
3188 3873 3301 3914 non
3343 3855 3586 3916 ostende
3617 3867 3824 3916 temet-

2193 3948 2396 4022 ipsum.
2429 3945 2486 4006 Si
2514 3955 2697 4004 autem
2726 3947 2872 4004 Deus
2900 3955 3017 4003 erat
3035 3963 3162 4003 cum
3194 3963 3304 4020 quo
3352 3945 3500 4004 facie
3531 3948 3605 4006 ad
3627 3948 3822 4004 faciem

2194 4039 2540 4117 loquebatur,
2562 4057 2662 4098 cur
2680 4057 2738 4098 se
2752 4039 2973 4114 petebat
2994 4035 3187 4096 videre
3207 4056 3371 4114 quem
3399 4039 3692 4098 videbat?
3722 4039 3825 4098 Sed

2195 4149 2265 4190 ex
2294 4129 2396 4190 hac
2423 4127 2541 4205 ejus
2569 4131 2835 4205 petitione
2863 4129 3147 4203 colligitur
3163 4130 3294 4204 quia
3313 4147 3442 4189 cum
3476 4131 3715 4189 sitiebat
3734 4147 3828 4204 per

2195 4221 2684 4296 incircumscriptus
2741 4229 2949 4278 naturae
3018 4238 3129 4278 suae
3189 4221 3504 4279 claritatem
3574 4237 3825 4288 cernere,

2195 4329 2358 4386 quem
2373 4308 2489 4384 jam
2517 4319 2755 4384 coeperat
2782 4329 2879 4385 per
2899 4310 3163 4386 quasdam
3191 4310 3467 4384 imagines
3499 4312 3727 4381 videre,
3770 4317 3829 4366 ut

2194 4404 2276 4462 sic
2302 4421 2540 4478 superna
2566 4404 2806 4461 essentia
2831 4403 3038 4460 mentis
3065 4402 3186 4476 ejus
3205 4403 3385 4461 oculis
3411 4402 3670 4472 adesset,
3701 4417 3829 4475 qua-

2195 4501 2356 4551 tenus
2383 4494 2433 4550 ei
2464 4493 2533 4550 ad
2561 4493 2885 4550 aeternitatis
2915 4493 3198 4549 visionem
3236 4492 3394 4549 nulla
3421 4491 3625 4566 imago
3655 4498 3836 4550 creata

2194 4583 2573 4658 temporaliter
2607 4583 2918 4639 interesset.
2956 4583 3032 4638 Et
3082 4581 3346 4638 viderunt
3373 4597 3510 4654 ergo
3531 4591 3726 4656 patres
3745 4588 3834 4636 te—

2199 4671 2457 4731 stamenti
2487 4672 2689 4730 veteris
2717 4671 3056 4742 Dominum,
3087 4679 3142 4728 et
3167 4679 3378 4740 tamen,
3402 4671 3581 4745 juxta
3602 4669 3835 4729 Joannis

2198 4781 2392 4823 vocem
2417 4765 2618 4822 :Deum
2645 4781 2794 4819 nemo
2817 4763 2954 4819 vidit
2972 4780 3210 4834 unquam
3224 4763 3289 4834 (Ι
3312 4763 3472 4820 Joan.
3498 4781 3589 4832 IV,
3623 4765 3750 4834 i2);
3784 4768 3835 4816 et

2193 4854 2357 4928 juxta
2383 4853 2527 4910 beati
2556 4853 2659 4910 Job
2687 4852 3040 4923 sententiam,
3065 4852 3339 4925 sapientia
3383 4868 3510 4926 quae
3541 4853 3704 4910 Deus
3733 4860 3836 4917 est,

2199 4941 2518 5001 abscondita
2542 4951 2625 5000 est
2652 4941 2720 5000 ab
2738 4941 2917 5000 oculis
2945 4940 3198 4999 omnium
3227 4938 3576 5010 viventium,
3610 4939 3749 5016 quia
3779 4941 3832 4996 in

2200 5035 2304 5095 hac
2319 5035 2539 5094 mortali
2566 5053 2731 5094 carne
2750 5033 3209 5104 consistentibus,
3229 5041 3285 5091 et
3305 5033 3487 5090 videri
3512 5033 3715 5106 potuit
3742 5047 3838 5105 per

2199 5122 2463 5201 quasdam
2500 5127 2948 5200 circumscriptus
2974 5125 3266 5198 imagines,
3297 5132 3352 5181 et
3375 5121 3564 5179 videri
3589 5138 3714 5180 non
3745 5138 3837 5195 po-

2199 5218 2308 5277 tuit
2333 5234 2431 5293 per
2457 5215 2998 5290 incircumscriptum
3027 5215 3216 5272 lumen
3243 5208 3605 5272 aeternitatis.

2272 5437 2294 5472 ⁴
2332 5436 2453 5504 Duo
2480 5433 2653 5492 Laud.
2677 5442 2733 5504 et
2760 5433 2975 5503 Germ.,
3000 5430 3192 5498 veniet,
3219 5437 3274 5486 et
3301 5429 3381 5487 ita
3418 5426 3732 5504 deinceps.

2271 5506 2293 5542 ⁵
2333 5502 2491 5575 Vid.,
2520 5505 2634 5576 ejus
2660 5503 2792 5562 vita.

2271 5579 2294 5614 ⁸
2333 5579 2361 5633 1
2393 5577 2592 5646 Laud.,
2619 5577 2914 5632 enarravit.

2271 5651 2292 5685 ⁷
2329 5650 2519 5727 Norm.
2564 5641 2621 5727 et
2647 5648 2822 5727 _Corb:
2845 5647 3093 5727 .Germ.,_
3118 5643 3432 5727 loquitur";
3466 5641 3550 5700 ad
3594 5645 3842 5727 amicum

2198 5737 2374 5788 suum,
2396 5721 2443 5775 ei
2467 5721 2526 5775 in
2554 5720 2684 5791 ipsis
2712 5718 2882 5791 verbis
2909 5735 3020 5774 sua:
3044 5713 3360 5773 claritatem.
3392 5713 3626 5784 Germ.,
3663 5714 3839 5788 loqui-

2202 5798 2355 5849 tur...
2389 5793 2434 5848 ei
2463 5793 2518 5847 in
2537 5790 2654 5862 ipsa
2669 5790 2852 5846 verba.
