3946 6370
203 434 265 499 93
981 431 1355 491 MORALIUM
1392 428 1529 494 LIB.
1568 427 1773 494 XVIII.
1812 462 1883 479 -—
1920 430 2150 495 CAPUT
2186 432 2425 497 XXVIII
2462 439 2524 496 B.
2564 440 2708 498 JOB.
3423 442 3495 504 st

268 554 390 636 [νεα.
439 553 781 630 χχχνιιι]
812 553 903 612 89.
935 553 1031 612 Sin
1063 567 1193 612 vero
1232 568 1263 612 a
1291 556 1620 629 quibusdam
1668 571 1779 631 po-

1901 556 2056 617 licit:
2090 558 2245 620 Nunc
2282 558 2520 618 videmus
2540 577 2640 636 per
2676 563 2942 637 speculum
2966 567 3021 622 in
3050 567 3341 642 (enigmate,
3375 575 3496 628 tunc

205 656 295 708 test
316 648 369 704 in
395 643 498 702 hac
524 643 710 702 adhuc
738 649 877 709 601
912 644 1264 718 corruptibili
1294 658 1458 703 carne
1490 648 1509 681 ί
1539 646 1777 703 viventi-

200 749 308 816 bus,
335 743 424 803 sed
469 748 657 800 tamen
704 743 1084 802 inaestimabili
1122 743 1329 801 virtute
1384 744 1774 818 crescentibus,

199 835 412 913 quodam
441 834 925 907 contemplationis
944 835 1199 892 acumine
1219 842 1423 891 aeterna
1442 835 1541 892 Dei
1559 834 1778 895 claritas

196 925 381 992 videri;
413 923 520 981 hoc
547 937 767 999 quoque
795 938 827 981 a
854 925 1002 982 beati
1016 925 1118 982 Job
1134 924 1409 983 sententia
1435 940 1549 983 non
1578 923 1776 984 abhor-

196 1020 286 1083 ret,
313 1005 403 1086 qui
431 1010 509 1068 sit
542 1025 553 1068 :
586 1010 908 1069 Abscondita
935 1016 1011 1069 est
1036 1013 1101 1070 ab
1130 1014 1299 1070 oculis
1325 1013 1560 1071 manium
1588 1015 1778 1072 cicen-

197 1104 346 1167 tium;
373 1100 633 1174 quoniam
663 1100 916 1175 quisquis
952 1102 1299 1176 sapientiam,
1332 1116 1453 1177 quas
1480 1102 1628 1162 Deus
1671 1110 1775 1176 est,

194 1192 351 1261 videt,
371 1190 502 1248 huic
528 1191 659 1248 vitae
679 1190 933 1249 funditus
954 1193 1213 1263 moritur,
1234 1208 1303 1250 ne
1315 1192 1430 1267 jam
1453 1194 1574 1269 ejus
1592 1210 1778 1254 amore

193 1288 439 1339 teneatur.
472 1280 671 1337 Nullus
698 1282 901 1355 quippe
922 1297 1041 1339 eam
1073 1283 1239 1353 vidit,
1262 1284 1359 1358 qui
1380 1284 1561 1344 adhuc
1591 1300 1777 1345 cama-

194 1372 309 1429 liter
332 1371 491 1441 vivit,
523 1372 654 1445 quia
683 1383 845 1430 nemo
868 1378 1047 1446 potest
1066 1374 1242 1431 Deum
1264 1375 1431 1433 simul
1451 1378 1707 1450 amplecti
1725 1384 1779 1434 et

191 1463 459 1520 malum.
492 1460 601 1529 Qui
632 1461 782 1518 enim
812 1464 988 1519 Deum
1039 1463 1212 1533 videt,
1245 1477 1309 1522 eo
1357 1465 1478 1539 ipso
1520 1468 1777 1539 moritur,

190 1566 291 1628 quo
316 1552 399 1608 vel
429 1551 741 1608 intentione
769 1552 974 1622 cordis,
993 1554 1080 1610 vel
1099 1553 1295 1613 effectu
1315 1556 1496 1630 operis
1517 1557 1585 1615 ab
1614 1554 1780 1632 hujus

186 1642 309 1699 vita;
347 1640 802 1698 delectationibus
854 1645 971 1698 tota
1026 1648 1209 1700 mente
1265 1654 1565 1719 separatur.
1623 1647 1780 1705 Unde

186 1730 360 1789 adhuc
396 1731 469 1787 ad
512 1730 765 1787 eumdem
821 1744 1041 1806 quoque
1084 1734 1313 1808 Moysen
1361 1732 1570 1793 dicitur
1615 1751 1626 1793 :
1660 1737 1781 1794 Non

184 1822 313 1879 enim
337 1820 528 1877 uidebit
551 1833 632 1877 me
658 1822 832 1890 homo,
864 1828 912 1877 et
937 1822 1075 1878 vivet
1094 1824 1297 1895 (Exod.
1320 1838 1526 1895 XXXIII,
1548 1826 1667 1898 20).
1699 1824 1782 1883 Ac

184 1910 227 1967 si
245 1919 421 1986 aperte
446 1911 730 1969 diceretur
760 1926 773 1968 :
802 1912 1000 1969 Nullus
1026 1928 1269 1987 unquam
1299 1917 1474 1972 Deum
1501 1916 1783 1988 spiritali-

184 2008 262 2058 ter
301 2001 476 2071 videt,
506 2009 562 2058 et
601 2002 812 2059 mundo
866 2003 1163 2059 carnaliter
1191 2003 1355 2061 vivit.
1394 2001 1550 2062 Unde
1576 2006 1782 2062 Paulus

185 2104 388 2166 quoque
404 2092 711 2167 apostolus,
728 2091 824 2167 qui
839 2092 1023 2151 adhuc
1036 2094 1138 2161 Dei
1154 2092 1486 2164 invisibilia,
1503 2096 1647 2153 sicut
1666 2097 1782 2169 ipse

183 2184 420 2251 testatur,
447 2196 525 2237 ex
563 2188 718 2253 parte
745 2189 1079 2254 cognoverat
1115 2183 1180 2255 (Ι
1216 2183 1341 2239 Cor.
1374 2196 1500 2251 xm,
1525 2184 1642 2255 12),
1664 2183 1781 2256 jam

183 2265 305 2326 huic
329 2267 548 2325 mundo
574 2275 753 2325 totum
782 2281 839 2325 se
860 2276 1144 2326 mortuum
1172 2284 1287 2327 esse
1316 2270 1669 2343 perhibebat,
1699 2271 1783 2328 di-

181 2376 331 2423 cens:
360 2364 507 2423 Mihi
531 2363 763 2422 mundus
781 2367 1074 2440 cruciﬁxus
1101 2373 1197 2433 est,
1225 2372 1273 2424 et
1295 2383 1384 2440 ego
1413 2370 1610 2425 mundo
1638 2370 1784 2440 (Ga-

184 2456 268 2513 lat.
296 2473 376 2525 vr,
407 2454 534 2528 14).
565 2455 720 2514 Sicut
747 2456 896 2514 enim
919 2456 1035 2530 jam
1054 2458 1214 2531 longe
1232 2457 1486 2532 superius
1514 2458 1781 2530 diximus,

182 2562 281 2602 non
327 2546 538 2603 suiiicit
588 2554 651 2603 ut
706 2546 936 2617 diceret,
966 2548 1168 2607 Mundo
1197 2548 1487 2623 crucifixus
1506 2565 1644 2619 sum,
1674 2548 1783 2605 nisi

182 2636 335 2692 etiam
355 2636 744 2708 praemitteret,
761 2637 897 2695 Mihi
914 2638 1144 2694 mundus
1165 2639 1456 2712 cruciﬁxus
1476 2646 1571 2708 est,
1588 2646 1651 2695 ut
1671 2655 1785 2695 non

182 2723 349 2781 solum
379 2740 440 2782 se
470 2725 686 2781 mundo
713 2732 1021 2795 mortuum,
1050 2727 1148 2784 sed
1176 2728 1343 2784 etiam
1374 2728 1645 2785 mundum
1674 2724 1782 2783 sibi

177 2821 451 2871 mortuum
467 2829 588 2871 esse
607 2820 921 2884 testaretur,
939 2823 1211 2888 quatenus
1227 2830 1331 2874 nec
1353 2817 1468 2889 ipse
1490 2815 1784 2886 mundum,

180 2918 272 2960 nec
299 2904 492 2975 ipsum
516 2902 632 2974 jam
665 2901 909 2958 mundus
936 2910 1234 2974 appeteret.
1267 2904 1325 2960 Si
1354 2903 1503 2959 enim
1533 2902 1645 2959 duo
1675 2902 1784 2960 for-

176 2999 307 3048 tasse
336 2993 399 3048 in
431 3008 549 3047 uno
581 2992 702 3048 loco
723 2989 856 3059 sint,
879 3007 1117 3064 quorum
1138 3006 1284 3047 unus
1304 2990 1487 3059 vivus,
1506 2992 1643 3047 alter
1656 3007 1788 3047 vero

184 3082 250 3138 sit
275 3089 558 3150 mortuus,
589 3080 691 3136 etsi
722 3088 974 3137 mortuus
994 3080 1275 3135 viventem
1297 3095 1410 3135 non
1425 3080 1599 3149 videt,
1622 3080 1786 3135 vivus

181 3176 359 3225 tamen
410 3171 699 3224 mortuum
751 3166 924 3224 videt.
975 3165 1309 3223 Praedicator
1364 3170 1548 3223 autem
1596 3167 1697 3223 Dei
1726 3172 1789 3225 ut

184 3260 499 3317 ostenderet
528 3259 783 3354 quia-per
809 3257 1178 3330 abjectionem
1211 3273 1320 3331 qua
1348 3273 1404 3313 se
1434 3256 1786 3314 humiliando
1816 3294 1862 3354 Ω

182 3349 474 3423 dejecerat,
503 3349 633 3406 talis
665 3347 781 3422 jam
826 3348 1010 3405 factus
1035 3352 1197 3417 esset,
1228 3355 1292 3405 ut
1336 3360 1439 3405 nec
1465 3349 1584 3422 ipse
1614 3356 1790 3406 mun-

178 3438 329 3510 dum,
359 3456 467 3497 nec
507 3438 749 3495 mundus
773 3438 953 3511 ipsum
985 3437 1419 3511 concupisceret,
1451 3455 1563 3496 non
1608 3441 1789 3497 solum

177 3528 249 3586 ait
262 3544 319 3587 se
337 3528 553 3586 mundo
572 3526 924 3598 crucifixum,
942 3534 1004 3584 ut
1024 3526 1138 3601 ipse
1160 3526 1355 3584 mundi
1375 3525 1606 3602 gloriam
1625 3546 1790 3603 quam

176 3627 457 3693 appeteret
484 3626 749 3692 tanquam
778 3624 1036 3674 mortuus
1064 3633 1178 3674 non
1208 3615 1446 3687 videret,
1486 3616 1581 3675 sed
1623 3619 1791 3675 etiam

178 3711 452 3768 mundum
486 3709 593 3766 sibi
623 3709 857 3766 asseruit
885 3707 1242 3776 cruciﬁxum,
1273 3707 1332 3763 in
1389 3723 1500 3782 quo
1538 3716 1690 3765 tanta
1736 3726 1792 3766 se

178 3800 501 3859 humilitate
530 3799 820 3871 dejecerat,
842 3806 907 3855 ut
932 3802 987 3854 et
1015 3797 1129 3870 ipse
1158 3796 1402 3855 mundus
1430 3802 1695 3873 tanquam
1725 3794 1794 3856 ad

175 3905 295 3950 eum
357 3897 621 3948 mortuus
653 3889 887 3946 Paulum
920 3886 1189 3946 humilem
1245 3894 1411 3964 atque
1477 3885 1793 3964 despectum

171 3980 279 4054 jam
310 3979 514 4037 videre
543 3991 887 4054 nequaquam
918 3984 1123 4052 posset.

237 4074 332 4132 90.
357 4070 707 4143 Refelluntur
729 4068 823 4142 qui
849 4068 1018 4126 Deum
1045 4086 1081 4125 a
1108 4066 1271 4125 beatis
1290 4066 1463 4125 videri
1498 4073 1704 4125 tantum
1738 4066 1796 4124 in

179 4160 443 4230 claritate,
476 4158 669 4215 nonin
697 4175 797 4215 sua
840 4164 1040 4216 natura
1075 4163 1342 4217 assertmt.
1383 4188 1454 4202 --
1495 4157 1794 4217 Sciendum

180 4262 306 4308 vero
364 4256 451 4307 est
493 4248 643 4323 quod
698 4248 851 4305 fuere
906 4246 1165 4306 nonnulli
1212 4246 1309 4324 qui
1337 4246 1514 4306 Deum
1548 4246 1797 4306 dicerent

181 4339 338 4397 etiam
369 4341 431 4397 in
465 4338 564 4396 illa
584 4338 805 4412 regione
833 4336 1273 4397 beatitudinisin
1293 4336 1542 4397 claritate
1571 4336 1795 4415 quidem

183 4442 275 4486 sua
302 4427 582 4503 conspici,
610 4428 705 4486 sed
737 4428 794 4485 in
826 4436 1022 4487 natura
1049 4425 1279 4486 minime
1309 4430 1507 4488 videri.
1529 4429 1677 4500 Quos
1704 4427 1795 4486 ni-

185 4520 384 4578 mirum
417 4518 609 4578 minor
637 4516 1022 4594 inquisitionis
1048 4517 1330 4577 subtilitas
1357 4518 1577 4579 fefellit.
1606 4519 1795 4595 Neque

185 4613 327 4670 enim
358 4610 446 4670 illi
478 4609 725 4686 simplici
744 4621 798 4668 et
815 4608 1262 4669 incommutabili
1280 4609 1530 4669 essentia;
1548 4610 1700 4669 aliud
1715 4620 1796 4670 est

187 4701 403 4761 claritas
430 4707 491 4760 et
517 4699 670 4759 aliud
686 4710 906 4770 natura,
927 4702 1023 4759 sed
1043 4702 1160 4776 ipsa
1188 4697 1238 4757 ei
1268 4708 1466 4758 natura
1498 4716 1599 4759 sua
1624 4701 1801 4760 clari-

190 4798 286 4861 tas,
316 4793 439 4868 ipsa
468 4790 693 4851 claritas
720 4798 916 4851 natura
944 4798 1043 4850 est.
1077 4788 1217 4863 Quia
1245 4790 1395 4848 enim
1424 4790 1540 4850 suis
1568 4791 1801 4850 dilecto-

193 4878 343 4942 ribus
379 4880 507 4942 haec
537 4881 641 4941 Dei
670 4881 939 4958 sapientia
993 4897 1050 4940 se
1106 4880 1437 4957 quandoque
1466 4883 1799 4953 ostenderet,

197 4972 306 5046 ipse
338 4971 661 5048 pollicetur,
691 4971 882 5031 dicens
914 4989 926 5028 :
960 4968 1064 5041 Qui
1109 4968 1289 5043 diligit
1338 4987 1439 5036 me,
1470 4968 1724 5045 diligetur
1766 4988 1802 5030 a

196 5058 351 5120 Patre
375 5078 494 5121 meo
514 5080 536 5131 ;
578 5068 629 5118 et
671 5077 759 5135 ego
789 5060 1010 5133 diligam
1064 5075 1203 5127 eum,
1234 5062 1283 5115 et
1331 5057 1679 5131 manifestabo
1724 5076 1805 5118 me

193 5151 357 5224 ipsum
385 5154 478 5212 illi
498 5152 690 5229 (Joan.
724 5168 845 5224 XIv,
864 5150 985 5225 21).
1021 5151 1102 5208 Ac
1130 5147 1175 5207 si
1196 5156 1446 5223 patenter
1468 5148 1618 5209 dicat
1648 5166 1661 5207 :
1694 5149 1802 5221 Qui

193 5243 245 5298 in
286 5252 471 5302 vestra
529 5260 617 5301 me
645 5243 892 5313 cernitis,
924 5248 1094 5299 restat
1140 5248 1204 5299 ut
1249 5242 1308 5299 in
1337 5257 1459 5297 mea
1488 5256 1574 5298 me
1604 5250 1803 5300 natura

193 5330 439 5391 videatis.
485 5331 632 5390 Hinc
650 5348 844 5390 rursus
871 5331 950 5389 ait
982 5347 995 5389 :
1028 5328 1184 5388 Beati
1211 5331 1410 5386 mundo
1443 5329 1619 5397 corde,
1654 5345 1800 5402 quo—

72 5442 77 5457 ι
190 5422 331 5480 niam
346 5421 454 5497 ipsi
474 5422 645 5480 Deum
663 5422 910 5479 uidebunt
934 5420 1155 5495 (Matth.
1196 5437 1256 5487 v,
1286 5418 1370 5493 8).
1404 5418 1553 5485 Hinc,
1599 5418 1802 5478 Paulus

264 5622 281 5692 ξ
312 5620 584 5692 Vindoc.,
613 5618 1028 5692 consistentibus.

263 5690 285 5730 ³
315 5690 486 5753 Corb.
521 5686 707 5750 Germ.
739 5700 793 5750 et
822 5690 1060 5764 Beilov.,
1091 5686 1367 5750 discimus.

268 5767 290 5803 ³
320 5768 542 5837 Norm.,
572 5767 620 5820 si
647 5766 747 5821 sibi
774 5766 1047 5837 sententia.

273 5840 294 5873 ⁸
322 5833 546 5905 Norm.,
596 5838 891 5897 Videbimus
909 5836 1075 5908 igitur
1095 5838 1263 5893 Deum
1286 5837 1463 5908 ipsum
1520 5833 1802 5908 praemium

273 5854 294 5873 ο
322 5854 546 5905 Ivorm.,
601 5854 1075 5908 rtaemmustguur
1095 5854 1263 5893 usum
1286 5855 1306 5891 t
1346 5854 1463 5890 sum
1520 5854 1796 5906 prmtum

206 5906 416 5968 iubatis.
446 5911 481 5967 2
512 5909 713 5979 Laud.,
742 5908 911 5965 Deum
949 5909 1147 5980 ipsum,
1176 5854 1343 5979 quocf
1357 5907 1458 5963 erit
1492 5905 1796 5978 prmium.

1884 654 2059 706 autem
2085 647 2223 721 facie
2249 651 2321 707 ad
2347 647 2558 722 faciem.
2591 652 2744 711 Nunc
2784 669 3031 727 cognosco
3059 672 3124 713 ea:
3147 666 3323 730 parte,
3374 664 3496 717 tunc

1884 744 2059 795 autem
2073 754 2373 814 cognoscam
2394 739 2531 797 sicut
2550 745 2600 796 et
2611 741 2847 813 cognitus
2865 758 2982 798 sum
3001 742 3066 815 (Ι
3086 743 3211 803 Cor.
3230 761 3356 814 XIII,
3376 746 3489 821 12).

1958 826 2097 903 [γει.
2129 828 2408 906 XXXIX]
2454 830 2543 888 91.
2588 829 2929 902 Refelluntur
2955 838 3005 889 et
3031 831 3125 906 qui
3162 836 3373 907 angelos
3402 837 3496 892 di-

1884 913 2023 974 vina:
2036 916 2254 975 visionis
2267 912 2504 992 expertes
2518 920 2803 978 somniant.
2820 951 2892 965 —
2912 918 3018 980 Sed
3038 922 3169 996 quia
3183 917 3252 980 de
3268 923 3381 980 Deo
3400 940 3497 998 per

1885 1006 2129 1082 primum
2173 1007 2433 1067 Ecclesiae
2481 1006 2894 1084 praedicatorem
2949 1011 3188 1071 dicitur:
3240 1011 3307 1071 In
3346 1030 3497 1087 quem

1886 1097 2190 1159 desiderant
2213 1100 2390 1176 angeli
2413 1103 2721 1177 prospicere
2746 1104 2814 1176 (Ι
2835 1104 2948 1163 Pet.
2982 1119 3024 1176 ι,
3058 1106 3173 1180 12),
3205 1115 3335 1165 sunt
3361 1122 3496 1164 non-

1885 1190 2029 1249 nulli
2058 1191 2154 1268 qui
2184 1206 2532 1269 nequaquam
2557 1196 2734 1252 Deum
2763 1190 2952 1253 videre
2967 1195 3057 1252 vel
3077 1196 3302 1270 angelos
3322 1198 3497 1271 suspi-

1886 1291 2103 1353 cantur,
2147 1292 2203 1341 et
2248 1291 2433 1342 tamen
2462 1280 2673 1343 dictum
2701 1300 2800 1360 per
2825 1284 3093 1346 Veritatis
3121 1287 3450 1345 sententiam
3474 1288 3498 1324 ³

1886 1371 2128 1431 scimus:
2177 1372 2369 1447 Angeli
2406 1390 2589 1432 eorum
2616 1373 2673 1431 in
2701 1376 2841 1433 caelis
2870 1391 3074 1449 semper
3101 1377 3282 1433 vident
3305 1375 3499 1449 faciem

1886 1461 2073 1520 Patris
2098 1463 2201 1519 mei
2217 1460 2385 1535 quiin
2412 1461 2552 1521 cretis
2570 1468 2644 1520 est
2662 1461 2875 1538 (Matth.
2894 1480 3062 1534 xvm,
3088 1462 3202 1538 10).
3235 1462 3501 1538 Nunquid

1887 1566 2016 1625 ergo
2035 1550 2187 1609 aliud
2215 1553 2441 1625 veritas,
2463 1548 2615 1610 aliud
2632 1552 2959 1627 praedicator
2976 1554 3199 1611 insonat
3215 1552 3500 1612 veritatis?
3584 1566 3595 1577 '

1888 1642 1993 1702 Sed
2023 1644 2047 1683 ³
2091 1644 2139 1700 si
2188 1645 2459 1701 sententia
2497 1648 2731 1717 utraque
2765 1642 3067 1714 confertur,
3099 1641 3228 1719 quia
3254 1642 3361 1702 sibi
3390 1659 3500 1702 ne-

1888 1747 2161 1807 quaquam
2209 1730 2486 1789 discordet
2531 1734 2866 1805 agnoscitur.
2916 1734 3091 1789 Deum
3122 1735 3268 1797 602
3297 1730 3499 1807 quippe

1888 1832 2068 1905 angeli
2097 1836 2151 1888 et
2180 1826 2395 1899 vident,
2424 1834 2479 1886 et
2506 1825 2695 1886 videre
2724 1824 3077 1898 desiderant;
3111 1835 3165 1886 et
3193 1826 3392 1887 sitiunt
3420 1829 3500 1888 in-

1811 1932 1858 1992 Β
1887 1922 2031 1978 tueri
2062 1926 2116 1978 et
2145 1921 2452 1978 intuentur.
2484 1919 2541 1979 Si
2571 1919 2722 1978 enim
2750 1918 2832 1978 sic
2860 1918 3048 1977 videre
3092 1916 3409 1978 desiderant
3441 1931 3504 1979 ut

1888 2012 2085 2070 effectu
2112 2009 2198 2069 sui
2228 2010 2487 2069 desiderii
2510 2008 2740 2069 minime
2761 2009 3137 2085 perfruantur,
3168 2008 3503 2070 desiderium

1890 2101 2009 2159 sine
2052 2098 2239 2159 fructu
2280 2100 2618 2158 anxietatem
2662 2098 2847 2171 habet,
2878 2104 2933 2157 et
2972 2097 3223 2158 anxietas
3262 2116 3501 2173 pennam.

1890 2192 2042 2249 Beati
2061 2208 2192 2249 vero
2212 2190 2391 2266 angeli
2412 2190 2481 2249 ab
2501 2190 2657 2249 omni
2678 2207 2841 2265 poena
2858 2189 3157 2247 anxietatis
3174 2186 3336 2263 longe
3350 2198 3505 2259 sunt,

1891 2280 2021 2355 quia
2050 2297 2337 2355 nunquam
2366 2279 2534 2338 simul
2565 2297 2727 2355 poena
2751 2288 2807 2337 et
2833 2276 3120 2336 beatitudo
3139 2276 3502 2337 conveniunt.

1890 2372 2131 2428 Rursum
2162 2387 2289 2428 cum
2315 2388 2408 2427 eos
2428 2371 2669 2428 dicimus
2688 2366 2788 2427 Dei
2817 2364 3032 2426 visione
3062 2365 3273 2437 satiari,
3295 2365 3425 2442 quia
3454 2374 3508 2422 et

1892 2456 2183 2517 Psalmista
2202 2456 2280 2516 ait
2300 2474 2312 2517 :
2341 2456 2593 2517 Satiabor
2612 2456 2739 2515 dum
2760 2456 3193 2530 manifestabitur
3211 2454 3388 2529 gloria
3414 2461 3507 2510 tua

1896 2547 2071 2623 (Psal.
2125 2563 2247 2620 xvr,
2300 2548 2418 2623 15),
2447 2538 2911 2606 considerandum
2942 2544 3105 2604 nobis
3132 2550 3215 2603 est
3243 2543 3504 2620 quoniam

1893 2639 2200 2696 satietatem
2230 2639 2369 2695 solet
2386 2638 2671 2695 fastidium
2694 2637 2975 2711 subsequi.
2991 2636 3063 2693 Ut
3088 2652 3217 2708 ergo
3237 2641 3384 2691 recte
3400 2633 3507 2689 sibi

1894 2736 2126 2802 utraque
2174 2728 2533 2797 conveniant,
2578 2727 2728 2785 dicat
2753 2727 2988 2783 veritas:
3025 2726 3165 2795 Quia
3192 2739 3393 2797 semper
3419 2724 3511 2779 ui—

1895 2817 2054 2883 dent;
2082 2813 2230 2874 dicat
2259 2816 2589 2890 praedicator
2621 2814 2902 2890 egregius:
2937 2812 3077 2884 Quia
3105 2828 3307 2886 semper
3334 2809 3511 2867 videre

1897 2906 2219 2962 desiderant.
2250 2908 2329 2962 Ne
2357 2906 2507 2963 enim
2536 2907 2611 2964 sit
2647 2906 2706 2962 in
2752 2906 3027 2963 desiderio
3054 2904 3326 2973 anxietas,
3354 2898 3513 2960 desi-

1897 2990 2155 3051 derantes
2208 2996 2513 3063 satiantur;
2559 3011 2631 3052 ne
2657 3003 2845 3053 autem
2874 2997 2950 3053 sit
2977 2998 3038 3053 in
3064 2997 3318 3053 satietate
3344 2994 3513 3051 fasti-

1897 3084 2077 3152 dium,
2126 3083 2307 3140 satiati
2352 3082 2689 3140 desiderant.
2736 3085 2809 3139 Et
2836 3083 3150 3140 desiderant
3179 3083 3351 3155 igitur
3391 3081 3511 3137 sine

1897 3168 2105 3242 labore,
2123 3170 2254 3246 quia
2274 3169 2611 3228 desiderium
2632 3172 2854 3228 satietas
2873 3171 3204 3237 comitatur;
3236 3177 3291 3225 et
3311 3167 3511 3225 satian-

1896 3272 1991 3321 tur
2010 3264 2128 3320 sine
2147 3263 2395 3331 fastidio,
2414 3263 2543 3335 quia
2563 3263 2681 3335 ipsa
2701 3262 2924 3318 satietas
2952 3277 3025 3317 ex
3053 3258 3331 3315 desiderio
3358 3275 3515 3315 sem-

1898 3369 1994 3429 per
2021 3349 2361 3410 accenditur.
2394 3348 2487 3407 Sic
2514 3363 2737 3423 quoque
2759 3357 2815 3407 et
2835 3366 2937 3406 nos
2964 3351 3171 3406 erimus
3200 3347 3421 3422 quando
3445 3346 3514 3404 ad

1898 3444 2082 3517 ipsum
2112 3442 2323 3498 fontem
2354 3440 2485 3497 vitae
2514 3438 2852 3496 venerimus.
2876 3439 3000 3495 Erit
3019 3439 3183 3496 nobis
3222 3437 3514 3496 delectabi-

1898 3534 2026 3591 liter
2067 3532 2334 3606 impressa
2357 3529 2503 3594 .sitis
2544 3529 2712 3587 simul
2754 3536 2918 3603 atque
2947 3529 3189 3587 satietas.
3221 3527 3328 3587 Sed
3356 3527 3516 3601 longe

1899 3623 2054 3681 abest
2082 3624 2151 3681 ab
2180 3624 2286 3680 ista
2322 3623 2414 3679 siti
2444 3621 2762 3697 necessitas,
2801 3621 2964 3693 longe
3002 3636 3035 3676 a
3062 3619 3315 3677 satietate
3350 3618 3518 3676 fasti-

1901 3714 2079 3782 dium,
2110 3712 2240 3788 quia
2268 3720 2322 3768 et
2367 3711 2619 3768 sitientes
2645 3709 2993 3780 satiabimur,
3025 3716 3079 3765 et
3124 3707 3309 3765 satiati
3354 3707 3520 3764 sitie-

1902 3815 2045 3860 mus.
2070 3802 2093 3839 δ
2123 3797 2453 3859 Videbimus
2484 3796 2654 3873 igitur
2681 3800 2881 3868 Deum,
2912 3794 3205 3872 ipsumque
3232 3797 3340 3853 erit
3367 3808 3520 3875 prse-

1903 3890 2079 3950 mium
2131 3886 2339 3949 laboris
2393 3889 2594 3960 nostri,
2649 3897 2713 3947 ut
2765 3896 2892 3964 post
2946 3883 3307 3945 mortalitatis
3351 3881 3521 3960 hujus

1901 3978 2178 4050 tenebras,
2209 3978 2232 4017 ⁸
2264 3992 2479 4038 accessa
2507 3978 2627 4051 ejus
2653 3977 2777 4035 luce
2804 3975 3159 4050 gaudeamus.
3216 4003 3225 4009 -

1971 4073 2063 4131 92.
2101 4072 2216 4140 Quo
2245 4086 2401 4127 sensu
2426 4069 2569 4127 Deus
2601 4068 2766 4125 lucem
2783 4066 2980 4123 habitet
2998 4063 3426 4122 inaccessibilem.
3449 4095 3522 4109 —

1904 4162 2011 4220 Sed
2056 4176 2183 4220 cum
2239 4156 2367 4233 ejus
2408 4158 2589 4217 lucem
2638 4156 2880 4215 dicimus
2908 4156 2931 4195 δ
2973 4166 3269 4226 accessam,
3300 4151 3523 4213 obsistit

1905 4250 2093 4309 animo
2122 4248 2270 4325 quod
2297 4247 2503 4306 Paulus
2531 4244 2707 4305 dicit:
2746 4246 2851 4316 Qui
2882 4246 3046 4303 lucem
3066 4243 3273 4302 habitat
3296 4246 3520 4301 inacces-

1904 4340 2130 4410 sibilem,
2176 4357 2330 4413 quem
2370 4336 2505 4395 vidit
2548 4337 2736 4395 nullus
2782 4336 3075 4404 hominum,
3115 4335 3205 4393 sed
3231 4350 3322 4392 nec
3348 4333 3525 4391 cidere

1900 4435 2071 4506 potest
2100 4429 2161 4504 (Ι
2179 4429 2316 4488 Tim.
2338 4444 2423 4498 vr,
2443 4427 2556 4501 16).
2581 4426 2654 4484 Et
2683 4441 2904 4483 rursum
2926 4422 3094 4483 audio
3116 4422 3265 4500 quod
3283 4422 3527 4483 Psalmi-

1908 4529 1990 4579 sta
2005 4521 2083 4579 ait
2102 4539 2113 4578 :
2137 4519 2376 4577 Accedite
2390 4517 2463 4575 ad
2477 4534 2618 4585 eum,
2633 4524 2682 4574 et
2706 4513 3091 4573 illuminamini
3114 4514 3289 4589 (Psal.
3311 4529 3521 4584 χχχιιι,

1908 4612 1988 4686 6).
2016 4610 2305 4680 Quomodo
2334 4623 2463 4681 ergo
2492 4602 2804 4665 accedendo
2833 4603 3241 4675 illuminamur,
3272 4602 3319 4662 si
3348 4604 3523 4678 ipsam

1833 4664 1882 4723 Β
1909 4664 2087 4758 lucem
2110 4716 2217 4773 qua
2233 4664 2541 4755 illuminari
2558 4711 2854 4770 possumus
2871 4709 2985 4753 non
3002 4696 3259 4752 videmus
3272 4695 3302 4752 ‘l
3321 4694 3377 4751 Si
3396 4710 3526 4750 vero

1910 4787 2219 4848 accedendo
2236 4788 2304 4844 ad
2325 4800 2452 4844 eum
2482 4782 2659 4859 ipsam
2689 4801 2798 4859 qua
2818 4785 3207 4841 illuminamur
3226 4781 3406 4839 lucem
3435 4780 3516 4835 vi-

1911 4880 2126 4948 demus,
2152 4878 2431 4952 quomodo
2453 4875 2853 4934 inaccessibilis
2881 4892 2997 4931 esse
3026 4873 3347 4947 perhibetur
3363 4871 3391 4927 ?
3409 4868 3527 4937 Qua

1910 4973 1970 5029 in
2000 4967 2404 5044 repensandum
2444 4973 2527 5023 est
2564 4962 2714 5040 quod
2745 4962 3183 5023 inaccessibilem
3206 4960 3353 5019 dixit
3379 4962 3399 4995 ⁷
3430 4958 3526 5015 sed

1911 5058 2065 5116 omni
2094 5057 2309 5115 homini
2338 5056 2583 5113 humana
2615 5054 2870 5128 sapienti.
2903 5052 3189 5127 Scriptura
3212 5050 3416 5123 quippe
3444 5062 3527 5105 sa-

1910 5164 2004 5208 cra
2020 5164 2210 5206 omnes
2238 5145 2545 5207 carnalium
2566 5152 2882 5213 sectatores,
2903 5136 3269 5200 humanitatis
3296 5137 3527 5196 nomine

1911 5246 2101 5297 notare
2145 5237 2302 5297 solet.
2355 5233 2513 5295 Unde
2553 5230 2728 5292 isdem
2759 5229 3039 5304 apostolus
3069 5224 3403 5303 quibusdam
3431 5226 3530 5285 di-

1910 5326 2293 5388 scordantibus
2342 5324 2512 5384 dicit:
2569 5324 2703 5380 Cum
2730 5318 2870 5375 enim
2895 5318 2966 5375 sit
3009 5317 3152 5374 inter
3177 5334 3271 5375 eos
3299 5316 3449 5375 zelus
3483 5324 3532 5374 et

1909 5419 2190 5484 contentio,
2218 5430 2393 5471 nonne
2421 5410 2665 5469 carnales
2692 5407 2838 5476 estis,
2867 5413 2918 5466 et
2940 5409 3229 5465 secundum
3265 5406 3529 5466 honlinem

1984 5617 2006 5652 ⁵
2051 5616 2076 5672 1
2108 5610 2309 5682 Laud.,
2338 5622 2575 5667 accensa.

1983 5688 2006 5724 ⁸
2044 5686 2219 5756 Idem,
2266 5696 2555 5756 accensam,

1982 5762 2003 5797 ⁷
2046 5748 2259 5824 Gerni.,
2289 5756 2381 5811 sed
2406 5750 2552 5809 omni
2578 5751 2812 5819 homini;
2844 5754 2935 5809 sed
2961 5753 3216 5824 humana.
3250 5748 3441 5805 Norm.
3473 5753 3531 5802 et

1910 5830 2074 5889 Corb.
2124 5821 2336 5896 Germ.,
2386 5825 2476 5881 sed
2517 5824 3018 5896 honuni;_homini,
3048 5821 3397 5896 sedhumatsa
3425 5832 3531 5873 sa-

1908 5903 2093 5975 pienti.
2130 5902 2157 5957 1
2191 5889 2392 5968 Laud.,
2421 5896 2509 5954 sed
2538 5894 2739 5950 homini
2767 5889 3008 5952 humana,
3026 5889 3274 5963 sapienti.
