3946 6380
425 417 497 473 95
1635 404 1885 462 SANCTI
1924 404 2264 483 GBEGQRH
2301 401 2530 480 MAGNI
3659 404 3725 462 96

425 541 709 604 a-mbutatis
739 540 798 610 (Ι
815 540 938 596 Cor.
958 556 1044 607 ιιι,
1065 538 1121 611 3)
1141 538 1168 595 ?
1197 537 1411 605 Quibus
1435 537 1599 609 paulo
1619 542 1740 608 post
1761 533 1948 605 (Ibid.,
1964 531 2022 604 4)
2054 537 2107 597 Α
2132 532 2278 589 sicut
2289 531 2404 603 ipse
2418 530 2778 602 conspicitse,
2793 529 3058 585 sicutnon
3075 527 3153 583 ita
3178 526 3572 598 requiescimus
3586 534 3724 596 603

423 631 678 704 subjicit:
704 630 890 688 Nonne
916 628 1148 682 homines
1175 626 1297 682 estis
1313 628 1340 682 ?
1361 627 1432 680 Et
1461 624 1608 681 unde
1627 624 1763 679 alias
1777 620 2026 677 testimo-

423 723 579 778 nium
597 719 850 794 protulit,
869 717 1021 785 Quod
1039 718 1222 772 oculus
1239 733 1346 770 non
1361 715 1514 780 vidit,
1530 730 1619 768 nec
1631 711 1782 768 auris
1796 710 2025 776 audivit,

422 827 512 865 nec
531 809 590 865 in
608 826 701 864 cor
727 807 951 864 hominis
978 806 1213 861 ascendit
1231 822 1348 876 qua:
1369 801 1700 876 prteparavit
1717 801 1858 857 Deus
1885 800 2027 856 dili-

422 897 658 970 gentibus
671 913 724 952 se
745 896 802 967 (Ι
821 895 945 951 Cor.
970 911 1032 964 ιι,
1048 894 1130 965 9).
1152 894 1371 950 Etcum
1391 891 1498 948 hoc
1517 888 1838 946 hominibus
1856 887 2026 945 dixis-

423 996 505 1045 set
533 984 942 1054 absconditum,
968 1000 1102 1041 mox
1129 983 1408 1040 subdidit:
1446 985 1462 1019 ¹
1495 981 1658 1038 Nobis
1684 987 1860 1036 autem
1886 997 2027 1036 reve-

425 1078 556 1134 lavit
579 1077 720 1134 Deus
742 1092 842 1148 per
859 1073 1112 1146 spiritum
1131 1091 1286 1129 suum
1313 1072 1504 1146 (Ibid,
1529 1072 1618 1145 10)
1641 1090 1653 1139 ;
1679 1071 1859 1144 ipsum
1882 1086 1936 1126 se
1957 1070 2026 1127 ab

423 1165 668 1222 hominis
696 1163 986 1221 vocatione
1015 1162 1352 1230 discernens,
1383 1161 1478 1235 qui
1507 1168 1695 1234 raptus
1722 1175 1887 1233 supra
1915 1159 2027 1216 ho-

423 1255 627 1310 minem
658 1251 852 1310 divina
875 1251 991 1324 jam
1021 1257 1252 1326 saperet.
1285 1252 1368 1307 Ita
1405 1251 1572 1307 etiam
1603 1249 1711 1306 hoc
1738 1250 1860 1305 loco
1897 1264 2022 1305 cum

421 1344 600 1400 lucem
639 1341 739 1399 Dei
772 1339 1211 1398 inaccessibilem
1249 1338 1584 1412 perhiberet,
1615 1345 1676 1394 ut
1713 1335 2025 1393 ostenderet

422 1432 644 1506 quibus,
675 1430 954 1488 subdidit:
1003 1433 1164 1500 Quem
1213 1429 1348 1485 vidit
1390 1429 1574 1484 nullus
1614 1427 1904 1493 hominum,
1938 1427 2026 1481 sed

422 1540 512 1576 nec
550 1520 728 1576 videre
767 1525 956 1591 potest.
1003 1519 1152 1576 More
1193 1535 1296 1575 suo
1322 1517 1577 1574 homines
1603 1533 1806 1573 vocans
1834 1531 2025 1572 omnes

422 1610 665 1667 humana
692 1609 987 1682 sapientes,
1017 1609 1148 1681 quia
1177 1607 1273 1680 qui
1303 1607 1498 1664 divina
1541 1606 1784 1678 sapiunt,
1815 1604 2027 1661 videli-

421 1708 508 1756 cet
535 1714 702 1771 supra
728 1697 984 1752 homines
1012 1703 1161 1752 sunt.
1183 1695 1512 1752 Videbimus
1540 1695 1712 1765 igitur
1739 1695 1939 1763 Deum,
1978 1695 2022 1751 si

424 1803 524 1860 per
559 1783 837 1840 caelestem
875 1783 1351 1838 conversationem
1398 1797 1560 1854 supra
1603 1781 1860 1838 homines
1912 1799 2026 1839 esse

2136 629 2195 685 in
2223 631 2337 685 Deo
2366 626 2829 702 quemadmodum
2859 627 2974 698 ipse
3003 624 3299 698 requiescit
3318 623 3378 680 in
3397 641 3474 681 se.
3497 627 3630 685 Nam
3648 631 3725 686 vi-

2135 717 2218 774 sio
2247 725 2435 774 nostra
2461 717 2548 772 vel
2588 715 2801 789 requies
2829 715 2936 772 erit
2963 723 3243 788 utcunque
3306 714 3506 771 similis
3534 717 3727 775 visioni

2135 808 2222 864 vel
2251 807 2460 880 requiei
2491 806 2663 874 illius,
2693 805 2788 861 sed
2818 806 3046 878 aequalis
3077 821 3190 861 non
3209 804 3336 860 erit.
3374 805 3451 861 Ne
3479 806 3626 862 enim
3649 806 3722 880 ja-

2134 913 2355 954 ceamus
2383 896 2442 951 in
2457 895 2638 964 nobis,
2653 903 2714 952 ut
2735 895 2811 949 ita
2835 893 3040 962 dicam,
3063 893 3547 965 contemplationis
3569 899 3726 968 penni

2134 999 2236 1040 nos
2263 985 2535 1054 sublevat,
2551 992 2715 1058 atque
2730 1001 2762 1040 a
2777 984 2937 1040 nobis
2956 983 3025 1039 ad
3045 983 3205 1039 illum
3225 983 3491 1054 erigimur
3517 985 3725 1042 intuen-

2133 1077 2290 1144 dum,
2321 1075 2571 1148 raptique
2600 1074 2906 1131 intentione
2935 1073 3143 1141 cordis,
3173 1081 3227 1128 et
3255 1073 3546 1130 dulcedine
3586 1092 3730 1133 con-

2134 1167 2530 1240 templationis,
2561 1167 2748 1240 aliquo
2779 1164 2946 1221 modo
2965 1182 2997 1220 a
3022 1164 3184 1220 nobis
3204 1163 3350 1220 imus
3370 1165 3428 1220 in
3451 1165 3652 1238 ipsum,
3674 1177 3724 1224 et

2128 1259 2245 1332 jam
2277 1257 2383 1313 hoc
2422 1257 2603 1329 ipsum
2625 1255 2705 1311 ire
2725 1263 2978 1311 nostrum
3003 1253 3186 1309 minus
3204 1260 3286 1308 est
3301 1253 3670 1326 requiescere,
3683 1265 3733 1312 et

2133 1359 2318 1407 tamen
2375 1349 2456 1405 sic
2500 1348 2580 1402 ire
2635 1347 2872 1420 perfecte
2900 1345 3240 1418 requiescere
3269 1353 3370 1400 est.
3403 1347 3476 1401 Et
3505 1347 3733 1418 perfecta

2134 1457 2262 1512 ergo
2292 1438 2508 1510 requies
2532 1443 2634 1504 est,
2656 1438 2677 1472 ³
2699 1436 2829 1508 quia
2858 1434 3293 1501 Deuscernitur;
3318 1443 3374 1490 et
3393 1442 3578 1491 tamen
3601 1435 3731 1492 adae-

2134 1527 2352 1603 quanda
2380 1541 2492 1580 non
2521 1532 2602 1579 est
2626 1523 2834 1598 requiei
2866 1522 3040 1591 illius,
3079 1523 3176 1595 qui
3203 1539 3315 1578 non
3335 1539 3368 1578 a
3397 1539 3454 1578 se
3483 1523 3540 1578 in
3569 1524 3732 1579 alium

2134 1617 2332 1676 transit
2359 1621 2506 1679 604
2533 1622 2595 1670 ut
2623 1614 2884 1687 quiescat.
2917 1614 3016 1668 Est
3058 1613 3240 1686 itaque
3282 1614 3522 1687 requies,
3558 1621 3621 1669 ut
3663 1615 3734 1669 ita

2135 1713 2718 1786 dicam,similisatque
2734 1709 3182 1783 dissimilis,quia
3195 1711 3344 1783 quod
3357 1711 3513 1767 illius
3525 1711 3734 1784 requies

2135 1813 2236 1874 est,
2250 1804 2358 1861 hoc
2371 1811 2561 1858 nostra
2579 1801 2849 1857 imitatur.
2864 1799 3002 1855 Nam
3023 1807 3084 1854 ut
3101 1797 3245 1854 beati
3263 1807 3430 1872 atque
3450 1799 3639 1854 aeterni
3655 1799 3735 1854 si-

424 1887 752 1964 mtrem“?
784 1871 894 1928 Nec
920 1877 1104 1964 tamen
1238 1869 1720 1964 νίάίῗξ),ί¹¹¹¹¹⁵,⁸ίί⁰¹¹ί
1741 1869 1893 1926 Videt
1913 1870 2027 1943 ipse
2063 1903 2106 1962 Β
2134 1913 2257 1953 mus
2275 1897 2332 1951 in
2349 1903 2638 1962 aeternum,
2656 1893 2942 1948 imitamur
2956 1900 3243 1948 aeternum.
3267 1869 3559 1964 Et‘magna
3578 1889 3734 1946 nobis

424 1962 688 2035 seipsum.
718 1961 905 2034 Longe
933 1960 1134 2034 quippe
1162 1959 1500 2033 dispariliter
1520 1959 1672 2016 videt
1699 1968 1910 2016 creator
1947 1976 2024 2029 se,

425 2066 589 2125 quam
619 2048 772 2106 videt
813 2055 1066 2107 creatura
1110 2056 1433 2107 creatorem.
1477 2049 1613 2106 Nam
1661 2057 1928 2122 quantum
1957 2048 2027 2104 ad

424 2139 854 2197 immensitatem
883 2139 1007 2208 Dei,
1025 2138 1248 2213 quidam
1277 2137 1438 2195 nobis
1465 2138 1662 2195 modus
1691 2137 1881 2210 ﬁgitur
1899 2155 2025 2196 con-

423 2229 822 2302 templationis,
866 2227 998 2302 quia
1051 2243 1117 2286 eo
1159 2227 1278 2301 ipso
1314 2226 1553 2300 pondere
1607 2227 2026 2284 circumscribi—

425 2331 571 2386 mur,
601 2331 712 2390 quo
739 2324 989 2374 creatura
1015 2331 1228 2374 sumus.

495 2425 635 2501 [νει.
664 2423 808 2500 XL.]
841 2425 864 2462 ³
914 2425 1002 2484 93.
1039 2427 1162 2484 Non
1199 2426 1435 2482 videmus
1461 2425 1631 2482 Deum
1667 2425 1802 2481 sicut
1827 2425 1936 2498 ipse
1974 2441 2026 2480 se

421 2515 694 2588 conspicit.
709 2547 782 2558 —
799 2515 907 2573 Sed
933 2515 1181 2590 profecto
1209 2533 1322 2574 non
1352 2516 1428 2572 ita
1453 2514 1825 2590 conspicimus
1848 2515 2022 2572 Deum

494 2715 512 2750 ί
554 2707 580 2762 1
613 2706 812 2776 Laud.,
841 2707 990 2762 vobis
1016 2715 1211 2764 autem.

495 2781 519 2817 ²
553 2777 764 2848 Germ.,
796 2778 1034 2849 Bellov.,
1063 2778 1228 2837 Corb.
1261 2779 1446 2836 Germ.
1478 2787 1533 2836 et
1558 2781 1775 2848 Norm.,
1803 2780 1876 2834 sic
1899 2797 2025 2851 pro-

419 2848 635 2978 fec'wlta
660 2921 790 2978 Mss.
821 2923 1038 2991 Norm.,
1069 2921 1232 2994 Corb-
1265 2921 1450 2978 Gem”
1481 2929 1538 2977 et
1564 2922 1660 2977 alii
1691 2937 1817 2994 nou
1839 2923 2022 2994 palmi,

419 3007 558 3066 quos
609 3000 918 3066 sequuntur
957 3001 1068 3050 vet.
1115 2993 1221 3050 Ed.
1266 2994 1330 3048 In
1372 3000 1574 3065 poster.
1615 2993 1854 3065 vulgatis
1893 3009 2021 3051 cum

2139 1995 2220 2044 est
2239 1985 2537 2052 aeternitas,
2553 1983 2790 2040 imitatio
2807 1981 3148 2037 aeternitatis.
3166 1983 3277 2038 Nec
3291 1989 3539 2037 exsortes
3553 1996 3737 2036 sumus

2139 2077 2256 2150 ejus
2279 2093 2440 2150 quem
2457 2074 2665 2131 imitari
2685 2089 2996 2146 possumus,
3019 2071 3148 2144 quia
3167 2079 3220 2127 et
3243 2070 3500 2126 videntes
3523 2073 3543 2106 ‘
3573 2068 3734 2142 parti-

2138 2167 2410 2239 cipamur,
2440 2173 2494 2221 et
2522 2163 2914 2237 participantes
2941 2161 3248 2217 imitamur.
3283 2162 3416 2229 Quae
3473 2159 3735 2216 nimirum

2139 2259 2282 2316 visio
2313 2275 2462 2315 nunc
2489 2257 2598 2314 ﬁde
2629 2255 2944 2322 inchoatur,
2975 2253 3068 2310 sed
3099 2261 3233 2311 tunc
3249 2254 3305 2310 in
3324 2253 3507 2326 specie
3527 2250 3736 2325 perﬁci-

2137 2357 2249 2417 tur,
2281 2347 2500 2421 quando
2532 2354 2860 2403 coaeternam
2885 2346 2998 2400 Deo
3018 2343 3367 2416 sapientiam,
3386 2357 3553 2416 quam
3575 2339 3737 2399 modo

2138 2463 2235 2520 per
2261 2463 2356 2502 ora
2385 2443 2802 2518 praedicantium
2833 2442 2988 2516 quasi
3018 2458 3114 2514 per
3140 2440 3492 2497 decurrontia
3512 2434 3735 2494 ﬂumina

2138 2535 2431 2602 sumimus,
2463 2533 2522 2590 in
2552 2533 2672 2606 ipso
2699 2549 2800 2591 suo
2827 2532 2978 2588 fonte
3005 2531 3330 2588 hiberimus.

2138 2711 2323 2768 Germ.
2355 2725 2456 2782 pro
2482 2709 2613 2780 quia
2639 2707 3010 2782 Deuslegitur
3037 2721 3143 2776 qua
3189 2706 3330 2782 Deus
3354 2775 3366 2782 .
3383 2701 3644 2782 cernitur:
3672 2699 3738 2780 Et

2137 2782 2286 2839 infra
2303 2770 2430 2852 quia
2458 2770 2564 2840 non
2593 2799 2626 2835 a
2655 2796 2725 2835 se.
2750 2770 2976 2836 Vetéres
2996 2770 3213 2850 quoque
3233 2775 3368 2832 editi
3398 2773 3607 2830 habent
3629 2770 3736 2836 hic,

2137 2854 2264 2925 quia
2293 2870 2399 2908 non
2427 2870 2463 2908 a
2489 2868 2561 2908 se.

2209 2927 2231 2962 ⁴
2263 2925 2443 2994 Plur.,
2461 2921 2868 2996 participamus.

429 3142 3721 3174 ___________________________________—

1195 3309 1596 3396 LIBER
1715 3307 2324 3396 DECIMUS
2461 3305 2970 3392 NONUS.

419 3477 506 3542 Ab
541 3481 837 3538 extrema
870 3477 1044 3554 porte
1076 3487 1240 3554 vers.
1259 3473 1340 3536 -21
1372 3488 1521 3552 cap.
1566 3488 1755 3535 xxvm
1792 3486 1996 3554 usque
2041 3469 2133 3531 ad
2176 3486 2342 3532 vers.
2374 3469 2445 3554 2t
2505 3469 2832 3554 sequentis
2876 3486 3021 3548 cap.
3065 3467 3392 3554 caelusipe
3416 3463 3736 3554 perducta

497 3546 915 3638 expositione,
975 3553 1152 3614 varii
1185 3569 1410 3616 sensus
1446 3546 1583 3616 non
1604 3555 1830 3615 minus
1857 3546 2036 3613 docte
2062 3568 2267 3630 quam
2311 3551 2416 3631 pic
2483 3546 2907 3630 aperiuntur,
2937 3546 3234 3610 maxime
3285 3546 3368 3610 de
3405 3546 3650 3610 Christo
3683 3546 3735 3601 et

497 3635 808 3700 Ecclesia.

488 3771 630 3848 [Vet.
661 3777 710 3827 et
743 3771 864 3829 Rec.
894 3768 974 3845 Ι.]
1007 3771 1058 3828 1.
1091 3768 1235 3838 Quid
1264 3769 1468 3827 mirum
1488 3768 1536 3825 si
1564 3775 1769 3824 aeterna
1796 3765 1896 3822 Dei
1923 3781 2022 3822 sa-
2051 3767 2095 3828 C
2127 3765 2336 3823 dicitur
2373 3783 2384 3822 :
2427 3767 2617 3838 Vulpes
2657 3765 2836 3837 foveas
2852 3765 3062 3834 habent,
3092 3771 3139 3820 et
3164 3767 3410 3822 volucres
3433 3762 3548 3820 caeli
3571 3728 3736 3820 nitito;

415 3861 625 3936 pientis
649 3859 895 3932 conspici
913 3875 1028 3916 non
1057 3859 1222 3928 valet,
1245 3857 1467 3933 quando
1494 3857 1613 3929 ipsa
1632 3869 1850 3928 quoque
1879 3854 2020 3910 invi-

413 3951 597 4008 sibilia
611 3966 733 4024 quae
752 3965 850 4023 per
867 3965 987 4007 eam
1006 3948 1230 4007 condita
1250 3955 1384 4004 sunt
1403 3946 1664 4003 humanis
1683 3944 1861 4001 oculis
1875 3961 2020 4002 com-

411 4039 678 4114 prehendi
693 4054 805 4095 non
825 4039 1100 4111 possunt?
1125 4039 1188 4094 In
1209 4037 1372 4094 rebus
1387 4052 1515 4108 ergo
1536 4033 1734 4092 creatis
1752 4032 2021 4090 discimus

411 4134 712 4184 creatorem
741 4128 992 4183 omnium
1013 4135 1220 4200 quanta
1248 4125 1566 4182 humilitate
1587 4139 1935 4190 veneremur,
1959 4133 2020 4180 ut

412 4214 474 4271 in
503 4213 608 4268 hac
635 4211 752 4267 vita
777 4228 1044 4286 usurpare
1071 4213 1176 4268 sibi
1208 4213 1276 4269 de
1302 4213 1698 4284 omnipotentis
1715 4211 1815 4267 Dei
1839 4211 2018 4284 specie

412 4316 570 4359 mens
610 4299 854 4356 humana
892 4301 975 4356 nil
1012 4299 1230 4368 audeat,
1261 4299 1410 4373 quod
1452 4300 1632 4356 solum
1669 4299 1860 4356 electis
1903 4300 2019 4357 suis

411 4390 704 4467 praemium
726 4389 788 4446 in
800 4389 1159 4464 subsequenti
1179 4389 1620 4446 remuneratione
1645 4397 1847 4444 servat.
1863 4390 2016 4446 Unde

409 4479 549 4538 bene
576 4489 866 4555 postquam
895 4479 1108 4538 dictum
1139 4485 1255 4535 est:
1289 4477 1609 4534 Abscondita
1645 4483 1720 4534 est
1755 4478 1822 4534 ab
1849 4478 2018 4535 oculis

409 4569 645 4626 omnium
671 4568 977 4636 viventium,
1006 4567 1159 4625 illico
1187 4565 1555 4623 subinfertur:

919 4655 1149 4715 CAPUT
1187 4655 1481 4715 PRIMUM.

479 4748 612 4808 CAP.
657 4764 865 4818 xxvm,
911 4747 1084 4807 Vnus.
1135 4747 1224 4806 2i.
1254 4779 1326 4792 -
1371 4748 1619 4807 Volucres
1659 4763 1864 4819 quoque
1899 4747 2014 4804 caeli

406 4846 552 4904 latet.

474 4930 527 4988 2.
569 4929 816 4992 Volucres
840 4929 955 4986 θωιὶ
980 4929 1272 5000 aliquando
1299 4927 1360 4983 in
1385 4927 1587 4984 malam
1626 4932 1837 4999 partem
1862 4926 2014 4981 acci-

397 5019 648 5091 piuntur,
694 5018 992 5091 aliquando
1040 5019 1098 5073 in
1125 5019 1332 5075 bonam.
1362 5048 1434 5060 —
1459 5019 1523 5074 In
1549 5015 1834 5088 Scriptura
1860 5015 2009 5072 enim

2130 3855 2304 3911 Filius
2319 3861 2495 3910 autem
2522 3855 2750 3911 hominis
2773 3871 2880 3909 non
2895 3855 3044 3910 habet
3059 3856 3150 3911 ubi
3176 3862 3338 3928 caput
3365 3870 3522 3911 suum
3536 3847 3743 3906 reclinet

2127 3944 2350 4015 (Matth.
2381 3961 2505 4012 vm,
2537 3943 2626 4011 20;
2655 3945 2785 4000 Luc.
2819 3960 2902 4014 1x,
2931 3945 3048 4018 58).
3083 3945 3292 4018 Vulpes
3320 3943 3494 4002 valde
3523 3935 3740 3997 fraudu-

2130 4033 2278 4090 lenta
2323 4041 2456 4090 sunt
2497 4033 2782 4101 animalia,
2813 4049 2935 4106 quae
2988 4033 3047 4088 in
3075 4033 3239 4090 fossis
3270 4036 3370 4092 vel
3401 4029 3669 4107 specubus
3691 4037 3742 4078 se

2127 4123 2505 4192 abscondunt;
2559 4141 2796 4198 cumque
2829 4125 3204 4196 apparuerint,
3234 4139 3533 4200 nunquam
3589 4112 3743 4174 rectis

2127 4213 2445 4284 itineribus,
2475 4213 2570 4272 sed
2597 4213 2865 4271 tortuosis
2893 4215 3250 4272 anfractibus
3285 4221 3544 4275 currunt.
3581 4205 3739 4266 Volu-

2125 4319 2244 4360 cres
2275 4319 2428 4372 vero,
2459 4311 2523 4359 ut
2550 4303 2831 4372 novimus,
2865 4304 2981 4360 alto
3009 4305 3203 4360 volatu
3232 4321 3290 4361 se
3319 4307 3380 4364 in
3408 4317 3536 4361 aera
3563 4293 3735 4354 suble-

2126 4401 2278 4450 vant.
2296 4392 2531 4448 Nomine
2550 4407 2680 4464 ergo
2699 4393 2962 4465 vulpium
2977 4393 3169 4450 dolosa
3181 4401 3348 4466 atque
3365 4386 3733 4450 fraudulenta,

2124 4483 2350 4539 nomine
2369 4489 2552 4538 autem
2583 4483 2903 4553 volucrum,
2926 4482 3046 4540 haec
3065 4483 3255 4540 eadem
3277 4481 3519 4559 superba
3541 4477 3736 4533 (ἰωῐῐιοο

2125 4571 2219 4628 nia
2255 4571 2634 4644 designantur.
2663 4572 2746 4628 Ac
2786 4572 2835 4628 si
2867 4571 3022 4630 dicat
3067 4590 3079 4628 :
3115 4573 3494 4631 Fraudulente
3521 4573 3576 4622 et
3601 4561 3735 4618 elata

2123 4660 2398 4717 daemonia
2420 4661 2480 4717 in
2510 4661 2674 4718 corde
2703 4669 2914 4730 vestro,
2937 4661 2997 4718 id
3011 4670 3096 4718 est
3111 4662 3170 4718 in
3185 4661 3522 4736 cogitatione
3545 4662 3735 4723 super-

2120 4751 2227 4809 bia:
2255 4753 2554 4810 inveniunt
2581 4751 2980 4810 habitationem
3008 4768 3200 4820 suam;
3229 4753 3411 4809 Filius
3429 4755 3615 4806 autem
3641 4737 3734 4793 hO'

2121 4843 2292 4898 minis
2317 4841 2416 4898 ubi
2444 4849 2611 4914 caput
2636 4857 2799 4898 suum
2853 4841 3084 4898 reclinet
3117 4858 3232 4898 non
3284 4841 3474 4905 habet,
3509 4832 3568 4890 id
3618 4830 3720 4888 est.

2121 4931 2410 4989 humilitas
2437 4947 2559 4988 mea
2586 4936 2834 5005 requiem
2863 4931 2922 4988 in
2949 4931 3188 5005 superba
3215 4940 3401 4988 mente
3422 4931 3606 4982 vestra
3625 4925 3731 5005 non

2119 5019 2355 5078 invenit.
2375 5020 2544 5091 Quasi
2555 5004 2704 5077 enim
2716 5020 2960 5094 quodam
2981 5004 3174 5077 volatu
3187 5019 3439 5077 volucris
3452 5015 3551 5070 illa
3561 5004 3730 5081 prima

408 5123 564 5165 sacra
589 5110 844 5167 volucres
871 5106 1173 5184 aliquando
1199 5106 1261 5164 in
1281 5107 1450 5177 malo,
1466 5106 1765 5180 aliquando
1784 5105 1844 5162 in
1863 5106 2012 5165 bono
2039 5132 2090 5193 ι)
2119 5127 2177 5168 se
2207 5111 2430 5181 extulit,
2451 5129 2573 5186 quae
2589 5127 2686 5185 per
2706 5112 2902 5169 elatam
2919 5109 3310 5186 cogitationem
3333 5107 3483 5167 dixit
3509 5120 3520 5158 :
3547 5099 3732 5193 Infw'

408 5198 614 5256 dantur
658 5200 914 5274 intelligi.
948 5201 1054 5257 Per
1095 5198 1350 5256 volucres
1378 5197 1581 5271 quippe
1608 5212 2009 5271 nonnunquam

403 5293 700 5362 potestates
745 5303 918 5344 aereae
954 5287 1338 5362 designantur,
1365 5287 1640 5344 bonorum
1669 5287 1869 5368 studiis
1903 5287 2013 5342 ad-

405 5392 597 5433 versae.
646 5375 802 5432 Unde
843 5377 1108 5434 Veritatis
1149 5394 1243 5434 ore
1268 5377 1507 5435 dicitur:
1544 5377 1805 5447 Quoniam
1841 5394 2012 5434 semen

403 5465 546 5538 quod
571 5479 717 5520 secus
748 5462 891 5518 viam
909 5465 1111 5530 cecidit,
1137 5471 1392 5522 venerunt
1424 5467 1683 5534 volucres,
1712 5473 1761 5523 et
1785 5467 2011 5522 comede-

402 5561 532 5610 runt
549 5554 692 5609 illud
713 5553 928 5625 (Matth.
946 5569 1072 5622 xm,
1092 5553 1154 5621 4;
1179 5555 1307 5611 Luc.
1329 5573 1454 5624 νηί,
1477 5557 1567 5629 5);
1593 5557 1723 5629 quia
1742 5555 2011 5612 nimirum

403 5641 634 5715 maligni
689 5640 918 5714 spiritus
962 5641 1232 5698 humanas
1268 5652 1478 5702 mentes
1509 5645 1844 5710 obsidentes,
1877 5642 2008 5698 dum

402 5731 771 5804 cogitationes
784 5731 981 5787 noxias
1001 5731 1282 5802 ingerunt,
1299 5734 1526 5791 verbum
1545 5737 1672 5790 vitae
1693 5751 1725 5790 a
1746 5733 2011 5790 memoria

405 5826 671 5882 evellunt.
697 5827 841 5884 Hinc
860 5843 1081 5884 rursum
1099 5827 1318 5886 cuidam
1335 5829 1500 5886 diviti
1523 5830 1757 5902 superba
1775 5829 2008 5902 sapienti

2124 5203 2232 5260 lum
2277 5205 2637 5272 conscendant,
2685 5221 2848 5276 super
2887 5211 3040 5259 astra.
3081 5205 3196 5260 creti
3237 5199 3485 5259 excitabo
3545 5183 3729 5282 solium

2117 5310 2312 5360 meum,
2329 5294 2508 5350 sedebo
2521 5295 2576 5349 in
2803 5295 3124 5360 testamenti,
3145 5295 3202 5349 in
3221 5290 3482 5350 lateribus
3498 5271 3732 5368 A‘If‘af,’

2117 5382 2225 5448 πίε,
2254 5383 2534 5439 ascendam
2561 5400 2720 5455 super
2745 5385 3091 5440 altitudinem
3117 5383 3363 5445 nubium,
3379 5383 3530 5432 etero
3546 5357 3731 5421 similis

2119 5472 2394 5528 Altissimo
2407 5473 2572 5546 (Isai.
2595 5454 2718 5542 xiv,
2750 5473 2866 5545 l3).
2883 5474 3034 5530 Ecce
3051 5487 3214 5546 quam
3246 5473 3361 5528 alta
3387 5454 3729 5548 θυρίδι-φφ

2121 5559 2284 5616 laudo
2300 5535 2656 5634 petiit.Quem
2677 5535 2842 5618 etiam
2863 5535 3110 5616 volatum
3127 5568 3180 5616 et
3195 5557 3396 5632 primis
3411 5535 3730 5634 hominiblﬁi

2117 5650 2407 5720 persuasit.
2423 5651 2530 5721 Ipsi
2549 5649 2750 5722 quippe
2767 5649 3007 5706 volando
3023 5649 3178 5724 quasi
3191 5662 3357 5719 super
3376 5658 3434 5698 se
3453 5640 3532 5693 ire
3548 5623 3725 5724 conati

2117 5712 2269 5806 sunt,
2301 5712 2522 5812 quando
2549 5712 2879 5797 eisdictum
2909 5749 3011 5810 est,
3035 5712 3095 5795 ut
3126 5712 3431 5811 gustarem,
3466 5732 3523 5782 et
3551 5712 3727 5812 essent

2117 5826 2262 5884 Sicut
2288 5806 2367 5884 dli
2401 5828 2608 5895 (Genes.
2647 5845 2732 5899 In,
2783 5829 2959 5900 5).....
2995 5806 3248 5904 Cumque
3290 5806 3716 5884 similitudinem
