3946 6370
199 329 258 386 97
982 323 1355 383 MORALIUM
1393 327 1528 383 LIB.
1569 327 1724 384 XIX.
1765 357 1837 370 --
1873 328 2103 387 CAPUT
2144 329 2380 388 XXVII!
2419 333 2481 387 Β.
2523 333 2666 390 JOB.
3420 344 3490 400 98

191 448 474 512 divinitatis
494 455 782 519 appetunt,
811 448 1247 505 immortalitatis
1267 465 1497 505 munera
1511 449 1773 522 perdide-
1801 452 1853 512 A
1879 451 2045 509 etiam
2086 452 2234 526 quod
2262 469 2372 510 non
2417 455 2726 528 accepimus
2756 475 2771 526 ;
2819 461 2840 494 ⁵
2871 459 3072 519 habere
3120 479 3253 520 vero
3281 480 3487 523 nomen

193 548 308 599 runt
323 535 500 610 (Ibid,
519 536 634 608 19).
659 535 765 606 Qui
778 535 836 592 in
855 543 1058 594 terram
1074 537 1363 595 moriendo
1379 554 1494 594 non
1506 537 1764 608 fuissent,

195 631 235 686 si
259 642 406 700 super
428 632 631 681 terram
668 623 958 682 humiliter
975 633 1116 683 stare
1141 625 1470 684 voluissent.

249 718 296 774 3.
319 719 388 772 At
411 721 603 772 contra
629 713 690 770 in
711 713 862 772 bono
889 715 1142 773 volucres
1157 715 1290 789 poni
1318 715 1520 784 solent,
1549 715 1694 772 sicut
1707 716 1766 772 in

187 805 463 878 Evangelio
479 803 753 860 Dominus
772 820 900 861 cum
919 805 1344 862 similitudinem
1361 805 1515 877 regni
1527 805 1768 862 crelestis

185 913 245 953 ex
272 910 428 968 grano
457 891 668 966 sinapis
705 891 1081 963 denuntiaret,
1123 893 1307 950 dixit:
1356 893 1458 952 Cui
1497 892 1668 950 simile
1693 900 1768 949 est

183 1003 379 1061 regnum
398 985 522 1053 Dei,
556 991 607 1041 et
631 985 718 1041 cui
757 986 929 1042 simile
955 987 1226 1044 a'stimabo
1266 987 1407 1044 illud
1425 990 1454 1044 ?
1486 989 1668 1044 Simile
1693 995 1768 1043 est

181 1096 330 1152 grano
361 1079 377 1113 ¹
409 1077 636 1149 sinapis,
666 1078 807 1148 quod
833 1084 1098 1150 acceptum
1115 1079 1265 1135 homo
1303 1079 1450 1135 misit
1467 1080 1525 1135 in
1553 1080 1767 1134 hortum

180 1184 338 1233 suum,
357 1173 402 1222 et
419 1165 602 1233 crevit,
631 1171 682 1221 et
715 1164 918 1236 factum
954 1173 1030 1223 est
1056 1168 1113 1223 in
1138 1169 1384 1224 arborem
1411 1184 1681 1241 magnam,
1719 1174 1768 1226 et

177 1260 393 1315 uolucres
418 1257 534 1313 caeli
561 1257 928 1328 requieverunt
953 1257 1012 1313 in
1041 1258 1207 1315 ramis
1247 1258 1360 1330 ejus
1392 1259 1605 1330 (Matth.
1637 1275 1764 1329 xm,

178 1347 282 1419 3i).
313 1347 428 1419 Ipse
447 1344 653 1418 quippe
673 1352 756 1401 est
785 1363 1016 1418 granum
1046 1347 1256 1420 sinapis
1273 1348 1295 1383 ³
1317 1347 1412 1420 qui
1433 1347 1493 1404 in
1521 1347 1670 1404 horti
1685 1365 1765 1406 se-

177 1436 382 1508 pultura
419 1434 719 1506 plantatus,
765 1435 932 1492 arbor
968 1453 1163 1510 magna
1201 1439 1464 1494 surrexit.
1519 1438 1763 1495 Granum

176 1541 398 1598 namque
417 1524 527 1580 fuit
557 1541 680 1582 cum
711 1533 1039 1596 moreretur,
1087 1527 1252 1584 arbor
1278 1544 1405 1584 cum
1435 1535 1761 1600 resurgeret.

175 1615 402 1672 Granum
415 1629 513 1686 per
527 1612 900 1671 humilitatem
920 1615 1124 1683 carnis,
1145 1615 1308 1672 arbor
1324 1618 1446 1689 3per
1459 1617 1762 1689 potentiam

175 1702 482 1776 majestatis.
527 1703 793 1773 Granum,
833 1705 965 1778 quia
990 1705 1224 1760 vidimus
1261 1724 1399 1776 eum,
1430 1713 1479 1762 et
1517 1724 1624 1762 non
1647 1713 1766 1763 erat

171 1799 396 1864 aspectus
427 1791 586 1864 (Isai.
629 1811 750 1862 LIII,
791 1793 871 1864 2);
913 1794 1077 1850 arbor
1098 1802 1310 1863 autem,
1341 1795 1476 1868 quia
1501 1797 1764 1868 speciosus

169 1880 336 1950 [ornus
357 1898 476 1953 pra:
503 1881 632 1953 ﬁliis
651 1882 922 1938 hominum
953 1883 1129 1956 (Psal.
1157 1901 1313 1952 κων,
1352 1883 1433 1956 3).
1469 1883 1612 1958 [Vet.
1645 1883 1757 1959 11.]

169 1970 333 2044 Hujus
365 1969 585 2028 arboris
613 1971 752 2027 rami
782 1971 956 2029 sancti
973 1973 1360 2046 praedicatores
1387 1980 1538 2030 sunt.
1575 1975 1648 2030 Et
1677 1975 1764 2030 vi-

166 2059 374 2116 deamus
401 2075 575 2133 quam
607 2059 714 2116 late
735 2047 1052 2118 tendantur.
1085 2061 1231 2130 Quid
1249 2061 1398 2118 enim
1421 2062 1489 2119 de
1516 2062 1596 2119 eis
1623 2062 1764 2120 dici'

167 2156 246 2205 tur
265 2149 292 2205 ?
317 2151 382 2206 In
403 2165 615 2205 omnem
647 2155 844 2205 terram
864 2149 1028 2206 exivit
1053 2167 1212 2207 sonus
1241 2169 1446 2217 eorum,
1475 2158 1523 2207 et
1551 2153 1607 2207 in
1636 2153 1764 2224 ﬁnes

164 2237 294 2294 orbis
321 2243 484 2294 terrae
510 2237 669 2294 verba
696 2255 881 2294 eorum
903 2240 1076 2311 (Psal.
1097 2257 1262 2310 xvm,
1281 2241 1361 2313 5).
1382 2242 1444 2297 In
1461 2239 1584 2298 istis
1597 2241 1766 2300 ramis

165 2324 400 2382 volucres
427 2324 808 2398 requiescunt,
839 2327 970 2400 quia
1000 2336 1204 2385 sanctae
1231 2328 1455 2398 animai,
1487 2345 1608 2402 quae
1638 2329 1764 2403 qui-

162 2413 376 2470 busdam
407 2414 688 2470 virtutum
710 2415 906 2488 pennis
919 2433 952 2472 a
970 2423 1187 2474 terrena
1205 2418 1539 2491 cogitatione
1557 2435 1614 2474 se
1629 2419 1763 2476 sub-

165 2501 353 2571 levant,
373 2502 434 2558 in
451 2519 650 2558 eorum
672 2502 838 2560 dictis
853 2511 1017 2578 atque
1033 2505 1504 2562 consolationibus
1517 2505 1586 2562 ab
1598 2505 1763 2577 hujus

162 2590 278 2646 vitae
305 2591 634 2664 fatigatione
665 2592 955 2664 respirant.
1008 2595 1125 2652 Hoc
1160 2595 1332 2667 igitur
1371 2595 1429 2650 in
1459 2596 1582 2652 loco
1611 2603 1760 2668 post-

164 2695 314 2750 quam
342 2678 410 2736 de
430 2677 706 2750 sapientia
723 2678 936 2737 dictum
957 2691 1057 2739 est:
1079 2683 1406 2739 Abscondita
1424 2689 1500 2738 est
1517 2683 1582 2738 ab
1599 2683 1766 2738 oculis

163 2767 383 2824 omnium
410 2767 724 2833 viventium,
751 2777 898 2825 recte
925 2769 1316 2843 subjungitur:
1359 2771 1605 2828 Volua-res
1631 2790 1762 2843 quo-

161 2873 250 2928 que
259 2857 374 2914 creti
397 2860 548 2922 latet,
570 2856 701 2928 quia
715 2855 774 2911 in
789 2855 894 2914 hac
908 2859 1257 2930 corruptibili
1275 2876 1439 2916 carne
1453 2860 1763 2928 constituti,

162 2953 356 3002 naturae
388 2943 515 3015 ejus
535 2942 838 3016 potentiam
866 2945 974 3017 ipsi
1005 2961 1225 3018 quoque
1253 2945 1496 3001 videndo
1525 2962 1638 3002 non
1667 2963 1764 3018 pe-

160 3041 389 3102 netrant,
413 3031 514 3106 qui
535 3030 654 3102 jam
675 3047 772 3102 per
786 3032 1048 3088 meritum
1061 3041 1264 3091 sanctae
1281 3035 1768 3106 contemplationis

162 3126 358 3184 volant.
393 3123 502 3182 Ubi
517 3131 643 3197 apte
671 3121 1063 3195 subjungitur:

645 3284 875 3344 CAPUT
904 3286 952 3342 Π
980 3283 1125 3360 [nee
1158 3285 1267 3360 II].

225 3416 398 3476 Vnus.
430 3415 523 3473 22.
545 3445 616 3456 —
643 3412 884 3471 Pe-rditio
925 3417 974 3467 et
1017 3427 1164 3468 mors
1200 3411 1494 3466 dixerunt:
1524 3411 1765 3468 Auribus

155 3505 349 3560 nostris
375 3504 689 3560 audivimus
717 3501 921 3572 famam
947 3499 1082 3571 ejus.

219 3592 272 3649 4.
331 3591 563 3666 Superbi
602 3591 776 3663 angeli
831 3589 1071 3645 divinam
1124 3586 1464 3659 sapientiam,
1520 3588 1649 3658 quia
1703 3605 1764 3644 ea

154 3697 254 3739 non
290 3681 586 3753 fruuntur,
615 3680 830 3736 minime
855 3678 1052 3734 vident.
1075 3707 1147 3719 —
1167 3679 1188 3712 ⁴
1218 3677 1324 3746 Qui
1356 3675 1685 3750 perditionis
1710 3685 1764 3734 et

154 3772 344 3830 mortis
371 3771 608 3829 nomine
622 3769 733 3826 nisi
749 3767 977 3841 maligni
991 3767 1222 3841 spiritus
1240 3767 1602 3839 designantur
1617 3767 1646 3823 Ῡ
1665 3767 1762 3840 qui

153 3859 476 3918 inventores
497 3857 690 3914 mortis
717 3863 771 3913 et
798 3856 1126 3929 perditionis
1141 3856 1494 3925 exstiterunt,
1525 3855 1668 3912 sicut
1695 3855 1764 3912 de

153 3949 264 4022 ipso
292 3964 501 4007 eorum
531 3946 782 4020 principe
833 3945 936 4002 sub
982 3944 1227 4002 ministri
1283 3944 1402 4018 ejus
1447 3943 1626 4016 specie
1667 3960 1766 4016 per

153 4039 420 4100 Joannem
463 4036 697 4094 dicitur:
729 4037 1007 4094 Etnomen
1033 4035 1122 4092 illi
1159 4052 1305 4090 mors
1347 4033 1535 4107 (Apoc.
1569 4049 1648 4102 vr,
1678 4033 1760 4105 8).

155 4128 247 4188 Cui
275 4126 524 4202 subjecti
539 4141 732 4183 omnes
752 4123 1023 4198 superbiae
1037 4123 1268 4198 spiritus
1282 4123 1350 4180 de
1371 4122 1476 4180 hac
1495 4123 1764 4196 sapientia

155 4236 267 4294 qua:
293 4223 450 4278 Deus
469 4225 556 4275 est
574 4223 718 4281 605
739 4215 936 4274 dicunt
955 4234 966 4272 :
987 4215 1228 4273 Auribus
1242 4213 1440 4272 nostris
1459 4213 1764 4270 audivimus

155 4319 350 4390 famam
363 4317 511 4389 ejus;
527 4315 658 4390 quia
672 4313 940 4371 nimirum
957 4313 1231 4370 visionem
1249 4311 1403 4368 illius
1417 4311 1580 4384 plena
1593 4310 1766 4368 beati-

155 4408 340 4465 tudine
368 4407 579 4464 habere
625 4405 1020 4478 nequiverunt.
1052 4402 1255 4462 Videre
1293 4403 1496 4476 quippe
1525 4400 1764 4475 perfecte

156 4505 482 4554 coaeternam
523 4497 641 4552 Deo
691 4493 1042 4566 sapientiam,
1096 4491 1204 4562 hoc
1248 4499 1330 4549 est
1359 4491 1507 4566 quod
1537 4490 1759 4548 habere.

159 4586 304 4646 Unde
331 4588 404 4646 ad
427 4588 700 4645 Joannem
729 4584 797 4641 de
826 4600 1052 4642 munere
1074 4583 1350 4642 vincentis
1367 4583 1590 4641 dicitur:
1614 4584 1766 4640 Dabo

161 4677 237 4736 illi
269 4681 540 4737 calculum
569 4677 878 4745 candidum,
927 4682 977 4731 et
1003 4675 1062 4730 in
1106 4677 1310 4732 calculo
1355 4692 1541 4731 nomen
1570 4691 1764 4730 novum

161 4771 430 4845 scriptum,
443 4769 591 4843 quod
610 4785 760 4825 nemo
777 4766 894 4836 scit,
909 4765 1019 4823 nisi
1034 4766 1127 4838 qui
1143 4764 1336 4838 accipit
1356 4765 1544 4839 (Apoc.
1566 4783 1628 4835 ιι,
1649 4763 1761 4837 17).

163 4861 220 4918 In
241 4861 344 4921 hac
370 4861 528 4920 enim
557 4860 674 4917 vita
700 4858 841 4916 scire
869 4856 1082 4932 aliquid
1111 4857 1197 4912 vel
1229 4855 1420 4913 videre
1448 4872 1764 4928 possumus,

231 5074 248 5109 ³
275 5074 500 5143 Norm.,
520 5071 721 5144 sinapi,
751 5078 807 5128 et
837 5069 916 5128 ita
935 5068 1102 5126 infra.

231 5145 252 5179 ³
278 5145 519 5214 Turon.,
547 5144 754 5215 quod...
774 5144 1100 5215 plantatum.

229 5217 251 5252 ³
278 5215 456 5284 Idem,
483 5212 586 5286 per
602 5212 1034 5286 omnipotentiam
1061 5212 1372 5286 majestatis.

233 5289 251 5321 ‘
277 5287 310 5345 2
337 5283 545 5356 Laud.,
571 5287 705 5358 quid
726 5283 1112 5358 perditionis...
1146 5284 1471 5356 designatur.
1517 5283 1542 5337 l
1592 5283 1765 5340 Laud.

171 5365 452 5434 utramque
483 5357 777 5434 lectionem
792 5357 1028 5434 _retinet.
1109 5403 1120 5418 ,
1219 5426 1231 5434 _
1543 5359 1600 5434 A'

231 5433 253 5468 ⁸
277 5423 489 5489 Locum
523 5429 674 5488 hunc
699 5429 845 5487 finde
871 5434 1194 5500 corruptum
1215 5426 1273 5482 in
1295 5425 1476 5483 Editis
1504 5432 1562 5500 et_
1578 5423 1770 5496 pleris-

239 5518 266 5558 e
293 5503 424 5560 Mss.
456 5501 808 5558 restituimus
835 5517 936 5566 ope
978 5496 1106 5556 Mss.
1155 5499 1370 5566 Norm.,
1409 5513 1486 5554 sc.
1531 5496 1767 5552 duorum

248 5517 424 5560 emss.
456 5517 808 5558 restituimus
835 5518 869 5559 ο
978 5517 1106 5556 mss.
1155 5517 1370 5566 μοι-[ηπ
1409 5517 1486 5554 sc.
1531 5517 1767 5552 auorum

248 5574 411 5652 roic.,
443 5517 960 5652 Geme_t.,-Pratefle.,
1005 5572 1287 5652 Beccens.,
1334 5567 1504 5652 litis,
1551 5568 1674 5652 Sag.
1707 5567 1769 5622 In

172 5645 313 5721 Epit.
345 5640 553 5720 poster.
587 5640 676 5702 sic
694 5643 900 5721 legitur
915 5662 926 5700 :
947 5640 1094 5721 quod
1112 5659 1217 5721 non
1243 5640 1531 5721 accipimus
1559 5640 1765 5721 tuebere.

174 5712 366 5773 Nomen
389 5735 516 5774 tero
535 5733 725 5771 nonum
743 5712 798 5771 in
815 5712 1018 5771 calculo
1037 5714 1316 5784 scriptum,
1338 5712 1395 5766 id
1411 5717 1485 5784 est
1498 5712 1556 5765 in
1576 5715 1770 5784 teter-no

175 5789 385 5860 prcemio
400 5788 648 5846 notitiam
664 5787 761 5844 Dei
777 5786 1021 5843 humanis
1041 5781 1306 5842 mentibus
1317 5782 1625 5838 inusitatam
1640 5781 1774 5835 scire

1791 4546 1842 4606 D

1874 559 2083 601 novum
2112 543 2172 601 in
2198 545 2416 602 calculo
2458 545 2750 620 scriptum,
2797 555 2880 605 est
2917 549 2976 606 in
3025 561 3229 612 aeterno
3258 555 3490 630 praemio

1873 634 2130 690 notitiam
2177 635 2278 691 Dei
2329 634 2590 693 humanis
2635 637 2887 695 sensibus
2932 638 3276 713 inusitatam,
3321 661 3488 719 quam

1873 723 2013 781 scire
2041 740 2153 781 non
2179 731 2361 798 potest
2385 725 2494 782 nisi
2525 725 2620 800 qui
2641 727 2862 800 accipit,
2879 726 3082 785 habere
3126 731 3266 798 Quia
3281 733 3486 808 itaque,

1872 819 1937 869 ut
1961 813 2230 884 diximus,
2260 813 2450 871 videre
2470 815 2669 884 Deum,
2692 815 2800 873 hoc
2826 823 2910 872 est
2930 817 3084 890 quod
3111 817 3333 889 habere,
3365 821 3488 878 ideo

1872 901 2053 975 iniqui
2080 903 2308 976 spiritus
2334 903 2479 961 hanc
2507 904 2831 978 sapientiam
2861 923 2974 963 non
3004 906 3216 977 vident,
3233 909 3364 982 quia
3394 927 3488 967 re-

1872 992 2018 1064 pulsi
2057 1008 2155 1064 per
2181 993 2496 1066 superbiam
2525 1010 2874 1069 nequaquam
2913 1013 3033 1052 eam
3072 995 3273 1056 habere
3301 1006 3489 1071 potue-

1873 1091 2027 1139 runt.
2059 1083 2147 1139 Ad
2167 1084 2344 1142 lucem
2365 1085 2568 1159 quippe
2594 1085 2714 1159 ejus
2735 1087 3051 1144 clauserunt
3070 1089 3261 1146 oculos
3281 1090 3486 1160 cordis,

1871 1173 2176 1246 superfusis
2221 1173 2341 1248 ejus
2390 1175 2562 1233 radiis
2611 1185 3007 1250 repugnantes,
3063 1177 3209 1236 sicut
3253 1177 3488 1252 intelligi

1872 1262 2037 1318 etiam
2059 1263 2125 1318 de
2140 1263 2344 1320 eisdem
2373 1265 2630 1338 malignis
2648 1266 2936 1340 spiritibus
2954 1274 3154 1339 potest,
3176 1266 3324 1342 quod
3343 1267 3490 1324 scri-

1872 1358 2028 1423 ptum
2057 1359 2170 1408 est:
2213 1353 2326 1425 Ipsi
2361 1354 2574 1411 rebelles
2611 1354 2834 1426 fuerunt
2857 1359 2880 1392 ⁸
2921 1354 3112 1412 lumini
3151 1357 3292 1427 (Job.
3326 1373 3487 1425 xxxv,

1874 1441 1986 1511 13).
2023 1443 2244 1499 Famam
2273 1460 2402 1517 ergo
2443 1444 2727 1518 sapientiae
2778 1446 3044 1519 malignis
3072 1445 3362 1519 spiritibus
3395 1462 3488 1502 au-

1871 1531 2043 1598 disse,
2065 1532 2160 1590 sed
2179 1533 2427 1590 eamdem
2448 1533 2776 1606 sapientiam
2796 1550 2910 1591 non
2934 1533 3172 1602 vidisse,
3189 1541 3273 1590 est
3293 1540 3350 1590 et
3368 1531 3488 1605 ejus

1871 1623 2174 1695 potentiam
2205 1641 2274 1680 ex
2303 1624 2510 1682 virtute
2538 1625 2692 1682 illius
2718 1625 3066 1698 cognovisse,
3096 1634 3152 1682 et
3174 1633 3363 1682 tamen
3382 1621 3487 1682 sub

1871 1726 1934 1766 ea
1962 1710 2251 1768 humiliter
2267 1720 2412 1770 stare
2431 1713 2694 1770 noluisse.
2725 1713 2880 1770 Unde
2905 1721 2960 1768 et
2975 1713 3241 1770 Veritatis
3259 1729 3394 1770 voce
3418 1713 3486 1770 de

1795 1818 1842 1880 Β
1871 1797 1990 1871 ipso
2025 1801 2393 1872 malignorum
2423 1800 2722 1874 spirituum
2757 1799 2938 1874 capite
2968 1799 3178 1857 dicitur
3209 1817 3221 1856 :
3254 1801 3356 1857 Ille
3381 1802 3487 1857 ho-

1869 1887 2064 1944 micida
2083 1889 2284 1946 eratab
2302 1889 2478 1961 initio,
2500 1896 2550 1946 et
2561 1889 2620 1945 in
2638 1889 2858 1946 veritate
2869 1905 2979 1945 non
2993 1888 3133 1945 stetit
3144 1889 3173 1960 (
3175 1889 3334 1946 Joan.
3357 1907 3484 1960 vm,

1871 1976 1990 2048 Ui).
2031 1978 2295 2052 Sequitur
2330 1997 2342 2036 :

2327 2075 2556 2134 CAPUT
2585 2077 2659 2132 III
2695 2075 2844 2151 [Rec.
2887 2073 3028 2149 III].

1945 2164 2117 2221 Vnus.
2150 2164 2240 2221 23.
2275 2194 2340 2206 —
2369 2165 2511 2222 Deus
2530 2165 2778 2238 intelligit
2803 2164 2950 2220 viam
2967 2161 3104 2234 ejus,
3134 2161 3314 2236 etipse
3339 2163 3486 2220 nouit

1876 2255 2044 2310 locum
2073 2253 2242 2310 illius.

1942 2343 1996 2400 5.
2030 2343 2280 2400 Homines
2309 2343 2691 2416 latuitquando
2707 2361 2808 2416 per
2822 2360 3037 2400 carnem
3058 2343 3337 2418 Sapientia
3365 2361 3483 2400 oen-

1876 2440 2000 2491 tura
2035 2441 2165 2490 esset
2199 2435 2273 2491 ad
2310 2435 2544 2491 homines
2573 2453 2594 2500 ;
2635 2436 2717 2490 vel
2757 2434 3017 2506 quomodo
3044 2433 3188 2504 foris
3218 2451 3485 2505 apparens

1871 2523 2156 2579 invisibilis
2183 2524 2330 2596 apud
2356 2525 2574 2580 Patrem
2599 2528 2956 2596 permaneret.
2977 2552 3048 2562 —
3067 2522 3197 2580 Haec
3213 2528 3487 2578 coaeterna

1871 2615 1987 2671 Deo
2015 2613 2284 2687 sapientia
2309 2614 2472 2670 aliter
2494 2611 2640 2668 viam
2671 2611 2858 2681 habet,
2889 2618 3058 2685 atque
3087 2611 3249 2666 aliter
3275 2611 3480 2668 locum.

1873 2705 2080 2762 Locum
2111 2721 2243 2762 vero
2270 2704 2318 2762 si
2347 2704 2474 2778 quis
2501 2702 2794 2776 intelligat,
2824 2718 2937 2759 non
2957 2702 3210 2759 localem.
3242 2703 3380 2759 Nam
3407 2708 3486 2758 te-

1872 2794 1990 2850 neri
2019 2794 2378 2866 corporaliter
2417 2809 2530 2850 non
2565 2799 2745 2865 potest
2785 2793 2932 2849 Deus
2969 2809 2983 2858 ;
3024 2791 3142 2858 sed,
3178 2798 3242 2847 ut
3271 2790 3482 2848 dictum

1873 2891 1976 2950 est,
2006 2883 2162 2940 locus
2202 2884 2536 2956 intelligitur
2580 2899 2693 2940 non
2741 2881 2952 2950 localis,
2992 2881 3173 2939 Locus
3201 2881 3486 2955 sapientia

1873 2970 2034 3026 Pater
2060 2978 2164 3038 est,
2195 2971 2350 3028 locus
2377 2970 2554 3026 Patris
2581 2970 2873 3042 sapientia,
2920 2969 3064 3026 sicut
3093 2970 3209 3047 ipsa
3247 2971 3487 3043 Sapien—

1874 3057 1952 3114 tia
1979 3065 2270 3114 attestante
2298 3057 2504 3114 dicitur
2530 3074 2542 3112 :
2578 3059 2692 3128 Ego
2728 3057 2788 3111 in
2816 3058 3002 3120 Patre,
3045 3062 3096 3111 et
3120 3057 3284 3113 Pater
3324 3057 3384 3112 in
3407 3074 3490 3114 me

1795 3178 1840 3240 ο
1877 3146 2058 3218 (Joan.
2091 3163 2210 3216 xxv,
2244 3146 2477 3240 10,}1).
2504 3145 2696 3240 _Aliter
2723 3161 2852 3240 ergo
2880 3143 3000 3216 ipsa
3019 3143 3292 3240 sapientia
3321 3142 3492 3240 habet

1875 3236 2046 3306 viam,
2089 3243 2253 3310 atque
2298 3235 2458 3292 aliter
2504 3235 2708 3290 locum.
2767 3233 2935 3289 Viam
2981 3248 3079 3305 per
3121 3231 3488 3290 humanitatis

1874 3325 2193 3394 transitum,
2251 3325 2436 3382 locum
2464 3339 2597 3379 vero
2626 3337 2723 3394 per
2749 3319 2944 3378 ﬂatum
2973 3319 3309 3379 divinitatis.
3343 3321 3482 3396 [νει.

1873 3415 2014 3490 ΙΙΙ.]
2045 3415 2179 3471 Inde
2213 3413 2361 3470 enim
2392 3429 2504 3470 non
2523 3410 2746 3480 transit,
2775 3412 2794 3447 ⁷
2828 3408 2976 3466 unde
3004 3417 3213 3467 aeterna
3239 3417 3358 3479 est;
3392 3411 3488 3468 sed

1874 3503 2004 3561 inde
2034 3503 2254 3573 transit,
2285 3503 2432 3560 unde
2460 3508 2684 3576 propter
2712 3516 2817 3557 nos
2860 3499 3122 3574 apparuit
3147 3501 3485 3572 temporalis.

1873 3595 1964 3652 Sic
1988 3609 2225 3667 namque
2264 3591 2320 3647 in
2348 3590 2654 3664 Evangelia
2697 3588 2968 3662 scriptum
3017 3595 3101 3645 est
3131 3605 3145 3645 :
3181 3589 3322 3656 Quia
3349 3607 3487 3662 egre-

1873 3683 2020 3739 diens
2047 3683 2114 3739 ab
2150 3681 2358 3738 Iericho
2385 3679 2646 3737 Dominus
2684 3677 2948 3735 transibat
2975 3694 2996 3742 ;
3043 3680 3148 3736 duo
3175 3683 3350 3733 autem
3377 3694 3488 3733 οω-

1873 3773 1920 3828 ci
1962 3773 2189 3828 sedentes
2217 3771 2380 3842 juxta
2426 3771 2568 3828 viam
2611 3771 3000 3837 clamauerunt,
3051 3769 3275 3827 dicentes
3313 3787 3332 3826 :
3366 3772 3489 3828 Do-

1871 3862 2030 3928 mine,
2051 3861 2296 3918 miserere
2307 3860 2502 3928 nostri,
2518 3859 2600 3933 ﬁli
2613 3859 2792 3916 David
2805 3859 3025 3933 (Matth.
3043 3875 3144 3926 xx,
3160 3859 3252 3924 29,
3269 3859 3385 3930 30).
3400 3859 3488 3916 Ad

1873 3967 2110 4026 quorum
2140 3967 2355 4019 vocem,
2385 3949 2530 4008 sicut
2559 3947 2680 4006 illic
2699 3947 2967 4021 scriptum
2988 3954 3093 4016 est,
3127 3947 3279 4002 stetit
3308 3947 3485 4017 Iesus,

1873 4049 1926 4098 et
1956 4043 2145 4098 lumen
2165 4039 2426 4097 reddidit.
2447 4037 2594 4106 Quid
2612 4044 2696 4094 est
2713 4044 2898 4094 autem
2917 4033 3257 4092 transeundo
3272 4032 3486 4104 audire,

1872 4129 2068 4188 stando
2095 4131 2283 4186 lumen
2327 4127 2638 4196 restituere,
2686 4125 2796 4182 nisi
2825 4123 2974 4198 quod
3015 4139 3115 4198 per
3159 4123 3490 4180 humanita-

1873 4228 1984 4276 tem
1998 4235 2153 4276 suam
2181 4217 2343 4274 nobis
2371 4217 2630 4274 misertus
2657 4223 2759 4285 est,
2789 4215 2886 4288 qui
2903 4230 3004 4288 per
3031 4212 3348 4271 divinitatis
3375 4229 3488 4271 sua

1873 4309 2174 4384 potentiam
2193 4325 2226 4364 a
2254 4307 2416 4366 nobis
2442 4305 2646 4364 mentis
2675 4312 2878 4362 nostrae
2907 4301 3164 4360 tenebras
3193 4302 3433 4362 exclusit
3459 4304 3489 4362 7

1873 4399 2034 4469 Quod
2061 4399 2210 4457 enim
2239 4405 2462 4473 propter
2495 4413 2598 4454 nos
2625 4403 2787 4452 natus
2812 4403 2868 4452 et
2881 4410 3075 4468 passus
3093 4401 3204 4462 est,
3227 4392 3376 4468 quod
3405 4409 3487 4448 re-

1873 4489 2136 4559 surrexit,
2179 4487 2429 4546 asoendit
2468 4487 2527 4542 in
2573 4486 2800 4555 cmlum,
2856 4483 3013 4558 quasi
3059 4483 3261 4540 transit
3304 4483 3487 4552 Iesus,

1875 4581 2006 4654 quia
2018 4579 2138 4636 haec
2164 4579 2432 4636 nimirum
2461 4577 2606 4634 actio
2619 4574 2938 4650 temporalis
2965 4581 3066 4632 est.
3091 4571 3200 4630 Sed
3226 4579 3378 4630 stans
3397 4589 3490 4628 eos

1874 4670 2057 4744 tetigit
2083 4677 2138 4726 et
2166 4668 2526 4737 illuminavit,
2553 4667 2684 4741 quia
2710 4682 2822 4723 non
2851 4665 2997 4722 sicut
3023 4663 3122 4720 illa
3149 4661 3488 4736 dispensatio

1875 4760 2216 4835 temporalis,
2265 4760 2343 4818 ita'
2375 4757 2530 4816 verbi
2571 4757 2851 4814 aeternitas
2891 4753 3117 4823 transit,
3161 4768 3285 4827 quas
3327 4751 3386 4807 in
3431 4765 3489 4806 se

1877 4867 2106 4909 manens
2128 4850 2361 4907 innovat
2388 4847 2592 4906 omnia.
2625 4846 2778 4904 Stare
2823 4845 2974 4902 enim
3000 4841 3125 4912 Dei,
3147 4849 3232 4899 est
3265 4840 3489 4899 incom-

1875 5082 2022 5122 nemo
2046 5069 2236 5132 potest,
2264 5060 2374 5118 nisi
2399 5061 2493 5132 qui
2519 5061 2653 5116 hanc
2678 5053 3111 5132 etianracceperit
3124 5050 3330 5132 lubere.
3353 5047 3492 5117 Quis

1875 5082 2022 5122 nemo
2085 5082 2236 5130 etest,
2264 5082 2374 5118 πίει
2399 5082 2492 5132 qui
2519 5082 2653 5116 ηαησ
2678 5082 2836 5116 ειιαιηι
2854 5082 3111 5127 αυυῳινηι
3124 5082 3270 5108 Imm
3285 5082 3330 5104 υ.
3353 5082 3488 5117 uiue

1875 5137 1994 5193 haec
2021 5082 2271 5207 (Kidipus
2317 5133 2594 5205 explicare
2623 5137 2801 5204 potest
2832 5129 2859 5184 ?
2887 5125 3318 5207 Vitiunrtamen
3349 5135 3488 5207 pene

1879 5224 2042 5264 omne
2069 5223 2140 5262 ex
2167 5199 2500 5278 punctorum
2530 5211 2590 5278 et_
2603 5199 3312 5278 commatum_aunqmtigne
3332 5199 3491 5248 deri-

1879 5262 2060 5336 vatur.
2093 5262 2297 5334 Favere
2327 5275 2550 5346 videtur
2575 5273 2709 5346 huic
2737 5266 2962 5346 lectioni
2986 5262 3182 5346 godex
3198 5263 3488 5346 ,βάθει-ω..

1879 5334 2366 5420 sedinterpolatus
2395 5345 2506 5420 hoc
2518 5345 2596 5420 _ir_i
2627 5343 2854 5420 loco,iet
2881 5336 3057 5420 obelis
3083 5334 3377 5420 conﬁxus,
3395 5334 3492 5420 qui

1879 5404 2248 5492 corruptionis
2266 5423 2396 5473 sunt
2415 5414 2639 5492 indiga.
2658 5404 2911 5492 lflos'tram
2925 5407 3228 5492 lecti-onem
3249 5404 3494 5492 perfecte

1879 5473 2270 5565 repraesentant
2289 5482 2715 5565 _vet,_Ed..l}asil.
2735 5490 2790 5539 et
2817 5479 2989 5565 Paris.
3016 5479 3177 5562 12518,
3206 5473 3317 5565 nisi
3343 5473 3494 5565 quod

1879 5547 2081 5637 prb_est
2101 5561 2161 5618 in
2190 5560 2258 5617 iis
2289 5554 2699 5637 legitur‘nidest,
2735 5552 2886 5630 quod
2914 5547 3216 5610 discrimen
3245 5547 3314 5606 ad
3342 5547 3491 5604 éver-

1880 5626 2109 5692 tendum
2137 5626 2364 5703 sensum
2399 5626 2632 5703 sufﬁcit;
2702 5696 2718 5703 _
2751 5626 2770 5630 “
2803 5697 2833 5703 _
3043 5695 3056 5703 _
3159 5692 3170 5703 ,
3218 5691 3229 5702 ,

1954 5709 1976 5742 θ
2005 5707 2215 5772 Germ.,
2245 5702 2278 5758 2
2307 5697 2480 5758 Laud.
2511 5705 2566 5753 et
2594 5696 2759 5755 Corb.
2793 5697 3006 5760 Germ.,
3040 5695 3273 5772 luminis.

1955 5781 1974 5812 ⁷
1998 5775 2124 5834 Ger'
2155 5783 2236 5844 :t.,
2269 5773 2400 5828 unde
2429 5777 2684 5826 (retulerim.
2715 5775 2808 5824 est.
