3946 6364
449 307 522 370 99
1436 375 1440 380 η
1657 301 1910 366 SANCTI
1947 299 2284 366 GBEGORII
2321 302 2548 368 MAGNI
3659 313 3753 372 too

451 429 705 492 mutabili
731 427 1062 500 cogitatione
1089 425 1380 486 mutabilia
1398 434 1596 488 cuncta
1609 426 1918 500 disponere.
1941 424 2047 495 Qui
2077 427 2128 489 A
2156 427 2376 492 fuerant
2403 429 2472 490 ad
2500 443 2656 490 suam
2685 429 2914 502 gratiam
2948 429 3270 492 reformare.
3305 431 3460 494 Unde
3500 433 3756 507 scriptum

452 537 584 596 ergo
610 534 770 582 voces
796 516 1103 591 petentium
1131 517 1407 582 transiens
1423 517 1661 586 audivit,
1683 525 1834 580 stans
1861 516 2050 580 lumen
2156 525 2269 578 est:
2302 521 2419 580 Res:
2443 519 2536 591 qui
2563 521 2703 580 sedet
2726 521 2785 580 in
2813 519 2947 582 solio
2967 520 3187 590 judicii,
3217 522 3444 595 dissipat
3469 541 3618 582 omne
3640 543 3758 588 πισ-

450 607 713 678 reddidit,
742 606 872 682 quia
909 605 1010 670 etsi
1040 613 1264 680 propter
1309 623 1412 669 nos
1451 605 1775 680 temporalia
1801 605 2050 678 pertulit.

449 697 578 760 inde
599 704 788 762 tamen
815 695 976 758 nobis
1003 695 1183 758 lucem
1213 694 1432 765 tribuit,
1467 695 1614 759 unde
1635 694 1836 756 habere
1861 702 2052 760 muta-

448 785 683 851 bilitatis
695 784 988 852 transitum
1002 783 1200 847 nescit.
1218 783 1360 854 Quis
1377 783 1548 858 igitur
1567 783 1788 858 quando
1805 800 1902 858 Pot
1921 801 2054 850 oar-

449 892 578 940 nem
605 882 887 956 appareret
913 874 1236 940 hominibus
1263 875 1538 940 incertum
1567 875 1698 945 fuit.
1729 880 1875 944 606
1905 883 2055 938 recte

451 992 600 1038 nunc
627 975 831 1038 dicitur
863 991 874 1030 :
907 975 1049 1034 Deus
1075 973 1326 1046 intelligit
1367 973 1510 1034 viam
1537 972 1670 1044 dus,
1699 979 1749 1032 et
1773 973 1886 1045 ipse
1911 971 2058 1033 novit

455 1063 816 1136 immittitis.
847 1063 930 1126 Ae
955 1062 1002 1126 si
1028 1070 1216 1136 aperte
1245 1061 1521 1127 diceretur
1552 1079 1564 1123 :
1598 1063 1868 1124 Humano
1895 1060 2058 1133 cogi-

449 1153 646 1216 tationi
662 1153 879 1216 Occulta
899 1160 1050 1222 sunt,
1073 1153 1161 1213 vel
1190 1151 1412 1227 quando
1437 1167 1536 1224 per
1551 1167 1773 1212 carnem
1794 1149 1864 1210 ad
1878 1149 2056 1213 homi-

450 1261 546 1306 nes
573 1243 842 1318 sapientia
868 1241 1078 1312 veniat,
1103 1243 1192 1304 vel
1221 1240 1502 1321 quomodo
1530 1239 1677 1314 apud
1707 1241 1928 1299 Patrem
1961 1239 2060 1298 in-

449 1333 708 1404 visibilis,
734 1333 902 1393 etiam
931 1349 1057 1391 cum
1088 1331 1224 1391 foris
1241 1329 1576 1406 apparuerit,
1605 1327 1878 1402 persistat.

519 1425 572 1482 6.
605 1424 861 1497 Ejusdem
901 1423 1157 1484 adventus
1191 1427 1240 1480 st
1261 1419 1469 1480 mansio
1500 1420 1556 1476 in
1588 1419 1834 1476 cordibus
1881 1417 2062 1475 hami-

448 1531 576 1572 stum
597 1513 936 1586 ignorantur.
981 1541 1054 1562 -ο
1083 1509 1354 1580 Quamvis
1381 1508 1489 1574 hoc
1525 1507 1762 1581 intelligi
1805 1515 1864 1564 et
1899 1507 2061 1566 aliter

451 1611 645 1678 potest.
677 1605 814 1663 Nam
857 1603 950 1664 vis
976 1603 1097 1676 ejus
1141 1618 1255 1666 non
1296 1599 1752 1664 inconvenienter
1791 1598 2061 1670 accipitur

449 1691 558 1752 hoc
584 1693 766 1763 ipsum
793 1691 943 1762 quod
971 1690 1125 1751 venit
1153 1689 1224 1749 ad
1251 1706 1366 1757 cer.
1404 1705 1628 1760 seseque
1655 1688 1818 1750 nobis
1846 1688 2063 1748 intrin~

2161 608 2270 662 lum
2296 608 2495 666 intuitu
2517 626 2612 671 suo
2644 610 2832 681 (Prov.
2864 627 2964 680 xx,
3002 611 3084 682 8).
3132 610 3498 683 Respicieudo
3535 630 3760 690 namque

2159 695 2402 758 levitatis
2429 706 2630 758 nostrae
2652 699 2797 758 mala
2824 698 3092 768 coercuit,
3122 707 3178 758 et
3206 716 3408 774 magna
3433 702 3630 762 merits
3650 719 3756 764 ma-

2161 785 2406 848 turitatis
2434 787 2605 849 dedit.
2633 787 2788 847 Unde
2815 787 3001 848 adhuc
3025 787 3317 848 subditur:

2620 877 2849 937 CAPUT
2895 878 2944 936 V
2985 877 3131 952 [Rem
3165 878 3293 954 IV].

2233 967 2405 1030 Vnus.
2439 967 2528 1028 25.
2563 998 2635 1014 --
2675 968 2782 1036 Qui
2807 967 2932 1038 fecit
2949 968 3117 1028 ventis
3131 969 3364 1041 pondus.

2234 1056 2290 1114 8.
2317 1057 2542 1116 Animas
2570 1075 2732 1130 vagas
2759 1057 2874 1130 ﬁgit
2899 1063 2949 1118 et
2984 1058 3245 1130 gravitate
3272 1057 3530 1117 donat.—-
3545 1057 3763 1122 Veloci-

2165 1153 2273 1209 tate
2295 1147 2443 1210 enim
2471 1165 2536 1209 ac
2564 1147 2872 1208 subtilitate
2902 1155 3195 1210 ventorum
3227 1147 3285 1206 in
3314 1145 3596 1219 Scriptura
3623 1163 3763 1211 Iaera

2165 1238 2343 1301 solent
2361 1236 2561 1300 animm
2589 1237 2888 1310 designari,
2919 1237 3063 1299 sicut
3085 1255 3181 1310 per
3199 1237 3548 1298 Psalmistsm
3567 1237 3634 1299 de
3658 1239 3763 1302 Deo

2165 1325 2372 1390 dicitur
2389 1345 2404 1388 :
2423 1328 2444 1362 ³
2467 1327 2569 1396 Qui
2594 1329 2834 1390 ambulat
2861 1345 3020 1400 super
3045 1344 3249 1400 pennas
3281 1333 3552 1389 ventorum
3597 1327 3762 1398 (Psai.

2167 1434 2285 1485 cur,
2317 1418 2396 1489 3);
2429 1417 2488 1476 id
2516 1425 2618 1486 est,
2649 1419 2746 1492 qui
2774 1418 3180 1490 transgreditur
3193 1418 3427 1478 virtutes
3439 1417 3761 1480 animarum.

2168 1505 2320 1566 Fecit
2346 1522 2474 1579 ergo
2496 1507 2678 1566 ventis
2707 1507 2944 1581 pondus,
2975 1507 3105 1582 quis
3140 1507 3273 1566 dum
3302 1523 3539 1580 superna
3566 1505 3764 1578 sapiens

2168 1595 2245 1658 tia
2265 1597 2438 1669 replet
2466 1597 2700 1666 animas,
2722 1614 2812 1658 eas
2842 1599 2863 1636 ι
2882 1598 3200 1658 maturitate
3229 1597 3408 1658 indita
3435 1611 3628 1669 graves
3643 1594 3765 1658 red-

2169 1684 2280 1752 dit;
2315 1702 2426 1746 non
2455 1687 2552 1746 illa
2592 1687 2863 1760 gravitate
2893 1705 3001 1761 qua
3036 1687 3274 1748 dicitur:
3316 1686 3449 1746 Filii
3479 1685 3763 1752 hominum,

450 1796 608 1838 secus
633 1779 901 1839 infundit.
932 1780 1114 1840 Locus
1140 1795 1274 1838 vero
1301 1777 1419 1850 ejus
1447 1778 1512 1841 iit
1538 1795 1653 1846 cor,
1683 1777 1754 1839 ad
1782 1778 1931 1851 quod
1963 1795 2054 1836 ve-
2094 1797 2141 1862 Β
2171 1791 2434 1846 usquequo
2455 1777 2476 1814 ⁵
2505 1777 2661 1849 gravi
2685 1777 2842 1836 corde
2872 1777 3047 1846 (Psal.
3091 1793 3173 1846 rv,
3215 1776 3310 1848 3)?
3338 1774 3508 1836 Aliud
3540 1790 3766 1852 namque

451 1867 612 1934 niens
657 1877 962 1941 permanet.
1007 1871 1086 1928 De
1122 1868 1229 1929 hac
1254 1867 1458 1942 quippe
1485 1868 1578 1928 vis
1619 1867 1774 1928 illius
1811 1867 2056 1934 dicitur:

461 1961 573 2018 Vox
591 1961 872 2016 ciansantis
884 1961 943 2016 in
956 1961 1178 2030 deserto,
1195 1967 1388 2033 parate
1404 1961 1420 1996 ¹
1444 1960 1587 2016 viam
1607 1960 1824 2020 Domini
1839 1961 2055 2032 (Matth.

449 2066 536 2120 III,
559 2051 616 2124 3)
645 2068 659 2119 ;
693 2051 750 2108 id
774 2059 875 2120 est,
893 2050 1131 2114 incorde
1148 2057 1331 2115 vestro
1358 2049 1603 2114 venienti
1619 2051 1914 2124 Sapientis:
1944 2052 2057 2108 adi-

449 2147 568 2199 tum
608 2147 862 2211 reserste,
903 2140 1049 2201 sicut
1077 2141 1213 2202 alias
1243 2139 1450 2202 dicitur
1489 2158 1501 2202 :
1536 2142 1647 2204 iter
1683 2140 1844 2211 facite
1885 2141 1933 2198 ei
1961 2141 2058 2213 qui

447 2231 680 2287 ascendit
707 2249 866 2304 super
891 2249 1130 2288 omasum
1165 2231 1338 2304 (Psal.
1372 2247 1547 2300 van,
1576 2231 1654 2304 5).
1687 2230 1863 2304 Super
1889 2245 2058 2290 occa—

449 2337 572 2380 sum
610 2320 719 2380 fuit
746 2320 1056 2391 ascendere,
1093 2321 1269 2394 ipsam
1300 2329 1533 2382 mortem
1563 2337 1727 2395 quam
1756 2321 2058 2393 pertulerat

448 2412 782 2484 resurgendo
809 2428 1110 2487 superasse.
1133 2412 1228 2469 Ait
1255 2429 1384 2484 ergo
1409 2429 1420 2469 :
1445 2413 1518 2470 Ei
1532 2412 1624 2483 qui
1637 2411 1870 2468 ascendit
1897 2429 2059 2483 super

447 2518 708 2570 meum,
741 2502 840 2561 iter
869 2501 1029 2574 facite
1056 2520 1078 2568 ;
1127 2501 1185 2560 id
1223 2510 1328 2572 est,
1367 2502 1674 2576 resurgenti
1715 2501 1956 2559 Domino
1995 2501 2055 2558 in

450 2591 648 2648 vestris
661 2591 919 2650 cordibus
945 2607 1042 2666 per
1055 2587 1222 2651 ﬁdem
1241 2591 1391 2650 viam
1407 2591 1662 2663 prinbete.
1689 2590 1834 2651 Hine
1852 2589 2052 2654 Joanui

449 2695 548 2753 par
571 2681 828 2754 spiritum
858 2680 1066 2740 dicitur
1095 2680 1353 2740 :Praibis
1375 2687 1497 2740 ante
1515 2679 1706 2750 faciem
1725 2681 1946 2741 Domini
1959 2683 2057 2753 pa.

450 2785 576 2828 rare
601 2771 717 2828 vias
744 2770 860 2842 ejus
892 2771 1054 2841 (Luc.
1088 2787 1128 2838 ι,
1161 2769 1275 2841 76).
1307 2768 1570 2842 Quisquis
1609 2769 1814 2830 etenim
1845 2770 2058 2842 prsidi—

447 2861 624 2920 nsnde
651 2878 684 2920 a
697 2861 954 2919 sordibus
972 2860 1237 2918 vitiorum
1259 2859 1428 2919 corda
1443 2859 1786 2920 audientium
1802 2861 2054 2931 mundat,

449 2950 692 3010 venienti
723 2949 1008 3025 sapientiai
1041 2949 1188 3008 viam
1218 2957 1504 3022 praeparat.
1539 2949 1714 3009 Habet
1741 2966 1872 3022 ergo
1905 2950 2053 3012 viam

445 3041 551 3099 ista
576 3041 864 3116 sapientia,
897 3039 1060 3096 habet
1088 3047 1142 3096 et
1173 3039 1358 3098 locum
1392 3055 1404 3096 :
1439 3039 1600 3100 Viam
1630 3055 1742 3114 qua
1768 3039 1944 3108 Venit,
1979 3041 2053 3098 lo~

443 3149 571 3190 cum
599 3148 711 3206 quo
765 3137 972 3199 manet,
1001 3128 1294 3225 sicutipsa
1312 3128 1404 3225 ait
1437 3145 1450 3225 ς
1483 3129 1542 3184 Si
1595 3129 1716 3202 quis
1733 3129 1923 3225 ditigit
1948 3147 2052 3198 me,
2089 3163 2133 3225 ο

443 3237 734 3276 sermonem
756 3237 931 3275 meum
959 3218 1188 3275 ambit
1217 3235 1232 3285 ;
1273 3223 1324 3275 st
1348 3218 1514 3276 Pater
1539 3235 1684 3275 meus
1711 3219 1894 3291 diliget
1910 3237 2048 3286 eum,

445 3316 496 3367 et
519 3311 593 3370 ad
619 3326 736 3365 sum
751 3309 1036 3374 veniemus,
1064 3314 1113 3364 et
1137 3307 1462 3366 mansionem
1480 3309 1626 3379 apud
1663 3325 1780 3367 cum
1797 3309 2054 3380 faciemus

445 3399 636 3470 (Jean.
667 3414 789 3466 xxv,
822 3397 940 3468 18).
973 3395 1080 3454 Via
1107 3403 1195 3455 est
1219 3395 1392 3468 igitur
1419 3412 1528 3470 qua
1555 3397 1730 3466 venit,
1763 3399 1918 3456 locus
1945 3417 2053 3473 quo

449 3493 652 3547 manet.
687 3488 709 3530 ³
729 3485 834 3544 Sed
863 3502 974 3560 quo
1000 3485 1175 3556 venit,
1207 3501 1328 3558 qu
1357 3483 1562 3560 ubique
1589 3495 1670 3543 est
1687 3487 1716 3545 τ
1743 3489 1832 3544 An
1863 3488 2052 3546 venire

447 3583 528 3634 est
555 3576 836 3650 sapientiae
855 3592 953 3650 per
975 3573 1446 3637 illuminationem
1468 3575 1669 3632 mentis
1684 3585 1884 3635 nostrai
1906 3578 2050 3636 indi-

445 3682 570 3724 care
595 3665 943 3740 praesentiam
966 3662 1270 3736 maiestatis
1295 3681 1408 3720 sum
1425 3664 1454 3720 φ
1486 3665 1557 3720 Et
1585 3663 1715 3737 quia
1731 3664 2054 3724 hominibus

447 3751 720 3810 incertum
737 3759 824 3810 est
841 3753 929 3809 vel
959 3751 1019 3809 in
1038 3750 1200 3824 cujus
1225 3767 1322 3809 cor
1339 3751 1548 3820 veniat,
1576 3751 1664 3810 vel
1693 3750 1751 3813 in
1771 3769 1880 3825 quo
1909 3760 2052 3826 post-

445 3857 611 3916 quam
639 3842 853 3902 venerit
870 3841 1243 3916 permanando
1262 3840 1596 3914 requiescat,
1613 3849 1759 3899 recte
1787 3857 1938 3900 nunc
1966 3843 2052 3902 di.

443 3931 626 3996 citur:
656 3932 800 3989 Deus
827 3930 1074 4004 intelligit
1098 3930 1240 3991 viam
1256 3931 1394 4001 ejus,
1421 3936 1471 3986 st
1488 3929 1600 4002 ipse
1625 3931 1772 3990 stovit
1793 3934 1961 3990 locum
1988 3933 2052 3991 iis

446 4021 570 4088 lius,
599 4021 730 4096 quia
756 4021 930 4080 solius
959 4019 1167 4078 divina
1195 4019 1432 4078 visionis
1449 4026 1534 4082 est
1563 4035 1809 4090 eernere,
1826 4022 1914 4080 vel
1931 4021 2051 4096 qui-

441 4109 549 4168 bus
573 4111 754 4168 modis
789 4112 1103 4171 intellectus
1130 4109 1414 4184 sapientiai
1449 4109 1520 4168 ad
1547 4127 1644 4169 cor
1672 4110 1919 4170 hominis
1943 4130 2052 4170 ve~

444 4199 582 4268 niat,
609 4199 698 4254 vel
725 4197 884 4270 cujus
911 4216 1068 4258 mens
1093 4200 1440 4260 intellectum
1459 4199 1612 4268 vitae,
1642 4216 1807 4272 quem
1838 4219 2036 4274 peree~

443 4289 607 4363 perit,
629 4288 930 4346 mortiferis
955 4289 1384 4360 cogitationibus
1410 4305 1524 4345 non
1551 4289 1794 4350 amittat.
1823 4293 1897 4350 Et
1919 4293 2050 4366 quia

443 4377 564 4436 hinc
606 4378 797 4444 eadem
825 4377 1093 4450 sapientia
1125 4393 1222 4450 per
1261 4377 1628 4434 humanitatis
1658 4378 1890 4450 gratiam
1933 4398 2044 4438 ma-

441 4468 702 4528 niteatsta
727 4467 786 4524 in
805 4467 1023 4526 cunctis
1049 4467 1244 4526 mundi
1272 4466 1523 4540 partibus
1539 4467 1840 4528 electorum
1868 4469 2048 4533 fuerat

441 4559 608 4616 corda
629 4559 930 4633 repletura,
963 4566 1110 4616 recte
1137 4559 1432 4618 subditur:

897 4667 1125 4725 CAPUT
1173 4666 1249 4724 1v
1288 4664 1427 4742 [Vet.
1460 4667 1586 4744 nr].

510 4775 680 4834 Vnus.
713 4775 802 4843 24.
833 4807 904 4827 ι-
930 4779 1050 4858 Ipse
1097 4777 1234 4834 etaim
1281 4779 1408 4859 ﬁnes
1463 4779 1648 4836 mundi
1687 4779 1946 4862 intuetur,
1996 4789 2044 4838 et

435 4873 615 4932 omnia
641 4891 762 4947 qua:
786 4873 882 4930 sub
910 4877 1038 4932 creto
1075 4882 1199 4931 sunt
1227 4875 1460 4948 respicit.

498 4964 644 5021 Deus
668 4981 766 5022 nos
807 4963 1132 5036 respiciendo
1171 4981 1272 5037 per
1312 4963 1544 5037 gratiam
1582 4964 1861 5037 reformat.
1887 4999 1959 5011 —
1987 4970 2040 5027 7.

433 5052 718 5134 Respicere
746 5051 952 5136 quippe
979 5052 1080 5115 Dei
1120 5060 1203 5110 est
1233 5069 1298 5110 ea
1325 5070 1448 5133 quae
1475 5053 1677 5114 amissa
1717 5073 1782 5124 ac
1828 5057 2046 5134 perdita

510 5268 733 5342 {Garri}.
765 5269 1107 5342 Μηλιεῦσι,
1137 5271 1281 5328 viam
1307 5270 1543 5328 Domini.

505 5337 530 5418 ξ
549 5339 630 5402 Ita
657 5339 786 5418 Mss.
805 5341 878 5418 Iit
893 5341 951 5396 in
965 5337 1168 5418 poster.
1191 5343 1396 5418 Edltis,
1427 5343 1516 5398 sed
1535 5341 1750 5418 quando
1767 5341 1906 5418 venit
1927 5359 2049 5415 quat

435 5407 624 5485 ubique
664 5415 758 5466 est.
807 5409 900 5485 At
926 5407 1262 5485 pimierenda.
1316 5407 1401 5476 est
1437 5407 1626 5472 nosira
1679 5413 1864 5485 lectio,
1914 5407 2042 5470 nam

435 5479 647 5560 qududg
673 5497 789 5560 non
836 5479 906 5537 ad
925 5479 1116 5560 locum
1155 5485 1251 5542 sed
1287 5485 1355 5543 ad
1383 5494 1603 5560 tempus
1633 5479 1871 5558 pertinet
1903 5504 1916 5554 ;
1949 5486 2044 5544 hic

447 5550 590 5633 vero.
605 5550 673 5607 de
701 5551 824 5633 loco
852 5551 1052 5633 agitur_.

507 5621 788 5696 {‘Gemeti,
818 5621 912 5696 qui
937 5624 1200 5696 ambulas.

508 5692 584 5776 ﬁt
617 5692 1161 5776 baudw‘imaturitate
1199 5694 1358 5752 solita
1395 5715 1606 5772 graves.
1652 5699 1810 5756 Alter
1836 5695 2039 5766 Laud.,

436 5765 746 5821 maturitate
773 5766 854 5822 vel
882 5765 1112 5823 inditata
1144 5783 1354 5839 graves.

2167 1875 2248 1924 est
2267 1881 2489 1939 gravem
2524 1883 2640 1924 esse
2686 1884 2783 1941 per
2811 1868 3132 1936 consilium,
3179 1865 3332 1926 aliud
3362 1882 3460 1938 per
3486 1871 3634 1934 60⁸1
3657 1881 3765 1939 Pec-

2167 1974 2372 2033 catum;
2398 1966 2552 2024 aliud
2579 1975 2662 2024 est
2684 1985 2907 2040 gravem
2928 1983 3045 2024 esse
3062 1969 3085 2004 ⁸
3105 1983 3202 2040 per
3219 1965 3610 2034 constantiam,
3625 1963 3767 2026 aliud

2167 2071 2263 2128 per
2289 2056 2528 2130 culpam.
2561 2059 2670 2114 Ista
2697 2058 2844 2116 enim
2877 2059 3116 2130 gravitas
3145 2058 3364 2130 pondus
3385 2057 3551 2114 habet
3571 2055 3766 2124 oneris,

2165 2145 2264 2201 illa
2293 2145 2538 2204 virtutis.
2572 2147 2797 2205 Pondus
2824 2164 2952 2220 ergo
2982 2147 3269 2220 accipiunt
3281 2147 3503 2216 animm,
3533 2145 3768 2203 utabin-

2167 2235 2413 2292 tbntlone
2437 2238 2536 2293 Dei
2565 2254 2680 2294 non
2703 2237 2820 2310 jam
2851 2237 2962 2294 levi
2984 2245 3141 2294 motu
3164 2233 3634 2306 desiliant,sedin
3648 2250 3767 2291 sum

2165 2324 2277 2386 ﬁxa
2306 2328 2326 2362 ⁷
2356 2328 2680 2385 constantia
2699 2328 2966 2401 gravitate
2989 2327 3317 2386 consistant.
3337 2324 3542 2386 Adhuc
3569 2323 3665 2382 ille
3685 2339 3769 2397 po-

2165 2415 2328 2486 pulus
2355 2417 2552 2474 leviter
2583 2419 2926 2488 movebatur,
2958 2418 3026 2475 de
3041 2435 3153 2491 quo
3173 2434 3269 2490 per
3283 2415 3612 2490 prophetam
3632 2412 3770 2470 dici-

2166 2511 2292 2562 tur:
2327 2506 2476 2562 Abiit
2493 2525 2658 2579 vagus
2686 2508 2743 2564 in
2770 2509 2915 2564 viam
2942 2507 3120 2562 cordis
3137 2507 3224 2562 sui
3238 2506 3418 2572 ;viam
3437 2505 3552 2576 ejus
3580 2503 3772 2569 vidi,et

2165 2594 2342 2652 dimisi
2369 2613 2486 2652 eum
2527 2596 2686 2668 (Isai.
2719 2614 2857 2666 LVII,
2891 2596 3002 2668 i7).
3037 2597 3216 2652 Grave
3253 2602 3438 2651 autem
3476 2591 3769 2651 consilium

2165 2684 2348 2742 cordis
2377 2702 2600 2742 omnem
2631 2684 3063 2744 inconstantiam
3093 2683 3402 2756 vagatlonis
3432 2682 3686 2754 expellit.
3707 2681 3772 2738 Et

2165 2775 2426 2849 quoniam
2448 2784 2578 2834 sunt
2606 2776 2808 2834 animm
2827 2792 2948 2848 quae
2972 2774 3080 2830 levi
3112 2779 3268 2829 motu
3297 2788 3447 2828 nunc
3476 2771 3605 2840 ista,
3629 2785 3770 2827 nunc

2164 2863 2262 2920 illa
2288 2865 2625 2936 desiderant,
2657 2865 3008 2938 omnipotens
3054 2865 3222 2930 Deus,
3270 2861 3402 2935 quia
3449 2861 3602 2935 ipsas
3629 2861 3770 2916 leves

2163 2954 2549 3014 ﬂuctuationes
2566 2957 2836 3014 mentium
2853 2973 2964 3013 non
2978 2953 3173 3011 leviter
3187 2960 3402 3026 pensat,
3425 2951 3768 3024 vagationem

2162 3044 2346 3101 cordis
2372 3045 2739 3118 relinquendo
2767 3045 3056 3116 dijudicat.
3097 3043 3205 3099 Sed
3249 3059 3377 3099 cum
3409 3057 3507 3115 per
3535 3039 3764 3114 gratiam

2162 3133 2387 3204 respicit
2414 3149 2607 3206 vagam
2625 3140 2888 3199 mentem,
2921 3131 2979 3187 in
2999 3129 3220 3188 consilii
3249 3129 3612 3188 stabilitatem
3632 3128 3766 3203 ﬁgit.

2161 3225 2326 3281 Recte
2353 3239 2480 3295 ergo
2508 3239 2660 3280 nunc
2672 3222 2910 3287 dicitur;
2940 3222 3044 3290 Qui
3062 3221 3187 3296 fecit
3207 3222 3372 3278 ventis
3387 3221 3626 3292 pondus,
3645 3219 3768 3293 quia

2161 3328 2288 3369 cum
2317 3313 2464 3370 leves
2492 3319 2675 3370 motus
2703 3311 2876 3368 animi
2899 3310 3330 3368 misericorditer
3344 3310 3610 3382 dignatur
3624 3310 3769 3384 aspi-

2162 3419 2304 3472 cere,
2335 3403 2487 3460 hunc
2514 3403 2771 3474 protinus
2799 3401 2870 3458 ad
2889 3401 3216 3459 constantiae
3255 3389 3638 3464 maturitatem
3667 3400 3767 3462 ior-

2162 3499 2295 3548 mat.
2337 3493 2438 3549 Vel
2482 3499 2629 3548 certe
2659 3491 2840 3547 ventis
2871 3490 3090 3564 pondus
3122 3490 3299 3548 facere
3343 3497 3428 3547 est
3455 3506 3764 3548 concessam

2161 3581 2255 3639 hic
2273 3582 2463 3640 electis
2477 3582 2544 3639 de
2572 3580 2877 3640 virtutibus
2891 3580 3147 3654 gloriam,
3165 3580 3428 3654 permists
3445 3579 3766 3638 inﬁrmitate

2159 3679 2484 3745 temporum.
2517 3669 2676 3730 Unde
2698 3679 2753 3728 et
2781 3669 3082 3729 subditur:

2776 3779 3005 3837 CAPUT
3043 3778 3138 3835 VI.

2231 3890 2368 3955 Iern.
2400 3919 2472 3930 —
2497 3889 2574 3945 Et
2597 3905 2767 3958 aquas
2795 3888 3049 3967 appendit
3077 3904 3348 3947 mensura.

2231 3980 2285 4043 9.
2312 3979 2538 4038 Virtutes
2552 3977 2830 4033 electorum
2838 3977 3118 4049 permista,
3132 3994 3196 4036 ne
3215 3977 3570 4052 extollantur,
3603 3975 3766 4056 inﬁr-

2157 4068 2337 4129 mitate
2365 4073 2712 4142 temperat.—
2728 4067 2902 4142 Aquae
2916 4066 2975 4124 in
2991 4065 3272 4146 Scriptura
3288 4081 3440 4127 sacra
3464 4064 3766 4142 aliquando

2158 4157 2426 4235 Spiritum
2455 4163 2730 4229 sanctum,
2758 4157 3058 4237 aliquando
3079 4157 3367 4214 scientiam
3388 4172 3628 4234 sacram,
3656 4155 3766 4213 ali-

2158 4247 2378 4320 quando
2408 4247 2698 4306 scientiam
2737 4263 2986 4322 pravam,
3005 4246 3305 4322 aliquando
3322 4246 3763 4319 tribulationem,

2156 4337 2454 4418 aliquando
2495 4336 2798 4396 deﬂuentes
2844 4337 3078 4415 populos
3119 4381 3135 4407 ,
3175 4335 3473 4416 aliquando
3506 4337 3529 4374 ⁸
3558 4342 3766 4393 mentes

2156 4427 2322 4484 ﬁdem
2367 4425 2738 4506 sequentium,
2785 4429 2808 4464 ⁹
2853 4427 3139 4500 designare
3181 4427 3378 4482 solent.
3424 4426 3530 4482 Per
3568 4440 3763 4502 aquam

2076 4533 2126 4592 Β
2155 4517 2358 4598 quippe
2385 4517 2562 4576 sancti
2595 4515 2834 4592 Spiritus
2882 4517 3090 4573 lnfusio
3123 4515 3464 4590 designatur,
3513 4515 3664 4572 sicut
3707 4512 3763 4570 in

2151 4608 2454 4682 Evangelio
2480 4607 2715 4664 dicitur:
2753 4607 2859 4676 Qui
2886 4608 3050 4663 credit
3079 4607 3133 4662 in
3161 4625 3262 4675 me,
3295 4607 3431 4662 sicut
3450 4607 3583 4662 dicit
3611 4605 3764 4664 Scri-

2144 4707 2335 4773 ptura,
2363 4701 2585 4772 ﬂumina
2605 4700 2668 4758 de
2697 4705 2876 4756 ventre
2901 4700 3017 4774 ejus
3044 4702 3208 4776 (luent
3235 4717 3388 4771 aquis
3414 4699 3548 4756 viva:
3579 4700 3758 4772 (Joan.

2151 4807 2254 4862 vn,
2285 4790 2400 4864 38).
2420 4789 2524 4846 Ubi
2539 4789 2876 4864 evangelista
2903 4796 3124 4850 secutus
3136 4786 3397 4868 adjunxlt
3421 4789 3565 4854 :Hoc
3590 4793 3761 4845 autem

2151 4878 2292 4935 dixit
2318 4879 2380 4934 de
2418 4877 2648 4950 Spiritu,
2691 4893 2843 4949 quem
2882 4879 3148 4950 accepturi
3189 4886 3344 4934 erant
3395 4879 3665 4934 credentes
3707 4875 3760 4930 in

2151 4985 2288 5024 eum.
2339 4969 2579 5026 Rursum
2607 4983 2704 5041 per
2740 4983 2939 5042 aquam
2975 4984 3129 5026 sacra
3157 4968 3388 5025 scientia
3417 4967 3758 5040 designatur,

2153 5057 2296 5116 sicut
2321 5057 2558 5116 dicitur:
2607 5057 2766 5129 Aqua
2805 5057 3077 5130 sapientiai
3121 5057 3384 5121 salubris
3423 5056 3637 5130 potabit
3679 5069 3759 5109 eos

2225 5273 2247 5352 εξ
2276 5270 2448 5352 Quod.
2481 5279 2537 5328 et
2563 5271 2774 5340 Germ.,
2802 5286 2989 5352 graves
3009 5271 3180 5327 corde.

2225 5344 2247 5377 ⁸
2276 5341 2506 5414 :l‘uron.,
2533 5358 2632 5414 per
2649 5341 3041 5414 conscientiam.

2223 5414 2244 5447 "
2275 5412 2486 5470 Bellov.
2516 5412 2618 5469 eu
2651 5413 2850 5482 Laud.,
2881 5413 3192 5470 constantia
3217 5413 3502 5470 suavitate.

2223 5484 2350 5555 “ita
2392 5485 2554 5542 Corb.
2605 5481 3100 5555 Germ.,Bellovq
3146 5485 3376 5554 Turon.,
3429 5481 3752 5550 Vindoc.,i

2148 5553 2320 5628 Laud.
2341 5557 2400 5610 In
2416 5557 2632 5628 Norm.,
2653 5557 2775 5628 ﬁdei
2793 5553 3101 5628 documenta
3117 5553 3464 5626 sequentium.
3481 5556 3545 5612 In
3567 5555 3752 5628 Germ.

2148 5631 2204 5680 et
2223 5625 2486 5700 _Es_scusis,
2525 5625 2782 5700 bonorum
2821 5627 2946 5700 ﬁdei
2967 5625 3380 5698 medicamenta
3408 5626 3753 5698 sequentium.

2219 5696 2242 5732 ⁸
2265 5695 2476 5772 Germ.,
2505 5699 2792 5772 ἀθήρων-ί.
