3946 6418
176 372 258 429 illi

951 360 1325 418 MORALIUM
1364 361 1499 421 LIB.
1541 359 1697 424 XIX.
1740 388 1814 413 -η
1852 358 2082 426 CAPUT
2120 361 2358 422 XXVIII
2396 364 2458 418 B.
2500 364 2644 421 JOB.

3368 367 3470 430 ΠΒ

172 466 343 540 (Ereti.
374 479 467 530 xv,
496 461 577 532 3).
610 460 713 515 Per
729 474 927 533 aquam
949 475 1167 535 quoque
1194 475 1364 532 prava
1391 460 1625 516 scientia
1652 475 1740 532 ap-
1774 460 1825 520 Α
1854 457 1967 521 illis
2005 458 2311 516 virtutibus
2347 460 2669 524 ostendebat
2705 464 2844 541 quid
2883 476 3207 547 acceperat,
3247 468 3308 535 in
3348 466 3472 535 istis

172 553 337 631 pellari
362 550 516 617 solet,
560 548 705 606 sicut
757 549 904 621 apud
946 549 1295 605 Salomonem
1354 548 1577 617 mulier,
1625 564 1747 621 quas
1856 547 2279 605 inﬁrmitatibus
2322 548 2428 615 hoc
2473 550 2623 625 quod
2670 562 2950 626 acceperat
2995 556 3364 624 custodiebat.
3404 560 3470 625 In

168 658 337 722 typum
364 642 626 698 haereseos
645 646 817 706 tenet,
833 636 1055 694 callidis
1082 636 1434 695 suasionibus
1457 636 1750 693 blanditur

169 737 335 795 dicens
362 750 374 788 :
404 731 573 800 Aquas
598 726 819 798 furtiva!
845 728 1109 784 dulciores
1139 736 1261 785 sunt
1288 728 1481 800 (Prov.
1516 744 1597 792 ιι,
1630 724 1747 799 17).

167 828 418 898 Aquarum
446 818 614 874 etiam
629 816 855 877 nomine
873 833 1274 891 nonnunquam
1304 818 1483 874 solent
1512 815 1748 872 tribuis.

166 916 320 973 tiones
331 908 584 980 intelligi,
602 907 747 967 sicut
762 923 859 981 per
874 908 1224 965 Psalmistam
1253 907 1493 967 dicitur:
1531 907 1751 965 Salvum

161 1022 232 1063 me
253 1003 354 1074 fac,
386 1000 551 1065 Deus,
595 997 849 1070 quoniam
888 997 1227 1059 intraverunt
1266 1016 1422 1070 aqua
1472 1014 1636 1069 usque
1679 996 1753 1053 ad

160 1094 373 1151 animum
396 1105 565 1149 meam
588 1089 773 1160 (Psal.
818 1105 1019 1157 vam,
1048 1089 1129 1161 2).
1190 1089 1291 1144 Per
1332 1104 1531 1161 aquam
1560 1086 1753 1161 populi

157 1182 512 1254 designantur,
548 1178 693 1236 sicut
711 1194 808 1251 per
835 1179 1103 1240 Joannem
1124 1177 1333 1234 dicitur
1358 1195 1369 1233 ε
1413 1178 1584 1249 Aquas
1628 1193 1751 1233 vero

156 1280 269 1330 sunt
286 1271 469 1345 populi
502 1270 692 1343 (Apoc.
725 1286 869 1339 xvu,
903 1270 1018 1341 15).
1039 1270 1141 1325 Per
1161 1286 1361 1343 aquam
1391 1285 1611 1343 quoque
1640 1283 1754 1325 non

155 1361 319 1418 solum
358 1359 545 1416 ﬂuxus
585 1357 997 1414 decurrentium
1051 1358 1405 1429 populorum,
1448 1357 1545 1414 sed
1584 1356 1753 1413 etiam

153 1451 406 1508 bonorum
453 1456 688 1516 mentes,
732 1446 863 1505 fidei
894 1445 1323 1518 prmdicamenta
1372 1445 1753 1519 sequentium,

151 1539 518 1611 designantur,
550 1537 693 1599 sicut
722 1535 989 1609 propheta
1015 1536 1094 1591 ait
1122 1553 1135 1595 :
1170 1536 1325 1592 Beati
1360 1536 1455 1607 qui
1482 1534 1754 1591 seminatis

150 1646 298 1702 super
323 1643 687 1697 omnesaqu
718 1625 876 1697 (Isai.
910 1642 1096 1694 χχχιι,
1127 1624 1244 1699 20).
1275 1627 1349 1682 Et
1376 1642 1473 1699 per
1526 1622 1753 1683 Psalmi-

146 1728 281 1777 stam
306 1718 549 1775 dicitur:
583 1718 693 1777 νοω
720 1714 938 1773 Domini
964 1732 1124 1787 super
1151 1732 1321 1786 aquas
1341 1716 1515 1788 (Psal.
1547 1730 1754 1783 xxvm,

1860 638 2140 701 miraculis
2168 640 2579 703 monstrabatur
2606 640 2779 720 Elias,
2802 640 2863 707 in
2895 642 3315 714 inﬁrmitatibus
3342 664 3473 716 ser-

1859 728 2115 788 vabatur.

1934 818 2020 875 ii.
2065 820 2140 876 Et
2174 818 2338 881 Pauli
2363 826 2585 883 mortem
2612 820 2949 895 destinantis,
2978 828 3076 883 aut
3111 822 3324 887 Satanas
3352 831 3472 890 ten-

1863 908 2083 963 tationes
2102 908 2373 983 patientis.
2408 940 2479 960 -ι
2505 908 2597 974 Sic
2634 911 2869 975 Paulum
2900 910 3063 973 video
3095 911 3392 977 fluminum
3419 920 3475 979 et

1861 996 2163 1073 latronum,
2194 997 2439 1057 civitatis
2467 1005 2521 1056 et
2549 998 2893 1075 solitudinis,
2916 1000 3084 1065 maris
3110 1018 3176 1065 ac
3205 1010 3365 1065 terras
3386 1017 3475 1084 pe-

1860 1086 2039 1147 ricula
2065 1086 2429 1147 sustinentem
2466 1089 2556 1167 (II
2584 1090 2709 1153 Car.
2743 1108 2824 1162 χι,
2855 1092 2973 1168 26),
3001 1092 3310 1157 frenanmm
3333 1090 3475 1169 ieiu-

1862 1178 1995 1249 niis,
2015 1194 2079 1236 ac
2094 1178 2303 1255 vigiliis
2317 1195 2536 1254 corpus,
2551 1179 2923 1251 sustinentem
2942 1182 3170 1257 frigoris
3188 1189 3244 1247 et
3260 1181 3477 1248 nudita-

1863 1267 1937 1326 tis
1979 1285 2304 1339 aerumnam,
2344 1269 2413 1327 ad
2450 1270 2811 1337 ecclesiarum
2840 1272 3151 1337 custodiam
3182 1272 3478 1347 vigilanter

1864 1374 1922 1415 se
1952 1374 2015 1416 ac
2052 1359 2397 1433 pastoraliter
2419 1362 2438 1395 ⁷
2478 1370 2855 1432 exercentem,
2896 1362 2967 1421 ad
3004 1362 3233 1427 tertium
3273 1363 3476 1429 malum

1865 1456 2110 1523 raptum,
2132 1466 2461 1525 rursumque
2482 1467 2607 1511 eum
2630 1452 2689 1513 in
2711 1452 3027 1527 paradisum
3048 1461 3267 1527 raptum
3286 1453 3474 1527 (Ibid,

1864 1554 1969 1615 xu,
1999 1537 2082 1615 4),
2114 1546 2169 1596 et
2193 1539 2409 1597 audisse
2438 1557 2639 1605 arcana
2667 1542 2835 1603 verba
2862 1559 2985 1621 qua!
3016 1558 3128 1608 non
3149 1542 3279 1607 licet
3298 1541 3475 1607 homi-

1865 1626 1926 1683 ni
1972 1627 2157 1705 loqui;
2209 1636 2264 1685 et
2308 1637 2493 1691 tamen
2539 1632 2754 1695 Satanae
2793 1632 2988 1703 angelo
3033 1630 3099 1695 ad
3150 1630 3476 1697 tentandum

1867 1718 2193 1776 conceditur
2243 1720 2408 1793 (Ibid.
2470 1738 2575 1790 xu,
2620 1723 2700 1796 7),
2733 1730 2855 1785 oret
2883 1729 2946 1785 ut
2973 1722 3150 1785 eximi
3178 1721 3393 1791 debeat,
3424 1728 3480 1778 et

147 1809 223 1881 3).
257 1808 370 1865 Hoc
388 1823 520 1881 ergo
548 1806 605 1863 in
622 1806 745 1866 loco
772 1805 908 1880 quid
927 1821 1196 1879 aquarum
1225 1804 1452 1863 nomine
1479 1804 1588 1862 nisi
1618 1804 1757 1863 elec-
1784 1825 1832 1888 Β
1866 1825 1978 1865 non
2009 1808 2328 1871 exauditur.
2374 1808 2545 1884 Cujus
2580 1826 2711 1873 cum
2757 1810 2881 1887 ipsa
2907 1810 3071 1873 initia
3095 1811 3116 1846 ⁸
3144 1809 3480 1875 οοηγθηίου-

144 1906 319 1959 torum
333 1897 507 1957 corda
521 1896 831 1970 signantur,
855 1913 976 1970 quas
993 1912 1089 1969 per
1108 1895 1455 1953 intellectum
1473 1894 1757 1967 sapientiai

146 1989 386 2047 auditum
409 1986 537 2060 jam
571 2003 827 2060 superna:
856 1986 1010 2044 vocis
1046 1986 1421 2059 acceperunt?
1449 1988 1528 2043 De
1556 1985 1760 2059 quibus

144 2086 280 2137 recte
307 2078 553 2137 dicitur:
597 2080 672 2135 Et
697 2094 868 2148 aquas
909 2077 1163 2150 appendit
1204 2093 1481 2133 mensura.
1533 2075 1678 2150 [Vet.
1709 2083 1760 2133 et

146 2171 256 2227 Rea.
287 2168 409 2243 V.].
444 2167 595 2237 Quia
634 2166 814 2229 sancti
870 2166 976 2240 ipsi
1023 2167 1119 2241 qui
1165 2168 1183 2204 ί
1212 2173 1403 2223 sancto
1437 2165 1761 2225 sublevante

142 2258 344 2332 Spiritu
377 2257 452 2315 ad
495 2273 713 2315 summa
740 2255 1055 2329 rapiuntur,
1101 2256 1351 2331 quandiu
1408 2257 1467 2313 in
1507 2255 1613 2314 hac
1642 2256 1761 2314 vita

142 2356 283 2418 sunt,
311 2364 381 2405 ne
403 2348 599 2421 aliqua
625 2346 863 2404 elatione
889 2345 1233 2419 superbiant,
1266 2346 1599 2421 quibusdam
1628 2354 1763 2404 ten-

142 2438 439 2499 tationibus
467 2437 876 2511 reprimuntur,
896 2443 961 2495 ut
977 2453 1327 2511 nequaquam
1355 2445 1577 2494 tantum
1598 2437 1761 2511 proii-

140 2545 252 2589 cere
277 2528 515 2588 valeant
533 2534 803 2601 quantum
824 2528 1043 2596 volunt,
1062 2526 1157 2584 sed
1190 2543 1261 2584 ne
1288 2528 1632 2584 extollantur
1658 2542 1764 2583 su—

146 2618 347 2690 perbis,
378 2618 458 2681 sit
481 2617 547 2674 in
586 2617 667 2674 eis
713 2616 959 2690 ipsarum
987 2617 1240 2691 qundam
1268 2632 1528 2677 mensura
1571 2616 1763 2674 virtu-

142 2716 270 2766 tum.
870 2720 879 2725 ‘

208 2797 290 2854 i0.
332 2798 500 2867 Quod
518 2799 869 2872 conﬁrmatur
921 2800 1160 2870 exemplo
1184 2797 1326 2855 Elia
1353 2798 1645 2862 Iezabelsm
1660 2797 1764 2869 fua-

140 2886 334 2958 gientis.
370 2918 451 2937 ---
484 2887 629 2944 Hinc
657 2893 742 2942 est
768 2887 917 2945 enim
935 2887 1083 2956 quod
1103 2887 1256 2943 Elias
1270 2886 1404 2942 dum
1433 2895 1521 2943 tot
1544 2887 1765 2943 virtuti-

146 2977 235 3036 bus
296 2983 463 3045 608
514 2976 576 3034 in
629 2976 740 3032 alta
812 2976 1156 3048 profecisset,
1198 2974 1439 3047 quadarn
1508 2991 1767 3031 mensura

140 3090 438 3149 suspensus
489 3080 597 3141 est,
644 3071 779 3132 dum
840 3073 1054 3129 Iezabel
1115 3072 1469 3146 postmodum
1514 3071 1767 3146 quamvis

141 3165 406 3257 reginam,
440 3170 634 3257 tamen
664 3161 1050 3257 mulierculam
1080 3162 1222 3257 fugit
1252 3162 1520 3257 (IIIReg.
1555 3179 1655 3257 xix
1684 3162 1764 3237 3).
1801 3193 1846 3257 ο

138 3253 429 3327 Perpendo
461 3252 672 3326 quippe
714 3250 867 3307 hunc
895 3250 1050 3306 miras
1080 3250 1304 3309 virtutis
1332 3251 1541 3321 virum,
1582 3252 1765 3325 ignem

137 3342 198 3399 de
225 3344 369 3401 calo
409 3341 658 3411 trahere,
690 3343 714 3382 ³
748 3348 803 3396 et
831 3340 1075 3397 secundo
1115 3340 1620 3415 quinquagenarios
1638 3359 1766 3399 eum

133 3433 243 3489 suis
270 3432 554 3489 omnibus
581 3428 848 3503 petitione
865 3428 1049 3485 subita
1069 3446 1442 3499 concremare,
1476 3430 1646 3487 verbo
1662 3448 1766 3490 cm-

136 3522 213 3578 los
240 3539 273 3579 a
306 3520 538 3595 pluviis
565 3519 842 3588 claudere,
873 3517 1043 3575 verbo
1070 3520 1243 3575 caelos
1285 3519 1355 3576 ad
1384 3520 1603 3593 pluvias
1630 3536 1770 3592 apev-

133 3611 258 3681 rire,
288 3610 671 3669 suscitantem
701 3616 970 3677 mortuos,
1003 3609 1025 3643 ³
1055 3616 1293 3666 ventura
1315 3626 1544 3684 quaeque
1575 3610 1769 3684 przevi-

133 3699 356 3757 dentem
393 3719 408 3768 ;
444 3708 508 3757 et
536 3715 660 3757 ecce
701 3715 894 3757 rursus
921 3697 1111 3755 animo
1142 3698 1408 3768 occurrit,
1427 3716 1538 3773 quo
1567 3716 1769 3773 pavore

131 3800 253 3849 ante
302 3807 495 3851 unam
544 3788 930 3847 mulierculam
985 3788 1208 3862 fugerit.
1242 3788 1543 3846 Considera
1585 3790 1769 3847 virum

134 3883 152 3922 ⁸
172 3883 383 3940 timore
402 3882 735 3956 perculsum
753 3879 821 3936 de
842 3895 1010 3936 manu
1035 3880 1135 3936 Dei
1157 3887 1391 3936 mortem
1425 3887 1629 3953 petere,
1670 3896 1773 3939 nec

131 3973 387 4047 accipere
411 3991 427 4039 ;
465 3970 541 4027 de
570 3986 738 4027 manu
770 3969 1020 4025 mulieris
1037 3977 1270 4026 mortem
1292 3968 1557 4043 fugiendo
1573 3969 1768 4027 vitare.

133 4061 439 4129 Querebat
462 4059 621 4116 enim
652 4066 883 4116 mortem
903 4060 1037 4117 dum
1059 4060 1292 4134 fugeret,
1310 4059 1499 4117 dicens
1523 4077 1535 4116 :
1562 4060 1776 4133 Sufﬁcit

132 4155 276 4220 mihi,
343 4154 485 4209 tolle
539 4150 776 4207 animans
814 4167 986 4206 meam
1003 4168 1207 4222 ;neque
1252 4150 1391 4205 enim
1431 4150 1621 4207 melior
1658 4167 1776 4207 sunt

133 4259 289 4313 quam
313 4248 522 4315 patres
548 4239 650 4295 mei
672 4239 864 4313 (Ibid,
880 4257 1003 4311 xix,
1025 4240 1107 4311 4).
1140 4238 1296 4296 Unde
1324 4255 1452 4313 ergo
1472 4239 1554 4297 sic
1579 4247 1776 4312 potens

133 4340 189 4389 ut
212 4339 300 4389 tot
330 4332 471 4388 illas
503 4329 745 4386 virtutes
774 4329 941 4387 faciat
960 4330 990 4388 7
1016 4329 1163 4386 unde
1193 4329 1276 4386 sic
1309 4328 1591 4399 inﬁrmus,
1621 4336 1684 4385 ut
1698 4329 1777 4386 ita

134 4421 405 4478 feminam
442 4419 827 4494 pertimescat,
861 4418 973 4475 nisi
1023 4418 1166 4492 quia
1193 4435 1348 4492 aquae
1388 4417 1777 4492 appenduntur

136 4525 422 4579 mensura,
463 4516 538 4566 ut
565 4508 672 4582 ipsi
700 4508 880 4567 sancti
912 4508 1011 4565 Dei
1032 4508 1288 4565 homines
1316 4516 1371 4564 et
1399 4510 1636 4565 multum
1666 4524 1777 4564 va-

137 4599 282 4657 leant
300 4617 406 4673 per
425 4598 747 4673 potentiam
778 4598 901 4666 Dei,
933 4606 988 4657 et
1008 4614 1227 4657 rursum
1258 4598 1495 4671 quadam
1512 4613 1773 4655 mensura

138 4689 411 4747 moderati
444 4688 572 4746 sint
610 4704 706 4761 per
734 4687 1117 4744 inﬁrmitatem
1138 4704 1293 4745 suam
1316 4689 1345 4746 7
1374 4690 1437 4745 in
1466 4687 1579 4745 illis
1598 4688 1772 4744 virtu-

139 4780 259 4839 ibus
276 4783 441 4839 Elius
470 4779 620 4855 quid
639 4778 706 4835 de
748 4780 864 4835 Deo
891 4786 1196 4851 acceperat,
1227 4779 1287 4835 in
1324 4778 1445 4836 istis
1486 4777 1779 4835 inﬁrmita-

138 4872 284 4932 tibus
310 4877 334 4917 ⁸
378 4872 533 4948 quid
578 4871 647 4929 de
694 4886 752 4928 se
795 4887 912 4928 esse
981 4877 1217 4943 poterat,
1280 4869 1629 4943 agnoscebat.
1682 4868 1783 4925 Illa

140 4967 386 5036 potentia
402 4966 606 5022 virtus
624 4963 752 5032 fuit,
770 4963 876 5020 ista
889 4962 1185 5020 infirmitas
1203 4971 1391 5021 custos
1427 4962 1702 5019 virtutis.“
1718 4962 1782 5018 In

213 5168 230 5203 ί
270 5168 504 5237 Germ.,
524 5163 736 5238 quiksuo
768 5165 968 5238 Mante
990 5162 1218 5237 Spiritu.
1239 5163 1402 5221 Deest
1422 5161 1590 5219 etiam
1603 5168 1781 5219 sancto

144 5236 199 5296 in
238 5240 265 5296 i
288 5235 492 5297 Laud.
518 5235 577 5292 et
607 5235 772 5294 Corb.
805 5236 990 5293 Germ.

210 5312 234 5349 ³
271 5313 340 5369 in
370 5308 608 5368 omnib.
639 5309 768 5365 Mss.
798 5308 1012 5376 Germ.,
1040 5307 1257 5377 Norm.,
1288 5304 1487 5376 Laud.,
1519 5304 1783 5377 Vindoc.,

146 5381 305 5439 Corb.
340 5384 579 5448 Germ.,
611 5387 741 5447 etc.,
772 5379 849 5435 ita
869 5372 1092 5451 legitur,
1114 5372 1255 5436 non}
1292 5385 1339 5433 et
1363 5372 1587 5451 secundo
1629 5372 1786 5449 quin;

146 5456 405 5581 pnuaginta
415 5454 599 5509 viros.
611 5495 647 5508 ..
668 5451 919 5522 petitione
928 5448 1164 5533 subdita,
1183 5458 1243 5507 ut
1260 5457 1342 5532 est
1361 5450 1420 5505 in
1439 5448 1622 5535 Editis
1637 5448 1779 5523 post.

229 5528 353 5581 sola.
431 5527 722 5581 Gussanv.
766 5522 1000 5579 habetur
1045 5524 1431 5581 quinquaginta
1474 5536 1640 5581 viros,
1685 5537 1779 5581 pro

229 5518 353 5584 sola
431 5518 722 5597 Gussanv.
766 5522 1000 5579 habetur
1045 5521 1431 5597 quinquaginta
1474 5518 1656 5587 viros;
1685 5537 1784 5593 pro

148 5595 677 5668 quinquagenarias.

216 5672 237 5706 ³
277 5663 343 5743 In
366 5663 510 5727 aliis
531 5666 668 5736 Ed.,
696 5671 923 5723 ventura
941 5683 1166 5743 quoque,
1194 5665 1342 5740 quod
1362 5665 1420 5720 in
1450 5663 1622 5723 nullis
1648 5663 1778 5720 Mss.

151 5741 511 5799 invenimus.

218 5814 240 5853 ‘
278 5816 367 5873 Ita
406 5825 621 5872 omnes
647 5810 776 5869 Mss.
806 5808 1017 5879 nostri;
1064 5827 1197 5887 non,
1240 5809 1423 5867 timore
1449 5823 1778 5883 percussum,

1868 1896 1957 1955 nis
1987 1897 2216 1977 aspicio,
2246 1898 2527 1977 perpendo
2565 1898 2716 1981 quod
2757 1898 2809 1963 ei
2848 1915 3085 1977 superna
3113 1900 3287 1979 pietas
3313 1899 3481 1961 oculos

1868 1987 2063 2067 aperit,
2094 2005 2321 2067 seseque
2349 1989 2434 2053 illi
2463 1990 2619 2053 Jesus
2646 1988 2715 2055 de
2741 1988 3077 2053 sublimibus
3101 1986 3480 2063 οιωηᾶῆοοιιὶ

1868 2079 2059 2141 lumen
2087 2079 2335 2159 corporis
2361 2080 2433 2141 ad
2460 2088 2680 2157 tempus
2699 2080 2964 2162 perdidit,
2986 2082 3176 2145 lumen
3204 2080 3389 2143 cordis
3421 2078 3480 2139 in

1868 2176 2196 2246 perpetuum
2226 2170 2552 2251 accepitM
2564 2171 2839 2237 Ananiam
2870 2171 3116 2233 mittitur
3134 2171 3279 2245 (Act.
3298 2186 3380 2243 ιχ,
3398 2169 3479 2243 7),

1870 2274 1970 2319 vas
2007 2258 2295 2321 electionis
2325 2268 2587 2329 vocatur;
2638 2269 2693 2319 et
2722 2268 2904 2319 tamen
2934 2260 3001 2321 de
3031 2260 3257 2319 civitate
3289 2257 3481 2319 eadem

1871 2363 2035 2424 quam
2065 2356 2187 2422 post
2215 2349 2489 2407 visionem
2518 2351 2647 2409 Jesu
2665 2350 2944 2424 ingressus
2964 2349 3145 2413 fuerat
3165 2348 3383 2423 fugiens
3401 2362 3481 2411 re-

1871 2436 2040 2509 cedit,
2070 2437 2215 2496 sicut
2240 2437 2359 2513 ipse
2385 2446 2617 2501 testatur
2637 2439 2859 2505 dicens:
2892 2437 3144 2499 Damsci
3163 2437 3483 2511 prepositus

1869 2527 2037 2605 gentis
2084 2526 2262 2591 Areto;
2308 2528 2446 2605 regis
2482 2529 2803 2591 custodiebat
2828 2528 3091 2590 civitatein
3118 2528 3484 2591 Damoetae-

1871 2633 2017 2685 rum,
2048 2622 2106 2677 ut
2130 2634 2212 2679 me
2230 2619 2720 2691 comprehenderet;
2740 2625 2789 2682 et
2799 2636 2901 2696 per
2918 2618 3207 2693 fenestram
3226 2616 3284 2675 in
3299 2622 3485 2690 sporta

1874 2709 1895 2744 ⁸
1916 2708 2145 2769 amissus
2191 2726 2310 2769 sum
2345 2727 2446 2789 per
2485 2726 2723 2777 murum,
2762 2715 2813 2771 et
2851 2709 2926 2768 sic
2948 2707 3110 2782 eﬂ‘ugi
3138 2712 3328 2771 manus
3369 2706 3486 2781 ejus

1877 2795 1967 2868 (II
1999 2796 2125 2854 Cor.
2163 2814 2246 2867 χι,
2276 2797 2394 2870 32).
2427 2797 2529 2855 Cui
2576 2799 2808 2856 licenter
2845 2798 3030 2856 dicam
3062 2814 3074 2853 :
3121 2797 3167 2854 Ο
3198 2796 3384 2862 Paule,
3425 2794 3485 2859 in

1874 2885 2014 2941 coelo
2038 2884 2153 2956 jam
2183 2886 2370 2943 Iesum
2413 2886 2711 2965 conspicis,
2750 2895 2805 2943 et
2834 2887 2893 2944 in
2921 2894 3069 2944 terra
3096 2884 3279 2942 adhuc
3308 2882 3486 2939 homi-

1876 2987 2004 3027 nem
2030 2973 2218 3044 fugis?
2244 2976 2308 3035 In
2338 2974 2654 3046 paradisum
2681 2975 2924 3045 duceris,
2956 2984 3164 3033 secreta
3191 2974 3291 3031 Dei
3320 2972 3489 3029 verba

1874 3059 2183 3133 cognoscis,
2212 3067 2268 3116 et
2295 3060 2478 3121 adhuc
2505 3078 2537 3117 a
2565 3063 2780 3119 Satanas
2811 3065 3005 3135 angelo
3032 3062 3309 3119 tentaris?
3331 3059 3487 3118 Unde

1874 3149 1956 3206 sic
1985 3150 2167 3226 fortis,
2199 3157 2261 3206 ut
2288 3149 2358 3206 ad
2377 3150 2620 3207 coelestia
2633 3150 2907 3223 rapiarls?
2927 3151 3083 3208 Unde
3101 3150 3183 3207 sic
3210 3149 3487 3216 inﬁrmus,

1877 3247 1940 3295 ut
1968 3240 2027 3295 in
2057 3247 2203 3295 terra
2230 3240 2517 3298 hominem
2544 3242 2744 3313 fugias,
2774 3248 2830 3297 et
2855 3241 3043 3301 adhuc
3070 3259 3103 3299 a
3130 3242 3344 3299 Satanas
3393 3256 3489 3297 an-

1875 3329 1999 3402 gelo
2025 3328 2256 3388 adversa
2282 3331 2504 3400 toleres,
2547 3330 2657 3388 nisi
2696 3330 2827 3404 quis
2865 3330 2980 3403 ipse
3021 3331 3116 3405 qui
3146 3338 3201 3389 te
3231 3330 3487 3389 sublevat

1873 3432 2093 3475 rursum
2123 3419 2487 3478 subtilissima
2512 3427 2567 3477 te
2595 3435 2852 3477 mensura
2881 3419 3229 3491 moderatur,
3259 3428 3323 3479 ut
3349 3426 3403 3477 et
3430 3418 3491 3476 in

1876 3510 2160 3575 miraculis
2174 3512 2287 3571 tuis
2308 3511 2468 3569 nobis
2486 3511 2751 3585 praedices
2767 3511 3031 3573 virtutem
3047 3511 3172 3581 Dei,
3194 3518 3248 3567 et
3268 3526 3490 3569 rursum

1877 3604 1937 3667 in
1967 3606 2168 3662 timore
2209 3613 2309 3664 tuo
2346 3603 2630 3662 reminisci
2660 3620 2775 3661 non
2800 3603 2971 3661 facias
3000 3603 3347 3661 inﬁrmitatis
3372 3619 3491 3658 ne-

1875 3695 2043 3753 stras?
2084 3695 2216 3763 Quae
2257 3702 2444 3753 tamen
2491 3693 2787 3751 inﬁrmitas
2830 3710 2899 3750 ne
2944 3694 3003 3750 in
3051 3692 3491 3767 desperationem

1878 3800 1981 3842 nos
2009 3785 2291 3858 pertrahat
2330 3801 2461 3841 cum
2504 3785 2706 3861 pulsat,
2753 3784 2888 3841 dum
2932 3783 3000 3840 de
3043 3781 3369 3840 infirmitate
3397 3789 3493 3841 tua

1879 3874 2183 3931 Dominum
2225 3891 2465 3949 rogares,
2507 3878 2653 3937 609
2696 3873 2828 3951 quia
2875 3872 3100 3930 auditus
3128 3887 3241 3929 non
3271 3889 3350 3942 es,
3381 3889 3494 3931 nov

1880 3968 1968 4025 bis
1994 3986 2212 4044 quoque
2239 3970 2459 4028 locutus
2477 3988 2536 4028 es
2564 3969 2700 4044 quid
2728 3968 2933 4027 audisti
2968 3985 2980 4023 :
3016 3966 3217 4041 Suﬁcit
3237 3965 3329 4020 tibi
3356 3980 3494 4036 gra-

1882 4061 1959 4118 tia
1985 4078 2121 4131 utea,
2150 4078 2278 4117 nam
2304 4062 2477 4117 virtus
2504 4062 2562 4117 in
2589 4059 2898 4133 inﬁrmitate
2917 4055 3199 4130 perﬁcitur
3228 4054 3319 4126 (II
3364 4054 3490 4111 Cor.

1881 4167 1986 4220 xu,
2017 4152 2100 4224 9).

1955 4239 2097 4315 [νει.
2154 4239 2273 4316 γι]
2324 4241 2462 4299 12¹⁰
2509 4240 2698 4298 Custos
2740 4237 2953 4295 virtutis
2981 4243 3056 4293 est
3082 4235 3391 4312 inﬁrmitas.
3424 4263 3496 4277 -—

1882 4331 2089 4403 Aperta
2117 4346 2246 4403 ergo
2274 4346 2409 4388 voce
2439 4329 2538 4387 Dei
2569 4327 2883 4386 ostenditur
2903 4326 3033 4403 quia
3062 4335 3248 4389 custos
3277 4334 3359 4384 est
3386 4324 3496 4382 vir-

1882 4419 2021 4477 tutis
2049 4419 2364 4479 lnﬁrmitas.
2398 4421 2556 4477 Tunc
2584 4418 2788 4499 quippe
2816 4417 2957 4476 bene
2993 4417 3230 4475 interius
3258 4413 3497 4474 custodi-

1885 4526 2031 4580 mur,
2062 4528 2188 4569 cum
2217 4529 2316 4586 per
2343 4510 2813 4584 dispensationem
2844 4507 2944 4565 Dei
2974 4506 3337 4564 tolerabiliter
3364 4513 3497 4562 ten-

1878 4605 2086 4670 tamur,
2109 4601 2353 4659 exterius
2371 4599 2670 4674 aliquando
2692 4598 2866 4667 vitiis,
2889 4596 3187 4670 aliquando
3208 4595 3495 4669 pressaris.

1888 4696 2024 4752 Nam
2055 4692 2134 4749 eis
2163 4707 2379 4765 quoque
2409 4706 2546 4763 quos
2562 4689 2712 4745 viros
2731 4686 2994 4745 novimus
3010 4685 3181 4743 fuisse
3201 4684 3497 4753 virtutum,

1888 4783 2220 4841 tentationes
2247 4787 2411 4854 atque
2450 4777 2754 4835 certamina
2798 4793 2913 4834 non
2956 4775 3179 4833 defuere
3208 4774 3497 4840 vitiorum,

1890 4874 2033 4931 Hinc
2059 4880 2141 4930 est
2169 4872 2317 4928 enim
2348 4868 2496 4944 quod
2517 4868 2587 4925 ad
2606 4867 3041 4926 consolationem
3063 4872 3309 4923 nostram
3325 4862 3498 4920 isdem

1889 4963 2216 5037 praedicator
2241 4960 2489 5034 egregius
2518 4958 2586 5016 de
2613 4975 2670 5016 se
2698 4956 2954 5032 quaedam
2980 4956 3113 5013 talia
3144 4952 3375 5028 prodere
3402 4950 3501 5007 di-

1890 5170 1953 5220 ut
1981 5162 2040 5219 in
2069 5160 2252 5221 Vatic.
2286 5167 2342 5219 et
2368 5159 2645 5217 Gussanv.
2839 5225 2887 5231 __
2916 5217 2959 5231 _,

1965 5236 1987 5271 ⁵
2018 5233 2182 5292 Corb.
2215 5234 2424 5302 Germ.,
2456 5232 2712 5287 Bcccens.
2757 5232 2814 5283 et
2839 5220 3011 5291 Utié.,
3041 5220 3172 5296 quid
3197 5220 3405 5289 deesse;
3432 5222 3493 5280 in

1891 5304 2245 5381 aliisimelius
2272 5304 2492 5381 quidde
2517 5319 2571 5357 se
2592 5304 2823 5381 poteqat.

1966 5381 1988 5415 δ
2018 5369 2298 5448 Vindoc,
2312 5375 2369 5430 in
2395 5373 2508 5429 illis
2540 5369 2849 5448 amicalibus.
3133 5442 3144 5448 Α
3291 5437 3323 5448 _
3444 5436 3455 5448 .

1963 5451 1984 5485 ⁷
2016 5447 2240 5515 Vulgati
2268 5437 2476 5502 recent.
2496 5459 2634 5515 cum
2676 5440 2887 5515 Germ.,
2931 5442 3244 5496 exerentem.
3290 5437 3501 5515 Sequi-

1893 5514 2018 5575 mur
2057 5508 2184 5574 Mss.
2217 5518 2451 5583 Turon.,
2482 5512 2681 5580 Vind,
2708 5510 2926 5582 Norm.,
2957 5517 3088 5580 etc.,
3119 5517 3173 5569 et
3200 5508 3497 5585 antiquio-

1891 5607 1977 5647 res
2005 5592 2271 5646 Excuses.

1965 5664 1987 5698 ³
2015 5660 2213 5727 Vind.,
2242 5655 2677 5715 conservationis.

1963 5736 1985 5771 ο
2019 5735 2043 5789 1
2085 5731 2259 5789 Laud.
2292 5737 2347 5787 et
2372 5730 2587 5803 Norm.,
2617 5726 2892 5795 demissus.

1968 5806 2012 5841 ¹⁰
2042 5804 2316 5877 Plerique,
2344 5807 2544 5875 aperte.
