3946 6370
496 321 599 379 103

1695 323 1942 384 SANGTI
1980 325 2332 407 GREGORII
2365 330 2519 389 MAG
2530 331 2604 390 Nl

3716 347 3813 408 104

494 420 712 525 gnam,
741 447 933 540 dicens
963 463 985 540 :g
1017 447 1175 540 Video
1201 447 1372 506 aliam
1399 450 1560 524 legem
1582 448 1642 540 in
1669 449 1916 507 membris
1941 449 2096 520 meis,
2123 455 2174 516 Α
2204 454 2477 514 vocabitur
2503 459 2562 516 in
2579 477 2740 534 regno
2768 465 3038 525 calorum.
3061 466 3206 536 Quid
3231 473 3411 526 autem
3428 469 3633 540 rma,
3652 479 3701 530 et
3724 475 3810 532 do-

492 544 868 612 repugnantem
887 536 988 611 legi
1002 536 1191 594 mentis
1206 555 1351 606 uteie,
1378 544 1429 596 et
1454 537 1719 612 captivum
1730 556 1809 595 me
1826 539 2092 596 ducentem

492 626 550 684 in
577 628 684 701 lege
704 625 927 700 peccati,
944 633 1154 700 quaest
1169 625 1230 683 in
1245 627 1490 684 membris
1506 627 1634 684 meis
1655 627 1832 700 (Rom.
1849 645 1950 698 vn,
1972 627 2092 704 23).

490 713 581 773 Ad
608 715 722 772 ima
750 713 955 789 quippe
982 714 1256 789 pertrahit
1281 732 1432 786 caro,
1460 731 1533 774 ne
1558 716 1790 773 extollat
1816 715 2046 790 spiritus
2077 733 2092 776 :

495 803 514 839 ¹
543 809 600 860 et
625 801 698 860 ad
723 818 940 860 summa
979 802 1154 861 trahit
1197 803 1448 877 spiritus,
1495 818 1566 860 ne
1610 811 1919 876 prosternat
1945 820 2094 863 caro.

492 889 733 964 Spiritus
760 891 928 962 levat,
974 907 1044 949 ne
1073 891 1357 966 jaceamus
1381 891 1442 950 in
1471 891 1710 961 inﬁmis;
1743 909 1871 951 caro
1898 909 2102 968 aggra-

492 986 608 1049 vat,
644 996 715 1038 ne
755 980 1093 1042 extollamur
1134 999 1205 1041 ex
1233 981 1484 1041 summis.
1535 982 1594 1040 Si
1634 999 1747 1040 non
1776 982 2102 1042 sublevante

491 1069 695 1144 spiritu
720 1086 822 1128 nos
848 1087 978 1130 caro
1003 1079 1261 1142 tentaret,
1294 1073 1317 1108 ³
1344 1072 1679 1146 perfectione
1706 1075 1897 1148 procul
1928 1073 2103 1133 dubio

492 1158 812 1216 tentationis
837 1176 950 1218 suae
979 1159 1039 1218 in
1066 1160 1178 1218 ima
1205 1160 1484 1235 dejiceret.
1507 1163 1746 1221 Rursum
1764 1179 1897 1220 vero
1915 1161 1962 1220 si
1984 1179 2098 1220 non

493 1257 734 1308 tentante
763 1265 926 1309 carne
954 1249 1024 1307 ad
1050 1267 1267 1319 summa
1294 1267 1396 1308 nos
1421 1250 1654 1325 spiritus
1680 1251 2011 1322 sublevaret,
2041 1251 2103 1308 in

489 1339 759 1414 superbiae
787 1356 921 1399 casu
949 1340 1069 1414 ipsa
1088 1357 1189 1398 nos
1217 1339 1372 1414 pejus
1389 1341 1773 1399 sublevatione
1793 1348 2101 1414 prosterne-

487 1434 590 1484 ret.
624 1427 730 1486 Sed
757 1427 823 1486 ﬁt
848 1435 1000 1486 certo
1030 1429 1404 1487 moderamine
1445 1437 1508 1488 ut
1553 1430 1686 1487 dum
1718 1429 2102 1503 unusquisque

485 1523 803 1574 sanctorum
827 1515 946 1590 jam
975 1517 1199 1592 quidem
1230 1516 1467 1576 interius
1504 1518 1576 1576 ad
1614 1533 1832 1576 summa
1863 1517 2100 1591 rapitur,

484 1604 582 1662 sed
609 1604 792 1664 adhuc
820 1613 1066 1667 tentatur
1091 1605 1362 1676 exterius,
1398 1623 1501 1666 nec
1537 1606 1940 1681 desperationis
1968 1606 2102 1680 lap—

485 1708 632 1764 sum,
681 1708 785 1751 nec
831 1694 1090 1752 elationis
1134 1694 1405 1765 incurrat,
1444 1697 1706 1770 quoniam
1736 1713 1839 1754 nec
1865 1695 2102 1754 tentatio

486 1782 730 1840 exterior
739 1782 961 1856 culpam
974 1782 1212 1858 perﬁcit,
1233 1783 1366 1858 quia
1382 1783 1614 1842 interior
1630 1786 1866 1844 intentio
1881 1802 2102 1844 sursum

486 1868 688 1940 trahit;
739 1884 844 1927 nec
886 1885 1111 1928 rursum
1148 1870 1388 1930 intentio
1419 1871 1654 1931 interior
1690 1873 1750 1930 in
1777 1873 2094 1948 superbiam

486 1957 686 2028 elevat,
717 1956 848 2032 quia
873 1957 1106 2016 tentatio
1146 1959 1394 2017 exterior
1422 1958 1687 2019 humiliat
1715 1960 1850 2020 dum
1878 1971 2090 2036 gravat.

486 2046 686 2122 Sicque
712 2062 913 2120 magno
940 2046 1137 2106 ordine
1163 2048 1550 2123 cognoscimus
1581 2051 1642 2109 in
1671 2051 1925 2110 interiori
1952 2068 2096 2126 pro-

484 2134 635 2193 fectu
662 2135 799 2210 quid
826 2134 1152 2209 accipimus,
1190 2137 1252 2194 in
1285 2137 1550 2196 exteriori
1578 2139 1799 2198 defectu
1826 2138 1962 2215 quid
1989 2157 2098 2199 su-

486 2241 631 2282 mus.
661 2225 736 2281 Et
761 2224 906 2282 miro
936 2225 1103 2283 modo
1131 2226 1333 2300 agitur,
1373 2235 1438 2285 ut
1465 2245 1568 2288 nec
1595 2228 1664 2288 de
1692 2229 1900 2287 virtute
1928 2229 2096 2304 quis-

485 2331 654 2389 quam
693 2314 890 2372 extolli
930 2314 1148 2386 debeat,
1177 2333 1280 2374 nec
1307 2316 1378 2374 de
1404 2319 1709 2376 tentatione
1732 2323 1752 2356 ³
1781 2319 2095 2394 desperem,

484 2402 616 2476 quia
642 2401 773 2460 dum
804 2403 1031 2476 spiritus
1056 2403 1248 2475 trahit,
1268 2413 1324 2463 et
1351 2424 1479 2465 caro
1497 2407 1751 2476 retrahit,
1781 2408 2094 2466 subtilissi—

483 2508 576 2551 mo
597 2490 800 2566 judicii
828 2491 1036 2550 interni
1065 2493 1464 2567 moderamine,
1493 2497 1642 2554 infra
1666 2514 1906 2568 summa,
1921 2506 1978 2555 et
2004 2515 2094 2555 su-

483 2595 583 2654 pra
608 2579 802 2637 inﬁma
828 2579 888 2637 in
916 2580 1157 2655 quodam
1184 2582 1370 2641 medio
1402 2585 1591 2642 anima
1618 2585 1906 2642 liberatur.
1947 2586 2097 2643 Bene

483 2684 614 2742 ergo
657 2666 865 2726 dicitur
896 2685 910 2726 :
942 2670 1020 2727 Et
1062 2688 1234 2744 aquas
1277 2674 1535 2746 appendit
1577 2691 1849 2732 mensura.
1890 2673 2097 2749 Sequi-

482 2763 624 2817 tur:

1095 2884 1327 2945 CAPUT
1365 2886 1486 2945 VII.

553 2991 725 3050 Vnus.
754 2993 845 3062 26,
876 2993 967 3051 27.
998 3023 1071 3038 —
1100 2994 1325 3062 Quando
1346 2995 1579 3066 ponebat
1597 2995 1800 3068 pluviis
1839 2997 2020 3069 legem,
2046 3002 2098 3055 et

486 3082 634 3142 viam
651 3083 905 3156 procellis
931 3084 1266 3152 sonantibus,
1287 3090 1410 3141 tunc
1435 3084 1573 3142 vidit
1595 3085 1773 3154 illam,
1799 3092 1852 3167 et
1871 3104 2095 3144 enarra-

479 3171 578 3240 vit,
606 3178 657 3231 et
676 3172 1033 3244 prwparaoit,
1062 3179 1113 3229 et
1135 3173 1486 3246 investigarit.
1810 3166 1833 3172 Ἰ

553 3259 642 3317 l3.
693 3258 848 3317 Verbi
893 3258 995 3316 Dei
1042 3260 1378 3332 praeconibus
1435 3263 1521 3319 lea:
1569 3262 1766 3335 posita,
1819 3270 1879 3321 ut
1930 3283 2088 3340 opere

483 3347 741 3420 impleant
764 3347 908 3419 quod
927 3347 1239 3420 pradicant
1292 3350 1445 3407 Hanc
1474 3351 1632 3422 legem
1658 3353 1990 3411 servantibus
2015 3354 2091 3412 ad

480 3437 753 3494 hominum
791 3436 956 3493 corda
996 3437 1177 3494 aditus
1215 3444 1382 3510 patet.
1410 3469 1483 3482 -
1507 3440 1696 3498 Solent
1736 3459 1833 3516 per
1871 3443 2092 3516 pluvias

479 3525 904 3600 prmdicanﬁum
918 3525 1070 3585 dicta
1087 3527 1480 3602 signari.Unde
1493 3546 1592 3604 per
1602 3531 1830 3605 Moysen
1850 3531 2059 3590 dicitur
2073 3566 2087 3606 ε

478 3617 829 3688 Exspectetur
852 3615 989 3672 sicut
1009 3617 1199 3689 pluvia
1226 3618 1492 3689 eloquium
1504 3636 1675 3676 meum
1694 3619 1878 3693 (Deut.
1902 3637 2089 3690 χχχιι,

478 3703 562 3775 2).
593 3703 839 3772 Quorum
867 3703 1133 3763 videlicet
1160 3706 1328 3764 verba
1353 3723 1483 3766 cum
1508 3709 1710 3768 blande
1729 3709 2087 3784 persuadent,

477 3792 684 3866 pluvia:
711 3801 869 3862 sunt;
901 3811 1029 3852 cum
1059 3811 1193 3854 vero
1217 3797 1490 3857 terribilia
1515 3799 1583 3857 de
1612 3809 1848 3858 venturo
1868 3798 2088 3871 judicio

477 3881 757 3952 intonant,
777 3890 1034 3941 sonantes
1053 3885 1328 3957 procellae.
1349 3888 1423 3944 Et
1442 3888 1751 3946 notandum
1779 3886 1926 3962 quod
1947 3887 2084 3959 plu-

475 3972 585 4031 viis
610 3973 704 4031 lex
737 3973 986 4048 ponitur,
1017 3982 1078 4031 ut
1106 3971 1199 4032 via
1224 3979 1481 4050 procellis
1505 3977 1834 4036 sonantibus
1861 3975 2086 4048 aperia-

474 4070 587 4121 tur.
620 4063 738 4121 Lex
765 4063 966 4137 quippe
999 4072 1083 4122 est
1128 4064 1264 4139 ipsis
1306 4067 1762 4141 praedicatoribus
1789 4065 1990 4138 posita,
2021 4073 2083 4124 ut

475 4150 719 4209 vivendo
745 4150 1013 4224 impleant
1049 4154 1199 4226 quod
1226 4155 1506 4231 loquendo
1531 4155 1762 4214 suadere
1790 4155 2077 4214 festinant.

472 4240 613 4299 Nam
640 4238 903 4313 loquendi
932 4241 1228 4301 auctoritas
1257 4244 1532 4318 perditur,
1563 4242 1784 4317 quando
1813 4260 1928 4302 vox
1954 4260 2080 4319 ope-

473 4345 534 4388 re
553 4345 668 4388 non
685 4327 999 4402 adjuvetur.
1018 4331 1162 4392 Hinc
1179 4333 1332 4392 enim
1347 4349 1446 4407 per
1458 4330 1808 4389 Psalmistam
1837 4332 2046 4392 dicitur
2061 4351 2076 4394 :

472 4420 747 4481 Peccatori
761 4427 936 4478 autem
952 4421 1092 4480 dixit
1110 4423 1287 4481 Deus:
1319 4425 1498 4492 Quare
1523 4427 1580 4476 tu
1600 4437 1826 4477 enarras
1834 4421 2080 4492 justitias

2197 555 2368 613 cnerit
2392 557 2414 592 ³
2442 556 2539 623 sic,
2568 571 2790 630 magnus
2806 558 3079 616 vocabitur
3095 559 3151 616 in
3181 576 3338 633 regno
3365 561 3615 618 calonem
3642 562 3814 637 (Mat-

2203 647 2278 703 th.
2327 664 2387 718 v,
2435 647 2549 722 19).
2598 648 2851 720 Regnum
2892 650 3160 708 cmlorum
3210 649 3475 709 videlicet
3513 653 3810 713 Ecclesiam

2203 743 2539 809 praesentem
2574 736 2839 810 appellat,
2870 736 2941 795 de
2977 753 3087 812 qua
3127 738 3401 814 scriptum
3432 747 3520 798 est
3541 742 3638 801 :Et
3660 743 3809 801 colli-

2202 837 2324 904 gent
2346 832 2410 888 de
2435 849 2595 904 regno
2620 832 2736 904 ejus
2761 833 2944 890 omnia
2970 835 3227 892 scandala
3269 836 3493 907 (Matth.
3541 853 3668 907 χιιι,
3694 837 3808 912 41).

2206 921 2272 978 In
2298 937 2539 994 superno
2565 923 2771 980 etenim
2799 939 2970 997 regno
3006 923 3272 983 scandala
3298 941 3421 999 quae
3439 943 3511 983 ex
3539 943 3605 984 eo
3630 927 3811 1002 colligi

2207 1008 2444 1067 debeant
2471 1026 2585 1067 non
2613 1010 2908 1069 habentur.
2939 1011 3047 1082 Qui
3081 1029 3211 1087 ergo
3253 1015 3426 1073 solvit
3443 1031 3632 1090 opere,
3661 1024 3714 1073 et
3735 1014 3813 1074 sic

2210 1097 2372 1157 docet
2384 1114 2541 1168 voce,
2572 1098 2634 1156 in
2647 1097 2756 1158 isto
2773 1116 2944 1174 regno
2959 1101 3226 1160 cmlorum
3237 1103 3345 1161 erit
3360 1104 3652 1176 minimus,
3672 1106 3733 1164 in
3751 1107 3812 1165 il-

2212 1192 2269 1249 lo
2308 1207 2410 1249 nec
2446 1191 2735 1249 minimus.
2756 1190 2918 1251 Viam
2956 1201 3141 1251 autem
3195 1195 3452 1268 procellis
3493 1196 3816 1255 sonantibus

2211 1281 2420 1354 posuit,
2463 1298 2589 1339 cum
2653 1281 3108 1356 praedicatoribus
3159 1285 3275 1343 suis
3350 1286 3422 1343 ad
3477 1287 3651 1346 corda
3720 1285 3815 1344 ho-

2211 1369 2430 1428 minum
2459 1379 2668 1428 terrore
2695 1373 2917 1430 venturi
2925 1372 3127 1446 judicii
3143 1375 3392 1447 perculsa
3418 1375 3637 1433 aditum
3664 1376 3812 1434 fecit.

2210 1459 2371 1518 Prius
2424 1461 2610 1535 itaque
2664 1462 2756 1519 lex
2815 1462 3065 1535 ponitur,
3138 1471 3200 1521 ut
3254 1473 3378 1538 post
3432 1465 3665 1524 modum
3729 1465 3820 1522 via

2211 1548 2504 1622 pandatur,
2554 1550 2684 1625 quia
2746 1551 2844 1609 illa
2897 1568 3012 1610 vox
3055 1569 3152 1611 cor
3204 1553 3490 1612 audientis
3546 1562 3817 1629 penetrat,

2211 1653 2331 1712 quae
2372 1637 2480 1696 hoc
2533 1638 2683 1714 quod
2738 1642 2761 1677 ⁸
2823 1656 2919 1698 ore
2975 1641 3245 1712 senuerit,
3303 1659 3468 1718 opere
3500 1651 3815 1702 conservat.

2212 1726 2378 1802 [Van
2437 1728 2589 1804 Ἧι]
2620 1729 2778 1790 Tunc
2830 1738 3015 1790 autem
3070 1749 3199 1791 cum
3254 1733 3430 1808 legem
3508 1733 3718 1809 pluviis
3766 1741 3820 1791 et

2132 1812 2184 1876 Β
2214 1823 2362 1880 viam
2418 1821 2678 1894 procellis
2731 1823 3056 1882 sonantibus
3097 1833 3347 1898 poneret,
3388 1823 3542 1885 hanc
3593 1825 3821 1901 sapien-

2204 1916 2339 1974 tiam
2383 1915 2532 1972 Deus
2575 1911 2739 1983 vidit,
2791 1913 3089 1984 enarravit,
3141 1916 3496 1989 praeparavit,
3551 1924 3609 1974 et
3648 1916 3819 1974 inve-

2204 2004 2448 2080 stigavit.
2481 2004 2692 2062 Usitata
2705 2005 2845 2062 sacri
2872 2005 3078 2079 eloquii
3106 2005 3421 2064 locutione"
3455 2006 3651 2064 videre
3678 2008 3822 2064 Deus

2203 2094 2432 2164 dicitur,
2457 2093 2646 2151 videre
2672 2111 2774 2151 nos
2802 2093 3001 2163 facere,
3031 2094 3176 2152 sicut
3208 2092 3362 2168 justo
3390 2094 3519 2154 viro
3542 2095 3822 2154 Dominus

2203 2184 2372 2245 dicit:
2407 2185 2561 2244 Nunc
2587 2185 2802 2258 cognovi
2840 2185 2982 2257 quod
3020 2184 3203 2242 timeas
3231 2187 3401 2243 Deum
3427 2188 3653 2259 (Genes.
3676 2203 3819 2256 χχιι,

2206 2276 2320 2349 i2).
2349 2276 2424 2332 Et
2450 2274 2710 2332 Israelita
2738 2281 3186 2348 praemonentur:
3226 2275 3413 2332 Tentat
3432 2293 3526 2333 vos
3550 2275 3817 2333 Dominus

2202 2365 2346 2421 Dens
2363 2371 2550 2434 vester,
2582 2371 2642 2420 ut
2674 2364 2810 2422 sciat
2835 2363 2885 2420 si
2924 2364 3157 2438 diligitis
3185 2383 3304 2422 eum
3333 2367 3522 2440 (Deut.
3568 2382 3698 2435 χιιι,
3727 2364 3814 2437 3);

2204 2453 2262 2511 id
2290 2461 2394 2524 est,
2414 2460 2477 2510 ut
2503 2453 2644 2512 scire
2671 2470 2772 2512 vos
2798 2453 2983 2512 faciat.
3002 2454 3159 2511 Tunc
3176 2470 3306 2528 ergo
3334 2470 3464 2512 cum
3496 2455 3680 2528 legem
3701 2453 3819 2526 plu-

2202 2545 2313 2603 viis
2338 2552 2586 2619 poneret,
2614 2543 2723 2602 hoc
2738 2551 2822 2602 est
2838 2543 3162 2602 mandatum
3189 2542 3453 2602 custodias
3482 2541 3817 2616 praedicato-

2203 2635 2357 2694 ribus
2388 2634 2568 2705 daret,
2597 2632 2743 2692 hanc
2779 2633 3126 2693 incarnatam
3154 2630 3487 2704 sapientiam
3522 2630 3713 2689 videri
3760 2637 3816 2688 et

2201 2725 2444 2784 enarrari
2463 2741 2496 2782 a
2513 2721 2986 2799 pradicatoribus,
3001 2719 3295 2794 praeparari
3313 2726 3370 2776 et
3389 2718 3724 2792 investigari
3748 2717 3818 2776 ab

2201 2815 2552 2874 auditoribus
2578 2813 2730 2873 fecit.
2767 2809 2886 2868 Sibi
2913 2809 3120 2884 quippe
3149 2809 3308 2867 illam
3340 2807 3819 2884 praeparat,qu

2202 2905 2328 2979 quis
2354 2905 2510 2963 illam
2523 2904 2663 2962 bene
2677 2899 2920 2959 vivendo
2933 2899 2994 2958 in
3012 2899 3160 2958 diem
3175 2898 3376 2973 judicii
3395 2898 3706 2974 propitiam
3727 2912 3818 2972 pa-

2202 3002 2308 3052 rat.
2338 2996 2412 3053 Et
2451 2991 2756 3052 notandum
2792 2989 2943 3065 quod
2982 2990 3050 3049 de
3076 3007 3142 3048 ea
3181 2998 3420 3065 quatuor
3457 2988 3616 3048 dicta
3661 2994 3817 3052 sunt.

2200 3082 2298 3141 Ait
2322 3083 2474 3140 enim
2497 3099 2510 3140 :
2552 3080 2713 3150 Vidit,
2740 3079 3040 3145 enarravit,
3063 3077 3420 3151 prwparaoit,
3451 3077 3816 3153 investigarit.

2115 3170 2161 3233 C
2196 3170 2355 3229 Vidit
2380 3184 2641 3243 namque,
2663 3167 2796 3242 quia
2818 3167 3029 3242 species
3053 3174 3174 3235 est;
3197 3166 3498 3238 enarravit,
3530 3167 3669 3242 quia
3696 3183 3818 3225 ver-

2197 3259 2364 3329 bum;
2413 3257 2764 3333 prmparavit,
2811 3256 2944 3331 quia
3001 3254 3344 3325 remedium;
3422 3255 3816 3331 investigavit,

2199 3350 2331 3426 quia
2383 3349 2683 3407 occultum.
2737 3347 2848 3406 Sed
2913 3347 3021 3406 hoc
3083 3347 3233 3422 quod
3287 3353 3495 3405 aeterna
3540 3348 3652 3406 Dei
3718 3366 3820 3408 sa-

2199 3438 2410 3513 pientia
2458 3437 2670 3512 species
2713 3438 2893 3496 Patris
2947 3444 3002 3494 et
3046 3437 3293 3495 Verbum
3337 3436 3572 3509 dicitur,
3623 3454 3819 3512 quan-

2198 3529 2272 3586 do
2315 3527 2385 3585 ab
2433 3525 2679 3583 humana
2720 3533 2905 3583 mente
2949 3534 3268 3600 penetratur
3295 3527 3326 3584 ?
3364 3526 3506 3596 Quis
3569 3543 3818 3602 namque

2198 3614 2493 3688 intelligat,
2523 3615 2612 3672 vel
2640 3614 2873 3672 verbum
2891 3615 3010 3672 sine
3025 3623 3292 3690 tempore,
3321 3615 3411 3671 vel
3430 3615 3681 3688 speciem
3695 3617 3818 3674 sine

2197 3703 2710 3778 circumscriptione
2731 3705 2760 3762 7
2774 3704 3086 3762 Dicendum
3098 3698 3232 3778 ergo
3276 3710 3396 3760 erat
3406 3703 3634 3778 aliquid
3663 3703 3819 3780 quod

2196 3795 2266 3853 de
2284 3795 2383 3852 illa
2407 3795 2576 3853 homo
2603 3803 2952 3870 cognosceret
2979 3795 3039 3852 in
3067 3811 3145 3852 se.
3176 3792 3332 3852 Unde
3350 3800 3477 3868 apte
3505 3795 3816 3853 subditur:

2637 3883 2866 3943 CAPUT
2893 3884 3025 3942 vm
3053 3883 3196 3959 [Rea
3237 3881 3358 3958 Vl].

2265 3973 2437 4032 Vens.
2458 3973 2547 4032 28.
2569 4004 2642 4018 —
2667 3975 2743 4031 Et
2767 3973 2911 4030 dia-it
2935 3973 3178 4030 homini:
3219 3975 3352 4032 Ecce
3382 3973 3553 4030 timor
3585 3975 3819 4032 Domini

2193 4062 2308 4136 ipsa
2334 4068 2411 4120 est
2435 4062 2722 4136 sapientia,
2751 4069 2800 4119 et
2825 4063 3060 4119 recedere
3087 4081 3124 4120 a
3141 4063 3284 4120 malo
3314 4061 3699 4136 intelligentia.

2263 4153 2350 4211 14.
2389 4155 2561 4212 Deum
2579 4153 2764 4210 timens
2790 4152 2905 4224 ejus
2949 4152 3266 4226 sapientiam
3283 4151 3568 4225 possidere
3596 4154 3815 4226 incipit,

2186 4249 2236 4299 et
2260 4243 2320 4299 in
2344 4259 2398 4300 se
2413 4243 2692 4316 cognoscit,
2713 4258 2866 4314 quem
2883 4240 2942 4298 in
2960 4241 3129 4314 ipsius
3149 4248 3350 4299 natura
3366 4258 3686 4314 cognoscere
3710 4258 3820 4301 non

2181 4338 2370 4406 potest.
2400 4362 2475 4376 —
2499 4332 2583 4390 Ac
2632 4329 2681 4389 si
2724 4337 2912 4405 aperte
2941 4329 3254 4390 diceretur:
3310 4329 3400 4386 Ad
3440 4331 3817 4407 temetipsum

2187 4428 2355 4486 homo
2402 4434 2695 4496 revertere,
2733 4425 2919 4485 cordis
2964 4427 3050 4484 tui
3078 4433 3288 4484 secreta
3331 4435 3714 4499 perscrutare.
3756 4427 3815 4486 Si

472 4530 635 4580 meas,
663 4518 712 4569 et
735 4512 960 4569 assumis
990 4518 1348 4570 testamentum
1365 4527 1538 4566 neeum
1560 4527 1661 4582 per
1687 4527 1746 4566 os
1774 4514 1967 4570 tuum?
1997 4515 2078 4570 Tu
2103 4535 2154 4596 ι)
2184 4520 2361 4577 Deum
2397 4525 2453 4575 te
2504 4517 2702 4574 timere
2725 4515 3118 4590 deprehendis,
3156 4515 3405 4590 profecto
3431 4525 3664 4575 constat
3681 4517 3819 4592 quia

473 4620 596 4660 vero
635 4601 792 4659 odisti
826 4602 1185 4676 disciplinam,
1231 4606 1281 4656 et
1314 4597 1590 4672 projecisti
1636 4617 1896 4658 sermones
1938 4619 2076 4658 meos

473 4697 494 4733 δ
504 4701 629 4769 post
654 4701 700 4753 te
729 4695 902 4770 (Psal.
933 4711 1092 4763 xux,
1126 4692 1240 4765 16).
1277 4691 1569 4748 Sermones
1596 4690 1801 4749 etenim
1817 4693 1922 4754 Dei
1951 4701 2075 4766 post

470 4801 528 4842 se
566 4783 892 4859 praedicator
931 4780 1178 4858 projicit,
1216 4793 1346 4836 cum
1383 4777 1492 4836 hoc
1533 4779 1683 4854 quod
1724 4780 1864 4839 dicit
1890 4782 2074 4841 facere

469 4879 795 4938 contemnit.
825 4875 1059 4948 Quando
1100 4877 1286 4929 autem
1323 4870 1490 4930 dictis
1515 4871 1638 4946 ejus
1663 4875 1803 4932 alter
1826 4875 2070 4946 obediat,

469 4966 603 5025 dum
629 4966 746 5041 ipse
774 4963 985 5040 respuit
1011 4974 1175 5033 opere
1204 4958 1353 5032 quod
1391 4961 1655 5034 praedicat
1679 4980 1834 5034 voce,
1866 4973 1924 5023 et
1940 4965 2074 5024 'dis-

468 5056 693 5114 simulat
718 5055 912 5114 audire
939 5047 1091 5122 quod
1134 5049 1361 5106 narrat?
1398 5052 1476 5108 De
1519 5051 1626 5109 ista
1666 5052 2074 5126 praedicationis

471 5145 586 5218 lege
609 5146 876 5219 scriptum
903 5145 988 5195 θεῖ
1007 5149 1038 5193 τ
1066 5135 1171 5205 Qui
1195 5138 1413 5196 solverit
1437 5156 1601 5197 unum
1627 5141 1690 5198 de
1705 5143 1974 5201 inundatis
1990 5144 2062 5199 is-

471 5233 535 5289 tis
562 5236 818 5300 minimis,
862 5232 1007 5291 810
1051 5232 1101 5286 et
1144 5226 1383 5285 docuerit
1425 5229 1501 5284 sic
1538 5230 1787 5299 hominis,
1821 5232 2074 5288 minimus

543 5433 562 5469 ¹
589 5434 673 5490 Ita
699 5431 876 5505 Germ
896 5472 912 5500 ,
938 5431 1156 5505 Norm.,
1184 5431 1384 5499 Laud,
1415 5429 1578 5505 Corb.
1611 5430 1824 5502 Germ.,
1853 5441 1909 5489 et
1934 5446 2072 5505 pene

468 5519 680 5561 omnes.
707 5501 773 5559 In
795 5500 926 5561 Ed..
955 5508 1004 5558 et
1027 5503 1099 5560 ad
1125 5500 1239 5561 alta
1265 5503 1515 5561 sustollit.

541 5545 880 5665 ἰδῇ,ῑὶοῇθῖ
887 5545 1455 5665 ἀξεδξηνῗζίροῃάειςὲ.
1467 5617 1480 5631 .
1491 5618 1503 5632 .
1528 5573 1850 5665 teitt‘ationis,
1865 5573 2072 5665 'relu‘c-

471 5643 714 5715 tantibus
756 5644 884 5701 Mss.
934 5645 1145 5715 Germ.,
1177 5643 1338 5704 Corb.
1371 5648 1585 5713 Germ.,
1615 5645 1832 5713 Norm.,
1862 5643 2064 5714 Laud.,

470 5714 703 5794 Tuﬁro‘nq
731 5715 934 5794 quibus
961 5714 1315 5774 consentiunt
1340 5718 1439 5775 alii
1466 5715 1640 5773 Editi.

541 5782 564 5818 ³
594 5781 826 5844 Plurimi
853 5788 1105 5863 desperet.

2181 4606 2287 4666 hac
2313 4606 2584 4680 sapientia
2614 4607 2814 4680 plenus
2840 4621 2918 4663 es.
2952 4606 3129 4674 Quam
3175 4604 3223 4663 si
3257 4603 3445 4663 adhuc
3471 4621 3817 4681 cognoscere

2180 4712 2293 4754 non
2312 4703 2468 4769 potes
2487 4693 2625 4770 quid
2653 4694 2729 4752 sit
2756 4695 2817 4752 in
2831 4710 2911 4764 se,
2935 4693 3054 4766 jam
3082 4693 3371 4767 cognoscis
3401 4693 3644 4752 interim
3672 4695 3818 4770 quid

2179 4786 2254 4844 sit
2278 4786 2340 4842 in
2379 4786 2455 4844 te.
2485 4785 2621 4856 Quae
2664 4785 2815 4842 enim
2862 4784 3012 4859 apud
3049 4801 3107 4842 se
3146 4784 3218 4842 ab
3244 4784 3457 4858 angelis
3504 4787 3815 4859 metuitur,

2179 4874 2327 4949 apud
2354 4882 2410 4932 te
2450 4874 2621 4932 timor
2647 4873 2875 4932 Domini
2942 4882 3196 4945 vocatur,
3242 4874 3380 4950 quia
3411 4873 3565 4934 hanc
3604 4876 3817 4935 habere

2155 4971 2234 5022 .te
2262 4971 2474 5021 certum
2516 4970 2618 5032 est,
2640 4963 2688 5020 si
2715 4962 2914 5020 timere
2946 4968 3000 5018 te
3027 4964 3204 5020 Deum
3241 4962 3526 5022 incertum
3547 4980 3673 5024 non
3700 4973 3811 5024 est.

2181 5054 2325 5112 Hinc
2351 5053 2518 5110 etiam
2546 5069 2644 5126 per
2665 5053 3012 5112 Psalmistam
3035 5051 3244 5110 dicitur
3275 5070 3289 5110 :
3321 5053 3556 5112 Initium
3583 5057 3819 5130 sapien-

2171 5142 2278 5209 tia,
2309 5143 2471 5198 timor
2487 5141 2704 5198 Domini
2726 5141 2900 5214 (Psal.
2921 5158 3014 5210 ex,
3046 5140 3137 5214 10)
3162 5157 3177 5208 ;
3210 5140 3493 5215 quiatunc
3513 5151 3816 5215 penetrare

2182 5246 2278 5287 cor
2304 5228 2549 5298 inchoat,
2571 5245 2700 5286 cum
2721 5228 2827 5285 hoc
2853 5228 3089 5286 extremi
3111 5226 3314 5301 judicii
3336 5244 3545 5302 pavore
3576 5239 3819 5305 ρει-ιω..

2252 5428 2274 5463 ὀ
2314 5428 2552 5497 Gemet.,
2587 5434 2903 5493 retrorsum,
2944 5426 3291 5497 aliisNorm.
3342 5443 3474 5486 cum
3522 5427 3724 5488 Germ.
3759 5439 3816 5488 et

2181 5497 2344 5556 Corb.
2370 5496 2582 5569 Germ.,
2608 5504 2800 5571 postle,
2814 5496 3222 5571 retinentibus.

2251 5572 2275 5644 ίξ
2312 5571 2433 5628 Non
2455 5569 2676 5644 legitur,
2704 5570 2780 5644 sic
2806 5569 2867 5627 in
2896 5569 3102 5644 nostris
3122 5570 3276 5639 Mss,
3307 5570 3418 5628 nisi
3448 5570 3516 5628 in
3537 5573 3738 5632 Germ.

2258 5643 2281 5677 °
2317 5645 2479 5699 Deest
2508 5641 2598 5698 ore
2627 5641 2685 5698 in
2700 5643 2838 5714 Mss.
2862 5641 2940 5714 pl.

2249 5714 2289 5787 ζ
2303 5715 2367 5771 In
2396 5721 2601 5787 recent.
2635 5711 2892 5782 Eacusis',
2918 5711 3220 5787 eideogpei
3240 5730 3402 5787 quam
3433 5715 3762 5774 lectionem
3790 5736 3818 5763 ο·

2176 5784 2378 5860 quibus
2404 5786 2533 5843 Mss.
2565 5783 3006 5858 deprompserint
3040 5783 3317 5856 Editorés,
3347 5785 3715 5860 ignoramus.
