3946 6378
150 322 251 400 ωδ

921 331 1297 393 MORALIUM
1335 339 1468 395 LIB.
1513 341 1669 401 XIX.
1710 372 1780 385 -
1821 345 1893 403 IN
1933 348 2161 407 CAPUT
2198 350 2437 412 XXVIII
2474 357 2538 414 B.
2577 359 2719 416 JOB.

3375 367 3480 428 106

151 449 262 506 bat.
290 448 380 572 td
408 450 739 572 parvitatem
768 452 941 527 igitur
965 465 1212 516 nostram
1227 460 1456 520 divinus
1484 481 1667 522 sermo
1695 484 1756 524 se
1786 471 1836 531 A
1865 473 2150 546 cogitatio.
2184 477 2355 550 Aquae
2385 495 2514 551 ergo
2534 482 2702 539 maris
2722 483 2781 539 in
2810 494 2930 542 utre
2959 500 3296 564 congregata
3316 503 3473 572 sunt,

153 546 288 572 ειη-σι
337 539 380 572 ἕο
416 557 428 568 ι
517 539 660 572 αξη-ιιι
703 550 859 572 uno-..
904 562 1026 572 -..η
1084 552 1307 572 ..-___._1_
1347 552 1450 572 nuo,
1493 555 1507 572 1
1631 558 1664 572 ι-
2186 564 2197 572 .
2284 564 2298 572 .

152 537 383 597 attrahit
415 557 428 595 ε
466 541 484 576 ¹
516 539 663 598 sicut
703 550 859 615 pater
902 562 1031 603 cum
1084 552 1316 622 parvulo
1345 552 1463 610 tilio
1493 555 1761 629 loquitur,

154 627 299 684 utab
327 644 392 685 eo
422 629 598 701 possit
627 630 893 705 intelligi,
926 644 1121 709 sponte
1150 638 1411 698 balbutit.
1444 627 1585 712 Quia
1613 627 1763 704 enim

154 725 404 775 naturam
433 718 722 792 sapientia
742 731 1031 794 penetrare
1060 744 1173 785 non
1204 747 1497 803 possumus
1526 735 1661 808 quid
1691 738 1763 794 sit

153 807 210 865 in
250 825 327 878 se,
358 825 430 865 ex
475 811 943 871 condescensione
980 817 1081 873 Dei
1130 819 1449 880 audivimus
1498 807 1633 899 quid
1689 829 1763 884 sit

151 898 207 954 in
236 897 418 969 nobis,
446 916 575 957 cum
604 901 813 960 dicitur
844 922 856 960 :
889 906 1023 962 Ecce
1052 908 1211 965 timor
1257 912 1493 983 Domini,
1515 897 1650 987 ipsa
1691 924 1764 972 est

151 988 431 1061 sapientia.
464 990 571 1048 Sed
601 992 732 1065 quia
760 994 857 1051 ille
886 998 1157 1054 veraciter
1184 1000 1299 1057 vim
1331 1002 1511 1059 divini
1543 1004 1763 1063 timoris

149 1075 433 1150 intelligit,
457 1080 552 1153 qui
582 1097 639 1137 se
667 1099 700 1137 a
727 1085 944 1141 cunctis
973 1088 1158 1159 pravis
1187 1092 1448 1163 operibus
1493 1095 1758 1157 custodit,

146 1175 290 1223 recte
317 1168 578 1225 subditur
609 1189 621 1227 :
655 1174 731 1229 Et
756 1176 991 1231 recedere
1019 1196 1055 1233 a
1084 1182 1247 1249 malo,
1280 1182 1648 1256 intelligentia.
1680 1186 1760 1241 Ea

145 1255 314 1329 igitur
341 1274 466 1331 qua
494 1269 827 1333 sequuntur,
860 1265 991 1337 quia
1019 1269 1323 1339 prophetia
1353 1255 1554 1345 spiritu
1601 1277 1760 1347 plena

143 1353 292 1416 sunt,
323 1346 446 1420 ipsa
472 1366 638 1407 sacra
672 1350 919 1410 historia
950 1355 1117 1414 verba
1144 1365 1439 1432 testantur,
1463 1381 1590 1420 cum
1604 1346 1759 1423 didici-

146 1443 237 1494 tur
270 1455 283 1493 :

398 1590 631 1650 CAPUT
682 1592 762 1651 IX
820 1591 959 1668 [Vet.
1001 1597 1155 1665 VIII,
1193 1600 1314 1659 Rec.
1356 1602 1503 1678 VII].

217 1699 350 1759 CAP.
383 1717 550 1771 xxxx,
581 1703 753 1760 Vnus.
783 1705 833 1760 1.
862 1736 934 1747 -
960 1706 1188 1765 Addidit
1215 1728 1419 1784 quoque
1445 1714 1564 1783 Job,
1593 1732 1757 1772 assu-

148 1806 294 1846 mens
308 1793 636 1864 parabolam
663 1810 839 1862 suam,
870 1796 893 1831 ²
922 1803 970 1852 et
996 1798 1157 1856 dixit.

216 1899 304 1956 15.
335 1900 440 1957 Job
469 1902 660 1959 ultima
686 1904 938 1961 Ecclesia:
966 1911 1201 1979 tempora
1228 1913 1577 1981 prwnuntiat,
1624 1914 1756 1984 qui—

144 1986 238 2043 bus
264 1991 515 2047 carnales
541 1990 589 2048 et
607 1992 875 2050 hareticos
897 2012 1132 2066 passura
1152 2005 1322 2056 est.—
1336 2000 1477 2069 Quia
1495 2004 1644 2059 enim
1665 2020 1755 2077 pa-

144 2076 331 2134 rabola
359 2079 676 2139 similitudo
701 2084 1042 2155 nominatur,
1058 2096 1243 2160 aperte
1260 2099 1474 2148 constat
1495 2094 1644 2167 quod
1660 2076 1757 2166 per

143 2168 489 2226 exteriorum
507 2171 802 2231 verborum
824 2174 1059 2232 formam
1083 2180 1350 2251 mysteria
1369 2181 1637 2255 loquitur,
1658 2185 1754 2258 qui

145 2254 215 2313 ad
245 2257 590 2330 loquendum
621 2262 937 2334 parabolam
985 2268 1343 2339 assumpsisse
1392 2254 1750 2331 memoratur.

143 2344 281 2405 Cum
310 2351 523 2407 etenim
557 2368 656 2409 sua
681 2363 890 2424 narrat,
913 2372 1274 2433 quacumque
1292 2370 1422 2418 sunt
1436 2372 1636 2421 sancta
1652 2366 1752 2422 Ec-

144 2437 322 2496 clesia
351 2449 596 2498 ventura
618 2442 941 2511 denuntiat;
977 2455 1029 2502 et
1058 2464 1155 2520 per
1184 2448 1291 2506 hoc
1319 2453 1468 2524 quod
1498 2454 1613 2526 ipse
1642 2471 1750 2527 pa-

144 2526 300 2597 titur,
329 2528 548 2588 indicat
574 2533 711 2606 quid
739 2534 836 2591 illa
863 2536 1122 2607 patiatur.
1152 2540 1565 2615 Nonnunquam
1619 2526 1753 2603 vero

145 2628 223 2684 sic
248 2643 359 2683 sua
389 2628 643 2687 historia
672 2633 840 2689 verba
868 2636 1181 2708 permiscet,
1203 2647 1266 2695 ut
1284 2640 1365 2695 nil
1394 2640 1751 2713 allegoricum

145 2712 390 2786 insonet;
425 2733 830 2793 nonnunquam
849 2739 982 2779 vero
1002 2724 1082 2781 sic
1100 2742 1229 2782 suos
1244 2726 1461 2784 dolores
1483 2712 1750 2801 loquitur,

142 2820 203 2861 ac
228 2805 275 2861 si
303 2821 375 2862 ex
404 2822 547 2863 voce
575 2807 817 2865 dolentis
845 2812 1105 2868 Ecclesia
1135 2814 1412 2886 loquatur.
1445 2817 1507 2871 In
1530 2818 1633 2873 hac
1662 2834 1751 2873 ve-

142 2909 202 2951 ro
226 2895 434 2952 ultima
463 2896 551 2951 sui
580 2904 733 2968 parte
761 2899 1032 2955 sermonis
1058 2902 1319 2958 ultimum
1348 2912 1568 2975 tempus
1611 2906 1751 2961 desi-

144 2991 269 3055 gnat
290 2984 587 3053 Ecclesia,
619 2985 840 3058 quando
867 2986 1209 3045 adversarios
1262 3008 1409 3059 suos,
1443 2992 1497 3047 id
1528 3000 1610 3048 est
1638 3010 1751 3049 car-

143 3073 291 3131 nales
342 3087 620 3148 qu'osque,
652 3076 739 3131 vel
785 3074 1074 3133 hareticos
1119 3086 1283 3151 atque
1330 3081 1582 3151 gentiles,
1614 3099 1751 3155 quos

142 3184 290 3225 nunc
316 3169 509 3226 studet
533 3169 818 3242 sapientia
873 3173 1201 3248 auctpritate
1241 3176 1628 3247 comprimere,
1659 3180 1751 3235 ef-

142 3257 352 3315 frenata
382 3258 655 3331 jactantia
684 3260 855 3316 elatos
875 3261 1126 3333 cogitur3
1144 3262 1304 3319 irrisa
1326 3264 1574 3322 tolerare.
1600 3268 1755 3326 Unde

140 3346 199 3403 in
227 3347 336 3405 hoc
362 3364 589 3422 quoque
620 3365 872 3405 sermone
901 3350 1109 3407 dicitur
1140 3370 1152 3409 :
1185 3354 1339 3410 Nunc
1381 3362 1558 3410 autem
1601 3356 1754 3413 deri-

142 3438 356 3493 dentme
374 3437 627 3508 juniores
646 3444 893 3510 tempore,
915 3456 1144 3511 quorum
1170 3459 1274 3497 non
1294 3442 1558 3514 dignabor
1568 3452 1753 3517 patres

139 3544 331 3599 ponere
356 3544 482 3583 cum
507 3527 722 3583 canibus
747 3528 918 3600 gregis
945 3531 1050 3584 mei
1075 3531 1221 3601 (Job.
1256 3549 1395 3601 xxx,
1422 3533 1501 3603 I).
1532 3534 1605 3589 Et
1633 3535 1752 3608 ipsa

145 3618 356 3676 ordinis
383 3618 530 3675 ratio
558 3619 805 3691 exposcit
827 3627 889 3675 ut
908 3636 1006 3693 per
1034 3622 1201 3678 verba
1228 3622 1373 3679 beati
1421 3624 1523 3680 Job
1551 3626 1749 3682 ultima

143 3710 378 3766 extremi
406 3716 611 3767 sancta
639 3710 898 3767 Ecclesia
951 3710 1307 3784 designentur
1336 3714 1473 3783 dies,
1504 3716 1748 3788 quando,

146 3801 531 3870 persecutione
565 3807 864 3865 crescente,
895 3809 1108 3872 apertas
1154 3802 1544 3861 hareticorum
1588 3823 1753 3865 voces

147 3889 377 3946 tolerare
431 3888 806 3960 compellitur,
854 3906 980 3945 cum
1037 3900 1218 3949 motus
1263 3895 1445 3951 cordis
1474 3896 1584 3965 sui,
1615 3913 1752 3970 quos

147 3993 291 4037 nunc
319 3978 475 4035 intra
501 3977 896 4049 cogitationum
912 3979 1069 4038 sinus
1087 3992 1406 4057 contegunt,
1429 3993 1563 4044 tunc
1582 3987 1640 4043 in
1658 4005 1751 4045 vo-

146 4081 205 4123 ce
230 4067 577 4124 manifestati
598 4068 800 4125 erroris
828 4070 1100 4141 aperiunt.
1124 4073 1285 4130 Nunc
1304 4074 1475 4144 enim,
1492 4076 1637 4134 sicut
1656 4094 1752 4149 per

147 4154 411 4214 Joannem
433 4156 645 4214 dicitur
661 4160 856 4230 (Apoc.
878 4176 975 4229 xx,
994 4161 1026 4216 3
1032 4164 1079 4232 ),
1110 4161 1276 4221 draco
1296 4164 1357 4220 in
1376 4164 1575 4238 abysso
1604 4168 1750 4226 clau-

148 4258 238 4302 sus
265 4253 509 4316 tenetur,
526 4247 658 4320 quia
686 4248 958 4305 diabolica
986 4251 1274 4309 malitiain
1295 4270 1486 4310 eorum
1503 4255 1752 4315 subdolis

148 4344 404 4403 cordibus
418 4346 753 4403 occultatur.
778 4347 883 4404 Sed
903 4347 1045 4405 sicut
1064 4349 1185 4408 illic
1200 4353 1221 4387 ⁴
1243 4351 1454 4410 dictum
1478 4362 1560 4411 est
1585 4398 1600 4424 ,
1623 4356 1751 4413 edu-

148 4442 299 4492 catur
337 4435 507 4494 draco
550 4433 617 4492 de
668 4443 835 4509 puteo
863 4438 1070 4511 abyssi,
1102 4441 1231 4513 quia
1266 4443 1415 4515 quod
1447 4444 1611 4501 modo
1640 4462 1750 4518 pra

146 4524 343 4581 timore
369 4527 598 4600 tegitur,
627 4534 762 4584 tunc
803 4536 995 4585 contra
1034 4530 1340 4588 Ecclesiam
1383 4533 1602 4606 publice
1631 4534 1698 4591 de
1725 4538 1749 4574 ⁸
1780 4568 1830 4628 D

147 4614 465 4690 iniquorum
492 4617 753 4675 cordibus
776 4635 944 4685 omne
972 4621 1351 4693 serpentinum
1379 4624 1537 4681 virus
1561 4625 1751 4698 aperi-

148 4707 447 4768 tur.ch
471 4705 622 4764 enim
652 4706 941 4764 abscondit
966 4724 1024 4765 se
1052 4709 1155 4766 sub
1204 4709 1531 4770 blandiente
1559 4713 1751 4786 lingua

147 4794 377 4853 saviens
403 4796 764 4867 conscientia,
780 4804 835 4854 et
850 4797 1064 4854 malitia
1082 4798 1422 4871 calliditatis,
1445 4802 1603 4875 quasi
1621 4818 1751 4875 qua-

148 4879 272 4939 dam
304 4899 362 4942 se
389 4884 530 4958 tegit
555 4884 755 4959 abysso
796 4885 1207 4956 simulationis;
1266 4906 1417 4948 nunc
1453 4891 1749 4962 Dominus,

148 4971 291 5029 sicut
302 4973 607 5033 Psalmista
626 4990 761 5033 voce
789 4975 1016 5046 dicitur,
1041 4979 1336 5050 Congregat
1360 4980 1497 5036 sicut
1517 4982 1538 5017 ⁸
1558 4980 1617 5036 in
1635 4986 1755 5062 utre

148 5078 313 5134 aquas
338 5066 509 5124 maris
526 5066 700 5141 (Psal.
723 5083 910 5139 xxxii,
928 5069 1006 5141 7).
1031 5069 1163 5127 Uter
1176 5068 1380 5144 quippe
1406 5071 1644 5129 carnalis
1666 5088 1751 5142 es;

222 5290 240 5328 ¹
271 5291 787 5370 GermsetVulgati
815 5301 1042 5369 poster.,
1072 5296 1208 5370 sicut
1241 5314 1375 5370 cum
1422 5304 1580 5370 pater
1632 5316 1747 5354 cum

146 5366 373 5434 parvulo
401 5366 964 5439 ﬁlioloq...'balbutit.
1022 5366 1443 5426 Redundanteui
1492 5370 1744 5427 voculam

150 5449 265 5512 cur}:
289 5438 664 5512 expunximus
690 5441 819 5497 Mss.
853 5456 991 5512 pene
1019 5440 1280 5498 omnibus
1307 5440 1670 5499 adharentes.

221 5506 243 5593 ξ
469 5516 516 5565 et
544 5510 686 5593 dixit
712 5528 745 5568 a
770 5506 1029 5593 plurimis
1065 5513 1198 5570 Mss.

219 5578 241 5652 ἓ
271 5579 392 5652 Duo
410 5579 591 5652 Laud.
601 5625 617 5652 ,
650 5582 710 5637 in
732 5578 850 5638 risu
870 5586 1120 5640 tolerare.

222 5650 241 5726 ξ
268 5650 447 5726 Editi,
485 5650 681 5726 invitis
706 5654 835 5711 Mss.
868 5655 1121 5726 scriptum
1149 5661 1241 5711 est.

219 5722 240 5794 ἕ
270 5721 503 5794 'I‘uron.,
534 5724 839 5794 iniquorum
865 5721 997 5783 ore:-

176 5796 204 5821 ³·
224 5792 245 5827 ⁸
274 5792 308 5849 2
333 5793 538 5864 Laud.,
570 5792 843 5855 iit—utrem.

328 5890 571 5950 PATROL.
603 5868 858 5952 LXXVI.

1781 1838 1828 1899 B

1786 3199 1830 3260 C

1872 576 1999 618 cum
2028 564 2339 621 amaritudo
2376 582 2644 639 perversa
2674 573 2877 630 mentis
2905 591 3017 631 non
3047 582 3287 653 erumpit
3314 564 3481 640 exte;

1874 649 1989 707 rius
2017 651 2075 707 in
2104 669 2297 711 vocem
2328 671 2508 728 prava
2538 657 2828 718 libertatis.
2863 663 3061 720 Veniet
3083 649 3326 738 profecto
3343 681 3481 730 tem-

1868 754 1996 811 pus,
2044 742 2264 814 quando
2310 752 2503 802 contra
2544 745 2688 806 hanc
2743 754 2986 822 perversi
3030 762 3193 827 atque
3240 762 3485 821 carnales
3532 770 3545 779 ‘

1872 838 2059 900 aperta
2084 848 2217 888 voce
2246 834 2548 905 pradicent
2576 838 2726 909 quod
2746 856 2896 897 nunc
2917 844 3134 900 occulta
3153 849 3484 919 cogitatione

1874 919 2198 977 moliuntur.
2244 923 2443 980 Veniet
2491 934 2724 999 tempus,
2757 931 2978 1001 quando
3008 934 3338 994 catholicam
3366 940 3485 997 Ec—

1871 1010 2093 1067 clesiam
2124 1030 2236 1070 non
2265 1017 2443 1073 solum
2486 1018 2712 1091 injustis
2740 1021 2994 1090 vocibus,
3025 1025 3120 1082 sed
3149 1029 3316 1085 etiam
3348 1047 3486 1087 cru-

1875 1098 2095 1157 delibus
2123 1102 2301 1175 plagis
2328 1117 2602 1179 premant.

1946 1190 2030 1246 16.
2075 1192 2295 1249 Duobus
2334 1198 2503 1251 modis
2548 1201 2786 1258 Ecclesia
2808 1206 3225 1274 persecutionem
3248 1210 3479 1280 patitur,

1868 1283 2042 1371 uerbis
2060 1290 2107 1339 et
2123 1286 2338 1355 gladiis.
2361 1319 2432 1330 —
2459 1290 2546 1345 Ab
2575 1291 2905 1351 adversariis
2933 1312 3170 1371 namque
3199 1300 3314 1357 suis
3334 1300 3484 1358 duo-

1869 1370 1972 1427 bus
2011 1374 2192 1430 modis
2240 1376 2487 1434 Ecclesia
2534 1385 2971 1452 persecutionem
3014 1370 3242 1460 patitur,
3272 1392 3484 1448 scilicet

1868 1470 1964 1518 aut
1991 1464 2197 1535 verbis,
2236 1474 2331 1523 aut
2362 1468 2578 1540 gladiis.
2615 1471 2721 1529 Sed
2751 1490 2878 1531 cum
2910 1477 3095 1533 verbis
3133 1483 3482 1552 persecutio-

1866 1567 1995 1608 nem
2042 1555 2300 1625 sustinet,
2340 1567 2627 1616 exercetur
2667 1562 2786 1634 ejus
2832 1566 3137 1637 sapientia;
3190 1587 3317 1627 cum
3348 1588 3480 1630 vero

1865 1640 2083 1713 gladiis,
2137 1656 2424 1704 exercetur
2488 1648 2606 1720 ejus
2673 1653 2958 1722 patientia.
3019 1656 3125 1712 Sed
3181 1659 3477 1718 verborum

1864 1735 2271 1803 persecutiones
2319 1738 2388 1792 ab
2419 1738 2693 1798 haereticis
2723 1760 2872 1800 nunc
2902 1748 3071 1803 etiam
3103 1750 3352 1821 quotidie
3382 1758 3480 1808 to-

1867 1821 2126 1895 leramus,
2175 1845 2303 1885 cum
2347 1830 2452 1902 ipsi
2498 1831 2742 1891 haretici
2785 1835 2992 1910 linguis
3022 1839 3182 1896 nobis
3208 1841 3478 1913 subdolis,

1864 1921 1917 1968 et
1964 1916 2100 1972 falsa
2146 1917 2461 1976 humilitate
2490 1919 2874 1984 blandiuntur.
2906 1928 3320 1987 Persecutiones
3349 1948 3480 1990 vero

1866 2004 2170 2075 gladiorum
2198 2006 2361 2080 juxta
2390 2010 2557 2068 ﬁnem
2590 2015 2784 2071 mundi
2814 2026 3082 2075 secutura
3111 2027 3262 2089 sunt,
3279 2029 3340 2077 ut
3362 2039 3477 2095 gra-

1864 2110 1935 2149 na
1965 2096 2279 2155 coelestibus
2300 2099 2513 2159 horreis
2533 2104 2881 2162 recondenda
2902 2115 3057 2164 tanto
3085 2109 3271 2167 verius
3299 2129 3330 2167 a
3358 2129 3477 2185 pec-

1864 2192 2113 2242 catorum
2136 2189 2305 2259 paleis
2327 2199 2623 2263 exuantur,
2642 2196 2663 2229 ⁷
2686 2204 2895 2268 quanto
2914 2198 3120 2255 arctius
3131 2198 3476 2271 afﬂiguntur.

1864 2272 2020 2330 Tunc
2067 2276 2229 2333 electi
2270 2296 2461 2337 omnes
2510 2282 2604 2354 qui
2649 2283 2707 2339 in
2740 2284 2835 2340 illa
2874 2285 3084 2342 fuerint
3122 2287 3480 2346 tribulatione

1863 2364 2247 2437 comprehensi
2282 2368 2302 2403 ⁸
2346 2371 2782 2429 reminiscuntur
2820 2374 3019 2431 horum
3065 2384 3372 2450 temporum
3416 2380 3475 2435 in

1864 2453 2065 2525 quibus
2096 2472 2250 2512 nunc
2292 2459 2538 2515 Ecclesia
2566 2461 2694 2516 ﬁdei
2724 2479 2912 2535 pacem
2944 2472 3114 2533 tenet,
3156 2474 3209 2521 et
3246 2466 3479 2539 superba

1862 2541 2251 2601 haereticorum
2282 2549 2423 2604 colla
2452 2550 2791 2622 comprimit,
2824 2569 2936 2608 non
2967 2562 3254 2626 potentatu
3282 2556 3478 2612 culmi-

1861 2632 2215 2708 nis,sedjugo
2235 2635 2487 2694 rationis.
2507 2640 2964 2698 Reminiscuntur
2983 2643 3154 2699 nostri
3166 2644 3278 2716 ,qui
3292 2646 3479 2718 quieta

1861 2720 1989 2777 ﬁdei
2012 2732 2259 2797 tempora
2288 2726 2574 2793 ducimus;
2610 2736 2755 2793 612
2788 2730 2882 2805 qui
2913 2732 3017 2787 etsi
3048 2732 3107 2787 in
3136 2733 3296 2788 bellis
3328 2751 3476 2790 coar-

1861 2828 2077 2877 ctamur
2104 2823 2374 2895 gentium,
2406 2842 2516 2883 non
2552 2834 2737 2883 tamen
2760 2829 2781 2863 θ
2815 2829 2873 2884 in
2903 2829 3067 2885 dictis
3095 2846 3479 2902 expugnamur

1861 2916 2099 2978 patrum.
2133 2912 2333 2967 Beatus
2354 2930 2483 2983 ergo
2512 2916 2614 2970 Job
2643 2924 2845 2972 sancta
2867 2918 3127 2975 Ecclesia
3158 2928 3354 2991 typum
3386 2928 3478 2976 te—

1860 3012 2017 3064 nens,
2048 3014 2168 3071 qua
2200 3006 2333 3055 tunc
2362 3001 2419 3055 in
2449 3002 2561 3056 illis
2590 3006 2861 3075 angustiis
2881 3006 3170 3063 invenitur
3191 3016 3266 3075 ;et
3286 3016 3473 3064 tamen

1860 3093 2082 3155 nostra,
2114 3095 2176 3143 ut
2204 3087 2345 3156 dixi,
2378 3089 2581 3161 quietis
2612 3092 3018 3161 reminiscetur,
3054 3111 3154 3149 sua
3201 3104 3476 3153 transacta

1860 3183 2069 3244 narrat,
2098 3180 2153 3232 et
2179 3177 2306 3234 aliis
2325 3186 2559 3236 ventura
2586 3180 2899 3251 denuntiat,
2930 3183 3152 3243 dicens:

2300 3321 2529 3380 CAPUT
2560 3325 2611 3380 X
2649 3324 2792 3400 [Rec.
2837 3328 3018 3402 VIII].

1932 3427 2104 3485 Vnus.
2136 3428 2190 3486 2.
2222 3460 2294 3473 —
2324 3432 2454 3500 Quis
2486 3433 2619 3490 mihi
2651 3435 2870 3503 tribuat,
2919 3445 2978 3494 ut
3004 3437 3104 3494 sim
3123 3437 3290 3509 juxta
3320 3456 3474 3497 men-

1860 3533 1939 3571 ses
1962 3518 2220 3589 pristinos
2241 3521 2269 3576 ?

1935 3625 2020 3681 17.
2062 3626 2183 3682 Etsi
2208 3630 2399 3699 gravia
2409 3628 2530 3700 jam
2542 3650 2705 3704 passa
2721 3635 2793 3691 sit
2818 3636 3079 3703 Ecclesia,
3100 3638 3245 3710 longe
3262 3639 3471 3709 gravio-

1860 3730 1927 3769 ra
1950 3733 2187 3786 passura
2215 3726 2306 3776 est.
2343 3751 2414 3762 —
2459 3723 2631 3780 Multa
2664 3726 2813 3781 enim
2843 3727 2977 3783 talia
3007 3736 3196 3784 sancta
3224 3730 3472 3786 Ecclesia

1860 3804 2147 3866 doloribus
2174 3828 2358 3883 pressa
2386 3814 2603 3873 dictura
2630 3825 2730 3874 est.
2755 3819 2944 3875 Tantis
2973 3820 3176 3893 quippe
3203 3820 3357 3876 illam
3386 3822 3469 3876 fu-

1859 3902 2048 3954 turum
2077 3908 2158 3957 est
2188 3902 2643 3963 tribulationibus
2678 3909 2979 3980 angustari,
3011 3919 3073 3965 ut
3101 3910 3220 3966 hac
3247 3918 3471 3982 tempo-

1859 4001 1919 4042 ra
1946 4003 2072 4043 cum
2100 4006 2298 4061 magno
2326 3994 2565 4065 suspirio
2593 3995 2867 4052 desideret
2896 4015 3018 4069 qua
3048 4015 3150 4053 nos
3179 4014 3308 4053 cum
3336 4014 3470 4053 ma—

1860 4092 1967 4148 gno
2014 4077 2201 4134 dolore
2231 4081 2549 4139 toleramus.
2584 4084 2741 4140 Dicat
2768 4100 2918 4156 ergo,
2958 4085 3106 4142 dicat
3151 4103 3247 4158 per
3275 4102 3465 4143 vocem

1859 4165 2004 4222 beati
2024 4167 2125 4222 Job
2146 4185 2157 4223 :
2185 4170 2315 4236 Quis
2336 4171 2463 4226 mihi
2486 4172 2686 4228 tribuat
2709 4181 2761 4228 ut
2776 4175 2876 4229 sim
2886 4175 3053 4244 juxta
3072 4194 3267 4231 menses
3282 4178 3469 4255 pristi.

1859 4272 1954 4311 nos
1971 4259 1997 4313 ἵ
2020 4257 2159 4326 Quia
2179 4259 2327 4315 enim
2348 4268 2586 4319 statutus
2602 4263 2815 4320 dierum
2848 4282 3111 4322 numerus
3139 4283 3353 4324 menses
3374 4284 3466 4324 vo-

1859 4354 2076 4417 cantur,
2099 4348 2233 4421 quid
2262 4350 2414 4407 aliud
2443 4353 2668 4409 nomine
2697 4354 2878 4426 signat
2907 4356 3205 4426 mensium,
3224 4357 3333 4413 nisi
3356 4358 3465 4414 col-

1859 4432 2124 4494 lectiones
2143 4439 2457 4497 animarum
2476 4442 2504 4498 ‘t
2524 4443 2653 4499 Dies
2674 4444 2873 4516 quippe
2896 4444 3027 4499 dum
3051 4445 3390 4517 colliguntur
3407 4446 3466 4501 in

1861 4527 2605 4601 mensibus,‘subtrahuntur,
2629 4533 2759 4606 quia
2776 4541 2830 4589 et
2857 4534 2917 4589 in
2938 4534 3044 4590 hoc
3073 4542 3318 4607 tempore
3348 4552 3468 4592 san-

1861 4621 1949 4672 cta
1975 4616 2242 4685 Ecclesia,
2268 4618 2400 4675 dum
2431 4620 2682 4677 veritatis
2712 4622 2833 4678 luce
2860 4622 3210 4694 splendentes
3256 4624 3469 4681 animas

1860 4705 2094 4779 colligit,
2124 4705 2183 4762 in
2212 4706 2429 4766 intimis
2455 4708 2764 4766 abscondit.
2789 4710 3106 4784 Aliquando
3127 4712 3294 4769 etiam
3317 4730 3466 4769 men-

1860 4793 1936 4850 sis
1964 4811 2063 4868 pro
2091 4796 2427 4869 perfectione
2454 4798 2701 4871 ponitur,
2732 4799 2877 4856 sicut
2916 4800 3182 4873 propheta
3199 4802 3306 4858 ait:
3340 4802 3469 4859 Erit

1858 4885 2051 4941 mensis
2079 4903 2144 4942 ea:
2171 4904 2342 4943 mense
2373 4886 2530 4960 (Isai.
2563 4905 2719 4958 var,
2751 4888 2841 4961 23)
2870 4907 2883 4956 ;
2907 4890 3172 4962 perfectio
3208 4890 3466 4946 videlicet

1859 4973 1939 5030 eis
1958 4973 2017 5030 in
2045 4975 2257 5048 requie,
2288 4975 2489 5048 quibus
2517 4992 2667 5033 nunc
2695 4976 2966 5049 perfectio
2993 4977 3163 5035 fuerit
3189 4977 3250 5033 in
3279 4992 3463 5048 opera-

1858 5063 2029 5121 tione.
2056 5063 2197 5137 [Vet.
2215 5062 2343 5138 IX.]
2373 5064 2780 5124 Reminiscatur
2806 5082 2935 5140 ergo
2956 5066 3310 5140 perfectionis
3339 5066 3464 5139 pri-

1927 5298 1949 5337 ⁷
1980 5300 2061 5357 lta
2113 5301 2323 5370 Germ.,
2354 5298 2518 5357 Corb.
2550 5299 2761 5367 Germ.,
2799 5299 3189 5373 Laudunenses
3230 5307 3285 5373 et
3327 5316 3463 5373 pene

1855 5388 2046 5430 omnes
2072 5373 2227 5441 Mss,
2257 5388 2395 5443 quos
2422 5378 2729 5443 sequuntur
2756 5378 2866 5443 vet.
2911 5372 3017 5427 Ed.
3063 5372 3463 5443 Posteriorihus

1853 5451 2036 5499 autem
2066 5440 2390 5515 Editoribus
2416 5440 2592 5515 magis
2618 5441 2825 5510 placuit
2851 5444 3055 5508 acrius,
3086 5442 3235 5515 quod
3264 5444 3464 5515 legitur

1853 5515 2131 5595 in_Gi_l_ot.,
2162 5512 2672 5595 V’atic.,GussaI}V.
2789 5590 2798 5595 _
2863 5582 2873 5593 ,
2926 5584 2946 5595 η
3102 5512 3120 5515 -
3184 5584 3193 5595 ,
3243 5585 3253 5594 _

1929 5585 1950 5620 ⁸
1989 5586 2219 5655 Turon.,
2274 5582 2696 5651 reminiscentur,
2752 5590 2807 5639 et
2859 5582 3005 5639 infra
3063 5584 3463 5639 reminiscentm'

1854 5658 2047 5714 nostri.

1927 5731 1947 5763 9
1990 5728 2187 5794 Vind,
2220 5728 2271 5783 in
2293 5726 2534 5797 judiciis.
