3946 6364
485 333 579 386 107

476 458 660 526 stinai,
688 453 915 511 reducat
941 453 1012 510 ad
1043 455 1367 510 memoriam
1408 463 1612 528 quanta
1644 456 1659 490 ¹
1693 451 2084 527 praedicatione
2118 455 2169 516 Α

474 561 574 604 sua
599 543 846 602 collectis
865 541 1154 600 animabus
1173 542 1489 617 reportabat
1519 543 1694 610 lucra,
1721 549 1778 600 et
1799 549 2090 616 angustata

475 631 930 690 tribulationibus
956 630 1134 690 dicat:
1172 631 1302 701 Quis
1330 633 1462 690 mihi
1483 632 1704 699 tribuat,
1725 638 1785 688 ut
1811 632 1911 688 sim
1921 630 2088 702 juxta

473 739 671 779 menses
693 721 998 794 pristinos?
1027 721 1090 778 In
1123 721 1327 796 quibus
1355 722 1601 796 profecto
1629 720 1912 778 mensibus
1939 736 2087 795 qua-

475 811 546 870 lis
575 811 768 884 fuerit,
798 811 1174 870 enumerando
1201 811 1324 886 subj
1332 812 1509 886 ungit,
1541 811 1760 870 dicens:

1097 971 1333 1030 CAPUT
1369 971 1470 1029 XI.

547 1095 716 1156 Vnus.
735 1097 790 1168 2,
807 1099 862 1156 3.
879 1129 952 1142 -
978 1100 1272 1158 Secundum
1299 1101 1430 1170 dies,
1452 1101 1642 1172 quibus
1667 1101 1809 1158 Deus
1837 1100 2091 1156 custodie-

475 1186 564 1244 bat
615 1203 718 1255 me,
758 1188 973 1260 quando
1017 1189 1320 1262 splendebat
1351 1190 1568 1246 lucerna
1599 1188 1715 1260 ejus
1742 1206 1905 1262 super
1931 1196 2089 1262 caput

473 1291 668 1343 meum,
686 1283 736 1334 et
759 1278 832 1333 ad
863 1279 1038 1334 lumen
1070 1277 1185 1349 ejus
1211 1277 1555 1334 ambulabam
1587 1277 1647 1334 in
1677 1278 1921 1336 tenebris.

547 1403 634 1461 18.
661 1405 806 1460 Tunc
830 1404 989 1460 multi
1012 1404 1218 1477 infirmi
1234 1405 1439 1472 cadent,
1457 1402 1692 1474 fortibus
1720 1405 1783 1460 ob
1811 1421 1994 1460 eorum
2006 1421 2090 1460 ca-

471 1507 587 1547 sum
601 1492 1147 1552 dolentibus.—Tunc
1157 1495 1360 1568 quippe
1377 1495 1530 1552 videt
1547 1511 1616 1552 ex
1629 1495 2090 1568 se,persecutione

470 1588 717 1654 cogente,
760 1582 1112 1641 inﬁrmorum
1152 1584 1358 1640 multos
1403 1583 1618 1653 cadere,
1659 1600 1796 1658 quos
1841 1601 1992 1642 nunc
2027 1591 2090 1640 ut

471 1676 648 1726 mater
689 1669 836 1726 intra
871 1671 1024 1742 pacis
1060 1671 1247 1726 sinum
1293 1671 1555 1742 parvulos
1597 1671 1772 1740 fovet,
1809 1679 1864 1728 et
1892 1673 1914 1708 ³
1941 1671 2090 1729 intra

473 1754 804 1829 tranquillas
819 1755 950 1812 ﬁdei
966 1773 1136 1814 cunas
1150 1756 1420 1826 continet,
1441 1758 1570 1831 quia
1586 1758 1808 1814 admisti
1827 1759 2084 1830 fortibus,

473 1843 592 1918 ipsa
618 1843 748 1900 ﬁdei
780 1846 1179 1920 tranquillitate
1209 1846 1553 1905 nutriuntur.
1586 1848 1741 1906 Tunc
1787 1865 1918 1906 vero
1949 1851 2086 1908 tales

475 1933 639 1990 multi
661 1935 843 1990 casuri
863 1943 1014 2004 sunt,
1033 1942 1088 1991 et
1115 1951 1214 2008 per
1239 1935 1454 1993 viscera
1481 1935 1792 2006 charitatis,
1815 1939 2082 2012 quidquid

475 2024 534 2079 in
581 2022 785 2082 damno
827 2027 1187 2099 parvulorum
1233 2028 1488 2095 sustinet,
1519 2045 1576 2085 se
1619 2028 1826 2102 perpeti
1868 2028 2086 2085 animus

476 2114 842 2186 perfectorum
891 2115 1061 2172 dolet.
1119 2116 1472 2176 Inﬁrmorum
1520 2119 1724 2176 etenim
1776 2119 1976 2176 damna
2016 2121 2085 2176 ad

475 2201 644 2260 corda
689 2203 918 2260 fortium
967 2221 1064 2278 per
1109 2206 1544 2279 compassionem
1573 2217 1879 2266 transeunt.
1930 2209 2084 2267 Unde

476 2305 574 2363 per
599 2292 832 2348 Paulum
861 2292 1099 2350 dicitur:
1135 2297 1266 2362 Quis
1285 2297 1617 2369 inﬁrmatur,
1634 2306 1682 2354 et
1707 2317 1796 2371 ego
1809 2316 1915 2354 non
1934 2300 2082 2371 infir-

473 2382 636 2438 τηονῖ
661 2381 780 2452 quis
809 2383 1235 2451 scandalizatur,
1251 2392 1302 2440 et
1328 2403 1416 2457 ego
1435 2405 1542 2442 non
1570 2405 1704 2444 uror
1734 2389 1824 2461 (ΙΙ
1851 2390 1975 2446 Cor.
2001 2406 2078 2454 ιιι,

478 2468 569 2542 29)
590 2469 618 2526 i
646 2469 820 2526 Tanto
849 2471 997 2527 enim
1029 2473 1259 2546 quisque
1287 2475 1566 2547 perfectus
1595 2485 1698 2546 est,
1730 2486 1936 2552 quanto
1965 2494 2084 2550 per-

474 2557 616 2614 fecte
645 2559 812 2616 sentit
840 2560 1056 2617 dolores
1075 2563 1303 2620 alienos.
1325 2564 1480 2620 Unde
1503 2573 1694 2623 sancta
1713 2567 1961 2624 Ecclesia
1986 2567 2085 2623 in-

474 2645 652 2702 ﬁrmis
680 2654 812 2704 tunc
839 2648 1162 2706 cadentibus
1191 2653 1212 2687 ³
1242 2653 1574 2724 angustiata,
1606 2670 1733 2710 cum
1763 2654 1962 2712 horum
2003 2673 2082 2712 re-

473 2734 790 2792 miniscitur
842 2745 1178 2810 temporum,
1227 2737 1353 2810 jure
1396 2739 1616 2798 dictura
1643 2750 1755 2798 est:
1791 2745 2084 2801 Secundum

473 2823 585 2880 dies
611 2825 802 2896 quibus
820 2825 964 2882 Deus
991 2827 1315 2883 custodiebat
1339 2846 1442 2896 me,
1473 2830 1603 2902 quia
1635 2849 1691 2888 se
1719 2840 1855 2890 tunc
1883 2834 1940 2890 in
1969 2834 2083 2890 illis

471 2912 708 2969 aestimat
735 2914 948 2985 cadere,
980 2932 1100 2989 quae
1129 2933 1186 2973 se
1224 2933 1374 2974 nunc
1402 2918 1460 2974 in
1491 2919 1612 2976 istis
1643 2923 1665 2957 ὀ
1694 2923 1918 2995 respicit
1945 2939 2082 2980 cus-

467 2999 656 3058 todiri.
683 3004 828 3060 Bene
856 3013 1038 3060 autem
1067 3005 1305 3062 dicitur:
1334 3009 1558 3075 Quando
1586 3011 1888 3082 splendebat
1917 3013 2080 3066 lucer-

466 3105 539 3146 na
574 3089 688 3160 ejus
723 3109 886 3164 super
923 3099 1082 3164 caput
1104 3111 1299 3158 meum,
1324 3100 1372 3148 et
1397 3095 1469 3148 ad
1499 3097 1672 3150 lumen
1699 3096 1815 3165 ejus
1841 3097 2079 3152 ambula-

469 3180 589 3235 bam
617 3179 676 3233 in
697 3181 936 3235 tenebris.
959 3181 1222 3258 Lucerna
1241 3181 1394 3236 enim
1417 3182 1664 3251 nomine,
1690 3183 1880 3240 lumen
1902 3184 2076 3257 signa-
2110 3175 2154 3236 C

465 3275 562 3322 tur
590 3282 756 3322 sacrae
802 3267 1120 3338 Scriptura,
1151 3267 1219 3322 de
1265 3283 1376 3340 qua
1429 3268 1544 3341 ipse
1587 3272 1848 3328 Ecclesiae
1893 3282 2078 3346 pastor

469 3353 639 3432 dicit:
673 3354 938 3408 Habemus
955 3354 1246 3426 ﬁrmiorem
1267 3357 1632 3428 propheticum
1660 3377 1968 3432 sermonem,
1990 3365 2076 3420 cui

469 3442 592 3499 bene
628 3441 808 3512 facitis
845 3443 1184 3511 attendentes,
1213 3445 1372 3516 quasi
1421 3448 1643 3505 lucernae
1671 3451 1862 3508 lucenti
1888 3453 1946 3509 in
1990 3472 2073 3511 ca-

469 3531 692 3603 liginoso
724 3531 856 3596 loco,
897 3531 1056 3586 donec
1083 3532 1192 3587 dies
1219 3531 1506 3601 illucescat,
1547 3543 1597 3592 et
1641 3539 1834 3610 lucifer
1859 3543 2075 3598 oriatur

471 3620 526 3675 in
553 3619 797 3675 cordibus
826 3620 1011 3676 vestris
1054 3621 1145 3692 (II
1167 3622 1281 3678 Pet.
1314 3639 1356 3691 ι,
1396 3624 1509 3698 19).
1537 3625 1616 3689 Et
1639 3625 1928 3686 Psalmista
1955 3631 2068 3688 ait:

468 3708 710 3764 Lucerna
749 3708 970 3779 pedibus
1012 3709 1141 3764 meis
1176 3711 1390 3766 verbum
1435 3718 1600 3784 tuum,
1630 3715 1854 3772 Domine
1895 3719 2069 3790 (Psal.

467 3811 666 3865 cxvm,
699 3796 848 3868 105).
881 3797 1022 3865 Quia
1049 3805 1232 3854 autem
1254 3801 1274 3834 ⁸
1305 3800 1611 3874 principale
1639 3811 1890 3860 nostrum
1920 3823 2073 3864 mens

465 3893 568 3954 est,
619 3885 987 3958 appellatione
1031 3887 1229 3959 capitis
1278 3905 1434 3946 mens
1481 3899 1728 3949 vocatur.
1776 3893 1932 3950 Unde
1976 3912 2073 3968 per

467 3973 812 4030 Psalmistam
847 3974 1086 4032 dicitur:
1118 3977 1476 4050 Impinguasti
1493 3980 1551 4035 in
1579 3983 1691 4038 oleo
1715 3989 1874 4054 caput
1899 4001 2072 4041 meum
2109 4030 2116 4038 .

466 4061 641 4134 (Psal.
673 4079 816 4132 nu,
855 4063 938 4137 ὅ).
971 4067 1054 4121 Ac
1081 4070 1227 4129 613
1255 4067 1303 4123 si
1331 4075 1517 4141 aperte
1545 4069 1731 4128 dicat:
1774 4071 2072 4131 Charitatis

465 4155 799 4228 pinguedine
852 4161 1135 4231 replevisti
1191 4171 1431 4220 mentem
1471 4171 1888 4250 meam..Nunc
1941 4187 2069 4244 ergo

469 4245 691 4300 lucerna
735 4261 898 4317 super
941 4255 1106 4318 caput
1150 4250 1410 4308 Ecclesiae
1449 4245 1718 4326 splendet,
1760 4259 1890 4331 quia
1917 4277 2068 4318 sacra

465 4333 685 4407 eloquia
710 4335 964 4393 tenebras
991 4344 1194 4394 nostrae
1223 4341 1424 4398 mentis
1452 4343 1740 4416 irradiaut,
1771 4355 1833 4404 ut
1861 4349 1920 4406 iu
1963 4350 2070 4409 hoc

465 4422 766 4495 caliginoso
807 4425 938 4482 vita
966 4427 1252 4499 praesentis
1279 4429 1423 4500 loco,
1468 4431 1600 4490 dum
1631 4435 1926 4494 verborum
1969 4439 2068 4496 Dei

462 4508 643 4598 lucem
672 4513 1029 4586 percipimus,
1049 4531 1170 4589 quae
1196 4525 1327 4574 sunt
1345 4519 1553 4591 agenda
1579 4521 1883 4582 videamus.
1905 4527 2064 4585 Nunc
2095 4539 2146 4598 D

464 4597 534 4654 ad
562 4599 750 4657 lumen
771 4603 793 4638 ⁸
821 4601 942 4674 ejus
969 4603 1029 4659 in
1050 4604 1292 4662 tenebris
1310 4607 1577 4679 ambulat,
1601 4613 1861 4684 quoniam
1879 4625 2068 4675 sancta

462 4686 796 4746 universalis
814 4691 1082 4762 Ecclesia,
1113 4694 1218 4750 etsi
1245 4695 1439 4754 alienae
1471 4701 1689 4758 occulta
1714 4703 2068 4776 cogitationis

451 4792 575 4834 non
604 4785 873 4850 penetrat,
905 4782 925 4818 7
956 4781 1087 4856 quia
1119 4784 1274 4857 quasi
1303 4785 1500 4844 faciem
1529 4805 1642 4846 non
1684 4795 1966 4866 cognoscit
2005 4795 2064 4853 in

459 4873 643 4938 nocte,
673 4873 855 4926 tamen
884 4870 1043 4944 ponit
1069 4888 1284 4946 gressus
1311 4875 1445 4934 boni
1487 4879 1688 4952 operis,
1729 4881 1936 4942 directa
1964 4885 2063 4943 lu-

459 4956 609 5018 mine
635 4974 886 5035 supernai
914 4960 1234 5022 locutionis.
1265 4964 1562 5040 Sequitur:

459 5337 814 5464 1ῑίἑὲἑὲιιιὶιιιί
839 5356 966 5401 cum
995 5343 1180 5405 Germ.
1213 5352 1268 5405 et
1293 5346 1456 5408 Corb.
1491 5350 1700 5424 Germ.,
1724 5355 2062 5428 praedicatio-

531 5480 553 5564 ἶ
589 5479 825 5564 IP’Qn-z
857 5484 911 5538 ίη
940 5473 1234 5564 mdium“
1261 5494 1384 5564 ﬁdei
1406 5513 1560 5559 cuna.

529 5551 552 5643 ξ
589 5551 1002 5643 glurimi,cum
1029 5551 1212 5643 Serm.
1245 5551 1487 5643 ét_Cor_b.
1521 5551 1731 5643 Germ,
1751 5576 2054 5643 angustata.

515 5621 562 5712 εξ
580 5622 806 5712 Jl‘lorm.,
835 5621 1064 5712 respicit
1094 5621 1490 5712 stare.__l_.aud_.,
1529 5621 2053 5712 respicit—cu'stodire.

459 5689 696 5784 Xindoc.
706 5736 726 5777 ,
751 5689 884 5784 quia
1054 5702 1203 5784 ’δε-1η
1231 5689 1988 5784 ἰζιίξξῶξς-ἱῦῃὶιῖἷάἆὲηἶ,ηάἷιῖ
2005 5689 2058 5770 se

1687 329 1938 387 SANCTI
1975 329 2214 387 GREGO
2222 329 2317 385 illi
2359 329 2584 386 MAGNI

2117 1813 2165 1875 B

3698 338 3792 394 108

2645 452 2872 512 CAPUT
2901 454 3006 511 xu
3029 452 3173 528 Uias.
3203 455 3345 529 [κη.
3837 411 3843 419 ’

2266 577 2436 634 Vsus.
2467 577 2521 634 4.
2552 608 2624 622 --
2654 578 2801 636 Sicut
2825 577 2912 649 fui
2937 578 2996 633 in
3023 577 3202 634 diebus
3243 577 3606 636 adolescentia
3652 600 3789 650 mea,

2193 667 2406 740 quando
2433 675 2624 724 secreto
2652 667 2796 724 Deus
2823 666 3017 723 eratin
3039 667 3381 725 tabernaculo
3399 684 3510 724 meo
3523 711 3536 726 .

2269 792 2355 850 l9.
2395 791 2570 851 Varia:
2596 789 2846 848 Ecclesia
2873 795 3070 847 atates.
3115 789 3386 862 Infantia,
3423 789 3788 863 adolescentia,

2195 885 2417 943 senium.
2448 885 2516 941 In
2541 883 2644 958 ﬁne
2673 889 2843 939 tamen
2869 884 3063 940 multos
3092 889 3403 956 susceptura
3430 889 3505 939 est
3530 883 3693 956 ﬁlios.
3722 915 3790 929 -

2197 975 2352 1032 Sicut
2379 970 2818 1047 uniuscujusque
2848 971 3115 1042 hominis,
3162 973 3243 1030 sic
3285 979 3486 1030 sanctae
3541 973 3794 1032 Ecclesiae

2197 1071 2328 1120 aetas
2377 1062 2726 1120 describitur.
2775 1062 3011 1119 Parvula
3049 1063 3252 1137 quippe
3282 1070 3417 1120 tunc
3442 1069 3581 1133 erat,
3611 1079 3734 1120 cum
3763 1080 3794 1121 a

2197 1155 2486 1212 nativitate
2507 1171 2697 1212 recens
2710 1154 2942 1212 verbum
2963 1154 3092 1212 vita
3108 1153 3413 1228 praedicare
3434 1169 3554 1212 non
3570 1161 3792 1228 poterat.

2197 1244 2341 1302 Hinc
2365 1244 2516 1301 enim
2545 1243 2612 1301 de
2641 1245 2738 1302 illa
2769 1244 3007 1302 dicitur:
3043 1246 3214 1303 Soror
3231 1251 3420 1300 nostra
3445 1246 3682 1318 parvula
3699 1251 3795 1315 est,

2196 1340 2246 1390 et
2270 1335 2434 1391 ubera
2459 1351 2567 1390 non
2595 1335 2747 1391 habet
2769 1336 2960 1408 (Cant.
2983 1351 3108 1404 vm,
3125 1335 3208 1408 8),
3227 1334 3360 1408 quia
3382 1333 3654 1392 nimirum
3680 1350 3798 1391 sau-

2196 1430 2284 1480 cta
2308 1423 2555 1481 Ecclesia
2583 1424 2904 1498 priusquam
2965 1423 3258 1498 proﬁceret
3311 1441 3410 1499 per
3466 1424 3801 1482 incrementa

2197 1517 2442 1589 virtutis,
2464 1519 2518 1575 in
2527 1519 2703 1578 ﬁrmis
2738 1521 3048 1595 quibusque
3066 1521 3416 1580 auditoribus
3431 1521 3673 1596 praebere
3693 1537 3799 1579 non

2196 1609 2378 1681 potuit
2404 1609 2573 1666 ubera
2599 1610 3027 1684 praedicationis.
3046 1610 3255 1668 Adulta
3282 1628 3416 1668 vero
3445 1612 3698 1670 Ecclesia
3723 1611 3799 1668 di-

2195 1699 2360 1768 citur,
2390 1699 2610 1772 quando
2659 1700 2758 1758 Dei
2807 1701 2975 1758 verbo
3029 1701 3308 1774 copulata,
3339 1709 3537 1760 sancto
3590 1701 3793 1775 repleta

2195 1787 2426 1860 Spiritu,
2456 1805 2554 1860 per
2580 1789 2990 1861 praedicationis
3033 1791 3411 1849 ministerium
3451 1793 3512 1849 in
3558 1791 3798 1849 ﬁliorum

2193 1878 2550 1951 conceptione
2594 1880 2615 1914 ⁸
2661 1880 2884 1950 letatur,
2942 1898 3080 1956 quos
3135 1881 3491 1940 exhortando
3546 1881 3801 1957 parturit,

2193 1969 2564 2026 convertendo
2593 1971 2755 2044 parit.
2786 1971 2864 2027 De
2892 1970 2995 2030 hac
3023 1972 3143 2045 ejus
3169 1980 3330 2030 aetate
3378 1971 3626 2031 Domino
3657 1970 3805 2030 dici-

2192 2066 2285 2115 tur
2316 2078 2328 2116 :
2361 2060 2776 2118 Adolescentulw
2802 2063 3104 2120 dilexerunt
3135 2071 3180 2120 te
3228 2065 3424 2138 (Cant.
3459 2083 3501 2135 ι,
3543 2065 3630 2136 2).
3664 2064 3804 2122 Uni-

2193 2163 2360 2205 versae
2391 2150 2592 2224 quippe
2647 2153 2930 2222 Ecclesiae,
2962 2169 3086 2226 quae
3135 2170 3303 2210 unam
3341 2155 3684 2212 catholicam
3713 2154 3802 2211 fa-

2191 2237 2367 2306 ciunt,
2425 2239 2847 2297 adolescentulae
2895 2249 3188 2311 vocantur,
3240 2259 3353 2299 non
3407 2243 3529 2316 jam
3579 2251 3803 2301 vetusta

2193 2341 2288 2397 per
2315 2327 2555 2398 culpam,
2587 2328 2681 2384 sed
2709 2331 2947 2386 novellae
2977 2346 3074 2402 per
3102 2331 3356 2403 gratiam;
3390 2349 3508 2396 non
3525 2333 3685 2390 senio
3703 2341 3803 2390 ste-

2192 2413 2342 2483 riles,
2371 2416 2466 2472 sed
2497 2425 2654 2473 aetate
2683 2419 2886 2474 mentis
2913 2418 2982 2475 ad
3003 2419 3306 2492 spiritalem
3333 2437 3598 2493 congruae
3619 2421 3805 2479 fecun-

2191 2503 2441 2560 ditatem.
2475 2504 2630 2562 Tunc
2672 2522 2824 2578 ergo,
2854 2524 2982 2564 cum
3026 2507 3086 2564 in
3140 2507 3337 2565 diebus
3385 2510 3506 2566 illis
3532 2510 3802 2578 Ecclesia,

2192 2593 2348 2666 quasi
2379 2593 2615 2666 quodam
2655 2596 2809 2652 senio
2845 2597 3152 2666 debilitata,
3186 2615 3283 2671 per
3336 2599 3796 2675 praedicationpm

2191 2681 2337 2738 ﬁlios
2364 2698 2552 2755 parere
2580 2700 2692 2741 non
2723 2686 2892 2754 valet,
2914 2686 3292 2745 reminiscitur
3309 2687 3704 2745 fmcunditatis
3715 2705 3804 2746 an-

2190 2768 2358 2842 tiquae
2387 2769 2576 2828 dicens
2608 2790 2620 2828 :
2657 2773 2802 2829 Sicut
2827 2773 2913 2845 fui
2940 2775 2998 2830 in
3025 2775 3205 2831 diebus
3232 2775 3606 2832 adolescentiae
3653 2795 3796 2834 mea.

2189 2857 2452 2926 Quamvis
2480 2870 2603 2932 post
2627 2863 2846 2919 eosdem
2893 2863 3012 2920 dies
3058 2863 3260 2937 quibus
3301 2863 3669 2936 deprimitur,
3690 2865 3804 2938 jam

2188 2958 2372 3006 tamen
2400 2950 2546 3009 circa
2567 2952 2748 3024 ipsum
2774 2952 2942 3009 ﬁnem
2972 2961 3284 3026 temporum
3335 2954 3536 3025 grandi
3597 2955 3807 3029 praedi-

2187 3039 2421 3096 cationis
2449 3039 2656 3096 virtute
2676 3041 2982 3098 roboretur.
3005 3043 3142 3097 Nam
3173 3041 3444 3113 susceptis
3476 3043 3551 3100 ad
3581 3047 3804 3118 plenum

2192 3127 2470 3200 gentibus,
2501 3145 2721 3184 omnem
2752 3129 3115 3186 Israeliticum
3144 3131 3432 3202 populum,
3451 3133 3552 3206 qui
3574 3143 3713 3193 tunc
3727 3135 3804 3192 in-

2192 3225 2390 3273 ventus
2419 3217 2607 3286 fuerit,
2639 3217 2698 3272 in
2723 3217 2854 3274 ﬁdei
2874 3218 3055 3274 sinum
3083 3219 3273 3276 trahit.
3293 3219 3581 3294 Scriptum
3604 3225 3804 3299 quippe

2185 3313 2268 3360 est
2299 3323 2312 3361 :
2345 3306 2520 3362 Donec
2543 3306 2820 3377 plenitudo
2847 3308 3077 3378 gentium
3105 3309 3376 3375 introiret,
3407 3317 3460 3366 et
3507 3313 3588 3368 sic
3635 3314 3803 3370 omnis

2183 3394 2358 3449 Israel
2384 3395 2564 3449 salvus
2583 3395 2730 3466 ﬁeret
2757 3397 2940 3462 (Rom.
2973 3413 3055 3466 χι,
3087 3396 3207 3469 25).
3237 3398 3344 3455 Sed
3374 3407 3507 3457 ante
3536 3402 3639 3459 illa
3655 3411 3804 3459 tem-

2183 3496 2316 3552 pora
2343 3490 2506 3538 erunt
2535 3483 2651 3539 dies
2679 3483 2738 3540 in
2767 3484 2967 3557 quibus
2997 3485 3064 3541 ab
3111 3486 3448 3545 adversariis
3505 3491 3802 3564 paululum

2183 3570 2462 3626 videbitur
2488 3588 2764 3644 oppressa,
2795 3589 2921 3629 cum
2952 3581 3006 3630 et
3035 3573 3234 3630 horum
3279 3575 3508 3635 dierum
3554 3580 3805 3636 remini-

2181 3659 2373 3729 scitur,
2404 3659 2594 3716 dicens
2626 3679 2638 3717 :
2677 3662 2823 3716 Sicut
2847 3661 2933 3733 fui
2961 3663 3018 3718 in
3045 3664 3224 3720 diebus
3251 3667 3631 3726 adolescentia
3657 3687 3802 3734 meae,

2181 3749 2392 3820 quando
2420 3756 2610 3807 secreto
2638 3751 2780 3808 Deus
2799 3759 2914 3808 erat
2942 3753 3000 3809 in
3030 3753 3372 3812 tabernaculo
3401 3775 3547 3816 meo.

2227 3885 2231 3889 '
2253 3873 2392 3947 [Vet.
2410 3874 2506 3948 X.]
2530 3875 2617 3931 20.
2641 3876 2743 3943 Qui
2755 3878 3010 3933 mandata
3024 3879 3124 3934 Dei
3136 3879 3450 3948 meditatur,
3463 3882 3624 3939 habet
3637 3884 3806 3941 Deum

2179 3964 2574 4021 inhabitantem.
2611 3967 2791 4022 Sancti
2827 3985 2880 4024 se
2907 3968 3046 4038 foris
3083 3970 3328 4042 intusque
3363 3971 3800 4047 circumpiciunt.

2179 4081 2250 4093 —
2277 4052 2422 4120 Quid
2451 4053 2556 4111 hoc
2581 4055 2702 4110 loco
2750 4056 3188 4129 tabernaculum,
3219 4060 3330 4116 nisi
3378 4061 3801 4122 habitationem

2180 4142 2382 4199 mentis
2406 4144 2751 4218 accipimus?
2807 4147 2947 4215 Quia
2989 4165 3086 4220 per
3117 4166 3282 4206 omne
3311 4151 3464 4224 quod
3497 4153 3803 4228 cogitando

2179 4233 2412 4305 agimus,
2442 4235 2502 4290 in
2530 4229 2764 4293 consilio
2802 4239 2977 4295 nostri
3023 4240 3211 4296 cordis
3240 4240 3592 4302 habitamus.
3627 4244 3804 4314 Quis-

2179 4324 2304 4396 quis
2329 4331 2514 4380 autem
2545 4326 2803 4383 mandata
2830 4329 2931 4385 Dei
2961 4329 3162 4387 tacitus
3190 4331 3424 4403 cogitat,
3457 4343 3686 4392 secreto
3712 4334 3798 4391 illi

2178 4413 2324 4469 Deus
2346 4411 2405 4468 in
2432 4413 2787 4472 tabernaculo
2807 4423 2908 4473 est.
2936 4417 3348 4474 Habitationem
3399 4422 3622 4480 etenim
3669 4439 3803 4481 cor-

2181 4501 2269 4558 dis
2314 4500 2400 4558 sui
2451 4510 2578 4560 ante
2606 4504 2705 4561 Dei
2733 4521 2849 4562 esse
2877 4507 3067 4564 oculos
3112 4507 3347 4578 viderat,
3389 4512 3492 4584 qui
3525 4512 3754 4571 dicebat
3783 4531 3795 4570 :

2177 4599 2252 4658 Et
2301 4595 2570 4650 meditatio
2625 4597 2801 4653 cordis
2852 4598 2955 4654 mei
3007 4598 3067 4654 in
3121 4606 3398 4670 conspectu
3452 4609 3546 4660 tuo
3593 4621 3801 4679 semper

2171 4685 2354 4757 (Psal.
2387 4701 2552 4754 xvur,
2589 4685 2705 4756 15).
2763 4687 3056 4745 Exteriora
3099 4704 3340 4762 namque
3385 4707 3567 4764 opera
3609 4702 3800 4768 patent

2173 4771 2350 4830 oculis
2368 4771 2856 4848 hominum,longe
2875 4791 3008 4832 vero
3027 4775 3548 4850 incomparabiliter
3568 4783 3799 4842 interio-

2170 4876 2258 4918 res
2283 4877 2347 4920 ac
2373 4860 2752 4919 subtilissimas
2804 4865 3166 4938 cogitationes
3193 4875 3397 4926 nostra)
3429 4880 3636 4944 patent
3652 4889 3798 4933 ocu-

2169 4949 2241 5009 lis
2291 4951 2412 5007 Dei.
2448 4951 2640 5010 Omnia
2697 4952 2856 5022 enim,
2882 4954 3026 5014 sicut
3079 4955 3348 5031 scriptum
3395 4968 3509 5032 est,
3539 4963 3698 5021 nuda
3750 4967 3798 5019 et

2167 5045 2354 5111 aperta
2379 5047 2504 5098 sunt
2527 5041 2694 5099 oculis
2722 5042 2836 5112 ejus
2863 5044 3058 5113 (Hebr.
3090 5061 3170 5116 Iv,
3193 5044 3308 5119 13).
3326 5047 3402 5104 Et
3421 5063 3579 5125 saepe
3611 5051 3675 5110 in
3701 5065 3798 5108 ex-

2167 5127 2357 5187 teriori
2385 5145 2547 5205 opere
2573 5137 2700 5189 ante
2727 5133 2917 5191 oculos
2945 5132 3236 5194 hominum
3265 5135 3587 5200 inordinati
3615 5156 3796 5216 appa-

2168 5374 2478 5432 censemus,
2511 5361 2790 5421 mendose.

2239 5433 2260 5516 ξ
2291 5435 2373 5516 [ια
2400 5436 2950 5516 quoqueappellatur
2975 5453 3161 5516 supra,
3183 5439 3222 5516 l_.
3256 5455 3384 5510 xm,
3416 5456 3587 5504 num.
3619 5446 3677 5506 ὅ.

2293 5506 2456 5562 Deest
2483 5506 2598 5578 ejus
2622 5506 2696 5564 in'
2717 5506 2949 5578 ’Germ.,
2980 5506 3152 5568 Cdrb.
3176 5506 3378 5571 Germf
3400 5521 3460 5571 et
3512 5519 3784 5591 plurimis

2165 5575 2583 5722 aliisbmittitur
2608 5650 2736 5722 quia
2755 5651 2814 5707 in
2843 5649 3011 5709 duob.
3036 5653 3210 5711 Laud.

2238 5718 2260 5807 ti
2288 5719 2376 5807 Ita.
2398 5718 2787 5807 ng_.,Eo§b.
2820 5723 3254 5807 Etyma-Laud,
3275 5725 3505 5802 Norrn.,
3529 5731 3783 5807 Bellen,

455 5779 594 5821 nunc
619 5765 679 5822 in
704 5765 822 5824 istis
847 5769 1138 5830 wstimabat
1163 5779 1423 5835 custodiri
1440 5798 1462 5846 ;
1481 5765 1710 5840 obscure
1720 5765 1974 5851 sane'ie—t
1993 5765 2056 5843 ut
2162 5765 2607 5859 βίου’-ιῖὺῖἓᾶἷὸ
