3946 6392
160 358 245 415 109

890 355 1264 413 MORALIUM
1298 357 1434 414 LIB.
1476 357 1630 415 XIX.
1671 388 1743 403 --
1780 360 1852 417 IN
1889 362 2117 420 CAPUT
2154 364 2392 422 XXVIII
2430 366 2493 421 Β.
2534 367 2677 423 JOB.

3340 371 3440 428 110

156 500 260 547 rere
284 480 594 551 metuimus,
633 488 689 537 et
716 479 777 537 in
805 480 1061 539 interiori
1079 482 1415 556 cogitatione
1442 483 1597 541 illius
1628 502 1728 541 re-
1756 487 1804 547 Α
1834 502 1967 543 vero
2004 488 2345 544 invisibilem
2376 497 2639 563 tanquam
2669 491 2866 550 videns
2893 494 3183 565 sustinuit,
3214 497 3343 570 quia
3371 495 3441 553 ab

155 581 376 651 spectum
416 585 529 626 non
598 571 920 642 metuimus,
964 588 1127 647 quem
1177 572 1460 631 videntem
1543 575 1733 633 omnia

156 681 255 724 non
299 658 561 716 videmus.
612 658 788 716 Multo
827 660 975 717 enim
1025 661 1198 735 magis
1241 661 1575 720 intrinsecus
1618 666 1731 721 Deo

156 769 298 832 quam
325 749 666 807 extrinsecus
719 747 1042 807 hominibus
1088 751 1486 825 conspicabiles
1518 769 1728 810 sumus.

156 842 290 904 Unde
327 847 380 897 et
428 838 606 896 sancti
636 854 832 897 omnes
874 839 1013 897 foris
1051 845 1199 905 614
1226 857 1283 898 se
1320 840 1581 916 intusque
1611 842 1734 899 cir-

151 937 518 1011 cumspiciunt,
546 943 603 993 et
640 936 727 993 vel
766 937 1222 1012 reprehendendo
1249 955 1307 996 se
1348 939 1613 1009 exterius,
1645 941 1732 996 vel

152 1031 351 1104 iniquos
375 1043 430 1083 se
458 1026 693 1084 interius
721 1026 902 1084 videri
945 1028 1307 1087 invisibiliter
1334 1028 1557 1085 timent.
1591 1029 1734 1086 Hinc

149 1127 221 1177 est
246 1116 386 1192 quod
411 1116 678 1173 animalia
697 1134 819 1191 quas
847 1133 944 1190 per
997 1117 1322 1191 prophetam
1357 1117 1642 1188 videntur,
1674 1117 1734 1173 in

148 1206 370 1267 circuitu
422 1212 477 1263 et
523 1205 677 1264 intus
730 1207 894 1280 plena
952 1207 1131 1265 oculis
1185 1225 1301 1265 esse
1358 1216 1737 1264 memorantur

145 1298 353 1371 (Ezech.
384 1313 425 1364 ι,
454 1295 558 1363 18;
599 1312 660 1366 x,
696 1296 807 1367 l2).
841 1296 1103 1371 Quisquis
1132 1298 1281 1354 enim
1316 1297 1595 1355 exteriora
1637 1312 1738 1353 sua

148 1385 360 1442 honeste
386 1383 657 1456 disponit,
689 1384 787 1440 sed
807 1384 1077 1441 interiora
1104 1385 1356 1458 negligit,
1389 1385 1449 1442 in
1497 1385 1738 1442 circuitu

144 1476 320 1533 oculos
348 1475 534 1544 habet,
568 1475 663 1532 sed
693 1475 845 1531 intus
873 1493 985 1533 non
1015 1476 1200 1533 habet.
1232 1477 1421 1535 Sancti
1448 1493 1581 1534 vero
1607 1494 1738 1534 om-

144 1579 253 1633 nes,
282 1563 409 1637 quia
454 1571 510 1619 et
539 1564 816 1621 exteriora
860 1581 960 1622 sua
994 1565 1475 1639 circumspiciunt,
1506 1574 1568 1622 ut
1594 1566 1740 1623 bona

141 1653 205 1711 de
253 1670 309 1710 se
342 1654 599 1726 exempla
639 1654 903 1712 fratribus
931 1655 1231 1728 praebeant,
1262 1664 1317 1713 et
1348 1656 1612 1713 interiora
1641 1671 1740 1713 sua

143 1744 433 1815 vigilanter
458 1742 774 1812 attendunt,
804 1743 937 1817 quia
956 1761 1072 1801 sese
1090 1745 1515 1817 irreprobabiles
1534 1744 1741 1801 interni

1840 575 1995 649 ejus‘
2042 578 2261 635 timoris
2308 578 2518 634 intuitu
2566 579 2770 636 mentis
2799 580 3021 637 oculum
3051 599 3162 639 non
3191 582 3440 642 deﬂexit.

1840 668 2040 726 Sancta
2066 669 2251 743 itaque
2287 668 2537 726 Ecclesia
2569 669 2628 725 in
2658 670 2871 743 magnis
2898 678 3032 728 tunc
3059 672 3445 734 tribulationi-

1840 760 1946 817 bus
1972 761 2331 835 deprehensa,
2378 778 2505 819 cum
2536 763 2740 819 multos
2768 779 2801 819 a
2838 766 2953 820 Deo
2980 765 3251 837 conspicit
3278 783 3448 839 prava

1841 851 2175 922 cegitatione
2205 851 2507 921 discedere,
2538 851 2692 907 videt
2733 853 2979 925 profecto
3028 854 3229 910 mentis
3255 870 3447 913 eorum

1842 937 2219 996 habitaculum
2260 939 2575 996 discedente
2615 942 2730 997 Deo
2775 958 3012 998 vacuum
3060 959 3363 1013 remanere,
3395 953 3450 1003 et

1837 1026 1962 1099 jure
1989 1027 2283 1099 deplorans
2304 1028 2477 1085 dicit:
2512 1030 2737 1097 Quando
2768 1038 2960 1086 secreto
2980 1032 3122 1088 Deus
3152 1038 3269 1088 erat
3296 1034 3353 1088 in
3374 1039 3452 1090 ta-

1844 1118 2128 1173 bernaculo
2156 1134 2288 1173 meo.
2312 1115 2449 1190 [νει.
2486 1116 2614 1191 ΧΙ.]
2651 1116 2865 1186 Quibus
2892 1119 3076 1177 verbis
3102 1137 3215 1177 non
3244 1121 3451 1179 imme-

1844 1206 1953 1263 rito
1982 1206 2148 1262 etiam
2178 1206 2461 1262 simulatio
2502 1206 2786 1279 religionis
2813 1208 3113 1281 plangitur,
3143 1210 3273 1284 quia
3300 1226 3451 1268 non-

1845 1296 1986 1352 nulli
2016 1295 2183 1352 etiam
2214 1312 2365 1352 nunc
2393 1295 2695 1354 Christiani
2736 1314 2852 1356 esse
2882 1315 2994 1355 non
3039 1307 3326 1373 appetunt,
3356 1299 3452 1357 sed

1847 1384 2047 1441 videri.
2081 1385 2181 1441 His
2209 1384 2469 1442 videlicet
2495 1386 2642 1442 Deus
2670 1386 2729 1442 in
2751 1387 2976 1460 publico
3002 1396 3106 1457 est,
3136 1404 3249 1445 non
3278 1387 3338 1445 in
3356 1404 3452 1445 se-

1846 1482 2016 1532 creto.
2050 1475 2157 1531 Sed
2185 1483 2372 1533 sancta
2412 1475 2661 1533 Ecclesia
2688 1477 2864 1533 Deum
2912 1476 2970 1533 in
2998 1486 3207 1534 secreto
3252 1476 3452 1534 habere

1848 1563 2142 1634 desiderat,
2190 1566 2322 1639 quia
2361 1565 2489 1622 illos
2530 1582 2659 1622 vere
2687 1566 2876 1623 ﬁdeles
2909 1568 3153 1640 respicit,
3201 1584 3340 1641 quos
3384 1567 3455 1625 ad

1850 1653 1978 1711 ﬁdei
2008 1654 2182 1711 vitam
2229 1654 2394 1711 corde
2441 1655 2604 1727 pleno
2632 1671 2953 1727 permanere
2985 1658 3290 1728 cognoscit.
3322 1657 3454 1724 Quae

1844 1741 2008 1816 juxta
2043 1744 2375 1799 exteriorem
2433 1759 2653 1816 quoque
2695 1743 2904 1815 vigoris
2949 1744 3035 1800 sui
3064 1744 3454 1802 rectitudinem

136 1831 337 1905 judicia
364 1831 650 1889 obtutibus
678 1840 894 1905 parant,
925 1841 980 1890 et
1003 1835 1196 1891 oculos
1223 1834 1282 1890 in
1309 1833 1549 1891 circuitu
1577 1840 1633 1889 et
1660 1834 1743 1889 in-
1772 1857 1819 1918 Β
1850 1831 2023 1890 dicit:
2060 1833 2283 1901 Quando
2304 1837 2420 1889 erat
2459 1832 2795 1904 Omnipotens
2824 1849 3044 1899 mecum,
3073 1840 3123 1889 et
3148 1833 3209 1889 in
3234 1834 3457 1891 circuitu

141 1931 227 1981 tus
253 1924 452 1982 habere
481 1923 882 1997 perhibentur;
914 1926 1196 1999 magisque
1225 1942 1304 1995 se,
1327 1942 1438 1999 quo
1470 1926 1585 1983 Deo
1616 1925 1743 1997 pla-

140 2020 312 2080 ceant,
339 2013 400 2069 in
434 2030 537 2070 sua
564 2012 784 2070 interna
808 2022 1173 2088 componunt,
1204 2015 1351 2072 sicut
1376 2031 1473 2087 per
1500 2013 1744 2071 Psalmi-

138 2112 271 2163 stam
314 2120 542 2179 quoque
597 2104 665 2162 de
719 2112 909 2163 sancta
960 2105 1208 2163 Ecclesia
1259 2105 1512 2162 dicitur:
1562 2104 1745 2163 Omnis

133 2194 437 2267 gloriaejus
472 2196 488 2228 ί
521 2194 651 2267 ﬁlim
676 2196 818 2267 regis
844 2196 912 2252 ab
940 2195 1084 2252 intus
1111 2196 1293 2265 (Psal.
1326 2212 1482 2264 xmv,
1516 2194 1581 2250 14
1586 2193 1744 2265 ).Sed

135 2283 258 2357 quia
303 2282 594 2341 exteriora
619 2299 720 2340 sua
748 2284 916 2340 etiam
935 2283 1448 2358 irreprehensibilia
1475 2282 1741 2351 custodit,

128 2372 247 2446 jure
273 2373 340 2430 de
368 2389 434 2429 ea
471 2372 722 2429 subdidit
747 2391 758 2429 :
794 2374 861 2429 In
888 2373 1114 2446 fimbriis
1142 2374 1325 2429 aureis
1349 2372 1745 2427 circumamicta

134 2464 155 2499 ³
179 2464 551 2533 oaﬁetat¢,ut
577 2471 633 2520 et
659 2463 892 2536 pulchra
920 2464 1027 2520 sibi
1057 2465 1209 2520 intus
1226 2464 1320 2533 sit,
1343 2471 1395 2519 et
1412 2462 1537 2519 aliis
1566 2461 1739 2529 foras;

132 2560 183 2608 et
207 2569 262 2610 se
288 2553 618 2627 provehens
647 2569 746 2626 per
774 2553 1050 2610 internum
1081 2554 1334 2626 gloriam,
1366 2560 1421 2609 et
1457 2552 1596 2609 alios
1624 2567 1744 2607 eru-

129 2641 278 2699 diens
307 2659 408 2715 per
436 2643 724 2699 exteriora
750 2659 979 2716 operum
1007 2645 1283 2717 exempla.
1339 2644 1539 2700 Beatus
1577 2641 1749 2714 igitur

129 2731 225 2787 Job
258 2731 413 2789 dicat
441 2748 523 2788 ex
550 2747 630 2800 se,
661 2731 810 2789 dicat
835 2748 907 2788 ex
935 2749 1170 2805 persona
1196 2732 1531 2789 universalis
1562 2732 1747 2788 Eccle-

124 2821 215 2878 siae
244 2839 259 2878 :
291 2822 536 2891 Quando
583 2828 777 2877 secreto
819 2823 962 2879 Deus
1016 2829 1134 2878 erat
1159 2823 1217 2877 in
1248 2822 1583 2878 tabernaculo
1612 2837 1740 2875 meo.

126 2912 194 2969 Ut
240 2915 403 2970 enim
446 2911 806 2968 demonstret
858 2919 1127 2985 quantum
1154 2911 1307 2967 intus
1334 2910 1648 2983 profecerit,
1669 2923 1750 2965 se-

123 3011 268 3061 creto
285 3006 487 3061 Deum
517 3000 699 3059 fuisse
738 3002 799 3058 in
839 3019 941 3060 suo
986 3002 1347 3059 tabernaculo
1376 3000 1649 3074 perhibet.
1682 3000 1753 3061 Ut

126 3093 287 3149 etiam
314 3091 588 3150 ostendat
616 3091 971 3149 rectitudinis
990 3107 1156 3165 opera
1170 3098 1439 3166 quantum
1469 3089 1753 3147 extrinse-

123 3198 219 3241 cus
243 3182 481 3242 custodi
494 3182 593 3249 vit,
622 3180 896 3255 adjungit.

744 3340 974 3399 CAPUT
1005 3341 1158 3400 XIII.

191 3451 377 3510 Vnus.
421 3449 561 3506 5.—
590 3448 816 3516 Quando
843 3455 962 3507 erat
991 3450 1331 3523 Omnipotens
1373 3464 1593 3513 mecum,
1620 3451 1671 3503 et
1697 3447 1755 3502 in

122 3540 360 3597 circuitu
387 3555 512 3595 meo
534 3537 695 3611 pueri
719 3538 840 3595 mei.

188 3648 283 3705 21.
321 3646 548 3705 Sanctis
587 3645 730 3701 intus
774 3646 885 3702 Deo
913 3646 1246 3712 vacantibus,
1274 3644 1411 3701 mali
1450 3644 1567 3700 sola
1616 3648 1752 3698 exte-

120 3738 275 3795 riora
328 3741 615 3810 qucerunt.
672 3735 998 3806 Religionem
1029 3751 1136 3791 non
1181 3735 1389 3800 habent,
1447 3734 1537 3789 sed
1580 3732 1757 3788 simu—

122 3829 255 3887 lant.
287 3858 369 3870 —
416 3826 637 3883 Omnes
690 3831 875 3880 autem
923 3824 1021 3898 qui
1076 3822 1269 3880 divina
1313 3829 1585 3895 praecepta
1632 3837 1757 3877 me-

118 3926 310 3989 tuunt,
343 3917 463 3975 Dei
495 3914 921 3970 tabernaculum
958 3912 1123 3969 ﬁunt.
1162 3912 1339 3980 Unde,
1369 3918 1433 3968 ut
1454 3924 1618 3984 supra
1639 3910 1755 3983 jam

120 4006 387 4064 diximus
423 4003 620 4076 (Num.
654 4001 737 4073 6),
769 4018 866 4074 per
893 4001 1241 4074 semetipsam
1271 4000 1491 4057 Veritas
1512 3999 1650 4056 dicit
1688 3999 1757 4055 de

119 4111 182 4153 eo
207 4096 315 4171 qui
334 4093 514 4152 illius
533 4092 794 4148 mandata
820 4091 1064 4148 custodit
1094 4109 1111 4147 :
1140 4093 1255 4164 Ego
1284 4096 1332 4145 et
1358 4090 1522 4146 Pater
1550 4091 1571 4126 ³
1592 4088 1757 4144 venie-

118 4205 257 4257 mus,
288 4197 345 4246 et
373 4186 721 4245 mansionem
743 4186 890 4258 apud
913 4202 1031 4241 eum
1057 4184 1285 4256 facimus
1307 4183 1489 4256 (Joan.
1510 4181 1755 4251 xrv,23).

121 4276 282 4346 Quod
314 4283 534 4335 contra
561 4273 805 4347 perversi
836 4273 1042 4348 quique
1062 4273 1196 4330 dum
1217 4273 1442 4329 interna
1455 4287 1569 4327 non
1595 4285 1757 4341 appe-

118 4374 271 4437 tunt,
301 4368 370 4424 in
403 4365 535 4423 suis
564 4380 621 4421 se
649 4363 1083 4437 cogitationibus
1136 4363 1284 4420 foras
1311 4361 1574 4420 fundunt.
1604 4358 1759 4416 Unde

119 4456 201 4514 eis
234 4472 341 4531 per
372 4453 720 4530 prophetam
748 4453 992 4510 dicitur:
1024 4452 1206 4511 Redite
1215 4452 1662 4526 praevaricatores
1687 4448 1760 4503 ad

118 4562 211 4602 cor
241 4545 418 4619 (Isai.
487 4559 647 4613 xnvr,
689 4542 773 4616 8).
806 4544 879 4599 Et
908 4558 1177 4599 rursum:
1237 4542 1323 4601 νω
1367 4541 1463 4613 qui
1514 4537 1761 4612 cogitatis

120 4635 319 4692 inutile
345 4633 603 4708 (Miclue.
633 4649 698 4701 ιι,
727 4633 809 4705 1).
839 4634 905 4689 In
933 4630 1248 4690 actionibus
1274 4629 1479 4703 quippe
1512 4628 1629 4685 suis
1656 4642 1763 4682 ve-

120 4733 324 4784 rentur
353 4721 655 4792 homines,
686 4738 826 4796 quos
853 4720 1219 4795 corporaliter
1248 4718 1465 4787 vident,
1495 4725 1552 4774 et
1587 4718 1765 4774 Deum

120 4813 230 4872 sibi
278 4819 639 4889 praesentem
684 4827 799 4869 non
844 4811 1126 4868 mstimant
1157 4825 1295 4879 esse,
1323 4824 1490 4883 quem
1519 4823 1633 4864 non
1663 4804 1764 4860 vi—

122 4902 281 4963 dent.
305 4900 495 4973 Quod
530 4907 730 4959 contra
756 4900 817 4957 in
847 4899 1010 4957 laude
1034 4898 1173 4973 justi
1198 4899 1428 4969 dicitur,
1444 4898 1579 4956 dum
1599 4898 1767 4970 IEgy-

123 4993 207 5066 pti
254 5009 461 5067 regem
511 4996 912 5059 contemneret,
944 4995 999 5045 et
1042 4988 1142 5046 Dei
1170 4987 1445 5045 mandatis
1473 4986 1722 5044 obediret
1752 5005 1764 5043 :

123 5084 268 5152 Quia
296 5081 648 5140 inuisibilem
677 5086 930 5152 tanquam
955 5078 1140 5135 videns
1168 5077 1426 5133 sustinuit
1471 5077 1664 5149 (Hebr.
1688 5092 1769 5145 χι,

122 5169 245 5246 27).
278 5171 638 5228 Perversum
693 5166 897 5240 quippe
935 5174 1095 5223 terrm
1136 5164 1442 5239 principem
1472 5163 1627 5239 quasi
1658 5178 1773 5219 non

122 5261 297 5333 vidit,
331 5275 523 5335 quem
568 5256 639 5314 ab
694 5256 871 5314 oculis
917 5256 1006 5313 sui
1061 5254 1247 5312 cordis
1303 5252 1527 5326 abjecit.
1570 5254 1772 5325 Regem

200 5482 222 5518 ί
252 5477 442 5538 Corb.
471 5471 808 5542 Germ.,duo
829 5470 1251 5541 Laud.,Germ.,
1268 5473 1535 5529 Norman.
1558 5485 1775 5542 omnes,

126 5559 268 5621 etc.,
310 5549 461 5624 ﬁlice
524 5562 726 5624 regunt.
758 5546 823 5600 In
854 5545 1097 5624 Vulgata
1125 5551 1366 5624 ettextu
1396 5541 1776 5624 Hebrz,‘regi‘s.

199 5626 225 5661 ³
251 5612 353 5681 Ἰὼ
388 5633 539 5678 cum
571 5612 783 5673 Bellov.
816 5623 872 5670 et
916 5612 1102 5674 laudat
1161 5615 1334 5674 Codd.
1374 5623 1486 5670 vet.
1518 5612 1652 5679 Ed.,
1681 5612 1778 5668 ubi

126 5703 355 5754 recent.
396 5689 622 5748 habent
647 5687 1013 5745 varietatibus.

1849 1939 1962 1978 meo
1986 1922 2146 1995 pueri
2170 1922 2289 1978 mei.
2334 1919 2495 1978 Pueri
2523 1920 2738 1979 scilicet
2766 1930 3057 1992 vocantur,
3088 1922 3184 1996 qui
3212 1923 3457 1980 coelesti-

1850 2013 1956 2069 bus
1984 2012 2259 2069 mandatis
2278 2011 2609 2069 inserviunt.
2633 2011 2788 2069 Unde
2804 2029 2900 2086 per
2920 2012 3244 2086 prophetam
3273 2013 3459 2071 Domi-

1852 2119 1958 2159 nus
1996 2102 2168 2160 dicit:
2215 2104 2348 2159 Ecce
2399 2120 2487 2174 ego
2529 2108 2578 2158 et
2623 2102 2784 2174 pueri
2827 2102 2929 2158 mei
2966 2120 3097 2175 quos
3134 2102 3267 2159 mihi
3320 2102 3462 2160 dedit

1855 2194 2037 2256 615‘
2085 2193 2228 2249 Deus
2255 2194 2398 2265 (Isa.
2432 2209 2556 2261 VIII,
2595 2192 2709 2265 18).
2740 2192 2810 2248 Et
2853 2209 3045 2250 rursus
3091 2193 3151 2255 in
3199 2194 3462 2265 Evange-

1853 2289 1967 2346 lio:
2012 2290 2201 2356 Pueri,
2243 2290 2487 2361 nunquid
2509 2292 2531 2327 ⁶
2554 2291 2978 2363 pulmentarium
3027 2291 3228 2347 habetis
3274 2291 3458 2364 (Joan.

1854 2393 1975 2446 xxi,
2004 2378 2063 2450 5)
2088 2378 2115 2434 ?
2143 2379 2303 2435 Nunc
2322 2395 2450 2451 ergo
2471 2379 2530 2435 in
2549 2379 2791 2435 circuitu
2819 2378 2937 2450 ejus
2965 2386 3097 2435 sunt
3125 2378 3303 2452 pueri,
3333 2378 3466 2451 quia

1854 2466 1915 2521 in
1959 2466 2181 2523 cunctis
2221 2466 2335 2522 fere
2377 2466 2636 2539 gentibus
2681 2466 3038 2539 reperiuntur
3078 2466 3175 2540 qui
3221 2466 3466 2523 coelestia

1855 2556 2114 2613 mandata
2140 2557 2483 2626 custodiunt,
2518 2565 2574 2613 et
2617 2557 2885 2630 spiritalis
2913 2557 3229 2631 disciplinae
3258 2557 3466 2629 regulis

1856 2651 2256 2725 obsequuntur.
2289 2647 2396 2715 Qui
2424 2646 2673 2720 profecto
2702 2654 2836 2703 tunc
2854 2646 2924 2702 ad
2952 2646 3280 2721 obsequium
3309 2645 3468 2719 pueri

1857 2740 2109 2809 deerunt,
2142 2737 2365 2812 quando
2407 2736 2565 2811 pravi
2599 2737 2695 2810 qui
2724 2737 2927 2810 reperti
2955 2736 3167 2795 fuerint
3195 2736 3469 2811 spiritalia

1856 2829 1977 2902 ejus
2003 2828 2262 2887 mandata
2288 2835 2675 2886 contemnunt.
2713 2827 2975 2902 Sequitur
2995 2845 3015 2885 :

2321 2982 2551 3039 CAPUT
2580 2984 2712 3041 xrv
2743 2982 2886 3057 [Rec.
2910 2985 3012 3060 x3.

1934 3090 2104 3148 Vsus.
2126 3089 2181 3147 6.
2202 3118 2275 3131 —
2303 3088 2528 3157 Quando
2554 3088 2797 3144 lavabam
2810 3089 2967 3160 pedes
2993 3105 3133 3146 meos
3161 3090 3368 3162 butyro.

1785 3218 1831 3279 ο
1933 3198 2024 3256 22.
2054 3197 2217 3255 Pedes
2245 3196 2464 3253 Domini
2470 3196 2868 3268 pradicatores,
2898 3213 3029 3267 quos
3060 3198 3215 3269 ungit
3239 3204 3288 3253 et
3315 3215 3469 3255 mun-

1862 3289 1975 3345 dat.
1998 3319 2069 3330 —
2097 3286 2240 3355 Quia
2258 3285 2542 3344 Christum
2572 3292 2627 3341 et
2654 3285 2960 3342 Ecclesiam
2992 3302 3162 3343 unam
3192 3302 3311 3345 esse
3330 3303 3470 3361 per-

1864 3399 2060 3441 sonam
2099 3379 2294 3438 crebro
2311 3377 2429 3450 jam
2479 3376 2748 3445 diximus,
2777 3378 2938 3434 illum
2986 3377 3251 3436 videlicet
3304 3379 3474 3453 hujus

1863 3471 2111 3545 corporis
2153 3475 2340 3541 caput,
2374 3467 2541 3549 Ihanc
2586 3475 2769 3524 autem
2828 3467 2983 3524 illius
3010 3467 3208 3541 capitis
3252 3485 3474 3541 corpus,

1862 3562 2024 3619 aliter
2053 3560 2173 3617 haec
2200 3557 2368 3614 verba
2403 3555 2569 3629 juxta
2615 3572 2809 3614 vocem
2842 3556 3041 3629 capitis
3077 3558 3275 3630 accipi,
3312 3564 3477 3631 atque

1863 3651 2026 3707 aliter
2047 3647 2214 3721 juxta
2241 3662 2434 3704 vocem
2474 3646 2722 3719 corporis
2748 3646 2974 3704 debent.
3019 3646 3169 3729 Quos
3214 3662 3342 3717 ergo
3372 3661 3479 3718 pe-

1865 3740 1962 3798 des
1997 3737 2245 3806 Domini,
2276 3736 2387 3793 nisi
2426 3744 2647 3792 sanctos
2692 3735 3085 3808 praedicatores
3121 3735 3429 3808 accipimus
3450 3735 3478 3791 ἲ

1864 3831 1944 3886 De
1972 3827 2175 3902 quibus
2194 3827 2364 3883 dicit:
2388 3827 2409 3862 7
2441 3828 2517 3882 Et
2542 3825 2883 3881 inambulabo
2912 3826 2969 3879 in
2998 3825 3074 3880 eis
3097 3824 3287 3896 (Leuit.
3316 3840 3478 3893 xxvr,

1869 3917 1982 3990 12).
2014 3918 2226 3989 Butyro
2255 3931 2384 3987 ergo
2414 3915 2578 3987 pedes
2607 3914 2884 3982 lavantur,
2915 3912 3046 3985 quia
3091 3912 3481 3984 praedicatores

1865 4009 2040 4065 sancti
2054 4008 2326 4064 bonorum
2339 4022 2565 4077 operum
2582 4004 2916 4076 pinguedine
2927 4001 3454 4074 replentur.Etenim
3463 4044 3478 4070 ,

1868 4105 1931 4153 ut
1959 4112 2131 4168 supra
2154 4093 2270 4165 jam
2292 4093 2542 4149 diximus
2573 4094 2716 4164 (Lib.
2749 4110 2790 4161 ι,
2831 4109 2888 4148 η.
2920 4091 3035 4163 30),
3068 4091 3168 4147 vix
3195 4092 3314 4165 ipsa
3333 4107 3484 4163 pras-

1867 4184 2072 4242 dicatio
2099 4183 2219 4239 sine
2246 4182 2433 4255 aliquo
2461 4180 2731 4237 transitur
2759 4180 3020 4237 admisso.
3080 4181 3217 4236 Nam
3250 4180 3485 4253 quilibet

1869 4273 2197 4347 praedicans,
2226 4279 2323 4327 aut
2357 4270 2428 4327 ad
2458 4271 3015 4343 quantulumcunque
3044 4268 3484 4341 indignationem

1869 4362 2131 4430 trahitur,
2152 4362 2198 4418 si
2220 4360 2628 4427 contemnitur;
2650 4367 2749 4416 aut
2762 4359 2834 4416 ad
2861 4360 3486 4432 aliquantulamcunque

1870 4451 2126 4525 gloriam,
2170 4450 2217 4506 si
2246 4450 2315 4507 ab
2342 4449 2698 4505 audientibus
2725 4457 3040 4504 veneratur.
3074 4448 3230 4504 Unde
3263 4456 3317 4504 et
3345 4464 3488 4521 apo—

1870 4540 2028 4598 stolis
2057 4538 2222 4611 pedes
2252 4538 2352 4595 loti
2377 4545 2530 4606 sunt,
2553 4545 2616 4593 ut
2635 4553 2667 4593 a
2694 4536 3004 4610 quamlibet
3031 4552 3203 4609 parvo
3232 4536 3487 4608 contagio

1872 4628 1930 4685 in
1960 4628 2079 4702 ipsa
2097 4627 2490 4701 praedicatione
2519 4633 2826 4693 contracto,
2855 4625 3013 4700 quasi
3043 4641 3077 4681 a
3105 4625 3347 4699 quodam
3381 4625 3486 4681 iti-

1875 4733 2004 4775 nere
2030 4717 2266 4774 collecto
2294 4706 2521 4790 pulvere
2549 4715 2971 4772 mundarentur.
3002 4715 3076 4773 Et
3102 4714 3295 4771 beatus
3322 4715 3489 4771 Jaco-

1876 4806 1982 4865 bus
2026 4806 2201 4864 dicit:
2253 4806 2432 4865 Nolite
2470 4807 2656 4879 plures
2695 4805 2940 4879 magistri
2967 4804 3109 4877 ﬁeri,
3146 4803 3348 4875 fratres
3389 4802 3492 4858 anei

1881 4898 2022 4970 (Jac.
2053 4914 2140 4966 ιιι,
2173 4897 2251 4969 1).
2296 4897 2371 4952 Et
2396 4894 2563 4969 paulo
2595 4902 2746 4967 post:
2779 4896 2848 4951 In
2872 4893 3057 4950 multis
3092 4893 3233 4949 enim
3259 4890 3490 4962 oﬂ'endi—

1878 5002 1997 5041 mus
2025 5001 2201 5040 omnes
2231 4984 2423 5056 (1b;id.,
2453 4984 2535 5056 2).
2579 4982 2752 5040 Pedes
2780 4999 2910 5055 ergo
2956 4982 3220 5039 lavantur
3258 4978 3486 5049 butyro,

1880 5071 2011 5147 quia
2039 5072 2374 5146 pinguedine
2402 5072 2535 5129 boni
2567 5071 2749 5146 Operis
2774 5070 3095 5127 infunditur
3119 5074 3284 5140 atque
3316 5080 3494 5121 mun—

1882 5159 2047 5217 datur
2086 5161 2350 5218 collectus
2384 5161 2569 5233 pulvis
2605 5159 2671 5215 de
2701 5158 2874 5231 gloria
2916 5152 3343 5228 praedicationis.
3387 5153 3493 5212 Vel

1884 5257 2030 5309 certe
2052 5248 2257 5323 butyro
2283 5248 2448 5323 pedes
2476 5249 2757 5315 lavantur,
2787 5245 2920 5301 dum
2946 5242 3155 5300 sanctis
3170 5241 3493 5316 praedicato-

1960 5468 1983 5505 ‘
2010 5464 2250 5525 Vindoc.
2261 5508 2277 5534 ,
2305 5462 2509 5521 amoris
2529 5462 2751 5522 intuitu.

1960 5541 1982 5576 ⁵
2010 5539 2227 5607 Norm.,
2262 5537 2541 5594 Dominus.

1961 5609 2652 5685 6'I‘uron.,pulmentum._
2721 5679 2735 5685 _
2820 5678 2850 5685 _
3053 5677 3101 5685 __
3312 5680 3323 5685 _

1962 5684 1982 5719 ⁷
2013 5683 2096 5738 Ita
2138 5673 2335 5744 Laud,
2366 5679 2577 5747 Germ.,
2613 5677 2778 5739 Corb.
2810 5678 3022 5745 Germ.,
3053 5677 3243 5735 Norm.
3274 5680 3330 5730 et
3370 5673 3490 5739 alii,

199 5751 431 5826 iiEditi
456 5760 682 5818 addunt
702 5776 862 5817 meus.
894 5760 959 5816 In
979 5758 1240 5816 omnibus
1253 5760 1384 5817 Mss.
1417 5757 1650 5825 nostris,
1671 5756 1782 5814 nisi
1890 5754 2042 5813 Edit.
2074 5762 2302 5827 poster.,
2333 5758 2381 5807 et
2399 5751 2701 5807 ambulabo.

127 5840 192 5896 in
222 5839 440 5897 Germ.
479 5838 543 5887 et
572 5829 738 5888 Corb.
771 5831 984 5903 Germ.,
1012 5830 1243 5888 minime
1279 5830 1499 5900 legitur.
