3946 6362
511 361 607 418 ill

1714 355 1963 412 SANCTI
2021 355 2357 412 GllEGOBll
2396 353 2622 411 MAGM

3715 360 3809 418 H2

508 483 662 542 ribus
678 477 946 538 debitaab
964 477 1324 536 audientibus
1347 477 1622 551 stipendia
1649 479 2031 548 conferuntur,
2048 486 2102 535 et
2131 482 2182 540 A
2211 487 2360 548 cant,
2393 478 2598 552 butyro
2623 478 2831 554 eloquii
2861 479 3030 553 pedes
3057 480 3270 537 lavant.
3301 479 3495 538 Solent
3535 480 3698 540 etiam
3723 499 3808 558 pe.

507 587 645 646 quos
672 567 866 642 fatigat
891 565 1180 640 injunctus
1212 566 1624 640 praedicationis
1671 567 1824 624 labor
1859 565 2110 623 exhibita

504 679 537 718 a
563 657 856 733 discipulis
882 657 1160 731 pinguedo
1186 656 1320 714 boni
1359 657 1539 731 operis
1585 657 1759 725 fovet,
1807 672 1920 712 non
1961 655 2109 730 quod

505 756 632 815 ideo
660 755 961 830 praedicent
989 761 1052 810 ut
1078 753 1320 822 alantur,
1343 752 1441 809 sed
1468 751 1592 808 ideo
1619 752 1836 808 alantur
1871 757 1936 806 ut
1962 765 2109 822 pra—

506 845 723 912 dicent;
757 843 816 901 id
843 850 946 909 est,
971 844 988 878 ¹
1029 848 1092 898 ut
1119 839 1415 914 praedicare
1443 839 1765 908 subsistant,
1795 855 1908 896 non
1937 847 2002 894 ut
2050 838 2109 895 in

506 933 872 992 intentionem
901 931 1158 990 sumendi
1188 931 1372 988 victus
1403 938 1644 987 transeat
1665 930 1685 965 ³
1715 930 1859 986 actio
1899 927 2110 1003 praedi-

504 1023 728 1092 catoris,
764 1023 862 1082 sed
887 1023 960 1080 ad
1004 1022 1305 1079 utilitatem
1348 1021 1758 1095 praedicationis
1795 1020 2111 1078 deserviant

505 1113 814 1172 ministeria
839 1112 1276 1170 sustentationis.
1310 1110 1467 1168 Unde
1512 1127 1544 1167 a
1585 1110 1746 1169 bouis
1774 1109 2110 1182 praedicato-

504 1203 660 1260 ribus
693 1218 808 1260 non
836 1217 1000 1260 causa
1039 1201 1220 1258 victus
1254 1199 1574 1274 praedicatio
1621 1199 1983 1272 impenditur,
2013 1197 2109 1255 sed

504 1307 670 1350 causa
694 1290 1103 1365 praedicationis
1131 1290 1402 1364 accipitur
1427 1289 1629 1348 victus.
1648 1290 1720 1346 Et
1739 1289 1956 1363 quoties
1975 1303 2109 1362 prai-

505 1383 822 1444 dicantibus
832 1384 1139 1443 necessaria
1151 1384 1221 1443 ab
1233 1383 1587 1442 audientibus
1597 1383 1980 1452 conferuntur,
1995 1398 2108 1438 non

505 1475 684 1532 solent
726 1476 794 1533 de
853 1492 1040 1533 rerum
1083 1492 1332 1546 munere,
1367 1477 1388 1512 ³
1435 1474 1532 1533 sed
1585 1474 1653 1531 de
1706 1473 2107 1531 conferentium

503 1563 738 1636 gaudere
783 1565 1054 1623 mercede.
1104 1565 1261 1623 Unde
1309 1581 1407 1638 per
1452 1565 1685 1621 Paulum
1716 1563 1954 1621 dicitur:
1986 1562 2110 1618 Non

502 1671 684 1726 quaero
711 1654 918 1722 datum,
942 1655 1032 1711 sed
1057 1657 1276 1726 requiro
1305 1655 1540 1726 [malum
1563 1654 1731 1726 (Phil.
1756 1671 1836 1722 1v,
1870 1654 1982 1726 17).
2005 1654 2109 1710 Da-

503 1749 624 1798 tum
671 1741 874 1815 quippe
901 1749 985 1798 est
1026 1758 1114 1799 res
1154 1741 1275 1814 ipsa
1315 1759 1438 1816 quae
1466 1741 1844 1814 impenditur;
1894 1741 2110 1799 fructus

2215 569 2312 626 des
2339 569 2457 642 ipsa
2486 569 2702 627 itineris
2727 571 3020 645 asperitate
3049 570 3298 629 lacerari.
3322 569 3481 630 Unde
3508 580 3563 629 et
3590 573 3808 633 omnino

2215 657 2440 715 diﬂicile
2483 667 2564 716 est
2590 657 2648 716 in
2691 661 2923 717 terrenis
2960 660 3274 718 actionibus
3320 659 3492 734 hujus
3539 662 3665 720 vitae
3707 663 3808 722 iter

2215 763 2394 820 agere,
2424 755 2478 804 et
2509 749 2663 805 nulla
2691 767 2761 806 ex
2790 750 2977 808 labore
3007 749 3227 808 itineris
3256 751 3491 808 vulnera
3517 751 3802 814 sustinere.

2218 835 2357 894 Cum
2386 854 2514 910 ergo
2561 837 2854 912 vigilantes
2898 839 3203 914 praepositi,
3247 839 3529 899 auditores
3557 858 3683 900 suos
3709 860 3810 900 cu-

2218 927 2295 984 ris
2349 928 2720 986 exterioribus
2775 928 3020 986 intentos
3050 928 3123 986 ad
3169 946 3265 987 cor
3291 938 3578 1001 revocant,
3608 938 3670 988 ut
3695 949 3808 1007 qua:

2219 1017 2364 1076 inter
2386 1019 2502 1093 ipsa
2532 1021 2684 1078 licita
2707 1037 2872 1094 opera
2921 1019 3248 1089 admiserint
3289 1021 3433 1078 mala
3468 1031 3807 1096 cognoscant,

2219 1118 2273 1167 et
2312 1127 2432 1185 quae
2481 1112 2844 1185 cognoverint
2883 1113 3146 1183 deﬂeant,
3179 1111 3345 1187 pedes
3376 1112 3583 1188 butyro
3611 1115 3808 1185 lavant,

2218 1203 2347 1278 quia
2371 1221 2562 1263 eorum
2592 1207 2917 1264 vulneribus
2949 1209 2971 1244 ⁸
3002 1206 3345 1281 paenitentia:
3374 1214 3654 1281 unguenta
3679 1207 3812 1266 sub-

2218 1294 2556 1354 ministrant.
2604 1295 3022 1355 Reminiscatur
3069 1296 3250 1370 igitur
3277 1305 3412 1356 tunc
3439 1296 3688 1356 Ecclesia
3714 1313 3813 1354 ve-

2217 1382 2504 1442 hementer
2547 1385 2770 1456 afﬂicta,
2818 1385 3099 1460 quomodo
3128 1385 3278 1460 pacis
3307 1402 3421 1443 suae
3450 1393 3698 1460 tempore
3724 1402 3813 1460 per

2217 1470 2620 1530 exhortationis
2648 1473 2903 1544 verbum,
2934 1473 3180 1531 membra
3206 1473 3267 1531 in
3295 1490 3353 1532 se
3381 1473 3551 1531 etiam
3577 1481 3814 1531 extrema

2218 1563 2539 1632 mundabat,
2560 1573 2616 1622 et
2646 1564 2795 1624 dicat
2828 1583 2840 1622 :
2876 1566 3100 1635 Quando
3132 1565 3377 1621 lavabam
3389 1565 3552 1638 pedes
3577 1580 3714 1620 meo:
3731 1563 3813 1620 bu.

2219 1659 2354 1726 tyro.
2387 1654 2546 1724 Quod
2573 1655 2642 1713 de
2664 1655 2824 1712 beato
2851 1654 2956 1713 Job
2984 1653 3392 1712 admirabiliter
3419 1653 3561 1710 libet
3596 1652 3812 1722 intueri,

2216 1744 2311 1818 qui
2339 1743 2485 1802 inter
2509 1752 2591 1802 tot
2621 1761 2782 1803 curas
2819 1761 3028 1815 rerum,
3059 1742 3205 1802 inter
3239 1750 3324 1801 tot
3352 1742 3585 1800 affectus
3621 1741 3810 1817 pigne-

503 1843 637 1886 vero
682 1829 798 1887 dati
845 1836 948 1899 est,
989 1829 1036 1887 si
1082 1829 1321 1904 benigna
1357 1838 1543 1888 mente
1586 1830 1786 1887 futurae
1843 1829 2110 1888 mercedis
2145 1849 2191 1910 Β
2220 1846 2368 1903 rum,
2402 1831 2549 1890 inter
2574 1840 2659 1890 tot
2704 1831 2889 1890 studia
2915 1831 3338 1901 sacriﬁciorum,
3380 1829 3653 1904 subjectis
3694 1829 3814 1902 suis

502 1921 690 1980 studio
717 1920 930 1996 aliquid
949 1921 1322 1995 impendatur.
1353 1923 1500 1994 Ergo
1519 1921 1708 1979 datum
1739 1921 1798 1978 in
1819 1937 1876 1978 re
1895 1921 2113 1995 accipi-

503 2030 650 2083 mus,
681 2014 926 2073 fructum
957 2015 1015 2071 in
1045 2015 1230 2073 corde.
1275 2017 1347 2072 Et
1377 2016 1508 2090 quia
1536 2015 1936 2090 discipulorum
1975 2032 2112 2073 suo-

503 2119 628 2161 rum
659 2105 958 2178 Apostolus
983 2105 1234 2162 mercede
1262 2106 1447 2179 potius
1475 2123 1640 2180 quam
1672 2122 1897 2162 munere
1925 2121 2110 2178 pasce-

501 2192 688 2263 batur,
717 2210 1066 2268 nequaquam
1095 2194 1308 2265 datdm,
1339 2196 1433 2253 sed
1479 2196 1726 2254 fructum
1769 2212 1824 2252 se
1871 2210 2111 2268 quaerere

500 2281 724 2339 fatetur.
777 2283 934 2339 Unde
989 2292 1042 2340 et
1097 2285 1346 2342 subdidit
1402 2285 1678 2358 protinus,
1709 2285 1934 2342 dicens:
1986 2286 2110 2341 Ha-

501 2370 590 2427 beo
619 2375 794 2426 autem
826 2373 1026 2438 omnia,
1054 2379 1102 2427 et
1127 2373 1338 2429 abundo
1371 2374 1562 2444 (lbid.,
1595 2373 1708 2446 18).
1742 2374 1954 2446 Butyro
1984 2389 2110 2444 ergo

499 2461 756 2518 lavantur
800 2460 984 2533 pedes,
1015 2479 1142 2519 cum
1189 2464 1579 2535 praedicatores
1621 2467 1818 2535 sancti,
1861 2473 1924 2522 ut
1951 2464 2112 2521 dixi-

499 2565 645 2618 mus,
693 2548 812 2622 ipsa
840 2550 1240 2622 praedicatione
1268 2553 1503 2626 fatigati,
1534 2554 1852 2612 auditorum
1882 2571 2108 2611 suorum

499 2637 662 2694 bonis
690 2637 950 2710 operibus
995 2639 1274 2698 foventur.
1307 2643 1497 2698 Fessos
1537 2659 1776 2717 namque
1804 2643 1967 2718 pedes
1995 2642 2110 2700 bu-

500 2735 629 2800 tyro
657 2735 895 2784 unxerat
939 2727 1032 2784 ille
1065 2729 1161 2802 qui
1197 2729 1454 2788 audiebat
1489 2751 1501 2788 :
1569 2733 1777 2792 Viscera
1805 2740 2110 2790 sanctorum

497 2813 874 2884 requieverunt
899 2830 994 2885 per
1025 2819 1090 2880 te,
1129 2814 1304 2886 frater
1334 2816 1582 2888 (Philem.
1617 2819 1696 2892 7).
1743 2819 1858 2876 Hoc
1902 2818 2108 2892 butyro

501 2910 704 2960 unctus
732 2903 912 2960 fuerat
937 2920 1032 2976 pes
1075 2905 1170 2978 qui
1217 2905 1275 2962 in
1305 2915 1496 2963 catena
1541 2909 1852 2979 tenebatur,
1880 2908 2102 2966 dicens:

502 2993 609 3050 Det
647 2992 1066 3049 misericordiam
1103 2995 1364 3051 Dominus
1394 2998 1708 3071 Onesiphori
1736 2998 1956 3064 domui;
1980 2998 2110 3070 quia

495 3097 630 3154 swpe
667 3099 748 3138 me
783 3081 1148 3154 refrigeravit,
1206 3090 1255 3140 et
1293 3092 1528 3142 catenam
1554 3104 1723 3143 meam
1765 3103 1874 3142 non
1899 3085 2112 3142 erubuit

2220 1921 2521 1995 quamlibet
2541 1923 2823 1992 extremis,
2847 1922 2992 1980 bona
3011 1921 3291 1996 sequentis
3311 1921 3441 1978 vitae
3461 1919 3810 1994 praedicabat,

2219 2019 2284 2069 ut
2310 2028 2403 2069 eos
2429 2011 2497 2069 de
2522 2013 2838 2070 caelestibus
2869 2011 3162 2081 imbueret,
3196 2010 3292 2086 qui
3319 2009 3428 2068 sibi
3477 2009 3549 2067 ad
3602 2016 3810 2066 terrena

2220 2117 2388 2174 opera
2415 2101 2776 2159 deservirent.
2815 2101 2962 2171 Quid
2991 2100 3060 2158 ad
3088 2100 3209 2159 haec
3235 2117 3338 2158 nos
3369 2099 3618 2174 episcopi
3671 2098 3811 2156 dici-

2221 2207 2365 2261 mus,
2388 2192 2482 2265 qui
2511 2192 2824 2250 commissis
2852 2192 3012 2249 nobis
3041 2190 3270 2248 verbum
3316 2189 3444 2246 vita:
3503 2187 3809 2262 impendere

2220 2296 2332 2337 non
2361 2297 2638 2352 curamus,
2669 2281 2890 2356 quando
2915 2279 3273 2353 conjugatum
3307 2278 3493 2335 virum
3524 2276 3808 2351 prohibere

2219 2385 2332 2426 non
2363 2371 2538 2427 valuit
2565 2373 2585 2406 ’⁸
2617 2370 2686 2427 ab
2714 2371 2896 2429 oﬂicio
2943 2367 3351 2444 praedicationis
3405 2367 3493 2423 vel
3541 2364 3811 2424 saecularis

2220 2458 2464 2530 habitus,
2496 2461 2583 2516 vel
2613 2477 2824 2532 magnae
2853 2459 3142 2532 occupatio
3171 2457 3450 2516 facultatis
3468 2455 3656 2530 ?[Rec.
3687 2452 3806 2528 XL]

2218 2548 2325 2605 Sed
2371 2557 2588 2607 servata
2643 2551 2875 2606 veritate
2923 2548 3196 2617 historiae,
3225 2546 3296 2602 ad
3323 2554 3528 2604 sanctae
3557 2543 3808 2602 Ecclesiae

2212 2635 2328 2710 jam
2371 2638 2539 2694 verba
2579 2638 2888 2706 redeamus,
2916 2653 3036 2711 quas
3084 2651 3182 2708 per
3206 2635 3431 2691 beatum
3478 2633 3605 2703 .lob,
3636 2633 3695 2690 id
3735 2641 3810 2689 est

2218 2743 2315 2800 per
2341 2743 2403 2784 os
2430 2727 2665 2784 membri
2685 2727 2771 2784 sui
2802 2727 3070 2800 loquitur,
3087 2731 3294 2799 quanta
3307 2722 3420 2780 sint
3434 2739 3557 2796 quae
3576 2730 3810 2796 tempore

2217 2825 2466 2874 extremo
2495 2817 2754 2890 patietur,
2786 2834 2914 2874 cum
2943 2822 3355 2872 transactorum
3385 2829 3617 2870 suorum
3642 2811 3809 2869 remi-

2217 2907 2472 2978 niscitur,
2501 2925 2630 2966 cum
2660 2924 2756 2982 per
2775 2923 2896 2964 eam
2924 2905 3190 2962 videlicet
3231 2901 3390 2960 verbi
3420 2901 3804 2977 pinguedinem

2216 2997 2565 3071 operantium
2597 2999 2619 3034 ⁸
2676 2997 2792 3054 vita
2847 2997 3147 3054 lavaretur.
3201 2993 3335 3062 Qum
3364 2992 3540 3064 ipsam
3599 3006 3807 3067 quoque

2215 3086 2639 3158 praedicatorum
2708 3102 2940 3144 suorum
2984 3081 3330 3158 vigilantiam
3384 3081 3606 3156 plenius
3650 3095 3807 3140 exse-

498 3167 590 3241 (II
623 3169 758 3226 Tim.
791 3185 834 3238 1,
845 3170 980 3272 A16).
1025 3170 1085 3226 Si
1123 3187 1250 3244 ergo
1271 3189 1352 3272 ‘ex
1387 3190 1521 3232 voce
1560 3174 1758 3248 capitis
1785 3173 1905 3232 haec
1937 3173 2105 3230 verba
2135 3211 2180 3272 Ο
2216 3190 2409 3249 quens,
2439 3175 2662 3234 subdit:

495 3274 814 3333 pensamus,
839 3263 983 3323 616
1012 3267 1159 3318 recte
1187 3261 1372 3336 pedes,
1403 3265 1547 3324 sicut
1574 3265 1783 3326 dictum
1814 3272 1919 3334 est,
1953 3279 2104 3337 prse-

496 3354 768 3414 dicatores
785 3357 1112 3432 accipimus.

567 3533 592 3610 [
604 3537 708 3595 νει.
733 3536 885 3613 ΧΙΙ.]
917 3537 1004 3596 23.
1032 3540 1194 3597 Pedes
1214 3539 1465 3599 Ecclesia
1489 3545 1617 3598 sunt
1641 3537 1924 3611 inferiores
1949 3538 2102 3596 mini-

493 3627 616 3694 stri,
644 3629 739 3700 qui
769 3635 981 3687 terrena
1010 3639 1222 3690 curant.
1257 3662 1330 3675 -
1358 3632 1414 3690 Si
1452 3639 1638 3690 autem
1667 3631 1870 3688 sentire
1909 3631 2013 3688 ista
2031 3647 2102 3687 ex

493 3732 629 3773 voce
658 3717 833 3774 solius
851 3719 1098 3792 corporis
1117 3719 1401 3791 debemus,
1422 3719 1690 3778 nimirum
1715 3719 1880 3792 pedes
1899 3721 2103 3778 Eccle—

492 3804 588 3861 sia
617 3813 748 3862 sunt
793 3806 1122 3867 inferiorum
1166 3826 1395 3882 operum
1451 3808 1714 3879 ministri,
1745 3808 1842 3882 qui
1869 3809 2002 3867 dum
2031 3809 2102 3866 ad

492 3909 627 3952 usus
653 3897 991 3957 necessarios
1023 3915 1086 3955 ea
1113 3915 1235 3972 quae
1263 3905 1394 3954 sunt
1421 3897 1670 3954 exterius
1695 3906 1974 3968 exercent,
2005 3915 2102 3972 per

488 3993 799 4045 extremum
827 3987 1201 4046 ministerium
1241 3987 1397 4044 velut
1424 3986 1589 4060 pedes
1615 3993 1775 4046 terra:
1803 3988 2098 4046 inhaerent.

489 4075 598 4131 Sed
625 4073 826 4133 debent
855 4077 914 4134 hi
944 4077 1040 4151 qui
1070 4084 1338 4150 praesunt,
1367 4075 1463 4150 qui
1493 4075 1760 4134 doctrina
1788 4077 1975 4135 studio
2002 4078 2101 4135 in-

499 4161 752 4234 vigilant,
795 4164 984 4220 solerti
1013 4181 1148 4223 cura
1175 4172 1570 4236 occupatorum
1598 4166 1764 4224 corda
1791 4168 2096 4241 requirere,

493 4251 682 4323 eisque
701 4267 822 4308 eam
852 4267 1018 4324 quam
1047 4252 1193 4324 ipsi‘
1223 4254 1471 4312 vacando
1516 4255 1852 4329 percipiunt,
1893 4257 2098 4315 crebra

489 4338 898 4396 admonitionis
943 4355 1100 4410 voce,
1148 4340 1487 4401 infusionem
1516 4343 1870 4418 piuguedinis
1919 4347 2100 4404 mini-

491 4436 684 4486 strare.
729 4429 866 4486 Nam
897 4429 1028 4503 quia
1069 4429 1128 4487 in
1183 4446 1296 4489 uno
1342 4450 1570 4508 corpore
1625 4433 1865 4494 invicem
1912 4452 2012 4510 pro
2040 4453 2098 4495 se

491 4517 740 4574 membra
797 4519 1037 4577 sollicita
1089 4529 1240 4592 sunt,
1297 4523 1440 4582 sicut
1493 4524 1722 4582 illorum
1773 4525 2099 4584 ministeriis

2817 3305 3047 3367 CAPUT
3076 3305 3202 3364 XV.

2282 3417 2421 3476 Iam.
2449 3447 2522 3460 —
2557 3416 2632 3474 Et
2651 3421 2806 3488 petra
2823 3414 3081 3486 fundebat
3104 3415 3237 3472 mihi
3265 3415 3410 3471 rivos
3436 3416 3564 3474 olei.

2282 3525 2372 3583 24.
2405 3526 2471 3583 In
2490 3523 2727 3582 Ecclesia
2748 3524 2857 3580 rivi
2883 3523 2989 3580 olei
3015 3530 3141 3580 sunt
3169 3524 3247 3579 vel
3266 3540 3423 3580 sacra
3451 3524 3718 3596 dogmata,
3731 3521 3804 3577 uel

2211 3615 2382 3672 sancti
2410 3613 2645 3686 Spiritus
2671 3613 2870 3686 gratia.
2903 3643 2974 3655 —
3001 3612 3143 3680 Quia
3169 3620 3339 3686 petrae
3383 3610 3613 3670 nomine
3641 3609 3804 3670 Chri-

2210 3711 2329 3762 stus
2355 3703 2646 3777 accipitur,
2668 3702 2993 3777 przedicator
3020 3703 3270 3776 egregius
3299 3702 3526 3772 fatetur,
3573 3701 3761 3759 dicens
3788 3716 3799 3755 :

2209 3795 2372 3854 Petra
2400 3799 2572 3851 autem
2589 3799 2706 3849 erat
2727 3793 2974 3851 Christus
2992 3794 3058 3866 (Ι
3069 3794 3196 3851 Cor.
3217 3792 3373 3864 x,4).
3391 3790 3528 3860 Quae
3553 3789 3805 3848 videlicet

2209 3893 2363 3960 petra
2387 3901 2538 3943 nunc
2563 3883 2632 3941 ad
2655 3901 2817 3942 usum
2847 3891 3050 3942 sanctae
3072 3883 3335 3942 Ecclesiae
3355 3882 3467 3940 olei
3497 3882 3652 3940 rivos
3687 3880 3803 3938 fun-

2210 3973 2314 4045 dit,
2371 3974 2501 4048 quia
2555 3973 2615 4030 in
2651 3989 2715 4031 ea
2756 3974 2987 4048 loquens
3032 3973 3326 4039 Dominus,
3383 3973 3804 4046 pmdicameuta

2208 4061 2491 4121 unctionis
2531 4062 2743 4120 intimae
2784 4070 3021 4119 emanat.
3081 4063 3160 4119 De
3210 4061 3315 4118 hac
3369 4069 3529 4135 petra
3566 4058 3675 4119 olei
3717 4056 3802 4115 ri-

2208 4170 2314 4214 vus
2345 4153 2504 4224 exiit,
2534 4153 2677 4210 liber
2704 4152 2972 4222 Matthzei,
2989 4152 3130 4209 liber
3155 4151 3350 4221 Marci,
3383 4151 3529 4209 liber
3553 4151 3734 4218 Lucae,
3751 4153 3800 4204 et

2208 4245 2348 4302 liber
2373 4243 2622 4303 Joannis.
2651 4245 2714 4302 In
2741 4243 2976 4301 diversis
2991 4243 3159 4318 hujus
3173 4241 3368 4299 mundi
3388 4242 3642 4316 partibus
3663 4235 3801 4315 quod

2206 4338 2631 4413 praedicamenta
2643 4335 2838 4405 edidit,
2857 4343 2940 4393 tot
2967 4343 3122 4410 petra
3140 4334 3259 4393 haec
3285 4350 3383 4408 per
3407 4351 3508 4392 ora
3526 4331 3801 4410 apostolo-

2205 4444 2331 4485 rum
2362 4427 2615 4486 omnium
2643 4425 2752 4484 olei
2783 4426 2934 4484 rivos
2961 4425 3126 4484 fudit.
3159 4425 3343 4482 Toties
3361 4423 3550 4484 adhuc
3569 4424 3637 4482 de
3658 4427 3800 4497 petua

2205 4517 2310 4577 hac
2338 4519 2448 4577 olei
2495 4519 2650 4577 rivus
2699 4518 2977 4588 funditur,
3035 4517 3254 4592 quoties
3280 4533 3312 4573 a
3339 4524 3537 4576 sancto
3593 4511 3794 4590 Spiritu

489 4609 512 4641 δ
541 4613 731 4664 nostra
749 4615 999 4668 extrema
1025 4577 1461 4683 mundtiis
1480 4577 2100 4674 esfsﬁéiﬁs
2127 4577 2177 4638 Β
2205 4607 2481 4682 ungendis
2508 4608 2790 4666 mentibus
2819 4577 3138 4665 auditorum
3160 4623 3224 4664 ea
3248 4623 3371 4681 qua
3394 4606 3456 4664 in
3475 4577 3796 4664 librisvete'

487 4695 690 4754 studiis
716 4698 942 4756 illorum
983 4699 1246 4758 interiora
1284 4703 1618 4776 repleantur.
1663 4706 1896 4775 Quando
1927 4705 2098 4780 igitur

487 4787 664 4845 sancti
705 4789 959 4848 doctores
1003 4793 1336 4868 quibusdam
1387 4797 1457 4854 ad
1511 4806 1759 4856 extrema
1789 4797 2097 4856 ministeria

486 4877 712 4951 deditis,
748 4883 1067 4942 unctionem
1096 4885 1390 4946 dominicae
1437 4888 1837 4950 incarnationis
1881 4891 2095 4966 praedi-

558 5101 576 5138 ¹
611 5099 946 5184 [Βειιιάιιῐιη
976 5109 1038 5160 ut
1058 5105 1438 5176 praedicatores
1465 5105 1770 5166 subsistant.
1821 5107 2000 5179 Alter,
2031 5114 2093 5164 ut

558 5173 849 5228 wdwationi
876 5175 1145 5228 insistant.

481 5181 849 5244 pra’dicatioui
876 5181 1145 5232 insistant,

489 5243 770 5369 tiojzgorb.
803 5247 1013 5317 Germ.,
1051 5248 1076 5304 1
1113 5247 1288 5304 Laud.
1320 5255 1376 5305 et
1402 5250 1618 5321 Norm.,
1648 5252 1786 5308 actio
1813 5252 2090 5324 praedica-

503 5332 846 5467 ποξῗίὶξιᾶος.
879 5395 933 5444 et
969 5389 1003 5446 2
1031 5390 1228 5467 Laud,
1259 5391 1348 5448 sed
1376 5392 1438 5449 de
1465 5395 1840 5467 conﬁtentium.

558 5459 579 5491 ⁵
614 5456 640 5512 1
673 5457 870 5525 Laud.,
892 5462 1143 5518 vocando.
1211 5456 1245 5508 ⁷ο

557 5530 578 5562 5
609 5529 874 5612 Nonnulli
903 5531 1078 5612 Editi,
1107 5539 1289 5612 nostra
1335 5543 1574 5612 externa,
1605 5538 1755 5612 quod
1781 5538 1982 5612 melius
2009 5553 2091 5594 re-

487 5598 718 5680 spondet
737 5602 1364 5680 sequentibiyLillorum
1388 5598 1672 5680 interiora,
1707 5609 1960 5680 sedVMss.
1991 5625 2090 5665 se-

563 5674 712 5752 iniur
729 5687 792 5728 ac
813 5679 1020 5730 veteres
1036 5674 1345 5752 Edit.,_non
1365 5674 1701 5751 conjecturis
1731 5679 2086 5752 indulgemus

525 5687 560 5725 ιι

484 5687 712 5796 ἓωιηιιιυ
729 5687 792 5728 ac
813 5687 1020 5730 veteres
1036 5687 1212 5746 Eam,
1233 5693 1345 5734 non
1365 5687 1701 5751 conjecturis
1731 5687 2086 5752 indulgemus

488 5748 1070 5886 ineétgqggrgigostram
1099 5747 1392 5808 conﬁrmat
1433 5766 1568 5818 vox,
1597 5757 1855 5821 extrema,
1885 5752 2086 5827 saepius

808 5833 902 5874 ιω.

2205 4697 2360 4756 ribus
2379 4698 2446 4756 de
2467 4697 2690 4758 Christo
2717 4697 2865 4755 dicta
2890 4705 3021 4792 sunt
3047 4697 3439 4771 explanantur.
3473 4697 3548 4754 Et
3572 4694 3683 4792 rivi
3711 4706 3796 4792 vo-

2205 4800 2403 4850 cantur
2433 4789 2564 4859 olei,
2597 4795 2744 4855 617
2763 4787 2893 4862 quia
2919 4786 3224 4846 decurrunt
3251 4793 3306 4844 et
3334 4792 3574 4860 ungunt.
3597 4786 3660 4842 In
3686 4786 3794 4858 qui-

2201 4889 2305 4949 bus
2335 4891 2356 4927 ⁸
2388 4887 2640 4964 quisquis
2667 4887 2904 4962 tingitur
2928 4886 3180 4962 ungitur,
3200 4885 3457 4962 quisquis
3469 4884 3700 4960 ungitur
3716 4878 3794 4937 in-

2271 5104 2294 5142 ⁸
2313 5101 2552 5172 Gemet.,
2572 5101 2889 5175 paenitentia
2907 5103 3156 5160 lamenta.

2271 5195 2292 5230 ⁷
2327 5194 2409 5249 Ita
2437 5208 2628 5250 omnes
2673 5193 2801 5248 Mss.
2838 5193 3028 5248 Norm.
3053 5199 3107 5248 et
3135 5197 3247 5246 vet.
3288 5189 3392 5247 Ed.
3426 5188 3490 5246 In
3521 5187 3556 5246 2
3598 5183 3792 5252 Laud,

2198 5282 2234 5323 a
2261 5265 2414 5321 verbo
2438 5265 2658 5337 praedic.
2683 5264 2894 5337 Germ.,
2919 5263 3082 5322 Corb.
3116 5264 3303 5322 Germ.
3326 5269 3381 5319 et
3395 5260 3551 5320 Editi
3564 5263 3788 5322 recent.,

2199 5355 2234 5395 a
2263 5336 2454 5409 butyro
2474 5336 2899 5409 praedicationis.

2276 5427 2298 5464 ⁸
2326 5427 2564 5498 Bellov.,
2593 5427 2706 5482 vita
2737 5427 3033 5484 laberetur.

2271 5518 2293 5554 θ
2323 5518 2405 5574 Ita
2424 5518 2635 5586 Germ.,
2652 5517 2891 5585 Gemet.,
2919 5532 3048 5573 cum
3064 5514 3188 5572 aliis
3207 5513 3424 5580 Norm.,
3458 5513 3573 5571 duo
3599 5507 3787 5586 Laud.,

2199 5588 2404 5662 Turon.
2419 5596 2597 5662 etvet.
2617 5584 2844 5662 Excusi.
2866 5584 2927 5644 In
2950 5586 3536 5662 posterior.omitti_tur
3543 5584 3786 5662 primum

2196 5661 2438 5742 ungitur.
2462 5661 2652 5733 Operre
2666 5660 2911 5742 pretium
2939 5655 3052 5742 non
3074 5666 3156 5742 est
3182 5674 3406 5742 monere
3425 5657 3487 5715 in
3508 5655 3638 5717 Mss.
3659 5655 3790 5728 legi,

2198 5729 2480 5806 tinguitur,
2508 5729 2768 5806 unguitur
2798 5748 2812 5800 ;
2843 5747 2944 5806 pro
2972 5729 3215 5804 tingitur,
3245 5731 3487 5804 ungitur.
