3946 6366
473 382 576 437 115

1680 387 1929 447 SANCTI
1975 389 2314 452 GREGORII
2351 394 2577 452 MAGNI
3666 413 3760 471 116

473 512 579 561 tum
613 507 1032 578 superponebant
1068 507 1156 563 ori
1198 525 1314 566 suo.
1364 511 1542 568 Vocem
1571 527 1724 568 suam
1763 513 2066 570 cohibebant
2091 519 2140 579 Α
2177 519 2466 590 premitur,
2497 521 2682 594 pravis
2709 523 3017 598 quibusque
3058 524 3508 598 praedicatoribus
3549 532 3761 596 licentia

469 597 642 664 duces,
673 601 723 651 et
740 595 924 668 lingua
951 613 1132 652 eorum
1149 598 1358 670 gutturi
1383 616 1478 656 suo
1506 601 1826 659 adhaerebat.

539 754 631 810 27.
663 753 912 811 Haretici
954 757 1110 813 silere
1155 758 1322 814 coacti
1350 759 1405 816 S.
1451 761 1695 832 Gregorii
1724 763 2060 834 temporibus.

470 845 720 900 eretici
745 845 804 900 in
825 847 982 918 culpa
1000 849 1338 918 concordant,
1367 849 1425 904 in
1451 852 1717 907 sententiis
1743 852 2061 925 discrepant.

471 933 537 989 In
549 933 799 990 Ecclesia
811 935 1071 1002 adversis,
1091 937 1324 992 haeretici
1339 938 1496 994 libere
1504 939 1821 1010 praedicant.
1857 971 1931 984 —
1958 941 2066 1010 Qui

471 1019 580 1076 hoc
608 1021 730 1078 loco
745 1022 840 1078 alii
855 1023 1022 1082 duces
1040 1025 1274 1098 intelligi
1299 1027 1384 1083 vel
1406 1027 1683 1101 principes
1697 1037 1928 1102 possunt
1956 1029 2064 1086 nisi

472 1108 743 1168 haeretica:
771 1114 1060 1184 pravitatis
1087 1117 1380 1172 auctores?
1417 1119 1497 1174 De
1525 1119 1728 1192 quibus
1766 1135 1864 1192 per
1903 1120 2067 1176 Psal-

473 1199 691 1256 mistam
718 1200 954 1259 dicitur:
987 1205 1178 1275 Effusa
1205 1210 1280 1260 est
1296 1207 1605 1278 contemptio
1626 1225 1788 1280 super
1795 1209 2066 1281 principes

471 1304 674 1355 eorum,
704 1295 755 1344 et
781 1292 1104 1348 seduxerunt
1129 1311 1214 1349 eos
1233 1294 1289 1349 in
1315 1295 1478 1362 invio,
1501 1303 1548 1352 et
1574 1315 1682 1353 non
1700 1298 1758 1353 in
1780 1299 1869 1354 via
1887 1299 2062 1370 (Psal.

471 1393 582 1445 cvi,
613 1377 730 1450 40).
763 1379 872 1451 Ipsi
899 1382 1104 1438 etenim
1134 1382 1267 1439 dum
1289 1383 1754 1457 dispensationem
1799 1387 1898 1444 Dei
1931 1403 2068 1459 per-

469 1479 626 1522 verse
643 1467 995 1541 interpretari
1016 1488 1128 1528 non
1150 1481 1427 1544 metuunt,
1457 1475 1704 1548 profecto
1725 1477 1910 1548 plebes
1941 1475 2066 1532 sub-

467 1555 610 1614 ditas
637 1573 750 1614 non
778 1559 838 1615 in
865 1575 982 1618 eam
1016 1562 1164 1620 viam
1195 1580 1316 1638 quae
1339 1564 1593 1624 Christus
1617 1574 1720 1636 est,
1751 1567 1846 1624 sed
1875 1567 1936 1623 in
1970 1567 2068 1622 in-

467 1643 622 1700 vium
650 1646 900 1704 trahunt.
932 1649 1106 1722 Super
1133 1668 1272 1723 quos
1299 1661 1445 1709 recte
1477 1671 1695 1728 quoque
1724 1656 1895 1712 eﬁ'usa
1923 1673 2069 1713 con-

466 1732 644 1788 tentio
675 1732 902 1802 dicitur,
932 1737 1061 1808 quia
1089 1739 1206 1794 suis
1228 1739 1336 1795 sibi
1360 1741 1609 1798 vicissim
1645 1744 2070 1816 allegationibus

467 1821 875 1879 contradicunt.
894 1825 1062 1882 Arius
1072 1827 1276 1900 quippe
1291 1836 1403 1886 tres
1418 1847 1678 1902 personas
1693 1833 1753 1890 in
1773 1833 2066 1890 divinitate

467 1909 796 1982 suscipiens,
834 1919 946 1970 tres
985 1914 1153 1971 etiam
1196 1915 1328 1974 deos
1361 1919 1617 1976 credidit.
1665 1921 1836 1989 Quem
1875 1932 2066 1980 contra

468 1996 740 2055 Sabellius
767 2017 942 2059 unum
971 2004 1148 2060 Deum
1174 2007 1500 2080 suscipiens,
1519 2027 1684 2067 unam
1699 2011 1932 2068 credidit
1948 2029 2064 2070 esse

466 2101 778 2160 personam.
811 2090 962 2147 Inter
987 2107 1126 2164 quos
1159 2103 1349 2152 sancta
1375 2098 1623 2155 Ecclesia
1668 2107 1878 2157 rectum
1913 2117 2064 2174 prat-

465 2175 760 2235 dicationis
787 2194 900 2236 suae
928 2182 1206 2240 tramitem
1237 2185 1707 2244 indeclinabiliter
1746 2197 1962 2260 tenens,
2011 2198 2066 2246 et

464 2279 641 2322 unum
671 2268 847 2324 Deum
876 2270 1201 2342 praedicans,
1224 2280 1334 2330 tres
1361 2291 1620 2348 personas
1646 2285 1838 2334 contra
1866 2278 2066 2335 Sabel-

466 2352 606 2410 lium
634 2356 847 2426 asserit,
877 2366 932 2415 et
961 2367 1070 2416 tres
1101 2377 1360 2434 personas
1383 2381 1650 2433 asserens,
1681 2383 1856 2424 unum
1886 2367 2063 2424 Deum

463 2450 656 2500 contra
675 2446 870 2503 Arium
887 2449 1202 2508 conﬁtetur.
1222 2451 1363 2520 Quia
1381 2462 1565 2512 autem
1585 2456 1643 2511 in
1664 2473 1818 2514 sacro
1839 2459 2063 2533 eloquio

462 2531 799 2590 Manichaeus
825 2535 1202 2608 virginitatem
1233 2541 1443 2598 laudari
1472 2546 1763 2618 comperit,
1805 2531 2062 2620 conjugis

464 2619 771 2680 damnavit.
789 2624 863 2680 At
880 2635 1073 2683 contra
1091 2629 1108 2664 ¹
1123 2628 1457 2688 Jovinianus
1473 2631 1603 2704 quia
1618 2633 1847 2690 concedi
1869 2633 2060 2708 conju—

464 2707 552 2782 gia
575 2711 856 2783 cognovit,
877 2713 1215 2788 virginitatis
1243 2718 1572 2776 munditiam
1603 2719 1876 2795 despexit.
1906 2707 2062 2781 Unde

463 2798 528 2854 ﬁt
543 2805 605 2854 ut
614 2815 830 2874 semper
849 2801 1126 2862 haereticis
1141 2822 1393 2878 perversa
1409 2807 1776 2883 intelligentia
1790 2811 2059 2883 confusis,

463 2887 712 2945 vicissim
741 2890 848 2947 sibi
879 2907 1071 2950 eorum
1100 2895 1345 2969 nequitia
1372 2903 1426 2953 et
1454 2897 1512 2953 in
1551 2900 1712 2972 culpa
1741 2902 2059 2973 concordet,

462 2983 515 3033 et
535 2977 594 3034 in
615 2979 885 3036 sententia
905 2981 1196 3056 discrepet.
1217 2985 1292 3042 At
1302 2993 1493 3043 contra
1503 2996 1693 3046 sancta
1705 2990 1954 3049 Ecclesia
1967 3008 2064 3065 per

461 3065 670 3124 medias
698 3075 1056 3146 utrarumque
1085 3073 1325 3146 partium
1347 3074 1472 3136 lites
1491 3082 1636 3141 619
1657 3079 1915 3136 ordinata
1930 3096 2062 3154 pace

2172 607 2472 668 locutionis
2499 610 2679 668 datur.
2715 611 2854 686 [Vet.
2878 613 3024 688 XV.]
3056 613 3215 682 Quod
3245 615 3405 690 longe
3441 627 3568 677 ante
3611 622 3760 682 Jers-

2175 696 2314 754 mias
2341 699 2584 769 intuens,
2614 701 2729 758 ait:
2764 702 2864 759 Sed
2917 708 2966 757 et
3014 703 3188 760 lamiae
3234 706 3568 764 nudaverunt
3593 728 3763 768 mam-

2172 803 2336 852 mam,
2369 788 2696 844 lactacerunt
2721 791 2925 846 catulos
2956 807 3078 847 suos
3136 793 3364 866 (Thren.
3407 814 3488 868 1v,
3516 797 3594 871 3).
3625 800 3762 869 Quid

2175 890 2413 949 namque
2450 875 2663 946 lamias,
2708 877 2819 934 nisi
2865 879 3155 938 haereticos
3182 885 3444 958 appellat,
3473 885 3763 947 humanam

2175 963 2398 1036 quidem
2427 964 2647 1036 faciem,
2679 967 2775 1022 sed
2819 967 3067 1026 belluina
3095 987 3191 1044 per
3234 973 3576 1046 impietatem
3608 977 3766 1036 corda

2176 1059 2445 1124 gestantes
2459 1055 2488 1111 ‘l
2516 1055 2620 1124 Qui
2651 1063 2786 1114 tunc
2806 1074 3103 1116 mammam
3124 1061 3358 1133 nudant,
3379 1081 3506 1120 cum
3535 1081 3766 1124 errorem

2175 1157 2338 1198 suum
2369 1142 2539 1200 libere
2567 1145 2888 1218 praedicant.
2929 1149 3085 1207 Tunc
3124 1151 3337 1209 catulos
3371 1153 3599 1225 lactant,
3644 1155 3768 1230 quia

2175 1232 2318 1288 male
2373 1248 2633 1307 sequaces
2674 1237 3032 1308 parvulorum
3075 1239 3288 1298 animas
3332 1241 3466 1300 dum
3523 1260 3771 1317 perversa

2174 1319 2482 1393 insinuant,
2512 1324 2582 1381 ad
2610 1325 2952 1399 impietatem
2974 1330 3273 1389 nutriendo
3299 1332 3654 1394 conﬁrmant.
3684 1335 3770 1394 Se-

2175 1412 2365 1486 quitur
2383 1431 2396 1470 :

2575 1503 2803 1564 CAPUT
2849 1509 2984 1566 XIX
3032 1507 3176 1584 [Rea
3208 1512 3368 1588 XII].

2248 1607 2418 1665 Vnus.
2455 1610 2666 1669 11.-Α
2675 1614 2790 1669 uris
2817 1616 3038 1672 audiens
3050 1619 3139 1674 bea
3147 1619 3382 1692 tiﬁcabat
3394 1638 3496 1687 me,
3526 1627 3576 1677 et
3597 1623 3773 1678 oculus

2178 1695 2353 1752 videns
2385 1699 2736 1757 testimonium
2763 1704 3012 1762 reddebat
3032 1708 3186 1765 mihi.

2244 1786 2332 1843 28.
2358 1790 2610 1846 Ecclesia:
2639 1793 2990 1851 testimonium
3017 1799 3236 1855 redde-re
3253 1799 3494 1857 debemus
3524 1801 3646 1859 bene
3689 1803 3777 1860 oi-

2099 1890 2144 1950 Β
2175 1875 2581 1966 venda—Dum
2611 1878 2913 1939 beatiﬁcari
2950 1902 3007 1942 se
3059 1885 3128 1943 ab
3155 1888 3537 1959 audientibus,
3567 1890 3776 1966 sibique

2173 1964 2554 2024 testimonium
2583 1969 2739 2026 reddi
2767 1987 2800 2027 a
2829 1971 3150 2032 videntibus
3181 1976 3386 2034 fatetur
3414 1977 3610 2035 beatus
3656 1964 3776 2047 Joh,

2174 2058 2354 2132 qualis
2378 2059 2436 2116 in
2456 2077 2730 2133 sermone,
2750 2065 2931 2138 qualis
2951 2066 3010 2123 in
3029 2083 3193 2141 opere
3221 2069 3414 2140 fuerit,
3443 2069 3774 2128 ostenditur.

2172 2153 2358 2227 Neque
2385 2155 2536 2212 enim
2563 2163 2659 2212 aut
2678 2155 2737 2214 in
2756 2175 2918 2231 opere
2933 2159 3048 2233 jam
3071 2162 3343 2234 perfectus
3363 2172 3468 2233 est,
3490 2163 3584 2221 cui
3600 2161 3780 2220 adhuc

2173 2241 2375 2315 linguae
2404 2244 2648 2316 pravitas
2673 2247 3033 2318 contradicit;
3067 2259 3162 2308 aut
3204 2250 3262 2308 in
3291 2268 3549 2310 sermone
3580 2250 3780 2309 lauda-

2169 2329 2321 2401 bilis,
2353 2333 2448 2406 qui
2475 2333 2583 2392 hoc
2610 2337 2633 2372 ⁸
2658 2337 2805 2410 quod
2827 2337 3080 2413 loquitur
3105 2357 3270 2413 opere
3291 2356 3404 2398 non
3425 2339 3696 2399 ostendit.
3716 2341 3781 2398 Ut

2173 2419 2342 2493 igitur
2367 2420 2558 2480 beatus
2584 2424 2687 2482 Job
2707 2426 3013 2486 amicorum
3043 2445 3270 2488 suorum
3303 2429 3784 2504 increpationibus

2171 2518 2400 2568 exactus
2427 2519 2660 2588 utraque
2707 2531 2765 2572 se
2807 2514 3064 2574 habuisse
3097 2519 3408 2592 perhibent,
3439 2537 3563 2578 sese
3591 2528 3649 2578 et
3678 2535 3785 2596 au-

2169 2599 2452 2660 dientibus
2465 2611 2520 2660 et
2539 2603 2858 2663 videntibus
2886 2608 3232 2666 venerationi
3250 2609 3419 2667 fuisse
3439 2611 3784 2670 manifestat.

2170 2690 2328 2759 Quod
2356 2692 2402 2748 si
2428 2691 2498 2749 ad
2527 2709 2717 2752 vocem
2747 2703 2948 2753 sanctis
2995 2699 3256 2757 Ecclesia
3311 2700 3649 2771 referamus,
3697 2702 3787 2760 ille

2169 2778 2288 2852 ejus
2317 2780 2484 2837 verba
2515 2781 2813 2853 beatiﬁcat,
2870 2787 3001 2860 quia
3053 2803 3117 2845 ea
3163 2805 3286 2863 qua
3345 2789 3597 2848 audierit
3628 2806 3790 2864 opere

2171 2881 2536 2930 consummat.
2569 2875 2667 2932 Ille
2695 2876 2745 2932 ei
2767 2878 3150 2936 testimonium
3169 2880 3372 2950 reddit,
3391 2881 3492 2954 qui
3515 2880 3790 2955 exemplis

2172 2961 2193 2994 ⁵
2224 2959 2352 3016 vitae
2382 2961 2467 3018 illi
2495 2962 2635 3020 bene
2662 2964 2905 3023 vivendo
2934 2969 3247 3040 respondet.
3279 2970 3544 3027 Sanctam
3577 2969 3788 3028 etenim

2171 3052 2475 3110 Ecclesiam
2522 3054 2618 3113 ille
2664 3059 2935 3137 veraciter
2960 3061 3134 3129 videt,
3189 3060 3352 3134 cujus
3398 3069 3650 3122 testatur
3677 3065 3792 3122 vita

461 3164 728 3237 graditur,
751 3175 806 3224 et
825 3169 905 3226 sic
932 3171 1037 3228 scit
1050 3173 1332 3246 superiora
1349 3173 1495 3233 bona
1513 3176 1816 3250 suscipere,
1858 3184 1920 3234 ut
1947 3193 2060 3235 ηο-
2096 3247 2132 3258 _
2319 3141 3028 3258 Pam?”
3064 3148 3339 3258 ninam}
3356 3159 3526 3258 inim.
3550 3168 3678 3211 eam
3708 3171 3790 3258 ri.

463 3236 607 3312 verit
634 3256 801 3314 etiam
835 3256 1098 3317 inferiora
1116 3236 1396 3334 venerari,
1427 3236 1699 3339 quatenus
1727 3283 1829 3324 nec
1843 3283 2062 3326 summa
2091 3247 2134 3307 α
2171 3236 2692 3339 Ϋίηαέοξθτηηωῖ
2731 3248 2793 3296 ιη
2813 3336 2822 3339 _
2846 3258 3084 3339 (lmine-
3106 3241 3249 3300 hanc
3281 3244 3556 3339 “dignun
3616 3263 3651 3304 ⁸
3676 3265 3789 3306 ⁸³³³

462 3351 643 3416 zequet
658 3344 887 3416 inﬁmis,
902 3363 1004 3406 nec
1019 3366 1234 3410 rursum
1257 3353 1369 3412 ima
1389 3353 1677 3427 despiciat,
1695 3371 1822 3412 cum
1844 3372 2061 3413 summa

461 3442 775 3494 veneratur.
815 3438 974 3497 Nunc
1011 3454 1138 3514 ergo
1167 3441 1552 3503 haereticarum
1582 3443 1827 3518 plebium
1856 3445 2058 3519 princi-

462 3540 578 3598 pes,
603 3525 984 3586 auctoritatem
1008 3539 1208 3590 sanctae
1226 3533 1486 3592 Ecclesiae
1505 3533 1928 3608 perpendentes,
1949 3552 2060 3593 ces-

461 3621 583 3670 sant
597 3614 770 3688 loqui,
782 3625 836 3674 et
845 3619 1000 3693 quasi
1017 3621 1099 3678 ori
1116 3638 1218 3680 suo
1228 3622 1466 3696 digitum
1482 3617 1886 3697 superponunt,
1926 3625 2059 3683 dum

462 3701 614 3761 falsis
625 3707 860 3778 querelis
871 3725 985 3767 non
996 3711 1208 3770 ratione
1220 3712 1374 3769 vocis
1394 3728 1451 3769 se
1472 3713 1822 3785 reprimi,sed
1833 3715 2061 3772 virtutis

463 3807 630 3848 manu
656 3793 984 3867 signiﬁcant.
1010 3800 1212 3858 Vocem
1244 3817 1400 3858 suam
1430 3800 1598 3858 duces
1627 3801 1910 3873 cohibent,
1931 3804 2060 3878 quia

460 3879 722 3940 nimirum
751 3883 809 3942 hi
830 3887 926 3960 qui
954 3895 1077 3961 post
1104 3903 1162 3946 se
1191 3897 1436 3946 errantes
1453 3890 1690 3963 populos
1720 3891 1940 3950 trahere
1969 3909 2057 3951 co-

459 3977 685 4042 nantur,
715 3989 786 4031 ne
812 3975 966 4050 loqui
996 3992 1252 4050 perversa
1279 3993 1431 4036 nunc
1475 3978 1732 4051 audeant,
1774 3989 1830 4040 et
1873 3990 2057 4042 aucto-

457 4059 640 4118 ritatis
666 4062 956 4122 freuantur
993 4065 1253 4138 pondere,
1285 4073 1340 4123 et
1368 4068 1575 4126 virtute
1602 4071 1854 4129 rationis.
1897 4073 2058 4142 Quo-

459 4165 582 4206 rum
613 4151 802 4227 lingua
828 4171 929 4212 suo
951 4155 1161 4226 gutturi
1191 4154 1454 4229 adhaeret,
1498 4161 1629 4234 quia
1655 4162 1759 4220 etsi
1800 4179 2059 4237 perversa

459 4238 612 4315 loqui
637 4242 808 4300 libera
834 4258 970 4300 voce
999 4259 1110 4299 non
1141 4243 1402 4316 audeant,
1431 4247 1582 4306 intus
1612 4257 1796 4308 tamen
1825 4251 1972 4326 apud
2001 4269 2057 4310 se

456 4339 756 4406 contegunt
783 4340 983 4391 cuncta
1011 4349 1132 4406 quae
1169 4343 1361 4394 contra
1391 4339 1414 4374 ³
1443 4355 1628 4398 veram
1658 4340 1824 4398 ﬁdem
1859 4359 2055 4416 propo-

457 4437 588 4480 nere
617 4423 754 4480 falsa
784 4420 1114 4481 moliuntur.
1159 4424 1368 4484 Horum
1413 4444 1541 4501 ergo
1584 4437 1915 4505 temporum,
1959 4449 2058 4490 se-

456 4513 647 4588 quenti
675 4509 1034 4569 tribulatione
1063 4511 1422 4588 deprehensa,
1467 4519 1827 4579 reminiscens
1867 4523 2055 4580 Eccle-

2171 3324 2538 3396 pravitatibus
2551 3327 2917 3402 corrigantur.
2939 3331 3185 3390 Necdum
3210 3349 3340 3407 ergo
3361 3334 3516 3394 intra
3534 3345 3789 3396 sanctam

2167 3415 2474 3472 Ecclesiam
2491 3415 2644 3474 videt
2664 3419 2860 3489 bonos,
2889 3421 2984 3494 qui
3013 3439 3125 3478 non
3148 3431 3232 3480 est
3249 3425 3588 3486 emendatus
3615 3445 3652 3486 a
3677 3443 3787 3486 ma-

2169 3503 2259 3561 lis.
2272 3505 2378 3561 Sed
2389 3505 2538 3564 unde
2552 3507 2603 3564 ei
2619 3507 2998 3569 testimonium
3019 3511 3302 3584 reddatur,
3318 3517 3647 3576 ostenditur
3662 3534 3787 3577 cum

2167 3593 2456 3668 subjungit
2477 3613 2490 3654 :

2764 3687 2992 3748 CAPUT
3042 3691 3171 3750 XX.

2238 3792 2410 3851 Vnus.
2445 3794 2532 3865 l2,
2565 3795 2651 3853 13.
2673 3827 2746 3840 -
2763 3799 2847 3856 Eo
2873 3800 3015 3871 quod
3031 3801 3330 3858 liberassem
3350 3818 3661 3877 pauperem
3688 3824 3792 3864 oo-

2166 3881 2495 3953 ciferantem,
2524 3891 2576 3942 et
2589 3887 2860 3960 pupillum
2903 3889 2989 3945 cui
3015 3907 3124 3946 non
3163 3897 3282 3947 erat
3320 3891 3577 3964 adjutor.
3611 3896 3793 3954 Bene—

2165 3972 2323 4030 dictio
2347 3975 2582 4047 perituri
2607 3993 2766 4050 super
2791 3996 2872 4036 me
2909 3981 3164 4050 veniebat,
3191 3987 3241 4038 et
3267 3999 3360 4040 cor
3376 3985 3566 4044 vidua
3591 4005 3790 4046 conso-

2169 4065 2309 4120 latus
2336 4083 2474 4123 sum.

2236 4155 2324 4212 29.
2357 4157 2595 4214 Ecclesia
2621 4159 2762 4232 filios
2790 4177 2913 4218 suos
2939 4169 2990 4218 et
3011 4163 3187 4236 pascit
3219 4171 3268 4222 et
3287 4167 3552 4240 protegit.
3585 4197 3664 4210 —
3685 4168 3796 4226 Ma-

2165 4261 2283 4318 gnae
2329 4246 2722 4306 misericordiae
2770 4249 2878 4308 ista
2929 4260 3062 4310 sunt
3101 4270 3289 4328 opera,
3335 4255 3586 4314 liberare
3645 4261 3793 4323 620

2165 4343 2561 4402 vociferantem
2591 4362 2908 4420 pauperem,
2950 4349 3166 4423 pupillo
3211 4350 3566 4425 adjutorium
3611 4353 3796 4411 mini-

2165 4438 2360 4503 strare,
2391 4440 2699 4506 periturum
2738 4436 2971 4510 eripere,
3001 4455 3098 4496 cor
3125 4439 3307 4498 viduas
3333 4443 3651 4502 consolari.
3685 4443 3799 4500 Su—

2164 4521 2350 4594 perius
2377 4523 2522 4580 enim
2555 4523 2768 4582 dictum
2788 4533 2872 4584 est
2885 4526 3021 4601 quid
3041 4527 3301 4587 exhibuit
3318 4546 3416 4604 per
3443 4531 3795 4591 doctrinam.

455 4602 538 4660 sia
565 4601 838 4692 deplorat,
855 4597 1072 4660 dicens:
1117 4605 1340 4673 Quando
1365 4610 1710 4680 procedebam
1742 4611 1816 4668 ad
1835 4620 2055 4686 portam
2090 4609 2136 4669 D
2168 4610 2266 4669 Ait
2313 4627 2583 4688 namque:
2630 4615 2802 4672 Auris
2846 4597 3070 4674 audiens
3118 4597 3454 4692 beatiﬁcabat
3479 4638 3590 4680 me.
3637 4623 3800 4681 Nunc

458 4690 714 4758 civitatis,
745 4696 794 4747 et
820 4690 880 4747 in
895 4693 1077 4765 platea
1100 4697 1374 4768 parabant
1387 4701 1692 4758 cathedram
1708 4703 1859 4761 mihi.
1893 4703 2056 4762 Vide-

458 4781 584 4836 bant
615 4795 695 4834 me
703 4778 946 4850 juvenes,
974 4790 1022 4839 et
1047 4785 1520 4858 abscondebantur,
1539 4797 1588 4847 et
1613 4808 1756 4848 senes
1777 4810 2055 4866 assurgen-

463 4875 532 4924 tes
557 4867 789 4926 stabant.
811 4871 1087 4946 Principes
1101 4876 1372 4933 cessabant
1401 4879 1567 4951 loqui,
1605 4887 1654 4936 et
1691 4882 1918 4954 digitum
1953 4901 2057 4940 sup

455 4957 812 5030 perponebant
838 4961 926 5016 ori
967 4979 1084 5021 suo.
1143 4965 1324 5024 Vocem
1367 4985 1521 5024 suam
1547 4969 1702 5028 duces
1729 4971 2055 5039 cohibebant,

457 5053 507 5135 et
533 5048 714 5122 lingua
739 5067 924 5110 eorum
947 5055 1157 5126 gutturi
1180 5073 1277 5114 suo
1301 5058 1624 5116 adhwrebat.
1668 5062 1751 5118 Ac
1789 5061 1837 5118 si
1871 5069 2058 5135 aperte

457 5133 635 5192 dicat:
687 5137 826 5198 Cum
856 5141 1154 5216 praedicare
1193 5143 1334 5204 mihi
1365 5147 1388 5183 ³
1430 5163 1564 5206 voce
1605 5147 1828 5222 publica
1874 5133 2056 5218 licuit,

459 5227 640 5286 omnis
659 5246 747 5287 me
770 5233 868 5306 qui
892 5234 1120 5293 veritati
1140 5251 1252 5294 non
1268 5236 1376 5294 fuit
1391 5237 1669 5311 subjectus
1689 5239 1934 5314 expavit.
1955 5239 2058 5297 Illo

457 5333 698 5394 namque
735 5327 982 5396 tempore
1009 5341 1138 5384 cum
1183 5334 1374 5384 sancta
1426 5329 1674 5388 Ecclesia
1721 5328 2058 5386 adversitate

537 5626 552 5702 ξ
591 5623 793 5702 Laud"
821 5624 1105 5702 Iovianus.
1127 5632 1351 5702 _Germ.,
1379 5632 1662 5690 Jobianus.

529 5700 555 5775 ξ
589 5695 729 5775 Αἰϋξ
755 5696 1076 5775 απαξ-001³1).
1108 5695 1512 5775 Germ.,'ﬁdsm
1536 5707 1752 5760 rectam.

533 5768 556 5844 ξ
585 5767 840 5844 ﬂetique
864 5770 1021 5844 Mss,
1041 5789 1161 5837 voce
1189 5767 1380 5830 libera.
1409 5813 1434 5824 ς

533 5839 555 5874 ⁸
590 5839 804 5900 ϐθιηὸῑ.
827 5848 884 5898 et
908 5839 1030 5912 alii,
1059 5844 1204 5918 quod
1226 5862 1286 5902 os
1317 5843 1574 5920 loquitur.

2163 4710 2345 4760 autem
2376 4708 2565 4759 narrat
2590 4719 2713 4778 qum
2751 4719 2849 4778 per
2877 4704 3316 4765 misericordiam
3347 4707 3667 4783 impendit,
3699 4710 3798 4768 di-

2163 4807 2293 4848 cens
2317 4809 2329 4848 :
2360 4793 2444 4848 Eo
2469 4793 2611 4862 quod
2641 4793 2941 4850 liberassem
2980 4812 3272 4869 pauperem
3295 4798 3723 4870 vociferantem,
3752 4805 3800 4855 et

2159 4880 2434 4952 pupillum
2462 4879 2590 4935 6cui
2629 4897 2738 4936 non
2769 4889 2886 4938 erat
2929 4883 3174 4954 adjutor.
3226 4885 3354 4942 Vox
3387 4887 3611 4963 quippe
3669 4903 3795 4947 cum

2165 4985 2327 5040 opere
2355 4967 2463 5026 sibi
2491 4970 2799 5029 necessario
2835 4972 3157 5031 concordat.
3190 4974 3320 5031 Haec
3346 4973 3554 5034 beatus
3603 4976 3712 5034 Job
3744 4981 3798 5031 et

2164 5055 2424 5114 exhibuit
2449 5057 2711 5129 subditis,
2736 5067 2792 5116 et
2829 5067 3013 5118 tamen
3054 5077 3152 5136 per
3187 5069 3434 5120 sanctam
3475 5065 3795 5124 Ecclesiam

2165 5145 2480 5204 exhibenda
2518 5147 2780 5220 signavit.
2811 5151 2832 5186 ⁷
2864 5149 2997 5218 Quae
3043 5157 3344 5225 utrumque
3391 5167 3556 5210 nunc
3603 5154 3796 5212 inces-

2166 5233 2414 5292 sabiliter
2443 5243 2682 5306 exercet,
2713 5243 2776 5294 ut
2804 5237 3068 5296 videlicet
3094 5238 3240 5297 ﬁlios
3267 5255 3398 5296 suos
3421 5247 3484 5297 et
3505 5240 3796 5317 loquendo

2166 5331 2373 5397 pascat,
2428 5331 2484 5382 et
2523 5323 2872 5386 defendendo
2923 5335 3192 5403 protegat,
3239 5334 3525 5405 quatenus
3583 5339 3645 5390 et
3697 5345 3794 5407 per

2239 5627 2260 5672 ³
2289 5635 2501 5708 Gemet.
2533 5643 2590 5694 et
2616 5636 2828 5708 Germ.,
2856 5637 2980 5695 vita
3009 5636 3181 5695 illius.

2237 5709 2260 5743 δ
2287 5706 2462 5764 Laud.
2499 5714 2557 5765 et
2581 5706 2910 5778 Norm.,‘cui
2934 5725 3044 5769 non
3068 5714 3218 5768 esset.

2235 5780 2256 5814 "
2286 5778 2463 5848 Plur.,
2485 5795 2608 5854 quas
2630 5785 2874 5856 utraque.
