3946 6372
166 338 179 355 ³
244 366 347 424 117

1059 368 1433 427 MORALIUM
1472 369 1607 428 LIB.
1647 370 1805 430 XIX.
1842 399 1917 416 —
1953 371 2181 432 CAPUT
2220 374 2459 435 XXVIII
2497 378 2560 435 B.
2601 378 2743 436 JOB.

3470 384 3573 443 118

242 494 414 554 verba
439 493 619 555 bonos
646 493 828 588 satiet,
850 504 905 553 et
919 511 1016 570 per
1032 495 1341 570 patrocinia
1352 503 1575 569 tueatur
1600 515 1633 557 a
1663 499 1844 558 malis.
1883 503 1934 564 A
1961 501 2208 561 tionibus
2235 520 2268 561 a
2294 503 2470 578 culpae
2502 504 2664 563 fovea
2691 506 2928 567 reducit.
2961 510 3116 569 Unde
3145 513 3414 588 scriptum
3442 521 3527 573 est
3560 533 3573 572 :

244 588 394 646 Bene
409 596 596 647 autem
625 587 893 663 scriptum
924 596 1037 645 est:
1068 589 1335 646 Germinet
1356 596 1501 647 terra
1527 591 1742 647 herbam
1762 591 1856 647 vi-

244 684 465 746 rentem,
495 684 547 734 et
594 677 875 750 facientem
902 696 1095 746 semen,
1124 684 1174 735 et
1214 680 1413 752 lignum
1448 682 1465 717 ¹
1514 680 1857 752 fructiferum

241 766 446 838 faciens
472 767 712 840 fructum
734 768 902 839 juxta
919 785 1081 840 genus
1100 784 1256 823 suum
1280 772 1305 840 (
1316 770 1497 826 Genes.
1522 771 1855 843 I,ll).Quod

242 856 325 915 sic
352 865 436 914 est
462 858 736 917 veraciter
762 858 994 928 factum,
1011 865 1073 915 ut
1100 858 1435 932 signiﬁcaret
1464 861 1678 935 aliquid
1706 879 1855 919 vera-

240 948 384 1006 citer
413 948 750 1007 faciendum.
784 951 887 1007 Per
915 957 1118 1008 terram
1139 950 1340 1025 quippe
1370 952 1638 1024 ﬁguratur
1666 954 1859 1010 Eccle-

242 1037 349 1108 sia,
379 1054 503 1112 quae
532 1045 613 1119 vet
667 1038 823 1096 verbi
880 1056 982 1097 nos
1010 1040 1215 1113 pabulo
1247 1041 1446 1111 reﬁcit,
1477 1050 1532 1098 et
1560 1042 1857 1116 patrocinii

243 1127 575 1186 umbraculo
601 1128 876 1196 custodit;
911 1145 1031 1202 quae
1052 1136 1106 1185 et
1138 1129 1413 1203 loquendo
1441 1132 1633 1203 pascit,
1663 1140 1719 1188 et
1745 1132 1861 1205 opi-

242 1216 481 1275 tulando
508 1217 772 1291 protegit,
804 1225 867 1275 ut
893 1235 1004 1274 non
1037 1217 1215 1275 solum
1270 1219 1498 1276 herbam
1540 1221 1862 1278 refectionis

243 1308 512 1382 proferat,
541 1308 640 1366 sed
687 1316 743 1365 et
789 1326 916 1366 cum
965 1308 1151 1366 fructu
1188 1310 1371 1383 operis
1391 1310 1647 1368 arborem
1679 1320 1859 1386 prote-

242 1397 470 1455 ctionis.

322 1558 467 1635 [l'et.
513 1559 692 1635 XVI.]
724 1559 812 1617 30.
846 1562 911 1617 In
949 1561 1197 1617 Ecclesia
1246 1562 1535 1619 rectoribus
1568 1580 1661 1619 nec
1710 1564 1865 1636 vigor

247 1648 322 1705 sit
347 1650 579 1721 rigidus,
598 1666 689 1705 nec
714 1650 1063 1706 mansuetudo
1093 1650 1373 1708 dissoluta.
1396 1683 1468 1694 —
1507 1653 1865 1726 Perpenden—

250 1740 393 1797 dum
411 1740 434 1775 ²
450 1755 665 1814 quoque
693 1739 858 1796 video
874 1739 963 1796 his
991 1739 1085 1813 qui
1107 1739 1352 1813 plebium
1372 1741 1865 1813 gubernationibus

248 1836 526 1929 praesunt,
551 1827 700 1929 quod
724 1828 978 1929 superius
1006 1828 1197 1885 dicens
1227 1847 1239 1885 :
1282 1829 1539 1929 Videbant
1576 1849 1657 1888 me
1697 1832 1865 1903 juve—
1892 1868 1940 1929 Β

250 1936 367 1985 nes,
396 1924 446 1975 et
471 1919 960 1989 abscondebantur;
1002 1935 1152 1975 nunc
1173 1919 1402 1975 astruit:
1422 1922 1530 1978 Cor
1548 1922 1722 1978 vidua:
1747 1940 1865 1979 con-

252 2010 459 2065 solatus
511 2024 651 2065 sum.
701 2008 918 2076 Quanta
973 2007 1269 2081 disciplina
1313 2009 1622 2081 regiminis,
1651 2018 1715 2067 ut
1738 2019 1866 2068 ante

251 2113 382 2155 eum
410 2095 649 2171 juvenes
676 2096 1111 2166 abscondantur;
1134 2105 1339 2171 quanta
1368 2100 1732 2157 mansuetudo
1748 2100 1864 2174 pie-

254 2185 408 2256 tatis,
439 2194 503 2243 ut
530 2202 628 2260 per
655 2202 781 2243 eum
811 2186 1108 2243 viduarum
1128 2186 1297 2243 corda
1325 2188 1700 2245 consolentur!
1725 2190 1867 2247 Sunt

252 2292 496 2351 namque
541 2277 714 2348 (Dist.
747 2276 838 2347 45,
868 2294 986 2334 can.
1030 2283 1154 2333 sunt
1196 2281 1452 2349 namque)
1478 2279 1737 2335 nonnulli
1791 2280 1869 2336 ita

253 2366 523 2437 districti,
544 2373 607 2423 ut
635 2383 855 2424 omnem
886 2367 1051 2423 etiam
1077 2369 1098 2403 ³
1121 2367 1601 2424 mansuetudinem
1616 2368 1867 2442 benigni-

253 2455 387 2512 tatis
413 2456 693 2525 amittant,
723 2463 779 2511 et
806 2462 938 2512 sunt
966 2455 1223 2512 nonnulli
1244 2455 1322 2511 ita
1350 2458 1720 2526 mansueti,ut
1734 2475 1869 2531 per-

252 2544 392 2601 dant
419 2544 660 2603 districti
682 2544 809 2617 jura
831 2544 1137 2617 regiminis.
1156 2545 1311 2602 Unde
1330 2547 1546 2603 cunctis
1565 2547 1869 2604 rectoribus

251 2640 491 2707 utraque
541 2650 893 2705 summopere
920 2640 1051 2689 sunt
1078 2633 1341 2703 tenenda,
1370 2642 1434 2691 ut
1461 2652 1563 2691 nec
1594 2636 1652 2692 in
1686 2636 1869 2693 disci-

252 2723 425 2797 plinas
450 2723 640 2797 vigore
668 2722 1068 2796 benignitatem
1107 2725 1570 2794 mansuetudinis,
1605 2743 1707 2783 nec
1735 2744 1870 2784 rur-

253 2829 379 2871 sum
408 2812 468 2869 in
498 2813 925 2870 mansuetudine
978 2813 1384 2871 districtionem
1412 2816 1665 2872 deserant
1691 2817 1872 2874 disci-

254 2903 448 2977 plinae,
479 2909 753 2975 quatenus
780 2917 884 2957 nec
909 2917 942 2956 a
974 2902 1355 2973 compassione
1383 2904 1604 2974 pietatis
1623 2903 1872 2959 obdure-

253 2998 435 3060 scaut,
466 3006 594 3048 cum
657 2996 1012 3047 contumaces
1067 2989 1380 3063 corrigunt;
1414 3007 1517 3047 nec
1562 2991 1871 3064 disciplina;

258 3082 510 3155 vigorem
551 3079 827 3148 molliant,
858 3096 984 3136 cum
1024 3080 1375 3136 inﬁrmorum
1423 3080 1638 3138 animos
1680 3098 1870 3140 conso-

256 3173 465 3229 lantur.
493 3170 663 3243 Regat
689 3185 818 3242 ergo
842 3167 1153 3242 disciplinae
1174 3169 1331 3241 vigor
1359 3169 1862 3243 mansuetudinem,

253 3268 315 3317 et
338 3259 703 3316 mansuetudo
731 3264 890 3315 ornet
919 3258 1187 3331 vigorem,
1219 3265 1274 3314 et
1315 3257 1396 3316 sic
1440 3259 1676 3315 alterum
1701 3277 1867 3317 com-
1897 3231 1942 3292 Ο

257 3348 554 3408 meudetur
588 3364 660 3405 ex
697 3348 885 3409 .altero
938 3355 1002 3404 ut
1056 3364 1158 3405 nec
1202 3347 1365 3421 vigor
1406 3348 1477 3405 sit
1506 3348 1737 3421 rigidus,
1769 3366 1872 3408 nec

254 3437 629 3497 mansuetudo
647 3437 935 3495 dissoluta.

334 3584 424 3642 31.
456 3583 679 3642 Pietatis
706 3600 868 3656 opera
896 3582 1250 3656 corporaliter
1276 3587 1324 3637 et
1349 3582 1669 3654 spiritaliter
1711 3582 1871 3639 eahi-

260 3675 455 3732 bentur
479 3672 545 3729 ab
574 3672 909 3731 Ecclesia.—
923 3672 1053 3729 Haec
1080 3678 1264 3728 autem
1297 3680 1418 3743 quae
1434 3687 1602 3744 supra
1621 3670 1873 3728 diximus

261 3763 486 3839 pietatis
503 3778 671 3836 opera
686 3769 879 3819 sancta
893 3761 1146 3819 Ecclesia
1160 3765 1215 3815 et
1234 3760 1596 3831 corporaliter
1622 3759 1871 3830 exhibet,

259 3861 319 3910 et
343 3851 669 3926 spiritaliter
713 3848 976 3906 exhibere
1016 3863 1130 3903 non
1173 3853 1365 3903 cessat.
1400 3847 1536 3903 Nam
1578 3862 1870 3920 pauperem

261 3942 666 4001 vociferantem
718 3936 935 4006 liberat,
965 3952 1093 3994 cum
1122 3935 1396 4009 peccatori
1421 3935 1643 3993 veniam
1668 3935 1874 4010 depre-

260 4031 415 4092 canti
446 4046 537 4087 eas
565 4044 699 4103 quas
726 4026 1078 4085 commiserat
1096 4027 1286 4099 culpas
1310 4025 1540 4083 relaxat.
1558 4027 1637 4083 De
1666 4025 1873 4086 talibus

261 4123 468 4198 quippe
497 4117 828 4193 pauperibus
874 4115 1080 4174 dicitur
1111 4133 1123 4172 :
1157 4116 1312 4173 Beati
1343 4132 1605 4188 pauperes
1634 4117 1853 4188 spiritu,

262 4210 520 4284 quoniam
536 4208 777 4282 ipsorum
798 4211 874 4263 est
899 4221 1118 4278 regnum
1154 4205 1405 4261 caelorum
1443 4204 1656 4277 (Matth.
1688 4221 1747 4273 v,
1786 4206 1869 4278 3).

260 4303 338 4359 Et
365 4298 563 4357 talium
594 4311 897 4371 pauperum
932 4295 1144 4353 clamor
1169 4301 1253 4351 est
1278 4293 1583 4351 Psalmistas
1613 4310 1749 4353 voce
1776 4294 1874 4353 di-

263 4388 514 4448 centium
546 4405 558 4444 :
596 4387 712 4444 Cito
752 4401 850 4441 nos
894 4384 1146 4457 anticipet
1186 4383 1557 4440 misericordia
1602 4389 1716 4451 tua,
1745 4384 1874 4455 quia

258 4496 527 4555 pauperes
553 4476 686 4550 facti
712 4491 895 4532 sumus
919 4473 1080 4530 nimis
1111 4473 1286 4546 (Psal.
1318 4474 1658 4546 Lxxvm,8).
1689 4473 1873 4548 Pupil-

1967 591 2071 661 Qui
2088 593 2319 650 converti
2335 594 2521 666 fecerit
2532 602 2860 668 peccatorem
2876 598 2944 655 ab
2958 616 3142 657 errore
3160 604 3259 660 via:
3278 609 3417 668 621
3444 620 3575 672 sua,

1966 690 1988 725 ‘
2016 692 2243 748 salvabit
2268 694 2504 751 animam
2531 694 2647 765 ejus
2670 713 2706 751 a
2723 702 2911 763 morte,
2933 697 2955 731 ⁸
2986 703 3035 752 et
3060 698 3259 769 aperiet
3281 700 3577 758 multitudi-

1964 797 2082 836 nem
2104 789 2439 854 peccatorum
2469 784 2607 856 (Jac.
2641 802 2701 853 v,
2731 784 2846 857 20).
2868 785 2925 841 Si
2953 785 3104 843 enim
3126 804 3339 860 magnae
3367 807 3576 849 merce-

1966 872 2053 929 dis
2092 883 2174 931 est
2201 892 2233 931 a
2264 883 2439 933 morte
2469 877 2680 949 eripere
2719 893 2941 934 carnem
2973 878 3305 953 quandoque
3334 881 3580 939 moritu-

1966 972 2107 1032 ram,
2138 965 2330 1037 quanti
2359 973 2441 1021 est
2472 965 2655 1021 meriti
2685 982 2716 1021 a
2747 974 2923 1023 morte
2962 967 3204 1024 animam
3238 969 3490 1038 liberare,
3521 969 3577 1026 in

1967 1053 2174 1109 ccclesti
2203 1054 2381 1126 patria
2408 1054 2526 1111 sine
2556 1055 2666 1112 line
2696 1056 2973 1113 victuram
2992 1057 3020 1114 ‘l
3049 1057 3156 1115 Cor
3182 1067 3366 1116 autem
3395 1059 3580 1115 viduae

1968 1143 2304 1212 consolatur,
2352 1143 2485 1200 dum
2533 1144 2685 1201 ﬁdeli
2731 1146 2931 1220 cuique
2977 1148 3178 1204 animae
3217 1149 3311 1222 qui
3351 1157 3583 1206 aeternas

1966 1232 2191 1289 Domini
2221 1232 2612 1291 retributiones
2640 1243 2853 1305 narrat,
2897 1237 3054 1309 quasi
3085 1239 3193 1294 viri
3222 1239 3308 1295 sui
3337 1238 3485 1295 bona
3511 1238 3581 1295 ad

1970 1323 2293 1380 memoriam
2314 1334 2559 1384 revocat.
2583 1326 2684 1383 Cui
2709 1327 2838 1400 quia
2852 1327 3176 1401 spiritaliter
3189 1329 3375 1386 anima
3388 1329 3583 1402 juncta

1970 1419 2072 1481 est,
2103 1428 2169 1469 eo
2197 1422 2417 1471 mortuo
2445 1414 2616 1471 vidua
2660 1414 2888 1485 dicitur,
2936 1417 3031 1473 sed
3081 1426 3283 1475 sanctae
3319 1418 3582 1476 Ecclesiae

1972 1500 2202 1558 vocibus
2220 1518 2290 1557 ex
2309 1501 2429 1575 ejus
2449 1504 2851 1560 resurrectione
2866 1504 3166 1563 refovetur.
3184 1508 3435 1579 Magnam
3452 1522 3582 1580 ergo

1971 1590 2405 1647 consolationem
2450 1608 2546 1649 cor
2587 1591 2769 1648 vidua:
2826 1593 3075 1665 suscipit,
3134 1594 3355 1667 quando
3402 1594 3584 1652 ﬁdelis

1974 1681 2159 1737 anima
2188 1682 2246 1737 in
2286 1681 2472 1738 verbis
2511 1683 2773 1739 Ecclesiae
2802 1683 2870 1739 de
2897 1683 3139 1739 adventu
3168 1683 3322 1739 illius
3347 1684 3581 1757 aliquid,

1973 1770 2064 1827 cui
2091 1769 2414 1842 spiritaliter
2433 1778 2514 1826 est
2533 1770 2851 1842 conjuncta,
2883 1771 3183 1844 cognoscit.
3216 1770 3505 1843 Sequitur:

2562 1970 2792 2028 CAPUT
2831 1972 2987 2029 XXI.

2046 2080 2217 2138 Vnus.
2253 2080 2339 2137 14.
2371 2110 2442 2123 -
2467 2079 2689 2136 Iustitia
2716 2079 2935 2139 indutus
2962 2098 3101 2149 sum,
3133 2082 3155 2119 ⁸
3198 2087 3247 2138 et
3286 2080 3469 2137 vestivi
3503 2096 3585 2136 me

1975 2169 2111 2225 sicut
2136 2169 2458 2227 vestimento.

2048 2276 2135 2333 32.
2169 2278 2337 2334 Nulla
2366 2277 2501 2333 bona
2528 2294 2691 2349 opera
2711 2282 2852 2346 sunt,
2875 2276 2923 2333 si
2935 2277 3125 2349 pravis
3138 2276 3455 2348 quibusdam
3474 2295 3582 2332 ma-

1976 2368 2664 2425 culentur.—Vestimento
2679 2368 2871 2442 utique
2891 2384 3018 2424 cum
3040 2366 3330 2435 vestimur,
3347 2381 3417 2422 ex
3430 2382 3583 2423 omni

1977 2465 2132 2530 parte
2152 2457 2582 2516 circumdamur.
2602 2459 2700 2515 Ille
2714 2475 2842 2530 ergo
2854 2457 3073 2531 justitia
3091 2458 3236 2515 sicut
3256 2456 3585 2512 vestimento

1977 2548 2236 2617 vestitur,
2266 2548 2362 2622 qui
2394 2565 2453 2605 se
2480 2548 2727 2622 undique
2754 2548 2902 2604 bono
2930 2563 3092 2620 opere
3113 2546 3369 2619 protegit,
3390 2552 3446 2601 et
3464 2546 3585 2600 nul-

1978 2638 2089 2693 lam
2126 2644 2340 2710 partem
2380 2636 2616 2695 actionis
2648 2654 2759 2695 suae
2798 2644 3020 2710 peccato
3054 2636 3259 2692 nudam
3297 2634 3582 2708 relinquit.

1977 2727 2113 2783 Nam
2145 2727 2241 2801 qui
2270 2727 2330 2783 in
2358 2727 2484 2783 aliis
2510 2727 2822 2784 actionibus
2841 2725 3026 2798 justus
3054 2732 3157 2794 est,
3187 2725 3247 2781 in
3276 2724 3400 2780 aliis
3428 2722 3588 2796 inju-

1978 2822 2126 2882 stus;
2174 2816 2329 2888 quasi
2369 2816 2474 2873 hoc
2524 2816 2668 2873 latus
2696 2815 3003 2889 cooperuit,
3032 2813 3173 2870 illud
3202 2811 3455 2880 nudavit,
3486 2827 3589 2867 nec

1974 2901 2089 2973 jam
2116 2903 2262 2958 bona
2291 2911 2423 2959 sunt
2449 2920 2634 2975 opera,
2666 2920 2787 2976 quae
2816 2904 3059 2960 subortis
3084 2902 3210 2959 aliis
3235 2901 3422 2975 pravis
3448 2916 3589 2972 ope-

1980 2989 2136 3045 ribus
2164 2989 2551 3062 inquinantur.
2587 2992 2728 3047 Hinc
2754 2992 2903 3046 enim
2934 3008 3030 3063 per
3058 2992 3409 3047 Salomonem
3438 2987 3589 3045 dici—

1979 3085 2073 3134 tur
2096 3096 2108 3135 :
2136 3079 2240 3146 Qui
2268 3078 2325 3133 in
2354 3095 2459 3133 uno
2485 3077 2783 3148 offenderit,
2813 3080 2984 3133 multa
3011 3079 3149 3132 bona
3171 3078 3357 3148 perdet
3385 3077 3585 3147 (Eccle.

1980 3183 2063 3237 Ix,
2098 3167 2210 3240 I8).
2246 3167 2389 3224 Hinc
2408 3169 2428 3202 ⁷
2459 3166 2693 3223 Iacobus
2712 3166 2883 3223 dicit:
2927 3166 3233 3235 Quicunque
3251 3171 3411 3219 totam
3433 3165 3590 3235 legem

1980 3257 2295 3323 servaverit,
2325 3257 2559 3327 o/fendat
2590 3261 2765 3311 autem
2800 3256 2860 3310 in
2886 3272 3014 3320 uno,
3053 3253 3226 3324 factus
3255 3259 3330 3308 est
3355 3252 3590 3308 omnium

1981 3364 2103 3404 reus
2134 3346 2274 3419 (Jac.
2306 3363 2370 3415 ιι,
2404 3346 2517 3418 10).
2551 3344 2727 3414 Quam
2771 3343 3033 3400 videlicet
3074 3340 3404 3399 sententiam
3433 3357 3587 3398 suam

1984 3452 2098 3511 Ipse
2125 3436 2421 3509 diligenter
2460 3433 2740 3507 exposuit,
2783 3450 2911 3490 cum
2940 3430 3272 3505 subjunxit:
3316 3430 3420 3499 Qui
3453 3430 3591 3486 enim

1981 3526 2142 3592 dixit,
2173 3527 2294 3583 Non
2322 3523 2680 3589 machaberis,
2710 3522 2853 3579 dixit
2876 3528 2946 3588 et,
2976 3522 3097 3578 Non
3123 3518 3341 3577 occides.
3363 3519 3515 3587 Quod
3544 3518 3591 3573 si

1926 3642 1929 3645 ν
1981 3632 2088 3672 non
2113 3613 2471 3682 moschaberis,
2500 3612 2707 3670 occidas
2734 3617 2930 3677 autem,
2952 3610 3128 3683 factus
3147 3625 3199 3665 es
3230 3616 3591 3681 transgressor

1986 3706 2107 3778 legis
2138 3706 2327 3778 (Ibid,
2359 3704 2473 3777 u).

2055 3848 2194 3923 [νει.
2232 3846 2440 3923 XVII.]
2484 3845 2571 3904 33.
2605 3845 2741 3904 Hinc
2768 3844 3064 3902 adhibenda
3092 3843 3326 3916 undique
3353 3840 3591 3899 custodia

1981 3944 2029 3994 et
2047 3937 2347 4011 vigilantia.
2371 3936 2606 3992 Frustra
2626 3941 2831 3991 munita
2850 3940 2974 3990 sunt
2992 3938 3201 3998 caetera,
3216 3947 3336 3986 cum
3356 3932 3435 3986 vel
3454 3946 3590 3985 unus

1982 4026 2119 4083 hosti
2136 4025 2401 4099 panditur
2427 4025 2625 4080 aditus.
2656 4052 2728 4067 —-
2755 4021 2952 4081 Cordis
2979 4037 3108 4093 ergo
3136 4017 3313 4076 oculis
3340 4016 3591 4073 circum—

1982 4132 2200 4191 quaque
2229 4113 2517 4189 porrectis,
2547 4111 2795 4187 undique
2823 4110 2984 4168 nobis
3008 4107 3322 4167 adhibenda
3339 4106 3591 4165 custodia

1982 4213 2085 4263 est.
2108 4204 2263 4263 Unde
2279 4211 2424 4261 recte
2445 4217 2664 4277 quoque
2685 4218 2781 4277 per
2800 4201 3148 4261 Salomonem
3170 4197 3407 4256 dicitur:
3435 4197 3592 4254 Omni

1982 4294 2219 4352 custodia
2254 4311 2404 4349 serva
2452 4309 2544 4349 cor
2578 4299 2747 4359 tuum,
2789 4290 2920 4364 quia
2963 4306 3031 4345 ea:
3071 4288 3183 4361 ipso
3220 4288 3333 4343 vita
3355 4285 3575 4360 procedi

1985 4384 2174 4458 (Prov.
2220 4399 2301 4452 1v,
2346 4382 2462 4457 23).
2508 4382 2772 4440 Dicturus
2798 4379 2949 4437 enim
2974 4379 2995 4414 ⁸
3032 4376 3294 4445 custodia,
3325 4373 3593 4449 praemisit

1982 4473 2146 4543 omni,
2163 4479 2226 4530 ut
2253 4470 2513 4529 videlicet
2541 4470 2926 4545 unusquisque
2946 4467 3081 4525 hinc
3099 4465 3229 4523 inde
3257 4481 3314 4521 se
3345 4464 3594 4538 diligen—

265 4554 385 4629 lum
417 4582 548 4625 vero
576 4567 668 4625 cui
697 4581 810 4623 non
829 4571 912 4621 est
938 4562 1161 4637 adjutor
1190 4563 1407 4633 liberat,
1428 4564 1561 4621 dum
1582 4565 1872 4640 unusquis-
1906 4598 1957 4659 D
1987 4568 2071 4621 ter
2098 4563 2375 4637 inspiciat,
2406 4570 2461 4619 et
2489 4562 2736 4637 quandiu
2764 4561 2822 4618 in
2853 4559 2958 4659 hac
2985 4557 3102 4614 vita
3129 4563 3232 4657 est,
3264 4561 3459 4615 contra
3486 4554 3593 4627 spi-

266 4674 399 4736 que,
429 4664 649 4715 mortuo
689 4656 920 4729 antiquo
947 4660 1100 4727 patre
1142 4652 1386 4723 diabolo,
1416 4653 1486 4711 ad
1529 4662 1732 4713 sanctae
1760 4656 1878 4712 Ec-

265 4748 453 4808 clesiae
474 4746 659 4805 sinum
683 4761 931 4815 currens,
949 4744 1009 4801 in
1031 4760 1095 4801 ea
1113 4742 1520 4801 exhortationis
1540 4742 1878 4817 adjutorium

267 4838 509 4908 invenit,
547 4836 644 4912 qui
658 4852 775 4909 jam
804 4833 1076 4892 desideria
1096 4832 1290 4892 mundi
1308 4834 1690 4909 persequentis
1712 4833 1875 4908 fugit.

266 4930 459 4988 Potest
483 4926 685 5002 pupilli
713 4924 940 4983 nomine
968 4923 1149 4982 ﬁdelis
1173 4923 1405 4999 quisque
1441 4924 1608 4981 etiam
1660 4931 1882 4998 propter

268 5027 508 5079 mortem
524 5016 657 5075 boni
678 5014 851 5090 patris
879 5012 1140 5087 intelligi,
1162 5010 1323 5085 cujus
1341 5010 1410 5069 ad
1430 5019 1650 5085 tempus
1670 5012 1881 5070 visione

269 5106 574 5166 destitutus
614 5112 719 5175 est,
750 5103 1007 5179 quamvis
1054 5101 1251 5161 solatio
1299 5099 1595 5158 destitutus
1636 5116 1749 5157 non
1777 5107 1878 5157 est.

269 5197 598 5258 Benedictio
626 5198 794 5254 etiam
824 5194 1059 5270 perituri
1079 5210 1244 5268 super
1256 5210 1377 5250 eam
1406 5191 1582 5262 venit,
1606 5208 1733 5250 cum
1762 5208 1883 5266 pec-

267 5287 479 5349 catoris
506 5286 796 5346 interitum
822 5285 1115 5359 praevenit,
1148 5291 1205 5341 et
1233 5299 1361 5342 cum
1390 5282 1599 5341 sanctis
1625 5281 1883 5342 exhorta-

351 5559 617 5641 ξῌρῐωη
631 5554 985 5641 pomiferum.

349 5631 373 5669 ³
399 5632 519 5701 AL,
549 5631 762 5702 quippe.

349 5705 372 5740 ³
400 5696 694 5770 Nonnulli,
722 5697 1118 5756 mansuetudini
1145 5696 1537 5768 benignitatem.

351 5777 374 5811 ‘
408 5775 436 5832 1
465 5771 667 5840 Laud.,
696 5770 945 5828 calcavit.

352 5848 375 5883 ⁸
409 5845 598 5902 Germ.
630 5838 686 5898 et
711 5842 927 5908 Norm.,
956 5846 1005 5894 et
1030 5838 1217 5910 operit.

1987 4654 2174 4711 ritales
2204 4652 2460 4710 inimicos
2488 4651 2547 4708 in
2575 4652 2691 4709 acie
2720 4666 2777 4707 se
2802 4648 3044 4724 positum
3074 4645 3233 4714 sciat,
3275 4660 3345 4702 ne
3374 4658 3594 4701 merce—

1987 4743 2113 4800 dem
2134 4758 2298 4815 quam
2320 4756 2417 4814 per
2436 4740 2536 4798 has
2554 4740 2799 4797 actiones
2817 4737 3050 4811 colligit,
3082 4749 3179 4807 per
3197 4733 3334 4791 alias
3353 4732 3589 4798 amittat,

1987 4849 2059 4890 ne
2086 4832 2218 4889 hinc
2246 4831 2394 4888 hosti
2423 4830 2568 4887 fores
2584 4830 2864 4897 ~obstruat,
2886 4834 2941 4884 et
2969 4823 3193 4883 aliunde
3221 4823 3434 4881 aditum
3462 4837 3593 4895 pan-

1989 4922 2103 4979 dat.
2135 4922 2192 4979 Si
2213 4937 2321 4995 qua
2340 4921 2545 4978 etenim
2567 4919 2765 4977 civitas
2784 4924 2976 4977 contra
2992 4912 3319 4971 insidiantes
3338 4912 3595 4968 inimicos

1990 5027 2191 5085 magno
2220 5010 2459 5068 valletur
2485 5025 2698 5084 aggere,
2719 5008 2960 5066 fortibus
2985 5006 3242 5077 cingatur
3268 4999 3501 5068 muris,”
3521 5014 3592 5056 ex

1991 5101 2145 5160 omni
2185 5108 2339 5175 parte
2372 5099 2617 5158 insomni
2648 5099 2932 5156 muniatur
2958 5097 3229 5165 custodia,
3258 5106 3433 5149 unum
3461 5107 3595 5149 vero

1991 5191 2051 5249 in
2093 5207 2155 5247 ea
2196 5190 2444 5248 foramen
2480 5188 2869 5247 tantummodo
2896 5183 3256 5267 immunitum
3285 5196 3382 5255 per
3409 5180 3596 5254 negli—

1992 5280 2232 5352 gentiam
2259 5279 2639 5353 relinquatur;
2682 5275 2813 5334 inde
2852 5272 3049 5347 procul
3085 5270 3258 5329 dubio
3293 5269 3469 5328 hostis
3495 5269 3594 5327 in-

2065 5552 2087 5586 ⁶
2117 5549 2301 5606 Germ.
2332 5553 2388 5603 et
2414 5546 2449 5604 2
2475 5538 2675 5610 Laud.,
2704 5546 2753 5596 et
2778 5537 2984 5596 vestivit
3023 5556 3104 5596 me
3142 5538 3277 5593 sicut
3311 5537 3596 5592 vestimen-
3690 5584 3699 5589 .

1995 5628 2137 5686 tum;
2166 5627 2221 5693 et
2252 5619 2333 5676 sic
2362 5617 2569 5693 inira-_
2663 5685 2677 5693 ,
2735 5683 2773 5693 ,,
2812 5684 2842 5693 ._
2975 5683 2987 5693 .

2066 5696 2085 5728 ⁷
2118 5680 2265 5750 Utic.
2297 5697 2352 5765 et
2379 5689 2517 5765 alii,
2529 5685 2689 5742 Iacob
2716 5683 2864 5765 dicit,
2893 5683 2987 5765 qui
3014 5688 3175 5738 totam
3206 5680 3379 5765 legem.

2069 5766 2090 5799 ⁸
2122 5766 2149 5820 1
2181 5761 2353 5819 Laud.
2384 5768 2439 5818 et
2475 5755 2707 5824 Turon.,
2747 5755 3039 5812 custodiam
3073 5755 3333 5824 prannisit
3370 5763 3590 5802 omnem.

2071 5837 2093 5872 ’
2126 5837 2286 5892 Deest
2311 5850 2378 5889 ex
2405 5831 2552 5888 omni
2574 5834 2728 5900 parte
2754 5828 2812 5883 in
2841 5826 2978 5899 pler.
