3946 6376
156 405 244 461 121
901 400 1276 461 MOBALIUM
1314 403 1448 461 LIB.
1492 404 1646 461 XIX.
1688 433 1742 446 —

1854 405 1872 462 ἶ
1907 404 2138 464 CAPUT
2174 405 2414 465 XXVIII
2452 410 2514 464 B.
2558 410 2703 466 .IOB.

3355 417 3458 474 122

150 530 355 591 ΝΜ
464 529 476 543 .
522 528 553 585 .l
631 570 651 597 ,
670 528 959 588 “tm-dcam
973 538 1324 604 opemvwm
1340 528 1735 608 bonaﬂtglori.
1765 538 1817 597 Α
1850 534 2117 605 tenderet,
2146 536 2320 593 errori
2349 536 2534 594 locum
2560 536 2817 598 dedisset.
2848 526 2991 600 Miro
3008 542 3179 616 igitur
3206 545 3373 604 modo
3401 553 3456 603 et
3502 572 3507 577 -

152 624 295 698 ﬁceat
325 622 542 679 Patrem
569 626 807 677 vestrum
834 621 927 692 qui
955 622 1014 677 in
1030 623 1172 680 oculis
1188 630 1262 679 est
1278 624 1501 695 (Matth.
1536 641 1591 695 v,
1625 626 1742 697 15).

152 708 455 784 Aliquando
482 708 657 766 sancti
709 708 819 766 viri
847 718 903 767 et
929 725 1113 767 coram
1144 710 1467 770 hominibus
1493 715 1748 786 compel-

153 803 332 860 luntur
354 800 502 858 bona
528 799 729 870 facere,
759 808 857 857 aut
900 802 1093 859 eadem
1123 801 1450 878 hominibus
1477 819 1576 860 sua
1601 804 1746 862 facta

152 906 388 953 narrare;
418 889 515 948 sed
540 889 613 947 ad
639 906 766 948 eum
795 890 962 948 ﬁnem
984 892 1173 949 omnia
1200 892 1516 963 referentes,
1540 901 1602 950 ut
1631 911 1744 951 non

150 980 246 1054 ipsi
272 980 476 1038 eisdem
504 979 787 1053 operibus,
823 980 921 1038 sed
948 982 1108 1039 Pater
1136 998 1328 1040 eorum
1358 983 1454 1057 qui
1492 983 1552 1039 in
1588 984 1743 1041 oculis

148 1078 223 1128 est
245 1068 437 1128 debeat
480 1069 798 1143 gloriﬁcari.
850 1074 997 1130 Dum
1029 1073 1178 1130 enim
1207 1082 1396 1131 sancta
1417 1074 1739 1147 praedicant,

147 1165 256 1239 ipsa
292 1163 612 1238 pradicatio
641 1179 834 1221 eorum
886 1164 1116 1223 fortasse
1148 1166 1473 1239 despicitur,
1504 1183 1738 1242 quorum

147 1256 254 1313 vita
277 1256 541 1313 uescitur.
563 1254 990 1329 Compelluntur
1007 1272 1136 1331 ergo
1155 1257 1329 1314 vitam
1358 1275 1512 1315 suam
1535 1259 1738 1329 dicere,

145 1355 202 1406 ut
228 1346 539 1405 auditorum
555 1364 785 1405 suorum
806 1348 1029 1405 valeant
1055 1349 1231 1405 vitam
1253 1356 1486 1407 mutare.
1505 1352 1577 1407 Et
1596 1350 1741 1408 facta

144 1451 236 1495 sua
259 1437 526 1508 referunt,
557 1444 620 1494 ut
637 1438 987 1496 venerationi
1016 1439 1157 1508 sint;
1182 1441 1434 1498 venerari
1449 1448 1737 1515 appetunt,

144 1534 201 1584 ut
223 1536 538 1585 reverenter
565 1528 886 1586 audiantur.
918 1529 1195 1603 Scriptum
1226 1532 1430 1606 quippe
1450 1539 1567 1588 est:
1605 1530 1739 1587 Cum

142 1619 463 1676 siccarentur
472 1618 738 1679 animalia
753 1619 816 1675 de
835 1625 1001 1687 terra,
1022 1623 1267 1679 elevaban
1274 1629 1362 1678 tur
1371 1622 1580 1695 pariter
1594 1627 1642 1676 et
1654 1638 1738 1676 ro-

143 1714 204 1764 ta:
222 1709 443 1781 (Ezech.
467 1727 511 1778 ι,
535 1709 650 1782 19),
679 1707 810 1783 quia
830 1708 1094 1767 videlicet
1113 1728 1237 1770 cum
1253 1712 1569 1770 auditorum
1587 1729 1738 1771 men-

140 1808 218 1857 tes
243 1801 661 1874 praedicantium
694 1803 901 1859 ‘vitam
931 1804 1261 1877 suspiciunt,
1283 1805 1588 1863 necessario
1615 1807 1738 1863 uti-

142 1907 241 1966 que
264 1891 429 1948 etiam
459 1892 579 1949 vim
608 1892 1019 1966 praedicationis
1042 1894 1407 1952 admirantur.

208 1998 342 2075 [νει.
373 1999 560 2075 XIX]
589 1999 677 2058 37.
715 2002 869 2071 Quod
895 2009 1109 2059 sanctus
1144 2004 1350 2061 Paulus
1380 2004 1614 2076 exemplo
1644 2020 1739 2059 suo

140 2092 508 2164 comprobavit.
543 2092 647 2161 Qui
664 2109 782 2148 eum
806 2094 1091 2150 imitantur
1107 2110 1214 2150 non
1234 2095 1451 2151 elationi
1480 2096 1737 2163 seminat,

140 2180 223 2236 sed
263 2180 575 2237 humilitati.
608 2211 679 2223 —
706 2181 850 2240 Hinc
888 2190 972 2240 est
1009 2198 1138 2257 ergo
1166 2182 1315 2256 quod
1356 2183 1740 2256 praedicatores

140 2267 261 2325 boni
286 2276 339 2325 et
358 2268 633 2327 honorem
660 2279 885 2344 propter
905 2272 1201 2330 elationem
1222 2273 1466 2347 fugiunt,
1483 2282 1537 2330 et
1566 2273 1738 2331 hono-

140 2360 241 2416 rari
267 2367 449 2417 tamen
481 2369 707 2435 propter
726 2362 1095 2421 imitationem
1116 2366 1332 2423 volunt.
1357 2365 1448 2423 Sic
1471 2364 1737 2423 nimirum

140 2450 328 2507 Paulus
345 2451 633 2524 apostolus
647 2451 936 2527 discipulis
949 2454 1201 2529 loquens,
1217 2463 1273 2512 et
1288 2454 1557 2512 honorem
1574 2455 1736 2528 fugit,

140 2547 190 2597 et
214 2547 393 2598 tamen
430 2549 707 2616 quantum
739 2551 881 2600 esset
919 2544 1277 2603 honorandus
1305 2545 1567 2603 ostendit.
1599 2546 1737 2603 Nam

141 2646 255 2687 cum
270 2631 854 2690 Thessalonicensibus
876 2633 1082 2691 diceret
1101 2652 1114 2690 :
1132 2635 1310 2707 Neque
1340 2635 1476 2691 enim
1490 2636 1738 2708 aliquan-

142 2720 201 2777 do
223 2720 426 2793 fuimus
482 2722 540 2778 in
558 2740 794 2781 sermone
836 2725 1188 2792 adulationis,
1218 2727 1354 2783 sicut
1380 2727 1547 2796 scitis,
1576 2743 1738 2798 neque

143 2809 195 2865 in
217 2812 489 2869 occasione
507 2813 774 2880 avaritia,
802 2815 937 2871 Deus
968 2816 1108 2870 testis
1136 2822 1210 2871 est
1236 2817 1301 2887 (Ι
1349 2818 1527 2873 Thess.
1559 2832 1624 2885 II,
1652 2816 1735 2887 5),

147 2911 352 2961 secutus
381 2903 680 2977 adjunxit:
714 2906 739 2942 ³
780 2906 959 2976 Neque
997 2912 1286 2976 quaerentes
1329 2907 1396 2962 ab
1438 2907 1738 2962 hominibus

136 2993 372 3064 gloriam,
429 3010 599 3065 neque
623 3012 658 3050 a
684 2994 851 3061 vobis,
876 3012 1038 3066 neque
1082 2994 1149 3051 ab
1175 2995 1322 3064 aliis,
1343 3012 1461 3051 cum
1476 2996 1739 3068 possimus

141 3085 160 3118 ³
183 3084 327 3141 oneri
358 3083 511 3141 vobis
538 3100 666 3150 esse,
696 3090 757 3139 ut
786 3084 988 3141 Christi
1014 3086 1263 3157 apostoli,
1280 3085 1368 3141 sed
1395 3085 1529 3156 facti
1556 3103 1737 3141 sumus

133 3177 345 3248 parvuli
374 3176 432 3232 in
450 3176 625 3232 medio
642 3182 873 3231 vestrum
899 3175 1094 3246 (Ibid,
1116 3176 1171 3246 6,
1204 3177 1282 3250 7).
1315 3178 1524 3234 Rursus
1544 3175 1735 3235 Corin-

1856 624 2189 683 humilitatis
2218 627 2446 685 exhibet
2475 628 2731 701 gratiam,
2766 637 2821 687 et
2849 630 3111 689 utilitatis
3132 636 3332 709 quierit
3353 635 3455 693 ιιι-δ

1854 725 2152 786 crementa,
2184 725 2319 774 utet
2346 735 2568 776 servum
2597 719 3069 793 sediscipulorum
3087 723 3366 794 praedicet,
3395 733 3450 783 et

1852 805 2181 865 adversariis
2209 808 2474 881 potiorem
2504 808 2861 868 demonstret.
2893 809 3149 868 Ostendit
3166 810 3456 885 discipulis

1854 894 1987 966 quid
2017 896 2351 955 humilitatis
2376 899 2667 971 acceperit,
2699 899 2943 957 ostendit
2962 899 3293 960 adversariis
3318 903 3454 977 quid

1852 986 2228 1046 sublimitatis.
2254 992 2275 1026 ⁸
2306 990 2607 1048 Innotescit
2623 999 2819 1049 contra
2836 991 3182 1051 adversarios
3201 994 3338 1069 quid
3359 994 3454 1052 ha-

1850 1076 1983 1135 bent
2010 1095 2080 1137 ex
2110 1097 2356 1151 munere,
2380 1082 2677 1140 innotescit
2705 1082 2996 1157 discipulis
3015 1084 3194 1159 qualis
3222 1086 3370 1159 apud
3398 1102 3456 1144 se

1850 1176 2069 1227 maneat
2096 1170 2156 1227 in
2194 1170 2547 1245 cogitatione,
2578 1173 2878 1231 innotescit
2917 1173 3249 1232 adversariis
3276 1174 3457 1249 qualis

1851 1261 1988 1320 foris
2013 1272 2271 1337 appareat
2298 1264 2358 1321 in
2404 1266 2745 1339 operatione.
2786 1267 2972 1325 Sancti
3019 1283 3147 1340 ergo
3185 1266 3294 1323 viri
3321 1283 3451 1325 cum

1849 1359 2122 1423 coguntur
2148 1352 2294 1410 bona
2320 1370 2543 1411 narrare
2562 1371 2684 1430 qua
2703 1355 2937 1425 faciunt,
2958 1372 3072 1413 non
3092 1354 3322 1413 elationi
3342 1370 3454 1413 ser-

1847 1440 2029 1511 viunt,
2055 1442 2150 1499 sed
2178 1443 2428 1500 utilitati.
2461 1444 2615 1502 Unde
2659 1444 2851 1503 beatus
2887 1444 2989 1502 Job
3031 1444 3227 1502 amicis
3254 1445 3371 1501 suis
3396 1459 3455 1501 se

1846 1530 2052 1605 injuste
2068 1533 2503 1607 increpantibus,
2518 1542 2682 1609 atque
2697 1535 2907 1592 idcirco
2923 1532 3297 1592 nescientibus
3308 1533 3457 1591 bona

1845 1638 1963 1692 sua,
1997 1623 2272 1697 loquendo
2302 1624 2498 1697 aperit,
2520 1631 2582 1681 ut
2610 1623 2877 1681 nimirum
2903 1623 3177 1681 discerent
3192 1638 3305 1679 non
3325 1637 3452 1680 con-

1844 1717 1929 1768 tra
1956 1711 2076 1784 ejus
2102 1712 2277 1768 vitam
2308 1714 2330 1749 ⁶
2359 1713 2705 1785 increpantes
2734 1712 2894 1784 erigi,
2924 1711 3020 1767 sed
3049 1711 3193 1767 hanc
3213 1718 3456 1768 tacentes

1844 1801 2074 1871 imitari,
2100 1800 2376 1875 quamvis,
2431 1808 2493 1858 ut
2522 1817 2687 1874 supra
2717 1800 2832 1873 jam
2876 1800 3146 1869 diximus,
3189 1800 3341 1857 hunc
3387 1800 3458 1857 ad

1770 1906 1817 1967 Β
1848 1893 2171 1950 memoriam
2201 1892 2346 1949 facta
2373 1908 2472 1951 sua
2498 1891 2780 1960 reducere,
2811 1891 3031 1948 invecta
3057 1890 3126 1948 ab
3155 1890 3460 1964 increpan-

1849 1984 2001 2041 tibus
2028 1983 2341 2057 desperatio
2368 1982 2752 2056 compellebat.
2785 1983 2922 2040 Nam
2952 1980 3100 2039 inter
3126 1988 3210 2038 tot
3239 1981 3458 2038 dolores

1851 2073 2099 2130 vulneris
2117 2080 2172 2129 et
2201 2072 2366 2130 verba
2393 2071 2815 2145 desperationis,
2848 2087 2976 2128 cum
3003 2070 3148 2128 bona
3176 2086 3298 2145 quae
3326 2070 3459 2128 fecit

1850 2170 2058 2233 narrat,
2088 2162 2244 2237 quasi
2271 2163 2577 2236 collapsum
2594 2162 2779 2219 verbis
2802 2169 2856 2218 et
2876 2159 3199 2217 verberibus
3215 2159 3286 2217 ad
3300 2175 3456 2233 spem

1849 2253 2099 2310 animum
2128 2252 2411 2310 reformat.
2442 2252 2602 2310 Dicat
2627 2268 2758 2326 ergo
2775 2251 2922 2309 bona
2939 2267 3061 2325 quae
3081 2249 3232 2319 fecit,
3253 2257 3316 2306 ut
3343 2264 3457 2307 non

1850 2349 2078 2415 cogatur
2110 2341 2256 2399 inter
2279 2349 2364 2399 tot
2408 2344 2554 2401 mala
2593 2341 2662 2399 de
2707 2358 2766 2400 se
2807 2341 3095 2415 desperare
3123 2355 3245 2415 quas
3272 2337 3448 2397 audit.

1853 2437 2049 2495 Oculus
2076 2435 2163 2508 fui
2188 2454 2339 2507 cceco,
2365 2442 2520 2510 etpes
2549 2436 2760 2494 claudo.

1922 2546 2010 2604 38.
2043 2547 2272 2604 Iustitia:
2299 2563 2463 2620 opera
2485 2545 2744 2620 prwmitti
2767 2545 2950 2602 debent
2974 2543 3218 2618 operibus
3238 2541 3457 2599 miseri-

1849 2636 2061 2693 cordite.
2097 2637 2203 2706 Qui
2243 2638 2592 2710 elemosynas
2620 2636 2871 2708 largitur,
2900 2651 2991 2690 nec
3027 2634 3249 2691 abstinet
3269 2651 3304 2687 a
3328 2648 3459 2704 pec-

1849 2731 1986 2791 cato,
2015 2743 2128 2781 rem
2145 2742 2298 2783 suam
2315 2727 2424 2783 Deo
2448 2725 2652 2794 tribuit,
2674 2731 2722 2781 et
2739 2725 2967 2797 seipsum
2977 2728 3207 2796 peccato.
3224 2752 3296 2764 —
3319 2720 3457 2779 Cum

1849 2815 2025 2871 sancti
2071 2817 2252 2889 operis
2280 2816 2531 2890 exempla
2573 2832 2891 2889 pensamus,
2929 2812 3259 2871 intuendum
3298 2811 3460 2877 nobis

1848 2904 2003 2975 prius
2019 2912 2122 2973 est,
2144 2921 2309 2978 quam
2329 2913 2514 2962 rectus
2529 2905 2790 2961 narrandi
2810 2902 2945 2961 ordo
2965 2909 3233 2971 servetur,
3252 2908 3314 2959 ut
3332 2910 3460 2958 ante

1843 2990 2099 3064 justitise,
2138 2999 2193 3047 et
2230 3000 2354 3065 post
2408 2992 2805 3049 misericordia;
2843 3008 3009 3065 opera
3051 2990 3455 3048 describantur.

1849 3082 1946 3139 Ille
1967 3083 2168 3157 quippe
2197 3082 2335 3139 bene
2364 3083 2477 3155 agit
2492 3098 2613 3156 quas
2630 3080 2720 3155 pia
2740 3087 2892 3149 sunt,
2923 3079 3017 3153 qui
3042 3081 3147 3137 scit
3164 3080 3318 3152 prius
3348 3090 3459 3134 ser.

1849 3195 1978 3235 vare
2007 3195 2127 3252 quas
2141 3177 2314 3252 justa,
2343 3184 2406 3233 ut
2434 3177 2668 3234 collatus
2694 3175 2754 3231 in
2775 3175 3080 3247 proximos,
3111 3174 3265 3229 rivus
3285 3171 3460 3228 mise-

138 3264 284 3337 thiis,
312 3266 587 3323 honorem
615 3265 853 3339 fugiens,
882 3265 1019 3324 dicit
1044 3285 1055 3323 :
1088 3268 1209 3324 Non
1236 3266 1374 3323 enim
1403 3267 1744 3340 nosmetipsos
1779 3268 1823 3329 G
1853 3269 2107 3327 ricordiae
2136 3269 2203 3326 de
2226 3267 2457 3342 justitiae
2504 3267 2656 3324 fonte
2685 3265 2937 3322 ducatur.
2973 3262 3113 3338 [νει.
3146 3262 3293 3338 ΧΧ.]
3323 3263 3460 3319 Nam

134 3354 508 3426 praedicamus,
538 3354 627 3410 sed
652 3354 834 3411 Iesum
864 3354 1138 3411 Christum
1165 3354 1451 3412 Dominum
1476 3361 1743 3421 nostrum,

140 3462 227 3501 nos
248 3451 426 3503 autem
454 3460 632 3501 servos
654 3451 853 3501 vestros
866 3462 966 3517 per
993 3446 1171 3501 Iesum
1194 3445 1469 3504 Christum
1487 3447 1583 3519 (ΙΙ
1613 3446 1741 3504 Cor.

142 3551 215 3605 iV,
243 3535 323 3609 5).
359 3535 513 3605 Quos
535 3542 721 3591 tamen
742 3534 940 3591 videns
954 3535 1218 3593 falsorum
1235 3537 1609 3610 apostolorum
1626 3552 1744 3609 per-

141 3628 487 3685 suasionibus
509 3645 542 3684 a
570 3645 713 3685 verae
728 3627 857 3685 ﬁdei
886 3628 1106 3684 tramite
1135 3628 1376 3696 deviare,
1405 3627 1486 3683 eis
1514 3642 1748 3684 sesum-

144 3734 357 3792 mopere
384 3725 657 3793 quantum
686 3725 829 3774 esset
865 3716 1211 3773 venerandus
1239 3715 1502 3786 ostendit,
1519 3715 1740 3773 dicens:

144 3808 204 3864 In
239 3825 342 3880 quo
372 3796 495 3880 quis
522 3807 702 3872 audet,
732 3806 791 3861 in
826 3805 1132 3878 insipientia
1165 3806 1304 3873 dico,
1345 3807 1514 3862 audeo
1549 3813 1596 3862 et
1632 3824 1740 3879 ego.

143 3896 343 3955 Hebrwi
368 3902 517 3963 sunt,
565 3900 614 3951 et
642 3911 749 3967 ego.
790 3895 1219 3963 Israelitwsunt,
1252 3901 1399 3958 624
1425 3901 1475 3951 et
1498 3913 1606 3969 ego.
1660 3897 1745 3953 Se-
1784 3949 1793 3957 ,

144 4011 246 4052 men
275 3995 519 4052 Abrahae
546 4000 689 4062 sunt,
718 4000 768 4049 et
784 4012 892 4067 ego.
911 3995 1153 4052 Ministri
1170 3995 1371 4052 Christi
1395 4001 1540 4063 sunt,
1557 4002 1605 4051 et
1631 4014 1739 4068 ego.

151 4082 209 4139 Ut
231 4084 411 4140 minus
439 4083 649 4156 sapiens
677 4083 814 4151 dico,
830 4086 959 4159 plus
986 4102 1075 4158 ego
1103 4085 1200 4158 (II
1244 4084 1371 4142 Cor.
1414 4102 1496 4155 ιιι,
1527 4086 1738 4160 21-23).

147 4171 349 4240 Quibus
377 4174 546 4231 etiam
593 4172 879 4248 subjungit
903 4174 1052 4249 quod
1084 4174 1135 4230 ei
1164 4191 1383 4249 quoque
1430 4175 1578 4232 tertii
1618 4176 1743 4233 οωιί

149 4271 344 4320 secreta
374 4263 679 4338 patuerint,
699 4264 849 4343 quod
880 4272 1070 4338 raptus
1089 4264 1254 4321 etiam
1286 4264 1528 4338 paradisi
1548 4281 1746 4323 arcana

148 4354 459 4424 penetrarit.
503 4355 649 4412 Ecce
677 4353 944 4411 honorem
988 4356 1205 4429 fugiens
1233 4371 1454 4412 servum
1483 4371 1541 4412 se
1569 4354 1747 4413 disci-

144 4441 393 4512 pulorum
409 4443 695 4517 praedicat.
709 4444 851 4501 Ecce
867 4442 1134 4502 honorem
1156 4462 1255 4518 pro
1270 4445 1511 4502 utilitate
1521 4444 1745 4501 audien-

144 4530 276 4590 tium
305 4550 559 4609 quarens
586 4534 741 4592 falsis
768 4535 1033 4608 apostolis
1046 4536 1176 4592 vita:
1205 4553 1316 4593 suae
1337 4536 1535 4593 merita
1561 4552 1746 4610 super-

1855 3359 2018 3417 multi
2047 3358 2320 3432 proximis
2339 3356 2493 3432 quasi
2509 3373 2675 3429 opera
2695 3354 3088 3412 misericordiae
3108 3352 3459 3427 impendunt,

1854 3450 1949 3508 sed
1983 3448 2271 3523 injustitiaa
2312 3447 2457 3505 facta
2485 3462 2597 3503 non
2645 3444 2925 3502 deserunt.
2959 3443 3065 3512 Qui
3116 3442 3164 3500 si
3193 3442 3464 3500 veraciter

1855 3537 2131 3613 proximis
2171 3535 2608 3594 misericordiam
2664 3533 2847 3590 facere
2892 3532 3138 3602 student,
3182 3531 3289 3590 sibi
3326 3531 3463 3606 ipsis

1854 3628 2009 3702 prius
2035 3627 2341 3685 debuerant
2358 3625 2507 3700 juste
2528 3624 2769 3682 vivendo
2796 3621 3066 3681 misereri.
3099 3621 3255 3680 Unde
3279 3622 3463 3695 scrip-

1854 3727 1972 3778 tum
2003 3726 2086 3776 est
2118 3734 2129 3775 :
2179 3716 2432 3776 Miserere
2483 3714 2676 3771 anima
2733 3720 2837 3772 tua:
2870 3713 3086 3786 placens
3124 3712 3233 3769 Deo
3267 3711 3460 3785 (Eccti.

1854 3835 1995 3887 xxx,
2022 3816 2141 3891 24).
2175 3816 2281 3885 Qui
2315 3831 2444 3889 ergo
2462 3813 2710 3873 misereri
2739 3814 2863 3870 vult
2887 3811 3166 3886 proximo,
3196 3828 3229 3867 a
3256 3825 3315 3867 se
3341 3817 3465 3869 tra-

1854 3907 1952 3965 hat
1979 3923 2201 3965 necesse
2230 3915 2313 3964 est
2346 3905 2620 3979 originem
2660 3902 2978 3962 miserendi.
2996 3901 3280 3975 Scriptum
3308 3915 3462 3957 nam-

1853 4005 1958 4072 que
1977 4004 2060 4053 est
2094 4014 2106 4053 :
2139 3996 2339 4066 Diliges
2361 3994 2673 4066 proximum
2694 3999 2842 4048 tuum
2859 3991 2993 4048 sicut
3012 3990 3229 4060 teipsum
3247 3987 3462 4059 (Matth.

1852 4104 1975 4158 XIX,
2012 4088 2135 4161 19).
2165 4083 2454 4153 Quomodo
2494 4099 2624 4156 ergo
2653 4081 2812 4138 alteri
2850 4076 3161 4137 miser-endo
3203 4075 3330 4151 pius
3358 4083 3462 4145 est,

1853 4177 1951 4253 qui
1979 4176 2163 4234 adhuc
2205 4174 2411 4248 injuste
2449 4170 2691 4229 vivendo
2718 4169 2781 4228 ﬁt
2823 4167 3029 4242 impius
3069 4164 3399 4240 sibimetipsi
3436 4165 3466 4223 7

1854 4268 2011 4327 Unde
2039 4282 2137 4341 per
2164 4263 2458 4342 quemdam
2483 4262 2791 4336 sapientem
2820 4259 3027 4317 dicitur
3057 4276 3070 4317 :
3107 4259 3212 4328 Qui
3238 4257 3338 4314 sibi
3364 4273 3468 4314 ns-

1854 4376 2016 4432 quam
2042 4362 2137 4427 est,
2167 4355 2254 4412 cui
2280 4354 2445 4411 bonus
2473 4353 2577 4410 erit
2592 4352 2793 4426 (Eccli.
2812 4349 3009 4422 x1v,5)
3032 4348 3061 4407 ?
3091 4347 3181 4406 Ad
3197 4347 3469 4406 exhiben-

1854 4448 1981 4506 dam
1996 4447 2199 4522 quippe
2216 4442 2651 4502 misericordiam
2662 4448 2725 4499 ut
2744 4438 3124 4513 indigentibus
3138 4438 3298 4514 plene
3318 4445 3470 4495 exte-

1854 4539 1973 4597 rius
1987 4538 2167 4594 valeat
2186 4533 2458 4610 impendi,
2474 4533 2587 4592 duo
2606 4532 2711 4592 sibi
2734 4532 3042 4591 necessaria
3059 4537 3397 4605 congruunt,
3410 4529 3467 4587 id

145 4622 311 4694 ponit.
333 4623 464 4698 Egit
478 4623 680 4700 quippe
700 4624 893 4682 doctor
912 4624 1162 4698 egregius
1187 4632 1250 4682 ut
1278 4624 1411 4682 dum
1433 4625 1548 4699 ipse
1568 4624 1747 4699 qualis
1774 4640 1823 4699 ι)
1853 4638 1938 4688 est
1987 4628 2157 4687 homo
2199 4626 2294 4702 qui
2325 4626 2586 4700 prebeat,
2615 4632 2671 4682 et
2714 4640 2802 4682 res
2850 4641 2972 4699 quas
3001 4623 3329 4698 praebeatur.
3359 4621 3466 4681 Sed

146 4719 279 4770 esset
304 4713 328 4751 ‘
355 4712 697 4787 agnoscitur,
727 4721 783 4771 et
818 4713 936 4771 vita
963 4722 1017 4773 et
1045 4715 1237 4788 lingua
1265 4715 1410 4771 male
1439 4713 1743 4788 praedican-

147 4799 301 4873 tium,
348 4802 469 4877 ejus
515 4802 925 4878 comparatione
972 4803 1281 4862 vilesceret.
1327 4804 1457 4862 Illos
1484 4803 1748 4861 videlicet

148 4894 571 4966 commendaret,
602 4893 726 4953 sise
753 4892 1148 4954 absconderet:
1181 4909 1418 4970 cumque
1437 4911 1494 4952 se
1522 4911 1635 4952 non
1663 4909 1747 4952 os-

222 5168 237 5202 ί
268 5167 482 5246 Germ2
502 5169 719 5246 _Laud.,
738 5170 954 5246 Norm.,
979 5169 1155 5246 _Corb.
1189 5169 1376 5227 Germ.
1406 5176 1461 5227 et
1475 5169 1747 5246 plerique,

153 5248 408 5315 cumvet.
438 5242 570 5315 Ed.,
600 5242 766 5315 vitam
792 5244 1105 5315 suscipiunt.

219 5309 241 5388 ξ
276 5313 491 5388 ljorm.,
521 5309 699 5388 Corb._
717 5314 903 5388 Germ.
927 5309 989 5372 et
1017 5315 1187 5388 plura,
1205 5314 1675 5388 _necirequirentes.

219 5383 240 5417 ³
277 5383 561 5456 Beccens.,
613 5386 783 5455 Utic.,
823 5387 972 5443 Prat.
1003 5383 1058 5443 et
1095 5386 1261 5445 Corb.
1296 5383 1508 5455 Germ,
1556 5385 1750 5443 honori

154 5469 272 5523 esse,
300 5463 363 5514 ut
375 5458 541 5516 etiam
572 5458 773 5531 legitur
786 5457 846 5515 in
874 5458 1020 5531 plur.
1044 5457 1245 5515 Editis.
1278 5458 1343 5531 In
1362 5458 1600 5531 Vulgata
1617 5458 1749 5531 legi:

156 5540 275 5610 inus
301 5531 452 5610 oneri
476 5546 615 5610 _ssse,
634 5528 738 5587 'cui
765 5528 1061 5610 respondet
1098 5528 1558 5610 textusGraecus,
1587 5528 1747 5610 alteri

156 5602 329 5670 tamen
362 5600 592 5661 lectioni
620 5616 741 5657 non
771 5600 1021 5659 omnino
1067 5600 1403 5670 contrarius,
1443 5617 1557 5660 vox
1602 5600 1753 5658 enim

157 5666 338 5751 Graeca
362 5680 546 5751 Βάροι,
564 5671 842 5746 significat
858 5688 973 5731 non
1001 5674 1183 5731 solum
1210 5689 1365 5742 onus,
1386 5666 1624 5747 pondus,
1655 5670 1752 5729 sed

159 5749 315 5810 etiam
341 5749 679 5827 grauitatem,
694 5755 1082 5827 auctoritatem.
1114 5757 1378 5815 Erasmus
1395 5754 1567 5812 vertit
1598 5769 1753 5811 :cum

157 5825 417 5893 possemus
443 5825 502 5881 in
520 5826 835 5883 auctoritate
859 5844 985 5885 esse.

229 5896 249 5930 ³
286 5895 421 5966 Alii,
450 5896 769 5955 ostenditur.

1853 4720 2017 4794 longe
2056 4718 2567 4792 incomparabiliter
2596 4716 2795 4774 melior
2834 4722 2919 4773 est
2948 4714 3119 4772 homo
3147 4730 3314 4790 quam
3356 4728 3466 4770 res.

1855 4811 1963 4881 Qui
1981 4811 2167 4886 itaque
2180 4808 2454 4884 indigenti
2473 4809 2732 4883 proximo
2751 4806 3082 4864 exteriorem
3100 4804 3467 4863 substantiam

1854 4902 2083 4977 praebet,
2110 4902 2208 4961 sed
2226 4902 2401 4960 vitam
2420 4916 2579 4960 suam
2607 4916 2640 4957 a
2667 4898 2914 4974 nequitia
2928 4912 3041 4957 non
3055 4896 3318 4965 custodit,
3351 4908 3467 4951 rem

1927 5179 1948 5214 ⁵
1973 5178 2056 5235 Ita
2068 5174 2242 5233 Laud.
2254 5218 2269 5245 ,
2289 5171 2749 5246 Bellov.,"l“urop.
2760 5213 2776 5238 ,
2792 5166 3186 5246 φοιτᾷ-ξριτιξ,
3453 5207 3469 5234 ,

1855 5378 2019 5467 fortis
2043 5378 2380 5464 appareat'in
2391 5378 2696 5467 operations
2709 5401 2732 5448 ;
2751 5380 3026 5438 innotescit
3044 5378 3473 5509 discipulis—auia

1858 5466 2009 5509 imm
2026 5481 2092 5509 me
2106 5477 2311 5509 amere.
2341 5457 2490 5509 onod
2520 5462 2786 5509 vitiosum
2817 5458 2924 5509 est.
2951 5453 3017 5509 In
3043 5458 3255 5509 recent.
3284 5451 3332 5509 E
3374 5458 3467 5509 1t..

1856 5451 2009 5544 λαιξςε
2026 5451 2312 5544 diem:
2341 5451 2490 5544 ιιιιρςί
2507 5451 3467 5544 Ὺίιίέἒδιιφεἴθ-ΙΕΨῩΡἯᾏΕἯᾞΑ

1857 5536 2077 5604 melius,
2105 5524 2382 5590 innoteécil
2407 5526 2683 5599 discipulis
3098 5539 3167 5605 se.
3183 5524 3472 5581 monsatin

1857 5607 2184 5652 rnaihtinM-
2215 5599 2491 5652 innotescit
2508 5599 2837 5652 adversariis
2854 5613 2963 5652 oua
2987 5613 3034 5651 ιε
3054 5593 3192 5652 forts
3209 5599 3472 5652 donarent

1857 5593 2187 5683 ὧςίιαιίοηρ,
2215 5599 2491 5683 intonsa
2508 5593 2837 5683 evandre
2854 5593 3192 5683 φξιέιπελρτςξε
3209 5599 3474 5683 caesae

1857 5664 2264 5764 intepet-agone.
2286 5670 2605 5732 Lectionum
2624 5670 2772 5729 hanc
2783 5664 3051 5728 exhibent
3066 5665 3231 5723 Germ
3239 5664 3259 5721 ζ
3261 5664 3440 5733 ,Ἡιὶα
3452 5705 3468 5732 ,

1859 5750 2506 5891 ὠέἛέθὲοὲτῗέίίῳαηιεδ
2529 5813 2586 5868 in
2617 5814 2807 5871 Norm.
