3946 6372
491 365 596 424 123

1709 370 1962 430 SANCTI
2001 371 2339 433 GREGORII
2372 375 2601 436 MAGNI

3675 398 3767 456 ιιι

486 512 639 554 suam
665 497 780 552 Deo
807 493 1026 566 tribuit,
1046 505 1102 554 et
1128 514 1186 556 se
1211 506 1452 572 peccato.
1487 500 1603 559 Hoc
1629 502 1776 576 quod
1791 503 1973 560 minus
1999 511 2083 561 est
2110 508 2162 568 Α
2193 507 2250 562 in
2281 508 2523 578 tenebris,
2557 510 2691 567 vidit
2728 513 2893 569 lucem
2918 530 3166 585 niagnam
3201 516 3364 586 (Isai.
3413 535 3494 586 rx,
3533 521 3611 593 2);
3642 523 3783 582 Rur.

485 584 687 644 obtulit
726 585 965 655 auctori,
987 594 1041 642 et
1061 586 1169 645 hoc
1182 589 1330 662 quod
1346 589 1523 663 majus
1534 599 1617 648 est
1630 593 1871 650 servavit
1890 593 2094 666 iniqui.

483 685 604 741 tati.
655 679 804 739 625
859 687 1004 742 Bene
1031 686 1215 760 itaque
1247 704 1344 760 per
1370 689 1590 747 beatum
1619 691 1721 748 Job
1749 691 1902 764 prius
1943 691 2055 748 dici
2075 719 2096 730 -

485 781 612 832 tur:
654 776 874 834 Iustitia
903 777 1118 833 indutus
1160 795 1302 846 sum,
1336 781 1353 816 ¹
1379 789 1428 836 et
1452 781 1640 836 vestivi
1664 798 1746 836 me
1772 782 1912 837 sicut
1949 780 2099 836 vesti-

482 871 652 920 mento
674 871 757 930 ;et
775 865 912 920 sicut
924 866 1240 933 diademate,
1252 867 1458 938 judicio
1474 886 1604 924 meo.
1627 870 1710 925 Ac
1729 869 1930 926 deinde
1950 867 2094 925 sub-

477 952 732 1026 jungitur
762 973 776 1012 :
811 955 1006 1012 Oculus
1039 955 1125 1027 fui
1151 975 1304 1024 caeco,
1347 965 1396 1014 et
1424 975 1517 1031 pes
1553 961 1762 1016 claudo.
1795 959 1936 1026 Quia
1965 965 2098 1014 tunc

481 1051 565 1100 est
591 1045 734 1117 apud
765 1047 938 1103 Deum
965 1047 1172 1106 oblatio
1189 1065 1331 1105 vera
1361 1049 1737 1113 rectitudinis.
1761 1065 1890 1106 cum
1918 1048 1986 1104 de
2010 1064 2092 1106 ra.

481 1133 602 1192 dice
617 1134 852 1206 justitia
879 1139 1152 1211 prodeunt
1172 1141 1314 1198 rami
1335 1141 1576 1214 pietatis.
1609 1141 1716 1198 Sed
1737 1141 1866 1215 quia
1893 1141 1952 1198 in
1972 1141 2092 1213 ipso

481 1220 874 1280 misericordia
903 1242 1069 1298 opere
1116 1228 1240 1300 plus
1285 1229 1426 1286 solet
1453 1229 1600 1302 apud
1641 1229 1922 1286 internum
1944 1227 2091 1301 judi-

480 1327 599 1368 cem
629 1313 849 1372 animus
897 1318 1116 1390 pensari
1145 1335 1308 1392 quam
1353 1321 1582 1389 factum,
1612 1319 1916 1377 notandum
1944 1319 2092 1393 quod

483 1401 505 1436 ³
533 1416 677 1458 caeco
705 1404 929 1461 oculum
962 1406 1133 1463 fuisse
1160 1425 1218 1465 se
1246 1410 1461 1479 asserit,
1491 1409 1684 1482 pedem
1714 1409 1931 1466 claudo.
1965 1409 2093 1464 Hac

477 1489 682 1548 etenim
709 1491 920 1562 dicens,
938 1496 1183 1568 profecto
1202 1497 1412 1555 indicat
1439 1499 1568 1572 quia
1583 1507 1638 1554 et
1666 1499 1751 1554 illi
1779 1515 1876 1572 per
1895 1505 2090 1554 semet-

478 1577 659 1652 ipsum
689 1597 916 1639 manum
946 1585 1275 1657 praebuerat,
1296 1595 1352 1643 et
1373 1587 1524 1646 hunc
1552 1587 1826 1660 portando
1853 1586 2089 1642 sustine-

480 1666 592 1724 bat.
633 1671 720 1726 Ex
755 1688 866 1744 qua
909 1688 967 1727 re
1005 1675 1310 1746 colligitur,
1345 1693 1512 1747 super
1548 1693 1748 1747 egenos
1792 1693 1856 1732 ac
1885 1675 2093 1732 debiles

480 1763 748 1830 quantum
794 1757 1184 1817 misericordia
1235 1762 1390 1818 illius
1436 1763 1648 1819 viscera
1691 1763 2088 1821 fundebantur.

481 1844 636 1904 Unde
664 1853 720 1901 et
747 1846 1006 1904 subditur
1037 1865 1050 1904 :
1082 1851 1248 1906 Pater
1277 1868 1425 1906 eram
1446 1868 1768 1924 pauperum.

549 1935 638 1993 39.
668 1936 907 1993 Ecclesia
933 1955 1090 1994 cacas
1125 1940 1418 2008 illuminat,
1463 1943 1682 1999 claudos
1711 1949 1986 2000 sustentat.
2018 1973 2088 1985 —

477 2024 611 2093 Qua
657 2025 920 2084 videlicet
964 2028 1131 2086 verba
1159 2030 1206 2086 si
1243 2030 1312 2087 ad
1351 2047 1542 2088 vocem
1583 2040 1786 2089 sancta
1825 2032 2086 2090 Ecclesiae

476 2113 666 2186 typica
710 2113 1168 2187 interpretatione
1213 2119 1536 2189 referamus,
1594 2120 1712 2192 ipsa
1755 2127 1839 2176 est
1893 2121 2086 2177 oculus

474 2222 642 2276 caeo,
671 2208 807 2282 quia
834 2225 932 2282 per
964 2210 1193 2268 verbum
1237 2213 1406 2282 lucet,
1434 2213 1552 2286 ipsa
1581 2230 1676 2286 pes
1703 2213 1924 2283 claudo,
1955 2213 2086 2287 quia

474 2311 573 2368 per
615 2297 956 2372 adjutorium
997 2301 1264 2359 continet.
1312 2301 1498 2360 Cacos
1543 2303 1691 2359 enim
1733 2304 2084 2376 pradicando

471 2381 773 2457 illuminat,
803 2389 1029 2446 claudos
1058 2405 1188 2446 vero
1217 2390 1541 2464 opitulando
1568 2400 1857 2449 sustentat.
1893 2394 2084 2451 Caecus

475 2472 680 2547 quippe
705 2482 788 2532 est
816 2475 913 2550 qui
941 2477 1124 2534 adhuc
1143 2495 1252 2552 quo
1281 2488 1470 2553 pergat
1497 2497 1608 2537 non
1638 2482 1826 2550 videt;
1851 2483 2083 2540 claudus

471 2569 656 2619 autem
677 2572 782 2634 est,
813 2565 907 2638 qui
939 2582 1049 2623 non
1069 2575 1249 2640 potest
1277 2569 1357 2625 ire
1377 2586 1487 2644 quo
1507 2571 1680 2628 videt.
1701 2571 1908 2629 Crebro
1929 2589 2082 2630 nam-

470 2666 577 2724 que
606 2661 891 2725 peccatum
923 2662 1018 2710 aut
1056 2655 1368 2726 ignorantia
1393 2666 1488 2714 aut
1518 2658 1842 2716 inﬁrmitate
1877 2677 2082 2734 perpe-

469 2748 667 2810 tratur,
690 2749 752 2798 ut
781 2743 868 2799 vel
885 2743 1091 2800 nesciat
1106 2745 1273 2802 homo
1289 2747 1423 2820 quid
1443 2749 1586 2804 velle
1605 2749 1822 2818 debeat,
1853 2749 1940 2805 vel
1967 2767 2081 2808 non

467 2846 633 2888 omne
677 2831 828 2905 quod
865 2834 1104 2890 voluerit
1137 2835 1340 2908 possit.
1387 2837 1507 2906 Quo
1553 2847 1748 2896 contra
1794 2847 1942 2896 recte
1983 2857 2082 2914 per

467 2920 814 2978 Psalmistam
831 2922 1038 2980 dicitur
1060 2942 1072 2980 :
1108 2926 1357 2982 Dominus
1385 2925 1708 2983 illuminatio
1727 2945 1844 2984 mea
1865 2935 1912 2984 et
1931 2931 2081 2986 salus

462 3025 576 3064 mea
609 3008 782 3081 (Psal.
821 3027 980 3081 xxvr,
1020 3013 1098 3083 1).
1146 3013 1286 3081 Quia
1325 3015 1473 3072 enim
1511 3017 1782 3074 Dominus
1811 3025 1865 3073 et
1891 3017 2082 3074 scien-

462 3097 594 3155 tiam
621 3107 676 3156 et
704 3100 968 3157 virtutem
990 3101 1217 3174 prabet,
1246 3109 1303 3158 et
1329 3111 1522 3160 contra
1551 3106 1918 3177 ignorantiam
1953 3107 2078 3164 illu-

462 3186 719 3257 minatio,
750 3195 808 3244 et
829 3197 1024 3246 contra
1067 3189 1450 3248 inﬁrmitatem
1480 3193 1631 3250 salus
1654 3201 1904 3252 vocatur.
1937 3195 2080 3254 Hinc

461 3275 628 3332 etiam
657 3275 724 3332 de
753 3276 962 3352 iniquis
989 3279 1195 3337 dicitur
1219 3298 1231 3336 :
1265 3281 1431 3337 Fiant
1458 3282 1556 3337 vice
1583 3283 1806 3338 illorum
1835 3284 2078 3352 tenebra,

461 3371 512 3422 et
541 3365 802 3422 lubricum
831 3366 1004 3439 (Psat.
1036 3385 1236 3438 xxxrv,
1273 3369 1354 3442 6),
1386 3377 1448 3426 ut
1475 3370 1688 3428 scilicet
1709 3389 1806 3445 per
1825 3373 2081 3432 tenebras

464 3457 486 3492 ³
509 3471 619 3529 quo
647 3455 728 3512 ire
756 3455 959 3514 debent
987 3475 1099 3516 non
1116 3459 1365 3530 videant,
1383 3461 1479 3534 qui
1507 3461 1608 3517 etsi
1623 3470 1774 3520 recta
1803 3462 2074 3534 viderent,

463 3543 521 3600 in
549 3543 630 3601 eis
657 3552 838 3603 tamen
868 3561 964 3620 per
991 3546 1267 3605 lubricum
1297 3556 1440 3606 stare
1483 3565 1597 3607 non
1635 3558 1874 3623 possent.
1927 3553 1948 3588 ⁴
1977 3553 2074 3619 Isti

461 3633 646 3708 itaque
674 3650 772 3708 per
805 3634 1086 3692 lubricum
1118 3635 1264 3692 inter
1295 3636 1442 3694 bona
1487 3638 1823 3709 claudicant,
1864 3639 1948 3697 illi
1978 3657 2074 3714 per

461 3722 720 3780 tenebras
735 3739 859 3797 qua
888 3722 1034 3779 bona
1053 3733 1356 3797 sequantur
1373 3726 1648 3799 ignorant.
1675 3728 1872 3786 Sancta
1887 3730 2072 3805 itaque

460 3811 712 3870 Ecclesia
743 3812 1010 3869 extremis
1028 3811 1496 3872 tribulationibus
1527 3815 1888 3890 deprehensa,
1917 3819 2073 3876 anti—

459 3920 696 3979 quorum
726 3903 1104 3962 reminiscitur
1132 3913 1466 3980 temporum,
1497 3907 1718 3982 quando
1746 3917 1800 3965 et
1820 3909 2069 3968 docendo
2141 3929 2150 3938 '

459 3993 777 4052 illuminare
810 4003 1196 4067 consueverat,
1229 4004 1283 4054 et
1337 3995 1652 4070 adjuvando
1719 3999 1962 4070 ﬁrmare,
2014 4007 2073 4058 et

458 4085 819 4156 pracedentis
845 4087 1080 4145 membri
1113 4088 1199 4146 sui
1230 4106 1325 4146 ore
1357 4089 1624 4164 loquitur,
1655 4090 1845 4149 dicens
1877 4110 1889 4148 :
1936 4093 2067 4151 Ocu-

463 4173 546 4230 lus
565 4171 654 4244 fui
679 4190 830 4242 caeco,
861 4183 910 4231 et
931 4193 1022 4248 pes
1040 4178 1251 4235 claudo.

532 4298 676 4374 [νει.
721 4297 900 4376 ΧΧῙ.]
945 4299 1034 4358 40.
1081 4301 1218 4359 Caeci
1257 4309 1382 4360 sunt
1423 4307 1662 4378 gentiles,
1706 4307 1888 4364 claudi
1941 4325 2066 4365 vero

458 4389 658 4448 Judwi.
686 4390 902 4460 —Quae
930 4390 1061 4466 quia
1087 4391 1227 4450 duos
1262 4393 1322 4451 in
1346 4411 1403 4452 se
1432 4397 1668 4470 populos
1697 4397 1944 4469 collegit,
1973 4399 2065 4454 Ju-

2201 612 2324 653 sum
2371 597 2417 653 si
2459 599 2796 659 Israeliticus
2833 604 3072 676 populus
3098 621 3132 660 a
3174 604 3322 663 bono
3368 624 3531 681 opere
3567 612 3783 673 minime

2201 684 2581 756 claudicasset,
2636 706 2982 766 nequaquam
3032 710 3166 751 voce
3219 696 3444 754 Domini
3516 699 3787 761 Psalmista

2201 773 2468 833 dixisset:
2514 780 2646 836 Filii
2700 782 2865 837 alieni
2901 786 3108 840 mentiti
3145 793 3270 842 sunt
3310 788 3465 854 mihi,
3499 791 3601 861 ﬁlii
3635 795 3787 852 alieni

2203 865 2224 900 ⁵
2239 865 2513 923 inveterati
2530 875 2674 935 sunt,
2695 877 2742 925 et
2759 873 3000 928 claudica
3008 884 3194 930 verunt
3221 894 3256 931 a
3272 877 3470 932 semitis
3483 879 3594 934 suis
3617 882 3786 950 (Ptol.

2201 972 2343 1026 xvn,
2372 957 2489 1030 46).
2522 959 2627 1028 Qui
2658 961 2926 1020 nimirum
2948 965 3182 1038 populus
3209 968 3442 1025 claudus
3469 969 3674 1029 idcirco
3699 989 3786 1030 no-

2202 1046 2466 1116 minatur,
2498 1050 2594 1122 qui
2615 1067 2811 1108 sanum
2851 1069 3096 1124 gressum
3125 1055 3184 1112 in
3212 1058 3531 1128 operatione
3559 1076 3668 1116 non
3688 1061 3788 1118 ha-

2201 1135 2342 1205 buit,
2373 1137 2575 1210 quippe
2595 1140 2690 1212 qui
2709 1148 2940 1215 utroque
2957 1143 3090 1215 pede
3119 1145 3200 1200 uti
3230 1147 3436 1216 noluit,
3467 1147 3599 1205 dum
3627 1165 3789 1209 unum

2201 1226 2606 1284 Testamentum
2648 1231 2875 1303 recepit,
2923 1231 3077 1288 aliud
3117 1235 3346 1306 sprevit.
3379 1237 3554 1306 Quem
3581 1255 3705 1296 cum
3730 1239 3792 1296 ad

2201 1333 2258 1373 se
2287 1319 2598 1376 venientem
2633 1329 2822 1378 sancta
2868 1323 3117 1380 Ecclesia
3145 1325 3398 1398 suscipit,
3437 1327 3570 1402 quia
3595 1328 3644 1385 ei
3685 1327 3791 1402 jam

2202 1406 2374 1463 Vetus
2406 1409 2637 1477 tenenti,
2667 1410 2833 1466 etiam
2885 1413 3103 1468 Novum
3151 1414 3563 1472 Testamentum
3591 1417 3792 1487 inserit,

2200 1495 2269 1551 ad
2309 1495 2627 1568 dirigendos
2653 1515 2868 1569 gressus
2915 1500 3088 1570 illius,
3137 1504 3292 1576 quasi
3325 1505 3565 1563 alterum
3613 1508 3791 1580 pedem

2195 1581 2400 1656 jungit.
2428 1585 2531 1642 Cui
2560 1587 2742 1644 ﬁdelis
2781 1597 2982 1645 sancta
3055 1591 3316 1649 Ecclesia
3352 1597 3589 1668 populus
3623 1595 3795 1656 adhuc

2200 1681 2346 1730 recte
2389 1674 2708 1749 subjungit:
2741 1679 2905 1734 Pater
2943 1697 3091 1736 eram
3129 1699 3457 1754 pauperum,
3489 1691 3634 1749 626
3677 1687 3796 1760 quia

2199 1771 2458 1829 videlicet
2487 1774 2747 1845 humiles,
2773 1778 2870 1850 qui
2902 1794 3164 1851 pauperes
3184 1781 3388 1853 spiritu
3408 1782 3545 1839 dicti
3565 1789 3713 1852 sunt,
3731 1797 3794 1840 ex

2122 1872 2168 1932 Β
2201 1858 2322 1932 ejus
2352 1863 2741 1934 pradicatione
2773 1876 3123 1938 generantur.
3157 1869 3264 1925 Sed
3292 1878 3512 1942 oportet
3541 1879 3602 1928 ut
3631 1871 3688 1928 in
3716 1871 3796 1928 his

2199 1951 2460 2009 omnibus
2481 1953 2597 2026 ipsa
2617 1954 2865 2012 historia
2881 1957 3163 2014 subtiliter
3182 1959 3351 2016 verba
3371 1977 3683 2034 pensemus.
3707 1961 3794 2017 Ait

2194 2053 2344 2096 enim
2369 2059 2382 2097 ξ

2765 2187 2996 2246 CAPUT
3018 2190 3224 2249 XXIV.

2264 2290 2434 2349 Vnus.
2462 2292 2548 2350 16.
2565 2324 2638 2336 -
2655 2295 2820 2352 Pater
2838 2315 2986 2354 eram
2999 2315 3324 2372 pauperum,
3338 2306 3390 2355 et
3402 2317 3624 2357 causam
3643 2318 3792 2373 quam

2191 2383 2478 2440 nesciebam
2504 2385 2904 2458 diligentissime
2931 2389 3327 2464 inuestigabam.

2263 2490 2352 2548 41.
2378 2493 2612 2550 Prastat
2638 2495 2830 2552 bonum
2853 2515 2986 2569 opus
3013 2517 3080 2554 ex
3097 2501 3284 2572 affectu
3312 2501 3514 2572 facere,
3546 2520 3710 2576 quam
3737 2520 3794 2559 cz

2184 2591 2465 2656 praecepto.
2497 2617 2567 2627 —
2593 2587 2922 2662 Plerumque
2941 2590 3090 2645 enim
3121 2592 3294 2648 multa
3311 2591 3574 2652 homines
3592 2611 3797 2669 paupe-

2190 2669 2343 2728 ribus
2371 2671 2702 2745 largiuntur,
2724 2693 2835 2732 non
2851 2678 2981 2751 quia
3002 2678 3221 2735 eosdem
3242 2697 3514 2752 pauperes
3535 2683 3793 2757 diligunt,

2189 2759 2283 2816 sed
2307 2761 2438 2834 quia
2471 2763 2518 2819 si
2561 2764 2790 2821 minime
2819 2767 3086 2838 tribuant,
3133 2770 3273 2826 iram
3307 2769 3520 2844 judicis
3577 2773 3793 2848 superni

2189 2848 2522 2920 formidant;
2555 2854 2651 2928 qui
2675 2855 2721 2911 si
2753 2857 2924 2912 Deum
2957 2874 3068 2914 non
3091 2867 3418 2929 metuerent,
3443 2877 3571 2936 qua
3602 2863 3796 2921 habent

2188 2939 2317 2996 dare
2347 2942 2672 3000 noluissent.
2691 2946 2762 3001 Et
2782 2945 3004 3018 quidem
3035 2947 3094 3004 in
3121 2948 3268 3005 bono
3284 2965 3448 3022 opere
3480 2953 3697 3025 primus
3720 2953 3793 3010 in-

2187 3030 2512 3103 cipientium
2544 3035 2744 3106 gradus
2771 3044 2852 3092 est
2880 3045 2942 3094 ut
2968 3039 3062 3111 qui
3091 3038 3275 3096 adhuc
3308 3041 3635 3112 proximum
3654 3043 3790 3102 sicut

2187 3135 2244 3176 se
2273 3123 2446 3178 nescit
2473 3123 2722 3196 diligere,
2745 3123 2861 3197 jam
2891 3135 3076 3200 tamen
3100 3127 3328 3202 incipiat
3351 3129 3575 3202 judicia
3602 3151 3796 3210 super-

2117 3230 2160 3292 C
2191 3224 2261 3264 na
2288 3209 2604 3269 formidare.
2637 3211 2780 3281 Quia
2806 3214 2978 3287 igitur
3004 3216 3157 3274 aliud
3185 3227 3268 3275 est
3312 3219 3529 3280 bonum
3560 3209 3700 3297 opus
3724 3239 3789 3280 ex

2190 3307 2481 3372 pracepto,
2512 3299 2664 3358 aliud
2693 3319 2825 3360 vero
2853 3304 3020 3361 etiam
3040 3321 3110 3362 ex
3124 3306 3323 3364 affectu
3348 3309 3557 3382 facere,
3579 3321 3795 3371 sanctus

2189 3387 2278 3444 vir
2305 3397 2367 3446 ut
2396 3397 2634 3447 mentem
2664 3392 2823 3450 nobis
2843 3411 2954 3452 sua
2970 3397 3304 3468 operationis
3319 3398 3598 3472 insinuet,
3619 3403 3793 3461 dicat:

2185 3478 2350 3534 Pater
2373 3497 2520 3536 eram
2543 3498 2864 3554 pauperum.
2899 3486 2921 3520 ⁸
2940 3485 3062 3542 Non
3093 3485 3242 3543 enim
3278 3496 3582 3561 patronum
3613 3509 3691 3564 se,
3712 3492 3794 3550 vel

2185 3560 2526 3642 proximum,
2571 3573 2656 3629 vel
2701 3572 3016 3646 adjutorem
3078 3560 3406 3650 pauperum,
3456 3582 3556 3639 sed
3594 3560 3796 3656 patrem

2182 3656 2351 3714 fuisse
2380 3666 2631 3730 testatur,
2653 3662 2784 3736 quia
2802 3663 3069 3721 nimirum
3100 3667 3121 3701 ⁷
3144 3683 3344 3740 magno
3364 3669 3664 3730 charitatis
3690 3670 3797 3730 om-

2181 3745 2268 3803 cio
2297 3749 2542 3807 studium
2573 3751 2967 3810 misericordia
2993 3755 3161 3812 vertit
3188 3756 3249 3813 in
3276 3757 3544 3819 aﬁ‘ectum
3567 3770 3795 3830 natura,

2181 3844 2244 3892 ut
2268 3853 2362 3894 eos
2389 3841 2543 3912 quasi
2559 3841 2708 3900 ﬁlios
2723 3851 2970 3901 cerneret
2993 3861 3090 3918 per
3115 3861 3382 3919 amorem,
3409 3852 3623 3926 quibus
3642 3849 3791 3928 quasi

2179 3933 2334 3998 pater
2365 3937 2598 4000 praeiat
2627 3933 3170 4004 perprotectionem.
3212 3935 3354 4004 Quia
3381 3938 3564 4014 igitur
3584 3942 3673 4000 vis
3701 3940 3797 3999 mi-

2179 4014 2494 4073 sericordia
2546 4018 2698 4076 illius
2726 4028 2981 4078 naturam
3010 4023 3192 4082 fuerat
3217 4026 3462 4100 imitata,
3504 4041 3719 4106 patrem
3743 4047 3797 4088 se

2176 4120 2478 4178 pauperum
2508 4107 2678 4165 fuisse
2706 4121 3130 4171 commemorat.
3163 4115 3266 4173 Ubi
3295 4117 3468 4176 etiam
3498 4122 3730 4180 subdit:

2645 4313 2648 4315 λ
2745 4270 2976 4331 CAPUT
3025 4275 3206 4335 XXV.

2245 4378 2384 4435 Iern.
2414 4405 2488 4421 —-
2515 4380 2594 4438 Et
2644 4397 2863 4438 causam
2890 4399 3053 4454 quam
3087 4385 3376 4444 nesciebam
3402 4389 3802 4464 diligentissime

456 4479 676 4538 daicum
705 4472 918 4538 scilicet
967 4487 1133 4556 atque
1177 4466 1460 4556 gentilem,
1503 4466 1649 4542 recte
1689 4466 1866 4542 etiam'
1886 4493 2067 4558 potest

2197 4467 2566 4541 nvestigabam.

455 4585 602 4628 caeo
630 4569 872 4643 gentilis,
898 4572 1098 4630 claudo
1123 4581 1306 4632 autem
1335 4573 1600 4632 Iudaicus
1643 4575 1879 4648 populus
1905 4575 2064 4632 desi-
2093 4601 2143 4660 ι)
2251 4574 2340 4633 42.
2373 4575 2493 4632 Etsi
2524 4578 2679 4634 nulla
2711 4577 2846 4634 bona
2873 4596 3036 4651 opera
3061 4581 3388 4654 negligenda,
3432 4587 3659 4646 minora
3697 4593 3788 4645 ta-

455 4657 632 4732 gnari.
665 4660 900 4718 Gentilis
929 4661 1132 4736 quippe
1161 4663 1318 4738 quasi
1334 4663 1528 4721 oculos
1555 4679 1667 4718 non
1683 4663 1899 4733 habuit,
1931 4665 2062 4739 quia
2095 4657 2133 4660 _
2168 4683 2287 4725 men
2318 4667 2617 4740 potioribus
2639 4669 2890 4740 postponi
2915 4670 3200 4728 debent.—
3226 4674 3290 4730 In
3309 4675 3521 4749 quibus
3536 4678 3798 4737 videlicet

453 4765 566 4807 non
579 4757 799 4824 accepta
809 4751 924 4824 lege
940 4768 1052 4808 non
1069 4751 1217 4808 vidit
1231 4769 1341 4826 quo
1361 4752 1442 4808 ire
1457 4752 1754 4810 debuisset.
1773 4755 1848 4811 At
1866 4762 2061 4813 contra
2168 4754 2355 4812 verbis
2381 4755 2664 4828 pensanda
2685 4773 2711 4812 s
2722 4765 2828 4814 unt
2845 4759 3036 4816 omnia
3071 4777 3238 4835 quam
3264 4763 3534 4823 distincte
3571 4783 3798 4826 narren-

451 4838 714 4898 Judaicus
729 4839 939 4898 habens
957 4841 1170 4911 oculos,
1190 4841 1422 4899 claudus
1443 4841 1572 4910 fuit,
1594 4843 1724 4916 quia
1743 4844 1914 4918 legem
1937 4845 2057 4918 qui-
2166 4851 2278 4913 tur,
2317 4843 2466 4917 quod
2494 4844 2652 4901 nulla
2683 4845 2752 4902 ab
2781 4862 2846 4902 eo
2877 4864 3094 4907 merces
3121 4854 3592 4924 pratermittitur.
3615 4857 3799 4915 Justus

453 4929 575 4988 dem
603 4928 831 4988 sciendo
862 4929 1065 4998 tenuit,
1108 4929 1205 4987 sed
1251 4930 1311 4987 in
1339 4947 1403 4988 ea
1431 4948 1675 5006 gressum
1710 4934 1845 4992 recti
1874 4936 2056 5008 operis
2163 4936 2366 5010 quippe
2411 4943 2493 4993 est
2521 4935 2580 4992 in
2615 4936 2931 4996 actionibus
2958 4939 3097 5010 suis,
3129 4941 3258 5014 pius
3281 4943 3342 5001 in
3371 4944 3798 5004 inﬁrmitatibus

453 5033 564 5075 non
591 5018 847 5078 tetendit.
877 5017 936 5075 Si
965 5017 1115 5076 enim
1132 5019 1354 5093 gentilis
1380 5020 1619 5096 populus
1635 5025 2053 5084 cacusminime
2162 5026 2564 5100 proximorum,
2583 5035 2838 5088 strenuus
2852 5029 2910 5087 in
2927 5031 3164 5104 negotiis
3175 5048 3507 5108 pauperum.
3521 5038 3634 5107 Qui
3649 5036 3795 5096 enim

451 5104 666 5180 fuisset,
694 5107 964 5186 propheta
1007 5124 1125 5168 non
1154 5107 1362 5168 diceret
1392 5128 1406 5168 :
1451 5113 1695 5185 Populus
1722 5115 1818 5187 qui
1843 5115 2054 5172 sedebat
2161 5124 2378 5176 aterna
2405 5117 2792 5180 retributionis
2816 5120 2964 5180 bona
2989 5104 3216 5198 cogitat,
3249 5104 3472 5186 necesse
3517 5104 3614 5188 est
3640 5137 3706 5189 ut
3730 5125 3794 5185 ad

530 5357 546 5391 ¹
582 5355 610 5412 1
860 5361 1146 5448 etpestieit
1169 5359 1410 5418 mesicut
1429 5364 1809 5423 vestimentum.
1850 5365 1914 5423 In
1943 5365 2062 5423 Bel-
2179 5367 2267 5448 ,ηδ
2295 5365 2469 5448 Iidem
2523 5366 2680 5448 Mss,
2738 5375 2936 5441 prater
2994 5369 3218 5440 Germ.,
3499 5378 3794 5443 claudicat,

458 5425 680 5510 lov.,_et
703 5425 1010 5510 uestiui
1143 5505 1190 5510 __
1500 5509 1507 5510 γ
2167 5435 2326 5494 ille...
2357 5437 2592 5510 ignorat.

450 5498 790 5626 οιίυὲρτωη
818 5498 1030 5559 Bellov.
1062 5509 1118 5560 et
1141 5505 1358 5576 Norm.,
1385 5509 1510 5566 caci
1546 5511 1848 5570 oculum...
1875 5510 2060 5582 pedem
2167 5510 2262 5635 ωδ
2281 5498 2512 5636 023%,
2532 5509 2644 5568 duo
2671 5511 2875 5582 Laud.,
2905 5511 3069 5570 Corb.
3093 5513 3280 5574 Germ.
3301 5524 3357 5574 et
3382 5517 3615 5592 Norm.,
3653 5521 3791 5577 inve-

609 5586 650 5626 ι.
2215 5611 2218 5613 λ
2245 5599 2279 5637 a
2475 5624 2488 5637 .

525 5643 548 5678 ³
576 5641 1150 5735 9?.re321,1:§99-3€
1171 5645 1336 5735 (ἒρῐδο
1367 5654 1580 5735 (ἔθων
1611 5669 1718 5735 φφ
1742 5670 1764 5719 ί
1791 5651 1836 5735 2.
1853 5649 2053 5722 Lauda

451 5728 560 5784 qua
586 5713 668 5784 ire
677 5730 786 5770 non
803 5713 1035 5782 videant,
1056 5716 1150 5784 qui
1175 5721 1274 5778 etsi
1291 5731 1436 5783 recta
1464 5713 1765 5780 viderint";
1788 5729 1932 5779 stare
1948 5713 2056 5779 non

457 5783 680 5856 possint.
711 5785 794 5842 Ita
819 5801 1038 5860 quoque
1063 5783 1254 5848 Norm.

2235 5653 2258 5736 ξ
2295 5654 2416 5736 Quo
2443 5651 2641 5736 Laud.,
2673 5653 2844 5736 Corb._
2869 5654 3057 5736 Germ.
3089 5663 3144 5712 et
3152 5658 3386 5736 _Norm.,
3413 5676 3532 5718 non
3557 5681 3706 5736 ergo.

2236 5725 2256 5758 ⁷
2298 5723 2536 5794 Gemet.,
2564 5742 2772 5797 magna:
2798 5727 3076 5784 charitatis
3103 5730 3289 5814 oﬁcio.
