3946 6366
172 387 263 446 125

915 381 1286 439 MORALIUM
1327 383 1459 438 LIB.
1505 385 1656 440 XIX.
1698 413 1769 428 -
1807 384 1872 442 IN
1919 387 2148 444 CAPUT
2186 387 2426 444 XXVIII
2466 390 2526 444 Β.
2569 391 2712 446 JOB.

3369 391 3470 448 126

169 527 368 571 omnem
391 525 448 566 se
477 523 696 566 causam
715 514 982 566 secuturus
1004 507 1270 564 mercedis
1299 509 1578 566 extendat.
1602 509 1747 567 Hinc
1777 516 1825 575 Α
1860 512 2042 580 viunt,
2076 513 2097 548 ³
2126 512 2235 568 alia
2262 529 2382 586 quas
2403 529 2435 568 a
2454 521 2611 569 terrae
2629 521 2779 569 tactu
2800 513 3028 572 minime
3047 517 3466 590 disjunguntur.

169 603 301 662 enim
328 616 420 673 per
446 599 794 656 Salomonem
827 597 1063 655 dicitur:
1101 600 1204 666 Qui
1236 599 1399 654 Deum
1433 599 1593 664 timet,
1616 601 1752 657 nihil

169 691 361 765 negligit
382 691 578 761 (Eccle.
596 705 700 756 vn,
716 689 828 760 19).
850 688 992 744 Hinc
1012 688 1178 743 etiam
1193 689 1396 744 Paulus
1415 688 1494 744 ait
1514 707 1524 744 :
1547 689 1631 744 Ad
1645 707 1752 744 om-

168 803 222 841 ne
245 801 368 857 opus
395 783 584 837 bonum
606 779 793 852 parati
825 780 913 850 (II
937 780 1076 836 Tim.
1099 797 1161 847 ιι,
1179 780 1295 851 21).
1328 779 1434 836 Sed
1464 780 1608 836 inter
1636 780 1753 837 haec

167 875 428 934 sciendum
444 880 524 929 est
543 872 673 946 quia
687 869 986 945 aliquando
1004 871 1062 926 in
1083 870 1396 928 actionibus
1410 872 1617 928 nostris
1637 873 1753 928 mi-

165 982 288 1022 nora
298 965 437 1020 bona
453 960 920 1036 praetermittenda
932 968 1062 1016 sunt
1083 977 1181 1033 pro
1194 961 1434 1017 utilitate
1452 961 1748 1034 majorum.

163 1056 286 1114 Nam
307 1053 428 1127 quis
442 1053 658 1125 ignoret
677 1068 792 1108 esse
814 1051 945 1108 boni
969 1051 1152 1124 operis
1172 1052 1456 1121 meritum,
1472 1061 1751 1110 mortuum

164 1143 376 1218 sepelire
396 1144 424 1200 7
450 1150 505 1198 et
532 1150 716 1198 tamen
756 1140 977 1198 cuidam
1019 1141 1114 1214 qui
1143 1141 1211 1197 ad
1241 1142 1616 1214 sepeliendum
1646 1161 1753 1216 pa-

161 1242 290 1292 trem
317 1250 372 1290 se
397 1233 605 1300 dimitti
633 1239 953 1305 poposcerat
980 1231 1190 1288 dictum
1238 1241 1350 1288 est:
1378 1234 1500 1289 Sine
1528 1240 1586 1288 ut
1613 1252 1751 1290 mor-

166 1325 236 1380 tui
258 1324 505 1396 sepeliant
521 1329 757 1378 mortuos
785 1340 930 1388 suos,
961 1329 1017 1378 tu
1043 1329 1217 1377 autem
1246 1323 1376 1377 vade
1417 1329 1465 1377 et
1491 1325 1754 1381 annuntio

163 1431 364 1485 regnum
403 1413 503 1468 Dei
545 1412 697 1484 (Luc.
742 1429 823 1482 rx,
865 1413 981 1482 60).
1029 1411 1474 1484 Postponendum
1515 1429 1752 1486 namque

161 1511 268 1559 erat
292 1501 614 1574 obsequium
647 1501 814 1574 hujus
848 1501 1145 1557 ministerii
1182 1502 1364 1558 ofﬁcio
1398 1503 1753 1575 praedicatio-

162 1593 262 1662 nis,
281 1593 407 1667 quia
424 1592 525 1648 illo
552 1607 713 1648 carne
734 1598 983 1647 mortuos
1002 1594 1017 1626 ¹
1051 1591 1110 1647 in
1127 1598 1327 1647 terram
1347 1593 1628 1661 conderet,
1647 1593 1753 1649 isto

159 1692 334 1741 autem
378 1684 562 1741 anima
616 1689 863 1739 mortuos
906 1682 976 1738 ad
1023 1682 1194 1738 vitam
1234 1684 1602 1740 resuscitaret.
1653 1684 1755 1740 Per

160 1773 471 1847 prophetam
529 1787 749 1846 quoque
807 1770 1139 1843 primatibus
1183 1789 1472 1845 synagoga:
1514 1773 1749 1830 dicitur:

1864 603 2070 660 Oculus
2098 602 2300 676 quippe
2337 603 2445 658 luci
2478 601 2806 671 intenditur,
2836 611 2890 658 et
2912 620 2980 659 ne
3001 607 3190 662 caecari
3221 607 3472 674 valeat,a

1863 695 2089 766 pulvere
2118 693 2452 750 custoditur.
2486 695 2585 749 Pes
2613 710 2745 749 vero
2761 701 2895 751 tunc
2923 712 3084 750 suum
3115 697 3357 754 ofﬁcium
3389 714 3470 754 re-

1863 791 1948 839 cte
1971 783 2198 856 peragit,
2242 800 2367 840 cum
2412 782 2825 855 suscipiendum
2855 791 3015 840 terrae
3046 784 3328 856 pulverem
3358 802 3470 842 non

1865 877 2086 947 refugit.
2119 876 2250 943 Quae
2280 884 2462 932 tamen
2509 877 2756 949 corporis
2798 877 3045 932 membra
3087 877 3335 933 vicissim
3365 879 3470 935 sibi

1864 985 1959 1026 sua
1990 968 2169 1024 ofﬁcia
2199 968 2567 1040 impartiendo
2597 971 2948 1042 copulantur,
2966 979 3027 1026 ut
3041 987 3136 1043 pes
3155 972 3332 1028 oculis
3351 987 3472 1028 cur-

1866 1065 1970 1127 rat,
2001 1065 2055 1114 et
2084 1059 2279 1114 oculus
2295 1059 2416 1132 pedi
2440 1059 2757 1132 prospiciat.

1934 1148 2024 1204 44.
2057 1149 2293 1205 Membra
2345 1149 2613 1216 Ecclesiae,
2670 1151 2764 1204 etsi
2815 1151 2979 1224 ofﬁcio
3024 1150 3295 1216 distincta,
3352 1158 3476 1206 sunt

1864 1242 2120 1297 charitate
2147 1242 2446 1311 conjuncta.
2479 1271 2549 1282 —
2565 1242 2655 1298 Sic
2676 1241 2859 1315 itaque
2885 1242 2966 1299 sic
2991 1248 3192 1298 sanctae
3213 1242 3473 1298 Ecclesiae

1866 1331 2111 1386 membra
2139 1330 2340 1387 debent
2368 1338 2423 1386 et
2451 1331 2634 1388 ofﬁcio
2663 1348 2782 1388 esse
2811 1332 3102 1399 distincta,
3124 1338 3179 1386 et
3206 1331 3474 1387 charitate

1864 1421 2180 1493 conjuncta,
2210 1429 2273 1476 ut
2300 1421 2502 1477 summi
2534 1421 2638 1477 viri
2670 1437 2862 1477 eorum
2895 1423 2916 1457 δ
2946 1421 3090 1476 viam
3125 1420 3472 1492 provideant,

1865 1511 1961 1583 qui
1991 1511 2048 1566 in
2079 1511 2312 1566 terrenis
2355 1510 2591 1581 negotiis
2629 1519 2850 1578 vacant,
2899 1518 3170 1583 quatenus
3211 1510 3364 1564 velut
3404 1506 3474 1563 ad

1866 1599 2054 1656 lumen
2083 1601 2371 1656 oculorum
2404 1617 2500 1672 pes
2543 1600 2811 1668 ambulet,
2860 1608 2914 1655 et
2945 1616 3162 1655 rursum
3201 1596 3474 1671 quidquid

1865 1689 2098 1744 terrenis
2126 1688 2362 1759 negotiis
2404 1689 2674 1759 implicati
2715 1697 2906 1758 agunt,
2955 1688 3061 1742 hoc
3089 1687 3158 1742 ad
3202 1685 3473 1756 majorum

1866 1778 2162 1833 utilitatem
2191 1777 2452 1843 referant,
2483 1783 2544 1830 ut
2570 1792 2663 1846 pes
2683 1775 2842 1846 cujus
2863 1776 2952 1830 via
2979 1774 3335 1846 prospicitur,
3365 1789 3478 1830 non

164 1862 380 1931 Quaerite
395 1861 686 1930 judicium,
707 1861 973 1915 subvenite
990 1878 1236 1932 oppresso
1270 1861 1427 1931 (Isai.
1461 1879 1502 1930 1,
1536 1863 1648 1934 I7).
1682 1863 1752 1917 Et
1787 1878 1832 1939 Β
1866 1867 1971 1924 sibi
2001 1863 2408 1932 tantummodo,
2439 1863 2533 1920 sed
2562 1864 2726 1919 etiam
2769 1863 2946 1920 oculis
2989 1863 3291 1934 gradiatur.
3336 1862 3478 1917 Dum

160 1962 331 2012 tamen
374 1952 580 2010 Paulus
631 1953 912 2025 apostolus
965 1951 1138 2009 dicit:
1191 1953 1610 2025 Contemptibiles
1662 1953 1756 2024 qui

120 2112 122 2115 ι
161 2043 340 2100 suntin
352 2043 617 2109 Ecclesia,
633 2043 756 2100 illos
772 2043 1070 2098 constituite
1087 2045 1158 2099 ad
1169 2042 1524 2113 judicandum
1555 2043 1612 2114 (Ι
1627 2044 1752 2099 Cor.

163 2151 235 2202 vi,
262 2133 339 2205 4).
362 2133 662 2190 Auditores
685 2133 890 2189 etenim
912 2149 1042 2189 suos
1059 2132 1127 2189 ad
1157 2133 1420 2189 virtutem
1450 2131 1754 2205 sapientiae,

162 2223 225 2279 ad
242 2223 551 2295 linguarum
573 2237 790 2295 genera,
810 2221 878 2278 ad
897 2221 1199 2294 prophetiae
1216 2237 1433 2294 quoque
1449 2220 1759 2292 indaganda

162 2312 408 2386 mysteria
449 2311 838 2381 succendebat,
870 2311 1091 2368 dicens:
1119 2313 1141 2347 ³
1182 2311 1540 2369 ιΕηιηιαπιίηἱ
1583 2311 1759 2383 spiri-

164 2404 304 2470 talia,
331 2403 506 2474 magis
532 2408 707 2458 autem
735 2408 794 2457 ut
817 2401 1138 2474 prophetetis
1168 2403 1226 2473 (Ι
1247 2403 1372 2459 Cor.
1396 2419 1517 2470 XIV,
1543 2401 1619 2472 I).
1653 2399 1758 2456 Sed

162 2494 281 2567 quia
304 2491 579 2566 spiritalia
605 2491 752 2548 dona
779 2507 892 2548 non
910 2499 1189 2565 caperent,
1215 2491 1261 2548 si
1291 2499 1509 2547 terrena
1527 2507 1622 2546 eos
1649 2506 1758 2545 ne-

163 2585 295 2656 gotia
334 2583 755 2656 depressissent,
800 2585 960 2655 longe
1007 2592 1133 2640 ante
1180 2583 1469 2656 praemisit,
1527 2583 1754 2640 dicens:

165 2673 576 2746 Contemptibiles
604 2673 698 2743 qui
726 2679 850 2727 sunt
876 2673 932 2727 in
956 2674 1216 2738 Ecclesia,
1235 2674 1358 2728 illos
1375 2671 1671 2728 constituite
1689 2671 1763 2726 ad

154 2761 500 2832 judicandum
547 2761 604 2832 (Ι
638 2761 764 2818 Cor.
808 2779 890 2828 vr,
920 2761 1002 2832 4).
1044 2763 1125 2817 Ac
1165 2762 1212 2817 si
1241 2769 1426 2833 aperte
1457 2762 1625 2828 dicat,
1665 2761 1761 2833 qui

162 2851 382 2908 minoris
412 2849 602 2906 meriti
632 2855 762 2903 sunt
790 2849 848 2904 in
879 2849 1148 2914 Ecclesia,
1169 2856 1223 2904 et
1243 2849 1415 2904 nullis
1435 2866 1761 2920 magnorum

164 2939 426 2997 donorum
459 2937 766 2993 virtutibus
794 2937 1027 3008 pollent,
1046 2937 1148 3009 ipsi
1180 2936 1247 2992 de
1278 2938 1510 2992 terrenis
1531 2933 1766 3007 negotiis

157 3028 422 3102 judicent,
454 3034 729 3100 quatenus
757 3043 853 3098 per
881 3043 1018 3099 quos
1047 3042 1242 3098 magna
1290 3033 1591 3098 nequeunt,
1622 3025 1767 3081 bona

163 3120 372 3177 minora
399 3116 782 3189 suppleantur.
817 3115 967 3182 Quos
995 3122 1050 3170 et
1091 3114 1536 3188 contemptibiles
1576 3112 1768 3170 nomi—

161 3217 269 3276 nat,
304 3215 356 3264 et
386 3215 573 3264 tamen
617 3204 893 3277 sapientes
921 3211 1102 3273 vocat,
1147 3221 1273 3260 cum
1317 3204 1492 3260 dicit:
1547 3205 1632 3259 Sic
1662 3221 1766 3258 non

163 3305 230 3354 est
241 3298 450 3370 sapiens
470 3297 608 3350 inter
622 3312 712 3350 vos
726 3295 1031 3367 quisquam,
1048 3295 1141 3366 qui
1154 3296 1325 3366 possit
1342 3294 1590 3365 judicare
1619 3297 1765 3356 627

165 3395 292 3452 inter
318 3396 551 3467 fratrem
571 3410 729 3449 suum
752 3392 943 3465 (Ibid.,
959 3393 1018 3463 5)
1033 3393 1062 3448 ‘l
1081 3392 1199 3460 Qua
1226 3409 1296 3448 ex
1322 3409 1378 3448 re
1400 3391 1533 3464 quid
1556 3389 1765 3462 colligi-

163 3492 268 3555 tur,
297 3485 406 3542 nisi
438 3492 500 3540 ut
529 3483 587 3539 hi
617 3491 861 3540 terrenas
881 3498 1074 3538 causas
1101 3481 1446 3549 examinem,
1477 3480 1571 3553 qui
1602 3485 1768 3535 exte-

165 3575 366 3632 riorum
415 3590 601 3630 rerum
640 3571 967 3644 sapientiam
1009 3569 1416 3642 perceperunt?
1446 3568 1553 3636 Qui
1583 3575 1766 3624 autem

165 3664 504 3738 spiritalibus
532 3663 695 3720 donis
723 3661 884 3718 ditati
915 3667 1067 3728 sunt,
1097 3660 1344 3732 profecto
1376 3657 1610 3714 terrenis
1655 3674 1768 3713 non

165 3755 361 3812 debent
391 3753 631 3826 negotiis
661 3751 960 3824 implicari,
990 3758 1053 3805 ut
1079 3749 1212 3805 dum
1244 3766 1356 3804 non
1387 3756 1660 3821 coguntur
1687 3747 1768 3804 in-

165 3845 365 3902 feriora
392 3844 543 3900 bona
571 3841 886 3912 disponere,
917 3837 1202 3896 exercitati
1233 3839 1450 3895 valeant
1479 3837 1640 3894 bonis
1669 3854 1772 3893 su-

164 3933 474 4007 perioribus
501 3927 800 3986 deservire.

231 4040 376 4115 [Vet.
413 4039 580 4094 XXII
583 4035 623 4111 .]
647 4035 736 4092 43.
772 4034 876 4104 Qui
900 4051 998 4108 per
1019 4051 1074 4089 se
1101 4051 1207 4089 non
1228 4039 1475 4106 possunt,
1509 4049 1608 4105 per
1634 4031 1772 4088 alios

137 4136 329 4207 'ofﬁcia
358 4132 644 4189 cbaritatis
671 4147 913 4187 exercere
941 4136 1202 4186 tenentur.
1233 4160 1303 4172 —
1330 4127 1434 4185 Sed
1464 4125 1770 4184 curandum

170 4237 492 4296 magnopere
535 4229 618 4278 est
645 4229 708 4277 ut
745 4220 804 4276 hi
835 4220 930 4294 qui
974 4218 1136 4276 donis
1163 4216 1510 4291 spiritalibus
1536 4214 1776 4270 emicant

170 4327 509 4386 nequaquam
527 4310 914 4384 proximorum
937 4307 1344 4364 inﬁrmantium
1357 4305 1575 4377 negotia
1591 4302 1773 4358 fundi-

171 4407 254 4456 tus
266 4401 542 4468 deserant,
564 4399 658 4456 sed
684 4398 804 4455 huic
819 4398 944 4454 aliis
965 4396 1168 4471 quibus
1186 4396 1416 4469 dignum
1437 4402 1518 4450 est
1539 4399 1774 4450 tractan-

172 4489 236 4546 da
260 4491 630 4548 committant.
658 4489 812 4546 Unde
841 4489 1060 4560 Moyses
1089 4503 1307 4560 quoque
1327 4503 1390 4543 ac
1405 4484 1672 4558 populum
1693 4481 1774 4538 vi-

1864 1958 2049 2030 itaque
2079 1955 2184 2010 sibi
2216 1954 2457 2011 invicem
2494 1953 2707 2009 alterna
2753 1951 3236 2008 administratione
3266 1965 3479 2007 conve-

1864 2050 2050 2116 niunt,
2073 2046 2216 2102 miro
2246 2043 2412 2100 modo
2439 2044 2641 2116 agitur,
2661 2051 2721 2099 ut
2741 2044 2871 2116 quia
2897 2043 3059 2100 electi
3079 2043 3284 2116 quique
3300 2039 3480 2096 vicis-

1865 2140 1968 2197 sim
1999 2138 2221 2195 sibimet
2250 2135 2620 2208 impendendo
2637 2135 2783 2209 quod
2802 2136 2994 2192 valent
3023 2135 3258 2199 faciunt,
3287 2149 3477 2189 eorum

1867 2232 2003 2288 ﬁant
2037 2245 2202 2302 opera
2229 2228 2395 2284 etiam
2425 2243 2546 2301 quae
2577 2227 2757 2284 facere
2780 2226 2885 2298 ipsi
2906 2243 3018 2282 non
3051 2231 3300 2298 possunt.

1938 2320 2027 2377 45.
2047 2320 2359 2376 Necessitate
2387 2318 2655 2383 suadente,
2671 2317 3044 2388 contemplatio
3066 2313 3480 2375 intermittenda,

1868 2419 1928 2467 ut
1950 2410 2192 2484 proximi
2210 2408 2433 2463 utilitati
2459 2408 2750 2463 serviatur.
2774 2436 2845 2447 —
2865 2404 2972 2462 Sed
3004 2405 3150 2462 inter
3171 2402 3289 2458 haec
3309 2399 3482 2457 scien-

1869 2501 2001 2558 dum
2031 2509 2112 2556 est
2140 2499 2270 2573 quia
2288 2514 2416 2555 cum
2465 2497 2848 2569 proximorum
2885 2493 3068 2551 causis
3111 2489 3484 2548 exterioribus

1869 2591 1965 2665 qui
1995 2597 2119 2662 apte
2163 2585 2476 2644 deserviant
2515 2585 2744 2651 desunt,
2794 2581 2996 2638 debent
3050 2581 3108 2636 hi
3140 2593 3360 2652 quoque
3389 2575 3483 2649 qui

1870 2677 2214 2752 spiritalibus
2241 2677 2403 2733 donis
2436 2675 2583 2749 pleni
2615 2681 2746 2730 sunt
2775 2689 2967 2729 eorum
2998 2667 3312 2726 inﬁrmitati
3343 2682 3487 2723 con-

1871 2766 2201 2823 descendere
2258 2765 2601 2837 terrenisque
2660 2763 2885 2818 illorum
2934 2757 3379 2824 necessitatibus,
3427 2755 3486 2810 in

1872 2863 2140 2928 quantum
2172 2855 2433 2910 decenter
2453 2855 2694 2916 valeant,
2718 2850 3006 2908 charitatis
3025 2845 3487 2905 condescensione

1875 2945 2104 2999 servire.
2138 2943 2250 2997 Nec
2296 2942 2499 2996 taedere
2539 2941 2790 2996 animum
2834 2939 3019 3005 debet,
3064 2938 3110 2993 si
3153 2952 3345 2992 sensus
3373 2932 3492 3004 ejus

1874 3028 2327 3102 contemplationi
2344 3028 2676 3099 spiritalium
2694 3041 2908 3096 semper
2926 3027 3172 3080 intentus
3191 3021 3489 3095 aliquando

1875 3119 2258 3196 dispensandis
2286 3117 2448 3173 rebus
2478 3116 2726 3172 minimis
2744 3115 2898 3188 quasi
2918 3111 3490 3170 minoratusinﬂecti-

1799 3239 1844 3299 ο
1877 3221 1988 3280 tur,
2020 3210 2240 3285 quando
2271 3209 2411 3265 illud
2441 3208 2685 3264 Verbum
2717 3223 2813 3278 per
2842 3205 2990 3278 quod
3018 3212 3277 3260 constant
3305 3205 3492 3259 omnia

1876 3311 2078 3370 creata,
2112 3309 2174 3357 ut
2208 3299 2487 3373 prodesset
2538 3296 2884 3363 hominibus,
2926 3301 3210 3366 assumpta
3239 3293 3493 3349 humani-

1876 3402 2008 3462 tate,
2039 3391 2220 3448 voluit
2251 3389 2606 3464 paulomiuus
2629 3390 2651 3424 ⁵
2683 3387 2754 3443 ab
2781 3385 2993 3458 angelis
3027 3383 3314 3440 minorari.
3347 3381 3494 3450 Quid

1877 3500 2005 3556 ergo
2034 3482 2238 3540 mirum
2282 3480 2328 3536 si
2377 3479 2546 3536 homo
2575 3494 2631 3534 se
2664 3483 2887 3550 propter
2925 3473 3209 3531 hominem
3238 3472 3493 3541 attrahit,

1881 3574 2016 3630 dum
2037 3579 2252 3630 creator
2271 3571 2561 3626 hominum
2577 3576 2631 3624 et
2645 3569 2968 3640 angelorum
2991 3568 3228 3622 formam
3251 3563 3496 3620 hominis

1883 3677 2108 3743 propter
2136 3665 2421 3722 hominem
2472 3661 2762 3734 suscepit?
2809 3661 2920 3717 Nec
2974 3667 3157 3714 tamen
3190 3657 3499 3712 minoratur

1879 3774 2073 3816 sensus
2100 3772 2226 3813 cum
2255 3755 2336 3811 sic
2363 3751 2684 3819 attrahitur,
2713 3751 2845 3823 quia
2864 3756 3020 3806 tanto
3048 3748 3314 3806 subtilius
3340 3760 3496 3818 supe-

1879 3850 2027 3905 riora
2055 3851 2324 3920 penetrat,
2346 3849 2554 3915 quanto
2570 3840 2842 3896 humilius
2859 3856 2957 3911 pro
2985 3854 3172 3894 amore
3193 3835 3499 3893 conditoris

1881 3954 1982 3994 nec
2011 3935 2275 3992 inferiora
2303 3929 2630 3989 contemnit.
2692 3928 2840 3996 Quid
2880 3927 3171 4000 indignum
3220 3925 3384 3981 nobis
3410 3925 3497 3980 vel

1881 4026 2114 4083 diﬁicile
2141 4032 2243 4090 est,
2275 4022 2320 4078 si
2351 4036 2516 4094 supra
2537 4019 2790 4090 infraque
2819 4017 3072 4072 animum
3103 4014 3379 4079 ducimus,
3402 4012 3499 4084 qui

1882 4115 2072 4172 eadem
2126 4127 2295 4168 manu
2334 4108 2582 4182 corporis
2629 4107 2880 4162 lavamus
2927 4105 3148 4171 faciem,
3186 4118 3294 4175 qua
3332 4101 3498 4157 etiam

1883 4205 2198 4262 calceamus
2226 4199 2454 4273 pedem?
2497 4199 2698 4254 Beatus
2731 4195 2900 4267 igitur
2927 4193 3030 4250 Job
3051 4197 3198 4256 628
3221 4190 3355 4265 quia
3373 4207 3499 4248 cum

1884 4316 2084 4373 magna
2139 4304 2324 4370 ageret
2380 4295 2616 4352 minima
2649 4310 2763 4350 non
2810 4291 3084 4365 despexit,
3141 4290 3324 4346 dicat:
3358 4287 3498 4362 [Vet.

1885 4389 2129 4465 XXIII.]
2188 4391 2263 4446 Et
2317 4403 2534 4443 causam
2579 4402 2742 4456 quam
2782 4383 3068 4439 nesciebam
3109 4380 3504 4453 diligentissime

1884 4481 2282 4552 investigabam.

173 4596 258 4636 ros
297 4597 396 4654 pro
441 4599 498 4638 se
543 4579 890 4653 septuaginta
935 4558 1248 4644 constituit,
1279 4585 1340 4632 ut
1387 4582 1594 4649 quanto
1621 4590 1677 4630 se
1705 4573 1776 4628 ab
1805 4606 1854 4665 D
1957 4572 2046 4629 46.
2079 4572 2145 4628 In
2165 4568 2386 4640 judiciis
2414 4583 2520 4621 non
2539 4565 2703 4620 simus
2726 4562 3043 4636 praecipites.
3066 4558 3504 4660 Majoracrimi-

175 4672 534 4729 exterioribus
562 4669 745 4727 causis
772 4667 1152 4735 absconderet,
1184 4673 1338 4722 tanto
1366 4663 1649 4721 ardentius
1681 4662 1778 4718 in—

177 4765 324 4816 terna
351 4765 682 4833 penetraret.
715 4757 913 4830 Sicque
943 4755 1007 4811 ﬁt
1034 4762 1097 4811 ut
1123 4753 1327 4810 summi
1371 4751 1480 4808 viri
1513 4751 1684 4822 magis
1710 4749 1778 4806 ad

179 4849 437 4919 spiritalia
453 4849 601 4905 dona
619 4846 933 4920 proﬁciant,
951 4844 1082 4900 dum
1105 4860 1295 4900 eorum
1321 4849 1529 4898 mentes
1550 4857 1634 4898 res
1658 4841 1779 4896 inﬁ-

180 4953 271 4993 mae
287 4955 394 4995 non
417 4937 781 5003 conculcant;
806 4942 860 4990 et
881 4950 1099 4990 rursum
1124 4932 1231 4988 viri
1248 4932 1306 4988 in
1327 4931 1574 4988 Ecclesia
1594 4930 1779 4986 ultimi

180 5025 286 5084 sine
312 5028 460 5086 bono
488 5043 652 5101 opere
682 5042 795 5083 non
826 5025 1044 5093 vivant,
1093 5023 1226 5080 dum
1257 5022 1315 5079 in
1346 5021 1510 5078 rebus
1537 5019 1780 5076 exterio-

180 5118 322 5176 ribus
349 5120 647 5178 inveniunt
675 5126 825 5176 recta
854 5135 976 5192 quae
993 5122 1176 5190 agant.
1209 5116 1408 5172 Sancta
1442 5112 1645 5186 quippe
1667 5113 1783 5168 Ec-

182 5207 336 5264 clesia
364 5209 446 5267 sic
472 5207 732 5266 consistit
758 5207 972 5264 unitate
992 5205 1266 5272 ﬁdelium,
1291 5203 1436 5260 sicut
1464 5217 1666 5274 corpus
1686 5218 1780 5257 no-

182 5302 347 5353 strum
364 5297 584 5355 unitum
605 5304 688 5354 est
707 5312 970 5370 compage
987 5293 1383 5352 membrorum.
1403 5291 1530 5349 Alia
1545 5306 1782 5364 namque

183 5391 305 5443 sunt
329 5386 577 5446 membra
602 5386 663 5444 in
708 5402 938 5460 corpore
967 5401 1090 5461 qua
1118 5382 1400 5442 intuenda
1428 5380 1541 5440 luci
1586 5379 1781 5438 deser-

256 5659 272 5692 ¹
304 5658 338 5740 _t
371 5657 570 5740 Laud,
610 5658 670 5713 in
699 5661 898 5712 terram
942 5653 1257 5712 concederet.
1307 5653 1521 5719 Germ.,
1548 5656 1788 5708 mortuos

189 5731 550 5880 Ἴθιῗῖἑᾶοο.
561 5841 582 5880 ,
605 5797 933 5880 amulamini
943 5798 1114 5880 dona.
1127 5797 1371 5879 meliora.

258 5873 278 5905 ³
318 5872 504 5930 Germ.
535 5878 592 5930 et
616 5878 820 5946 poster.
852 5870 1028 5939 Editi,
1057 5870 1174 5927 alia
1199 5885 1316 5940 quae
1341 5885 1376 5924 a
1408 5872 1614 5923 terreno
1641 5870 1787 5924 actu.

1887 4682 1959 4720 na
1980 4660 2190 4718 tardius
2218 4657 2476 4714 credenda
2497 4673 2517 4721 ;
2545 4655 2635 4710 sed
2662 4671 2779 4709 cum
2808 4658 3195 4725 agnoscuntur,
3212 4650 3370 4705 citius
3392 4665 3505 4720 pu-

1889 4752 2106 4809 nienda.
2137 4779 2208 4791 —
2227 4749 2347 4816 Qua
2391 4746 2446 4802 in
2480 4761 2538 4802 re
2584 4743 2891 4800 notandum
2921 4741 3088 4798 video
3116 4756 3185 4796 ne
3213 4739 3282 4795 ad
3310 4735 3503 4810 profe-

1890 4842 2117 4900 rendam
2143 4837 2473 4896 sententiam
2505 4850 2749 4908 unquam
2781 4831 3091 4905 praecipites
3139 4845 3254 4886 esse
3311 4825 3503 4882 debea.

1893 4948 2038 4997 mus,
2070 4945 2139 4984 ne
2170 4936 2373 4984 temere
2405 4924 2712 4982 indiscussa
2750 4921 3087 4995 judicemus,
3133 4937 3201 4976 ne
3248 4913 3506 4989 quaelibet

1895 5022 2041 5076 mala
2068 5018 2258 5075 audita
2287 5033 2390 5073 nos
2419 5021 2700 5082 moveant,
2731 5030 2800 5069 ne
2830 5013 3030 5086 passim
3061 5010 3204 5066 dicta
3236 5005 3354 5061 sine
3383 5019 3505 5076 pro-

1891 5111 2113 5168 batione
2144 5108 2452 5166 credamus.
2495 5104 2652 5174 Quod
2681 5103 2931 5177 profecto
2973 5104 3280 5173 perpetrare
3327 5093 3509 5166 perti-

1893 5200 2210 5268 mescimus,
2231 5199 2276 5255 si
2289 5197 2532 5254 auctoris
2551 5193 2728 5252 nostri
2747 5190 3008 5248 subtilius
3027 5187 3171 5242 facta
3193 5200 3505 5257 pensamus.

1893 5293 2013 5365 Ipse
2041 5291 2245 5365 quippe
2263 5297 2325 5346 ut
2341 5304 2441 5345 nos
2461 5303 2490 5343 a
2520 5283 2862 5359 praecipitata
2881 5278 3168 5338 sententiae
3197 5275 3509 5351 prolatione

1888 5386 2282 5456 compesceret,
2312 5393 2440 5436 cum
2469 5373 2658 5434 omnia
2686 5369 2837 5429 nuda
2879 5378 2936 5428 et
2962 5375 3150 5444 aperta
3176 5367 3290 5426 sint
3321 5365 3504 5425 oculis

1893 5651 2144 5709 Nostram
2168 5646 2295 5702 lect.
2327 5640 2662 5700 conﬁrmant
2688 5639 2816 5696 Mss.
2841 5639 3032 5709 Corb.,
3066 5637 3254 5709 Germ.
3289 5634 3507 5698 Norm.,

1895 5707 2008 5780 duo
2036 5716 2236 5786 Laud.,
2267 5713 2530 5788 Vindoc.,
2549 5713 2768 5788 j‘uron.
2800 5719 2856 5768 et
2885 5718 2999 5767 vet.
3017 5707 3181 5788 ‘Edit.

1972 5794 1992 5828 ‘
2024 5785 2262 5858 Gemet.,
2290 5787 2434 5846 Utic.
2467 5793 2522 5858 et
2549 5785 2833 5858 Beccens.,
2861 5799 3043 5839 eorum
3072 5785 3254 5834 vitam.

1972 5866 1993 5898 "
2024 5855 2337 5930 Omittitur,
2365 5858 2454 5928 ab,
2485 5857 2545 5914 in
2572 5855 2712 5928 pler.
