3946 6370
483 381 584 440 127

1689 378 1938 439 SANCTI
1975 375 2314 438 GREGORII
2352 379 2580 437 MAGNI

3675 385 3770 446 ηε

471 513 609 586 ejus,
642 512 786 568 mala
824 516 1013 566 tamen
1049 509 1303 567 Sodoma
1355 509 1540 567 noluit
1578 509 1768 566 audita
1788 508 2062 583 judicare,
2100 509 2148 566 Α
2175 509 2429 583 diripuit.
2468 511 2604 580 Quis
2647 526 2887 586 namque
2926 511 3153 586 iniquus
3189 512 3378 570 verius
3421 512 3534 572 dici
3578 512 3770 589 potest“,

469 601 562 678 qui
573 599 678 659 ait:
700 599 921 657 Clamor
942 599 1294 656 Sodomorum
1309 606 1358 655 et
1371 601 1387 636 ¹
1410 599 1877 656 Gomorrhceorum
1888 598 2068 654 multi-

461 689 698 763 plicatus
723 695 820 758 est,
849 695 898 745 et
919 695 1193 762 peccatum
1207 705 1392 744 eorum
1420 696 1769 760 aggravatum
1789 695 1863 744 est
1886 689 2069 754 nimis;

467 779 772 836 descendam
791 784 841 834 et
861 777 1040 834 videbo
1071 783 1252 833 utrum
1289 779 1574 834 clamorem
1607 778 1701 848 qui
1727 777 1868 832 venit
1893 778 1966 833 ad
1990 794 2070 833 me

465 881 622 940 opere
650 866 1044 940 compleverint,
1073 883 1146 922 an
1173 883 1280 924 non
1305 874 1381 924 est
1426 868 1524 934 ita,
1574 873 1635 922 ut
1660 867 1823 924 sciam
1853 867 2064 940 (Genes.

465 973 632 1027 xvm,
680 958 797 1029 20).
829 957 1194 1030 Omnipotens
1221 957 1407 1030 itaque
1435 957 1709 1014 Dominus
1739 957 1820 1029 (2,
1849 977 1904 1030 q.
1939 960 1991 1028 l,
2020 976 2066 1016 ο.

465 1047 606 1103 Deus
633 1046 982 1118 omnipotens)
1032 1053 1086 1102 et
1116 1047 1303 1104 omnia
1341 1047 1540 1115 sciens,
1572 1064 1674 1105 cur
1706 1057 1833 1104 ante
1862 1048 2070 1121 proba-

464 1135 672 1192 tionem
699 1134 858 1208 quasi
877 1134 1118 1204 dubitat,
1146 1135 1254 1191 nii
1285 1143 1349 1191 ut
1377 1136 1664 1208 gravitatis
1690 1137 1852 1194 nobis
1871 1153 2071 1194 exem-

462 1225 614 1299 plum
643 1231 934 1298 proponat,
965 1239 1035 1282 ne
1053 1225 1200 1282 mala
1218 1224 1512 1284 hominum
1531 1234 1659 1283 ante
1675 1243 2070 1299 praesumamus

462 1313 683 1371 credere
710 1331 874 1388 quam
899 1314 1160 1388 probare?
1202 1316 1346 1374 Ecce
1375 1333 1472 1389 per
1509 1317 1732 1390 angelos
1758 1316 1829 1374 ad
1855 1333 2071 1390 cogno-

465 1403 666 1462 scenda
681 1405 824 1462 mala
845 1404 1150 1474 descendit,
1169 1421 1412 1480 moxque
1441 1406 1782 1464 facinorosos
1797 1407 2034 1480 percutit
2051 1424 2064 1474 ;

461 1501 624 1568 atque
650 1492 746 1550 ille
774 1494 1009 1568 patiens,
1041 1493 1136 1551 ille
1185 1495 1362 1564 mitis,
1412 1494 1507 1552 ille
1547 1495 1616 1551 de
1644 1512 1754 1568 quo
1799 1495 2066 1568 scriptum

461 1591 571 1642 est:
611 1586 692 1643 Tu
723 1590 904 1641 autem
953 1585 1202 1652 Domine,
1257 1603 1375 1642 cum
1429 1586 1818 1657 tranquillitate
1851 1585 2069 1655 judims

464 1673 620 1745 (Sep.
669 1689 774 1741 xu,
825 1673 942 1745 18),
991 1673 1087 1728 ille
1131 1673 1200 1729 de
1234 1689 1346 1745 quo
1373 1675 1642 1746 scriptum
1671 1683 1756 1731 est
1807 1691 2065 1731 rursum:

461 1761 722 1819 Dominus
745 1761 957 1834 patiens
983 1767 1061 1816 est
1085 1761 1330 1816 redditor
1361 1761 1554 1832 (Eccli.
1585 1780 1644 1831 v,
1672 1763 1753 1834 4);
1785 1770 1940 1820 tanto
1967 1762 2070 1820 crio

2177 617 2339 672 quam
2356 599 2610 657 diabolus
2625 601 2653 658 ‘I
2678 601 2848 674 Cujus
2872 601 3045 659 molas
3061 603 3420 673 conterimus,
3442 603 3653 678 quoties
3671 605 3772 664 dis-

2177 688 2408 746 serendo
2441 697 2632 746 contra
2654 689 2773 762 ejus
2802 690 3031 748 insidias
3060 691 3278 748 occulta
3308 691 3461 748 illius
3489 692 3773 752 machina-

2182 787 2366 836 menta
2413 784 2559 842 629
2601 788 3002 848 monstramus;
3045 797 3109 838 ac
3153 781 3202 837 si
3253 780 3323 838 de
3366 781 3488 854 ejus
3530 782 3775 843 dentibus

2180 877 2420 951 praedam
2450 877 2721 947 tollimus,
2744 878 2874 951 quia
2900 887 3139 935 mentem
3170 894 3334 952 quam
3359 877 3474 950 jam
3503 879 3573 936 ad
3601 895 3774 954 pecca-

2179 974 2295 1024 tum
2318 967 2622 1040 frangendo
2642 967 3034 1038 momorderat,
3057 969 3126 1026 ad
3155 970 3388 1026 salutem
3410 969 3539 1026 vitas
3559 986 3774 1028 conver-

2178 1057 2346 1114 tendo
2376 1075 2718 1114 revocamus.
2741 1055 2880 1132 [Vet.
2900 1059 3035 1115 XXI
3042 1057 3128 1132 V.]
3151 1059 3254 1115 Per
3270 1057 3445 1115 molas
3463 1058 3664 1133 quippe
3681 1075 3778 1118 oc-

2178 1147 2340 1204 culta
2371 1147 2488 1220 ejus
2517 1147 2756 1216 insidiae,
2773 1164 2871 1220 per
2890 1147 3080 1203 dentes
3101 1165 3233 1204 vero
3254 1154 3442 1220 aperta
3463 1147 3579 1220 jam
3609 1149 3776 1222 culpae

2177 1238 2510 1308 perpetratio
2535 1237 2965 1294 demonstratur.
2995 1238 3074 1294 De
3103 1236 3304 1310 quibus
3332 1236 3597 1294 nimirum
3625 1239 3778 1295 molis

2177 1340 2241 1381 ac
2260 1325 2519 1383 dentibus
2547 1343 2644 1400 per
2662 1327 3005 1383 Psalmistam
3035 1327 3301 1399 scriptum
3324 1334 3439 1384 est:
3481 1327 3624 1384 Deus
3661 1345 3776 1384 vero

2181 1415 2445 1471 ‘conteret
2477 1416 2652 1472 dentes
2675 1433 2856 1472 eorum
2884 1416 2941 1470 in
2966 1433 3056 1472 ore
3094 1417 3353 1488 ipsorum,
3383 1417 3554 1473 molas
3585 1417 3778 1472 leonum

2177 1502 2472 1576 confringet
2508 1505 2770 1562 Dominus
2811 1504 2986 1576 (Psal.
3019 1523 3156 1574 LVII,
3205 1507 3283 1576 7).
3316 1505 3423 1562 Sed
3451 1513 3674 1563 sanctus
3699 1506 3780 1562 vir

2177 1599 2303 1649 ante
2331 1610 2388 1650 se
2416 1595 2611 1651 asserit
2640 1596 2814 1651 molas
2842 1602 3146 1664 conterere,
3177 1602 3240 1651 ut
3269 1602 3393 1668 post
3434 1595 3502 1651 de
3531 1594 3780 1652 dentibus

2179 1681 2330 1740 illius
2357 1683 2596 1756 praedam
2624 1685 2894 1757 potuisset
2922 1684 3158 1753 auferre,
3189 1685 3318 1758 quia
3357 1692 3493 1742 tunc
3522 1685 3780 1741 veraciter

2177 1773 2416 1846 praedam
2446 1773 2515 1831 de
2542 1774 2662 1846 ejus
2690 1774 2950 1831 dentibus
2982 1775 3253 1844 tollimus,
3272 1792 3398 1832 cum
3430 1776 3586 1848 prius
3616 1775 3778 1832 molas

462 1849 613 1906 mine
643 1849 926 1906 involutos
956 1848 1268 1918 inveniens,
1301 1849 1458 1923 quasi
1499 1849 1821 1923 patientiam
1852 1858 2057 1924 praeter

2178 1862 2330 1920 illius
2357 1871 2639 1920 conterere
2672 1864 2895 1930 scimus.
2946 1864 3106 1921 Prius
3146 1864 3296 1920 enim
3326 1881 3549 1922 necesse
3578 1873 3658 1922 est
3683 1881 3779 1922 oc-

461 1939 638 2009 misit,
667 1947 722 1996 et
767 1939 916 1997 diem
951 1939 1186 1996 extremi
1225 1939 1424 2012 judicii
1461 1947 1778 2013 exspectare
1814 1941 1883 1999 ad
1929 1944 2069 2000 vin-

461 2027 667 2086 dictam
725 2029 930 2098 noluit,
991 2029 1087 2086 sed
1141 2045 1236 2086 eos
1299 2029 1424 2102 igne
1473 2029 1696 2102 judicii,
1753 2039 1880 2088 ante
1921 2031 2068 2104 judi-

459 2117 535 2174 cii
573 2117 719 2175 diem
763 2117 1052 2191 praevenit.
1105 2118 1246 2174 Ecce
1288 2117 1495 2174 malum
1542 2118 1697 2191 quasi
1744 2135 1870 2176 cum
1925 2121 2066 2179 diﬁi-

457 2207 666 2266 cultate
694 2205 933 2264 credidit
957 2222 1085 2264 cum
1121 2205 1360 2274 audivit,
1381 2213 1435 2262 et
1462 2213 1648 2262 tamen
1668 2207 1786 2264 sine
1806 2208 2066 2266 tarditate

457 2295 752 2369 percussit,
781 2312 910 2354 cum
938 2311 1131 2353 verum
1155 2295 1534 2369 cognoscendo
1563 2297 1784 2370 reperit,
1816 2305 1878 2355 ut
1906 2298 2066 2354 nobis

457 2383 720 2442 videlicet
761 2385 916 2442 daret
943 2385 1281 2458 exemplum,
1319 2383 1467 2458 quod
1502 2384 1709 2458 majora
1749 2386 1984 2444 crimina
2010 2395 2065 2444 et

454 2473 608 2531 tarde
635 2473 911 2532 credenda
938 2482 1212 2531 suntcum
1233 2473 1559 2544 audiuntur,
1579 2482 1635 2532 et
1653 2474 1820 2532 citius
1835 2475 2066 2548 punien-

455 2563 526 2621 da
549 2571 682 2622 sunt
707 2581 836 2622 cum
864 2565 1136 2622 veraciter
1161 2572 1556 2638 agnoscuntur.
1600 2565 1780 2638 Hujus
1808 2581 1938 2638 ergo
1965 2565 2064 2622 di-

454 2651 696 2726 ligentias
741 2653 935 2710 beatus
993 2653 1096 2713 Job
1124 2653 1559 2711 sollicitudinem
1603 2670 1818 2727 gerens,
1845 2654 1956 2710 ait:
1989 2655 2065 2712 Et

453 2758 669 2798 causam
697 2757 859 2812 quam
900 2741 1210 2808 nesciebam,
1239 2742 1634 2814 diligentissime
1661 2743 2056 2814 inuestigabam.

455 2831 587 2900 Quas
614 2829 828 2888 scilicet
846 2829 1014 2888 verba
1040 2831 1203 2888 etiam
1234 2847 1330 2904 per
1351 2848 1541 2890 vocem
1571 2832 1834 2889 Ecclesia
1861 2831 1931 2888 ad
1961 2831 2062 2888 in-

451 2919 901 2992 terpretationem
933 2920 1177 2992 typicam
1201 2935 1492 2992 possumus
1523 2935 1636 2976 non
1661 2919 2055 2978 inconvenien-

455 3015 537 3064 ter
558 3008 778 3065 referre.
810 3009 934 3081 Ipsa
962 3008 1164 3082 quippe
1195 3009 1218 3044 ³
1247 3025 1344 3081 per
1358 3009 1562 3067 electos
1590 3026 1718 3067 suos
1746 3027 1874 3067 cum
1913 3010 2058 3066 mala

447 3099 754 3157 carnalium
777 3097 1014 3172 judicat,
1049 3098 1155 3155 hoc
1185 3098 1334 3172 quod
1377 3098 1554 3156 nescit
1580 3099 1896 3172 investigat,
1927 3098 2058 3172 quia

449 3185 595 3243 mala
620 3201 743 3260 quae
780 3185 957 3242 nescit
997 3185 1274 3258 operando
1316 3185 1613 3260 investigat
1639 3203 1736 3260 per
1775 3187 2052 3260 judicium

447 3273 792 3347 corrigendo.
823 3273 1024 3331 Sancta
1048 3273 1232 3347 itaque
1271 3275 1518 3333 Ecclesia
1557 3293 1686 3332 cum
1716 3275 2052 3349 injustorum

448 3365 619 3424 fuerit
646 3364 716 3422 ad
744 3371 961 3438 tempus
994 3364 1347 3439 improbitate
1375 3385 1706 3442 compressa,
1740 3368 2052 3425 reminisci-

446 3462 540 3514 tur
567 3455 792 3516 dicens:
828 3457 1061 3516 Causam
1077 3474 1237 3530 quam
1259 3459 1547 3516 nesciebam
1565 3457 1960 3530 diligentissime
1971 3459 2051 3514 in-

446 3546 782 3619 uestigabam.
813 3547 895 3606 Ac
921 3545 969 3604 si
994 3554 1180 3620 aperte
1207 3547 1392 3606 dicat:
1429 3548 1572 3605 Mala
1613 3565 1735 3621 quae
1773 3547 1834 3604 in
1863 3548 2052 3605 electis

445 3634 583 3694 meis
609 3635 820 3711 agendo
847 3653 962 3694 non
998 3653 1284 3709 noveram,
1315 3637 1375 3694 in
1403 3637 1615 3711 iniquis
1633 3637 1956 3695 hominibus
1968 3637 2050 3695 di-

443 3725 634 3784 stricte
672 3725 978 3799 judicaudo
1025 3726 1352 3800 plectebam.
1383 3727 1455 3782 Et
1493 3727 1624 3799 quia
1663 3743 1814 3784 nunc
1843 3726 2050 3784 virtute

443 3814 853 3888 praedicationis
879 3832 992 3874 sum
1019 3815 1305 3874 diabolum
1344 3814 1606 3884 conterit,
1639 3821 1802 3888 atque
1832 3831 1900 3872 ex
1930 3813 2051 3888 ejus

442 3921 536 3962 ore
563 3904 997 3982 uniuscujusque
1025 3921 1189 3981 quem
1228 3904 1460 3979 suscipit
1487 3903 1730 3963 animam
1759 3905 1924 3979 rapit,
1954 3922 2052 3963 se-

439 3993 629 4069 quitur
655 3994 884 4054 dicens:

821 4182 1052 4240 CAPUT
1107 4184 1296 4242 xxv1
1356 4183 1502 4257 [ηερ.
1556 4161 1704 4258 XV]:

503 4304 676 4362 Vnus.
711 4303 798 4364 17.
812 4331 884 4346 --
898 4304 1240 4362 Conterebam
1253 4306 1422 4362 molas
1435 4305 1633 4376 iniqui,
1657 4311 1706 4361 et
1721 4305 1784 4360 de
1799 4303 2046 4360 dentibus

433 4393 585 4452 illius
611 4391 920 4464 auferebam
933 4391 1197 4466 prwdam.

503 4517 593 4576 47.
621 4517 862 4577 Ecclesia
881 4517 1095 4574 diabolo
1119 4517 1362 4590 praedam
1379 4517 1560 4590 eripit,
1581 4534 1700 4574 cum
1717 4517 1952 4590 aliquem
1975 4521 2042 4578 ab

2175 1952 2324 2008 culta
2367 1952 2729 2009 consiliorum
2778 1952 2934 2010 illius
2963 1953 3414 2010 machinamenta
3449 1954 3698 2028 prodere,
3721 1961 3778 2011 ut

2175 2041 2444 2099 auditoris
2493 2042 2668 2100 nostri
2710 2043 2952 2100 animam
3000 2044 3283 2100 valeamus
3319 2043 3673 2116 postmodum
3715 2043 3779 2100 ab

2174 2136 2364 2202 aperto
2393 2129 2550 2203 lapsu
2580 2147 2858 2188 revocare.
2892 2131 3073 2205 Hujus
3097 2132 3277 2206 iniqui
3300 2133 3477 2190 molas
3499 2133 3615 2205 ipse
3643 2149 3778 2188 sum-

2174 2236 2298 2277 mus
2315 2227 2502 2294 pastor
2529 2221 2790 2278 Ecclesiae
2810 2221 3163 2295 praedicando
3190 2223 3531 2291 conterebat,
3552 2238 3676 2279 cum
3696 2221 3777 2278 di-

2173 2319 2350 2368 ceret:
2385 2311 2564 2369 Sobrii
2589 2319 2746 2369 estote
2772 2319 2820 2369 et
2840 2313 3075 2386 vigilate,
3101 2314 3235 2386 quia
3251 2313 3604 2370 adversarius
3623 2319 3778 2368 vester

2172 2399 2416 2458 diabolus
2446 2407 2700 2473 tanquam
2745 2403 2822 2458 leo
2862 2402 3079 2474 rugiens
3115 2402 3324 2471 circuit,
3365 2419 3610 2474 quaerens
3635 2416 3778 2474 quem

2171 2490 2412 2558 devoret;
2439 2493 2526 2549 cui
2551 2493 2775 2549 resistite
2801 2493 2966 2563 fortes
2995 2494 3051 2548 in
3077 2495 3181 2566 ﬁde
3210 2495 3266 2567 (1
3285 2494 3434 2551 Petr.
3457 2511 3518 2563 v,
3535 2494 3618 2566 8).
3643 2493 3774 2550 Con-

2170 2589 2255 2638 tra
2281 2581 2432 2640 hunc
2459 2583 2673 2639 leonem
2715 2589 2902 2639 sancta
2941 2582 3210 2651 Ecclesia,
3241 2583 3373 2655 quia
3400 2583 3524 2656 ejus
3552 2581 3775 2640 insidias

2170 2671 2463 2744 conspicit,
2482 2671 2608 2726 ﬁdei
2627 2671 2814 2728 caulas
2833 2671 3036 2728 munit.
3064 2670 3235 2743 Cujus
3261 2671 3424 2726 toties
3443 2672 3621 2727 molas
3638 2670 3772 2726 fran-

2170 2761 2270 2832 git,
2301 2761 2517 2834 quoties
2537 2759 2927 2818 haereticorum
2949 2768 3270 2832 argumenta
3299 2760 3574 2826 destruit;
3599 2759 3775 2817 toties-

2169 2863 2274 2920 que
2327 2847 2396 2904 ab
2437 2847 2556 2921 ejus
2600 2848 2858 2906 dentibus
2909 2847 3148 2922 praedam
3189 2847 3406 2918 diripit,
3451 2849 3673 2921 quoties
3709 2847 3772 2904 ab

2167 2954 2349 2996 errore
2370 2939 2683 3012 quempiam
2707 2939 3058 3012 praedicando
3085 2939 3382 2997 convertit.
3415 2941 3490 2996 Et
3517 2940 3650 3014 quia
3669 2939 3773 3013 ple-

2166 3025 2324 3100 rique
2345 3025 2624 3099 justorum
2652 3035 2789 3084 tunc
2815 3034 2979 3082 erunt
3007 3025 3102 3099 qui
3131 3041 3188 3082 se
3215 3025 3606 3082 ecclesiasticae
3635 3025 3775 3099 pacis

2165 3121 2410 3188 tempore
2437 3115 2506 3172 ab
2549 3115 2657 3172 hoc
2689 3115 2900 3172 mundo
2926 3115 3178 3170 exituros
3223 3131 3340 3172 esse
3396 3115 3771 3183 crediderunt,

2165 3203 2356 3260 beatus
2400 3203 2502 3261 Job
2529 3203 2661 3261 dum
2692 3220 2792 3260 sua
2819 3212 3026 3274 narrat,
3056 3219 3219 3262 voces
3248 3220 3473 3279 quoque
3495 3203 3766 3278 justorum

2166 3292 2514 3367 sequentium
2544 3291 2774 3362 indicat,
2801 3291 2992 3350 dicens
3017 3310 3029 3348 :

2525 3452 2756 3512 CAPUT
2793 3453 3005 3510 xxvn
3037 3451 3180 3528 [Rea
3213 3453 3390 3529 XVI].

2231 3561 2401 3618 Vnus.
2436 3561 2522 3618 l8.
2553 3593 2624 3606 —
2649 3561 3026 3633 Dicebamque:
3056 3562 3122 3618 In
3162 3561 3348 3618 nidulo
3393 3579 3514 3620 meo
3542 3562 3769 3628 moriar,

2157 3657 2205 3708 st
2232 3650 2255 3687 ⁸
2287 3651 2423 3707 sicut
2444 3651 2630 3724 palma
2658 3651 3017 3724 multipltcabo
3047 3651 3176 3708 dies.

2227 3777 2315 3834 48.
2349 3777 2487 3848 Ejus
2515 3777 2639 3852 ﬁlii,
2661 3777 2710 3834 si
2731 3795 2860 3850 pace
2886 3777 3006 3849 frui
3033 3778 3358 3847 desiderant,
3387 3777 3453 3834 in
3482 3779 3602 3850 ejus
3645 3777 3767 3834 nido

2153 3877 2204 3926 et
2229 3871 2352 3925 sinu
2385 3875 2710 3926 remaneant.
2741 3900 2814 3912 —
2841 3869 2988 3938 Quid
3015 3868 3124 3926 hoc
3153 3870 3274 3926 loco
3303 3884 3401 3943 per
3435 3869 3556 3927 nidi
3577 3882 3768 3926 nomen

2155 3959 2510 4032 exprimitur,
2527 3957 2634 4014 nisi
2661 3959 2964 4032 tranquilla
2992 3959 3149 4032 quies
3169 3958 3324 4027 ﬁdei,
3343 3975 3459 4033 qua
3481 3957 3772 4032 unusquis-

2157 4065 2262 4122 que
2291 4047 2548 4104 inﬁrmus
2576 4048 2822 4104 nutritur
2841 4049 2869 4105 ?
2897 4048 3198 4105 Multitudo
3228 4048 3437 4121 quippe
3465 4049 3567 4106 illa
3593 4047 3771 4104 bono-

2155 4156 2304 4209 rum,
2335 4157 2455 4214 quae
2494 4139 2942 4213 persecutionum
2981 4139 3330 4213 temporibus
3367 4139 3546 4196 fuerit
3574 4139 3772 4211 depre-

2157 4229 2348 4300 bensa,
2367 4229 2836 4286 nutrimentorum
2858 4245 3086 4286 suorum
3106 4227 3225 4284 dies
3245 4227 3403 4300 quasi
3437 4229 3498 4285 in
3518 4227 3676 4296 nido,
3695 4225 3770 4282 sic

2156 4319 2216 4376 in
2246 4319 2368 4376 loco
2396 4317 2618 4392 quietis,
2649 4319 2870 4392 explere
2898 4334 2956 4374 se
2994 4317 3250 4376 credidit.
3283 4317 3424 4375 Nam
3449 4317 3562 4375 nisi
3589 4321 3770 4374 sancta

2153 4409 2406 4467 Ecclesia
2435 4409 2687 4466 inﬁrmos
2715 4424 2961 4483 quosque
2990 4407 3136 4464 ﬁlios
3164 4425 3317 4466 nunc
3346 4407 3406 4464 in
3454 4407 3593 4466 nido
3624 4405 3769 4481 pacis

2155 4499 2448 4569 enutriret,
2479 4498 2771 4556 Psalmista
2798 4515 2911 4556 non
2943 4497 3182 4555 diceret:
3214 4497 3428 4554 Etenim
3469 4515 3660 4571 passer
3693 4497 3769 4552 in-

431 4599 741 4663 errare'aul
760 4612 970 4679 peccato
998 4586 1344 4664 revocat—0
1359 4586 1579 4680 qualem
1618 4605 1686 4664 de
1713 4586 1823 4664 ore—
1833 4607 2042 4666 diaboli
2078 4604 2126 4664 D
2155 4589 2298 4646 υθηίτ
2320 4589 2422 4680 δίδί
2449 4590 2682 4655 domum:
2703 4595 2750 4644 εί
2773 4594 2958 4680 illm?"
2983 4588 3194 4680 ηίάαηι»
3223 4586 3321 4680 ul”:
3345 4594 3578 4680 τεροηαέ
3591 4587 3766 4680 Puu‘f‘

431 4696 672 4772 praedam
724 4695 878 4766 tulit,
935 4694 1158 4770 quando
1230 4694 1414 4769 ipsum
1468 4703 1743 4770 raptorem
1812 4697 2038 4756 Saulum

430 4787 804 4848 convertenda
833 4787 1018 4863 rapuit
1045 4786 1266 4862 quando
1300 4787 1483 4845 adhuc
1510 4786 2036 4862 spiransminarum,

427 4877 666 4954 acceptis
721 4876 972 4952 epistolis
993 4919 1012 4948 ,
1059 4877 1318 4952 pergebat
1369 4878 1700 4935 Damascum
1731 4921 1749 4948 ,
1803 4885 1858 4935 et
1903 4877 2037 4936 dum

426 4966 804 5043 persequendo
859 4964 1051 5024 ﬁdeles
1080 4967 1102 5002 ³
1133 4974 1486 5040 congregaret
1523 4966 1763 5040 praedam
1791 4965 2034 5038 diabolo,

426 5056 807 5132 cognoscendo
835 5055 1002 5116 ﬁdem
1031 5055 1149 5131 ipse
1177 5063 1498 5130 aggregatus
1525 5064 1607 5115 est
1634 5055 1856 5116 Christo
1889 5057 2031 5131 (Act.

425 5166 509 5220 Ix,
539 5147 618 5220 2)!
649 5149 836 5208 Toties
861 5164 932 5207 ex
972 5147 1156 5224 iniqui
1197 5147 1460 5206 dentibus
1503 5148 1751 5207 Ecclesia
1791 5147 2032 5223 praedam

2149 4697 2274 4739 suos
2305 4679 2480 4753 (Psal.
2508 4696 2750 4748 Lxxxm,
2779 4678 2862 4753 4).
2895 4679 3013 4736 Iam
3057 4678 3262 4754 quippe
3289 4677 3523 4736 domum
3554 4675 3765 4736 invenit

2147 4769 2254 4828 sibi
2283 4785 2488 4842 passer,
2519 4767 2651 4842 quia
2678 4775 2945 4824 aeternum
2985 4767 3110 4825 cmli
3145 4766 3531 4826 habitaculum
3564 4767 3764 4825 noster

2145 4859 2482 4932 Redemptor
2526 4856 2778 4914 intravit.
2817 4858 2891 4914 Et
2916 4863 3102 4914 turtur
3131 4857 3348 4914 invenit
3375 4856 3601 4927 nidum,
3637 4855 3762 4930 quia

2145 4956 2334 5008 sancta
2360 4947 2608 5006 Ecclesia
2626 4963 2811 5004 amore
2852 4946 3158 5004 conditoris
3175 4947 3390 5016 aﬂ'ecta,
3419 4947 3634 5004 crebris
3661 4959 3759 5017 ge-

2145 5037 2377 5096 mitibus
2403 5037 2603 5105 utitur,
2634 5044 2690 5094 et
2714 5037 2872 5094 velut
2897 5035 3097 5094 nidum
3125 5035 3255 5106 sibi,
3287 5035 3345 5094 id
3365 5043 3450 5094 est
3477 5031 3760 5110 pacatissi-

2144 5145 2292 5186 mam
2322 5127 2451 5186 ﬁdei
2483 5127 2725 5202 quietem
2755 5127 3050 5196 construit,
3067 5126 3126 5184 in
3155 5143 3264 5202 qua
3282 5133 3597 5185 crescentes
3611 5124 3754 5182 ﬁlios

424 5215 585 5308 tulit,
605 5238 822 5316 quoties
846 5254 918 5298 ex
945 5215 1152 5298 erroris
1179 5253 1370 5297 morsu
1395 5236 1641 5296 animam
1681 5215 2032 5313 praedicando
2141 5218 2298 5294 quasi
2341 5218 2746 5292 Phinei"centes
2786 5217 2988 5292 P111103:
3033 5233 3318 5292 quousque
3355 5215 3424 5273 ad
3474 5215 3759 5292 θηρθΐίοη

498 5510 515 5546 ⁸
543 5507 757 5579 Gemet.
788 5521 874 5564 ac.
900 5507 1048 5579 plur.
1077 5507 1370 5578 Norman.,
1399 5515 1451 5565 et
1479 5508 1814 5568 Gomorrlwe.

485 5579 518 5648 Β
543 5577 810 5648 Vindoc.,
834 5577 938 5648 per
958 5579 1217 5648 prmlatos
1244 5577 1388 5636 suos.

493 5645 515 5687 ⁸
545 5651 784 5708 ΙῐειΜδε.

421 5721 519 5781 ubi
539 5729 600 5780 ut
629 5720 690 5779 in
717 5719 824 5782 Ed.
857 5719 978 5777 tum
1015 5725 1128 5777 vet.
1177 5729 1296 5778 tum
1328 5719 1749 5780 recentioribus
1803 5720 2028 5792 legitur,

421 5799 756 5867 congregaret
777 5791 1000 5866 plebem.

490 5865 513 5900 ‘
542 5864 775 5924 Plurimi
805 5865 963 5933 Mss,
993 5863 1314 5922 contrivit...
1352 5862 1631 5935 confregit.

2211 5499 2234 5534 ι
2278 5487 2543 5547 Hebraice
2575 5475 2716 5554 51:1:
2745 5487 2892 5546 sicut
2930 5502 3114 5545 arena.
3163 5487 3426 5545 Attamen
3455 5471 3578 5552 ’γη-τ
3625 5484 3758 5561 qui-

2138 5569 2374 5650 busdam
2412 5568 2657 5626 Hebraeis
2693 5567 3056 5650 pbmnixest.
3086 5568 3160 5624 Et
3201 5566 3332 5641 quia
3367 5567 3534 5650 φοῖνιξ
3563 5567 3749 5650 Grmce

867 5647 1037 5722 ngli'c.
1061 5655 1116 5704 et
1144 5650 1342 5720 nostri,
1380 5657 1580 5724 praeter
1607 5649 1773 5724 C_orb.
1803 5650 2029 5724 _Ge_rm.,
2138 5649 2709 5724 signiﬁcatupalmam,
2749 5648 2882 5724 hinc
2918 5647 3253 5724 interpretes
3298 5647 3594 5724 verterunt
3622 5647 3758 5724 sicut

2131 5717 2340 5803 palma.
2363 5717 2507 5803 Aliis
2534 5721 2806 5802 placetoeo
2825 5719 2934 5777 loci
2950 5717 3288 5803 mentionem
3313 5719 3579 5802 injectam
3600 5717 3751 5792 ptime

2139 5785 2281 5851 ilicis
2309 5792 2429 5850 avis
2457 5785 2860 5861 famosissimas,
2889 5791 2984 5848 sed
3003 5785 3461 5849 'fabulosissiniae.
