  <div class='ocr_page' id='page_1' title='image "/cluster/home/n/w/nwhite01/storage/ocr_20150623/76/umn.31951002477369g/073.png"; bbox 0 0 3946 6362; ppageno 0'>
   <div class='ocr_carea' id='block_1_1' title="bbox 495 319 654 396">
    <p class='ocr_par' dir='ltr' id='par_1_1' title="bbox 495 319 654 396">
     <span class='ocr_line' id='line_1_1' title="bbox 495 319 654 396; baseline 0 -20"><span class='ocrx_word' id='word_1_1' title='bbox 495 319 588 376; x_wconf 80' lang='grc'><strong>131</strong></span> <span class='ocrx_word' id='word_1_2' title='bbox 632 382 654 396; x_wconf 60' lang='grc'><strong>,</strong></span> 
     </span>
    </p>
   </div>
   <div class='ocr_carea' id='block_1_2' title="bbox 1687 319 2576 384">
    <p class='ocr_par' dir='ltr' id='par_1_2' title="bbox 1687 319 2576 384">
     <span class='ocr_line' id='line_1_2' title="bbox 1687 319 2576 384; baseline 0.007 -6"><span class='ocrx_word' id='word_1_3' title='bbox 1687 319 1936 381; x_wconf 82' lang='lat' dir='ltr'><strong>SANCTI</strong></span> <span class='ocrx_word' id='word_1_4' title='bbox 1973 323 2311 383; x_wconf 82' lang='lat' dir='ltr'><strong>GREGORII</strong></span> <span class='ocrx_word' id='word_1_5' title='bbox 2347 325 2576 384; x_wconf 76' lang='lat' dir='ltr'><strong>MAGNI</strong></span> 
     </span>
    </p>
   </div>
   <div class='ocr_carea' id='block_1_3' title="bbox 3685 336 3777 394">
    <p class='ocr_par' dir='ltr' id='par_1_3' title="bbox 3685 336 3777 394">
     <span class='ocr_line' id='line_1_3' title="bbox 3685 336 3777 394; baseline 0.022 -2"><span class='ocrx_word' id='word_1_6' title='bbox 3685 336 3777 394; x_wconf 78' lang='grc'><strong>132</strong></span> 
     </span>
    </p>
   </div>
   <div class='ocr_carea' id='block_1_4' title="bbox 487 443 3777 531">
    <p class='ocr_par' dir='ltr' id='par_1_4' title="bbox 487 443 3777 531">
     <span class='ocr_line' id='line_1_4' title="bbox 487 443 3777 531; baseline 0.004 -32"><span class='ocrx_word' id='word_1_7' title='bbox 487 445 658 518; x_wconf 68' lang='lat' dir='ltr'><strong>ﬁdunt</strong></span> <span class='ocrx_word' id='word_1_8' title='bbox 682 444 740 498; x_wconf 85' lang='lat' dir='ltr'><strong>in</strong></span> <span class='ocrx_word' id='word_1_9' title='bbox 761 443 1013 507; x_wconf 84' lang='lat' dir='ltr'><strong>Domino,</strong></span> <span class='ocrx_word' id='word_1_10' title='bbox 1032 443 1310 499; x_wconf 82' lang='lat' dir='ltr'><strong>mutabunt</strong></span> <span class='ocrx_word' id='word_1_11' title='bbox 1335 445 1706 514; x_wconf 73' lang='lat' dir='ltr'><strong>fortitudinem</strong></span> <span class='ocrx_word' id='word_1_12' title='bbox 1731 463 1908 514; x_wconf 86' lang='lat' dir='ltr'><strong>suam,</strong></span> <span class='ocrx_word' id='word_1_13' title='bbox 1938 463 2087 502; x_wconf 65' lang='grc' dir='ltr'><strong>ωηο</strong></span> <span class='ocrx_word' id='word_1_14' title='bbox 2113 456 2164 515; x_wconf 79' lang='grc' dir='ltr'><strong>Α</strong></span> <span class='ocrx_word' id='word_1_15' title='bbox 2200 449 2353 520; x_wconf 87' lang='lat' dir='ltr'><strong>(Luc.</strong></span> <span class='ocrx_word' id='word_1_16' title='bbox 2384 465 2550 518; x_wconf 81' lang='lat' dir='ltr'><strong>mu,</strong></span> <span class='ocrx_word' id='word_1_17' title='bbox 2573 449 2664 520; x_wconf 85' lang='grc'><strong>31)</strong></span> <span class='ocrx_word' id='word_1_18' title='bbox 2683 451 2712 508; x_wconf 76' lang='grc' dir='ltr'><strong><em>τ</em></strong></span> <span class='ocrx_word' id='word_1_19' title='bbox 2739 451 2975 523; x_wconf 85' lang='lat' dir='ltr'><strong>Lignum</strong></span> <span class='ocrx_word' id='word_1_20' title='bbox 3002 465 3132 524; x_wconf 82' lang='lat' dir='ltr'><strong>ergo</strong></span> <span class='ocrx_word' id='word_1_21' title='bbox 3158 466 3317 509; x_wconf 86' lang='lat' dir='ltr'><strong>secus</strong></span> <span class='ocrx_word' id='word_1_22' title='bbox 3341 452 3602 512; x_wconf 84' lang='lat' dir='ltr'><strong>decursus</strong></span> <span class='ocrx_word' id='word_1_23' title='bbox 3621 472 3777 531; x_wconf 78' lang='lat' dir='ltr'><strong>aqua-</strong></span> 
     </span>
    </p>
   </div>
   <div class='ocr_carea' id='block_1_5' title="bbox 485 531 2087 604">
    <p class='ocr_par' dir='ltr' id='par_1_5' title="bbox 485 531 2087 604">
     <span class='ocr_line' id='line_1_5' title="bbox 485 531 2087 604; baseline 0.002 -15"><span class='ocrx_word' id='word_1_24' title='bbox 485 539 624 589; x_wconf 83' lang='lat' dir='ltr'><strong>ment</strong></span> <span class='ocrx_word' id='word_1_25' title='bbox 642 547 846 604; x_wconf 83' lang='lat' dir='ltr'><strong>pennas</strong></span> <span class='ocrx_word' id='word_1_26' title='bbox 863 535 924 586; x_wconf 85' lang='lat' dir='ltr'><strong>ut</strong></span> <span class='ocrx_word' id='word_1_27' title='bbox 946 531 1164 602; x_wconf 73' lang='lat' dir='ltr'><strong>aquila,</strong></span> <span class='ocrx_word' id='word_1_28' title='bbox 1189 540 1407 590; x_wconf 86' lang='lat' dir='ltr'><strong>current</strong></span> <span class='ocrx_word' id='word_1_29' title='bbox 1423 541 1472 590; x_wconf 90' lang='lat' dir='ltr'><strong>et</strong></span> <span class='ocrx_word' id='word_1_30' title='bbox 1496 552 1603 590; x_wconf 86' lang='lat' dir='ltr'><strong>non</strong></span> <span class='ocrx_word' id='word_1_31' title='bbox 1623 535 1960 602; x_wconf 84' lang='lat' dir='ltr'><strong>laborabunt,</strong></span> <span class='ocrx_word' id='word_1_32' title='bbox 1976 553 2087 592; x_wconf 88' lang='lat' dir='ltr'><strong>am-</strong></span> 
     </span>
    </p>
   </div>
   <div class='ocr_carea' id='block_1_6' title="bbox 487 623 2088 700">
    <p class='ocr_par' dir='ltr' id='par_1_6' title="bbox 487 623 2088 700">
     <span class='ocr_line' id='line_1_6' title="bbox 487 623 2088 700; baseline 0.001 -20"><span class='ocrx_word' id='word_1_33' title='bbox 487 624 742 680; x_wconf 88' lang='lat' dir='ltr'><strong>bulabunt</strong></span> <span class='ocrx_word' id='word_1_34' title='bbox 765 629 815 678; x_wconf 87' lang='lat' dir='ltr'><strong>et</strong></span> <span class='ocrx_word' id='word_1_35' title='bbox 842 639 947 678; x_wconf 89' lang='lat' dir='ltr'><strong>non</strong></span> <span class='ocrx_word' id='word_1_36' title='bbox 957 623 1195 696; x_wconf 78' lang='lat' dir='ltr'><strong>deﬁcient</strong></span> <span class='ocrx_word' id='word_1_37' title='bbox 1211 624 1370 696; x_wconf 85' lang='lat' dir='ltr'><strong>(Isai.</strong></span> <span class='ocrx_word' id='word_1_38' title='bbox 1403 642 1497 695; x_wconf 76' lang='lat' dir='ltr'><strong>XL,</strong></span> <span class='ocrx_word' id='word_1_39' title='bbox 1519 627 1634 700; x_wconf 84' lang='grc'><strong>31).</strong></span> <span class='ocrx_word' id='word_1_40' title='bbox 1658 627 1873 684; x_wconf 83' lang='lat' dir='ltr'><strong>Mutant</strong></span> <span class='ocrx_word' id='word_1_41' title='bbox 1887 627 2088 700; x_wconf 89' lang='lat' dir='ltr'><strong>quippe</strong></span> 
     </span>
    </p>
   </div>
   <div class='ocr_carea' id='block_1_7' title="bbox 483 711 2087 788">
    <p class='ocr_par' dir='ltr' id='par_1_7' title="bbox 483 711 2087 788">
     <span class='ocr_line' id='line_1_7' title="bbox 483 711 2087 788; baseline 0.003 -20"><span class='ocrx_word' id='word_1_42' title='bbox 483 711 892 781; x_wconf 78' lang='lat' dir='ltr'><strong>fortitudinem,</strong></span> <span class='ocrx_word' id='word_1_43' title='bbox 941 711 1072 786; x_wconf 83' lang='lat' dir='ltr'><strong>quia</strong></span> <span class='ocrx_word' id='word_1_44' title='bbox 1116 712 1286 770; x_wconf 82' lang='lat' dir='ltr'><strong>fortes</strong></span> <span class='ocrx_word' id='word_1_45' title='bbox 1332 714 1557 771; x_wconf 75' lang='lat' dir='ltr'><strong>student</strong></span> <span class='ocrx_word' id='word_1_46' title='bbox 1601 731 1716 772; x_wconf 88' lang='lat' dir='ltr'><strong>esse</strong></span> <span class='ocrx_word' id='word_1_47' title='bbox 1763 716 1821 772; x_wconf 91' lang='lat' dir='ltr'><strong>in</strong></span> <span class='ocrx_word' id='word_1_48' title='bbox 1849 717 2087 788; x_wconf 80' lang='lat' dir='ltr'><strong>spiritali</strong></span> 
     </span>
    </p>
   </div>
   <div class='ocr_carea' id='block_1_8' title="bbox 483 800 2090 874">
    <p class='ocr_par' dir='ltr' id='par_1_8' title="bbox 483 800 2090 874">
     <span class='ocr_line' id='line_1_8' title="bbox 483 800 2090 874; baseline 0.002 -16"><span class='ocrx_word' id='word_1_49' title='bbox 483 817 668 874; x_wconf 88' lang='lat' dir='ltr'><strong>opere,</strong></span> <span class='ocrx_word' id='word_1_50' title='bbox 686 800 782 874; x_wconf 89' lang='lat' dir='ltr'><strong>qui</strong></span> <span class='ocrx_word' id='word_1_51' title='bbox 803 800 1013 857; x_wconf 89' lang='lat' dir='ltr'><strong>dudum</strong></span> <span class='ocrx_word' id='word_1_52' title='bbox 1042 801 1262 858; x_wconf 80' lang='lat' dir='ltr'><strong>fuerant</strong></span> <span class='ocrx_word' id='word_1_53' title='bbox 1290 803 1461 860; x_wconf 81' lang='lat' dir='ltr'><strong>fortes</strong></span> <span class='ocrx_word' id='word_1_54' title='bbox 1488 803 1548 860; x_wconf 91' lang='lat' dir='ltr'><strong>in</strong></span> <span class='ocrx_word' id='word_1_55' title='bbox 1574 820 1758 861; x_wconf 89' lang='lat' dir='ltr'><strong>carne.</strong></span> <span class='ocrx_word' id='word_1_56' title='bbox 1783 805 2090 862; x_wconf 84' lang='lat' dir='ltr'><strong>Assumunt</strong></span> 
     </span>
    </p>
   </div>
   <div class='ocr_carea' id='block_1_9' title="bbox 483 891 2086 966">
    <p class='ocr_par' dir='ltr' id='par_1_9' title="bbox 483 891 2086 966">
     <span class='ocr_line' id='line_1_9' title="bbox 483 891 2086 966; baseline 0.003 -20"><span class='ocrx_word' id='word_1_57' title='bbox 483 897 668 946; x_wconf 89' lang='lat' dir='ltr'><strong>autem</strong></span> <span class='ocrx_word' id='word_1_58' title='bbox 698 905 905 962; x_wconf 86' lang='lat' dir='ltr'><strong>pennas</strong></span> <span class='ocrx_word' id='word_1_59' title='bbox 931 897 994 947; x_wconf 90' lang='lat' dir='ltr'><strong>nt</strong></span> <span class='ocrx_word' id='word_1_60' title='bbox 1019 891 1244 964; x_wconf 82' lang='lat' dir='ltr'><strong>aquila,</strong></span> <span class='ocrx_word' id='word_1_61' title='bbox 1272 892 1405 964; x_wconf 85' lang='lat' dir='ltr'><strong>quia</strong></span> <span class='ocrx_word' id='word_1_62' title='bbox 1427 893 1853 966; x_wconf 82' lang='lat' dir='ltr'><strong>contemplanda</strong></span> <span class='ocrx_word' id='word_1_63' title='bbox 1875 895 2086 952; x_wconf 87' lang='lat' dir='ltr'><strong>volant.</strong></span> 
     </span>
    </p>
   </div>
   <div class='ocr_carea' id='block_1_10' title="bbox 485 978 2088 1057">
    <p class='ocr_par' dir='ltr' id='par_1_10' title="bbox 485 978 2088 1057">
     <span class='ocr_line' id='line_1_10' title="bbox 485 978 2088 1057; baseline 0.002 -19"><span class='ocrx_word' id='word_1_64' title='bbox 485 978 730 1038; x_wconf 78' lang='lat' dir='ltr'><strong>Currant</strong></span> <span class='ocrx_word' id='word_1_65' title='bbox 747 987 802 1036; x_wconf 92' lang='lat' dir='ltr'><strong>et</strong></span> <span class='ocrx_word' id='word_1_66' title='bbox 823 996 935 1037; x_wconf 91' lang='lat' dir='ltr'><strong>non</strong></span> <span class='ocrx_word' id='word_1_67' title='bbox 955 980 1230 1050; x_wconf 83' lang='lat' dir='ltr'><strong>laborant,</strong></span> <span class='ocrx_word' id='word_1_68' title='bbox 1260 982 1391 1055; x_wconf 82' lang='lat' dir='ltr'><strong>quia</strong></span> <span class='ocrx_word' id='word_1_69' title='bbox 1419 982 1703 1040; x_wconf 90' lang='lat' dir='ltr'><strong>velocibus</strong></span> <span class='ocrx_word' id='word_1_70' title='bbox 1729 1000 1926 1057; x_wconf 89' lang='lat' dir='ltr'><strong>magna</strong></span> <span class='ocrx_word' id='word_1_71' title='bbox 1951 984 2088 1042; x_wconf 83' lang='lat' dir='ltr'><strong>cele-</strong></span> 
     </span>
    </p>
   </div>
   <div class='ocr_carea' id='block_1_11' title="bbox 483 1068 2088 1148">
    <p class='ocr_par' dir='ltr' id='par_1_11' title="bbox 483 1068 2088 1148">
     <span class='ocr_line' id='line_1_11' title="bbox 483 1068 2088 1148; baseline 0.004 -23"><span class='ocrx_word' id='word_1_72' title='bbox 483 1068 647 1126; x_wconf 80' lang='lat' dir='ltr'><strong>ritate</strong></span> <span class='ocrx_word' id='word_1_73' title='bbox 674 1069 994 1142; x_wconf 89' lang='lat' dir='ltr'><strong>pradicant.</strong></span> <span class='ocrx_word' id='word_1_74' title='bbox 1014 1070 1323 1127; x_wconf 80' lang='lat' dir='ltr'><strong>Ambulant</strong></span> <span class='ocrx_word' id='word_1_75' title='bbox 1350 1079 1405 1128; x_wconf 90' lang='lat' dir='ltr'><strong>et</strong></span> <span class='ocrx_word' id='word_1_76' title='bbox 1424 1089 1536 1129; x_wconf 89' lang='lat' dir='ltr'><strong>non</strong></span> <span class='ocrx_word' id='word_1_77' title='bbox 1552 1073 1842 1142; x_wconf 91' lang='lat' dir='ltr'><strong>deﬁciunt,</strong></span> <span class='ocrx_word' id='word_1_78' title='bbox 1863 1073 1993 1148; x_wconf 88' lang='lat' dir='ltr'><strong>quia</strong></span> <span class='ocrx_word' id='word_1_79' title='bbox 2005 1073 2088 1130; x_wconf 92' lang='lat' dir='ltr'><strong>in-</strong></span> 
     </span>
    </p>
   </div>
   <div class='ocr_carea' id='block_1_12' title="bbox 483 1159 2087 1232">
    <p class='ocr_par' dir='ltr' id='par_1_12' title="bbox 483 1159 2087 1232">
     <span class='ocr_line' id='line_1_12' title="bbox 483 1159 2087 1232; baseline 0.004 -18"><span class='ocrx_word' id='word_1_80' title='bbox 483 1159 736 1216; x_wconf 87' lang='lat' dir='ltr'><strong>tellectus</strong></span> <span class='ocrx_word' id='word_1_81' title='bbox 762 1159 849 1216; x_wconf 92' lang='lat' dir='ltr'><strong>sui</strong></span> <span class='ocrx_word' id='word_1_82' title='bbox 879 1161 1227 1216; x_wconf 83' lang='lat' dir='ltr'><strong>velocitatem</strong></span> <span class='ocrx_word' id='word_1_83' title='bbox 1258 1162 1520 1232; x_wconf 90' lang='lat' dir='ltr'><strong>retinent,</strong></span> <span class='ocrx_word' id='word_1_84' title='bbox 1537 1171 1599 1219; x_wconf 91' lang='lat' dir='ltr'><strong>ut</strong></span> <span class='ocrx_word' id='word_1_85' title='bbox 1612 1163 2087 1222; x_wconf 86' lang='lat' dir='ltr'><strong>tardioribuscon-</strong></span> 
     </span>
    </p>
   </div>
   <div class='ocr_carea' id='block_1_13' title="bbox 482 1246 2086 1326">
    <p class='ocr_par' dir='ltr' id='par_1_13' title="bbox 482 1246 2086 1326">
     <span class='ocr_line' id='line_1_13' title="bbox 482 1246 2086 1326; baseline 0.004 -22"><span class='ocrx_word' id='word_1_86' title='bbox 482 1246 834 1306; x_wconf 77' lang='lat' dir='ltr'><strong>descendant.</strong></span> <span class='ocrx_word' id='word_1_87' title='bbox 888 1250 951 1306; x_wconf 91' lang='lat' dir='ltr'><strong>In</strong></span> <span class='ocrx_word' id='word_1_88' title='bbox 993 1249 1210 1307; x_wconf 88' lang='lat' dir='ltr'><strong>cunctis</strong></span> <span class='ocrx_word' id='word_1_89' title='bbox 1263 1267 1395 1308; x_wconf 89' lang='lat' dir='ltr'><strong>vero</strong></span> <span class='ocrx_word' id='word_1_90' title='bbox 1449 1251 1596 1308; x_wconf 88' lang='lat' dir='ltr'><strong>bona</strong></span> <span class='ocrx_word' id='word_1_91' title='bbox 1637 1269 1758 1326; x_wconf 89' lang='lat' dir='ltr'><strong>qua</strong></span> <span class='ocrx_word' id='word_1_92' title='bbox 1803 1253 2086 1326; x_wconf 87' lang='lat' dir='ltr'><strong>accipiunt</strong></span> 
     </span>
    </p>
   </div>
   <div class='ocr_carea' id='block_1_14' title="bbox 481 1339 2088 1416">
    <p class='ocr_par' dir='ltr' id='par_1_14' title="bbox 481 1339 2088 1416">
     <span class='ocr_line' id='line_1_14' title="bbox 481 1339 2088 1416; baseline 0.003 -23"><span class='ocrx_word' id='word_1_93' title='bbox 481 1345 689 1410; x_wconf 89' lang='lat' dir='ltr'><strong>quanto</strong></span> <span class='ocrx_word' id='word_1_94' title='bbox 707 1339 834 1395; x_wconf 89' lang='lat' dir='ltr'><strong>aliis</strong></span> <span class='ocrx_word' id='word_1_95' title='bbox 853 1339 1000 1396; x_wconf 88' lang='lat' dir='ltr'><strong>liben</strong></span> <span class='ocrx_word' id='word_1_96' title='bbox 1013 1347 1094 1396; x_wconf 91' lang='lat' dir='ltr'><strong>ter</strong></span> <span class='ocrx_word' id='word_1_97' title='bbox 1111 1340 1553 1411; x_wconf 86' lang='lat' dir='ltr'><strong>accommodant,</strong></span> <span class='ocrx_word' id='word_1_98' title='bbox 1570 1349 1727 1399; x_wconf 89' lang='lat' dir='ltr'><strong>tanto</strong></span> <span class='ocrx_word' id='word_1_99' title='bbox 1744 1343 1847 1416; x_wconf 89' lang='lat' dir='ltr'><strong>ipsi</strong></span> <span class='ocrx_word' id='word_1_100' title='bbox 1865 1343 2088 1400; x_wconf 89' lang='lat' dir='ltr'><strong>incom-</strong></span> 
     </span>
    </p>
   </div>
   <div class='ocr_carea' id='block_1_15' title="bbox 481 1425 2084 1505">
    <p class='ocr_par' dir='ltr' id='par_1_15' title="bbox 481 1425 2084 1505">
     <span class='ocr_line' id='line_1_15' title="bbox 481 1425 2084 1505; baseline 0.006 -24"><span class='ocrx_word' id='word_1_101' title='bbox 481 1425 774 1484; x_wconf 89' lang='lat' dir='ltr'><strong>mutabiles</strong></span> <span class='ocrx_word' id='word_1_102' title='bbox 803 1427 860 1484; x_wconf 91' lang='lat' dir='ltr'><strong>in</strong></span> <span class='ocrx_word' id='word_1_103' title='bbox 892 1429 1140 1485; x_wconf 88' lang='lat' dir='ltr'><strong>novitate</strong></span> <span class='ocrx_word' id='word_1_104' title='bbox 1171 1429 1503 1502; x_wconf 87' lang='lat' dir='ltr'><strong>perdurant;</strong></span> <span class='ocrx_word' id='word_1_105' title='bbox 1537 1437 1592 1488; x_wconf 88' lang='lat' dir='ltr'><strong>et</strong></span> <span class='ocrx_word' id='word_1_106' title='bbox 1621 1432 1716 1505; x_wconf 90' lang='lat' dir='ltr'><strong>qui</strong></span> <span class='ocrx_word' id='word_1_107' title='bbox 1747 1439 2084 1490; x_wconf 62' lang='lat' dir='ltr'><strong>tenuesara.</strong></span> 
     </span>
    </p>
   </div>
   <div class='ocr_carea' id='block_1_16' title="bbox 478 1513 2086 1594">
    <p class='ocr_par' dir='ltr' id='par_1_16' title="bbox 478 1513 2086 1594">
     <span class='ocr_line' id='line_1_16' title="bbox 478 1513 2086 1594; baseline 0.006 -24"><span class='ocrx_word' id='word_1_108' title='bbox 478 1513 599 1570; x_wconf 89' lang='lat' dir='ltr'><strong>dice</strong></span> <span class='ocrx_word' id='word_1_109' title='bbox 640 1514 1021 1573; x_wconf 88' lang='lat' dir='ltr'><strong>inchoationis</strong></span> <span class='ocrx_word' id='word_1_110' title='bbox 1061 1525 1290 1587; x_wconf 90' lang='lat' dir='ltr'><strong>exeunt,</strong></span> <span class='ocrx_word' id='word_1_111' title='bbox 1321 1519 1490 1577; x_wconf 85' lang='lat' dir='ltr'><strong>fortes</strong></span> <span class='ocrx_word' id='word_1_112' title='bbox 1518 1521 1577 1576; x_wconf 92' lang='lat' dir='ltr'><strong>in</strong></span> <span class='ocrx_word' id='word_1_113' title='bbox 1604 1521 1869 1578; x_wconf 88' lang='lat' dir='ltr'><strong>culminis</strong></span> <span class='ocrx_word' id='word_1_114' title='bbox 1896 1522 2086 1594; x_wconf 85' lang='lat' dir='ltr'><strong>perfe-</strong></span> 
     </span>
    </p>
   </div>
   <div class='ocr_carea' id='block_1_17' title="bbox 477 1601 2084 1684">
    <p class='ocr_par' dir='ltr' id='par_1_17' title="bbox 477 1601 2084 1684">
     <span class='ocr_line' id='line_1_17' title="bbox 477 1601 2084 1684; baseline 0.004 -24"><span class='ocrx_word' id='word_1_115' title='bbox 477 1601 660 1660; x_wconf 87' lang='lat' dir='ltr'><strong>ctione</strong></span> <span class='ocrx_word' id='word_1_116' title='bbox 691 1605 1108 1662; x_wconf 87' lang='lat' dir='ltr'><strong>convalescunt.</strong></span> <span class='ocrx_word' id='word_1_117' title='bbox 1139 1607 1300 1664; x_wconf 85' lang='lat' dir='ltr'><strong>Dicat</strong></span> <span class='ocrx_word' id='word_1_118' title='bbox 1320 1608 1506 1681; x_wconf 87' lang='lat' dir='ltr'><strong>itaque</strong></span> <span class='ocrx_word' id='word_1_119' title='bbox 1526 1609 1719 1666; x_wconf 88' lang='lat' dir='ltr'><strong>beatus</strong></span> <span class='ocrx_word' id='word_1_120' title='bbox 1744 1610 1849 1667; x_wconf 84' lang='lat' dir='ltr'><strong>Job</strong></span> <span class='ocrx_word' id='word_1_121' title='bbox 1875 1628 1946 1666; x_wconf 87' lang='lat' dir='ltr'><strong>ex</strong></span> <span class='ocrx_word' id='word_1_122' title='bbox 1965 1628 2084 1684; x_wconf 81' lang='lat' dir='ltr'><strong>per-</strong></span> 
     </span>
    </p>
   </div>
   <div class='ocr_carea' id='block_1_18' title="bbox 478 1691 2084 1772">
    <p class='ocr_par' dir='ltr' id='par_1_18' title="bbox 478 1691 2084 1772">
     <span class='ocr_line' id='line_1_18' title="bbox 478 1691 2084 1772; baseline 0.007 -27"><span class='ocrx_word' id='word_1_123' title='bbox 478 1707 615 1746; x_wconf 89' lang='lat' dir='ltr'><strong>sona</strong></span> <span class='ocrx_word' id='word_1_124' title='bbox 638 1707 780 1759; x_wconf 80' lang='lat' dir='ltr'><strong>.sua,</strong></span> <span class='ocrx_word' id='word_1_125' title='bbox 817 1691 966 1748; x_wconf 87' lang='lat' dir='ltr'><strong>dicat</strong></span> <span class='ocrx_word' id='word_1_126' title='bbox 1013 1710 1084 1748; x_wconf 87' lang='lat' dir='ltr'><strong>ex</strong></span> <span class='ocrx_word' id='word_1_127' title='bbox 1120 1711 1257 1752; x_wconf 89' lang='lat' dir='ltr'><strong>voce</strong></span> <span class='ocrx_word' id='word_1_128' title='bbox 1303 1703 1506 1752; x_wconf 88' lang='lat' dir='ltr'><strong>sancta</strong></span> <span class='ocrx_word' id='word_1_129' title='bbox 1535 1698 1794 1755; x_wconf 86' lang='lat' dir='ltr'><strong>Ecclesia</strong></span> <span class='ocrx_word' id='word_1_130' title='bbox 1819 1701 1836 1735; x_wconf 86' lang='grc'>¹</span> <span class='ocrx_word' id='word_1_131' title='bbox 1867 1717 1968 1772; x_wconf 88' lang='lat' dir='ltr'><strong>pro</strong></span> <span class='ocrx_word' id='word_1_132' title='bbox 1996 1700 2084 1757; x_wconf 90' lang='lat' dir='ltr'><strong>his</strong></span> 
     </span>
    </p>
   </div>
   <div class='ocr_carea' id='block_1_19' title="bbox 478 1780 2156 1876">
    <p class='ocr_par' dir='ltr' id='par_1_19' title="bbox 478 1780 2156 1876">
     <span class='ocr_line' id='line_1_19' title="bbox 478 1780 2156 1876; baseline 0.007 -41"><span class='ocrx_word' id='word_1_133' title='bbox 478 1795 617 1852; x_wconf 86' lang='lat' dir='ltr'><strong>quos</strong></span> <span class='ocrx_word' id='word_1_134' title='bbox 644 1780 794 1852; x_wconf 85' lang='lat' dir='ltr'><strong>pacis</strong></span> <span class='ocrx_word' id='word_1_135' title='bbox 819 1789 1068 1854; x_wconf 88' lang='lat' dir='ltr'><strong>tempore</strong></span> <span class='ocrx_word' id='word_1_136' title='bbox 1097 1783 1167 1840; x_wconf 89' lang='lat' dir='ltr'><strong>ad</strong></span> <span class='ocrx_word' id='word_1_137' title='bbox 1194 1799 1251 1840; x_wconf 90' lang='lat' dir='ltr'><strong>se</strong></span> <span class='ocrx_word' id='word_1_138' title='bbox 1280 1801 1577 1843; x_wconf 90' lang='lat' dir='ltr'><strong>conversos</strong></span> <span class='ocrx_word' id='word_1_139' title='bbox 1605 1785 1891 1858; x_wconf 89' lang='lat' dir='ltr'><strong>habuerat,</strong></span> <span class='ocrx_word' id='word_1_140' title='bbox 1920 1797 2082 1864; x_wconf 90' lang='lat' dir='ltr'><strong>atque</strong></span> <span class='ocrx_word' id='word_1_141' title='bbox 2109 1815 2156 1876; x_wconf 82' lang='grc' dir='ltr'><strong>Β</strong></span> 
     </span>
    </p>
   </div>
   <div class='ocr_carea' id='block_1_20' title="bbox 477 1868 2082 1945">
    <p class='ocr_par' dir='ltr' id='par_1_20' title="bbox 477 1868 2082 1945">
     <span class='ocr_line' id='line_1_20' title="bbox 477 1868 2082 1945; baseline 0.007 -21"><span class='ocrx_word' id='word_1_142' title='bbox 477 1868 537 1924; x_wconf 91' lang='lat' dir='ltr'><strong>in</strong></span> <span class='ocrx_word' id='word_1_143' title='bbox 565 1868 727 1927; x_wconf 90' lang='lat' dir='ltr'><strong>bonis</strong></span> <span class='ocrx_word' id='word_1_144' title='bbox 749 1869 1000 1927; x_wconf 89' lang='lat' dir='ltr'><strong>moribus</strong></span> <span class='ocrx_word' id='word_1_145' title='bbox 1029 1880 1472 1945; x_wconf 88' lang='lat' dir='ltr'><strong>perseveraturos</strong></span> <span class='ocrx_word' id='word_1_146' title='bbox 1491 1875 1782 1934; x_wconf 86' lang='lat' dir='ltr'><strong>credebat:</strong></span> <span class='ocrx_word' id='word_1_147' title='bbox 1813 1879 2082 1936; x_wconf 77' lang='lat' dir='ltr'><strong>Dicebant-</strong></span> 
     </span>
    </p>
   </div>
   <div class='ocr_carea' id='block_1_21' title="bbox 475 1959 2081 2042">
    <p class='ocr_par' dir='ltr' id='par_1_21' title="bbox 475 1959 2081 2042">
     <span class='ocr_line' id='line_1_21' title="bbox 475 1959 2081 2042; baseline 0.008 -29"><span class='ocrx_word' id='word_1_148' title='bbox 475 1975 610 2030; x_wconf 83' lang='lat' dir='ltr'><strong>que:</strong></span> <span class='ocrx_word' id='word_1_149' title='bbox 643 1960 710 2016; x_wconf 89' lang='lat' dir='ltr'><strong>In</strong></span> <span class='ocrx_word' id='word_1_150' title='bbox 737 1959 924 2016; x_wconf 79' lang='lat' dir='ltr'><strong>nidulo</strong></span> <span class='ocrx_word' id='word_1_151' title='bbox 952 1979 1064 2018; x_wconf 88' lang='lat' dir='ltr'><strong>meo</strong></span> <span class='ocrx_word' id='word_1_152' title='bbox 1099 1963 1331 2030; x_wconf 86' lang='lat' dir='ltr'><strong>moriar,</strong></span> <span class='ocrx_word' id='word_1_153' title='bbox 1359 1971 1409 2020; x_wconf 91' lang='lat' dir='ltr'><strong>et</strong></span> <span class='ocrx_word' id='word_1_154' title='bbox 1433 1965 1568 2022; x_wconf 96' lang='lat' dir='ltr'><strong>sicut</strong></span> <span class='ocrx_word' id='word_1_155' title='bbox 1595 1968 1782 2038; x_wconf 89' lang='lat' dir='ltr'><strong>palma</strong></span> <span class='ocrx_word' id='word_1_156' title='bbox 1806 1970 2081 2042; x_wconf 84' lang='lat' dir='ltr'><strong>multipli-</strong></span> 
     </span>
    </p>
   </div>
   <div class='ocr_carea' id='block_1_22' title="bbox 475 2047 2081 2128">
    <p class='ocr_par' dir='ltr' id='par_1_22' title="bbox 475 2047 2081 2128">
     <span class='ocr_line' id='line_1_22' title="bbox 475 2047 2081 2128; baseline 0.008 -26"><span class='ocrx_word' id='word_1_157' title='bbox 475 2048 602 2103; x_wconf 86' lang='lat' dir='ltr'><strong>cabo</strong></span> <span class='ocrx_word' id='word_1_158' title='bbox 629 2047 758 2105; x_wconf 75' lang='lat' dir='ltr'><strong>dies.</strong></span> <span class='ocrx_word' id='word_1_159' title='bbox 783 2050 806 2084; x_wconf 84' lang='grc'>²</span> <span class='ocrx_word' id='word_1_160' title='bbox 835 2049 1004 2118; x_wconf 83' lang='lat' dir='ltr'><strong>Quasi</strong></span> <span class='ocrx_word' id='word_1_161' title='bbox 1047 2051 1195 2109; x_wconf 91' lang='lat' dir='ltr'><strong>enim</strong></span> <span class='ocrx_word' id='word_1_162' title='bbox 1235 2055 1418 2126; x_wconf 90' lang='lat' dir='ltr'><strong>palma</strong></span> <span class='ocrx_word' id='word_1_163' title='bbox 1454 2055 1824 2128; x_wconf 90' lang='lat' dir='ltr'><strong>multiplicare</strong></span> <span class='ocrx_word' id='word_1_164' title='bbox 1865 2074 1922 2115; x_wconf 92' lang='lat' dir='ltr'><strong>se</strong></span> <span class='ocrx_word' id='word_1_165' title='bbox 1963 2059 2081 2116; x_wconf 89' lang='lat' dir='ltr'><strong>dies</strong></span> 
     </span>
    </p>
   </div>
   <div class='ocr_carea' id='block_1_23' title="bbox 475 2134 2079 2219">
    <p class='ocr_par' dir='ltr' id='par_1_23' title="bbox 475 2134 2079 2219">
     <span class='ocr_line' id='line_1_23' title="bbox 475 2134 2079 2219; baseline 0.008 -30"><span class='ocrx_word' id='word_1_166' title='bbox 475 2134 732 2205; x_wconf 88' lang='lat' dir='ltr'><strong>credidit,</strong></span> <span class='ocrx_word' id='word_1_167' title='bbox 773 2152 896 2210; x_wconf 82' lang='lat' dir='ltr'><strong>qua</strong></span> <span class='ocrx_word' id='word_1_168' title='bbox 938 2145 1150 2196; x_wconf 85' lang='lat' dir='ltr'><strong>mentes</strong></span> <span class='ocrx_word' id='word_1_169' title='bbox 1182 2139 1431 2198; x_wconf 91' lang='lat' dir='ltr'><strong>ﬁdelium</strong></span> <span class='ocrx_word' id='word_1_170' title='bbox 1471 2142 1540 2198; x_wconf 91' lang='lat' dir='ltr'><strong>ad</strong></span> <span class='ocrx_word' id='word_1_171' title='bbox 1569 2151 1878 2201; x_wconf 89' lang='lat' dir='ltr'><strong>extremum</strong></span> <span class='ocrx_word' id='word_1_172' title='bbox 1908 2163 2079 2219; x_wconf 90' lang='lat' dir='ltr'><strong>usque</strong></span> 
     </span>
    </p>
   </div>
   <div class='ocr_carea' id='block_1_24' title="bbox 475 2224 2076 2302">
    <p class='ocr_par' dir='ltr' id='par_1_24' title="bbox 475 2224 2076 2302">
     <span class='ocr_line' id='line_1_24' title="bbox 475 2224 2076 2302; baseline 0.006 -21"><span class='ocrx_word' id='word_1_173' title='bbox 475 2224 810 2284; x_wconf 84' lang='lat' dir='ltr'><strong>robustiores</strong></span> <span class='ocrx_word' id='word_1_174' title='bbox 831 2243 1122 2302; x_wconf 78' lang='lat' dir='ltr'><strong>exsurgere</strong></span> <span class='ocrx_word' id='word_1_175' title='bbox 1151 2230 1398 2302; x_wconf 87' lang='lat' dir='ltr'><strong>putabat.</strong></span> <span class='ocrx_word' id='word_1_176' title='bbox 1431 2231 1568 2290; x_wconf 90' lang='lat' dir='ltr'><strong>Cum</strong></span> <span class='ocrx_word' id='word_1_177' title='bbox 1597 2233 1747 2289; x_wconf 91' lang='lat' dir='ltr'><strong>enim</strong></span> <span class='ocrx_word' id='word_1_178' title='bbox 1777 2235 2076 2291; x_wconf 89' lang='lat' dir='ltr'><strong>multorum</strong></span> 
     </span>
    </p>
   </div>
   <div class='ocr_carea' id='block_1_25' title="bbox 473 2307 2075 2393">
    <p class='ocr_par' dir='ltr' id='par_1_25' title="bbox 473 2307 2075 2393">
     <span class='ocr_line' id='line_1_25' title="bbox 473 2307 2075 2393; baseline 0.007 -24"><span class='ocrx_word' id='word_1_179' title='bbox 473 2313 640 2370; x_wconf 89' lang='lat' dir='ltr'><strong>corda</strong></span> <span class='ocrx_word' id='word_1_180' title='bbox 659 2317 680 2351; x_wconf 83' lang='grc'>³</span> <span class='ocrx_word' id='word_1_181' title='bbox 712 2317 1192 2388; x_wconf 89' lang='lat' dir='ltr'><strong>persecutionibus</strong></span> <span class='ocrx_word' id='word_1_182' title='bbox 1221 2319 1488 2392; x_wconf 70' lang='lat' dir='ltr'><strong>coeperint</strong></span> <span class='ocrx_word' id='word_1_183' title='bbox 1508 2307 1723 2376; x_wconf 45' lang='lat' dir='ltr'><strong>lassata.</strong></span> <span class='ocrx_word' id='word_1_184' title='bbox 1736 2322 2075 2393; x_wconf 90' lang='lat' dir='ltr'><strong>mollescere,</strong></span> 
     </span>
    </p>
   </div>
   <div class='ocr_carea' id='block_1_26' title="bbox 472 2399 2077 2484">
    <p class='ocr_par' dir='ltr' id='par_1_26' title="bbox 472 2399 2077 2484">
     <span class='ocr_line' id='line_1_26' title="bbox 472 2399 2077 2484; baseline 0.007 -27"><span class='ocrx_word' id='word_1_185' title='bbox 472 2399 622 2459; x_wconf 90' lang='lat' dir='ltr'><strong>dolet</strong></span> <span class='ocrx_word' id='word_1_186' title='bbox 643 2402 757 2476; x_wconf 87' lang='lat' dir='ltr'><strong>jam</strong></span> <span class='ocrx_word' id='word_1_187' title='bbox 788 2405 849 2461; x_wconf 91' lang='lat' dir='ltr'><strong>in</strong></span> <span class='ocrx_word' id='word_1_188' title='bbox 881 2422 938 2462; x_wconf 92' lang='lat' dir='ltr'><strong>se</strong></span> <span class='ocrx_word' id='word_1_189' title='bbox 965 2407 1120 2480; x_wconf 91' lang='lat' dir='ltr'><strong>quasi</strong></span> <span class='ocrx_word' id='word_1_190' title='bbox 1167 2407 1237 2464; x_wconf 90' lang='lat' dir='ltr'><strong>ad</strong></span> <span class='ocrx_word' id='word_1_191' title='bbox 1280 2407 1622 2466; x_wconf 89' lang='lat' dir='ltr'><strong>debilitatem</strong></span> <span class='ocrx_word' id='word_1_192' title='bbox 1665 2410 1910 2481; x_wconf 88' lang='lat' dir='ltr'><strong>tendere,</strong></span> <span class='ocrx_word' id='word_1_193' title='bbox 1940 2429 2077 2484; x_wconf 89' lang='lat' dir='ltr'><strong>quos</strong></span> 
     </span>
    </p>
   </div>
   <div class='ocr_carea' id='block_1_27' title="bbox 473 2491 2078 2572">
    <p class='ocr_par' dir='ltr' id='par_1_27' title="bbox 473 2491 2078 2572">
     <span class='ocr_line' id='line_1_27' title="bbox 473 2491 2078 2572; baseline 0.007 -26"><span class='ocrx_word' id='word_1_194' title='bbox 473 2491 775 2548; x_wconf 86' lang='lat' dir='ltr'><strong>mirabatur</strong></span> <span class='ocrx_word' id='word_1_195' title='bbox 800 2493 966 2550; x_wconf 83' lang='lat' dir='ltr'><strong>fortia</strong></span> <span class='ocrx_word' id='word_1_196' title='bbox 995 2496 1364 2569; x_wconf 90' lang='lat' dir='ltr'><strong>proposuisse.</strong></span> <span class='ocrx_word' id='word_1_197' title='bbox 1397 2499 1470 2554; x_wconf 88' lang='lat' dir='ltr'><strong>Et</strong></span> <span class='ocrx_word' id='word_1_198' title='bbox 1499 2499 1522 2533; x_wconf 66' lang='grc' dir='ltr'><strong>ἰ</strong></span> <span class='ocrx_word' id='word_1_199' title='bbox 1551 2499 1682 2572; x_wconf 87' lang='lat' dir='ltr'><strong>quia</strong></span> <span class='ocrx_word' id='word_1_200' title='bbox 1711 2509 1894 2556; x_wconf 89' lang='lat' dir='ltr'><strong>mente</strong></span> <span class='ocrx_word' id='word_1_201' title='bbox 1920 2517 2078 2558; x_wconf 85' lang='lat' dir='ltr'><strong>sem-</strong></span> 
     </span>
    </p>
   </div>
   <div class='ocr_carea' id='block_1_28' title="bbox 471 2581 1985 2662">
    <p class='ocr_par' dir='ltr' id='par_1_28' title="bbox 471 2581 1985 2662">
     <span class='ocr_line' id='line_1_28' title="bbox 471 2581 1985 2662; baseline 0.007 -25"><span class='ocrx_word' id='word_1_202' title='bbox 471 2594 570 2652; x_wconf 88' lang='lat' dir='ltr'><strong>per</strong></span> <span class='ocrx_word' id='word_1_203' title='bbox 593 2581 829 2655; x_wconf 88' lang='lat' dir='ltr'><strong>spiritali</strong></span> <span class='ocrx_word' id='word_1_204' title='bbox 857 2583 1102 2641; x_wconf 85' lang='lat' dir='ltr'><strong>scientia</strong></span> <span class='ocrx_word' id='word_1_205' title='bbox 1132 2585 1397 2654; x_wconf 87' lang='lat' dir='ltr'><strong>intendit,</strong></span> <span class='ocrx_word' id='word_1_206' title='bbox 1426 2594 1574 2645; x_wconf 92' lang='lat' dir='ltr'><strong>recte</strong></span> <span class='ocrx_word' id='word_1_207' title='bbox 1607 2587 1985 2662; x_wconf 87' lang='lat' dir='ltr'><strong>subjungitur.</strong></span> 
     </span>
    </p>
   </div>
   <div class='ocr_carea' id='block_1_29' title="bbox 987 2747 1512 2808">
    <p class='ocr_par' dir='ltr' id='par_1_29' title="bbox 987 2747 1512 2808">
     <span class='ocr_line' id='line_1_29' title="bbox 987 2747 1512 2808; baseline 0.002 -1"><span class='ocrx_word' id='word_1_208' title='bbox 987 2747 1216 2807; x_wconf 81' lang='lat' dir='ltr'><strong>CAPUT</strong></span> <span class='ocrx_word' id='word_1_209' title='bbox 1253 2751 1512 2808; x_wconf 85' lang='lat' dir='ltr'><strong>XXVIII.</strong></span> 
     </span>
    </p>
   </div>
   <div class='ocr_carea' id='block_1_30' title="bbox 540 2849 2000 2932">
    <p class='ocr_par' dir='ltr' id='par_1_30' title="bbox 540 2849 2000 2932">
     <span class='ocr_line' id='line_1_30' title="bbox 540 2849 2000 2932; baseline 0.005 -21"><span class='ocrx_word' id='word_1_210' title='bbox 540 2849 712 2911; x_wconf 72' lang='lat' dir='ltr'><strong>Vnus.</strong></span> <span class='ocrx_word' id='word_1_211' title='bbox 745 2853 834 2911; x_wconf 85' lang='grc'><strong>19.</strong></span> <span class='ocrx_word' id='word_1_212' title='bbox 862 2884 934 2897; x_wconf 93' lang='grc'><strong>-</strong></span> <span class='ocrx_word' id='word_1_213' title='bbox 959 2855 1141 2914; x_wconf 71' lang='lat' dir='ltr'><strong>Radix</strong></span> <span class='ocrx_word' id='word_1_214' title='bbox 1166 2874 1279 2914; x_wconf 86' lang='lat' dir='ltr'><strong>mea</strong></span> <span class='ocrx_word' id='word_1_215' title='bbox 1308 2865 1497 2930; x_wconf 88' lang='lat' dir='ltr'><strong>aperta</strong></span> <span class='ocrx_word' id='word_1_216' title='bbox 1531 2865 1610 2916; x_wconf 88' lang='lat' dir='ltr'><strong>est</strong></span> <span class='ocrx_word' id='word_1_217' title='bbox 1634 2875 1782 2917; x_wconf 87' lang='lat' dir='ltr'><strong>secus</strong></span> <span class='ocrx_word' id='word_1_218' title='bbox 1806 2877 2000 2932; x_wconf 86' lang='lat' dir='ltr'><strong>aquas.</strong></span> 
     </span>
    </p>
   </div>
   <div class='ocr_carea' id='block_1_31' title="bbox 537 2959 2077 3038">
    <p class='ocr_par' dir='ltr' id='par_1_31' title="bbox 537 2959 2077 3038">
     <span class='ocr_line' id='line_1_31' title="bbox 537 2959 2077 3038; baseline 0.006 -22"><span class='ocrx_word' id='word_1_219' title='bbox 537 2959 628 3016; x_wconf 79' lang='grc'><strong>51.</strong></span> <span class='ocrx_word' id='word_1_220' title='bbox 674 2960 922 3033; x_wconf 84' lang='lat' dir='ltr'><strong>Spiritali</strong></span> <span class='ocrx_word' id='word_1_221' title='bbox 955 2963 1186 3020; x_wconf 68' lang='lat' dir='ltr'><strong>scientia:</strong></span> <span class='ocrx_word' id='word_1_222' title='bbox 1227 2981 1429 3038; x_wconf 86' lang='lat' dir='ltr'><strong>semper</strong></span> <span class='ocrx_word' id='word_1_223' title='bbox 1453 2965 1679 3024; x_wconf 80' lang='lat' dir='ltr'><strong>intendit</strong></span> <span class='ocrx_word' id='word_1_224' title='bbox 1703 2967 1964 3024; x_wconf 76' lang='lat' dir='ltr'><strong>Ecclesia.</strong></span> <span class='ocrx_word' id='word_1_225' title='bbox 2005 2999 2077 3011; x_wconf 94' lang='lat'><strong>—</strong></span> 
     </span>
    </p>
   </div>
   <div class='ocr_carea' id='block_1_32' title="bbox 464 3041 2076 3131">
    <p class='ocr_par' dir='ltr' id='par_1_32' title="bbox 464 3041 2076 3131">
     <span class='ocr_line' id='line_1_32' title="bbox 464 3041 2076 3131; baseline 0.006 -26"><span class='ocrx_word' id='word_1_226' title='bbox 464 3041 630 3106; x_wconf 76' lang='lat' dir='ltr'><strong>quta</strong></span> <span class='ocrx_word' id='word_1_227' title='bbox 657 3065 824 3124; x_wconf 84' lang='lat' dir='ltr'><strong>aquas</strong></span> <span class='ocrx_word' id='word_1_228' title='bbox 851 3051 1000 3110; x_wconf 91' lang='lat' dir='ltr'><strong>enim</strong></span> <span class='ocrx_word' id='word_1_229' title='bbox 1031 3053 1195 3110; x_wconf 81' lang='lat' dir='ltr'><strong>radix</strong></span> <span class='ocrx_word' id='word_1_230' title='bbox 1223 3055 1492 3126; x_wconf 90' lang='lat' dir='ltr'><strong>aperitur,</strong></span> <span class='ocrx_word' id='word_1_231' title='bbox 1528 3057 1752 3130; x_wconf 87' lang='lat' dir='ltr'><strong>quando</strong></span> <span class='ocrx_word' id='word_1_232' title='bbox 1785 3057 1855 3114; x_wconf 91' lang='lat' dir='ltr'><strong>ad</strong></span> <span class='ocrx_word' id='word_1_233' title='bbox 1883 3058 2076 3131; x_wconf 91' lang='lat' dir='ltr'><strong>perci-</strong></span> 
     </span>
    </p>
   </div>
   <div class='ocr_carea' id='block_1_33' title="bbox 2196 539 3779 613">
    <p class='ocr_par' dir='ltr' id='par_1_33' title="bbox 2196 539 3779 613">
     <span class='ocr_line' id='line_1_33' title="bbox 2196 539 3779 613; baseline 0.006 -19"><span class='ocrx_word' id='word_1_234' title='bbox 2196 554 2319 595; x_wconf 91' lang='lat' dir='ltr'><strong>rum</strong></span> <span class='ocrx_word' id='word_1_235' title='bbox 2349 546 2451 608; x_wconf 90' lang='lat' dir='ltr'><strong>est,</strong></span> <span class='ocrx_word' id='word_1_236' title='bbox 2473 539 2604 612; x_wconf 90' lang='lat' dir='ltr'><strong>quia</strong></span> <span class='ocrx_word' id='word_1_237' title='bbox 2631 539 2872 596; x_wconf 85' lang='lat' dir='ltr'><strong>fructum</strong></span> <span class='ocrx_word' id='word_1_238' title='bbox 2898 539 3364 613; x_wconf 89' lang='lat' dir='ltr'><strong>etprotectionem</strong></span> <span class='ocrx_word' id='word_1_239' title='bbox 3393 543 3480 599; x_wconf 88' lang='lat' dir='ltr'><strong>sui</strong></span> <span class='ocrx_word' id='word_1_240' title='bbox 3501 543 3656 602; x_wconf 86' lang='lat' dir='ltr'><strong>nobis</strong></span> <span class='ocrx_word' id='word_1_241' title='bbox 3673 561 3779 604; x_wconf 87' lang='lat' dir='ltr'><strong>um-</strong></span> 
     </span>
    </p>
   </div>
   <div class='ocr_carea' id='block_1_34' title="bbox 2195 627 3780 702">
    <p class='ocr_par' dir='ltr' id='par_1_34' title="bbox 2195 627 3780 702">
     <span class='ocr_line' id='line_1_34' title="bbox 2195 627 3780 702; baseline 0.005 -18"><span class='ocrx_word' id='word_1_242' title='bbox 2195 627 2405 684; x_wconf 89' lang='lat' dir='ltr'><strong>braculi</strong></span> <span class='ocrx_word' id='word_1_243' title='bbox 2435 629 2738 700; x_wconf 90' lang='lat' dir='ltr'><strong>proferens,</strong></span> <span class='ocrx_word' id='word_1_244' title='bbox 2765 629 3021 702; x_wconf 86' lang='lat' dir='ltr'><strong>apparuit</strong></span> <span class='ocrx_word' id='word_1_245' title='bbox 3047 637 3262 687; x_wconf 72' lang='lat' dir='ltr'><strong>creatur</strong></span> <span class='ocrx_word' id='word_1_246' title='bbox 3287 631 3348 687; x_wconf 93' lang='lat' dir='ltr'><strong>in</strong></span> <span class='ocrx_word' id='word_1_247' title='bbox 3375 648 3558 702; x_wconf 91' lang='lat' dir='ltr'><strong>carne,</strong></span> <span class='ocrx_word' id='word_1_248' title='bbox 3586 641 3648 691; x_wconf 91' lang='lat' dir='ltr'><strong>ut</strong></span> <span class='ocrx_word' id='word_1_249' title='bbox 3674 634 3780 692; x_wconf 87' lang='lat' dir='ltr'><strong>hu-</strong></span> 
     </span>
    </p>
   </div>
   <div class='ocr_carea' id='block_1_35' title="bbox 2198 721 3782 799">
    <p class='ocr_par' dir='ltr' id='par_1_35' title="bbox 2198 721 3782 799">
     <span class='ocr_line' id='line_1_35' title="bbox 2198 721 3782 799; baseline 0.006 -25"><span class='ocrx_word' id='word_1_250' title='bbox 2198 734 2422 775; x_wconf 89' lang='lat' dir='ltr'><strong>manum</strong></span> <span class='ocrx_word' id='word_1_251' title='bbox 2469 735 2639 791; x_wconf 89' lang='lat' dir='ltr'><strong>genus</strong></span> <span class='ocrx_word' id='word_1_252' title='bbox 2681 721 2704 756; x_wconf 83' lang='grc'><strong>⁶</strong></span> <span class='ocrx_word' id='word_1_253' title='bbox 2751 737 2849 794; x_wconf 88' lang='lat' dir='ltr'><strong>per</strong></span> <span class='ocrx_word' id='word_1_254' title='bbox 2892 725 3350 779; x_wconf 85' lang='lat' dir='ltr'><strong>resurrectionem</strong></span> <span class='ocrx_word' id='word_1_255' title='bbox 3390 722 3602 796; x_wconf 88' lang='lat' dir='ltr'><strong>ﬁgeret,</strong></span> <span class='ocrx_word' id='word_1_256' title='bbox 3643 727 3782 799; x_wconf 89' lang='lat' dir='ltr'><strong>quod</strong></span> 
     </span>
    </p>
   </div>
   <div class='ocr_carea' id='block_1_36' title="bbox 2197 809 3712 888">
    <p class='ocr_par' dir='ltr' id='par_1_36' title="bbox 2197 809 3712 888">
     <span class='ocr_line' id='line_1_36' title="bbox 2197 809 3712 888; baseline 0.005 -23"><span class='ocrx_word' id='word_1_257' title='bbox 2197 823 2294 881; x_wconf 91' lang='lat' dir='ltr'><strong>per</strong></span> <span class='ocrx_word' id='word_1_258' title='bbox 2320 809 2596 867; x_wconf 77' lang='lat' dir='ltr'><strong>detectum</strong></span> <span class='ocrx_word' id='word_1_259' title='bbox 2627 811 2873 885; x_wconf 87' lang='lat' dir='ltr'><strong>quotidie</strong></span> <span class='ocrx_word' id='word_1_260' title='bbox 2911 811 3025 869; x_wconf 89' lang='lat' dir='ltr'><strong>ibat</strong></span> <span class='ocrx_word' id='word_1_261' title='bbox 3051 812 3112 869; x_wconf 91' lang='lat' dir='ltr'><strong>in</strong></span> <span class='ocrx_word' id='word_1_262' title='bbox 3140 820 3396 870; x_wconf 89' lang='lat' dir='ltr'><strong>mortem.</strong></span> <span class='ocrx_word' id='word_1_263' title='bbox 3426 815 3712 888; x_wconf 81' lang='lat' dir='ltr'><strong>Sequitur:</strong></span> 
     </span>
    </p>
   </div>
   <div class='ocr_carea' id='block_1_37' title="bbox 2766 935 3232 996">
    <p class='ocr_par' dir='ltr' id='par_1_37' title="bbox 2766 935 3232 996">
     <span class='ocr_line' id='line_1_37' title="bbox 2766 935 3232 996; baseline 0 0"><span class='ocrx_word' id='word_1_264' title='bbox 2766 935 2996 996; x_wconf 86' lang='lat' dir='ltr'><strong>CAPUT</strong></span> <span class='ocrx_word' id='word_1_265' title='bbox 3019 937 3232 996; x_wconf 81' lang='lat' dir='ltr'><strong>XXIX.</strong></span> 
     </span>
    </p>
   </div>
   <div class='ocr_carea' id='block_1_38' title="bbox 2268 1042 3570 1114">
    <p class='ocr_par' dir='ltr' id='par_1_38' title="bbox 2268 1042 3570 1114">
     <span class='ocr_line' id='line_1_38' title="bbox 2268 1042 3570 1114; baseline 0.006 -16"><span class='ocrx_word' id='word_1_266' title='bbox 2268 1042 2406 1100; x_wconf 77' lang='lat' dir='ltr'><strong>Iun).</strong></span> <span class='ocrx_word' id='word_1_267' title='bbox 2427 1074 2500 1086; x_wconf 94' lang='lat'><em>—</em></span> <span class='ocrx_word' id='word_1_268' title='bbox 2525 1046 2602 1102; x_wconf 85' lang='lat' dir='ltr'><strong>Et</strong></span> <span class='ocrx_word' id='word_1_269' title='bbox 2628 1061 2718 1101; x_wconf 88' lang='lat' dir='ltr'><strong>ros</strong></span> <span class='ocrx_word' id='word_1_270' title='bbox 2744 1046 3044 1102; x_wconf 83' lang='lat' dir='ltr'><strong>morabitur</strong></span> <span class='ocrx_word' id='word_1_271' title='bbox 3069 1047 3128 1102; x_wconf 89' lang='lat' dir='ltr'><strong>in</strong></span> <span class='ocrx_word' id='word_1_272' title='bbox 3149 1046 3411 1114; x_wconf 70' lang='lat' dir='ltr'><strong>messione</strong></span> <span class='ocrx_word' id='word_1_273' title='bbox 3434 1065 3570 1106; x_wconf 84' lang='lat' dir='ltr'><strong>mea.</strong></span> 
     </span>
    </p>
   </div>
   <div class='ocr_carea' id='block_1_39' title="bbox 2266 1132 3785 1209">
    <p class='ocr_par' dir='ltr' id='par_1_39' title="bbox 2266 1132 3785 1209">
     <span class='ocr_line' id='line_1_39' title="bbox 2266 1132 3785 1209; baseline 0.005 -20"><span class='ocrx_word' id='word_1_274' title='bbox 2266 1132 2356 1190; x_wconf 79' lang='grc'><strong>52.</strong></span> <span class='ocrx_word' id='word_1_275' title='bbox 2387 1133 2527 1205; x_wconf 88' lang='lat' dir='ltr'><strong>Ejus</strong></span> <span class='ocrx_word' id='word_1_276' title='bbox 2558 1135 2742 1190; x_wconf 87' lang='lat' dir='ltr'><strong>messio</strong></span> <span class='ocrx_word' id='word_1_277' title='bbox 2770 1137 2889 1192; x_wconf 89' lang='lat' dir='ltr'><strong>rari</strong></span> <span class='ocrx_word' id='word_1_278' title='bbox 2913 1137 3102 1209; x_wconf 72' lang='lat' dir='ltr'><strong>gratia:</strong></span> <span class='ocrx_word' id='word_1_279' title='bbox 3143 1138 3442 1196; x_wconf 85' lang='lat' dir='ltr'><strong>tribuenda.</strong></span> <span class='ocrx_word' id='word_1_280' title='bbox 3477 1169 3550 1181; x_wconf 92' lang='lat'><strong><em>—</em></strong></span> <span class='ocrx_word' id='word_1_281' title='bbox 3577 1137 3785 1196; x_wconf 79' lang='lat' dir='ltr'><strong>Subau-</strong></span> 
     </span>
    </p>
   </div>
   <div class='ocr_carea' id='block_1_40' title="bbox 2195 1218 3785 1290">
    <p class='ocr_par' dir='ltr' id='par_1_40' title="bbox 2195 1218 3785 1290">
     <span class='ocr_line' id='line_1_40' title="bbox 2195 1218 3785 1290; baseline 0.005 -14"><span class='ocrx_word' id='word_1_282' title='bbox 2195 1218 2302 1290; x_wconf 88' lang='lat' dir='ltr'><strong>dis,</strong></span> <span class='ocrx_word' id='word_1_283' title='bbox 2331 1223 2580 1281; x_wconf 79' lang='lat' dir='ltr'><strong>dicebam.</strong></span> <span class='ocrx_word' id='word_1_284' title='bbox 2611 1225 2809 1282; x_wconf 88' lang='lat' dir='ltr'><strong>Messio</strong></span> <span class='ocrx_word' id='word_1_285' title='bbox 2849 1225 2997 1282; x_wconf 91' lang='lat' dir='ltr'><strong>enim</strong></span> <span class='ocrx_word' id='word_1_286' title='bbox 3028 1233 3229 1284; x_wconf 87' lang='lat' dir='ltr'><strong>sancta</strong></span> <span class='ocrx_word' id='word_1_287' title='bbox 3263 1227 3527 1284; x_wconf 89' lang='lat' dir='ltr'><strong>Ecclesia</strong></span> <span class='ocrx_word' id='word_1_288' title='bbox 3557 1245 3666 1284; x_wconf 90' lang='lat' dir='ltr'><strong>non</strong></span> <span class='ocrx_word' id='word_1_289' title='bbox 3694 1227 3785 1284; x_wconf 88' lang='lat' dir='ltr'><strong>in-</strong></span> 
     </span>
    </p>
   </div>
   <div class='ocr_carea' id='block_1_41' title="bbox 2195 1313 3784 1390">
    <p class='ocr_par' dir='ltr' id='par_1_41' title="bbox 2195 1313 3784 1390">
     <span class='ocr_line' id='line_1_41' title="bbox 2195 1313 3784 1390; baseline 0.007 -25"><span class='ocrx_word' id='word_1_290' title='bbox 2195 1313 2588 1370; x_wconf 88' lang='lat' dir='ltr'><strong>convenienter</strong></span> <span class='ocrx_word' id='word_1_291' title='bbox 2615 1315 2906 1389; x_wconf 86' lang='lat' dir='ltr'><strong>accipitur,</strong></span> <span class='ocrx_word' id='word_1_292' title='bbox 2951 1333 3079 1372; x_wconf 90' lang='lat' dir='ltr'><strong>cum</strong></span> <span class='ocrx_word' id='word_1_293' title='bbox 3108 1315 3361 1390; x_wconf 87' lang='lat' dir='ltr'><strong>perfecta</strong></span> <span class='ocrx_word' id='word_1_294' title='bbox 3394 1317 3596 1374; x_wconf 88' lang='lat' dir='ltr'><strong>anima</strong></span> <span class='ocrx_word' id='word_1_295' title='bbox 3623 1334 3655 1374; x_wconf 92' lang='lat' dir='ltr'><strong>a</strong></span> <span class='ocrx_word' id='word_1_296' title='bbox 3679 1335 3784 1376; x_wconf 89' lang='lat' dir='ltr'><strong>cor-</strong></span> 
     </span>
    </p>
   </div>
   <div class='ocr_carea' id='block_1_42' title="bbox 2194 1401 3787 1478">
    <p class='ocr_par' dir='ltr' id='par_1_42' title="bbox 2194 1401 3787 1478">
     <span class='ocr_line' id='line_1_42' title="bbox 2194 1401 3787 1478; baseline 0.006 -23"><span class='ocrx_word' id='word_1_297' title='bbox 2194 1401 2420 1473; x_wconf 89' lang='lat' dir='ltr'><strong>poribus</strong></span> <span class='ocrx_word' id='word_1_298' title='bbox 2439 1402 2746 1473; x_wconf 88' lang='lat' dir='ltr'><strong>abstracta,</strong></span> <span class='ocrx_word' id='word_1_299' title='bbox 2777 1406 2930 1462; x_wconf 88' lang='lat' dir='ltr'><strong>velut</strong></span> <span class='ocrx_word' id='word_1_300' title='bbox 2960 1413 3189 1462; x_wconf 88' lang='lat' dir='ltr'><strong>matura</strong></span> <span class='ocrx_word' id='word_1_301' title='bbox 3219 1415 3430 1478; x_wconf 83' lang='lat' dir='ltr'><strong>segetes</strong></span> <span class='ocrx_word' id='word_1_302' title='bbox 3458 1423 3490 1464; x_wconf 90' lang='lat' dir='ltr'><strong>a</strong></span> <span class='ocrx_word' id='word_1_303' title='bbox 3519 1414 3660 1464; x_wconf 88' lang='lat' dir='ltr'><strong>terra</strong></span> <span class='ocrx_word' id='word_1_304' title='bbox 3689 1407 3787 1464; x_wconf 89' lang='lat' dir='ltr'><strong>de-</strong></span> 
     </span>
    </p>
   </div>
   <div class='ocr_carea' id='block_1_43' title="bbox 2193 1488 3786 1570">
    <p class='ocr_par' dir='ltr' id='par_1_43' title="bbox 2193 1488 3786 1570">
     <span class='ocr_line' id='line_1_43' title="bbox 2193 1488 3786 1570; baseline 0.004 -24"><span class='ocrx_word' id='word_1_305' title='bbox 2193 1488 2339 1558; x_wconf 86' lang='lat' dir='ltr'><strong>cisa,</strong></span> <span class='ocrx_word' id='word_1_306' title='bbox 2391 1490 2461 1546; x_wconf 91' lang='lat' dir='ltr'><strong>ad</strong></span> <span class='ocrx_word' id='word_1_307' title='bbox 2499 1494 2742 1550; x_wconf 76' lang='lat' dir='ltr'><strong>calestia</strong></span> <span class='ocrx_word' id='word_1_308' title='bbox 2799 1493 2996 1551; x_wconf 85' lang='lat' dir='ltr'><strong>horrea</strong></span> <span class='ocrx_word' id='word_1_309' title='bbox 3025 1498 3046 1530; x_wconf 83' lang='lat'><strong>7</strong></span> <span class='ocrx_word' id='word_1_310' title='bbox 3077 1495 3430 1568; x_wconf 89' lang='lat' dir='ltr'><strong>demigrant;</strong></span> <span class='ocrx_word' id='word_1_311' title='bbox 3466 1496 3614 1570; x_wconf 88' lang='lat' dir='ltr'><strong>quod</strong></span> <span class='ocrx_word' id='word_1_312' title='bbox 3667 1497 3786 1570; x_wconf 84' lang='lat' dir='ltr'><strong>quia</strong></span> 
     </span>
    </p>
   </div>
   <div class='ocr_carea' id='block_1_44' title="bbox 2193 1583 3788 1658">
    <p class='ocr_par' dir='ltr' id='par_1_44' title="bbox 2193 1583 3788 1658">
     <span class='ocr_line' id='line_1_44' title="bbox 2193 1583 3788 1658; baseline 0.005 -24"><span class='ocrx_word' id='word_1_313' title='bbox 2193 1594 2303 1634; x_wconf 90' lang='lat' dir='ltr'><strong>non</strong></span> <span class='ocrx_word' id='word_1_314' title='bbox 2328 1589 2514 1638; x_wconf 89' lang='lat' dir='ltr'><strong>nostra</strong></span> <span class='ocrx_word' id='word_1_315' title='bbox 2544 1583 2771 1653; x_wconf 86' lang='lat' dir='ltr'><strong>virtute,</strong></span> <span class='ocrx_word' id='word_1_316' title='bbox 2801 1583 2895 1641; x_wconf 88' lang='lat' dir='ltr'><strong>sed</strong></span> <span class='ocrx_word' id='word_1_317' title='bbox 2925 1586 3131 1643; x_wconf 66' lang='lat' dir='ltr'><strong>caelesti</strong></span> <span class='ocrx_word' id='word_1_318' title='bbox 3161 1586 3334 1658; x_wconf 91' lang='lat' dir='ltr'><strong>gratia</strong></span> <span class='ocrx_word' id='word_1_319' title='bbox 3364 1585 3630 1657; x_wconf 86' lang='lat' dir='ltr'><strong>largiente</strong></span> <span class='ocrx_word' id='word_1_320' title='bbox 3673 1586 3788 1658; x_wconf 89' lang='lat' dir='ltr'><strong>agi-</strong></span> 
     </span>
    </p>
   </div>
   <div class='ocr_carea' id='block_1_45' title="bbox 2193 1669 3786 1738">
    <p class='ocr_par' dir='ltr' id='par_1_45' title="bbox 2193 1669 3786 1738">
     <span class='ocr_line' id='line_1_45' title="bbox 2193 1669 3786 1738; baseline 0.005 -14"><span class='ocrx_word' id='word_1_321' title='bbox 2193 1675 2304 1738; x_wconf 89' lang='lat' dir='ltr'><strong>tur,</strong></span> <span class='ocrx_word' id='word_1_322' title='bbox 2332 1669 2470 1728; x_wconf 90' lang='lat' dir='ltr'><strong>bene</strong></span> <span class='ocrx_word' id='word_1_323' title='bbox 2498 1673 2608 1728; x_wconf 90' lang='lat' dir='ltr'><strong>ait:</strong></span> <span class='ocrx_word' id='word_1_324' title='bbox 2642 1676 2718 1730; x_wconf 88' lang='lat' dir='ltr'><strong>Et</strong></span> <span class='ocrx_word' id='word_1_325' title='bbox 2745 1691 2836 1729; x_wconf 90' lang='lat' dir='ltr'><strong>ros</strong></span> <span class='ocrx_word' id='word_1_326' title='bbox 2862 1676 3162 1730; x_wconf 85' lang='lat' dir='ltr'><strong>morabitur</strong></span> <span class='ocrx_word' id='word_1_327' title='bbox 3180 1675 3237 1730; x_wconf 85' lang='lat' dir='ltr'><strong>in</strong></span> <span class='ocrx_word' id='word_1_328' title='bbox 3257 1677 3513 1732; x_wconf 85' lang='lat' dir='ltr'><strong>messione</strong></span> <span class='ocrx_word' id='word_1_329' title='bbox 3531 1694 3666 1732; x_wconf 89' lang='lat' dir='ltr'><strong>mea.</strong></span> <span class='ocrx_word' id='word_1_330' title='bbox 3688 1677 3786 1733; x_wconf 82' lang='lat' dir='ltr'><strong>Bos</strong></span> 
     </span>
    </p>
   </div>
   <div class='ocr_carea' id='block_1_46' title="bbox 2193 1762 3784 1840">
    <p class='ocr_par' dir='ltr' id='par_1_46' title="bbox 2193 1762 3784 1840">
     <span class='ocr_line' id='line_1_46' title="bbox 2193 1762 3784 1840; baseline 0.004 -24"><span class='ocrx_word' id='word_1_331' title='bbox 2193 1775 2429 1834; x_wconf 89' lang='lat' dir='ltr'><strong>namque</strong></span> <span class='ocrx_word' id='word_1_332' title='bbox 2473 1762 2710 1835; x_wconf 90' lang='lat' dir='ltr'><strong>desuper</strong></span> <span class='ocrx_word' id='word_1_333' title='bbox 2753 1763 2924 1832; x_wconf 88' lang='lat' dir='ltr'><strong>cadit,</strong></span> <span class='ocrx_word' id='word_1_334' title='bbox 2973 1765 3167 1822; x_wconf 90' lang='lat' dir='ltr'><strong>messis</strong></span> <span class='ocrx_word' id='word_1_335' title='bbox 3206 1764 3466 1822; x_wconf 88' lang='lat' dir='ltr'><strong>deorsum</strong></span> <span class='ocrx_word' id='word_1_336' title='bbox 3495 1765 3784 1840; x_wconf 88' lang='lat' dir='ltr'><strong>colligitur.</strong></span> 
     </span>
    </p>
   </div>
   <div class='ocr_carea' id='block_1_47' title="bbox 2191 1850 3789 1928">
    <p class='ocr_par' dir='ltr' id='par_1_47' title="bbox 2191 1850 3789 1928">
     <span class='ocr_line' id='line_1_47' title="bbox 2191 1850 3789 1928; baseline 0.005 -24"><span class='ocrx_word' id='word_1_337' title='bbox 2191 1850 2335 1922; x_wconf 90' lang='lat' dir='ltr'><strong>Ergo</strong></span> <span class='ocrx_word' id='word_1_338' title='bbox 2363 1867 2453 1908; x_wconf 90' lang='lat' dir='ltr'><strong>ros</strong></span> <span class='ocrx_word' id='word_1_339' title='bbox 2481 1859 2731 1908; x_wconf 86' lang='lat' dir='ltr'><strong>moratur</strong></span> <span class='ocrx_word' id='word_1_340' title='bbox 2758 1853 2818 1909; x_wconf 92' lang='lat' dir='ltr'><strong>in</strong></span> <span class='ocrx_word' id='word_1_341' title='bbox 2865 1854 3160 1923; x_wconf 89' lang='lat' dir='ltr'><strong>messione,</strong></span> <span class='ocrx_word' id='word_1_342' title='bbox 3205 1854 3335 1928; x_wconf 88' lang='lat' dir='ltr'><strong>quia</strong></span> <span class='ocrx_word' id='word_1_343' title='bbox 3362 1855 3542 1927; x_wconf 88' lang='lat' dir='ltr'><strong>gratia</strong></span> <span class='ocrx_word' id='word_1_344' title='bbox 3570 1855 3789 1928; x_wconf 86' lang='lat' dir='ltr'><strong>desuper</strong></span> 
     </span>
    </p>
   </div>
   <div class='ocr_carea' id='block_1_48' title="bbox 2189 1939 3787 2017">
    <p class='ocr_par' dir='ltr' id='par_1_48' title="bbox 2189 1939 3787 2017">
     <span class='ocr_line' id='line_1_48' title="bbox 2189 1939 3787 2017; baseline 0.004 -24"><span class='ocrx_word' id='word_1_345' title='bbox 2189 1939 2416 1996; x_wconf 89' lang='lat' dir='ltr'><strong>veniens</strong></span> <span class='ocrx_word' id='word_1_346' title='bbox 2443 1940 2557 2013; x_wconf 91' lang='lat' dir='ltr'><strong>agit</strong></span> <span class='ocrx_word' id='word_1_347' title='bbox 2585 1948 2646 1998; x_wconf 92' lang='lat' dir='ltr'><strong>ut</strong></span> <span class='ocrx_word' id='word_1_348' title='bbox 2674 1941 2827 2015; x_wconf 88' lang='lat' dir='ltr'><strong>digni</strong></span> <span class='ocrx_word' id='word_1_349' title='bbox 2855 1942 3030 2000; x_wconf 88' lang='lat' dir='ltr'><strong>simus</strong></span> <span class='ocrx_word' id='word_1_350' title='bbox 3057 1943 3152 2017; x_wconf 90' lang='lat' dir='ltr'><strong>qui</strong></span> <span class='ocrx_word' id='word_1_351' title='bbox 3181 1942 3249 2000; x_wconf 89' lang='lat' dir='ltr'><strong>de</strong></span> <span class='ocrx_word' id='word_1_352' title='bbox 3287 1943 3648 2001; x_wconf 85' lang='lat' dir='ltr'><strong>inferioribus</strong></span> <span class='ocrx_word' id='word_1_353' title='bbox 3673 1944 3787 2002; x_wconf 89' lang='lat' dir='ltr'><strong>col-</strong></span> 
     </span>
    </p>
   </div>
   <div class='ocr_carea' id='block_1_49' title="bbox 2185 2032 3788 2113">
    <p class='ocr_par' dir='ltr' id='par_1_49' title="bbox 2185 2032 3788 2113">
     <span class='ocr_line' id='line_1_49' title="bbox 2185 2032 3788 2113; baseline 0.005 -25"><span class='ocrx_word' id='word_1_354' title='bbox 2185 2032 2443 2107; x_wconf 89' lang='lat' dir='ltr'><strong>ligamur.</strong></span> <span class='ocrx_word' id='word_1_355' title='bbox 2489 2037 2611 2110; x_wconf 88' lang='lat' dir='ltr'><strong>Ipsa</strong></span> <span class='ocrx_word' id='word_1_356' title='bbox 2639 2039 2841 2112; x_wconf 90' lang='lat' dir='ltr'><strong>quippe</strong></span> <span class='ocrx_word' id='word_1_357' title='bbox 2883 2057 2983 2096; x_wconf 91' lang='lat' dir='ltr'><strong>nos</strong></span> <span class='ocrx_word' id='word_1_358' title='bbox 3011 2041 3245 2113; x_wconf 89' lang='lat' dir='ltr'><strong>desuper</strong></span> <span class='ocrx_word' id='word_1_359' title='bbox 3286 2040 3642 2111; x_wconf 83' lang='lat' dir='ltr'><strong>infundente,</strong></span> <span class='ocrx_word' id='word_1_360' title='bbox 3673 2041 3788 2096; x_wconf 86' lang='lat' dir='ltr'><strong>fru-</strong></span> 
     </span>
    </p>
   </div>
   <div class='ocr_carea' id='block_1_50' title="bbox 2186 2127 3785 2206">
    <p class='ocr_par' dir='ltr' id='par_1_50' title="bbox 2186 2127 3785 2206">
     <span class='ocr_line' id='line_1_50' title="bbox 2186 2127 3785 2206; baseline 0.004 -24"><span class='ocrx_word' id='word_1_361' title='bbox 2186 2131 2334 2182; x_wconf 87' lang='lat' dir='ltr'><strong>ctum</strong></span> <span class='ocrx_word' id='word_1_362' title='bbox 2367 2127 2642 2185; x_wconf 90' lang='lat' dir='ltr'><strong>bonorum</strong></span> <span class='ocrx_word' id='word_1_363' title='bbox 2671 2146 2897 2203; x_wconf 88' lang='lat' dir='ltr'><strong>operum</strong></span> <span class='ocrx_word' id='word_1_364' title='bbox 2933 2131 3182 2188; x_wconf 80' lang='lat' dir='ltr'><strong>ferimus.</strong></span> <span class='ocrx_word' id='word_1_365' title='bbox 3216 2131 3370 2189; x_wconf 91' lang='lat' dir='ltr'><strong>Unde</strong></span> <span class='ocrx_word' id='word_1_366' title='bbox 3399 2142 3550 2190; x_wconf 89' lang='lat' dir='ltr'><strong>recte</strong></span> <span class='ocrx_word' id='word_1_367' title='bbox 3579 2147 3785 2206; x_wconf 85' lang='lat' dir='ltr'><strong>quoque</strong></span> 
     </span>
    </p>
   </div>
   <div class='ocr_carea' id='block_1_51' title="bbox 2186 2217 3784 2293">
    <p class='ocr_par' dir='ltr' id='par_1_51' title="bbox 2186 2217 3784 2293">
     <span class='ocr_line' id='line_1_51' title="bbox 2186 2217 3784 2293; baseline 0.003 -21"><span class='ocrx_word' id='word_1_368' title='bbox 2186 2231 2284 2288; x_wconf 88' lang='lat' dir='ltr'><strong>per</strong></span> <span class='ocrx_word' id='word_1_369' title='bbox 2325 2217 2558 2274; x_wconf 90' lang='lat' dir='ltr'><strong>Paulum</strong></span> <span class='ocrx_word' id='word_1_370' title='bbox 2593 2218 2831 2275; x_wconf 88' lang='lat' dir='ltr'><strong>dicitur:</strong></span> <span class='ocrx_word' id='word_1_371' title='bbox 2869 2220 3061 2276; x_wconf 81' lang='lat' dir='ltr'><strong>Gratia</strong></span> <span class='ocrx_word' id='word_1_372' title='bbox 3088 2221 3191 2276; x_wconf 89' lang='lat' dir='ltr'><strong>Dei</strong></span> <span class='ocrx_word' id='word_1_373' title='bbox 3218 2238 3336 2277; x_wconf 88' lang='lat' dir='ltr'><strong>sum</strong></span> <span class='ocrx_word' id='word_1_374' title='bbox 3375 2221 3436 2277; x_wconf 87' lang='lat' dir='ltr'><strong>id</strong></span> <span class='ocrx_word' id='word_1_375' title='bbox 3471 2222 3618 2293; x_wconf 89' lang='lat' dir='ltr'><strong>quod</strong></span> <span class='ocrx_word' id='word_1_376' title='bbox 3660 2237 3784 2286; x_wconf 82' lang='lat' dir='ltr'><strong>sum,</strong></span> 
     </span>
    </p>
   </div>
   <div class='ocr_carea' id='block_1_52' title="bbox 2185 2306 3786 2391">
    <p class='ocr_par' dir='ltr' id='par_1_52' title="bbox 2185 2306 3786 2391">
     <span class='ocr_line' id='line_1_52' title="bbox 2185 2306 3786 2391; baseline 0.004 -34"><span class='ocrx_word' id='word_1_377' title='bbox 2185 2309 2234 2358; x_wconf 89' lang='lat' dir='ltr'><strong>et</strong></span> <span class='ocrx_word' id='word_1_378' title='bbox 2257 2307 2438 2376; x_wconf 85' lang='lat' dir='ltr'><strong>gratia</strong></span> <span class='ocrx_word' id='word_1_379' title='bbox 2466 2307 2580 2376; x_wconf 87' lang='lat' dir='ltr'><strong>ejus</strong></span> <span class='ocrx_word' id='word_1_380' title='bbox 2607 2307 2665 2362; x_wconf 90' lang='lat' dir='ltr'><strong>in</strong></span> <span class='ocrx_word' id='word_1_381' title='bbox 2692 2325 2771 2362; x_wconf 91' lang='lat' dir='ltr'><strong>me</strong></span> <span class='ocrx_word' id='word_1_382' title='bbox 2797 2325 3084 2364; x_wconf 84' lang='lat' dir='ltr'><strong>eacuanon</strong></span> <span class='ocrx_word' id='word_1_383' title='bbox 3103 2307 3217 2391; x_wconf 70' lang='lat' dir='ltr'><strong>fuit</strong></span> <span class='ocrx_word' id='word_1_384' title='bbox 3233 2309 3290 2380; x_wconf 94' lang='grc' dir='ltr'><strong>(Ι</strong></span> <span class='ocrx_word' id='word_1_385' title='bbox 3315 2309 3446 2366; x_wconf 87' lang='lat' dir='ltr'><strong>Cor.</strong></span> <span class='ocrx_word' id='word_1_386' title='bbox 3472 2326 3575 2375; x_wconf 90' lang='lat' dir='ltr'><strong>xv,</strong></span> <span class='ocrx_word' id='word_1_387' title='bbox 3609 2306 3786 2380; x_wconf 78' lang='grc' dir='ltr'><strong>10).ὃὶ</strong></span> 
     </span>
    </p>
   </div>
   <div class='ocr_carea' id='block_1_53' title="bbox 2183 2393 3782 2470">
    <p class='ocr_par' dir='ltr' id='par_1_53' title="bbox 2183 2393 3782 2470">
     <span class='ocr_line' id='line_1_53' title="bbox 2183 2393 3782 2470; baseline 0.001 -21"><span class='ocrx_word' id='word_1_388' title='bbox 2183 2393 2333 2450; x_wconf 88' lang='lat' dir='ltr'><strong>enim</strong></span> <span class='ocrx_word' id='word_1_389' title='bbox 2359 2397 2380 2431; x_wconf 79' lang='grc'>⁸</span> <span class='ocrx_word' id='word_1_390' title='bbox 2405 2404 2684 2470; x_wconf 86' lang='lat' dir='ltr'><strong>quaratur</strong></span> <span class='ocrx_word' id='word_1_391' title='bbox 2711 2396 2847 2470; x_wconf 91' lang='lat' dir='ltr'><strong>quid</strong></span> <span class='ocrx_word' id='word_1_392' title='bbox 2888 2396 2961 2452; x_wconf 90' lang='lat' dir='ltr'><strong>sit</strong></span> <span class='ocrx_word' id='word_1_393' title='bbox 2995 2414 3086 2453; x_wconf 87' lang='lat' dir='ltr'><strong>res</strong></span> <span class='ocrx_word' id='word_1_394' title='bbox 3111 2397 3346 2470; x_wconf 88' lang='lat' dir='ltr'><strong>desuper</strong></span> <span class='ocrx_word' id='word_1_395' title='bbox 3375 2399 3635 2468; x_wconf 91' lang='lat' dir='ltr'><strong>veniens,</strong></span> <span class='ocrx_word' id='word_1_396' title='bbox 3673 2397 3782 2453; x_wconf 88' lang='lat' dir='ltr'><strong>ait:</strong></span> 
     </span>
    </p>
   </div>
   <div class='ocr_carea' id='block_1_54' title="bbox 2188 2485 3786 2557">
    <p class='ocr_par' dir='ltr' id='par_1_54' title="bbox 2188 2485 3786 2557">
     <span class='ocr_line' id='line_1_54' title="bbox 2188 2485 3786 2557; baseline -0.001 -15"><span class='ocrx_word' id='word_1_397' title='bbox 2188 2485 2379 2542; x_wconf 84' lang='lat' dir='ltr'><strong>Gratia</strong></span> <span class='ocrx_word' id='word_1_398' title='bbox 2415 2486 2517 2542; x_wconf 89' lang='lat' dir='ltr'><strong>Dei</strong></span> <span class='ocrx_word' id='word_1_399' title='bbox 2543 2503 2661 2541; x_wconf 89' lang='lat' dir='ltr'><strong>sum</strong></span> <span class='ocrx_word' id='word_1_400' title='bbox 2690 2485 2750 2540; x_wconf 91' lang='lat' dir='ltr'><strong>id</strong></span> <span class='ocrx_word' id='word_1_401' title='bbox 2776 2486 2918 2557; x_wconf 87' lang='lat' dir='ltr'><strong>quod</strong></span> <span class='ocrx_word' id='word_1_402' title='bbox 2945 2503 3082 2543; x_wconf 86' lang='lat' dir='ltr'><strong>sum.</strong></span> <span class='ocrx_word' id='word_1_403' title='bbox 3103 2486 3162 2543; x_wconf 91' lang='lat' dir='ltr'><strong>Si</strong></span> <span class='ocrx_word' id='word_1_404' title='bbox 3198 2486 3523 2544; x_wconf 87' lang='lat' dir='ltr'><strong>intueamur</strong></span> <span class='ocrx_word' id='word_1_405' title='bbox 3565 2502 3786 2544; x_wconf 85' lang='lat' dir='ltr'><strong>messem</strong></span> 
     </span>
    </p>
   </div>
   <div class='ocr_carea' id='block_1_55' title="bbox 2181 2573 3788 2646">
    <p class='ocr_par' dir='ltr' id='par_1_55' title="bbox 2181 2573 3788 2646">
     <span class='ocr_line' id='line_1_55' title="bbox 2181 2573 3788 2646; baseline 0 -16"><span class='ocrx_word' id='word_1_406' title='bbox 2181 2573 2286 2630; x_wconf 90' lang='lat' dir='ltr'><strong>sub</strong></span> <span class='ocrx_word' id='word_1_407' title='bbox 2313 2589 2438 2630; x_wconf 90' lang='lat' dir='ltr'><strong>rore</strong></span> <span class='ocrx_word' id='word_1_408' title='bbox 2484 2581 2842 2643; x_wconf 88' lang='lat' dir='ltr'><strong>crescentem,</strong></span> <span class='ocrx_word' id='word_1_409' title='bbox 2869 2574 2986 2630; x_wconf 89' lang='lat' dir='ltr'><strong>ait:</strong></span> <span class='ocrx_word' id='word_1_410' title='bbox 3024 2577 3101 2632; x_wconf 91' lang='lat' dir='ltr'><strong>Et</strong></span> <span class='ocrx_word' id='word_1_411' title='bbox 3125 2576 3305 2646; x_wconf 86' lang='lat' dir='ltr'><strong>gratia</strong></span> <span class='ocrx_word' id='word_1_412' title='bbox 3338 2575 3456 2645; x_wconf 87' lang='lat' dir='ltr'><strong>ejus</strong></span> <span class='ocrx_word' id='word_1_413' title='bbox 3483 2576 3544 2631; x_wconf 89' lang='lat' dir='ltr'><strong>in</strong></span> <span class='ocrx_word' id='word_1_414' title='bbox 3588 2593 3670 2631; x_wconf 86' lang='lat' dir='ltr'><strong>me</strong></span> <span class='ocrx_word' id='word_1_415' title='bbox 3697 2591 3788 2630; x_wconf 53' lang='lat' dir='ltr'><strong>oar-</strong></span> 
     </span>
    </p>
   </div>
   <div class='ocr_carea' id='block_1_56' title="bbox 2181 2661 3783 2733">
    <p class='ocr_par' dir='ltr' id='par_1_56' title="bbox 2181 2661 3783 2733">
     <span class='ocr_line' id='line_1_56' title="bbox 2181 2661 3783 2733; baseline 0.001 -15"><span class='ocrx_word' id='word_1_416' title='bbox 2181 2679 2281 2718; x_wconf 88' lang='lat' dir='ltr'><strong>cua</strong></span> <span class='ocrx_word' id='word_1_417' title='bbox 2308 2679 2415 2718; x_wconf 91' lang='lat' dir='ltr'><strong>non</strong></span> <span class='ocrx_word' id='word_1_418' title='bbox 2441 2661 2570 2733; x_wconf 85' lang='lat' dir='ltr'><strong>fuit,</strong></span> <span class='ocrx_word' id='word_1_419' title='bbox 2588 2664 2680 2720; x_wconf 88' lang='lat' dir='ltr'><strong>sed</strong></span> <span class='ocrx_word' id='word_1_420' title='bbox 2721 2664 3080 2721; x_wconf 83' lang='lat' dir='ltr'><strong>abundantius</strong></span> <span class='ocrx_word' id='word_1_421' title='bbox 3105 2664 3218 2722; x_wconf 80' lang='lat' dir='ltr'><strong>illis</strong></span> <span class='ocrx_word' id='word_1_422' title='bbox 3259 2666 3504 2722; x_wconf 82' lang='lat' dir='ltr'><strong>omnibus</strong></span> <span class='ocrx_word' id='word_1_423' title='bbox 3535 2663 3783 2723; x_wconf 77' lang='lat' dir='ltr'><strong>laboravi.</strong></span> 
     </span>
    </p>
   </div>
   <div class='ocr_carea' id='block_1_57' title="bbox 2183 2750 2482 2825">
    <p class='ocr_par' dir='ltr' id='par_1_57' title="bbox 2183 2750 2482 2825">
     <span class='ocr_line' id='line_1_57' title="bbox 2183 2750 2482 2825; baseline 0.003 -18"><span class='ocrx_word' id='word_1_424' title='bbox 2183 2750 2444 2825; x_wconf 87' lang='lat' dir='ltr'><strong>Sequitur</strong></span> <span class='ocrx_word' id='word_1_425' title='bbox 2469 2767 2482 2807; x_wconf 92' lang='lat'><strong>:</strong></span> 
     </span>
    </p>
   </div>
   <div class='ocr_carea' id='block_1_58' title="bbox 2751 2876 3204 2935">
    <p class='ocr_par' dir='ltr' id='par_1_58' title="bbox 2751 2876 3204 2935">
     <span class='ocr_line' id='line_1_58' title="bbox 2751 2876 3204 2935; baseline 0.002 -1"><span class='ocrx_word' id='word_1_426' title='bbox 2751 2876 2981 2935; x_wconf 83' lang='lat' dir='ltr'><strong>CAPUT</strong></span> <span class='ocrx_word' id='word_1_427' title='bbox 3017 2877 3204 2935; x_wconf 81' lang='lat' dir='ltr'><strong>XXX.</strong></span> 
     </span>
    </p>
   </div>
   <div class='ocr_carea' id='block_1_59' title="bbox 2253 2984 3788 3061">
    <p class='ocr_par' dir='ltr' id='par_1_59' title="bbox 2253 2984 3788 3061">
     <span class='ocr_line' id='line_1_59' title="bbox 2253 2984 3788 3061; baseline 0.001 -18"><span class='ocrx_word' id='word_1_428' title='bbox 2253 2984 2424 3043; x_wconf 74' lang='lat' dir='ltr'><strong>Vsus.</strong></span> <span class='ocrx_word' id='word_1_429' title='bbox 2462 2984 2552 3043; x_wconf 76' lang='lat'><strong>20.</strong></span> <span class='ocrx_word' id='word_1_430' title='bbox 2582 3015 2654 3028; x_wconf 91' lang='lat'><strong>—</strong></span> <span class='ocrx_word' id='word_1_431' title='bbox 2686 2986 2878 3043; x_wconf 80' lang='lat' dir='ltr'><strong>Gloria</strong></span> <span class='ocrx_word' id='word_1_432' title='bbox 2917 3004 3033 3043; x_wconf 86' lang='lat' dir='ltr'><strong>mea</strong></span> <span class='ocrx_word' id='word_1_433' title='bbox 3073 3003 3276 3060; x_wconf 83' lang='lat' dir='ltr'><strong>semper</strong></span> <span class='ocrx_word' id='word_1_434' title='bbox 3315 2986 3687 3061; x_wconf 77' lang='lat' dir='ltr'><strong>innovabitur,</strong></span> <span class='ocrx_word' id='word_1_435' title='bbox 3744 2991 3788 3046; x_wconf 82' lang='lat' dir='ltr'><strong>et</strong></span> 
     </span>
    </p>
   </div>
   <div class='ocr_carea' id='block_1_60' title="bbox 2181 3074 3366 3133">
    <p class='ocr_par' dir='ltr' id='par_1_60' title="bbox 2181 3074 3366 3133">
     <span class='ocr_line' id='line_1_60' title="bbox 2181 3074 3366 3133; baseline 0.003 -3"><span class='ocrx_word' id='word_1_436' title='bbox 2181 3092 2341 3130; x_wconf 89' lang='lat' dir='ltr'><strong>arcus</strong></span> <span class='ocrx_word' id='word_1_437' title='bbox 2364 3091 2508 3130; x_wconf 86' lang='lat' dir='ltr'><strong>meus</strong></span> <span class='ocrx_word' id='word_1_438' title='bbox 2535 3074 2594 3130; x_wconf 89' lang='lat' dir='ltr'><strong>in</strong></span> <span class='ocrx_word' id='word_1_439' title='bbox 2618 3092 2783 3130; x_wconf 87' lang='lat' dir='ltr'><strong>manu</strong></span> <span class='ocrx_word' id='word_1_440' title='bbox 2807 3092 2922 3131; x_wconf 88' lang='lat' dir='ltr'><strong>mea</strong></span> <span class='ocrx_word' id='word_1_441' title='bbox 2950 3075 3366 3133; x_wconf 88' lang='lat' dir='ltr'><strong>instaurabitur.</strong></span> 
     </span>
    </p>
   </div>
   <div class='ocr_carea' id='block_1_61' title="bbox 463 3139 2069 3238">
    <p class='ocr_par' dir='ltr' id='par_1_61' title="bbox 463 3139 2069 3218">
     <span class='ocr_line' id='line_1_61' title="bbox 463 3139 2069 3218; baseline 0.006 -22"><span class='ocrx_word' id='word_1_442' title='bbox 463 3139 663 3213; x_wconf 88' lang='lat' dir='ltr'><strong>pienda</strong></span> <span class='ocrx_word' id='word_1_443' title='bbox 690 3141 942 3198; x_wconf 86' lang='lat' dir='ltr'><strong>veritatis</strong></span> <span class='ocrx_word' id='word_1_444' title='bbox 966 3143 1176 3199; x_wconf 86' lang='lat' dir='ltr'><strong>ﬂuenta</strong></span> <span class='ocrx_word' id='word_1_445' title='bbox 1203 3144 1440 3200; x_wconf 87' lang='lat' dir='ltr'><strong>latenter</strong></span> <span class='ocrx_word' id='word_1_446' title='bbox 1465 3145 1726 3218; x_wconf 87' lang='lat' dir='ltr'><strong>cogitatio</strong></span> <span class='ocrx_word' id='word_1_447' title='bbox 1747 3148 1950 3205; x_wconf 89' lang='lat' dir='ltr'><strong>mentis</strong></span> <span class='ocrx_word' id='word_1_448' title='bbox 1977 3165 2069 3205; x_wconf 86' lang='lat' dir='ltr'><strong>ex-</strong></span> 
     </span>
    </p>
   </div>
   <div class='ocr_carea' id='block_1_62' title="bbox 2184 3139 3786 3238">
    <p class='ocr_par' dir='ltr' id='par_1_62' title="bbox 2250 3164 3786 3238">
     <span class='ocr_line' id='line_1_62' title="bbox 2250 3164 3786 3238; baseline 0.003 -16"><span class='ocrx_word' id='word_1_449' title='bbox 2250 3164 2340 3222; x_wconf 81' lang='grc'><strong>53.</strong></span> <span class='ocrx_word' id='word_1_450' title='bbox 2372 3165 2611 3222; x_wconf 87' lang='lat' dir='ltr'><strong>Ecclesia</strong></span> <span class='ocrx_word' id='word_1_451' title='bbox 2638 3165 2787 3236; x_wconf 79' lang='lat' dir='ltr'><strong>deﬂet</strong></span> <span class='ocrx_word' id='word_1_452' title='bbox 2809 3165 2950 3238; x_wconf 79' lang='lat' dir='ltr'><strong>ﬁlios</strong></span> <span class='ocrx_word' id='word_1_453' title='bbox 2981 3183 3112 3238; x_wconf 86' lang='lat' dir='ltr'><strong>quos</strong></span> <span class='ocrx_word' id='word_1_454' title='bbox 3149 3167 3221 3223; x_wconf 88' lang='lat' dir='ltr'><strong>ad</strong></span> <span class='ocrx_word' id='word_1_455' title='bbox 3245 3172 3471 3224; x_wconf 79' lang='lat' dir='ltr'><strong>veterem</strong></span> <span class='ocrx_word' id='word_1_456' title='bbox 3516 3169 3682 3226; x_wconf 76' lang='lat' dir='ltr'><strong>vitam</strong></span> <span class='ocrx_word' id='word_1_457' title='bbox 3699 3187 3786 3226; x_wconf 82' lang='lat' dir='ltr'><strong>re-</strong></span> 
     </span>
    </p>
   </div>
   <div class='ocr_carea' id='block_1_63' title="bbox 465 3229 2070 3310">
    <p class='ocr_par' dir='ltr' id='par_1_63' title="bbox 465 3229 2070 3310">
     <span class='ocr_line' id='line_1_63' title="bbox 465 3229 2070 3310; baseline 0.007 -24"><span class='ocrx_word' id='word_1_458' title='bbox 465 3229 748 3304; x_wconf 79' lang='lat' dir='ltr'><strong>penditur.</strong></span> <span class='ocrx_word' id='word_1_459' title='bbox 791 3233 863 3289; x_wconf 91' lang='lat' dir='ltr'><strong>Ut</strong></span> <span class='ocrx_word' id='word_1_460' title='bbox 906 3232 1056 3290; x_wconf 91' lang='lat' dir='ltr'><strong>enim</strong></span> <span class='ocrx_word' id='word_1_461' title='bbox 1103 3233 1164 3290; x_wconf 93' lang='lat' dir='ltr'><strong>in</strong></span> <span class='ocrx_word' id='word_1_462' title='bbox 1202 3234 1472 3308; x_wconf 89' lang='lat' dir='ltr'><strong>superiori</strong></span> <span class='ocrx_word' id='word_1_463' title='bbox 1509 3238 1652 3294; x_wconf 88' lang='lat' dir='ltr'><strong>libro</strong></span> <span class='ocrx_word' id='word_1_464' title='bbox 1673 3238 1788 3310; x_wconf 85' lang='lat' dir='ltr'><strong>jam</strong></span> <span class='ocrx_word' id='word_1_465' title='bbox 1821 3239 2070 3298; x_wconf 83' lang='lat' dir='ltr'><strong>diximus</strong></span> 
     </span>
    </p>
   </div>
   <div class='ocr_carea' id='block_1_64' title="bbox 470 3317 2072 3400">
    <p class='ocr_par' dir='ltr' id='par_1_64' title="bbox 470 3317 2072 3400">
     <span class='ocr_line' id='line_1_64' title="bbox 470 3317 2072 3400; baseline 0.007 -26"><span class='ocrx_word' id='word_1_466' title='bbox 470 3317 615 3390; x_wconf 88' lang='lat' dir='ltr'><strong>(Lib.</strong></span> <span class='ocrx_word' id='word_1_467' title='bbox 645 3334 772 3388; x_wconf 78' lang='lat' dir='ltr'><strong>vni,</strong></span> <span class='ocrx_word' id='word_1_468' title='bbox 801 3336 858 3376; x_wconf 78' lang='grc' dir='ltr'><strong>η.</strong></span> <span class='ocrx_word' id='word_1_469' title='bbox 887 3319 1008 3392; x_wconf 90' lang='grc'><strong>81),</strong></span> <span class='ocrx_word' id='word_1_470' title='bbox 1037 3321 1178 3378; x_wconf 87' lang='lat' dir='ltr'><strong>solet</strong></span> <span class='ocrx_word' id='word_1_471' title='bbox 1209 3321 1266 3378; x_wconf 89' lang='lat' dir='ltr'><strong>in</strong></span> <span class='ocrx_word' id='word_1_472' title='bbox 1291 3340 1447 3381; x_wconf 90' lang='lat' dir='ltr'><strong>sacro</strong></span> <span class='ocrx_word' id='word_1_473' title='bbox 1477 3325 1700 3400; x_wconf 91' lang='lat' dir='ltr'><strong>eloquio</strong></span> <span class='ocrx_word' id='word_1_474' title='bbox 1728 3326 1930 3385; x_wconf 88' lang='lat' dir='ltr'><strong>radicis</strong></span> <span class='ocrx_word' id='word_1_475' title='bbox 1956 3345 2072 3386; x_wconf 90' lang='lat' dir='ltr'><strong>no-</strong></span> 
     </span>
    </p>
   </div>
   <div class='ocr_carea' id='block_1_65' title="bbox 463 3405 2066 3490">
    <p class='ocr_par' dir='ltr' id='par_1_65' title="bbox 463 3405 2066 3490">
     <span class='ocr_line' id='line_1_65' title="bbox 463 3405 2066 3490; baseline 0.009 -28"><span class='ocrx_word' id='word_1_476' title='bbox 463 3405 616 3462; x_wconf 90' lang='lat' dir='ltr'><strong>mine</strong></span> <span class='ocrx_word' id='word_1_477' title='bbox 645 3407 862 3464; x_wconf 89' lang='lat' dir='ltr'><strong>occulta</strong></span> <span class='ocrx_word' id='word_1_478' title='bbox 891 3408 1153 3480; x_wconf 87' lang='lat' dir='ltr'><strong>cogitatio</strong></span> <span class='ocrx_word' id='word_1_479' title='bbox 1175 3411 1471 3484; x_wconf 89' lang='lat' dir='ltr'><strong>designari.</strong></span> <span class='ocrx_word' id='word_1_480' title='bbox 1494 3413 1753 3472; x_wconf 82' lang='lat' dir='ltr'><strong>Radicem</strong></span> <span class='ocrx_word' id='word_1_481' title='bbox 1785 3415 1954 3490; x_wconf 89' lang='lat' dir='ltr'><strong>igitur</strong></span> <span class='ocrx_word' id='word_1_482' title='bbox 1972 3435 2066 3476; x_wconf 87' lang='lat' dir='ltr'><strong>no-</strong></span> 
     </span>
    </p>
   </div>
   <div class='ocr_carea' id='block_1_66' title="bbox 462 3499 2066 3572">
    <p class='ocr_par' dir='ltr' id='par_1_66' title="bbox 462 3499 2066 3572">
     <span class='ocr_line' id='line_1_66' title="bbox 462 3499 2066 3572; baseline 0.009 -22"><span class='ocrx_word' id='word_1_483' title='bbox 462 3501 634 3551; x_wconf 87' lang='lat' dir='ltr'><strong>stram</strong></span> <span class='ocrx_word' id='word_1_484' title='bbox 664 3511 820 3553; x_wconf 88' lang='lat' dir='ltr'><strong>secus</strong></span> <span class='ocrx_word' id='word_1_485' title='bbox 847 3513 1016 3570; x_wconf 91' lang='lat' dir='ltr'><strong>aquas</strong></span> <span class='ocrx_word' id='word_1_486' title='bbox 1044 3499 1340 3572; x_wconf 89' lang='lat' dir='ltr'><strong>aperimus,</strong></span> <span class='ocrx_word' id='word_1_487' title='bbox 1387 3519 1513 3560; x_wconf 89' lang='lat' dir='ltr'><strong>cum</strong></span> <span class='ocrx_word' id='word_1_488' title='bbox 1555 3503 1826 3562; x_wconf 86' lang='lat' dir='ltr'><strong>infusioni</strong></span> <span class='ocrx_word' id='word_1_489' title='bbox 1855 3505 2066 3565; x_wconf 85' lang='lat' dir='ltr'><strong>intima</strong></span> 
     </span>
    </p>
   </div>
   <div class='ocr_carea' id='block_1_67' title="bbox 461 3583 2063 3672">
    <p class='ocr_par' dir='ltr' id='par_1_67' title="bbox 461 3583 2063 3672">
     <span class='ocr_line' id='line_1_67' title="bbox 461 3583 2063 3672; baseline 0.006 -28"><span class='ocrx_word' id='word_1_490' title='bbox 461 3583 851 3657; x_wconf 85' lang='lat' dir='ltr'><strong>cogitationem</strong></span> <span class='ocrx_word' id='word_1_491' title='bbox 872 3585 1028 3644; x_wconf 90' lang='lat' dir='ltr'><strong>taciti</strong></span> <span class='ocrx_word' id='word_1_492' title='bbox 1047 3589 1231 3646; x_wconf 87' lang='lat' dir='ltr'><strong>cordis</strong></span> <span class='ocrx_word' id='word_1_493' title='bbox 1249 3590 1610 3650; x_wconf 83' lang='lat' dir='ltr'><strong>intendimus.</strong></span> <span class='ocrx_word' id='word_1_494' title='bbox 1633 3591 1772 3667; x_wconf 85' lang='lat' dir='ltr'><strong>[Vet.</strong></span> <span class='ocrx_word' id='word_1_495' title='bbox 1803 3597 1909 3654; x_wconf 80' lang='lat' dir='ltr'><em>XX</em></span> <span class='ocrx_word' id='word_1_496' title='bbox 1916 3599 2020 3656; x_wconf 87' lang='lat' dir='ltr'><strong>VII</strong></span> <span class='ocrx_word' id='word_1_497' title='bbox 2023 3597 2063 3672; x_wconf 87' lang='lat'><strong>.]</strong></span> 
     </span>
    </p>
   </div>
   <div class='ocr_carea' id='block_1_68' title="bbox 461 3674 2064 3745">
    <p class='ocr_par' dir='ltr' id='par_1_68' title="bbox 461 3674 2064 3745">
     <span class='ocr_line' id='line_1_68' title="bbox 461 3674 2064 3745; baseline 0.009 -15"><span class='ocrx_word' id='word_1_498' title='bbox 461 3674 593 3744; x_wconf 88' lang='lat' dir='ltr'><strong>Qua</strong></span> <span class='ocrx_word' id='word_1_499' title='bbox 630 3676 842 3734; x_wconf 89' lang='lat' dir='ltr'><strong>scilicet</strong></span> <span class='ocrx_word' id='word_1_500' title='bbox 887 3677 1054 3734; x_wconf 89' lang='lat' dir='ltr'><strong>verba</strong></span> <span class='ocrx_word' id='word_1_501' title='bbox 1085 3681 1106 3716; x_wconf 76' lang='grc'>³</span> <span class='ocrx_word' id='word_1_502' title='bbox 1151 3680 1198 3737; x_wconf 89' lang='lat' dir='ltr'><strong>si</strong></span> <span class='ocrx_word' id='word_1_503' title='bbox 1237 3680 1306 3737; x_wconf 88' lang='lat' dir='ltr'><strong>ad</strong></span> <span class='ocrx_word' id='word_1_504' title='bbox 1334 3699 1526 3740; x_wconf 89' lang='lat' dir='ltr'><strong>vocem</strong></span> <span class='ocrx_word' id='word_1_505' title='bbox 1557 3693 1760 3744; x_wconf 83' lang='lat' dir='ltr'><strong>sancta</strong></span> <span class='ocrx_word' id='word_1_506' title='bbox 1803 3688 2064 3745; x_wconf 88' lang='lat' dir='ltr'><strong>Ecclesia</strong></span> 
     </span>
    </p>
   </div>
   <div class='ocr_carea' id='block_1_69' title="bbox 459 3760 2064 3840">
    <p class='ocr_par' dir='ltr' id='par_1_69' title="bbox 459 3760 2064 3840">
     <span class='ocr_line' id='line_1_69' title="bbox 459 3760 2064 3840; baseline 0.01 -22"><span class='ocrx_word' id='word_1_507' title='bbox 459 3760 737 3833; x_wconf 89' lang='lat' dir='ltr'><strong>ducimus,</strong></span> <span class='ocrx_word' id='word_1_508' title='bbox 773 3765 936 3822; x_wconf 85' lang='lat' dir='ltr'><strong>radix</strong></span> <span class='ocrx_word' id='word_1_509' title='bbox 973 3766 1126 3824; x_wconf 88' lang='lat' dir='ltr'><strong>illius</strong></span> <span class='ocrx_word' id='word_1_510' title='bbox 1152 3768 1271 3840; x_wconf 90' lang='lat' dir='ltr'><strong>ipsa</strong></span> <span class='ocrx_word' id='word_1_511' title='bbox 1297 3769 1460 3826; x_wconf 89' lang='lat' dir='ltr'><strong>debet</strong></span> <span class='ocrx_word' id='word_1_512' title='bbox 1495 3772 1808 3830; x_wconf 88' lang='lat' dir='ltr'><strong>incarnatio</strong></span> <span class='ocrx_word' id='word_1_513' title='bbox 1839 3775 2064 3833; x_wconf 81' lang='lat' dir='ltr'><strong>Redem-</strong></span> 
     </span>
    </p>
   </div>
   <div class='ocr_carea' id='block_1_70' title="bbox 459 3851 2063 3934">
    <p class='ocr_par' dir='ltr' id='par_1_70' title="bbox 459 3851 2063 3934">
     <span class='ocr_line' id='line_1_70' title="bbox 459 3851 2063 3934; baseline 0.009 -27"><span class='ocrx_word' id='word_1_514' title='bbox 459 3851 633 3925; x_wconf 90' lang='lat' dir='ltr'><strong>ptoris</strong></span> <span class='ocrx_word' id='word_1_515' title='bbox 669 3851 928 3928; x_wconf 86' lang='lat' dir='ltr'><strong>intelligi.</strong></span> <span class='ocrx_word' id='word_1_516' title='bbox 968 3854 1100 3923; x_wconf 87' lang='lat' dir='ltr'><strong>Qua</strong></span> <span class='ocrx_word' id='word_1_517' title='bbox 1141 3855 1305 3929; x_wconf 86' lang='lat' dir='ltr'><strong>juxta</strong></span> <span class='ocrx_word' id='word_1_518' title='bbox 1351 3875 1520 3932; x_wconf 90' lang='lat' dir='ltr'><strong>aquas</strong></span> <span class='ocrx_word' id='word_1_519' title='bbox 1555 3869 1742 3934; x_wconf 88' lang='lat' dir='ltr'><strong>aperta</strong></span> <span class='ocrx_word' id='word_1_520' title='bbox 1783 3871 1885 3933; x_wconf 89' lang='lat' dir='ltr'><strong>est,</strong></span> <span class='ocrx_word' id='word_1_521' title='bbox 1928 3864 2063 3922; x_wconf 91' lang='lat' dir='ltr'><strong>dum</strong></span> 
     </span>
    </p>
   </div>
   <div class='ocr_carea' id='block_1_71' title="bbox 455 3941 2063 4020">
    <p class='ocr_par' dir='ltr' id='par_1_71' title="bbox 455 3941 2063 4020">
     <span class='ocr_line' id='line_1_71' title="bbox 455 3941 2063 4020; baseline 0.009 -23"><span class='ocrx_word' id='word_1_522' title='bbox 455 3942 602 3999; x_wconf 88' lang='lat' dir='ltr'><strong>Dens</strong></span> <span class='ocrx_word' id='word_1_523' title='bbox 630 3941 936 4001; x_wconf 89' lang='lat' dir='ltr'><strong>invisibilis</strong></span> <span class='ocrx_word' id='word_1_524' title='bbox 963 3961 1066 4018; x_wconf 90' lang='lat' dir='ltr'><strong>per</strong></span> <span class='ocrx_word' id='word_1_525' title='bbox 1089 3946 1522 4020; x_wconf 89' lang='lat' dir='ltr'><strong>assumptionem</strong></span> <span class='ocrx_word' id='word_1_526' title='bbox 1560 3949 1923 4011; x_wconf 88' lang='lat' dir='ltr'><strong>humanitatis</strong></span> <span class='ocrx_word' id='word_1_527' title='bbox 1951 3973 2063 4013; x_wconf 90' lang='lat' dir='ltr'><strong>sua</strong></span> 
     </span>
    </p>
   </div>
   <div class='ocr_carea' id='block_1_72' title="bbox 454 4032 2063 4120">
    <p class='ocr_par' dir='ltr' id='par_1_72' title="bbox 454 4032 2063 4120">
     <span class='ocr_line' id='line_1_72' title="bbox 454 4032 2063 4120; baseline 0.009 -33"><span class='ocrx_word' id='word_1_528' title='bbox 454 4032 633 4104; x_wconf 87' lang='lat' dir='ltr'><strong>patuit</strong></span> <span class='ocrx_word' id='word_1_529' title='bbox 651 4034 963 4107; x_wconf 87' lang='lat' dir='ltr'><strong>aspectibus</strong></span> <span class='ocrx_word' id='word_1_530' title='bbox 993 4035 1228 4094; x_wconf 87' lang='lat' dir='ltr'><strong>visionis</strong></span> <span class='ocrx_word' id='word_1_531' title='bbox 1254 4038 1714 4098; x_wconf 86' lang='lat' dir='ltr'><strong>nostra.Creator</strong></span> <span class='ocrx_word' id='word_1_532' title='bbox 1735 4042 1939 4118; x_wconf 90' lang='lat' dir='ltr'><strong>quippe</strong></span> <span class='ocrx_word' id='word_1_533' title='bbox 1966 4045 2063 4120; x_wconf 87' lang='lat' dir='ltr'><strong>qui</strong></span> 
     </span>
    </p>
   </div>
   <div class='ocr_carea' id='block_1_73' title="bbox 455 4127 2062 4218">
    <p class='ocr_par' dir='ltr' id='par_1_73' title="bbox 455 4127 2062 4218">
     <span class='ocr_line' id='line_1_73' title="bbox 455 4127 2062 4218; baseline 0.012 -36"><span class='ocrx_word' id='word_1_534' title='bbox 455 4127 516 4183; x_wconf 90' lang='lat' dir='ltr'><strong>in</strong></span> <span class='ocrx_word' id='word_1_535' title='bbox 546 4127 840 4186; x_wconf 87' lang='lat' dir='ltr'><strong>divinitate</strong></span> <span class='ocrx_word' id='word_1_536' title='bbox 869 4131 1051 4189; x_wconf 90' lang='lat' dir='ltr'><strong>videri</strong></span> <span class='ocrx_word' id='word_1_537' title='bbox 1079 4132 1226 4192; x_wconf 81' lang='lat'><strong>832</strong></span> <span class='ocrx_word' id='word_1_538' title='bbox 1263 4154 1376 4196; x_wconf 92' lang='lat' dir='ltr'><strong>non</strong></span> <span class='ocrx_word' id='word_1_539' title='bbox 1418 4147 1654 4212; x_wconf 88' lang='lat' dir='ltr'><strong>poterat,</strong></span> <span class='ocrx_word' id='word_1_540' title='bbox 1695 4143 1996 4218; x_wconf 89' lang='lat' dir='ltr'><strong>assumpsit</strong></span> <span class='ocrx_word' id='word_1_541' title='bbox 2031 4161 2062 4201; x_wconf 92' lang='lat' dir='ltr'><strong>a</strong></span> 
     </span>
    </p>
   </div>
   <div class='ocr_carea' id='block_1_74' title="bbox 455 4215 2062 4306">
    <p class='ocr_par' dir='ltr' id='par_1_74' title="bbox 455 4215 2062 4306">
     <span class='ocr_line' id='line_1_74' title="bbox 455 4215 2062 4306; baseline 0.011 -35"><span class='ocrx_word' id='word_1_542' title='bbox 455 4215 616 4273; x_wconf 88' lang='lat' dir='ltr'><strong>nobis</strong></span> <span class='ocrx_word' id='word_1_543' title='bbox 631 4218 780 4274; x_wconf 90' lang='lat' dir='ltr'><strong>unde</strong></span> <span class='ocrx_word' id='word_1_544' title='bbox 795 4219 1078 4278; x_wconf 84' lang='lat' dir='ltr'><strong>videretur</strong></span> <span class='ocrx_word' id='word_1_545' title='bbox 1104 4241 1137 4280; x_wconf 90' lang='lat' dir='ltr'><strong>a</strong></span> <span class='ocrx_word' id='word_1_546' title='bbox 1165 4225 1344 4283; x_wconf 88' lang='lat' dir='ltr'><strong>nobis.</strong></span> <span class='ocrx_word' id='word_1_547' title='bbox 1364 4227 1544 4284; x_wconf 85' lang='lat' dir='ltr'><strong>Radix</strong></span> <span class='ocrx_word' id='word_1_548' title='bbox 1573 4245 1702 4302; x_wconf 86' lang='lat' dir='ltr'><strong>ergo</strong></span> <span class='ocrx_word' id='word_1_549' title='bbox 1720 4247 1875 4288; x_wconf 90' lang='lat' dir='ltr'><strong>secus</strong></span> <span class='ocrx_word' id='word_1_550' title='bbox 1887 4215 2062 4306; x_wconf 75' lang='lat' dir='ltr'><strong>aquas</strong></span> 
     </span>
    </p>
   </div>
   <div class='ocr_carea' id='block_1_75' title="bbox 452 4305 2060 4389">
    <p class='ocr_par' dir='ltr' id='par_1_75' title="bbox 452 4305 2060 4389">
     <span class='ocr_line' id='line_1_75' title="bbox 452 4305 2060 4389; baseline 0.011 -30"><span class='ocrx_word' id='word_1_551' title='bbox 452 4305 722 4378; x_wconf 87' lang='lat' dir='ltr'><strong>aperitur,</strong></span> <span class='ocrx_word' id='word_1_552' title='bbox 753 4307 884 4381; x_wconf 88' lang='lat' dir='ltr'><strong>quia</strong></span> <span class='ocrx_word' id='word_1_553' title='bbox 910 4317 1103 4366; x_wconf 88' lang='lat' dir='ltr'><strong>auctor</strong></span> <span class='ocrx_word' id='word_1_554' title='bbox 1129 4311 1361 4368; x_wconf 89' lang='lat' dir='ltr'><strong>humani</strong></span> <span class='ocrx_word' id='word_1_555' title='bbox 1394 4317 1607 4386; x_wconf 86' lang='lat' dir='ltr'><strong>generis</strong></span> <span class='ocrx_word' id='word_1_556' title='bbox 1626 4332 1722 4389; x_wconf 90' lang='lat' dir='ltr'><strong>per</strong></span> <span class='ocrx_word' id='word_1_557' title='bbox 1750 4305 2060 4377; x_wconf 75' lang='lat' dir='ltr'><strong>humanita-</strong></span> 
     </span>
    </p>
   </div>
   <div class='ocr_carea' id='block_1_76' title="bbox 452 4395 2060 4481">
    <p class='ocr_par' dir='ltr' id='par_1_76' title="bbox 452 4395 2060 4481">
     <span class='ocr_line' id='line_1_76' title="bbox 452 4395 2060 4481; baseline 0.011 -33"><span class='ocrx_word' id='word_1_558' title='bbox 452 4399 564 4448; x_wconf 90' lang='lat' dir='ltr'><strong>tem</strong></span> <span class='ocrx_word' id='word_1_559' title='bbox 591 4409 747 4452; x_wconf 90' lang='lat' dir='ltr'><strong>suam</strong></span> <span class='ocrx_word' id='word_1_560' title='bbox 778 4395 1101 4456; x_wconf 88' lang='lat' dir='ltr'><strong>hominibus</strong></span> <span class='ocrx_word' id='word_1_561' title='bbox 1129 4399 1558 4461; x_wconf 89' lang='lat' dir='ltr'><strong>demonstratur.</strong></span> <span class='ocrx_word' id='word_1_562' title='bbox 1577 4404 1734 4462; x_wconf 90' lang='lat' dir='ltr'><strong>Unde</strong></span> <span class='ocrx_word' id='word_1_563' title='bbox 1755 4415 1902 4464; x_wconf 89' lang='lat' dir='ltr'><strong>recte</strong></span> <span class='ocrx_word' id='word_1_564' title='bbox 1927 4425 2060 4481; x_wconf 87' lang='lat' dir='ltr'><strong>quo-</strong></span> 
     </span>
    </p>
   </div>
   <div class='ocr_carea' id='block_1_77' title="bbox 452 4484 2060 4570">
    <p class='ocr_par' dir='ltr' id='par_1_77' title="bbox 452 4484 2060 4570">
     <span class='ocr_line' id='line_1_77' title="bbox 452 4484 2060 4570; baseline 0.012 -34"><span class='ocrx_word' id='word_1_565' title='bbox 452 4497 558 4554; x_wconf 89' lang='lat' dir='ltr'><strong>que</strong></span> <span class='ocrx_word' id='word_1_566' title='bbox 585 4499 683 4556; x_wconf 88' lang='lat' dir='ltr'><strong>per</strong></span> <span class='ocrx_word' id='word_1_567' title='bbox 708 4484 1055 4544; x_wconf 88' lang='lat' dir='ltr'><strong>Psalmistam</strong></span> <span class='ocrx_word' id='word_1_568' title='bbox 1087 4489 1328 4548; x_wconf 91' lang='lat' dir='ltr'><strong>dicitur:</strong></span> <span class='ocrx_word' id='word_1_569' title='bbox 1361 4494 1438 4550; x_wconf 89' lang='lat' dir='ltr'><strong>Et</strong></span> <span class='ocrx_word' id='word_1_570' title='bbox 1458 4493 1560 4549; x_wconf 87' lang='lat' dir='ltr'><strong>erit</strong></span> <span class='ocrx_word' id='word_1_571' title='bbox 1590 4500 1842 4566; x_wconf 85' lang='lat' dir='ltr'><strong>tanquam</strong></span> <span class='ocrx_word' id='word_1_572' title='bbox 1861 4497 2060 4570; x_wconf 80' lang='lat' dir='ltr'><strong>lignum</strong></span> 
     </span>
    </p>
   </div>
   <div class='ocr_carea' id='block_1_78' title="bbox 450 4571 2056 4658">
    <p class='ocr_par' dir='ltr' id='par_1_78' title="bbox 450 4571 2056 4658">
     <span class='ocr_line' id='line_1_78' title="bbox 450 4571 2056 4658; baseline 0.012 -33"><span class='ocrx_word' id='word_1_573' title='bbox 450 4571 592 4658; x_wconf 70' lang='lat' dir='ltr'><strong>quod</strong></span> <span class='ocrx_word' id='word_1_574' title='bbox 613 4574 920 4643; x_wconf 87' lang='lat' dir='ltr'><strong>plantatum</strong></span> <span class='ocrx_word' id='word_1_575' title='bbox 949 4583 1024 4632; x_wconf 88' lang='lat' dir='ltr'><strong>est</strong></span> <span class='ocrx_word' id='word_1_576' title='bbox 1049 4594 1194 4634; x_wconf 85' lang='lat' dir='ltr'><strong>secus</strong></span> <span class='ocrx_word' id='word_1_577' title='bbox 1221 4579 1472 4637; x_wconf 85' lang='lat' dir='ltr'><strong>decursus</strong></span> <span class='ocrx_word' id='word_1_578' title='bbox 1507 4599 1776 4654; x_wconf 88' lang='lat' dir='ltr'><strong>aquarum</strong></span> <span class='ocrx_word' id='word_1_579' title='bbox 1807 4585 1981 4658; x_wconf 89' lang='lat' dir='ltr'><strong>(Psal.</strong></span> <span class='ocrx_word' id='word_1_580' title='bbox 2015 4604 2056 4658; x_wconf 84' lang='lat'><strong>1,</strong></span> 
     </span>
    </p>
   </div>
   <div class='ocr_carea' id='block_1_79' title="bbox 448 4653 2054 4742">
    <p class='ocr_par' dir='ltr' id='par_1_79' title="bbox 448 4653 2054 4742">
     <span class='ocr_line' id='line_1_79' title="bbox 448 4653 2054 4742; baseline 0.011 -30"><span class='ocrx_word' id='word_1_581' title='bbox 448 4653 530 4728; x_wconf 87' lang='lat'><strong>3).</strong></span> <span class='ocrx_word' id='word_1_582' title='bbox 547 4656 824 4742; x_wconf 87' lang='lat' dir='ltr'><strong>Decursus</strong></span> <span class='ocrx_word' id='word_1_583' title='bbox 844 4659 1048 4734; x_wconf 90' lang='lat' dir='ltr'><strong>quippe</strong></span> <span class='ocrx_word' id='word_1_584' title='bbox 1063 4677 1332 4736; x_wconf 90' lang='lat' dir='ltr'><strong>aquarum</strong></span> <span class='ocrx_word' id='word_1_585' title='bbox 1369 4675 1500 4724; x_wconf 89' lang='lat' dir='ltr'><strong>sunt</strong></span> <span class='ocrx_word' id='word_1_586' title='bbox 1528 4653 1840 4742; x_wconf 80' lang='lat' dir='ltr'><strong>quotidiani</strong></span> <span class='ocrx_word' id='word_1_587' title='bbox 1861 4653 2054 4730; x_wconf 52' lang='lat' dir='ltr'><strong>transi;</strong></span> 
     </span>
    </p>
   </div>
   <div class='ocr_carea' id='block_1_80' title="bbox 446 4741 2056 4830">
    <p class='ocr_par' dir='ltr' id='par_1_80' title="bbox 446 4741 2056 4830">
     <span class='ocr_line' id='line_1_80' title="bbox 446 4741 2056 4830; baseline 0.011 -30"><span class='ocrx_word' id='word_1_588' title='bbox 446 4750 537 4801; x_wconf 87' lang='lat' dir='ltr'><strong>tus</strong></span> <span class='ocrx_word' id='word_1_589' title='bbox 557 4741 938 4804; x_wconf 88' lang='lat' dir='ltr'><strong>deﬁcientium</strong></span> <span class='ocrx_word' id='word_1_590' title='bbox 959 4751 1312 4824; x_wconf 89' lang='lat' dir='ltr'><strong>populorum.</strong></span> <span class='ocrx_word' id='word_1_591' title='bbox 1337 4755 1410 4811; x_wconf 90' lang='lat' dir='ltr'><strong>Et</strong></span> <span class='ocrx_word' id='word_1_592' title='bbox 1429 4754 1497 4812; x_wconf 92' lang='lat' dir='ltr'><strong>de</strong></span> <span class='ocrx_word' id='word_1_593' title='bbox 1516 4741 1811 4830; x_wconf 90' lang='lat' dir='ltr'><strong>semetipsa</strong></span> <span class='ocrx_word' id='word_1_594' title='bbox 1837 4759 2056 4818; x_wconf 87' lang='lat' dir='ltr'><strong>Veritas</strong></span> 
     </span>
    </p>
   </div>
   <div class='ocr_carea' id='block_1_81' title="bbox 443 4831 2056 4924">
    <p class='ocr_par' dir='ltr' id='par_1_81' title="bbox 443 4831 2056 4924">
     <span class='ocr_line' id='line_1_81' title="bbox 443 4831 2056 4924; baseline 0.011 -34"><span class='ocrx_word' id='word_1_595' title='bbox 443 4831 617 4893; x_wconf 87' lang='lat' dir='ltr'><strong>dicit:</strong></span> <span class='ocrx_word' id='word_1_596' title='bbox 647 4834 709 4892; x_wconf 89' lang='lat' dir='ltr'><strong>Si</strong></span> <span class='ocrx_word' id='word_1_597' title='bbox 733 4835 792 4892; x_wconf 86' lang='lat' dir='ltr'><strong>in</strong></span> <span class='ocrx_word' id='word_1_598' title='bbox 821 4837 966 4910; x_wconf 86' lang='lat' dir='ltr'><strong>ligno</strong></span> <span class='ocrx_word' id='word_1_599' title='bbox 994 4839 1160 4899; x_wconf 81' lang='lat' dir='ltr'><strong>viridi</strong></span> <span class='ocrx_word' id='word_1_600' title='bbox 1186 4842 1293 4900; x_wconf 73' lang='lat' dir='ltr'><strong>hac</strong></span> <span class='ocrx_word' id='word_1_601' title='bbox 1317 4841 1548 4916; x_wconf 84' lang='lat' dir='ltr'><strong>faciunt,</strong></span> <span class='ocrx_word' id='word_1_602' title='bbox 1567 4845 1628 4902; x_wconf 89' lang='lat' dir='ltr'><strong>in</strong></span> <span class='ocrx_word' id='word_1_603' title='bbox 1643 4847 1803 4906; x_wconf 84' lang='lat' dir='ltr'><strong>arido</strong></span> <span class='ocrx_word' id='word_1_604' title='bbox 1817 4849 1948 4923; x_wconf 83' lang='lat' dir='ltr'><strong>quid</strong></span> <span class='ocrx_word' id='word_1_605' title='bbox 1965 4850 2056 4924; x_wconf 78' lang='lat' dir='ltr'><strong>fiet</strong></span> 
     </span>
    </p>
   </div>
   <div class='ocr_carea' id='block_1_82' title="bbox 485 5118 2045 5210">
    <p class='ocr_par' dir='ltr' id='par_1_82' title="bbox 485 5118 2045 5210">
     <span class='ocr_line' id='line_1_82' title="bbox 485 5118 2045 5210; baseline -0.004 0"><span class='ocrx_word' id='word_1_606' title='bbox 485 5118 629 5210; x_wconf 59' lang='grc' dir='ltr'><strong>εζΞὲ</strong></span> <span class='ocrx_word' id='word_1_607' title='bbox 655 5129 864 5210; x_wconf 50' lang='lat' dir='ltr'><strong>secat-</strong></span> <span class='ocrx_word' id='word_1_608' title='bbox 894 5121 1002 5210; x_wconf 73' lang='grc' dir='ltr'><strong>Εςιο</strong></span> <span class='ocrx_word' id='word_1_609' title='bbox 1035 5123 1298 5210; x_wconf 54' lang='lat' dir='ltr'><strong>omissam</strong></span> <span class='ocrx_word' id='word_1_610' title='bbox 1327 5128 1655 5199; x_wconf 72' lang='lat' dir='ltr'><strong>particulam</strong></span> <span class='ocrx_word' id='word_1_611' title='bbox 1677 5148 1784 5206; x_wconf 79' lang='lat' dir='ltr'><strong>pro</strong></span> <span class='ocrx_word' id='word_1_612' title='bbox 1811 5137 2045 5210; x_wconf 76' lang='lat' dir='ltr'><strong>supple-</strong></span> 
     </span>
    </p>
   </div>
   <div class='ocr_carea' id='block_1_83' title="bbox 441 5196 1309 5280">
    <p class='ocr_par' dir='ltr' id='par_1_83' title="bbox 441 5196 1309 5280">
     <span class='ocr_line' id='line_1_83' title="bbox 441 5196 1309 5280; baseline 0.002 -1"><span class='ocrx_word' id='word_1_613' title='bbox 441 5196 725 5280; x_wconf 51' lang='lat'><strong>&quot;‘99:?!</strong></span> <span class='ocrx_word' id='word_1_614' title='bbox 752 5196 882 5280; x_wconf 64' lang='grc' dir='ltr'><strong>Μξε·</strong></span> <span class='ocrx_word' id='word_1_615' title='bbox 909 5201 1106 5280; x_wconf 56' lang='grc' dir='ltr'><strong>ΞὲΝβι</strong></span> <span class='ocrx_word' id='word_1_616' title='bbox 1143 5197 1309 5280; x_wconf 62' lang='lat' dir='ltr'><strong>X018-</strong></span> 
     </span>
    </p>
   </div>
   <div class='ocr_carea' id='block_1_84' title="bbox 513 5258 2042 5348">
    <p class='ocr_par' dir='ltr' id='par_1_84' title="bbox 513 5258 2042 5348">
     <span class='ocr_line' id='line_1_84' title="bbox 513 5258 2042 5348; baseline 0.014 -33"><span class='ocrx_word' id='word_1_617' title='bbox 513 5258 776 5348; x_wconf 3' lang='lat' dir='ltr'><strong>fqiilitiose</strong></span> <span class='ocrx_word' id='word_1_618' title='bbox 809 5265 872 5322; x_wconf 91' lang='lat' dir='ltr'><strong>in</strong></span> <span class='ocrx_word' id='word_1_619' title='bbox 904 5267 1102 5348; x_wconf 72' lang='lat' dir='ltr'><strong>Gilot.,</strong></span> <span class='ocrx_word' id='word_1_620' title='bbox 1143 5258 1350 5348; x_wconf 34' lang='lat' dir='ltr'><strong>vatio.)</strong></span> <span class='ocrx_word' id='word_1_621' title='bbox 1385 5271 1684 5348; x_wconf 73' lang='lat' dir='ltr'><strong>Gus_sanv.,</strong></span> <span class='ocrx_word' id='word_1_622' title='bbox 1721 5278 1880 5348; x_wconf 86' lang='lat' dir='ltr'><strong>quasi</strong></span> <span class='ocrx_word' id='word_1_623' title='bbox 1905 5281 2042 5336; x_wconf 85' lang='lat' dir='ltr'><strong>enim</strong></span> 
     </span>
    </p>
   </div>
   <div class='ocr_carea' id='block_1_85' title="bbox 433 5329 2043 5458">
    <p class='ocr_par' dir='ltr' id='par_1_85' title="bbox 433 5329 2043 5458">
     <span class='ocr_line' id='line_1_85' title="bbox 433 5329 2043 5458; baseline 0.015 -74"><span class='ocrx_word' id='word_1_624' title='bbox 433 5329 696 5458; x_wconf 43' lang='lat' dir='ltr'><strong>pagum.</strong></span> <span class='ocrx_word' id='word_1_625' title='bbox 727 5335 963 5394; x_wconf 89' lang='lat' dir='ltr'><strong>Emend.</strong></span> <span class='ocrx_word' id='word_1_626' title='bbox 994 5354 1064 5395; x_wconf 86' lang='lat' dir='ltr'><strong>ex</strong></span> <span class='ocrx_word' id='word_1_627' title='bbox 1084 5329 1265 5416; x_wconf 75' lang='lat' dir='ltr'><strong>antiq.</strong></span> <span class='ocrx_word' id='word_1_628' title='bbox 1298 5329 1435 5402; x_wconf 80' lang='lat' dir='ltr'><strong>Cod.</strong></span> <span class='ocrx_word' id='word_1_629' title='bbox 1465 5329 1598 5405; x_wconf 73' lang='lat' dir='ltr'><strong>sive</strong></span> <span class='ocrx_word' id='word_1_630' title='bbox 1618 5329 2043 5410; x_wconf 45' lang='lat' dir='ltr'><strong>Emisit-bii:</strong></span> 
     </span>
    </p>
   </div>
   <div class='ocr_carea' id='block_1_86' title="bbox 511 5473 1352 5556">
    <p class='ocr_par' dir='ltr' id='par_1_86' title="bbox 511 5473 1352 5556">
     <span class='ocr_line' id='line_1_86' title="bbox 511 5473 1352 5556; baseline 0.018 -28"><span class='ocrx_word' id='word_1_631' title='bbox 511 5473 534 5556; x_wconf 61' lang='grc' dir='ltr'><em>ξ</em></span> <span class='ocrx_word' id='word_1_632' title='bbox 561 5473 680 5556; x_wconf 52' lang='grc' dir='ltr'><strong>ἐμ,</strong></span> <span class='ocrx_word' id='word_1_633' title='bbox 704 5478 1079 5556; x_wconf 77' lang='lat' dir='ltr'><strong>persecutionis</strong></span> <span class='ocrx_word' id='word_1_634' title='bbox 1109 5487 1352 5556; x_wconf 87' lang='lat' dir='ltr'><strong>tempore.</strong></span> 
     </span>
    </p>
   </div>
   <div class='ocr_carea' id='block_1_87' title="bbox 509 5543 2039 5634">
    <p class='ocr_par' dir='ltr' id='par_1_87' title="bbox 509 5543 2039 5634">
     <span class='ocr_line' id='line_1_87' title="bbox 509 5543 2039 5634; baseline 0.017 -35"><span class='ocrx_word' id='word_1_635' title='bbox 509 5543 532 5634; x_wconf 60' lang='grc' dir='ltr'><strong>ξ</strong></span> <span class='ocrx_word' id='word_1_636' title='bbox 561 5543 799 5634; x_wconf 73' lang='lat' dir='ltr'><strong>Gemet.,</strong></span> <span class='ocrx_word' id='word_1_637' title='bbox 827 5549 958 5634; x_wconf 79' lang='lat' dir='ltr'><strong>quia</strong></span> <span class='ocrx_word' id='word_1_638' title='bbox 983 5565 1185 5622; x_wconf 81' lang='lat' dir='ltr'><strong>semper</strong></span> <span class='ocrx_word' id='word_1_639' title='bbox 1204 5543 1426 5616; x_wconf 65' lang='lat' dir='ltr'><strong>mentem</strong></span> <span class='ocrx_word' id='word_1_640' title='bbox 1452 5562 1750 5634; x_wconf 81' lang='lat' dir='ltr'><strong>spirituali,</strong></span> <span class='ocrx_word' id='word_1_641' title='bbox 1779 5572 1884 5624; x_wconf 91' lang='lat' dir='ltr'><strong>etc.</strong></span> <span class='ocrx_word' id='word_1_642' title='bbox 1918 5567 2039 5624; x_wconf 89' lang='lat' dir='ltr'><strong>Tu-</strong></span> 
     </span>
    </p>
   </div>
   <div class='ocr_carea' id='block_1_88' title="bbox 436 5624 958 5688">
    <p class='ocr_par' dir='ltr' id='par_1_88' title="bbox 436 5624 958 5688">
     <span class='ocr_line' id='line_1_88' title="bbox 436 5624 958 5688; baseline 0.013 -19"><span class='ocrx_word' id='word_1_643' title='bbox 436 5624 825 5688; x_wconf 22' lang='lat' dir='ltr'><strong>ron.,7mentes,</strong></span> <span class='ocrx_word' id='word_1_644' title='bbox 853 5627 958 5676; x_wconf 91' lang='lat' dir='ltr'><strong>etc.</strong></span> 
     </span>
    </p>
   </div>
   <div class='ocr_carea' id='block_1_89' title="bbox 505 5686 1623 5761">
    <p class='ocr_par' dir='ltr' id='par_1_89' title="bbox 505 5686 1623 5761">
     <span class='ocr_line' id='line_1_89' title="bbox 505 5686 1623 5761; baseline 0.021 -22"><span class='ocrx_word' id='word_1_645' title='bbox 505 5686 824 5761; x_wconf 67' lang='lat' dir='ltr'><strong>f.Yi_ndoc.,</strong></span> <span class='ocrx_word' id='word_1_646' title='bbox 852 5690 902 5746; x_wconf 87' lang='lat' dir='ltr'><strong>si</strong></span> <span class='ocrx_word' id='word_1_647' title='bbox 926 5709 962 5747; x_wconf 90' lang='lat' dir='ltr'><strong>a</strong></span> <span class='ocrx_word' id='word_1_648' title='bbox 989 5709 1107 5749; x_wconf 77' lang='lat' dir='ltr'><strong>voce</strong></span> <span class='ocrx_word' id='word_1_649' title='bbox 1131 5703 1324 5754; x_wconf 76' lang='lat' dir='ltr'><strong>sancta</strong></span> <span class='ocrx_word' id='word_1_650' title='bbox 1357 5703 1623 5761; x_wconf 73' lang='lat' dir='ltr'><strong>Ecclesia.</strong></span> 
     </span>
    </p>
   </div>
   <div class='ocr_carea' id='block_1_90' title="bbox 507 5758 1590 5845">
    <p class='ocr_par' dir='ltr' id='par_1_90' title="bbox 507 5758 1590 5845">
     <span class='ocr_line' id='line_1_90' title="bbox 507 5758 1590 5845; baseline 0.017 -33"><span class='ocrx_word' id='word_1_651' title='bbox 507 5758 530 5792; x_wconf 79' lang='grc'>⁸</span> <span class='ocrx_word' id='word_1_652' title='bbox 560 5758 586 5813; x_wconf 92' lang='grc'><strong>1</strong></span> <span class='ocrx_word' id='word_1_653' title='bbox 619 5758 818 5832; x_wconf 82' lang='lat' dir='ltr'><strong>Laud.,</strong></span> <span class='ocrx_word' id='word_1_654' title='bbox 840 5779 943 5834; x_wconf 86' lang='lat' dir='ltr'><strong>per</strong></span> <span class='ocrx_word' id='word_1_655' title='bbox 967 5769 1399 5828; x_wconf 83' lang='lat' dir='ltr'><strong>resurrectionem</strong></span> <span class='ocrx_word' id='word_1_656' title='bbox 1425 5758 1590 5845; x_wconf 75' lang='lat' dir='ltr'><strong>ﬁeret.</strong></span> 
     </span>
    </p>
   </div>
   <div class='ocr_carea' id='block_1_91' title="bbox 2177 3254 3784 3334">
    <p class='ocr_par' dir='ltr' id='par_1_91' title="bbox 2177 3254 3784 3334">
     <span class='ocr_line' id='line_1_91' title="bbox 2177 3254 3784 3334; baseline 0.006 -24"><span class='ocrx_word' id='word_1_657' title='bbox 2177 3254 2295 3311; x_wconf 86' lang='lat' dir='ltr'><strong>dire</strong></span> <span class='ocrx_word' id='word_1_658' title='bbox 2321 3255 2596 3326; x_wconf 79' lang='lat' dir='ltr'><strong>cognoscit.</strong></span> <span class='ocrx_word' id='word_1_659' title='bbox 2618 3284 2690 3297; x_wconf 89' lang='lat'><strong>—</strong></span> <span class='ocrx_word' id='word_1_660' title='bbox 2708 3254 2982 3312; x_wconf 88' lang='lat' dir='ltr'><strong>Subaudis</strong></span> <span class='ocrx_word' id='word_1_661' title='bbox 3006 3255 3257 3314; x_wconf 88' lang='lat' dir='ltr'><strong>dicebam.</strong></span> <span class='ocrx_word' id='word_1_662' title='bbox 3281 3257 3572 3331; x_wconf 91' lang='lat' dir='ltr'><strong>Superiori</strong></span> <span class='ocrx_word' id='word_1_663' title='bbox 3592 3259 3784 3334; x_wconf 87' lang='lat' dir='ltr'><strong>quippe</strong></span> 
     </span>
    </p>
   </div>
   <div class='ocr_carea' id='block_1_92' title="bbox 2175 3343 3785 3418">
    <p class='ocr_par' dir='ltr' id='par_1_92' title="bbox 2175 3343 3785 3418">
     <span class='ocr_line' id='line_1_92' title="bbox 2175 3343 3785 3418; baseline 0.002 -17"><span class='ocrx_word' id='word_1_664' title='bbox 2175 3345 2461 3401; x_wconf 89' lang='lat' dir='ltr'><strong>sententia</strong></span> <span class='ocrx_word' id='word_1_665' title='bbox 2477 3343 2838 3417; x_wconf 88' lang='lat' dir='ltr'><strong>conjungitur</strong></span> <span class='ocrx_word' id='word_1_666' title='bbox 2847 3344 2996 3418; x_wconf 89' lang='lat' dir='ltr'><strong>quod</strong></span> <span class='ocrx_word' id='word_1_667' title='bbox 3016 3345 3294 3403; x_wconf 89' lang='lat' dir='ltr'><strong>locutione</strong></span> <span class='ocrx_word' id='word_1_668' title='bbox 3314 3347 3589 3406; x_wconf 88' lang='lat' dir='ltr'><strong>continua</strong></span> <span class='ocrx_word' id='word_1_669' title='bbox 3603 3347 3785 3405; x_wconf 86' lang='lat' dir='ltr'><strong>subin-</strong></span> 
     </span>
    </p>
   </div>
   <div class='ocr_carea' id='block_1_93' title="bbox 2176 3433 3784 3507">
    <p class='ocr_par' dir='ltr' id='par_1_93' title="bbox 2176 3433 3784 3507">
     <span class='ocr_line' id='line_1_93' title="bbox 2176 3433 3784 3507; baseline 0.002 -17"><span class='ocrx_word' id='word_1_670' title='bbox 2176 3433 2372 3504; x_wconf 89' lang='lat' dir='ltr'><strong>fertur,</strong></span> <span class='ocrx_word' id='word_1_671' title='bbox 2419 3450 2544 3492; x_wconf 89' lang='lat' dir='ltr'><strong>cum</strong></span> <span class='ocrx_word' id='word_1_672' title='bbox 2575 3433 2690 3490; x_wconf 88' lang='lat' dir='ltr'><strong>ait:</strong></span> <span class='ocrx_word' id='word_1_673' title='bbox 2749 3435 3124 3507; x_wconf 84' lang='lat' dir='ltr'><strong>Dicebamque:</strong></span> <span class='ocrx_word' id='word_1_674' title='bbox 3185 3437 3252 3493; x_wconf 85' lang='lat' dir='ltr'><strong>In</strong></span> <span class='ocrx_word' id='word_1_675' title='bbox 3278 3436 3476 3496; x_wconf 87' lang='lat' dir='ltr'><strong>nidulo</strong></span> <span class='ocrx_word' id='word_1_676' title='bbox 3528 3456 3642 3496; x_wconf 89' lang='lat' dir='ltr'><strong>meo</strong></span> <span class='ocrx_word' id='word_1_677' title='bbox 3668 3455 3784 3494; x_wconf 85' lang='lat' dir='ltr'><strong>mo-</strong></span> 
     </span>
    </p>
   </div>
   <div class='ocr_carea' id='block_1_94' title="bbox 2175 3520 3785 3594">
    <p class='ocr_par' dir='ltr' id='par_1_94' title="bbox 2175 3520 3785 3594">
     <span class='ocr_line' id='line_1_94' title="bbox 2175 3520 3785 3594; baseline 0.006 -19"><span class='ocrx_word' id='word_1_678' title='bbox 2175 3520 2317 3590; x_wconf 88' lang='lat' dir='ltr'><strong>riar,</strong></span> <span class='ocrx_word' id='word_1_679' title='bbox 2349 3527 2397 3576; x_wconf 89' lang='lat' dir='ltr'><strong>et</strong></span> <span class='ocrx_word' id='word_1_680' title='bbox 2427 3521 2762 3594; x_wconf 85' lang='lat' dir='ltr'><strong>sicutpalma</strong></span> <span class='ocrx_word' id='word_1_681' title='bbox 2779 3523 3141 3594; x_wconf 85' lang='lat' dir='ltr'><strong>multiplicabo</strong></span> <span class='ocrx_word' id='word_1_682' title='bbox 3157 3524 3288 3581; x_wconf 88' lang='lat' dir='ltr'><strong>dies.</strong></span> <span class='ocrx_word' id='word_1_683' title='bbox 3319 3525 3404 3583; x_wconf 85' lang='lat' dir='ltr'><strong>Ac</strong></span> <span class='ocrx_word' id='word_1_684' title='bbox 3433 3525 3640 3584; x_wconf 88' lang='lat' dir='ltr'><strong>deinde</strong></span> <span class='ocrx_word' id='word_1_685' title='bbox 3667 3525 3785 3584; x_wconf 57' lang='lat' dir='ltr'><strong>subo</strong></span> 
     </span>
    </p>
   </div>
   <div class='ocr_carea' id='block_1_95' title="bbox 2168 3609 3784 3688">
    <p class='ocr_par' dir='ltr' id='par_1_95' title="bbox 2168 3609 3784 3688">
     <span class='ocr_line' id='line_1_95' title="bbox 2168 3609 3784 3688; baseline 0.002 -21"><span class='ocrx_word' id='word_1_686' title='bbox 2168 3609 2461 3684; x_wconf 84' lang='lat' dir='ltr'><strong>jungitur:</strong></span> <span class='ocrx_word' id='word_1_687' title='bbox 2515 3612 2697 3668; x_wconf 72' lang='lat' dir='ltr'><strong>Radix</strong></span> <span class='ocrx_word' id='word_1_688' title='bbox 2725 3629 2839 3668; x_wconf 88' lang='lat' dir='ltr'><strong>mea</strong></span> <span class='ocrx_word' id='word_1_689' title='bbox 2875 3619 3063 3684; x_wconf 86' lang='lat' dir='ltr'><strong>aperta</strong></span> <span class='ocrx_word' id='word_1_690' title='bbox 3111 3620 3186 3670; x_wconf 88' lang='lat' dir='ltr'><strong>est</strong></span> <span class='ocrx_word' id='word_1_691' title='bbox 3211 3631 3357 3671; x_wconf 88' lang='lat' dir='ltr'><strong>secus</strong></span> <span class='ocrx_word' id='word_1_692' title='bbox 3401 3633 3601 3688; x_wconf 87' lang='lat' dir='ltr'><strong>aquas,</strong></span> <span class='ocrx_word' id='word_1_693' title='bbox 3631 3622 3680 3672; x_wconf 88' lang='lat' dir='ltr'><strong>et</strong></span> <span class='ocrx_word' id='word_1_694' title='bbox 3701 3631 3784 3671; x_wconf 88' lang='lat' dir='ltr'><strong>ros</strong></span> 
     </span>
    </p>
   </div>
   <div class='ocr_carea' id='block_1_96' title="bbox 2173 3700 3786 3779">
    <p class='ocr_par' dir='ltr' id='par_1_96' title="bbox 2173 3700 3786 3779">
     <span class='ocr_line' id='line_1_96' title="bbox 2173 3700 3786 3779; baseline 0.005 -23"><span class='ocrx_word' id='word_1_695' title='bbox 2173 3700 2473 3757; x_wconf 80' lang='lat' dir='ltr'><strong>morabitur</strong></span> <span class='ocrx_word' id='word_1_696' title='bbox 2489 3701 2546 3756; x_wconf 89' lang='lat' dir='ltr'><strong>in</strong></span> <span class='ocrx_word' id='word_1_697' title='bbox 2564 3701 2814 3758; x_wconf 85' lang='lat' dir='ltr'><strong>messione</strong></span> <span class='ocrx_word' id='word_1_698' title='bbox 2831 3719 2964 3759; x_wconf 89' lang='lat' dir='ltr'><strong>mea.</strong></span> <span class='ocrx_word' id='word_1_699' title='bbox 2992 3703 3179 3759; x_wconf 82' lang='lat' dir='ltr'><strong>Gloria</strong></span> <span class='ocrx_word' id='word_1_700' title='bbox 3195 3721 3307 3760; x_wconf 89' lang='lat' dir='ltr'><strong>mea</strong></span> <span class='ocrx_word' id='word_1_701' title='bbox 3321 3722 3534 3779; x_wconf 86' lang='lat' dir='ltr'><strong>semper</strong></span> <span class='ocrx_word' id='word_1_702' title='bbox 3557 3706 3786 3763; x_wconf 78' lang='lat' dir='ltr'><strong>innova-</strong></span> 
     </span>
    </p>
   </div>
   <div class='ocr_carea' id='block_1_97' title="bbox 2175 3789 3782 3859">
    <p class='ocr_par' dir='ltr' id='par_1_97' title="bbox 2175 3789 3782 3859">
     <span class='ocr_line' id='line_1_97' title="bbox 2175 3789 3782 3859; baseline 0.005 -15"><span class='ocrx_word' id='word_1_703' title='bbox 2175 3789 2337 3859; x_wconf 86' lang='lat' dir='ltr'><strong>bitur,</strong></span> <span class='ocrx_word' id='word_1_704' title='bbox 2367 3796 2415 3846; x_wconf 89' lang='lat' dir='ltr'><strong>et</strong></span> <span class='ocrx_word' id='word_1_705' title='bbox 2431 3808 2591 3846; x_wconf 90' lang='lat' dir='ltr'><strong>arcus</strong></span> <span class='ocrx_word' id='word_1_706' title='bbox 2609 3808 2754 3846; x_wconf 88' lang='lat' dir='ltr'><strong>meus</strong></span> <span class='ocrx_word' id='word_1_707' title='bbox 2781 3790 2839 3846; x_wconf 87' lang='lat' dir='ltr'><strong>in</strong></span> <span class='ocrx_word' id='word_1_708' title='bbox 2865 3808 3030 3847; x_wconf 86' lang='lat' dir='ltr'><strong>manu</strong></span> <span class='ocrx_word' id='word_1_709' title='bbox 3055 3809 3171 3848; x_wconf 88' lang='lat' dir='ltr'><strong>mea</strong></span> <span class='ocrx_word' id='word_1_710' title='bbox 3187 3793 3616 3852; x_wconf 86' lang='lat' dir='ltr'><strong>instaurabitur.</strong></span> <span class='ocrx_word' id='word_1_711' title='bbox 3647 3794 3782 3854; x_wconf 87' lang='lat' dir='ltr'><strong>Cun-</strong></span> 
     </span>
    </p>
   </div>
   <div class='ocr_carea' id='block_1_98' title="bbox 2172 3878 3783 3955">
    <p class='ocr_par' dir='ltr' id='par_1_98' title="bbox 2172 3878 3783 3955">
     <span class='ocr_line' id='line_1_98' title="bbox 2172 3878 3783 3955; baseline 0.002 -19"><span class='ocrx_word' id='word_1_712' title='bbox 2172 3878 2278 3936; x_wconf 91' lang='lat' dir='ltr'><strong>ctis</strong></span> <span class='ocrx_word' id='word_1_713' title='bbox 2304 3895 2434 3934; x_wconf 89' lang='lat' dir='ltr'><strong>vera</strong></span> <span class='ocrx_word' id='word_1_714' title='bbox 2463 3879 2766 3936; x_wconf 88' lang='lat' dir='ltr'><strong>scientibus</strong></span> <span class='ocrx_word' id='word_1_715' title='bbox 2809 3880 2984 3954; x_wconf 89' lang='lat' dir='ltr'><strong>liquet</strong></span> <span class='ocrx_word' id='word_1_716' title='bbox 3022 3881 3171 3955; x_wconf 90' lang='lat' dir='ltr'><strong>quod</strong></span> <span class='ocrx_word' id='word_1_717' title='bbox 3199 3881 3268 3939; x_wconf 90' lang='lat' dir='ltr'><strong>ad</strong></span> <span class='ocrx_word' id='word_1_718' title='bbox 3297 3890 3582 3942; x_wconf 87' lang='lat' dir='ltr'><strong>vetustam</strong></span> <span class='ocrx_word' id='word_1_719' title='bbox 3615 3884 3783 3941; x_wconf 89' lang='lat' dir='ltr'><strong>vitam</strong></span> 
     </span>
    </p>
   </div>
   <div class='ocr_carea' id='block_1_99' title="bbox 2173 3967 3783 4041">
    <p class='ocr_par' dir='ltr' id='par_1_99' title="bbox 2173 3967 3783 4041">
     <span class='ocr_line' id='line_1_99' title="bbox 2173 3967 3783 4041; baseline 0.004 -18"><span class='ocrx_word' id='word_1_720' title='bbox 2173 3967 2310 4024; x_wconf 90' lang='lat' dir='ltr'><strong>vitia</strong></span> <span class='ocrx_word' id='word_1_721' title='bbox 2327 3968 2626 4041; x_wconf 90' lang='lat' dir='ltr'><strong>pertinent,</strong></span> <span class='ocrx_word' id='word_1_722' title='bbox 2656 3969 2892 4026; x_wconf 89' lang='lat' dir='ltr'><strong>virtutes</strong></span> <span class='ocrx_word' id='word_1_723' title='bbox 2909 3970 2979 4026; x_wconf 90' lang='lat' dir='ltr'><strong>ad</strong></span> <span class='ocrx_word' id='word_1_724' title='bbox 2997 3987 3220 4028; x_wconf 88' lang='lat' dir='ltr'><strong>novam.</strong></span> <span class='ocrx_word' id='word_1_725' title='bbox 3243 3971 3388 4030; x_wconf 88' lang='lat' dir='ltr'><strong>Hinc</strong></span> <span class='ocrx_word' id='word_1_726' title='bbox 3409 3974 3568 4031; x_wconf 90' lang='lat' dir='ltr'><strong>enim</strong></span> <span class='ocrx_word' id='word_1_727' title='bbox 3587 3973 3783 4030; x_wconf 85' lang='lat' dir='ltr'><strong>Paulus</strong></span> 
     </span>
    </p>
   </div>
   <div class='ocr_carea' id='block_1_100' title="bbox 2172 4057 3781 4132">
    <p class='ocr_par' dir='ltr' id='par_1_100' title="bbox 2172 4057 3781 4132">
     <span class='ocr_line' id='line_1_100' title="bbox 2172 4057 3781 4132; baseline 0.004 -18"><span class='ocrx_word' id='word_1_728' title='bbox 2172 4057 2308 4114; x_wconf 89' lang='lat' dir='ltr'><strong>dicit</strong></span> <span class='ocrx_word' id='word_1_729' title='bbox 2330 4075 2342 4113; x_wconf 96' lang='lat'><strong>:</strong></span> <span class='ocrx_word' id='word_1_730' title='bbox 2385 4059 2653 4114; x_wconf 70' lang='lat' dir='ltr'><strong>Exuentes</strong></span> <span class='ocrx_word' id='word_1_731' title='bbox 2671 4075 2762 4114; x_wconf 84' lang='lat' dir='ltr'><strong>vos</strong></span> <span class='ocrx_word' id='word_1_732' title='bbox 2779 4066 2997 4116; x_wconf 81' lang='lat' dir='ltr'><strong>veterem</strong></span> <span class='ocrx_word' id='word_1_733' title='bbox 3023 4061 3280 4118; x_wconf 77' lang='lat' dir='ltr'><strong>hominem</strong></span> <span class='ocrx_word' id='word_1_734' title='bbox 3293 4080 3416 4120; x_wconf 86' lang='lat' dir='ltr'><strong>cum</strong></span> <span class='ocrx_word' id='word_1_735' title='bbox 3433 4065 3641 4122; x_wconf 83' lang='lat' dir='ltr'><strong>actibus</strong></span> <span class='ocrx_word' id='word_1_736' title='bbox 3654 4063 3781 4132; x_wconf 87' lang='lat' dir='ltr'><strong>suis,</strong></span> 
     </span>
    </p>
   </div>
   <div class='ocr_carea' id='block_1_101' title="bbox 2169 4147 3777 4226">
    <p class='ocr_par' dir='ltr' id='par_1_101' title="bbox 2169 4147 3777 4226">
     <span class='ocr_line' id='line_1_101' title="bbox 2169 4147 3777 4226; baseline 0.004 -23"><span class='ocrx_word' id='word_1_737' title='bbox 2169 4153 2219 4203; x_wconf 87' lang='lat' dir='ltr'><strong>et</strong></span> <span class='ocrx_word' id='word_1_738' title='bbox 2245 4147 2516 4206; x_wconf 85' lang='lat' dir='ltr'><strong>induentes</strong></span> <span class='ocrx_word' id='word_1_739' title='bbox 2543 4167 2735 4206; x_wconf 86' lang='lat' dir='ltr'><strong>novum</strong></span> <span class='ocrx_word' id='word_1_740' title='bbox 2763 4152 2998 4224; x_wconf 87' lang='lat' dir='ltr'><strong>(Coloss.</strong></span> <span class='ocrx_word' id='word_1_741' title='bbox 3021 4169 3107 4220; x_wconf 86' lang='lat' dir='ltr'><strong>III,</strong></span> <span class='ocrx_word' id='word_1_742' title='bbox 3137 4154 3219 4226; x_wconf 89' lang='lat'><strong>9).</strong></span> <span class='ocrx_word' id='word_1_743' title='bbox 3253 4154 3398 4212; x_wconf 91' lang='lat' dir='ltr'><strong>Hinc</strong></span> <span class='ocrx_word' id='word_1_744' title='bbox 3433 4173 3634 4215; x_wconf 88' lang='lat' dir='ltr'><strong>rursus</strong></span> <span class='ocrx_word' id='word_1_745' title='bbox 3659 4155 3736 4213; x_wconf 87' lang='lat' dir='ltr'><strong>ait</strong></span> <span class='ocrx_word' id='word_1_746' title='bbox 3763 4170 3777 4210; x_wconf 92' lang='lat'><strong>:</strong></span> 
     </span>
    </p>
   </div>
   <div class='ocr_carea' id='block_1_102' title="bbox 2179 4239 3776 4318">
    <p class='ocr_par' dir='ltr' id='par_1_102' title="bbox 2179 4239 3776 4318">
     <span class='ocr_line' id='line_1_102' title="bbox 2179 4239 3776 4318; baseline 0.003 -20"><span class='ocrx_word' id='word_1_747' title='bbox 2179 4239 2331 4298; x_wconf 81' lang='lat' dir='ltr'><strong>Vetus</strong></span> <span class='ocrx_word' id='word_1_748' title='bbox 2358 4240 2510 4296; x_wconf 84' lang='lat' dir='ltr'><strong>homo</strong></span> <span class='ocrx_word' id='word_1_749' title='bbox 2537 4247 2716 4297; x_wconf 87' lang='lat' dir='ltr'><strong>noster</strong></span> <span class='ocrx_word' id='word_1_750' title='bbox 2743 4243 2906 4300; x_wconf 87' lang='lat' dir='ltr'><strong>simul</strong></span> <span class='ocrx_word' id='word_1_751' title='bbox 2931 4244 3220 4318; x_wconf 61' lang='lat' dir='ltr'><strong>cruciﬁxus</strong></span> <span class='ocrx_word' id='word_1_752' title='bbox 3248 4251 3327 4300; x_wconf 84' lang='lat' dir='ltr'><strong>est</strong></span> <span class='ocrx_word' id='word_1_753' title='bbox 3369 4245 3558 4318; x_wconf 86' lang='lat' dir='ltr'><strong>(Rom.</strong></span> <span class='ocrx_word' id='word_1_754' title='bbox 3589 4264 3672 4318; x_wconf 82' lang='lat' dir='ltr'><strong>v1,</strong></span> <span class='ocrx_word' id='word_1_755' title='bbox 3699 4246 3776 4318; x_wconf 85' lang='lat'><strong>6).</strong></span> 
     </span>
    </p>
   </div>
   <div class='ocr_carea' id='block_1_103' title="bbox 2169 4327 3778 4410">
    <p class='ocr_par' dir='ltr' id='par_1_103' title="bbox 2169 4327 3778 4410">
     <span class='ocr_line' id='line_1_103' title="bbox 2169 4327 3778 4410; baseline 0.006 -27"><span class='ocrx_word' id='word_1_756' title='bbox 2169 4327 2313 4386; x_wconf 86' lang='lat' dir='ltr'><strong>Hinc</strong></span> <span class='ocrx_word' id='word_1_757' title='bbox 2340 4329 2629 4387; x_wconf 90' lang='lat' dir='ltr'><strong>Psalmista</strong></span> <span class='ocrx_word' id='word_1_758' title='bbox 2656 4347 2726 4388; x_wconf 88' lang='lat' dir='ltr'><strong>ex</strong></span> <span class='ocrx_word' id='word_1_759' title='bbox 2752 4340 2888 4406; x_wconf 89' lang='lat' dir='ltr'><strong>typo</strong></span> <span class='ocrx_word' id='word_1_760' title='bbox 2907 4331 3140 4390; x_wconf 92' lang='lat' dir='ltr'><strong>humani</strong></span> <span class='ocrx_word' id='word_1_761' title='bbox 3169 4334 3384 4407; x_wconf 86' lang='lat' dir='ltr'><strong>generis</strong></span> <span class='ocrx_word' id='word_1_762' title='bbox 3417 4337 3678 4410; x_wconf 87' lang='lat' dir='ltr'><strong>loquens,</strong></span> <span class='ocrx_word' id='word_1_763' title='bbox 3701 4336 3778 4393; x_wconf 54' lang='lat' dir='ltr'><strong>in.</strong></span> 
     </span>
    </p>
   </div>
   <div class='ocr_carea' id='block_1_104' title="bbox 2167 4421 3778 4498">
    <p class='ocr_par' dir='ltr' id='par_1_104' title="bbox 2167 4421 3778 4498">
     <span class='ocr_line' id='line_1_104' title="bbox 2167 4421 3778 4498; baseline 0.004 -22"><span class='ocrx_word' id='word_1_764' title='bbox 2167 4426 2254 4477; x_wconf 90' lang='lat' dir='ltr'><strong>ter</strong></span> <span class='ocrx_word' id='word_1_765' title='bbox 2281 4421 2552 4494; x_wconf 88' lang='lat' dir='ltr'><strong>malignos</strong></span> <span class='ocrx_word' id='word_1_766' title='bbox 2579 4423 2807 4496; x_wconf 90' lang='lat' dir='ltr'><strong>spiritus</strong></span> <span class='ocrx_word' id='word_1_767' title='bbox 2835 4424 3208 4498; x_wconf 87' lang='lat' dir='ltr'><strong>deprehensus</strong></span> <span class='ocrx_word' id='word_1_768' title='bbox 3251 4426 3426 4486; x_wconf 91' lang='lat' dir='ltr'><strong>dicit:</strong></span> <span class='ocrx_word' id='word_1_769' title='bbox 3478 4424 3778 4487; x_wconf 81' lang='lat' dir='ltr'><strong>Inoeteraoi</strong></span> 
     </span>
    </p>
   </div>
   <div class='ocr_carea' id='block_1_105' title="bbox 2169 4508 3777 4590">
    <p class='ocr_par' dir='ltr' id='par_1_105' title="bbox 2169 4508 3777 4590">
     <span class='ocr_line' id='line_1_105' title="bbox 2169 4508 3777 4590; baseline 0.005 -26"><span class='ocrx_word' id='word_1_770' title='bbox 2169 4508 2310 4566; x_wconf 86' lang='lat' dir='ltr'><strong>inter</strong></span> <span class='ocrx_word' id='word_1_771' title='bbox 2353 4528 2528 4568; x_wconf 84' lang='lat' dir='ltr'><strong>omnes</strong></span> <span class='ocrx_word' id='word_1_772' title='bbox 2569 4512 2808 4570; x_wconf 84' lang='lat' dir='ltr'><strong>inimicos</strong></span> <span class='ocrx_word' id='word_1_773' title='bbox 2843 4531 2982 4571; x_wconf 87' lang='lat' dir='ltr'><strong>meos</strong></span> <span class='ocrx_word' id='word_1_774' title='bbox 3012 4516 3189 4588; x_wconf 87' lang='lat' dir='ltr'><strong>(Psal.</strong></span> <span class='ocrx_word' id='word_1_775' title='bbox 3221 4533 3304 4588; x_wconf 69' lang='grc' dir='ltr'><strong>γι,</strong></span> <span class='ocrx_word' id='word_1_776' title='bbox 3335 4517 3418 4590; x_wconf 91' lang='lat'><strong>8).</strong></span> <span class='ocrx_word' id='word_1_777' title='bbox 3468 4518 3523 4575; x_wconf 80' lang='grc' dir='ltr'><strong>Α</strong></span> <span class='ocrx_word' id='word_1_778' title='bbox 3563 4518 3777 4575; x_wconf 88' lang='lat' dir='ltr'><strong>fervore</strong></span> 
     </span>
    </p>
   </div>
   <div class='ocr_carea' id='block_1_106' title="bbox 2169 4598 3776 4678">
    <p class='ocr_par' dir='ltr' id='par_1_106' title="bbox 2169 4598 3776 4678">
     <span class='ocr_line' id='line_1_106' title="bbox 2169 4598 3776 4678; baseline 0.004 -25"><span class='ocrx_word' id='word_1_779' title='bbox 2169 4598 2374 4657; x_wconf 90' lang='lat' dir='ltr'><strong>etenim</strong></span> <span class='ocrx_word' id='word_1_780' title='bbox 2405 4601 2606 4658; x_wconf 88' lang='lat' dir='ltr'><strong>mentis</strong></span> <span class='ocrx_word' id='word_1_781' title='bbox 2637 4603 2724 4658; x_wconf 91' lang='lat' dir='ltr'><strong>vel</strong></span> <span class='ocrx_word' id='word_1_782' title='bbox 2753 4601 2900 4660; x_wconf 89' lang='lat' dir='ltr'><strong>inter</strong></span> <span class='ocrx_word' id='word_1_783' title='bbox 2925 4603 3198 4677; x_wconf 89' lang='lat' dir='ltr'><strong>spiritales</strong></span> <span class='ocrx_word' id='word_1_784' title='bbox 3216 4605 3504 4678; x_wconf 90' lang='lat' dir='ltr'><strong>inimicos,</strong></span> <span class='ocrx_word' id='word_1_785' title='bbox 3522 4607 3614 4664; x_wconf 83' lang='lat' dir='ltr'><strong>vel</strong></span> <span class='ocrx_word' id='word_1_786' title='bbox 3635 4607 3776 4664; x_wconf 86' lang='lat' dir='ltr'><strong>inter</strong></span> 
     </span>
    </p>
   </div>
   <div class='ocr_carea' id='block_1_107' title="bbox 2163 4688 3776 4770">
    <p class='ocr_par' dir='ltr' id='par_1_107' title="bbox 2163 4688 3776 4770">
     <span class='ocr_line' id='line_1_107' title="bbox 2163 4688 3776 4770; baseline 0.006 -27"><span class='ocrx_word' id='word_1_787' title='bbox 2163 4688 2410 4745; x_wconf 88' lang='lat' dir='ltr'><strong>carnales</strong></span> <span class='ocrx_word' id='word_1_788' title='bbox 2433 4691 2456 4726; x_wconf 77' lang='grc' dir='ltr'><strong>ο</strong></span> <span class='ocrx_word' id='word_1_789' title='bbox 2486 4705 2732 4765; x_wconf 87' lang='lat' dir='ltr'><strong>quosque</strong></span> <span class='ocrx_word' id='word_1_790' title='bbox 2767 4692 3072 4764; x_wconf 86' lang='lat' dir='ltr'><strong>proximos,</strong></span> <span class='ocrx_word' id='word_1_791' title='bbox 3101 4693 3221 4767; x_wconf 88' lang='lat' dir='ltr'><strong>ipso</strong></span> <span class='ocrx_word' id='word_1_792' title='bbox 3249 4693 3439 4770; x_wconf 89' lang='lat' dir='ltr'><strong>aliquo</strong></span> <span class='ocrx_word' id='word_1_793' title='bbox 3483 4697 3656 4754; x_wconf 89' lang='lat' dir='ltr'><strong>modo</strong></span> <span class='ocrx_word' id='word_1_794' title='bbox 3683 4695 3776 4752; x_wconf 90' lang='lat' dir='ltr'><strong>vi-</strong></span> 
     </span>
    </p>
   </div>
   <div class='ocr_carea' id='block_1_108' title="bbox 2163 4775 3772 4858">
    <p class='ocr_par' dir='ltr' id='par_1_108' title="bbox 2163 4775 3772 4858">
     <span class='ocr_line' id='line_1_108' title="bbox 2163 4775 3772 4858; baseline 0.007 -27"><span class='ocrx_word' id='word_1_795' title='bbox 2163 4775 2330 4833; x_wconf 90' lang='lat' dir='ltr'><strong>vendi</strong></span> <span class='ocrx_word' id='word_1_796' title='bbox 2345 4793 2450 4834; x_wconf 90' lang='lat' dir='ltr'><strong>usu</strong></span> <span class='ocrx_word' id='word_1_797' title='bbox 2475 4780 2520 4815; x_wconf 88' lang='grc'><strong>¹⁰</strong></span> <span class='ocrx_word' id='word_1_798' title='bbox 2541 4780 2954 4852; x_wconf 88' lang='lat' dir='ltr'><strong>veterascimus,</strong></span> <span class='ocrx_word' id='word_1_799' title='bbox 2975 4789 3030 4839; x_wconf 92' lang='lat' dir='ltr'><strong>et</strong></span> <span class='ocrx_word' id='word_1_800' title='bbox 3054 4791 3347 4856; x_wconf 89' lang='lat' dir='ltr'><strong>assumpta</strong></span> <span class='ocrx_word' id='word_1_801' title='bbox 3361 4786 3641 4844; x_wconf 88' lang='lat' dir='ltr'><strong>novitatis</strong></span> <span class='ocrx_word' id='word_1_802' title='bbox 3659 4800 3772 4858; x_wconf 48' lang='lat' dir='ltr'><strong>spe.</strong></span> 
     </span>
    </p>
   </div>
   <div class='ocr_carea' id='block_1_109' title="bbox 2160 4863 3770 4948">
    <p class='ocr_par' dir='ltr' id='par_1_109' title="bbox 2160 4863 3770 4948">
     <span class='ocr_line' id='line_1_109' title="bbox 2160 4863 3770 4948; baseline 0.006 -27"><span class='ocrx_word' id='word_1_803' title='bbox 2160 4863 2302 4922; x_wconf 87' lang='lat' dir='ltr'><strong>ciem</strong></span> <span class='ocrx_word' id='word_1_804' title='bbox 2332 4865 2629 4926; x_wconf 87' lang='lat' dir='ltr'><strong>fuscamus.</strong></span> <span class='ocrx_word' id='word_1_805' title='bbox 2661 4868 2712 4926; x_wconf 78' lang='grc' dir='ltr'><strong>Α</strong></span> <span class='ocrx_word' id='word_1_806' title='bbox 2739 4884 2848 4942; x_wconf 88' lang='lat' dir='ltr'><strong>qua</strong></span> <span class='ocrx_word' id='word_1_807' title='bbox 2861 4876 3045 4928; x_wconf 83' lang='lat' dir='ltr'><strong>tamcn</strong></span> <span class='ocrx_word' id='word_1_808' title='bbox 3073 4878 3348 4931; x_wconf 76' lang='lat' dir='ltr'><strong>vetustate</strong></span> <span class='ocrx_word' id='word_1_809' title='bbox 3366 4873 3630 4948; x_wconf 89' lang='lat' dir='ltr'><strong>quotidie</strong></span> <span class='ocrx_word' id='word_1_810' title='bbox 3652 4876 3698 4912; x_wconf 79' lang='lat'>“</span> <span class='ocrx_word' id='word_1_811' title='bbox 3727 4871 3770 4930; x_wconf 88' lang='lat' dir='ltr'><strong>si</strong></span> 
     </span>
    </p>
   </div>
   <div class='ocr_carea' id='block_1_110' title="bbox 2227 5137 3552 5220">
    <p class='ocr_par' dir='ltr' id='par_1_110' title="bbox 2227 5137 3552 5220">
     <span class='ocr_line' id='line_1_110' title="bbox 2227 5137 3552 5220; baseline 0.005 -24"><span class='ocrx_word' id='word_1_812' title='bbox 2227 5139 2247 5220; x_wconf 66' lang='grc' dir='ltr'><strong>ξ</strong></span> <span class='ocrx_word' id='word_1_813' title='bbox 2278 5137 2442 5220; x_wconf 63' lang='lat' dir='ltr'><strong>Corb.</strong></span> <span class='ocrx_word' id='word_1_814' title='bbox 2467 5139 2678 5211; x_wconf 89' lang='lat' dir='ltr'><strong>Germ.,</strong></span> <span class='ocrx_word' id='word_1_815' title='bbox 2707 5148 2764 5198; x_wconf 88' lang='lat' dir='ltr'><strong>et</strong></span> <span class='ocrx_word' id='word_1_816' title='bbox 2789 5139 2902 5200; x_wconf 90' lang='lat' dir='ltr'><strong>duo</strong></span> <span class='ocrx_word' id='word_1_817' title='bbox 2924 5142 3124 5220; x_wconf 78' lang='lat' dir='ltr'><strong>Laud.,</strong></span> <span class='ocrx_word' id='word_1_818' title='bbox 3157 5145 3552 5220; x_wconf 81' lang='lat' dir='ltr'><strong>demigrantur.</strong></span> 
     </span>
    </p>
   </div>
   <div class='ocr_carea' id='block_1_111' title="bbox 2227 5209 3763 5293">
    <p class='ocr_par' dir='ltr' id='par_1_111' title="bbox 2227 5209 3763 5293">
     <span class='ocr_line' id='line_1_111' title="bbox 2227 5209 3763 5293; baseline 0.006 -29"><span class='ocrx_word' id='word_1_819' title='bbox 2227 5209 2491 5293; x_wconf 37' lang='lat' dir='ltr'><strong>&quot;Nofrmw</strong></span> <span class='ocrx_word' id='word_1_820' title='bbox 2533 5209 2810 5293; x_wconf 62' lang='lat' dir='ltr'><strong>quaeratur</strong></span> <span class='ocrx_word' id='word_1_821' title='bbox 2851 5232 2944 5293; x_wconf 77' lang='lat' dir='ltr'><strong>vos</strong></span> <span class='ocrx_word' id='word_1_822' title='bbox 2996 5209 3220 5293; x_wconf 80' lang='lat' dir='ltr'><strong>desuper</strong></span> <span class='ocrx_word' id='word_1_823' title='bbox 3259 5209 3496 5287; x_wconf 63' lang='lat' dir='ltr'><strong>vemens,</strong></span> <span class='ocrx_word' id='word_1_824' title='bbox 3562 5218 3763 5293; x_wconf 87' lang='lat' dir='ltr'><strong>gratia.</strong></span> 
     </span>
    </p>
   </div>
   <div class='ocr_carea' id='block_1_112' title="bbox 2152 5278 3766 5365">
    <p class='ocr_par' dir='ltr' id='par_1_112' title="bbox 2152 5278 3766 5365">
     <span class='ocr_line' id='line_1_112' title="bbox 2152 5278 3766 5365; baseline 0.009 -30"><span class='ocrx_word' id='word_1_825' title='bbox 2152 5278 2316 5337; x_wconf 90' lang='lat' dir='ltr'><strong>Corb.</strong></span> <span class='ocrx_word' id='word_1_826' title='bbox 2349 5278 2619 5365; x_wconf 51' lang='lat' dir='ltr'><strong>Germfet</strong></span> <span class='ocrx_word' id='word_1_827' title='bbox 2642 5285 2854 5358; x_wconf 91' lang='lat' dir='ltr'><strong>Germ.,</strong></span> <span class='ocrx_word' id='word_1_828' title='bbox 2893 5287 2941 5343; x_wconf 88' lang='lat' dir='ltr'><strong>si</strong></span> <span class='ocrx_word' id='word_1_829' title='bbox 2968 5288 3108 5345; x_wconf 89' lang='lat' dir='ltr'><strong>enim</strong></span> <span class='ocrx_word' id='word_1_830' title='bbox 3121 5278 3441 5363; x_wconf 56' lang='lat' dir='ltr'><strong>&#39;quteramus</strong></span> <span class='ocrx_word' id='word_1_831' title='bbox 3470 5278 3766 5349; x_wconf 52' lang='lat' dir='ltr'><strong>bos&#39;desu—</strong></span> 
     </span>
    </p>
   </div>
   <div class='ocr_carea' id='block_1_113' title="bbox 2143 5368 2786 5501">
    <p class='ocr_par' dir='ltr' id='par_1_113' title="bbox 2143 5368 2786 5501">
     <span class='ocr_line' id='line_1_113' title="bbox 2143 5368 2606 5424; baseline 0.011 -16"><span class='ocrx_word' id='word_1_832' title='bbox 2143 5368 2246 5424; x_wconf 87' lang='lat' dir='ltr'><strong>per</strong></span> <span class='ocrx_word' id='word_1_833' title='bbox 2273 5370 2519 5417; x_wconf 23' lang='lat' dir='ltr'><strong>vemens”</strong></span> <span class='ocrx_word' id='word_1_834' title='bbox 2597 5397 2606 5402; x_wconf 61' lang='grc' dir='ltr'><em>α</em></span> 
     </span>
     <span class='ocr_line' id='line_1_114' title="bbox 2219 5425 2786 5501; baseline 0.014 -21"><span class='ocrx_word' id='word_1_835' title='bbox 2219 5425 2534 5501; x_wconf 29' lang='lat' dir='ltr'><strong>f_i‘Laud.,</strong></span> <span class='ocrx_word' id='word_1_836' title='bbox 2561 5445 2786 5501; x_wconf 76' lang='lat' dir='ltr'><strong>quoque.</strong></span> 
     </span>
    </p>
   </div>
   <div class='ocr_carea' id='block_1_114' title="bbox 2219 5445 3668 5576">
    <p class='ocr_par' dir='ltr' id='par_1_114' title="bbox 2219 5445 3668 5576">
     <span class='ocr_line' id='line_1_115' title="bbox 2223 5445 2786 5501; baseline 0.014 -21"><span class='ocrx_word' id='word_1_837' title='bbox 2223 5445 2244 5460; x_wconf 78' lang='grc' dir='ltr'><em>υ</em></span> <span class='ocrx_word' id='word_1_838' title='bbox 2275 5445 2302 5480; x_wconf 80' lang='lat'><strong>1</strong></span> <span class='ocrx_word' id='word_1_839' title='bbox 2335 5445 2534 5497; x_wconf 70' lang='lat' dir='ltr'><strong>Laud.,</strong></span> <span class='ocrx_word' id='word_1_840' title='bbox 2599 5446 2786 5501; x_wconf 73' lang='lat' dir='ltr'><strong>noque.</strong></span> 
     </span>
     <span class='ocr_line' id='line_1_116' title="bbox 2219 5445 3668 5576; baseline 0.009 -25"><span class='ocrx_word' id='word_1_841' title='bbox 2219 5489 2270 5576; x_wconf 55' lang='grc' dir='ltr'><strong>ἶξ)</strong></span> <span class='ocrx_word' id='word_1_842' title='bbox 2296 5497 2512 5576; x_wconf 68' lang='lat' dir='ltr'><strong>Germ.,</strong></span> <span class='ocrx_word' id='word_1_843' title='bbox 2546 5445 2708 5576; x_wconf 50' lang='lat' dir='ltr'><strong>Corb.</strong></span> <span class='ocrx_word' id='word_1_844' title='bbox 2741 5503 2928 5576; x_wconf 63' lang='lat' dir='ltr'><strong>Germ.</strong></span> <span class='ocrx_word' id='word_1_845' title='bbox 2959 5511 3015 5576; x_wconf 88' lang='lat' dir='ltr'><strong>et</strong></span> <span class='ocrx_word' id='word_1_846' title='bbox 3041 5503 3242 5576; x_wconf 91' lang='lat' dir='ltr'><strong>Laud.,</strong></span> <span class='ocrx_word' id='word_1_847' title='bbox 3271 5508 3668 5564; x_wconf 83' lang='lat' dir='ltr'><strong>oeterescimus.</strong></span> 
     </span>
    </p>
   </div>
   <div class='ocr_carea' id='block_1_115' title="bbox 2223 5567 3766 5648">
    <p class='ocr_par' dir='ltr' id='par_1_115' title="bbox 2223 5567 3766 5648">
     <span class='ocr_line' id='line_1_117' title="bbox 2223 5567 3766 5648; baseline 0.006 -25"><span class='ocrx_word' id='word_1_848' title='bbox 2223 5567 2264 5602; x_wconf 82' lang='lat'>“</span> <span class='ocrx_word' id='word_1_849' title='bbox 2295 5567 2516 5648; x_wconf 87' lang='lat' dir='ltr'><strong>Ita__duo</strong></span> <span class='ocrx_word' id='word_1_850' title='bbox 2545 5571 2744 5642; x_wconf 89' lang='lat' dir='ltr'><strong>Laud.,</strong></span> <span class='ocrx_word' id='word_1_851' title='bbox 2764 5573 2928 5648; x_wconf 77' lang='lat' dir='ltr'><strong>Corb.</strong></span> <span class='ocrx_word' id='word_1_852' title='bbox 2959 5575 3171 5647; x_wconf 87' lang='lat' dir='ltr'><strong>Germ.,</strong></span> <span class='ocrx_word' id='word_1_853' title='bbox 3203 5567 3513 5648; x_wconf 73' lang='lat' dir='ltr'><strong>Bellovac.,</strong></span> <span class='ocrx_word' id='word_1_854' title='bbox 3546 5582 3766 5647; x_wconf 87' lang='lat' dir='ltr'><strong>Norm.,</strong></span> 
     </span>
    </p>
   </div>
   <div class='ocr_carea' id='block_1_116' title="bbox 2145 5641 3766 5720">
    <p class='ocr_par' dir='ltr' id='par_1_116' title="bbox 2145 5641 3766 5720">
     <span class='ocr_line' id='line_1_118' title="bbox 2145 5641 3766 5720; baseline 0.007 -26"><span class='ocrx_word' id='word_1_855' title='bbox 2145 5645 2285 5720; x_wconf 40' lang='lat' dir='ltr'><strong>etc.,.</strong></span> <span class='ocrx_word' id='word_1_856' title='bbox 2307 5641 2888 5720; x_wconf 73' lang='lat' dir='ltr'><strong>quibusconsentiunt</strong></span> <span class='ocrx_word' id='word_1_857' title='bbox 2918 5655 3028 5704; x_wconf 88' lang='lat' dir='ltr'><strong>vet.</strong></span> <span class='ocrx_word' id='word_1_858' title='bbox 3058 5641 3176 5720; x_wconf 68' lang='grc' dir='ltr'><strong>ΔΕςῐ.</strong></span> <span class='ocrx_word' id='word_1_859' title='bbox 3227 5650 3301 5720; x_wconf 84' lang='lat' dir='ltr'><strong>At</strong></span> <span class='ocrx_word' id='word_1_860' title='bbox 3343 5641 3766 5708; x_wconf 74' lang='lat' dir='ltr'><strong>recentioribus</strong></span> 
     </span>
    </p>
   </div>
   <div class='ocr_carea' id='block_1_117' title="bbox 2143 5712 3766 5800">
    <p class='ocr_par' dir='ltr' id='par_1_117' title="bbox 2143 5712 3766 5800">
     <span class='ocr_line' id='line_1_119' title="bbox 2143 5712 3766 5800; baseline 0.009 -36"><span class='ocrx_word' id='word_1_861' title='bbox 2143 5712 2327 5800; x_wconf 7' lang='lat' dir='ltr'><strong>magis,</strong></span> <span class='ocrx_word' id='word_1_862' title='bbox 2348 5712 2554 5800; x_wconf 74' lang='lat' dir='ltr'><strong>placuit</strong></span> <span class='ocrx_word' id='word_1_863' title='bbox 2578 5715 2764 5800; x_wconf 57' lang='lat' dir='ltr'><strong>lectio</strong></span> <span class='ocrx_word' id='word_1_864' title='bbox 2783 5735 2948 5800; x_wconf 76' lang='lat' dir='ltr'><strong>quam</strong></span> <span class='ocrx_word' id='word_1_865' title='bbox 2977 5718 3208 5776; x_wconf 84' lang='lat' dir='ltr'><strong>exhibet</strong></span> <span class='ocrx_word' id='word_1_866' title='bbox 3236 5719 3452 5789; x_wconf 88' lang='lat' dir='ltr'><strong>Germ.,</strong></span> <span class='ocrx_word' id='word_1_867' title='bbox 3499 5723 3553 5779; x_wconf 88' lang='lat' dir='ltr'><strong>si</strong></span> <span class='ocrx_word' id='word_1_868' title='bbox 3581 5721 3766 5779; x_wconf 82' lang='lat' dir='ltr'><strong>studio</strong></span> 
     </span>
    </p>
   </div>
   <div class='ocr_carea' id='block_1_118' title="bbox 2141 5785 3008 5862">
    <p class='ocr_par' dir='ltr' id='par_1_118' title="bbox 2141 5785 3008 5862">
     <span class='ocr_line' id='line_1_120' title="bbox 2141 5785 3008 5862; baseline 0.015 -26"><span class='ocrx_word' id='word_1_869' title='bbox 2141 5785 2615 5858; x_wconf 79' lang='lat' dir='ltr'><strong>circumspectionis</strong></span> <span class='ocrx_word' id='word_1_870' title='bbox 2643 5785 3008 5862; x_wconf 81' lang='lat' dir='ltr'><strong>inoigilamus.</strong></span> 
     </span>
    </p>
   </div>
  </div>
