3946 6364
166 317 255 372 I33
905 316 1276 372 MORALIUM
1319 315 1448 372 LIB.
1494 319 1643 374 XIX.
1690 351 1759 362 —
1800 321 1866 376 IN
1908 319 2135 378 CAPUT
2177 325 2411 381 XXVIII
2452 326 2514 380 Β.
2553 325 2693 384 ΙΟΒ.

3360 333 3456 388 134

157 443 325 499 studia
351 441 863 530 circumspectionis
892 441 1207 514 invigilent,
1231 442 1459 514 orando,
1491 445 1746 517 legendo,
1784 456 1833 514 Α
1861 464 1970 521 quo
1997 465 2128 506 arcu
2157 451 2371 506 scilicet
2395 467 2524 506 vasa
2554 453 2747 507 mortis
2776 464 3061 526 praeparat,
3095 456 3226 530 quia
3253 473 3460 514 secun-

159 533 282 589 bene
311 529 548 587 vivendo
574 546 926 601 renovamur,
958 531 1087 606 quia
1117 532 1233 588 vita
1262 540 1450 589 nostra
1477 533 1610 591 dum
1654 536 1745 592 la-

156 621 348 696 crymis
381 621 616 692 lavatur,
663 620 826 679 bonis
866 621 1127 694 operibus
1186 631 1494 692 exercetur,
1539 626 1745 682 sanctis

158 711 594 769 meditationibus
614 712 879 782 tenditur,
910 712 975 769 ad
999 713 1303 769 novitatem
1326 731 1481 771 suam
1498 715 1616 772 sine
1633 733 1742 774 ces-

155 803 350 859 satione
375 812 677 876 reparatur.
723 804 921 860 Beatus
953 803 1126 876 igitur
1152 803 1254 859 Job
1298 805 1378 861 sic
1407 823 1506 863 sua
1534 815 1740 876 narrat,

154 901 208 952 ut
222 901 402 950 nostra
429 893 724 966 signiﬁcet,
757 894 886 968 quia
915 900 1103 950 sancta
1132 893 1379 950 Ecclesia
1398 912 1524 952 cum
1556 897 1743 954 ﬁdeles

152 1001 268 1042 suos
293 983 565 1058 conspicit
605 983 674 1040 ad
703 986 831 1042 vitae
861 989 1062 1045 veteris
1111 988 1256 1046 633
1305 991 1497 1060 culpas
1541 987 1740 1057 redire,

150 1091 234 1132 eos
260 1091 392 1148 quos
421 1075 724 1132 novitatem
749 1083 950 1137 mentis
979 1081 1228 1138 intuetur
1247 1081 1494 1155 perdere,
1527 1079 1744 1152 cogitur

149 1165 367 1236 plorare.
400 1164 735 1222 Praedicator
768 1169 970 1242 quippe
1000 1173 1251 1246 egregius
1290 1170 1584 1243 discipulis
1625 1168 1742 1224 suis

149 1253 309 1311 dicit:
354 1257 482 1323 Qua:
507 1263 583 1311 est
619 1259 756 1313 enim
783 1266 970 1316 nostra
1010 1279 1146 1333 spes,
1199 1269 1294 1317 aut
1331 1261 1614 1333 gaudium,
1648 1265 1743 1314 aut

146 1361 327 1400 corona
370 1346 602 1416 gloria?
631 1366 804 1404 nonne
837 1366 927 1405 vos
943 1352 1364 1407 anteDominum
1393 1351 1450 1422 (Ι
1475 1351 1650 1407 Thess.
1678 1365 1738 1417 Ir,

149 1433 231 1505 19)
246 1433 274 1490 ‘i
299 1435 498 1492 Sancta
525 1452 654 1510 ergo
672 1439 919 1499 Ecclesia
941 1441 1096 1514 quasi
1111 1441 1368 1498 amissam
1401 1441 1628 1513 gloriam
1651 1439 1739 1495 de-

150 1523 337 1594 plorat,
359 1541 487 1582 cum
511 1525 698 1584 ﬁdeles
720 1544 851 1585 suos
869 1529 938 1586 ad
956 1531 1128 1587 vitam
1153 1539 1391 1587 veterem
1404 1529 1582 1585 redire
1597 1545 1742 1585 con-

144 1611 358 1670 siderat.
390 1615 486 1670 Ait
517 1616 663 1671 enim
699 1634 710 1671 :
738 1617 1015 1674 Dicebam:
1045 1621 1235 1676 Gloria
1262 1638 1377 1675 mea
1415 1635 1617 1690 semper
1644 1616 1740 1671 in-

143 1708 437 1775 novabitur,
474 1709 603 1782 quia
633 1725 726 1766 eos
753 1727 890 1783 quos
923 1714 937 1746 ¹
973 1713 1031 1768 in
1063 1729 1118 1769 se
1148 1730 1306 1770 novae
1336 1714 1466 1769 vitas
1500 1713 1740 1768 militare

145 1799 388 1868 credidit,
422 1803 655 1859 vetustis
690 1802 978 1860 desideriis
1007 1805 1214 1862 servire
1243 1805 1542 1879 cognoscit.

213 1948 348 2024 [νει.
366 1952 658 2027 XXVIII
686 1953 771 2010 54.
794 1957 933 2024 Quot
952 1956 1314 2027 signiﬁcentur
1343 1956 1397 2009 in
1419 1953 1588 2010 sacris
1601 1952 1741 2010 Scri-

143 2041 329 2112 pluris,
354 2060 517 2098 arcus
546 2045 772 2102 nomine.
805 2077 875 2088 -—
907 2051 1082 2103 Arcus
1102 2055 1285 2102 autem
1318 2046 1542 2102 nomine
1572 2044 1629 2099 in
1660 2060 1739 2100 sa-

148 2145 233 2186 cro
271 2131 496 2205 eloquio
526 2133 823 2206 aliquando
855 2137 1127 2192 malorum
1175 2135 1414 2200 insidiae,
1441 2133 1740 2207 aliquando

149 2218 255 2277 dies
276 2220 501 2293 judicii,
523 2224 824 2297 aliquando
843 2243 974 2282 vero
1002 2227 1118 2298 ipsa
1139 2226 1324 2282 eadem
1353 2242 1504 2282 sacra
1523 2224 1742 2296 eloquia

149 2309 512 2384 designantur.
548 2315 650 2370 Per
676 2332 864 2372 arcum
896 2317 1098 2389 quippe
1154 2315 1370 2371 insidiae
1411 2315 1740 2387 ﬁgurantur,

149 2402 278 2458 sicut
330 2419 426 2475 per
474 2405 824 2462 Psalmistam
882 2406 1123 2463 dicitur:
1159 2408 1504 2463 Intenderunt
1557 2423 1742 2461 are-um

148 2509 307 2562 suum,
336 2511 445 2548 rem
474 2512 722 2551 amaram
754 2496 928 2566 (Psal.
964 2513 1124 2565 LXIII,
1155 2497 1236 2568 4).
1271 2497 1374 2551 Per
1393 2513 1584 2552 arcum
1607 2512 1741 2568 quo-

149 2597 242 2654 que
268 2581 384 2640 dies
412 2585 649 2640 extremi
673 2583 873 2656 judicii
901 2585 1240 2658 designatur,
1271 2587 1415 2642 sicut
1454 2602 1550 2658 per
1577 2601 1743 2640 eum-

150 2670 260 2727 dem
288 2689 509 2729 rursum
550 2674 896 2730 Psalmistam
927 2674 1164 2732 dicitur:
1203 2675 1488 2732 Ostendisli
1543 2675 1742 2745 populo

153 2766 228 2815 tuo
253 2761 412 2831 dura,
440 2765 643 2835 potasti
671 2781 765 2819 nos
794 2765 919 2820 vino
948 2765 1396 2836 compunctionis;
1430 2764 1620 2818 dedisti
1644 2781 1742 2817 me-

152 2852 395 2907 tuentibus
429 2860 475 2908 te
517 2854 974 2924 signiﬁcationem,
1008 2861 1066 2908 ut
1106 2854 1319 2924 fugiant
1345 2872 1379 2908 a
1423 2853 1561 2922 facie
1586 2871 1744 2906 arcus

154 2939 309 3008 (Psal.
339 2959 461 3011 er,
501 2942 582 3014 5).
616 2943 679 2998 In
708 2959 840 2999 arcu
879 2943 1028 2998 enim
1069 2951 1276 3015 quanto
1315 2944 1475 3013 longe
1507 2941 1747 2995 trahitur

151 3027 360 3102 chorda,
392 3040 553 3088 tanto
583 3033 650 3088 de
680 3050 744 3089 eo
767 3033 1071 3089 districtior
1087 3033 1202 3089 exit
1227 3033 1442 3104 sagitta.
1469 3032 1561 3088 Sic
1583 3031 1744 3086 nimi-

151 3135 260 3177 rum
284 3124 364 3180 sic
391 3123 628 3180 extremi
643 3123 843 3196 judicii
865 3123 983 3179 dies
1001 3131 1207 3196 quanto
1230 3123 1388 3193 longe
1419 3121 1670 3176 differtur
1686 3127 1747 3174 ut
1779 3189 1817 3208 η

153 3211 342 3279 veniat,
366 3220 523 3269 tanto
556 3229 681 3269 cum
712 3213 924 3267 venerit
955 3212 1021 3267 de
1054 3212 1152 3266 illo
1181 3209 1486 3267 districtior
1515 3217 1745 3264 senten-

151 3297 220 3352 tia
245 3302 512 3371 procedit.
547 3302 760 3359 Idcirco
803 3309 985 3357 aut-em
1023 3300 1258 3356 diversis
1307 3315 1457 3354 nunc
1495 3296 1745 3353 cladibus

152 3391 502 3460 percutimur,
525 3400 586 3448 ut
615 3391 703 3447 his
732 3391 963 3448 correcti
994 3390 1293 3463 paratiores
1321 3396 1455 3444 tunc
1503 3386 1743 3442 inveniri

153 3477 440 3538 valeamus.
476 3481 628 3538 Unde
659 3482 775 3537 illic
801 3481 1147 3553 praemissum
1183 3487 1296 3534 est:
1335 3477 1620 3534 Ostendisti
1637 3495 1746 3548 po-

149 3568 266 3636 pulo
297 3577 384 3626 tuo
414 3572 578 3637 dura,
614 3571 826 3643 ﬂagella
852 3569 1111 3626 videlicet
1138 3568 1348 3636 smculi,
1380 3585 1500 3640 quae
1531 3575 1745 3622 secutu-

153 3668 266 3712 rum
305 3661 529 3732 gravius
553 3661 752 3734 judicii
781 3660 927 3716 diem
945 3667 1300 3732 praecurrent.
1325 3659 1530 3713 Potasti
1558 3657 1742 3711 nosvi-

155 3759 213 3799 no
236 3751 672 3820 compunctionis,
701 3758 764 3806 ut
783 3757 1000 3805 terrena
1030 3747 1226 3820 gaudia
1250 3746 1308 3801 in
1333 3747 1602 3818 lacrymas
1629 3763 1746 3800 ver-

155 3839 624 3898 lerentur.Dedisti
643 3839 984 3894 metuentibus
1015 3844 1059 3892 le
1099 3837 1552 3908 signiﬁcationem,
1587 3836 1746 3906 utiu-

158 3925 291 3992 giant
333 3949 368 3985 a
398 3929 539 3999 facie
567 3946 744 3985 arcus.
792 3931 873 3982 Ac
900 3926 946 3983 si
993 3934 1176 3998 aperte
1206 3925 1447 3982 diceret:
1483 3927 1598 3981 Hoc
1618 3934 1748 3980 tem-

162 4028 246 4084 pus
273 4018 674 4076 misericordia
705 4026 808 4087 est,
842 4017 979 4073 illud
1012 4025 1226 4088 tempus
1249 4014 1449 4086 judicii
1490 4016 1614 4070 erit.
1648 4016 1750 4070 Per

162 4100 251 4160 ista
271 4123 402 4181 ergo
443 4109 609 4182 hujus
647 4108 911 4181 temporis
937 4107 1147 4180 ﬂagella
1163 4106 1442 4178 signiﬁcas
1471 4105 1749 4178 quomodo

161 4198 279 4253 tunc
294 4215 652 4270 percussurus
671 4217 728 4256 es
743 4199 962 4273 quando
999 4214 1109 4253 non
1138 4213 1364 4268 parcens
1379 4194 1618 4267 judicas,
1655 4193 1750 4267 qui

165 4281 233 4340 sic
257 4286 501 4348 districte
531 4289 695 4347 modo
725 4287 965 4362 percutis
994 4285 1215 4359 quando
1247 4285 1450 4358 parcis.

226 4429 307 4488 55.
340 4436 466 4507 Ipsa
497 4435 693 4508 Script.
727 4452 883 4490 sae-ra
909 4448 1070 4488 arcus
1113 4437 1187 4486 est
1216 4429 1487 4486 Ecclesia».
1521 4459 1592 4469 —
1622 4427 1753 4483 Ali—

170 4523 370 4588 quando
398 4536 582 4584 autem
609 4543 705 4600 per
732 4541 920 4582 arcum
949 4523 1115 4580 etiam
1159 4537 1313 4578 sacra
1343 4519 1625 4591 Scriptura
1665 4518 1751 4574 si-

173 4618 367 4675 gnatur.
399 4617 522 4688 Ipsa
559 4616 764 4690 quippe
818 4629 979 4671 arcus
1007 4620 1089 4668 est
1117 4609 1400 4676 Ecclesia,
1447 4609 1562 4680 ipsa
1591 4625 1751 4664 arcus

173 4703 243 4751 est
258 4699 494 4776 Domini,
521 4705 590 4762 de
610 4721 716 4778 qua
736 4703 805 4760 ad
825 4702 991 4758 corda
1022 4699 1314 4758 hominum
1335 4697 1479 4754 sicut
1500 4696 1758 4754 ferientes

175 4787 380 4863 δειείιιεε,
410 4797 492 4855 sic
515 4803 783 4854 terrentes
810 4793 1094 4852 sententiae
1125 4792 1378 4849 veniunt.
1420 4789 1575 4846 Unde
1612 4796 1757 4846 recte

177 4886 369 4953 quoque
395 4901 491 4958 per
510 4886 860 4945 Psalmistam
889 4885 1095 4942 dicitur
1119 4902 1130 4940 :
1165 4884 1370 4940 Arcum
1397 4897 1555 4936 suum
1586 4886 1757 4935 teten-

179 4961 245 5019 d“
260 4976 304 5025 ει
323 4979 539 5044 parauit
557 4979 736 5045 illum,
754 4983 803 5034 et
819 4978 878 5032 in
896 4976 1010 5049 ipso
1028 4975 1249 5048 paravit
1283 4990 1416 5029 vasa
1435 4971 1645 5037 mortis,
1674 4987 1758 5026 sa-

180 5052 316 5122 θίααε
345 5081 467 5126 suas
503 5069 815 5128 ardentibus
843 5066 1008 5140 effecit
1049 5065 1232 5137 (Psal.
1263 5080 1366 5130 vn,
1399 5063 1515 5134 13).
1548 5062 1756 5117 Arcum

182 5154 391 5222 namque
419 5174 579 5217 suum
609 5158 880 5216 Dominus
899 5155 1133 5214 tetendit
1158 5173 1171 5220 ;
1205 5152 1336 5227 quia
1377 5150 1594 5209 cunctis
1622 5166 1758 5222 pec-

183 5239 434 5305 catoribus
447 5266 543 5322 per
558 5250 896 5324 Scripturam
911 5262 1121 5306 sacram
1161 5244 1340 5302 minas
1359 5241 1637 5300 exhibuit.
1677 5241 1762 5297 In-

252 5527 270 5612 :
305 5532 558 5612 Yindoc.,
586 5541 645 5597 in
673 5540 904 5597 novitate
931 5538 1187 5612 militare.

251 5599 270 5632 ²
305 5599 504 5682 Germ.,
524 5599 774 5671 rlGemet.
833 5629 896 5670 ac
968 5611 1086 5680 alii,
1141 5606 1526 5682 ingredientur.
1599 5601 1760 5660 Corb.

194 5663 332 5755 θεῖα]
342 5719 352 5731 .
361 5721 383 5755 ζ
402 5663 791 5755 ingrediuntur.

253 5741 272 5822 ξ
309 5745 338 5822 1
361 5741 526 5813 Ῑιειιῖἀ.
557 5765 611 5814 et
637 5741 800 5814 Corb.
834 5755 1045 5822 Germ.,
1074 5753 1208 5809 sicut
1235 5751 1292 5807 in
1321 5751 1414 5806 hoc
1428 5746 1620 5804 eodem.

257 5813 273 5844 ’⁵
309 5817 521 5886 Recent.
554 5813 666 5886 Ed:
669 5872 684 5898 ,
697 5829 816 5899 jam
833 5844 942 5883 non
966 5813 1138 5885 vellet.
1168 5826 1455 5896 Repugnat
1482 5832 1695 5885 8811303,

1853 538 1986 595 dum
2013 540 2219 613 eloquii
2249 541 2333 596 sui
2366 541 2693 597 sententiam
2715 558 2809 598 eos
2829 543 2924 616 qui
2954 559 3101 601 nunc
3120 547 3321 620 corrigi
3352 563 3460 603 ne-

1853 628 2069 701 gligunt
2099 629 2358 702 reprobos
2385 629 2629 690 damnat.
2666 633 2727 686 In
2757 648 2866 703 quo
2895 632 3058 687 etiam
3088 636 3312 704 sagittas
3333 652 3460 693 suas

1852 717 2174 776 ardentibus
2221 719 2424 788 eﬁ‘ecit,
2473 720 2604 793 quia
2649 721 2708 775 in
2750 737 2843 776 eos
2889 737 3027 794 quos
3069 737 3168 794 per
3194 730 3457 780 terrorem

1852 808 2104 880 corrigit,
2149 825 2406 865 accensas
2444 809 2738 865 verborum
2788 809 3088 866 sententias
3124 810 3350 866 emittit.
3383 814 3460 868 De

1852 895 1959 954 hoc
1988 898 2411 970 praedicatorum
2433 916 2564 956 arcu
2586 915 2683 972 per
2704 899 2899 955 Isaiam
2931 897 3166 956 dicitur:
3202 899 3336 956 Cum
3362 916 3462 954 sa-

1850 987 1997 1058 gittis
2025 995 2074 1043 et
2100 1006 2235 1044 arcu
2255 990 2276 1024 ²
2305 990 2681 1061 ingrediuntur
2707 990 2838 1046 illuc
2866 989 3030 1060 (Isai.
3056 1007 3159 1058 vn,
3183 989 3301 1060 24),
3333 989 3463 1062 quia

1852 1076 2119 1132 nimirum
2160 1078 2337 1134 sancti
2368 1079 2602 1150 apostoli
2645 1078 2713 1135 ad
2743 1077 3049 1134 feriendam
3083 1079 3305 1150 gentilis
3334 1079 3461 1134 vitai

1851 1165 2114 1222 duritiam
2147 1184 2274 1223 cum
2297 1167 2565 1224 districtis
2588 1168 2881 1224 verborum
2911 1167 3144 1240 spiculis
3167 1175 3458 1224 venerunt.

1851 1255 1997 1324 Quid
2019 1255 2195 1328 igitur
2215 1255 2321 1314 hoc
2343 1257 2397 1312 in
2423 1258 2543 1313 loco
2559 1274 2717 1314 arcus
2737 1257 2962 1312 nomine
2985 1256 3093 1312 nisi
3113 1272 3331 1312 sacrum
3353 1257 3463 1313 elo-

1851 1345 2045 1418 quium
2077 1345 2240 1401 debet
2275 1345 2553 1418 intelligi?
2585 1348 2646 1402 In
2676 1345 2884 1402 chorda
2912 1345 3117 1400 etenim
3149 1345 3462 1402 Testamen-

1851 1445 1968 1492 tum
1999 1439 2238 1505 Novum,
2270 1437 2328 1492 in
2358 1453 2531 1493 cornu
2561 1453 2692 1492 vero
2721 1437 3133 1492 Testamentum
3167 1437 3342 1492 Vetus
3374 1451 3460 1492 ac-

1850 1528 2074 1599 cipitur.
2110 1530 2171 1584 In
2200 1545 2334 1584 arcu
2361 1537 2544 1584 autem
2593 1528 2725 1583 dum
2757 1527 2967 1584 chorda
2995 1527 3255 1595 trahitur,
3287 1543 3462 1583 cornu

1849 1625 2144 1685 curvatur;
2177 1621 2198 1652 ³
2241 1617 2323 1674 sic
2377 1618 2436 1673 in
2487 1617 2594 1674 hoc
2634 1617 2825 1672 eodem
2877 1633 3032 1674 sacro
3077 1617 3298 1688 eloquio
3326 1615 3462 1672 dum

1851 1706 2262 1762 Testamentum
2312 1708 2528 1762 Novum
2589 1706 2810 1776 legitur,
2866 1705 3075 1759 duritia
3129 1705 3462 1759 Testamenti

1851 1796 2070 1851 Veteris
2124 1795 2427 1850 emollitur.
2485 1795 2570 1849 Ad
2626 1793 2744 1866 ejus
2798 1809 3035 1866 namque
3088 1793 3360 1864 spiritalia
3410 1801 3463 1848 et

1851 1885 2054 1942 blanda
2086 1892 2359 1957 przecepta
2387 1884 2540 1939 illius
2570 1888 2717 1946 634
2737 1881 2933 1938 litterae
2963 1897 3020 1936 se
3040 1881 3188 1952 rigor
3209 1882 3462 1948 inclinat,

1855 1981 1986 2054 quia
2007 1983 2419 2037 Testamentum
2441 1981 2682 2049 Novum,
2706 1980 2837 2036 dum
2861 1981 3016 2054 quasi
3036 1980 3274 2054 quodam
3305 1980 3463 2036 bona:

1852 2069 2190 2142 operationis
2219 2069 2447 2126 brachio
2491 2069 2751 2137 trahitur,
2800 2069 2857 2124 in
2889 2071 3239 2126 Testamento
3275 2069 3462 2126 Veteri

1851 2159 2161 2214 severitatis
2197 2158 2325 2230 jura
2373 2159 2690 2215 ﬂectuntur.
2738 2161 2850 2215 Nec
2879 2159 3198 2217 indecenter
3226 2159 3466 2216 dicimus

1852 2248 2115 2305 chordam
2157 2249 2507 2304 Testamento
2535 2251 2691 2304 Novo
2734 2265 3055 2320 congruere,
3087 2248 3235 2321 quod
3265 2247 3332 2304 de
3368 2247 3466 2302 in-

1852 2339 2170 2396 carnatione
2223 2323 2504 2395 dominica
2559 2347 2770 2395 certum
2827 2347 2911 2394 est
2956 2339 3253 2396 exstitisse.
3296 2338 3465 2406 Quasi

1854 2446 1982 2501 ergo
2016 2428 2224 2484 chorda
2253 2428 2516 2496 trahitur,
2533 2437 2591 2484 et
2610 2445 2819 2484 cornua
2838 2437 3162 2496 curvantur,
3183 2427 3311 2500 quia
3331 2426 3463 2482 dum

1854 2519 1912 2574 in
1945 2520 2298 2573 Testamento
2328 2519 2485 2574 Novo
2516 2517 2822 2574 incarnatio
2857 2517 3175 2573 mediatoris
3205 2516 3468 2589 agnosci-

1853 2618 1968 2676 tur,
2013 2608 2082 2664 ad
2125 2607 2429 2680 spiritalem
2479 2606 2907 2677 intelligentiam
2955 2607 3104 2678 rigor
3132 2605 3466 2662 Testamenti

1853 2699 2071 2755 Veteris
2102 2697 2425 2754 inclinatur.
2448 2696 2543 2752 Ait
2572 2697 2744 2768 igitur
2772 2704 2996 2752 sanctus
3024 2696 3111 2752 vir
3135 2714 3146 2750 :
3184 2695 3463 2752 Dicebam:

1859 2789 2048 2844 Gloria
2078 2805 2193 2841 mea
2226 2804 2426 2857 semper
2453 2787 2818 2856 innovabitur,
2844 2793 2893 2842 et
2915 2804 3075 2842 arcus
3101 2804 3246 2844 meus
3272 2787 3331 2841 in
3357 2803 3466 2841 ma-

1854 2894 1929 2930 nu
1956 2894 2072 2930 mea
2101 2876 2520 2931 instaurabitur.

1925 3052 2014 3108 56.
2025 3053 2132 3108 Hoc
2144 3068 2274 3107 arcu
2286 3057 2418 3106 recte
2430 3052 2719 3122 utitur,qui
2729 3051 2912 3107 divina
2924 3054 3135 3123 eloquia
3146 3053 3468 3125 intelligens,

1859 3158 2015 3213 apere
2038 3141 2264 3213 perﬁcit.
2296 3171 2367 3181 —
2395 3144 2572 3196 Arcus
2601 3141 2658 3195 in
2689 3157 2856 3196 manu
2879 3149 2962 3198 est
3002 3142 3284 3214 Scriptura
3317 3159 3472 3199 sacra

1857 3232 1914 3286 in
1929 3232 2266 3303 operatione.
2289 3233 2350 3286 In
2369 3246 2538 3285 manu
2558 3231 2762 3285 etenim
2783 3248 2973 3287 arcum
2997 3239 3146 3286 tenet
3167 3233 3262 3304 qui
3279 3232 3472 3288 divina

1854 3320 2075 3392 eloquia
2105 3336 2225 3392 qua:
2257 3319 2542 3374 intellectu
2569 3336 2670 3390 cog
2682 3319 2862 3376 noscit
2891 3320 3209 3391 operatione
3232 3321 3467 3393 perﬁcit.

1856 3410 2198 3464 Instauratur
2226 3424 2360 3479 ergo
2381 3424 2541 3463 arcus
2561 3407 2618 3462 in
2642 3424 2828 3476 manu,
2852 3407 2985 3463 dum
3008 3408 3284 3482 quidquid
3305 3409 3371 3465 de
3391 3426 3470 3465 sa-

1855 3515 1950 3554 cro
1972 3497 2192 3570 eloquio
2208 3496 2480 3552 studendo
2497 3497 2868 3567 cognoscitur,
2886 3498 3126 3554 vivendo
3142 3501 3469 3571 completur.

1860 3588 2000 3643 Hinc
2030 3587 2194 3642 etiam
2226 3587 2487 3642 Salomon
2503 3585 2637 3641 dum
2669 3587 2838 3642 fortes
2866 3587 3135 3658 spiritalis
3165 3604 3359 3660 pugnas
3381 3589 3472 3646 de-

1857 3678 2118 3734 scriberet
2163 3677 2476 3746 bellatores,
2517 3677 2626 3732 ait:
2678 3680 2866 3734 Omnes
2907 3685 3128 3733 tenentes
3159 3679 3393 3750 gladios,
3423 3686 3473 3734 et

1859 3775 1930 3829 ad
1947 3775 2083 3828 bella
2105 3772 2396 3828 doctissimi
2423 3773 2604 3842 (Cant.
2626 3788 2710 3839 III,
2733 3773 2813 3843 8).
2835 3772 2979 3839 Quid
3001 3789 3236 3844 namque
3254 3772 3310 3827 in
3333 3771 3473 3827 divi-

1849 3879 1929 3933 ‘na
1957 3863 2243 3934 Scriptura
2274 3878 2369 3933 per
2399 3862 2641 3933 gladium
2672 3860 2960 3934 ﬁguretur,
2992 3862 3194 3918 Paulus
3235 3861 3472 3933 aperuit,

1859 3951 2092 4008 dicens:
2129 3953 2202 4007 Et
2250 3952 2488 4022 gladium
2529 3951 2774 4021 spiritus,
2821 3951 2962 4020 quod
3004 3957 3078 4004 est
3123 3951 3336 4004 verbum
3376 3948 3476 4003 Dei

1863 4041 2084 4111 (Ephes.
2119 4057 2198 4108 v1,
2246 4041 2357 4110 l7).
2399 4037 2541 4110 [Vet.
2577 4038 2808 4110 XXIX]
2854 4039 3113 4093 Salomon
3142 4045 3325 4092 autem
3361 4053 3473 4093 non

1861 4127 1938 4183 ait
1963 4145 1973 4182 :
2009 4128 2212 4182 Omnes
2242 4126 2506 4182 habentes
2535 4126 2768 4197 gladios,
2798 4125 2891 4182 sed
2921 4133 3188 4193 tenentes,
3220 4125 3350 4198 quia
3379 4125 3475 4180 vi-

1861 4217 2060 4273 delicet
2106 4215 2335 4271 verbum
2385 4216 2483 4270 Dei
2537 4232 2648 4270 non
2696 4223 2778 4271 est
2821 4215 3074 4270 mirabile
3125 4213 3476 4271 solummodo

1861 4307 2024 4376 scire,
2073 4306 2168 4363 sed
2213 4307 2412 4362 facere.
2453 4305 2628 4362 Habet
2669 4306 2894 4379 quippe,
2923 4304 3017 4361 sed
3048 4321 3162 4361 non
3189 4312 3338 4361 tenet
3367 4306 3474 4378 gla-

1862 4396 2040 4465 dium,
2072 4396 2167 4470 qui
2197 4396 2453 4452 divinum
2484 4394 2708 4470 quidem
2739 4395 3023 4468 eloquium
3061 4395 3242 4461 novit,
3273 4394 3368 4452 sed
3397 4411 3476 4451 se-

1863 4485 2110 4541 cundum
2161 4484 2302 4540 illud
2351 4485 2539 4540 vivere
2595 4484 2842 4556 negligit.
2887 4485 2957 4539 Et
3003 4484 3199 4541 doctus
3243 4501 3358 4540 esse
3409 4483 3478 4541 ad

1785 4556 1834 4614 D
1863 4575 2049 4631 bella‘
2092 4574 2208 4646 jam
2264 4591 2376 4630 non
2432 4574 2602 4642 valet,
2651 4574 2746 4648 qui
2787 4574 3090 4646 spiritalem
3123 4591 3284 4647 quem
3315 4573 3482 4630 habet

1867 4666 2111 4739 gladium
2156 4666 2386 4722 minime
2414 4673 2653 4723 exercet.
2703 4666 2841 4722 Nam
2875 4665 3126 4727 resistere
3156 4664 3479 4722 tentationi-

1869 4755 1977 4813 bus
2005 4757 2238 4814 omnino
2267 4773 2378 4813 non
2409 4757 2634 4826 suﬁicit,
2678 4756 2772 4830 qui
2805 4755 2955 4813 hunc
2983 4755 3138 4812 verbi
3167 4756 3268 4813 Dei
3294 4763 3480 4812 tenere

1867 4848 2110 4920 gladium
2136 4849 2278 4905 male
2294 4848 2536 4905 vivendo
2550 4849 2849 4922 postponit.
2870 4849 3069 4906 Sancta
3090 4849 3273 4921 itaque
3296 4846 3479 4902 Eccle-

1867 4938 1969 5007 sia,
1990 4955 2113 5011 quaa
2144 4938 2502 5012 subsequenti
2523 4941 2544 4974 ⁵
2576 4937 2956 5011 persecutione
2985 4936 3337 5010 deprimitur,
3369 4949 3478 4989 ma-

1865 5029 2053 5086 lorum
2109 5029 2509 5086 abundantiam
2558 5038 2612 5086 et
2641 5030 2912 5086 bonorum
2944 5028 3187 5100 inopiam
3219 5039 3476 5096 pensans,

1872 5119 2019 5175 beati
2073 5119 2176 5176 Job
2217 5119 2447 5176 vocibus
2489 5118 2690 5175 damna
2731 5136 2830 5176 sua
2860 5115 3215 5191 praenuntiet,
3245 5111 3474 5169 dicens:

1870 5209 2216 5281 Dicebamque
2236 5228 2253 5265 :
2301 5210 2369 5266 In
2397 5209 2582 5264 nidulo
2610 5226 2720 5263 meo
2752 5207 2983 5273 moriar,
3025 5211 3072 5259 et
3117 5204 3254 5260 sicut
3292 5205 3477 5276 palma

1872 5496 2124 5569 nullique
2175 5509 2411 5567 quorum
2454 5491 2668 5569 copiam
2719 5491 3078 5569 habuerimus
3113 5494 3302 5569 favent
3340 5493 3477 5550 Mss.

1873 5563 2208 5625 Lectionem'
2225 5573 2466 5621 nostram
2517 5563 2785 5620 exhibent
2818 5564 2955 5622 Cod.
3001 5566 3199 5635 Laud.,
3243 5566 3476 5632 Turon.,

1875 5639 2139 5707 Vindoc.,
2172 5639 2386 5704 Norm.,
2417 5635 2580 5692 Corb.
2613 5636 2826 5706 Germ.,
2855 5653 3074 5695 necnon
3101 5645 3213 5694 vet.
3243 5635 3474 5693 Excusi.

1946 5713 1968 5747 ⁸
2008 5709 2272 5774 Vindoc.,
2305 5707 2664 5764 tribulatione.
