3946 6362
514 299 618 358 135

1717 299 1968 358 SANCTI
2005 300 2346 358 GREGORII
2383 301 2609 357 MAGNI
3700 311 3789 368 136

415 385 433 402 ’
509 421 868 494 multiplicabo
895 421 1024 478 dies.
1054 421 1236 480 Radix
1278 440 1395 479 utea
1419 430 1608 496 aperta
1641 429 1718 481 est
1742 405 1885 481 secus
1909 441 2102 496 aquas,
2131 429 2182 486 A
2215 422 2510 482 dicationis
2546 424 2776 496 gratiam
2821 432 3148 485 restaurare.
3177 427 3310 496 Qum
3353 436 3536 488 tamen
3562 438 3790 508 tempora

509 519 557 571 et
580 529 671 569 ros
695 511 996 570 morabitur
1021 513 1081 568 in
1105 514 1354 572 messione
1379 531 1514 572 mea.
1549 516 1741 574 Gloria
1765 534 1880 574 mea
1905 533 2108 589 semper
2207 511 2324 585 jam
2351 529 2502 571 nunc
2529 513 2816 572 inchoasse
2834 515 3267 589 ingemiscimus,
3287 534 3417 576 cum
3435 521 3635 580 multos
3659 523 3791 584 intra

505 601 868 668 innovabitur,
915 609 965 659 et
995 621 1155 660 arcus
1192 621 1339 662 meus
1387 605 1442 660 in
1489 623 1655 663 manu
1679 623 1796 664 mea
1820 607 2106 664 instaura-

506 690 671 748 bitur.
719 690 854 761 Quae
898 692 1157 750 videlicet
1184 702 1386 752 cuncta
1412 696 1787 767 considerans,
1822 699 1838 734 ¹
1888 715 2106 774 nequa—

505 795 674 854 quam
702 797 799 854 spe
817 797 971 838 cassa
989 781 1304 841 fallebatur.
1325 785 1464 842 Nam
1487 785 1716 858 perfecti
1736 787 1944 862 quique
1965 789 2104 846 mul-

506 878 594 929 tos
625 888 777 930 nunc
817 871 937 944 ejus
965 874 1316 946 conspiciunt
1340 875 1362 911 ²
1391 875 1688 949 adjutores,
1739 877 1837 936 sed
1876 885 2106 952 pensant

507 961 699 1034 procul
721 960 895 1019 dubio
911 962 1058 1036 quod
1087 973 1395 1037 emergente
1415 966 1815 1038 persecutionis
1843 969 2104 1040 articulo,

507 1065 579 1105 ex
606 1048 696 1108 his
715 1050 963 1125 plerique
991 1052 1179 1110 hostes
1201 1053 1355 1112 illius
1373 1055 1538 1124 ﬁunt,
1555 1056 1781 1129 quiesse
1801 1059 1952 1130 pacis
1969 1065 2108 1116 tem-

505 1153 640 1210 pore
665 1139 785 1213 ejus
813 1141 962 1198 cives
989 1142 1269 1200 videntur.
1294 1145 1414 1201 Non
1441 1153 1626 1202 autem
1652 1146 1720 1203 de
1749 1147 2011 1205 omnibus
2029 1149 2108 1207 ita

507 1229 818 1303 desperant,
853 1231 948 1289 sed
980 1239 1165 1290 tamen
1204 1234 1527 1310 plerumque
1553 1237 1827 1310 contingit
1855 1248 1918 1296 ut
1947 1239 2005 1296 hi
2039 1240 2106 1296 de

505 1318 708 1390 quibus
730 1321 752 1355 ³
778 1319 1042 1393 majorem
1063 1321 1193 1379 ﬁdei
1209 1323 1470 1382 ﬁduciam
1488 1325 1816 1398 habuerant,
1838 1328 1942 1402 ipsi
1965 1328 2107 1403 ejus-

503 1403 628 1463 dem
659 1407 786 1464 fidei
816 1409 999 1467 hostes
1025 1411 1048 1448 ⁸
1086 1413 1382 1470 atrociores
1408 1413 1564 1485 ﬁant,
1602 1424 1664 1472 ut
1714 1433 1808 1474 eos
1850 1425 1984 1476 tunc
2012 1419 2108 1474 vi-

501 1493 668 1552 deant
699 1504 893 1554 contra
911 1515 1066 1556 sacra
1088 1501 1309 1576 eloquia
1331 1520 1511 1576 agere,
1531 1521 1602 1560 ex
1638 1521 1873 1578 quorum
1890 1523 1947 1563 se
1967 1524 2108 1580 ope-

501 1581 714 1642 ratione
737 1585 1087 1645 crediderant
1107 1587 1226 1647 baec
1244 1589 1435 1648 eadem
1454 1607 1608 1650 sacra
1625 1593 1845 1667 eloquia
1862 1593 1933 1650 ad
1954 1578 2106 1668 prae-
2136 1578 2184 1638 Β

583 1797 599 1878 ξ
633 1798 674 1878 l_
692 1797 896 1878 Laud.,
923 1818 1090 1878 neque
1109 1819 1162 1878 se
1173 1821 1410 1876 peccasse
1437 1805 1746 1878 fallebatur.

577 1869 760 1958 {Duo
789 1869 1302 1958 Laud.,:audit'ores
1319 1896 1344 1958 ί
1391 1869 1538 1958 quod
1585 1882 1718 1938 olim
1747 1883 2014 1958 scriptum
2043 1883 2103 1942 iu

505 1939 648 1998 Utic.
688 1942 780 1999 Sic
809 1939 981 2000 etiam
1003 1945 1211 2004 habent
1244 1939 1354 2005 vet.
1390 1939 1494 2006 Ed.

577 2013 598 2048 ³
626 2013 855 2086 Pratel.,
883 2015 1093 2075 Gemet.
1122 2027 1177 2075 et
1207 2021 1490 2091 nonnulli,
1521 2022 1778 2093 majorem
1805 2028 1917 2100 spei
1933 2029 2028 2102 βά.

2212 601 2517 660 Ecclesiam
2547 604 2754 676 positos
2779 605 3080 677 cernimus,
3110 606 3206 681 qui
3236 615 3332 665 aut
3359 609 3556 667 nolunt
3590 615 3790 685 operari

2213 692 2361 766 quod
2389 694 2734 768 intelligunt,
2751 703 2850 753 aut
2877 696 2984 754 hoc
3001 698 3182 770 ipsum
3211 715 3430 774 quoque
3456 718 3666 760 sacrum
3693 705 3792 762 elo-

2214 782 2406 856 quium
2436 783 2745 859 intelligere
2773 803 2837 844 ac
2876 803 3037 845 nosse
3065 796 3449 848 contemnunt.
3510 794 3560 848 Α
3580 794 3792 852 veritate

2213 873 2417 931 etenim
2433 885 2742 934 avertentes
2767 878 3042 950 auditum,
3063 880 3132 938 ad
3148 880 3362 939 fabulas
3388 891 3792 956 convertuntur,

2213 970 2346 1028 dum
2374 989 2550 1030 omnes
2566 992 2684 1046 qua
2709 992 2809 1034 sua
2835 984 2959 1033 sunt
2983 986 3251 1050 quaerunt,
3277 997 3386 1036 non
3407 998 3526 1054 qua:
3549 989 3669 1039 sunt
3684 985 3796 1041 Iesu

2219 1062 2420 1119 Christi
2451 1064 2677 1138 (Philip.
2710 1083 2775 1133 ιι,
2817 1068 2934 1140 21).
2977 1068 3192 1142 Scripta
3233 1070 3333 1127 Dei
3371 1071 3577 1146 ubique
3600 1083 3798 1146 reperta

2213 1161 2568 1225 opponuntur
2622 1157 2820 1226 oculis,
2877 1157 2972 1214 sed
3030 1158 3148 1216 haec
3190 1176 3515 1233 cognoscere
3560 1162 3795 1222 homines

2213 1241 2600 1314 dedignantur.
2620 1246 2763 1302 Pene
2780 1248 2968 1305 nullus
2987 1249 3184 1322 quaerit
3212 1249 3352 1306 scire
3369 1251 3517 1326 quod
3553 1253 3793 1310 credidit.

2213 1330 2513 1390 Multitudo
2541 1350 2669 1407 ergo
2685 1335 2957 1394 bonorum
2978 1339 3407 1410 praecedentium
3435 1357 3621 1398 arcum
3649 1359 3796 1400 suum

2214 1418 2425 1478 destrui
2451 1424 2474 1458 ⁵
2529 1423 2700 1494 dolet,
2755 1442 2876 1500 quae
2923 1444 3140 1484 sacrum
3198 1429 3481 1504 eloquium
3520 1433 3796 1490 restaurari

2212 1525 2428 1584 semper
2452 1529 2550 1586 per
2576 1514 2826 1574 studium
2852 1517 3312 1592 subsequentium
3340 1519 3620 1580 credebat.

2306 1821 2601 1910 legendum
2614 1825 2852 1910 “videtur
2877 1829 3025 1902 ﬁdei,
3052 1830 3181 1905 quia
3210 1831 3378 1905 paulo
3405 1841 3531 1906 post
3584 1832 3791 1906 legitur,

2282 2037 2304 2072 ⁵
2344 2036 2426 2094 Ita
2453 2036 2661 2098 Mss.et
2689 2050 2798 2100 vet.
2830 2043 2934 2102 Ed.
2969 2046 3029 2102 In
3056 2053 3287 2118 recent.,
3333 2048 3563 2107 dolebat.

506 2183 3782 2228 -———_—____._________________

1481 2312 1890 2460 LIB'ER
2020 2376 2825 2474 VIGESIMUS.
2908 2423 2916 2437 ι

499 2539 945 2624 Eaplicant-ur
961 2544 1180 2625 fusius
1213 2547 1502 2644 quinque
1528 2549 2013 2644 ulitmiversus
2033 2571 2180 2644 cap.
2207 2573 2374 2644 igne
2394 2557 2497 2644 lib.
2529 2558 2668 2636 Job,
2695 2578 2847 2624 cum
2881 2563 3129 2640 integro
3151 2579 3300 2644 cap.
3330 2583 3486 2642 xxx,
3511 2568 3796 2632 matcime

687 2673 690 2678 .
1266 2630 1346 2692 de
1373 2630 1689 2694 haereticis
1716 2638 1777 2694 et
1803 2630 2192 2698 carnalibus
2223 2636 2582 2703 Ecclesiam
2607 2630 3016 2708 vexantibus.

1020 2787 1249 2847 CAPUT
1286 2789 1581 2849 PRIMUM.

2201 2796 2326 2854 illos
2352 2797 2591 2856 stillabat
2616 2803 2882 2874 eloquium
2917 2821 3110 2863 meum.
3141 2807 3542 2880 Exspectabam
3568 2827 3649 2866 me
3674 2809 3796 2866 sicut

570 2881 716 2944 635
733 2889 782 2945 1.
800 2887 1078 2960 Scriptura
1091 2906 1249 2946 sacra
1259 2891 1457 2946 caeteris
1475 2891 1628 2948 libris
1640 2893 2100 2966 anteponenda.—
2197 2887 2460 2958 pluviam.
2481 2895 2530 2944 et
2555 2907 2614 2947 os
2641 2850 2794 2948 εαῖιηι
2812 2893 3138 2966 aperiebant.
3165 2850 3323 2968 quatit“
3337 2899 3651 2958 adimbrem
3674 2916 3797 2957 sero-

495 2974 762 3044 Quamvis
782 2994 1001 3035 omnem
1023 2979 1308 3036 scientiam
1331 2987 1494 3054 atque
1516 2981 1830 3040 doctrinam
1851 2983 2096 3057 Scriptu-

491 3080 553 3121 ra
595 3081 748 3124 sacra
791 3067 912 3124 sine
959 3068 1145 3142 aliqua
1185 3070 1597 3142 comparatione
1621 3071 2000 3141 transcendat,
2035 3079 2097 3129 ut

489 3161 699 3212 taceam
728 3155 878 3228 quod
920 3173 1051 3212 vera
1078 3157 1359 3229 praedicat,
1396 3157 1544 3232 quod
1587 3158 1657 3215 ad
1686 3161 1962 3216 caelestem
1989 3177 2098 3233 pa—

490 3243 657 3300 triam
686 3252 885 3311 vocat;
917 3228 1126 3317 quoda
1153 3249 1385 3304 terrenis
1411 3228 1718 3306 desideriis
1760 3251 1830 3306 ad
1860 3228 2098 3322 superna
2136 3228 2180 3288 ί)

491 3332 872 3404 amplectenda
887 3349 983 3390 cor
1002 3335 1230 3408 legentis
1250 3335 1508 3394 immutat
1523 3356 1536 3406 ;
1559 3337 1708 3411 quod
1729 3338 1895 3397 dictis
1908 3340 2103 3398 obscu‘

491 3419 734 3479 rioribus
763 3430 983 3488 exercet
1030 3423 1220 3496 fortes,
1255 3435 1310 3484 et
1337 3427 1586 3500 parvulis
1613 3427 1815 3486 humili
1845 3445 2099 3489 sermone

489 3509 798 3582 blanditur,
829 3513 977 3586 quod
1005 3530 1107 3572 nec
1128 3515 1209 3574 sic
1233 3518 1420 3575 clausa
1444 3525 1526 3575 est
1549 3525 1608 3574 ut
1637 3519 1853 3591 pavesci
1881 3519 2095 3593 debeat,

489 3617 592 3660 nec
618 3601 698 3660 sic
727 3611 875 3676 patet
904 3609 968 3660 ut
1008 3604 1259 3676 vilescat,
1285 3605 1434 3680 quod
1480 3623 1585 3664 usu
1607 3607 1892 3665 fastidium
1927 3611 2093 3680 tollit,

489 3698 544 3749 et
562 3699 718 3749 tanto
737 3692 978 3766 amplius
998 3692 1254 3767 diligitur
1267 3703 1474 3769 quanto
1495 3697 1733 3770 amplius
1761 3698 2088 3768 meditatur;

489 3781 638 3855 quod
657 3783 889 3856 legentis
911 3783 1160 3842 animum
1189 3783 1499 3842 humilibus
1524 3786 1708 3844 verbis
1727 3787 1976 3860 adjuvat,
2005 3805 2096 3846 su-

485 3869 754 3929 blimibus
782 3873 1035 3932 sensibus
1060 3875 1230 3944 levat,
1257 3875 1406 3948 quod
1432 3875 1620 3950 aliquo
1651 3877 1816 3934 modo
1843 3894 1972 3935 cum
2005 3879 2096 3934 le-

486 3961 745 4034 gentibus
771 3963 990 4034 crescit,
1015 3963 1164 4038 quod
1190 3981 1223 4021 a
1250 3964 1484 4024 rudibus
1507 3966 1808 4026 lectoribus
1826 3968 1983 4042 quasi
2011 3983 2092 4024 re-

485 4052 860 4122 cognoscitur,
881 4060 936 4110 et
963 4061 1151 4110 tamen
1175 4054 1355 4112 doctis
1381 4072 1604 4132 semper
1619 4074 1765 4115 nova
1783 4058 2089 4131 reperitur;

487 4146 551 4196 ut
594 4155 722 4212 ergo
765 4143 834 4198 de
875 4159 1061 4201 rerum
1090 4148 1332 4218 pondere
1362 4155 1593 4222 taceam,
1622 4151 1880 4210 scientias
1905 4160 2092 4208 tamen

486 4243 680 4284 omnes
705 4236 870 4303 atque
893 4229 1178 4290 doctrinas
1204 4234 1324 4308 ipso
1341 4238 1508 4294 etiam
1528 4241 1828 4300 locutionis
1845 4255 1958 4299 suae
1979 4257 2092 4298 mo-

485 4331 546 4375 re
583 4317 948 4388 transcendit,
995 4320 1124 4394 quia
1167 4338 1281 4380 uuo
1335 4326 1636 4402 eodemque
1665 4346 1915 4388 sermone
1956 4329 2090 4388 dum

485 4415 673 4467 narrat
691 4415 930 4480 textum,
953 4411 1138 4484 prodit
1157 4414 1506 4488 mysterium,
1523 4426 1578 4476 et
1595 4419 1676 4478 sic
1695 4420 1800 4479 scit
1817 4422 2092 4495 praeterita

483 4496 688 4569 dicere,
718 4506 782 4556 ut
807 4515 874 4557 eo
911 4499 1033 4572 ipso
1062 4501 1284 4560 noverit
1315 4502 1505 4562 futura
1543 4508 1864 4582 praedicare,
1892 4519 1947 4568 et
1974 4528 2088 4570 non

482 4585 776 4646 immutato
817 4587 1038 4647 dicendi
1070 4590 1288 4662 ordine,
1331 4592 1537 4653 eisdem
1567 4597 1703 4671 ipsis
1743 4601 2090 4660 sermonibus
2121 4599 2172 4660 D

481 4676 642 4736 novit
671 4681 688 4714 ί
737 4685 792 4736 et
832 4686 1082 4737 anteacta
1109 4680 1440 4753 describere,
1473 4692 1529 4742 et
1553 4687 1763 4761 agenda
1804 4691 2086 4762 nuntiare,

479 4768 626 4828 sicut
646 4768 766 4828 haec
793 4769 984 4828 eadem
1012 4770 1161 4829 beati
1185 4772 1290 4830 Job
1319 4773 1488 4832 verba
1515 4785 1668 4847 sunt,
1701 4778 1798 4853 qui
1827 4778 1962 4838 dum
1989 4797 2090 4839 sua

479 4857 638 4932 dicit,
667 4869 856 4919 nostra
889 4860 1172 4936 praedicit;
1205 4862 1450 4939 dumque
1479 4865 1719 4924 lamenta
1743 4869 1966 4944 propria
1992 4885 2089 4944 per

477 4969 788 5013 sermonem
831 4955 1064 5028 indicat,
1095 4966 1298 5018 sanctae
1336 4961 1599 5022 Ecclesiae
1644 4980 1835 5025 causas
1861 4982 1961 5042 per
1987 4967 2087 5026 in-

477 5045 764 5108 tellectum
791 5055 971 5108 sonat.
1003 5050 1102 5108 Ait
1134 5051 1322 5110 enim:

1103 5175 1336 5237 CAPUT
1375 5179 1449 5240 ΙΙ.

551 5275 684 5335 CAP.
713 5293 876 5351 xm,
904 5283 1078 5344 Vnus.
1115 5285 1301 5344 21-23.
1331 5317 1404 5329 —
1434 5286 1540 5356 Qui
1562 5304 1644 5345 me
1669 5289 1974 5360 audiebant,
1994 5309 2082 5352 em-

481 5366 778 5436 speclabant
803 5375 1130 5442 sententiam,
1159 5381 1210 5432 et
1233 5376 1420 5433 intenti
1448 5377 1684 5435 tacebant
1706 5380 1779 5436 ad
1805 5382 2083 5440 consilium

479 5469 672 5514 meum.
709 5456 888 5518 Verbis
934 5462 1062 5518 meis
1109 5464 1304 5525 addere
1339 5467 1478 5527 nihil
1503 5469 1787 5540 audebant,
1833 5478 1884 5530 et
1924 5490 2084 5547 super

557 5666 575 5700 ¹
619 5665 832 5738 Germ.,
883 5667 1046 5726 Corb.
1079 5670 1264 5744 Germ.
1296 5684 1347 5733 et
1387 5679 1523 5738 Cod.
1554 5699 1658 5740 ms.
1699 5682 1878 5742 Vallis
1906 5683 2078 5744 Clarae

2204 2975 2393 3034 tinum.

2272 3105 2326 3162 2.
2359 3106 2565 3163 Fideles
2589 3109 2878 3167 Ecclesiam
2928 3113 3188 3172 docentem
3213 3117 3467 3186 audiunt,
3515 3121 3632 3192 ejus
3656 3119 3799 3176 verba

2207 3196 2458 3262 secuturi,
2476 3215 2581 3253 non
2599 3198 2920 3270 judicaturi.
2938 3234 3009 3247 —
3029 3205 3180 3264 Hanc
3199 3209 3407 3266 etenim
3424 3211 3574 3283 apud
3593 3211 3798 3267 beatum

2209 3285 2312 3343 Job
2330 3287 2500 3346 fuisse
2513 3291 2885 3364 subjectorum
2901 3299 3264 3356 reverentiam
3287 3299 3679 3359 indubitanter
3696 3315 3797 3357 cre-

2208 3375 2412 3435 dimus.
2443 3379 2570 3450 Sed,
2600 3382 2745 3440 sicut
2751 3383 2868 3458 jam
2886 3403 3027 3460 saepe
3042 3388 3310 3460 diximus,
3329 3399 3525 3448 sancta
3545 3389 3800 3458 Ecclesia,

2207 3463 2590 3526 haereticorum
2601 3473 2688 3528 vel
2704 3475 3006 3534 carnalium
3021 3479 3482 3538 tribulationibus
3497 3495 3802 3555 pressaprw-

2207 3557 2496 3616 teritorum
2535 3562 2914 3622 reminiscitur
2938 3573 3274 3641 temporum,
3323 3569 3381 3626 in
3415 3572 3622 3646 quibus
3650 3583 3802 3628 omne

2205 3646 2352 3718 quod
2366 3647 2436 3704 ab
2451 3665 2515 3706 ea
2529 3650 2738 3708 dicitur
2747 3670 2873 3710 cum
2893 3663 3044 3714 metu
3059 3675 3090 3715 a
3106 3658 3364 3717 ﬁdelibus
3381 3661 3638 3731 auditur,
3659 3667 3712 3717 et
3720 3656 3802 3714 ad-

2203 3737 2541 3796 vesariorum
2557 3758 2781 3800 suorum
2798 3747 3130 3818 proterviam
3145 3749 3464 3823 deplorans,
3483 3751 3622 3809 dicit
3635 3770 3653 3807 :
3666 3749 3800 3825 [Rea

2202 3826 2310 3901 ΙΙ
2331 3829 2432 3896 Qui
2449 3847 2530 3886 me
2541 3833 2845 3902 audiebant,
2861 3841 3573 3911 exspectabantsententiam,
3589 3850 3637 3900 et
3649 3843 3802 3898 inten-

2204 3917 2244 3972 ti
2260 3919 2493 3976 tacebant
2507 3921 2580 3976 ad
2599 3924 2876 3982 consilium
2893 3946 3081 3986 meum.
3105 3931 3187 3987 Ac
3203 3931 3252 3988 si
3272 3942 3463 4006 aperte
3485 3934 3634 3992 dicat
3657 3953 3671 3990 :
3691 3933 3801 3990 Non

2201 4013 2263 4062 ut
2278 4006 2338 4063 hi
2358 4011 2601 4082 protervi
2611 4027 2677 4070 ac
2694 4015 2915 4086 tumidi,
2935 4019 3031 4091 qui
3047 4019 3180 4078 dum
3193 4023 3450 4082 veritatis
3460 4023 3631 4082 verba
3644 4019 3801 4080 susci-

2201 4112 2327 4190 pere
2341 4108 2601 4172 renuunt,
2621 4103 3026 4176 praedicationis
3047 4124 3176 4169 meae
3187 4114 3464 4172 sententia
3481 4115 3598 4190 qasi
3616 4113 3802 4171 docen-

2203 4183 2275 4242 do
2306 4198 2670 4260 praecurrunt.
2705 4192 2875 4267 Cujus
2904 4212 3054 4256 nunc
3075 4199 3333 4275 discipuli
3356 4183 3566 4261 intenti
3597 4203 3665 4261 ad
3692 4201 3802 4274 ejus

2199 4278 2492 4336 consilium
2520 4288 2726 4352 tacent,
2757 4285 2890 4358 quia
2919 4287 3085 4346 verba
3110 4289 3230 4362 ejus
3258 4308 3371 4350 non
3398 4294 3616 4354 audent
3633 4295 3800 4366 impu-

2199 4383 2384 4460 gnare,
2414 4370 2508 4428 sed
2542 4373 2781 4432 credere.
2823 4377 2894 4434 Ut
2921 4378 3070 4436 enim
3101 4380 3365 4453 proﬁcere
3393 4400 3470 4442 ex
3507 4385 3646 4460 ipsis
3673 4397 3801 4458 pos-

2196 4457 2329 4527 sint,
2377 4473 2440 4515 ea
2483 4462 2673 4534 procul
2704 4463 2874 4524 dubio
2921 4483 3033 4524 non
3057 4467 3385 4544 judicaturi,
3415 4457 3798 4534 sed—secuturi

2202 4547 2458 4608 audiunt.

2270 4655 2324 4714 3.
2353 4657 2495 4728 Ejus
2548 4661 2801 4721 doctrina:
2816 4665 2953 4724 nihil
2992 4669 3217 4728 addunt.
3250 4671 3407 4730 Secus
3439 4672 3703 4731 haeretici.
3733 4701 3797 4716 —

2199 4745 2278 4803 De
2307 4747 2509 4820 quibus
2535 4759 2680 4808 recte
2698 4751 3054 4829 subjungitur
3072 4774 3091 4814 :
3130 4759 3308 4818 Verbis
3335 4762 3468 4818 meis
3482 4764 3684 4820 addere
3711 4762 3798 4818 ni-

2199 4833 2278 4892 hil
2303 4837 2587 4909 audebant,
2616 4841 2745 4914 quia
2762 4843 3031 4902 nimirum
3059 4853 3196 4906 tunc
3221 4847 3474 4909 haeretici
3502 4869 3636 4910 cum
3664 4867 3798 4910 conv-

2198 4937 2284 4988 tra
2312 4929 2457 4992 hanc
2485 4934 2739 4994 libertate
2785 4939 3022 5012 pessima
3064 4943 3276 5002 fuerint
3317 4947 3598 5020 effrenati,
3642 4945 3798 5004 dictis

2199 5020 2318 5095 ejus
2343 5023 2543 5082 addere
2562 5026 2773 5102 aliquid
2811 5041 3171 5106 praesumunt,
3200 5053 3328 5095 cum
3349 5037 3798 5111 praedicamento-
3897 5067 3908 5086 ι

2196 5129 2322 5172 rum
2349 5113 2468 5188 ejus
2509 5117 2898 5176 rectitudinem
2943 5123 3097 5195 quasi
3145 5125 3437 5184 emendare
3465 5128 3794 5186 moliuntur.

2196 5202 2330 5272 Quae
2347 5205 2532 5264 adhuc
2566 5205 2634 5264 de
2671 5204 2834 5266 bouis
2861 5210 3213 5272 auditoribus
3243 5215 3434 5274 subdit
3465 5234 3487 5274 :
3535 5219 3616 5277 Et
3642 5231 3797 5291 super

2193 5291 2318 5350 illos
2345 5295 2587 5352 stillabat
2603 5297 2866 5370 eloquium
2881 5317 3068 5360 meum.

2265 5381 2320 5439 4.
2358 5385 2742 5444 Prtedicatores
2781 5389 2854 5445 ad
2909 5392 3218 5449 auditorum
3270 5401 3485 5468 captum
3537 5397 3726 5454 debent
3749 5411 3798 5451 se

2195 5475 2519 5534 contrahere.
2550 5507 2622 5521 -
2647 5478 2712 5536 In
2741 5478 2844 5539 hac
2870 5480 3172 5541 stillatione
3216 5485 3427 5560 eloquii
3478 5489 3622 5562 quid
3649 5483 3796 5544 aliud

2191 5687 2286 5748 alii
2305 5688 2530 5766 habent,
2549 5702 2748 5766 stacta.
2773 5696 3081 5760 Laudatum
3096 5698 3352 5759 Codicem
3374 5700 3481 5760 hac
3495 5712 3630 5763 nota
3647 5704 3795 5764 dein.

483 5733 552 5790 ad
581 5752 743 5809 quem
783 5733 1075 5812 sequentes
1104 5743 1274 5802 libros
1301 5733 1523 5810 Morel?
1545 5733 2079 5829 ié'éngiaiixhﬁ's'fe'i
2189 5733 2754 5841 Eéiiﬁgiéiiiiiﬁé
