3946 6366
131 337 222 395 {37

900 334 1275 394 MORALIUM
1312 338 1448 394 LIB.
1490 338 1619 395 XX.
1661 368 1732 381 —
1770 340 1841 395 IN
1881 340 2110 399 CAPUT
2149 342 2339 401 XXIX
2378 345 2441 401 Β.
2482 346 2625 404 JOB.

3311 353 3415 410 138

125 477 271 537 quam
298 473 551 515 mensura
575 465 779 515 sancta)
798 458 1207 531 praedicationis
1233 462 1548 535 accipitur?
1573 462 1704 535 quia
1731 465 1784 525 A
1813 462 1956 533 buit,
1973 466 2102 539 quia
2121 466 2407 539 praedicari
2435 467 2633 526 diebus
2649 470 2863 528 ultimis
2880 472 3280 534 incarnationis
3302 495 3414 535 suae

125 560 317 630 oportet
343 557 485 615 636
530 558 594 608 ut
633 550 1039 611 exhortationis
1080 555 1253 627 gratia
1295 555 1341 611 si
1371 555 1514 628 gulis
1537 554 1701 627 juxta

124 652 452 728 capacitatem
486 648 697 723 ingenii
727 651 1066 709 conferatur.
1117 653 1220 709 Per
1257 653 1365 710 hoc
1392 669 1522 725 ergo
1553 653 1699 727 quod

124 742 328 800 dicitur:
348 732 538 798 'Verbis
556 740 685 795 meis
705 740 901 797 addere
918 742 1059 799 nihil
1085 743 1370 809 audebant,
1392 743 1702 800 reverentia

124 829 353 887 laudatur
377 826 749 885 audientium.
782 829 885 887 Per
912 830 1020 888 hoc
1047 847 1182 887 vero
1225 831 1373 905 quod
1406 832 1695 889 subditur:

121 920 185 977 Et
211 935 359 991 super
383 916 508 974 illos
527 917 769 974 stillabat
787 918 1051 991 eloquium
1078 936 1272 990 meum,
1292 920 1572 977 indicatur
1592 920 1701 977 dis-

120 1008 345 1083 pensatio
377 1007 791 1081 magistrorum.
836 1008 1010 1066 Debet
1043 1010 1193 1066 enim
1221 1011 1503 1068 subtiliter
1529 1012 1577 1068 is
1604 1014 1701 1086 qui

119 1098 260 1157 docet
287 1097 611 1171 perspicere,
651 1115 721 1155 ne
749 1099 875 1172 plus
902 1100 1122 1158 studeat
1149 1118 1314 1175 quam
1345 1101 1414 1158 ab
1441 1102 1701 1159 audiente

117 1189 312 1262 capitur
337 1187 653 1261 praedicare.
684 1189 858 1246 Debet
885 1190 1035 1247 enim
1067 1191 1138 1247 ad
1166 1191 1548 1249 inﬁrmitatem
1596 1210 1697 1249 au-

116 1279 363 1336 dientium
410 1279 767 1352 semetipsum
811 1280 1195 1337 contrahendo
1234 1281 1583 1351 descendere,
1632 1299 1700 1339 ne

115 1367 231 1425 dum
261 1368 437 1440 parvis
477 1368 761 1438 sublimia,
809 1376 866 1425 et
904 1369 1115 1427 idcirco
1143 1388 1255 1428 non
1287 1372 1580 1445 profutura
1610 1373 1701 1429 lo-

115 1460 305 1533 quitur,
351 1476 406 1517 se
445 1459 620 1533 magis
659 1469 816 1517 curet
843 1462 1130 1518 ostendere
1159 1480 1325 1536 quam
1355 1464 1701 1520 auditoribus

114 1549 368 1623 prodesse.
401 1549 543 1623 [Vet.
577 1549 683 1624 11.]
714 1550 949 1619 lubente
978 1561 1162 1609 autem
1190 1554 1451 1622 Domino,
1470 1570 1583 1611 non
1613 1571 1698 1612 so-

114 1642 217 1697 lum
247 1641 438 1715 phialae
478 1641 548 1698 ad
577 1657 822 1698 mensam
852 1643 1217 1714 tabernaculi,
1248 1644 1344 1701 sed
1371 1646 1538 1701 etiam
1567 1662 1700 1719 cya-

114 1730 186 1787 thi
211 1739 581 1804 praeparantur
610 1733 816 1805 (Exod.
850 1749 1075 1803 xxxvu,
1110 1734 1223 1807 16).
1257 1734 1403 1802 Quid
1426 1735 1574 1791 enim
1605 1752 1702 1807 per

1810 556 2136 627 mysterium
2169 556 2319 613 fecit.
2340 557 2498 625 Quod
2528 558 2657 631 quia
2685 568 2873 617 sancta
2896 564 3142 621 Ecclesia
3166 568 3415 640 quotidie

1810 645 2136 702 annuntiare
2165 663 2275 703 non
2307 646 2530 717 desinit,
2556 664 2651 704 ora
2679 649 2863 707 cordis
2889 650 3232 712 audientium
3263 658 3416 716 velut

1809 749 1878 790 ex
1903 734 2081 792 imbre
2110 738 2355 795 serotino
2381 737 2651 795 infundit.
2685 740 2977 813 Sequitur:

2272 825 2503 884 CAPUT
2532 828 2607 886 III
2640 826 2785 902 [Rec.
2818 829 2956 905 III].

1882 912 2053 970 Vens.
2086 914 2174 970 24.
2193 946 2264 958 -
2295 918 2355 973 Si
2381 919 2594 989 quando
2623 920 2864 977 ridebam
2891 922 2963 979 ad
2982 941 3087 990 eos,
3112 942 3220 981 non
3248 922 3417 981 crede-

1811 1002 1955 1073 bant,
1985 1010 2034 1059 et
2054 1005 2151 1060 tua:
2177 1009 2357 1063 vultus
2386 1008 2487 1064 mei
2512 1026 2621 1066 non
2647 1011 2865 1068 cadebat
2891 1014 2947 1068 in
2980 1020 3199 1071 terram.

1883 1100 2028 1157 637
2057 1097 2110 1156 6.
2144 1098 2410 1154 Prtelatus
2438 1100 2512 1155 sic
2539 1118 2591 1156 se
2616 1119 2831 1173 gravem
2859 1104 3121 1173 exhibeat,
3140 1112 3197 1159 ut
3217 1122 3324 1160 non
3350 1107 3421 1162 sit

1809 1195 2023 1251 odiosus
2045 1212 2064 1258 ;
2092 1193 2165 1246 sic
2193 1192 2439 1259 hilarem,
2469 1198 2529 1245 ut
2556 1192 2680 1247 vilis
2708 1210 2815 1248 non
2842 1194 2928 1250 sit.
2947 1226 3019 1237 —
3048 1196 3163 1252 Hoc
3192 1198 3236 1253 si
3258 1194 3419 1268 juxta

1812 1283 2057 1339 historiae
2086 1280 2253 1337 verba
2274 1280 2631 1352 percipimus,
2649 1282 2797 1337 credi
2820 1299 3035 1341 necesse
3056 1294 3138 1341 est
3163 1286 3310 1359 quod
3332 1287 3421 1343 vir

1810 1381 2033 1429 sanctus
2070 1371 2233 1427 talem
2265 1387 2321 1426 se
2342 1368 2661 1427 exhibuerit
2680 1372 2941 1443 subditis,
2963 1381 3023 1429 ut
3044 1375 3208 1431 etiam
3232 1375 3418 1432 ridens

1811 1462 1994 1519 timeri
2026 1461 2312 1534 potuisset.
2346 1459 2450 1515 Sed
2479 1476 2605 1516 cum
2647 1461 2902 1534 superius
2947 1471 3156 1535 patrem
3190 1480 3246 1520 se
3281 1481 3419 1535 pau-

1810 1570 2025 1627 perum,
2072 1552 2366 1609 viduarum
2410 1568 2542 1608 vero
2591 1554 2990 1609 consolatorem
3025 1546 3196 1613 fuisse
3222 1554 3421 1625 perhi—

1809 1643 1955 1711 beat,
1969 1659 2164 1714 magna
2184 1642 2344 1698 valde
2365 1642 2697 1699 discretione
2722 1641 3051 1713 resindiget,
3066 1642 3345 1714 quomodo
3360 1643 3419 1698 in

1810 1740 1965 1789 tanto
1984 1740 2193 1788 terrore
2214 1730 2520 1803 regiminis,
2541 1737 2697 1785 tanta
2716 1744 2934 1802 quoque
2954 1730 3176 1785 affuerit
3197 1730 3418 1798 lenitas,

113 1819 308 1893 phialas
336 1821 441 1879 nisi
474 1823 623 1895 larga
650 1823 992 1895 praedicatio,
1012 1822 1147 1896 quid
1179 1840 1311 1880 vero
1336 1840 1433 1896 per
1467 1825 1700 1896 cyathos
1733 1828 1780 1889 B
1809 1830 1864 1880 et
1888 1820 2253 1878 mansuetudo
2281 1818 2524 1891 pietatis.
2547 1818 2677 1874 Sine
2708 1833 2907 1889 magna
2931 1817 3081 1873 enim
3113 1818 3418 1890 benignita-

113 1910 210 1967 nisi
236 1911 462 1968 minima
491 1920 546 1969 et
574 1914 757 1970 tenuis
785 1913 853 1969 de
880 1916 995 1970 Deo
1017 1914 1225 1971 locutio
1246 1913 1611 1987 designatur?
1640 1917 1702 1972 In

112 2017 283 2057 mensa
307 2001 478 2074 igitur
507 2002 733 2059 Domini
761 2010 814 2058 et
844 2002 1045 2075 phialae
1075 2012 1459 2077 praeparantur
1485 2014 1543 2061 et
1570 2022 1703 2079 cya-

113 2087 208 2157 thi,
233 2088 358 2161 quia
387 2089 652 2146 videlicet
680 2088 738 2145 in
770 2090 1025 2147 doctrina
1054 2092 1195 2148 sacri
1224 2092 1454 2167 eloquii,
1479 2111 1588 2151 non
1619 2113 1701 2152 so-

114 2176 211 2234 lum
238 2177 551 2235 exhibenda
579 2186 710 2235 sunt
740 2195 935 2251 magna
961 2188 1016 2236 et
1040 2196 1245 2238 arcana
1269 2199 1392 2256 quae
1422 2182 1701 2254 debriant,

112 2267 193 2324 sed
234 2268 391 2325 etiam
441 2284 615 2341 parva
654 2276 710 2325 et
752 2269 982 2326 subtilia
1017 2287 1138 2344 quae
1170 2273 1327 2345 quasi
1357 2288 1453 2345 per
1480 2282 1701 2348 gustum

113 2359 342 2416 notitiam
388 2367 675 2433 praestant.
736 2360 915 2434 Hujus
955 2377 1082 2433 ergo
1123 2362 1530 2421 discretissimai
1579 2364 1703 2420 dis-

111 2448 425 2521 pensationis
485 2466 599 2506 suae
655 2458 840 2506 sancta
896 2450 1146 2506 Ecclesia
1201 2454 1465 2510 extremis
1518 2469 1702 2526 pressa

112 2538 431 2610 temporibus
457 2539 871 2607 reminiscatur,
901 2546 956 2594 et
982 2539 1163 2597 dicat:
1203 2543 1375 2615 Super
1420 2543 1544 2600 illos
1572 2544 1703 2601 stil-

115 2627 239 2682 labat
263 2628 529 2698 eloquium
561 2647 754 2685 meum.

167 2716 215 2773 5.
253 2720 462 2774 Eorum
489 2717 746 2774 doctrinae
776 2725 1031 2791 tanquam
1053 2721 1254 2792 pluviae
1282 2722 1528 2777 serotinte
1564 2723 1701 2777 exci-

107 2808 289 2880 pienda
313 2810 543 2864 humiles
572 2825 629 2862 os
658 2808 929 2878 aperiunt.
955 2809 1145 2866 —Ubi
1174 2818 1300 2881 apte
1329 2826 1548 2883 quoque
1576 2810 1701 2866 sub-

105 2893 364 2968 jungitur:
399 2897 798 2967 Exspectabam
824 2912 904 2950 me
931 2896 1068 2951 sicut
1088 2898 1356 2967 pluo-iam,
1385 2905 1433 2952 et
1460 2915 1521 2952 os
1547 2915 1702 2952 suum

108 2987 391 3058 aperiebant
418 2985 580 3057 quasi
597 2985 670 3041 ad
693 2985 913 3041 imbrem
942 2985 1257 3041 serotinum.
1286 2986 1470 3042 Verba
1498 2986 1701 3059 quippe

109 3084 287 3133 sanctae
316 3073 735 3149 praedicationis
759 3074 905 3130 sicut
925 3074 1174 3146 pluviam
1195 3074 1555 3143 sustinemus,
1572 3092 1699 3132 cum

110 3182 220 3223 vera
238 3165 555 3223 humilitate
582 3162 900 3219 ariditatem
930 3163 1107 3219 nostri
1128 3162 1311 3220 cordis
1329 3163 1699 3235 agnoscimus,
1736 3194 1777 3252 ρ

107 3262 160 3312 ut
184 3264 312 3330 potu
352 3260 557 3312 sanctae
602 3251 1015 3326 praedicationis
1055 3252 1370 3325 irrigemur.
1404 3253 1560 3312 Unde
1588 3256 1702 3312 Deo

107 3355 237 3405 recte
257 3362 353 3421 per
371 3345 721 3403 Psalmistam
753 3344 993 3402 dicitur:
1025 3344 1226 3401 Anima
1252 3362 1368 3401 mea
1393 3344 1531 3401 sicut
1558 3352 1704 3402 terra

108 3436 205 3493 sine
244 3456 390 3510 aqua
442 3436 535 3492 tibi
561 3436 745 3509 (Psal.
777 3451 950 3505 cxm,
980 3433 1060 3508 6).
1095 3434 1193 3491 His
1221 3434 1488 3492 doctrinas
1517 3435 1706 3491 ﬂuen-

111 3526 172 3582 tis
198 3526 419 3584 infundi
448 3524 718 3599 propheta
745 3541 848 3581 nos
875 3524 1160 3593 admonet,
1178 3524 1368 3582 dicens
1393 3542 1405 3581 :
1442 3524 1703 3593 Sitientes,

110 3618 257 3672 uenite
300 3618 372 3673 ad
416 3632 590 3688 aquas
627 3615 785 3687 (Isai.
832 3632 926 3680 LV,
960 3615 1038 3688 1).
1071 3614 1178 3682 Qui
1208 3613 1342 3671 dum
1373 3615 1432 3670 in
1458 3622 1707 3671 extrema

110 3715 245 3781 parte
265 3707 384 3781 jam
414 3705 605 3763 saeculi
634 3705 803 3761 verba
831 3712 1035 3761 sancta:
1064 3704 1479 3777 praedicationis
1507 3704 1706 3777 accipi-

112 3812 238 3865 mus,
259 3796 419 3872 quasi
440 3784 517 3852 ad.
532 3793 769 3851 imbrem
789 3794 1099 3850 serotinum
1121 3811 1182 3850 os
1202 3793 1386 3850 cordis
1405 3794 1703 3867 aperimus.

111 3885 228 3943 Nam
259 3888 307 3945 si
330 3904 395 3945 os
422 3886 485 3941 in
514 3884 682 3942 corde
705 3899 817 3939 non
839 3891 1003 3953 esset,
1025 3884 1318 3941 Psalmista
1336 3901 1448 3941 non
1471 3884 1702 3942 diceret:

114 3975 265 4034 Labia
283 3979 478 4034 dolosa
498 3974 556 4030 in
573 3974 749 4040 corde,
769 3979 817 4029 et
835 3975 991 4030 corde
1013 3974 1174 4030 locuti
1201 3982 1325 4031 sunt
1350 3978 1497 4033 mala
1530 3976 1705 4049 (Psal.

115 4080 184 4132 χι,
198 4064 273 4139 3).
292 4066 370 4123 Os
386 4064 561 4138 igitur
578 4063 761 4121 cordis
781 4064 913 4137 quia
932 4064 1116 4121 verbis
1135 4066 1479 4125 intendimus
1498 4068 1709 4124 ultimae

117 4144 528 4225 praedicationis,
572 4153 683 4213 hoc
727 4154 883 4210 velut
924 4153 1189 4212 serotinis
1216 4156 1497 4228 aperimus
1524 4157 1711 4214 ﬂuen—

116 4244 194 4303 tis.
221 4247 349 4317 Quae
381 4244 655 4304 nimirum
684 4244 1004 4318 praedicatio
1032 4263 1103 4303 ex
1131 4245 1250 4319 ejus
1278 4247 1349 4305 ad
1376 4264 1478 4305 nos
1505 4242 1709 4306 sacriﬁ-

120 4335 195 4393 cio
218 4337 446 4411 prodiit,
478 4335 573 4410 qui
603 4351 700 4408 per
736 4336 1086 4393 Psalmistam
1116 4337 1254 4395 dicit
1279 4357 1290 4395 :
1318 4338 1564 4396 Elevatio
1600 4356 1710 4395 ma-

115 4443 266 4485 nuum
289 4445 534 4486 mearum
553 4427 878 4501 sacriﬁcium
900 4429 1248 4501 vespertinum
1266 4430 1447 4502 (Psal.
1473 4447 1600 4499 ch,
1626 4430 1707 4503 2).

120 4516 244 4585 Quia
267 4520 416 4577 enim
444 4518 784 4591 Redemptor
804 4525 993 4575 noster
1006 4517 1170 4592 juxta
1191 4520 1387 4576 mundi
1407 4520 1577 4578 ﬁnem
1594 4520 1709 4576 vim
1741 4556 1791 4615 Β

120 4611 546 4685 persequentium
577 4609 829 4684 pertulit,
857 4610 1215 4683 semetipsum
1235 4627 1335 4684 pro
1356 4609 1519 4668 nobis
1547 4610 1712 4667 sacri-

123 4696 293 4758 ﬁcium
337 4699 719 4775 vespertinum
762 4696 935 4755 dedit.
981 4700 1061 4756 De
1106 4699 1213 4756 hoc
1249 4698 1427 4757 imbre
1466 4698 1711 4757 serotino

125 4790 243 4851 alias
266 4792 533 4868 scriptum
560 4799 678 4849 est:
711 4791 863 4848 Dabo
883 4791 1027 4847 vobis
1047 4791 1291 4864 pluviam
1316 4794 1333 4827 ¹
1368 4793 1712 4866 temporivam

126 4886 167 4936 et
189 4883 464 4940 serotinam
481 4882 707 4955 (Ierem.
730 4898 791 4951 v,
809 4880 926 4955 24).
950 4881 1339 4955 Temporivam
1370 4882 1573 4957 quippe
1592 4882 1710 4957 plu-

130 4970 259 5029 viam
285 4971 457 5043 dedit,
479 4972 613 5047 quia
638 4971 829 5029 electis
856 4970 974 5028 suis
998 4971 1172 5043 priori
1201 4979 1446 5044 tempore
1474 4972 1610 5045 legis
1630 4973 1711 5029 in-

131 5060 388 5122 tellectum
429 5061 689 5123 contulit.
735 5061 1047 5121 Serotinam
1077 5076 1297 5135 quoque
1324 5060 1571 5134 pluviam
1602 5062 1713 5118 tri-

197 5315 214 5350 ¹
257 5315 405 5375 Licet
443 5316 677 5375 barbara
712 5316 969 5375 videatur
1009 5316 1128 5375 haec
1166 5332 1298 5386 vox,
1328 5316 1398 5374 ab
1426 5332 1489 5375 ea
1525 5324 1709 5375 tamen

138 5383 503 5459 abstinendum
533 5406 647 5446 esse
675 5407 787 5447 non
817 5389 1155 5459 censuimus,
1187 5383 1316 5459 quia
1356 5390 1415 5445 in
1454 5390 1715 5447 omnibus

137 5455 248 5516 Mss.
271 5459 429 5517 Corb.
460 5461 673 5529 Germ.,
705 5463 920 5531 Norm.,
952 5455 1152 5529 Laud.,
1184 5455 1417 5529 Turon.,
1448 5461 1714 5531 Vindoc.,

139 5534 252 5605 etc.,
279 5532 584 5605 reperitur;
625 5532 785 5605 cujus
824 5530 948 5605 loco
970 5534 1050 5605 fin
1079 5533 1265 5590 Germ.
1297 5540 1352 5605 et
1380 5533 1439 5588 in
1476 5532 1581 5589 Ed.
1629 5530 1718 5605 le:-

141 5598 289 5671 gitur,
312 5598 720 5677 temporaneam',
736 5612 790 5660 et
817 5604 877 5660 in
902 5604 1007 5662 Ed.
1030 5613 1145 5663 vet.
1167 5603 1417 5661 Barthol.
1449 5612 1503 5660 et
1522 5604 1716 5674 Basil.,

144 5676 521 5727 lemnemneam.

180 5690 501 5830 3%?331
504 5718 729 5830 libi-oio.
758 5754 815 5805 et
838 5747 936 5807 alii
963 5747 1179 5818 Norm.,
1208 5750 1457 5823 rigorem,
1479 5756 1532 5806 et
1553 5742 1718 5818 infra,

146 5829 280 5885 rigor
295 5825 414 5889 jam
439 5825 591 5877 inest.
970 5886 973 5889 λ
1407 5834 1411 5840 ’

416 5921 657 5983 ΡΑτιιοι..
696 5886 973 5985 ωιχνι.

1812 1913 1883 1969 tis
1908 1912 2135 1968 lenitate
2165 1926 2277 1966 non
2304 1909 2412 1965 fuit
2444 1908 2571 1976 hoc,
2601 1906 2749 1981 quod
2778 1924 2834 1963 se
2865 1913 3075 1979 patrem
3115 1923 3417 1979 pauperum

1811 2010 1865 2059 et
1904 2001 2197 2057 viduarum
2245 1999 2649 2057 consolatorem
2692 1997 2849 2054 dicit.
2898 1997 3004 2053 Sed
3046 2014 3265 2053 rursum
3298 1997 3419 2054 sine

1812 2107 2009 2163 magna
2054 2089 2345 2146 severitate
2392 2104 2505 2144 non
2551 2087 2730 2159 potuit
2769 2086 2936 2142 etiam
2986 2086 3174 2143 ridens
3208 2087 3414 2145 timeri.

1810 2181 1929 2249 Qua
1958 2181 2017 2236 in
2046 2196 2104 2235 re
2130 2178 2264 2252 quid
2292 2177 2444 2234 aliud
2478 2176 2763 2244 docemur,
2789 2175 2897 2232 nisi
2926 2176 3071 2249 quod
3103 2176 3231 2233 talis
3257 2176 3419 2233 debet

1810 2287 1925 2328 esse
1973 2269 2310 2342 dispensatio
2356 2261 2663 2339 regiminis,
2710 2273 2772 2322 ut
2814 2266 2861 2322 is
2903 2266 2998 2340 qui
3043 2275 3238 2339 praeest
3267 2283 3329 2323 ea
3360 2283 3418 2322 se

1810 2360 1957 2417 circa
1983 2358 2238 2416 subditos
2260 2373 2515 2414 mensura
2535 2356 2871 2425 moderetur,
2894 2364 3165 2429 quatenus
3189 2364 3243 2412 et
3268 2355 3420 2412 arri-

1810 2448 1946 2505 dens
1973 2448 2159 2505 timeri
2191 2447 2406 2515 debeat,
2428 2455 2481 2502 et
2512 2446 2687 2501 iratus
2715 2445 2938 2501 amari?
2967 2453 3028 2501 ut
3057 2462 3181 2501 eum
3204 2461 3304 2502 nec
3333 2445 3418 2501 ni-

1809 2539 1921 2595 mia
1948 2538 2143 2594 laetitia
2173 2538 2340 2592 vilem
2372 2536 2585 2603 reddat,
2620 2552 2723 2591 nec
2764 2534 3127 2591 immoderata
3154 2534 3420 2591 severitas

1809 2627 2084 2685 odiosum.
2109 2629 2261 2699 Saepe
2294 2624 2443 2682 enim
2474 2623 2751 2696 subjectos
2777 2624 3104 2696 frangimus,
3136 2624 3267 2679 dum
3291 2624 3418 2695 plus

1803 2715 1955 2788 justo
1976 2718 1997 2751 ²
2026 2716 2271 2789 vigorem
2295 2713 2531 2787 justitiae
2559 2720 2828 2770 tenemus.
2859 2712 2964 2780 Qui
2994 2712 3240 2785 profecto
3261 2713 3421 2785 vigor

1803 2803 1917 2876 jam
1961 2805 2194 2877 justitiae
2236 2820 2349 2860 non
2380 2803 2506 2871 erit,
2537 2801 2585 2859 si
2618 2818 2675 2858 se
2704 2801 2808 2859 sub
2844 2800 2997 2873 justo
3046 2801 3418 2857 moderamine

1810 2910 1921 2948 non
1950 2894 2214 2949 custodit.
2248 2895 2319 2948 Et
2347 2908 2489 2963 saepe
2519 2908 2550 2946 a
2571 2890 2881 2962 disciplinae
2910 2897 3058 2946 metu
3089 2890 3420 2947 resolvimus

1809 2982 2080 3049 subditos,
2098 2981 2143 3036 si
2160 2988 2351 3036 nostro
2375 2979 2633 3051 regimini
2657 2978 2954 3035 hilaritatis
2970 2980 3125 3036 frena
3144 2980 3418 3049 laxamus,

1808 3070 1938 3145 quia
1961 3070 2093 3127 dum
2118 3087 2217 3126 nos
2236 3069 2391 3142 quasi
2415 3067 2645 3125 licenter
2667 3068 2820 3123 laetos
2839 3067 3137 3139 aspiciunt,
3160 3069 3421 3125 audacter

1808 3161 1912 3234 ipsi
1943 3160 2010 3217 ad
2030 3160 2227 3217 illicita
2246 3158 2624 3215 resolvuntur.
2652 3155 2791 3229 [νει.
2817 3158 2911 3214 III
2915 3156 2955 3230 .]
2980 3157 3085 3212 Sed
3107 3166 3167 3213 ut
3189 3158 3420 3216 rectoris

1811 3251 2001 3306 vultus
2029 3249 2195 3305 etiam
2224 3250 2385 3304 laetus
2413 3247 2607 3303 debeat
2632 3245 2839 3314 timeri,
2861 3262 3080 3302 necesse
3111 3253 3193 3302 est
3217 3254 3281 3303 ut
3305 3247 3422 3319 ipse

1812 3339 2032 3395 vultum
2054 3338 2139 3394 sui
2170 3336 2477 3395 conditoris
2496 3335 2615 3392 sine
2637 3334 2940 3392 cessatione
2961 3334 3175 3391 timeat.
3200 3335 3287 3391 Illi
3309 3343 3418 3391 ete-

1814 3429 1931 3486 nim
1963 3428 2136 3484 menti
2165 3426 2391 3485 diﬂicile
2421 3425 2488 3482 de
2518 3423 2713 3482 latitia
2732 3423 2999 3493 creditur,
3034 3440 3156 3496 quae
3187 3423 3337 3496 quod
3363 3441 3422 3480 se

1816 3536 1914 3593 pro
1942 3534 2129 3576 amore
2156 3516 2381 3574 Domini
2402 3515 2665 3574 continue
2688 3513 2898 3587 aﬂligat
2919 3531 2952 3570 a
2971 3513 3209 3570 subditis
3227 3513 3417 3570 scitur.

1817 3609 1923 3679 Qui
1953 3608 2100 3665 enim
2131 3604 2430 3664 incessanti
2454 3612 2591 3662 aestu
2611 3604 2878 3677 spiritalis
2905 3602 3167 3659 desiderii
3187 3618 3423 3675 superna

1816 3699 2045 3773 appetit,
2079 3699 2100 3734 ³
2143 3697 2302 3753 valde
2351 3695 2418 3751 de
2461 3711 2526 3751 eo
2573 3695 2631 3751 in
2671 3693 2904 3750 dubium
2934 3692 3091 3748 venit
3118 3692 3244 3759 hoc,
3274 3691 3423 3765 quod

1817 3788 2116 3863 aliquando
2159 3796 2284 3844 ante
2329 3785 2585 3843 homines
2626 3784 2930 3843 hilarescit.
2964 3783 3119 3841 Unde
3147 3791 3202 3840 et
3245 3783 3423 3841 isdem

1817 3879 2010 3936 beatus
2049 3877 2151 3935 Job
2191 3892 2303 3933 non
2349 3876 2509 3947 longe
2556 3881 2680 3947 post
2708 3873 2992 3931 dicturus:
3045 3873 3259 3944 Semper
3286 3871 3424 3926 enim

1818 3968 1973 4040 quasi
1994 3973 2242 4022 tumentes
2263 3982 2423 4037 super
2436 3982 2517 4020 me
2534 3966 2723 4034 ﬂuctus
2745 3963 2896 4017 timui
2911 3962 3081 4017 Deum
3098 3961 3421 4033 (Job.xxx1,

1820 4057 1934 4130 23).
1953 4058 2044 4115 Sic
2064 4055 2267 4129 quippe
2289 4053 2567 4110 metuebat
2580 4052 2827 4124 judicem
2849 4067 3034 4118 suum,
3058 4051 3079 4084 ‘
3108 4048 3267 4123 quasi
3293 4049 3418 4106 sub-

1820 4145 2427 4216 imminentesimpetus
2447 4139 3076 4213 ﬂuctuum,jamjamque
3097 4140 3418 4197 moriturus.

1821 4235 1991 4309 Cujus
2018 4242 2147 4307 ergo
2168 4236 2189 4269 ⁸
2214 4214 2542 4289 inmentem
2572 4247 2775 4287 mceror
2802 4228 2984 4285 divini
3012 4228 3232 4285 timoris
3261 4228 3425 4286 infu-

1820 4327 1995 4396 derat,
2043 4332 2190 4382 recte
2219 4322 2487 4380 hilaritati
2518 4322 2672 4378 illius
2700 4320 2911 4378 subditi
2945 4335 3059 4377 non
3105 4319 3421 4389 credebant,

1821 4419 1951 4494 quia
1994 4416 2335 4491 cogebantur
2381 4413 2587 4471 ridenti
2624 4429 2738 4470 non
2780 4411 3023 4480 credere,
3053 4411 3214 4483 cujus
3240 4428 3337 4468 cor
3365 4411 3424 4466 in

1821 4508 2020 4565 timore
2045 4506 2353 4566 conditoris
2377 4511 2650 4562 noverant
2669 4519 2834 4577 quam
2864 4501 3133 4560 continua
3163 4501 3425 4558 maestitia

1821 4598 2063 4657 tenebat.

1891 4690 1943 4746 7.
1975 4691 2098 4747 Lua:
2124 4695 2312 4746 nostra
2334 4688 2388 4744 in
2411 4694 2610 4743 terram
2629 4685 2792 4751 cadit,
2814 4701 2932 4740 cum
2958 4690 3169 4740 terrena
3183 4681 3424 4753 concupii

1818 4779 2030 4836 scimus.
2052 4810 2124 4823 —
2146 4779 2263 4836 Hoc
2283 4793 2503 4852 quoque
2517 4775 2682 4849 juxta
2710 4773 3001 4831 historiam
3029 4789 3141 4831 non
3167 4773 3423 4830 inconve-

1819 4870 2037 4928 nienter
2060 4868 2351 4942 accipitur,
2373 4865 2522 4941 quod
2548 4864 2803 4938 protinus
2821 4862 3197 4921 subinfertur:
3231 4862 3305 4918 Et
3330 4860 3425 4914 tua:

1819 4961 1997 5016 mutus
2022 4959 2124 5015 mei
2140 4974 2248 5014 non
2271 4956 2489 5013 cadebat
2514 4956 2573 5025 in
2593 4961 2811 5011 terram.
2834 4952 2979 5028 [Rec.
3004 4951 3129 5025 IV.]
3147 4949 3421 5020 Scriptum

1821 5049 2023 5123 quippe
2052 5055 2168 5105 est:
2207 5046 2359 5104 Oculi
2387 5047 2675 5103 stultorum
2717 5044 2775 5099 in
2803 5043 2996 5115 finibus
3040 5047 3196 5095 terra
3225 5037 3421 5107 (Prov.

1894 5320 1915 5354 ³
1944 5320 2027 5375 Ita
2053 5317 2290 5382 Gemet.,
2322 5311 2465 5369 Utic.
2497 5317 2552 5366 et
2579 5310 2651 5365 al.
2688 5308 2815 5382 Mss.
2848 5306 2911 5361 In
2940 5305 3143 5382 Editis,
3184 5306 3339 5362 valde
3365 5305 3428 5361 de

1823 5409 1902 5445 ea.
1939 5391 2002 5445 In
2031 5388 2193 5445 Corb.
2229 5378 2439 5450 Germ.,
2472 5383 2600 5448 Quae
2617 5379 2870 5434 enim.....
2906 5378 3058 5450 valde
3081 5378 3143 5434 de
3173 5396 3253 5433 ea.

1848 5472 1851 5475 ’
1894 5460 1917 5498 ⁵
1956 5456 2223 5516 Nonnulli
2260 5454 2390 5521 Ed.,
2419 5449 2575 5523 quasi
2603 5456 2870 5523 tumentes.
2903 5449 3039 5518 Alii,
3071 5451 3229 5521 quasi
3256 5449 3424 5523 inuni-

1825 5537 2019 5587 nentes.
2055 5527 2303 5585 Lectioni
2333 5520 2534 5581 nostrae
2563 5520 2933 5594 suffragantur
2968 5520 3240 5596 quotquot
3268 5520 3430 5576 nobis

1826 5608 2125 5675 suppetunt
2152 5601 2279 5675 Mss.

1894 5620 2125 5711 ppetunt
2152 5620 2279 5656 mss.
3086 5668 3095 5678 Ι

1962 5674 2173 5739 Germ.,
2224 5669 2387 5727 Corb.
2434 5668 2620 5725 Germ.
2678 5677 2731 5723 et
2787 5666 3027 5731 Gemet.,
3075 5674 3151 5722 ita
3208 5667 3429 5719 mentem

1826 5762 2043 5802 nueror.

3118 5910 3130 5933 ε,
3140 5914 3143 5917 .

3117 5940 3147 5963 υ
