3946 6372
565 368 665 423 139

1759 355 2004 412 SANCTI
2045 352 2384 411 GREGORII
2421 349 2647 408 MAGNI
3754 352 3830 408 tto

561 509 702 560 xvn,
723 489 838 562 24).
862 489 1210 562 Rursumque
1239 503 1334 560 per
1364 485 1619 544 eumdem
1645 486 1992 542 Salomonem
2021 480 2158 538 dici-
2192 481 2244 540 Α
2269 477 2348 533 Ne
2380 493 2510 549 ergo
2538 482 2844 532 nocturnus
2863 472 3053 544 timor,
3073 473 3130 530 id
3154 480 3237 529 est
3263 474 3478 531 occulta
3505 483 3560 532 et
3584 477 3832 548 repentina

556 591 682 638 tur:
719 579 872 636 Oculi
899 578 1150 650 sapientis
1169 577 1226 632 in
1243 579 1411 650 capite
1429 577 1542 649 ejus
1559 577 1761 648 (Eccle.
1787 592 1849 644 ιι,
1873 573 1986 645 14).
2019 573 2151 628 Pau-

556 673 645 728 lus
686 684 904 744 quoque
944 668 1051 724 ait:
1090 668 1264 739 Caput
1292 667 1398 723 viri
1433 667 1674 725 Christus
1703 667 1767 737 (Ι
1796 667 1921 723 Cor.
1953 679 2036 732 x1,
2068 661 2150 733 3).

555 759 718 819 Oculi
763 775 891 832 ergo
933 757 1194 830 sapientis
1227 757 1288 812 in
1319 757 1496 830 capite
1533 755 1651 828 ejus
1695 763 1844 823 sunt,
1873 753 2008 812 dum
2039 755 2156 810 Re-

555 847 858 924 demptoris
909 846 996 903 sui
1043 863 1258 918 semper
1305 863 1468 919 opera
1516 862 1637 920 quae
1684 844 1888 901 imitari
1939 843 2152 911 debeat,

554 941 976 1012 contemplatur.
1027 937 1149 993 Lux
1190 953 1318 1010 ergo
1361 937 1550 992 vultus
1577 934 1696 1008 ejus
1724 935 1782 991 in
1814 942 2012 990 terram
2043 948 2153 988 non

551 1030 774 1096 cecidit,
804 1027 934 1102 quia
962 1043 1026 1084 ea
1055 1043 1174 1101 quas
1219 1034 1437 1084 terrena
1463 1033 1595 1084 sunt
1628 1041 1724 1100 per
1765 1023 2153 1096 concupiscen-

550 1119 686 1175 tiam
721 1134 834 1174 non
867 1116 1107 1190 aspexit.

623 1203 677 1266 8.
722 1207 903 1264 Sancti
946 1221 1217 1276 nunquam
1259 1204 1430 1261 securi
1475 1209 1618 1260 sunt.
1660 1203 1832 1262 Grave
1859 1201 2157 1274 periculum

553 1303 630 1354 est
653 1297 868 1352 incauta
895 1295 1172 1351 securitas.
1201 1324 1273 1337 —
1302 1293 1406 1351 Sed
1435 1293 1566 1368 quia
1594 1293 1940 1367 superﬁciem
1972 1291 2158 1348 histo-

553 1388 649 1446 rize
694 1387 796 1445 sub
840 1386 1111 1443 brevitate
1157 1385 1539 1456 discussimus,
1571 1385 1706 1459 quid
1743 1384 1804 1441 in
1847 1383 1936 1440 his
1961 1383 2028 1440 de
2059 1383 2159 1439 in—

552 1478 776 1536 tellectu
822 1475 1058 1550 mystico
1101 1475 1268 1532 lateat
1299 1477 1316 1512 ¹
1363 1474 1784 1549 perpendamus.
1818 1475 1994 1532 Unam
2041 1489 2157 1530 esse

548 1584 837 1644 personam
885 1566 1168 1624 Christum
1209 1573 1265 1622 et
1311 1566 1619 1624 Ecclesiam
1669 1566 1996 1640 plerumque
2040 1561 2156 1636 jam

550 1657 819 1722 diximus,
869 1663 924 1712 et
969 1672 1110 1728 saepe
1151 1671 1266 1710 vox
1304 1656 1504 1727 capitis
1549 1655 1618 1711 ad
1648 1670 1841 1712 vocem
1887 1652 2155 1726 corporis,

551 1763 692 1819 saepe
748 1761 861 1800 vox
901 1745 1148 1817 corporis
1191 1744 1262 1800 ad
1309 1761 1501 1800 vocem
1549 1744 1746 1817 capitis
1791 1744 2009 1800 transit.
2050 1742 2158 1811 Qui

550 1836 699 1893 enim
747 1841 876 1892 sunt
919 1833 979 1890 in
1025 1848 1188 1890 carne
1227 1848 1360 1900 una,
1393 1831 1472 1888 nil
1504 1832 1683 1888 obstat
1731 1839 1794 1888 ut
1821 1830 2152 1888 conveniant
2184 1851 2229 1912 Β

550 1926 716 1982 etiam
759 1924 816 1980 in
867 1939 1002 1979 voce
1049 1939 1180 1978 una.
1225 1921 1387 1978 Dicat
1430 1937 1558 1994 ergo
1601 1936 1671 1978 ex
1697 1937 1831 1979 voce
1863 1921 2059 1994 capitis
2086 1922 2153 1980 de

551 2015 741 2072 electis
764 2013 900 2083 suis,
923 2012 1072 2070 dicat
1089 2013 1372 2070 Ecclesia:
1401 2012 1459 2068 Si
1477 2013 1690 2083 quando
1711 2013 1945 2069 ridebam
1959 2015 2032 2070 ad
2048 2031 2153 2089 eos,

549 2122 652 2160 non
673 2105 966 2160 credebant.
984 2101 1181 2160 Ridere
1213 2101 1418 2158 etenim
1449 2101 1550 2158 Dei
1577 2109 1660 2158 est
1689 2109 2007 2160 sanctorum
2037 2101 2156 2159 vias

547 2191 900 2270 prosequenti
948 2192 1136 2249 favore
1176 2195 1507 2268 prosperari,
1557 2195 1702 2252 sicut
1729 2195 1796 2251 de
1822 2195 1910 2252 his
1939 2210 2154 2268 quoque

546 2300 644 2356 per
687 2301 849 2341 usum
903 2282 1135 2352 dicitur,
1178 2300 1314 2357 quos
1362 2282 1421 2338 in
1473 2281 1580 2340 hoc
1631 2283 1834 2340 saeculo
1873 2283 2153 2341 felicitatis

547 2376 692 2435 638
716 2371 1097 2428 blandimenta
1125 2372 1494 2428 comitantur:
1530 2370 1738 2428 Arrisit
1773 2371 1888 2429 illis
1911 2380 2149 2446 tempus.

545 2467 700 2527 Unde
748 2483 779 2524 e
823 2468 1124 2536 contrario,
1172 2469 1252 2524 ira
1303 2469 1612 2542 appellatur
1657 2469 1904 2539 Domini,
1933 2487 1965 2527 a
1991 2469 2152 2527 bonis

543 2557 854 2616 actionibus
882 2557 1176 2628 inﬁrmari,
1207 2558 1352 2615 sicut
1383 2558 1652 2632 scriptum
1683 2566 1798 2614 est:
1831 2559 1911 2616 Ne
1937 2560 2149 2631 quando

543 2648 815 2704 irascatur
827 2647 1161 2716 Dominus,et
1175 2649 1408 2721 pereatis
1423 2649 1486 2704 de
1504 2647 1747 2718 viajusta
1766 2647 1940 2722 (Psal.
1962 2649 2122 2725 11,12)
2133 2693 2146 2709 .

543 2737 599 2794 Si
631 2737 802 2810 igitur
819 2737 981 2794 irasci
1004 2737 1276 2794 Dominus
1303 2737 1644 2811 perhibetur,
1666 2755 1793 2797 cum
1814 2738 1962 2796 viam
1986 2739 2149 2813 justi-

541 2827 632 2883 tiaa
653 2825 910 2884 homines
929 2826 1188 2899 perdunt,
1205 2834 1349 2884 recte
1373 2827 1612 2886 arridere
1628 2829 1900 2886 Dominus
1919 2829 2145 2901 dicitur,

541 2933 667 2973 cum
696 2916 841 2972 bona
864 2923 1053 2972 nostra
1081 2933 1246 2990 opera
1272 2917 1431 2974 favor
1459 2918 1645 2992 gratiae
1691 2936 1938 2993 supernae
1969 2921 2144 2978 comi-

539 3015 703 3064 tatur.
725 3006 868 3083 [Rec.
898 3006 983 3081 Κ]
1010 3006 1114 3064 Sed
1142 3007 1304 3064 electi
1325 3008 1530 3082 quique
1551 3010 1802 3084 quandiu
1825 3011 1883 3067 in
1906 3011 2010 3069 hac
2031 3012 2146 3068 vita

537 3107 686 3168 sunt,
723 3097 1035 3155 securitatis
1081 3097 1186 3154 sibi
1219 3099 1612 3156 conﬁdentiam
1644 3116 1757 3156 non
1787 3101 2140 3174 promittunt.

2260 565 2494 622 tentatio
2523 564 2802 638 subrepat,
2834 579 3048 636 semper
3077 577 3298 620 necesse
3331 569 3412 618 est
3439 570 3501 619 ut
3550 563 3722 622 femur
3751 581 3831 624 no-

2260 661 2436 711 strum
2466 653 2843 727 superpositus
2861 652 3128 710 custodiat
3151 651 3299 708 ensis
3323 657 3554 724 premat.
3581 649 3712 727 [νει.
3729 654 3831 729 IV.]

2261 743 2447 800 Sancti
2477 743 2681 800 etenim
2711 743 2818 800 viri
2863 743 2944 800 sic
2975 741 3043 799 de
3074 757 3169 815 spe
3201 742 3338 799 certi
3379 749 3530 810 sunt,
3573 749 3636 798 ut
3675 749 3833 800 tamen

2263 850 2477 906 semper
2517 833 2629 890 sint
2671 832 2738 888 de
2788 830 3095 888 tentatione
3123 829 3400 904 suspecti;
3435 829 3633 903 quippe
3659 831 3836 904 quibus

2261 923 2500 979 dicitur:
2537 923 2736 979 Servite
2759 921 2987 978 Domino
3009 921 3066 975 in
3087 921 3294 986 timore,
3318 925 3367 974 et
3391 921 3648 976 exsultate
3664 923 3708 977 ei
3732 940 3832 978 cum

2267 1018 2490 1068 tremore
2527 1012 2704 1084 (Psal.
2745 1027 2809 1079 ιι,
2842 1011 2960 1082 11),
2999 1017 3062 1067 ut
3090 1017 3143 1066 et
3163 1010 3232 1067 de
3257 1025 3352 1084 spe
3376 1010 3690 1080 exsultatio,
3713 1019 3762 1066 et
3785 1012 3836 1068 de

2263 1101 2574 1174 suspicione
2627 1107 2884 1157 nascatur
2924 1107 3150 1156 tremor.
3202 1099 3451 1168 Quorum
3498 1115 3630 1157 voce
3668 1099 3837 1157 iterum

2264 1192 2559 1248 Psalmista
2587 1190 2758 1248 dicit:
2791 1191 3025 1246 Ltetetur
3051 1207 3143 1246 cor
3169 1207 3369 1256 meum,
3395 1195 3457 1244 ut
3482 1189 3660 1246 timeat
3685 1206 3841 1246 nomen

2267 1288 2414 1338 tuum
2430 1283 2612 1354 (Psal.
2644 1297 2858 1347 Lxxxv,
2879 1281 2991 1353 11).
3012 1282 3034 1316 ³
3061 1280 3181 1349 Qua
3208 1279 3268 1336 in
3297 1295 3356 1337 re
3385 1279 3685 1337 notandum
3712 1281 3838 1354 quod

2265 1387 2378 1428 non
2407 1371 2517 1428 ait:
2566 1371 2807 1427 Laetetur
2833 1376 2897 1426 ut
2938 1385 3192 1426 securum
3237 1369 3332 1439 sit,
3384 1368 3502 1439 sed,
3541 1369 3767 1426 Laetetur
3790 1376 3840 1425 ut

2264 1461 2476 1519 timeat.
2507 1460 2880 1518 Meminerunt
2908 1475 3167 1534 namque,
3207 1459 3469 1534 quamvis
3509 1475 3696 1516 eorum
3722 1457 3840 1514 actio

2265 1559 2640 1626 prosperetur,
2687 1550 2819 1625 quia
2863 1549 3047 1607 adhuc
3095 1549 3155 1606 in
3183 1549 3290 1607 hac
3318 1549 3437 1607 vita
3471 1556 3634 1616 sunt;
3667 1546 3734 1606 de
3755 1564 3839 1622 qua

2267 1658 2363 1716 per
2388 1643 2643 1700 eumdem
2671 1642 2775 1700 Job
2810 1641 3052 1700 dicitur:
3105 1641 3345 1698 Tentatio
3386 1647 3464 1698 est
3488 1640 3599 1698 vita
3640 1639 3839 1696 humana

2263 1750 2427 1806 super
2453 1741 2654 1792 terram
2679 1735 2827 1806 (Job.
2850 1751 2955 1804 vn,
2981 1733 3060 1806 1).
3083 1733 3458 1792 Meminerant
3485 1729 3836 1805 rursumqnod

2265 1824 2534 1898 scriptum
2549 1832 2632 1882 est
2649 1842 2662 1882 ε
2690 1825 2899 1898 Corpus
2925 1823 3070 1897 quod
3093 1824 3464 1897 corrumpitur
3480 1826 3732 1897 aggraoat
3745 1821 3836 1878 asi-

2260 1931 2425 1984 mam,
2441 1921 2490 1970 et
2515 1913 2764 1988 deprimit
2791 1920 3002 1971 terrena
3027 1913 3344 1970 inhabitatio
3367 1928 3580 1971 sensum
3603 1913 3762 1969 multa
3775 1927 3836 1967 co-

2261 2005 2512 2077 gitantem
2557 2004 2717 2076 (Sap.
2751 2021 2836 2074 Ix,
2873 2004 2990 2076 15).
3020 2003 3398 2061 Meminerant
3425 2010 3484 2060 et
3511 2009 3774 2071 metuunt,
3796 2009 3837 2057 et

2263 2093 2654 2151 certitudinem
2683 2092 2791 2150 sibi
2821 2092 2881 2150 in
2911 2110 2967 2150 se
2991 2093 3314 2167 promittere
3343 2109 3460 2150 non
3491 2097 3834 2166 praisumunt;

2263 2183 2358 2241 sed
2387 2183 2554 2256 positi
2584 2183 2730 2241 inter
2756 2182 3021 2256 gaudium
3047 2183 3186 2257 spei,
3207 2189 3263 2239 et
3282 2181 3610 2241 tentationis
3637 2187 3837 2248 metum,

2261 2274 2571 2346 conﬁdunt,
2613 2283 2668 2332 et
2711 2275 2942 2343 timent;
2999 2274 3410 2344 eonfortantur,
3469 2281 3526 2331 et
3579 2271 3833 2337 titubant;

2263 2365 2286 2400 ⁴
2327 2367 2718 2438 certiorantur,
2759 2373 2816 2424 et
2856 2365 3096 2438 suspecti
3125 2373 3278 2424 sunt.
3309 2365 3461 2422 Bene
3493 2379 3625 2438 ergo
3651 2379 3744 2439 per
3765 2377 3836 2418 vo-

2259 2469 2380 2512 cem
2409 2455 2568 2514 electi
2589 2455 2822 2513 membri
2851 2454 2955 2513 sub
2983 2454 3159 2529 ﬁgura
3182 2454 3360 2512 nostri
3390 2454 3595 2528 capitis
3621 2452 3834 2512 dicitur:

2261 2547 2322 2604 Si
2361 2547 2574 2618 quando
2610 2546 2848 2603 ridebam
2883 2545 2956 2603 ad
2997 2562 3104 2612 eos,
3133 2561 3244 2601 non
3268 2545 3574 2614 credebant,
3605 2543 3732 2620 quia
3749 2543 3840 2600 lie-

2257 2633 2531 2706 demptori
2556 2643 2746 2692 nostro
2775 2634 2932 2709 quasi
2961 2632 3230 2692 arridenti
3262 2649 3378 2692 non
3401 2633 3706 2704 credimus,
3731 2629 3834 2689 dum

2259 2724 2451 2781 multis
2463 2723 2578 2797 jam
2606 2723 2725 2798 ejus
2752 2724 2916 2782 donis
2939 2722 3294 2793 testantibus,
3323 2729 3382 2780 et
3407 2723 3646 2796 gratiam
3665 2719 3838 2780 favoris

2254 2813 2373 2887 ejus
2397 2817 2720 2890 accipimus,
2751 2824 2806 2874 et
2833 2823 3018 2874 tamen
3047 2814 3230 2873 adhuc
3257 2812 3363 2874 sub
3403 2813 3532 2888 ejus
3553 2813 3762 2889 judicio
3783 2809 3836 2868 de

2256 2915 2444 2965 nostra
2472 2907 2796 2965 inﬁrmitate
2823 2907 3152 2965 titubamus.

2325 2998 2380 3056 9.
2415 3000 2472 3057 S.
2494 3001 2701 3056 Paulus
2721 2999 2841 3070 jam
2873 3001 2949 3057 ad
2968 3000 3182 3055 tertium
3207 2998 3396 3054 emtum
3415 3004 3614 3072 raptus
3629 3015 3665 3055 a
3684 2997 3840 3054 tinwrt

2258 3087 2390 3143 liber
2412 3103 2520 3143 non
2545 3087 3052 3160 fuit—Videamus
3072 3087 3310 3162 qualiter
3325 3087 3503 3146 Paulo
3522 3094 3579 3145 et
3595 3084 3840 3144 arridetur

537 3188 701 3244 lloris
729 3187 878 3243 enim
901 3185 1162 3243 omnibus
1190 3195 1382 3244 contra
1403 3195 1744 3246 tentamenta
1771 3190 2032 3264 suspecti,
2055 3207 2142 3248 oc-

2258 3175 2364 3248 iam
2393 3193 2492 3250 per
2516 3193 2809 3250 supernam
2841 3177 3094 3250 gratiam,
3124 3184 3179 3234 et
3206 3176 3324 3250 ipse
3352 3176 3546 3236 adhuc
3571 3175 3723 3252 quasi
3751 3187 3840 3230 non

537 3275 677 3333 culti
704 3275 883 3333 hostis
909 3273 1140 3333 insidias
1167 3284 1443 3345 metuunt,
1467 3279 1488 3314 ³
1515 3279 1612 3352 qui
1640 3279 1808 3335 etiam
1835 3279 2140 3336 tentatione

538 3373 803 3436 cessante,
861 3365 949 3422 vel
999 3365 1115 3422 sola
1154 3367 1394 3439 graviter
1453 3364 1766 3440 suspicione
1820 3366 2136 3423 turbantur.

536 3461 673 3516 Nam
703 3474 844 3532 smpe
872 3457 1063 3515 multis
1091 3474 1254 3531 grave
1288 3458 1600 3532 periculum
1629 3458 1854 3516 incauta
1875 3459 2141 3516 securitas

537 3548 664 3619 fuit,
692 3555 755 3604 ut
801 3547 988 3605 callidi
1019 3547 1194 3605 hostis
1221 3548 1456 3606 insidias
1489 3565 1601 3605 non
1639 3547 1859 3617 tentati,
1895 3549 1991 3606 sed
2022 3546 2137 3620 jam

534 3638 790 3713 prostrati
835 3645 1246 3712 cognoscerent.
1289 3638 1650 3711 Vigilandum
1690 3638 1892 3712 quippe
1925 3655 2138 3712 semper

534 3736 636 3798 est,
665 3735 728 3784 ut
759 3745 913 3784 mens
943 3728 1207 3785 continue
1248 3727 1488 3784 sollicita
1532 3744 1817 3802 nunquam
1859 3731 2138 3788 relaxetur

535 3815 841 3873 intentione
870 3833 1128 3890 superna,
1158 3831 1228 3873 ne
1267 3815 1542 3873 laboriosa
1569 3815 1845 3888 deserens,
1876 3819 1936 3875 in
1977 3819 2139 3892 cogi-

533 3907 838 3965 tationibus
867 3907 1055 3978 ﬂuxis,
1078 3907 1237 3983 quasi
1265 3907 1324 3964 in
1352 3907 1681 3981 quibusdam
1714 3909 1978 3967 mollibus
2004 3917 2138 3967 stra-

529 3999 731 4056 mentis
755 3997 966 4072 jacens,
997 3997 1249 4055 venienti
1277 3998 1588 4072 corruptori
1633 3997 1855 4056 diabolo
1899 4015 2054 4057 mens
2081 4016 2138 4058 se

529 4091 769 4146 resoluta
816 4091 1131 4162 prostituat.
1176 4091 1402 4163 Semper
1447 4107 1578 4148 vero
1622 4099 1705 4150 est
1745 4091 1814 4148 ad
1861 4098 2137 4148 certamen

530 4178 830 4234 adversarii
857 4180 1153 4250 erigendus
1181 4181 1402 4238 animus
1427 4201 1441 4250 ;
1474 4199 1688 4255 semper
1717 4191 1910 4239 contra
1957 4186 2137 4241 occul-

527 4276 614 4323 tas
635 4265 864 4322 insidias
883 4269 1097 4322 cautela
1113 4269 1474 4338 providenda.
1499 4271 1642 4328 Hinc
1659 4272 1862 4328 etenim
1883 4272 2138 4334 Habacuc

529 4357 797 4432 propheta
833 4355 941 4412 ait:
985 4359 1159 4429 Super
1186 4359 1478 4414 custodiam
1503 4378 1673 4416 meam
1699 4363 1844 4418 stabo
1878 4363 2038 4436 (Hab.
2071 4383 2133 4437 II,

532 4450 607 4520 1).
635 4448 778 4503 Hinc
808 4448 1331 4521 rursum.scriptum
1359 4456 1466 4505 est:
1503 4449 1686 4506 Statue
1713 4453 1804 4508 tibi
1830 4456 2092 4525 speculam
2111 4475 2134 4524 ,°

523 4554 661 4608 pone
690 4535 784 4590 tibi
809 4537 1218 4606 amaritudines,
1248 4537 1342 4609 qui
1379 4540 1708 4611 evangelizas
1745 4543 1872 4599 Sion
1914 4543 2128 4616 (Jerem.

528 4643 690 4695 xxxx,
717 4627 834 4697 21).
870 4627 1010 4684 Hinc
1039 4645 1136 4700 per
1165 4628 1515 4686 Salomonem
1546 4629 1782 4689 dicitur:
1823 4634 2020 4690 Beatus
2047 4636 2134 4692 vir

527 4715 620 4786 qui
647 4731 848 4787 semper
879 4723 953 4770 est
979 4717 1252 4788 pavidus;
1291 4719 1387 4790 qui
1431 4726 1606 4774 autem
1643 4721 1828 4776 mentis
1862 4728 1935 4777 est
1963 4724 2136 4792 durw,

524 4811 736 4859 corruet
754 4803 811 4859 in
829 4805 1031 4860 malum
1045 4807 1548 4881 (Prov.xxvm,14)
1561 4809 1724 4867 .Hinc
1740 4811 1940 4867 iterum
1966 4812 2102 4870 dicit
2122 4834 2133 4872 :

531 4893 782 4966 Uniusqu
789 4911 946 4966 usque
965 4897 1102 4952 ensis
1129 4913 1289 4970 super
1302 4897 1478 4968 femur
1498 4916 1677 4966 suum,
1690 4908 1914 4974 propter
1929 4903 2138 4965 timores

520 4991 804 5041 nocturnos
819 4985 1011 5059 (Cant.
1037 5003 1121 5056 III,
1138 4987 1218 5060 8).
1239 4987 1509 5045 Nocturni
1525 4987 1736 5063 quippe
1758 4990 1986 5048 timores
2009 4999 2139 5049 sunt

521 5075 734 5134 insidiae
756 5077 1082 5140 tentationis
1101 5079 1354 5136 occultae.
1373 5080 1542 5138 Ensis
1565 5089 1750 5138 autem
1772 5100 1936 5157 super
1956 5084 2140 5142 femur

521 5173 604 5221 est
647 5169 897 5226 custodia
950 5169 1212 5244 vigilans,
1271 5172 1456 5230 carnis
1512 5172 1800 5231 illecebras
1851 5192 2121 5248 premens.

600 5434 618 5470 ³
657 5435 691 5490 2
719 5433 918 5504 Laud.,
964 5436 1322 5508 inquiramus,
1364 5439 1726 5498 cui-lectioni
1753 5442 1919 5499 aliam
1948 5441 2126 5511 addit,

560 5505 928 5560 ernendamus.

656 5522 908 5560 enaamus
917 5549 928 5562 .

517 5521 928 5576 perpendamus.

560 5577 620 5660 “3
657 5577 873 5660 Norm.,
903 5578 996 5660 qui
1023 5579 1180 5660 etiam
1205 5583 1590 5660 sitentationes
1609 5592 1926 5660 cessant”...
1949 5602 2126 5660 suspe-

524 5649 690 5704 ctione
713 5649 1014 5730 turbantur.
1036 5650 1374 5730 Nostribllss.
1397 5655 1603 5730 ubique
1623 5656 1827 5730 habent
1848 5649 2126 5728 suspectio,

524 5723 918 5802 suspectionem,
947 5737 1047 5802 pro
1085 5723 1332 5802 suspicio,
1364 5723 1726 5802 suspicionem.
1769 5723 1985 5802 Verum
2006 5744 2128 5802 quae

526 5798 748 5874 sanctus
781 5791 1075 5874 Gregorius
1117 5791 1214 5874 hic
1257 5791 1510 5874 depetde
1539 5796 1850 5874 vigilantia,
1881 5791 2129 5874 insinuat

525 5859 680 5930 alibi,
701 5859 941 5918 maxime
964 5865 998 5920 l.
1027 5882 1108 5933 vr,
1131 5865 1290 5936 epist.
1321 5867 1412 5932 22,
1423 5866 1587 5936 juxta
1603 5859 1896 5940 antiquum
1927 5871 2127 5942 episto-

2251 3267 2427 3323 credit
2462 3283 2558 3340 per
2590 3267 2923 3340 suspicionis
2953 3275 3182 3324 metum.
3214 3268 3337 3324 Jam
3367 3283 3398 3325 e
3428 3268 3574 3326 caelo
3620 3265 3705 3324 illi
3742 3266 3842 3322 Do—

2251 3355 2436 3414 minus
2485 3361 2631 3420 639
2675 3357 2927 3431 loquens,
2961 3355 3192 3432 ejusque
3232 3356 3479 3416 interius
3511 3358 3703 3416 oculos
3727 3369 3844 3429 ape-

2249 3450 2419 3522 riens,
2463 3455 2708 3511 exterius
2749 3454 3033 3526 claudens,
3065 3455 3376 3528 potentiam
3422 3473 3539 3515 suae
3567 3450 3844 3528 majestatis

2249 3541 2560 3600 ostenderat
2589 3545 2734 3616 (Act.
2766 3561 2846 3615 IX,
2875 3545 2971 3616 4);
2997 3545 3114 3618 jam
3153 3544 3220 3601 de
3253 3561 3320 3602 eo
3359 3546 3600 3605 Ananiae
3629 3545 3842 3608 dixerat,

2257 3637 2357 3695 Vas
2385 3634 2646 3691 electionis
2672 3635 2805 3691 mihi
2823 3643 2898 3691 est
2928 3635 3090 3708 (Ibid.
3115 3653 3196 3707 rx,
3238 3637 3362 3710 15),
3389 3635 3511 3710 jam
3545 3637 3616 3694 ad
3641 3635 3844 3694 tertium

2247 3727 2449 3784 coelum
2477 3743 2643 3800 super
2669 3744 2725 3784 se
2753 3735 2942 3801 raptus
2965 3727 3145 3784 fuerat
3186 3729 3276 3800 (II
3303 3728 3442 3786 Cor.
3481 3747 3588 3800 xu,
3632 3729 3724 3803 2);
3747 3725 3843 3800 jam

2246 3816 2306 3872 in
2334 3817 2650 3890 paradisum
2693 3816 2893 3874 ductus
2934 3832 3134 3874 arcana
3161 3816 3332 3874 verba
3375 3834 3503 3892 quae
3534 3817 3716 3876 dicere
3751 3828 3844 3871 non

2246 3914 2428 3978 posset
2482 3906 2768 3974 audierat;
2814 3915 2868 3963 et
2911 3914 3098 3963 tamen
3145 3905 3332 3964 adhuc
3390 3907 3633 3965 timidus
3683 3903 3841 3962 dicit:

2251 3995 2461 4068 Castigo
2479 4013 2672 4068 corpus
2698 4013 2889 4063 meum,
2911 3998 2933 4032 ⁵
2955 4003 3004 4052 et
3022 3997 3081 4052 in
3097 3997 3406 4054 servitutem
3430 3999 3638 4072 redigo,
3653 4013 3716 4052 ne
3728 3993 3846 4067 forte

2244 4087 2372 4142 aliis
2392 4087 2694 4160 prwdicans
2723 4087 2832 4160 ipse
2859 4089 3115 4160 reprobus
3141 4089 3344 4162 elﬁeiar
3378 4089 3440 4163 (I
3471 4091 3601 4148 Cor.
3634 4105 3716 4158 Ix,
3744 4082 3842 4155 27).

2245 4177 2387 4235 Ecce
2429 4177 2696 4234 arridenti
2737 4177 2843 4234 sibi
2879 4177 3086 4234 divinae
3111 4180 3298 4251 gratiae
3333 4187 3392 4236 et
3415 4179 3537 4254 jam
3567 4177 3742 4238 credit
3765 4169 3846 4246 per

2246 4283 2420 4340 spem,
2466 4276 2521 4324 et
2566 4268 2800 4325 necdum
2851 4275 3033 4325 tamen
3088 4268 3265 4326 credit
3325 4285 3432 4342 per
3487 4270 3842 4329 securitatem.

2244 4357 2381 4414 Nam
2410 4355 2540 4430 quia
2568 4357 2706 4412 bene
2735 4357 2853 4413 hac
2881 4357 3047 4414 verba
3075 4357 3466 4432 Redemptoris
3495 4358 3675 4418 nostri
3702 4352 3844 4412 voci-

2243 4447 2348 4503 bus
2374 4456 2707 4520 congruunt,
2733 4448 2903 4505 etiam
2930 4447 3225 4522 subjuncta
3251 4457 3562 4522 testantur,
3579 4465 3706 4509 cum
3727 4442 3844 4505 dici-

2243 4544 2336 4592 tur
2363 4555 2375 4594 :
2409 4539 2484 4594 Et
2513 4539 2608 4594 tua:
2635 4541 2814 4594 cultus
2840 4540 2942 4594 mei
2968 4556 3076 4595 non
3103 4539 3318 4596 cadebat
3354 4541 3416 4596 in
3463 4549 3686 4598 terram.
3717 4532 3844 4606 Quid

2245 4642 2481 4700 namque
2511 4635 2676 4697 terra,
2701 4627 2810 4684 nisi
2841 4635 3093 4701 peccator
3121 4637 3376 4699 vocatur,
3407 4631 3503 4687 cui
3536 4631 3718 4704 prima
3739 4640 3842 4683 sen-

2243 4718 2417 4774 tentia
2451 4717 2662 4774 dictum
2693 4725 2798 4774 est:
2837 4719 3004 4792 Terra
3033 4737 3106 4786 es,
3127 4725 3175 4774 et
3195 4719 3250 4773 in
3279 4725 3490 4777 ter-ram
3509 4721 3614 4777 ibi:
3651 4719 3842 4793 (Germ.

2244 4826 2331 4878 ιιι,
2365 4809 2498 4882 19)?
2526 4810 2650 4866 Lux
2677 4825 2807 4881 ergo
2835 4811 3024 4866 vultus
3053 4809 3278 4867 Domini
3308 4810 3368 4867 in
3401 4819 3612 4870 terram
3645 4823 3845 4885 nequa-

2245 4917 2410 4975 quam
2439 4900 2606 4971 cadit,
2637 4901 2768 4975 quia
2791 4901 3024 4959 visionis
3068 4901 3187 4975 ejus
3214 4903 3440 4962 claritas
3479 4901 3845 4978 peccatoribus

2245 5007 2359 5047 non
2387 4998 2629 5064 apparet.
2654 4990 2932 5063 Scriptum
2954 5007 3191 5065 namque
3211 5000 3322 5049 est:
3365 4995 3626 5052 Tollatur
3643 4990 3843 5064 impii“.

2245 5099 2310 5138 ne
2353 5083 2528 5138 uideat
2563 5082 2792 5154 gloriam
2831 5080 2932 5138 Dei
2963 5081 3118 5154 (Isai.
3161 5099 3322 5152 xxvr,
3360 5083 3481 5157 10).
3513 5081 3683 5154 Quasi
3712 5078 3844 5137 enim

2241 5171 2342 5228 lux
2387 5171 2446 5228 in
2487 5179 2693 5228 terram
2747 5169 2987 5241 caderet,
3026 5171 3074 5228 si
3117 5171 3180 5230 in
3215 5179 3474 5230 extremo
3498 5171 3720 5247 judicio
3753 5181 3844 5224 ve-

2237 5441 2416 5500 larum
2447 5440 2724 5500 ordinem.

2309 5517 2330 5550 ³
2367 5514 2530 5573 Corb.
2563 5515 2773 5585 Germ.,
2803 5514 3040 5587 Bellov..
3077 5515 3262 5574 Germ.
3305 5522 3360 5572 et
3389 5516 3619 5586 Norm.,
3645 5513 3740 5587 qui
3764 5527 3844 5570 ne

2239 5587 2460 5644 tandum
2491 5587 2650 5658 quod.
2694 5587 2727 5644 2
2753 5586 2952 5656 Laud.,
2983 5589 3076 5643 ubi
3102 5589 3419 5646 notandum.

2309 5660 2334 5730 ’ξ
2362 5656 2821 5730 Germ.,Turon.,
2848 5659 3043 5729 Vind,
3065 5659 3228 5730 Corb.
3261 5659 3482 5730 Germ.,
3515 5662 3633 5720 duo
3658 5656 3845 5722 Laud.,

2237 5729 2360 5809 Val.
2395 5727 2504 5809 GL,
2526 5732 2932 5809 omnesNorm.
2968 5727 3047 5788 ita
3075 5729 3299 5800 habent,
3321 5746 3439 5789 non
3465 5727 3845 5809 certiﬁcantur,

2237 5807 2301 5858 ut
2328 5801 2532 5872 legitur
2558 5800 2620 5872 in
2649 5801 2755 5858 Ed.

2309 5873 2330 5905 "
2363 5871 2403 5926 2’
2427 5871 2624 5936 Laud.,
2654 5878 2703 5926 et
2727 5873 2969 5928 servituti
2992 5875 3192 5946 redigo.
