3946 6366
154 381 239 435 Mi
908 374 1279 429 MOIlALIUM
1322 374 1452 430 LIB.
1498 373 1623 429 XX.
1668 403 1737 415 -
1775 372 1847 428 IN
1904 372 2134 429 CAPUT
2171 372 2360 427 XXIX
2404 373 2463 427 B.
2508 373 2649 427 JOB.

3352 373 3454 430 142

73 478 82 491 ’
152 504 319 571 niens,
354 503 366 535 ¹
399 498 711 557 claritatem
740 496 1041 569 majestatis
1068 512 1181 553 suae
1206 495 1588 568 peccatoribus
1615 512 1735 571 ape-

1854 514 1980 588 quia
2008 512 2392 587 praesidentem
2414 513 2576 570 illum
2598 512 2877 571 mentibus
2895 515 3197 574 electorum
3218 517 3453 576 circum-

152 592 292 649 riret.

220 681 299 739 10.
337 677 579 751 Inﬁrmis
633 676 802 749 fortia
830 693 937 732 non
985 676 1354 749 praedicanda.
1404 707 1476 719 —
1508 675 1666 745 Quod
1696 676 1742 734 si

152 772 260 829 haec
286 768 452 825 verba
481 783 552 825 ex
580 774 784 824 sanctae
813 766 1075 824 Ecclesiae
1093 783 1226 823 voce
1242 766 1597 839 suscipimus,
1630 782 1741 822 non

151 860 439 934 incongrue
468 856 782 930 intelligere
812 858 1115 931 poterimus
1136 857 1314 914 lucem
1336 859 1522 914 vultus
1537 855 1654 928 ejus
1684 855 1742 911 in

150 961 335 1010 terram
366 966 480 1007 non
509 947 728 1017 cadere,
758 948 889 1022 quia
917 947 1199 1021 occupatis
1228 948 1285 1005 in
1316 947 1551 1005 terrenis
1573 947 1741 1005 actio-

149 1041 302 1098 nibus
327 1040 348 1075 ³
375 1046 528 1096 vetat
575 1054 796 1096 summa
823 1037 1309 1111 contemplationis
1339 1056 1451 1095 suae
1482 1036 1744 1111 mysteria

148 1129 451 1206 praedicare.
485 1128 609 1186 Dici
654 1127 804 1184 enim
835 1129 856 1164 ³
888 1126 1129 1184 inﬁrmis
1165 1127 1333 1184 fortia
1362 1127 1640 1201 prohibet,
1673 1142 1741 1183 ne

148 1221 273 1279 dum
286 1218 619 1294 incapabilia
638 1218 896 1287 audiunt,
915 1217 1326 1291 praedicationis
1341 1219 1525 1275 verbis
1541 1217 1742 1293 quibus

147 1309 411 1369 sublevari
457 1309 765 1367 debuerant
802 1308 1207 1381 opprimantur.
1242 1310 1365 1366 Lux
1394 1309 1594 1384 quippe
1626 1310 1743 1383 ipsa

146 1417 415 1475 corporea,
449 1416 574 1475 quae
597 1400 790 1458 oculos
809 1414 971 1456 sanos
998 1397 1249 1468 irradiat,
1274 1398 1527 1456 inﬁrmos
1548 1399 1741 1458 obscu-

147 1498 255 1559 rat;
285 1498 337 1548 et
357 1490 494 1548 dum
516 1487 877 1563 lippientibus
893 1487 1070 1545 oculis
1090 1488 1329 1546 claritati
1349 1490 1483 1546 solis
1503 1489 1741 1546 intendi-

144 1580 581 1654 tur,plerumque
630 1577 710 1635 eis
758 1577 976 1635 caecitas
1004 1592 1074 1633 ex
1104 1576 1225 1635 luce
1255 1584 1563 1651 generatur.
1597 1579 1744 1635 San-

144 1678 228 1727 cta
254 1671 435 1746 itaque
464 1667 720 1728 Ecclesia
760 1684 1020 1742 oppressa
1047 1669 1447 1741 persecutionis
1473 1676 1742 1743 tempore,

148 1775 353 1816 memor
404 1765 589 1817 autem
630 1758 922 1832 praeteritae
971 1758 1326 1816 discretionis
1378 1776 1511 1829 suae,
1558 1759 1739 1817 dicat:

1853 611 1962 660 stat
1991 604 2153 661 turba
2181 603 2477 661 virtutum.
2503 604 2610 673 Qui
2630 603 2793 661 etiam
2826 605 3177 661 maerentium
3205 609 3454 665 consola-

1853 702 1940 751 tor
1961 704 2062 765 est,
2085 712 2155 753 ex
2184 713 2245 753 ea
2263 696 2629 770 promissione
2655 712 2762 769 qua
2782 693 2942 764 dicit,
2966 694 3117 751 Beati
3140 698 3234 765 qui
3263 699 3458 769 lugent,

1851 786 2102 857 quoniam
2130 786 2234 859 ipsi
2261 786 2675 843 consolabuntur
2698 785 2911 857 (Matth.
2944 802 3001 854 v,
3026 786 3107 857 5).
3138 787 3211 841 Et
3242 802 3452 856 rursus,

1851 874 2054 930 Iterum
2074 876 2253 931 videbo
2275 894 2386 945 vos,
2402 883 2452 931 et
2468 875 2712 949 gaudebit
2731 892 2824 931 cor
2848 881 3075 931 vestrum
3095 892 3117 941 ,'
3144 882 3193 930 et
3203 876 3459 948 gaudium

1851 972 2083 1022 vestrum
2118 984 2264 1023 nemo
2292 969 2489 1024 totleta
2526 968 2667 1024 vobis
2699 967 2881 1041 (Joan.
2914 982 3036 1032 xvr,
3067 965 3187 1039 22).
3218 966 3300 1022 Ea
3328 981 3458 1022 vero

1851 1072 1975 1130 quae
2004 1055 2071 1112 de
2101 1065 2301 1115 sanctae
2330 1059 2595 1115 Ecclesia:
2634 1058 2812 1131 capite
2841 1056 3111 1125 diximus,
3142 1055 3224 1112 nil
3254 1055 3456 1126 obstat,

1852 1146 1898 1203 si
1930 1145 1999 1203 ad
2032 1163 2224 1204 vocem
2256 1164 2473 1221 quoque
2498 1147 2745 1221 ejusdem
2764 1148 3025 1205 Ecclesiae
3045 1146 3368 1203 referamus.
3396 1149 3460 1204 In

1852 1252 1915 1294 ea
1935 1236 2141 1311 quippe
2169 1238 2306 1295 ordo
2335 1238 2626 1296 doctorum
2662 1239 2819 1314 quasi
2848 1256 2947 1297 rex
2976 1237 3253 1311 praesidet,
3296 1254 3459 1311 quem

1852 1328 2105 1387 ﬁdelium
2135 1348 2363 1388 suorum
2394 1331 2559 1389 turba
2574 1331 2915 1390 circumstat.
2942 1331 3074 1400 Quae
3094 1328 3305 1388 scilicet
3321 1329 3459 1386 mul-

1853 1420 2038 1479 titudo
2062 1420 2315 1479 ﬁdelium
2347 1430 2495 1480 recte
2524 1438 2743 1497 quoque
2772 1421 3054 1479 exercitus
3083 1419 3310 1488 dicitur,
3331 1419 3464 1492 quia

1852 1510 1913 1569 in
1944 1513 2237 1586 procinctu
2264 1513 2540 1571 bonorum
2561 1529 2790 1587 operum
2820 1511 3197 1569 indesinenter
3212 1508 3460 1585 quotidie

1852 1611 2046 1662 contra
2068 1605 2438 1662 tentationum
2454 1604 2599 1661 bella
2614 1610 2972 1679 praeparatur.
2999 1602 3139 1677 [νει.
3174 1600 3260 1676 ν.]
3282 1601 3462 1660 Corda

1853 1709 2072 1768 quoque
2146 1694 2504 1751 mcerentium
2562 1701 2753 1751 sancta
2819 1691 3069 1750 Ecclesia
3121 1692 3460 1760 consolatur,

1854 1784 1877 1820 ⁴
1908 1784 2042 1842 dum
2084 1784 2372 1858 praesentis
2427 1781 2889 1857 peregrinationis
2932 1796 3180 1837 aerumna
3231 1778 3463 1838 afflictas

148 1849 263 1947 1‘.”
288 1848 463 1952 WE“
633 1846 1085 1952 ηθπξαᾱίῖδίξιηίῖῑ
1133 1853 1349 1947 mam:
1382 1848 1488 1905 sed
1516 1849 1647 1951 (ἔῃίὲ
1673 1865 1742 1906 ex
1775 1880 1822 1941 B
1856 1846 2103 1937 mentes.
2123 1846 2447 1936 electorum-
2474 1846 2690 1952 pensat,
2744 1883 2799 1933 et
2854 1874 2954 1933 has
3007 1882 3225 1933 aeterna
3270 1876 3461 1949 patriae

149 1935 258 2011 ejus
282 1937 458 2010 capite
488 1933 610 1994 haec
653 1934 823 1993 verba
876 1936 1184 2010 intelligere
1213 1937 1502 2011 cmpimus,
1532 1939 1591 1995 in
1622 1940 1742 2013 ipso

148 2026 318 2088 adhuc
360 2027 515 2103 quod
555 2027 807 2103 sequitur
835 2045 1225 2104 exsequamur.
1269 2031 1408 2090 Nam
1437 2030 1695 2089 subditur
1726 2048 1740 2089 :

446 2250 447 2253 η
601 2173 834 2232 CAPUT
862 2175 941 2234 IV
971 2175 1116 2251 [Rec.
1159 2176 1277 2251 VI].

213 2266 377 2325 Vnus.
410 2267 505 2325 25.
537 2297 609 2310 —
642 2267 699 2323 Si
728 2267 1009 2324 voluissem
1044 2269 1119 2325 ire
1138 2270 1211 2325 ad
1239 2271 1607 2336 eos,'sedebam
1630 2271 1745 2345 pri-

149 2373 273 2416 mus.

214 2449 296 2507 11.
327 2449 393 2507 In
414 2450 725 2507 carnalium
769 2450 923 2505 corde
967 2449 1214 2507 Christus
1255 2449 1475 2505 ultimus
1504 2449 1660 2519 sedet,
1690 2449 1748 2505 in

150 2539 290 2594 corde
308 2538 587 2610 justorum
611 2540 843 2613 primus.
866 2569 938 2581 —
957 2539 1098 2607 Quia
1115 2538 1171 2594 in
1194 2539 1357 2596 corde
1386 2538 1746 2612 reproborum

151 2628 306 2701 priori
334 2630 461 2688 loco
492 2629 740 2687 actiones
768 2630 951 2688 carnis
979 2638 1130 2699 sunt,
1161 2638 1215 2685 et
1242 2631 1533 2703 posteriori
1563 2631 1747 2688 actio-

152 2734 236 2775 nes
286 2720 513 2790 animae,
558 2720 619 2776 in
672 2737 862 2777 eorum
894 2720 1087 2795 procul
1119 2720 1289 2777 dubio
1319 2721 1749 2793 cogitationibus

152 2807 394 2868 Christus
423 2828 541 2868 non
573 2810 809 2883 primus,
849 2811 944 2866 sed
983 2810 1218 2867 ultimus
1247 2811 1418 2867 sedet.
1451 2812 1556 2867 Sed
1587 2812 1748 2867 electi

152 2904 338 2978 quique
370 2904 506 2976 quia
534 2918 596 2957 ea
626 2918 736 2973 prae
768 2902 1029 2957 omnibus
1058 2919 1179 2974 quae
1209 2910 1412 2956 aeterna
1432 2908 1562 2955 sunt
1589 2901 1749 2972 cogi—

152 2999 276 3062 tant,
305 3001 360 3049 et
389 2990 689 3065 posteriori
716 3008 870 3061 cura,
900 3008 963 3048 ac
983 2989 1235 3060 minima,
1255 2989 1300 3045 si
1331 3006 1437 3063 qua
1465 2998 1594 3045 sunt
1616 2998 1748 3045 tem-

152 3081 346 3155 poralia
376 3080 709 3154 disponunt,
732 3080 935 3153 quibus
962 3089 1014 3136 et
1035 3080 1292 3152 magistra
1323 3095 1456 3135 voce
1486 3079 1749 3136 Veritatis

150 3169 341 3230 dicitur
360 3191 373 3231 :
401 3172 637 3242 Quwrite
645 3172 883 3244 primum
900 3188 1119 3244 regnum
1134 3171 1234 3227 Dei
1260 3178 1307 3225 et
1317 3169 1587 3240 justitiam
1611 3170 1745 3241 ejus,

1853 1973 1874 2009 ⁵
1906 1969 2273 2043 promissione
2302 1968 2565 2028 laetiﬁcat.
2599 1966 2927 2028 Considerat
2946 1965 3113 2024 etiam
3142 1966 3291 2041 quod
3318 1967 3463 2042 cogi-

1854 2061 2093 2120 tationes
2137 2060 2388 2119 ﬁdelium
2437 2059 2635 2118 divino
2674 2059 2789 2117 sint
2835 2057 3037 2117 timore
3074 2074 3374 2132 percussae:
3407 2067 3463 2117 et

1853 2171 1993 2229 quos
2020 2153 2088 2210 de
2117 2155 2230 2211 Deo
2260 2153 2534 2227 conspicit
2566 2152 2823 2211 districta
2848 2150 3068 2210 audisse
3109 2157 3174 2209 ut
3199 2151 3460 2221 timeant,

1853 2244 1967 2318 agit
1982 2259 2201 2318 quoque
2215 2252 2486 2318 quatenus
2501 2251 2556 2302 et
2573 2241 3058 2303 mansuetudinem
3088 2239 3310 2316 pietatis
3340 2239 3461 2312 ejus

1853 2334 2083 2392 audiant
2116 2342 2179 2391 ut
2206 2342 2561 2407 praesumant.

1929 2516 2014 2573 13.
2050 2518 2203 2588 Spem
2226 2517 2403 2572 miscet
2428 2522 2475 2571 et
2500 2521 2716 2583 metum,
2744 2532 2809 2571 ne
2836 2514 3042 2571 incaute
3072 2515 3134 2571 de
3164 2514 3462 2570 misericor-

1854 2606 1945 2663 dia
1961 2598 2308 2679 conﬁdamus,
2330 2604 2979 2677 autdesperatejustitiam
3001 2605 3357 2661 timeamus.-
3371 2604 3463 2663 Sic

1855 2716 2092 2773 namque
2123 2708 2312 2756 sancta
2346 2699 2595 2756 Ecclesia
2632 2699 2890 2756 ﬁdelibus
2923 2700 3041 2757 suis
3081 2699 3149 2756 de
3178 2700 3380 2773 pietate
3408 2708 3463 2755 et

1850 2788 2068 2861 justitia
2098 2789 2481 2860 Redemptoris
2502 2789 2557 2845 in
2580 2789 2991 2860 praedicationis
3020 2790 3160 2847 serie
3188 2806 3339 2862 spem
3363 2789 3463 2845 mia

1855 2888 1970 2935 scet
1997 2888 2051 2935 et
2068 2889 2296 2947 metum,
2320 2889 2593 2953 quatenus
2615 2898 2715 2937 nec
2743 2881 2962 2938 incaute
2978 2882 3046 2937 de
3078 2880 3463 2937 misericordia

1855 2968 2264 3035 confidant,nec
2283 2969 2565 3038 desperate
2572 2968 2847 3037 justitiam
2865 2969 3259 3025 timeant.Nam
3278 2969 3462 3024 verbis

1855 3058 1943 3114 sui
1960 3057 2157 3129 capitis
2187 3056 2549 3113 formidantes
2565 3056 3022 3124 refovet,dicens:
3056 3057 3232 3113 Nolite
3258 3057 3458 3127 timere,

1851 3148 2087 3219 pusillus
2113 3164 2267 3218 grex,
2290 3146 2420 3217 quia
2446 3146 2761 3217 complacuit
2787 3146 2946 3202 Patri
2963 3153 3131 3201 vestro
3154 3146 3285 3202 dare
3312 3146 3459 3202 vobis

150 3268 192 3318 et
236 3263 339 3320 hac
392 3235 576 3319 omnia
628 3235 1124 3334 adjicientur'vobis
1168 3235 1383 3334 (Matth.
1416 3276 1497 3328 v1,
1529 3235 1645 3333 33),
1678 3235 1738 3315 in

1854 3253 2071 3308 regnum
2093 3236 2245 3308 (Luc.
2276 3252 2380 3304 χιι,
2415 3235 2532 3307 32).
2565 3235 2749 3307 Atque
2803 3235 3008 3290 iterum
3064 3244 3458 3308 praesumentes

150 3367 327 3411 eorum
357 3353 525 3413 corde
554 3352 826 3411 Dominus
864 3352 1078 3426 primus
1107 3351 1276 3409 sedet.
1310 3352 1413 3409 Ubi
1443 3358 1566 3423 apte
1597 3367 1748 3423 prae-

151 3443 410 3502 mittitur:
463 3444 522 3502 Si
547 3444 829 3501 voluissem
860 3444 941 3500 ire
968 3444 1041 3500 ad
1084 3461 1187 3500 eos.
1234 3443 1374 3511 Quia
1401 3441 1572 3511 enim,
1604 3440 1748 3498 sicut

151 3535 405 3607 scriptum
436 3543 521 3593 est
543 3536 762 3609 (Ephes.
783 3536 922 3610 1,5),
955 3535 1145 3593 omnia
1160 3540 1420 3607 operatur
1439 3531 1745 3590 secundum

152 3625 434 3682 consilium
465 3626 775 3683 voluntatis
815 3642 965 3689 suae;
999 3642 1112 3682 non
1159 3623 1463 3683 secundum
1494 3630 1744 3679 nostrum

152 3715 422 3785 meritum,
456 3716 553 3773 sed
588 3715 719 3789 quia
748 3715 864 3788 ipse
894 3715 972 3771 ita
1000 3716 1144 3785 vult,
1172 3713 1492 3771 visitatione
1518 3729 1616 3770 sua
1644 3729 1746 3769 nos

152 3803 410 3862 Dominus
440 3805 703 3861 illustrat.
729 3806 918 3877 Itaque
946 3811 1000 3859 et
1018 3820 1145 3860 cum
1166 3805 1289 3860 vult
1318 3802 1501 3872 venit;
1536 3810 1589 3859 et
1617 3819 1744 3859 cum

154 3894 373 3965 venerit,
402 3894 623 3969 primus
651 3892 824 3962 sedet,
856 3892 985 3966 quia
1006 3901 1059 3949 et
1074 3892 1342 3951 adventus
1363 3892 1481 3966 ejus
1502 3894 1559 3949 in
1580 3892 1744 3951 corde

155 3991 326 4041 nostro
360 3982 636 4058 gratuitas
665 3991 767 4053 est,
799 3989 854 4039 et
898 3984 1172 4057 appetitus
1201 3983 1319 4056 ejus
1369 3983 1652 4053 desiderii,
1684 3983 1744 4041 in

155 4072 476 4146 cogitatione
493 4081 679 4131 nostra
700 4073 929 4149 aequalis
944 4074 1157 4134 caeteris
1180 4074 1469 4133 desideriis
1496 4091 1608 4131 non
1638 4081 1739 4131 est.

157 4160 398 4238 Sequitur
421 4179 435 4223 :

604 4311 833 4372 CAPUT
861 4311 912 4371 v
948 4309 1092 4387 [Rec.
1132 4310 1284 4385 VII].

219 4402 345 4463 IBlD.
375 4435 448 4447 —-
480 4403 714 4474 Cumque
758 4403 987 4458 sederem
1028 4402 1185 4474 quasi
1227 4418 1328 4457 rex
1374 4399 1745 4457 circumstante

161 4495 391 4564 exercitu,
420 4512 569 4551 eram
600 4500 770 4550 tamen
797 4493 1129 4549 merentium
1166 4494 1486 4548 consolator.

1853 3335 2022 3384 terret
2050 3342 2178 3384 cum
2207 3324 2379 3383 dicit:
2422 3325 2644 3396 Vigilate
2671 3330 2722 3379 et
2755 3331 2926 3394 orate,
2956 3330 3005 3380 et
3029 3341 3137 3380 non
3167 3324 3372 3381 intretis
3402 3326 3460 3382 in

1857 3417 2189 3472 tentationem
2212 3416 2406 3489 (Marc.
2430 3432 2551 3484 x1v,
2570 3414 2685 3487 38).
2719 3414 2960 3471 Rursum
2990 3414 3354 3473 formidantes
3381 3433 3461 3474 re-

1854 3506 2027 3576 fovet,
2044 3506 2252 3563 dicens:
2284 3506 2515 3563 Gaudete
2532 3505 2660 3577 quia
2680 3504 2898 3561 nomina
2917 3511 3091 3562 vestra
3111 3506 3310 3580 scripta
3339 3512 3464 3563 sunt

1853 3597 1909 3652 in
1938 3597 2065 3653 caelo
2096 3596 2251 3670 (Luc.
2284 3612 2344 3665 x,
2374 3595 2491 3668 20).
2525 3594 2630 3651 Sed
2659 3593 2718 3651 in
2739 3594 3050 3667 semetipsis
3068 3603 3461 3668 praesumentes

1855 3686 2113 3756 deterret,
2143 3703 2271 3745 cum
2312 3687 2425 3743 ait:
2471 3685 2715 3746 Videbam
2742 3691 2988 3741 satanam
3016 3684 3151 3740 sicut
3176 3683 3368 3758 fulgur
3398 3686 3461 3741 de

1853 3778 1977 3833 cwlo
2028 3778 2297 3834 cadentem
2336 3776 2530 3850 (Ibid.,
2559 3793 2621 3844 x,
2656 3774 2768 3849 18).
2802 3774 3184 3833 Formidanles
3224 3776 3457 3845 refovet,

1852 3883 1981 3926 cum
2010 3866 2183 3925 dicit:
2240 3868 2369 3925 Oves
2409 3884 2535 3923 mea:
2574 3883 2748 3923 vocem
2779 3883 2950 3923 meam
2975 3865 3251 3932 audiunt;
3276 3872 3325 3921 et
3369 3884 3459 3938 ego

1851 3975 2097 4032 cognosco
2127 3975 2236 4025 eas,
2266 3965 2316 4015 et
2352 3964 2648 4030 sequuntur
2685 3974 2786 4026 me,
2816 3962 2866 4012 et
2892 3973 2980 4029 ego
3008 3956 3174 4012 vitam
3207 3962 3460 4012 wternam

1852 4049 1921 4104 do
1950 4050 2057 4115 eis;
2089 4055 2138 4105 et
2163 4064 2272 4105 non
2292 4048 2544 4121 peribunt
2569 4047 2627 4102 in
2647 4052 2923 4116 internum,
2961 4051 3010 4101 et
3032 4061 3139 4100 non
3165 4044 3339 4117 rapiet
3368 4062 3457 4101 eas

1853 4139 2134 4210 quisquam
2161 4138 2223 4193 de
2249 4154 2415 4193 manu
2440 4153 2556 4192 mea
2580 4134 2761 4207 (Joan.
2792 4151 2853 4204 x,
2884 4132 3000 4207 27).
3034 4133 3139 4191 Sed
3168 4134 3227 4191 in
3262 4143 3458 4191 semet-

1851 4229 1987 4303 ipsis
2021 4234 2416 4301 praesumentes
2472 4224 2741 4293 deterret,
2789 4223 3018 4281 dicens:
3065 4225 3282 4280 Dabunt
3308 4224 3459 4298 signa

1853 4335 2051 4391 magna
2066 4325 2113 4374 et
2127 4318 2401 4390 prodigia,
2414 4317 2491 4372 ita
2512 4322 2571 4372 ut
2587 4315 2645 4371 in
2660 4331 2899 4372 errorem
2919 4313 3261 4385 inducantur,
3277 4314 3325 4370 si
3342 4315 3463 4388 ﬁeri

1848 4414 2037 4481 potest,
2081 4409 2241 4466 etiam
2273 4408 2419 4464 electi
2451 4406 2664 4481 (Matth.
2710 4422 2872 4476 xxrv,
2902 4406 3019 4479 24).
3078 4402 3460 4461 Formidantes

1851 4500 2083 4568 refovet,
2101 4499 2326 4557 dicens:
2363 4498 2466 4567 Qui
2476 4497 2890 4570 perseveraverit
2908 4512 3070 4568 usque
3092 4494 3149 4549 in
3179 4495 3357 4567 ﬁnem,
3378 4493 3462 4549 hic

221 4585 301 4642 l2.
334 4585 577 4643 Christus
625 4586 681 4641 in
716 4584 866 4640 nobis
911 4585 1092 4640 sedens
1119 4583 1285 4686 quasi
1330 4600 1427 4686 res:
1470 4588 1742 4684 maerentes
1766 4627 1815 4686 Ι)
1852 4590 2031 4645 salvus
2052 4590 2153 4644 erit
2178 4588 2366 4661 (Ibid.,
2400 4587 2920 4660 i3).Praesumentes
2948 4584 3206 4654 deterret,
3227 4582 3455 4641 dicens:

162 4679 463 4734 consolatur.
480 4676 629 4734 Idem
638 4682 863 4749 praestat
880 4675 1138 4733 Ecclesia.
1160 4705 1233 4716 —
1246 4674 1412 4743 Quasi
1434 4691 1533 4731 rex
1554 4673 1738 4730 Domi-

163 4778 253 4821 nus
278 4768 422 4825 sedet
451 4768 512 4825 in
541 4767 728 4837 corde,
758 4765 889 4840 quia
917 4765 1433 4838 circumstrepentes
1461 4766 1599 4837 regit
1626 4763 1742 4820 ani-

166 4869 357 4916 morum
371 4867 556 4917 motus
575 4859 633 4915 in
649 4866 838 4915 nostra
854 4857 1209 4931 cogitatione.
1244 4858 1307 4914 In
1328 4865 1509 4914 mente
1539 4856 1741 4931 quippe

166 4957 310 5015 quam
323 4947 619 5018 inhabitat,
640 4954 786 5012 640
802 4946 937 5003 dum
952 4947 1229 5019 torpentia
1244 4947 1470 5015 excitat,
1494 4944 1742 5018 inquieta

168 5038 343 5115 frenat,
370 5046 572 5120 frigida
600 5046 878 5117 accendit,
898 5062 1127 5104 accensa
1157 5044 1495 5112 moderatur,
1527 5042 1741 5099 emollit

167 5128 341 5203 rigida,
368 5135 519 5193 ﬂuxa
541 5136 859 5209 restringit;
894 5154 965 5195 ex
993 5137 1111 5211 ipsa
1138 5134 1243 5193 hac
1260 5133 1578 5193 diversitate
1596 5130 1738 5204 cogi-

167 5221 415 5284 tationum
445 5229 602 5304 quasi
630 5229 854 5303 quidam
901 5228 1061 5286 illum
1092 5228 1368 5286 exercitus
1394 5225 1736 5284 circumstat.

170 5308 279 5369 Sive
321 5326 461 5376 certe
506 5319 662 5395 quasi
716 5335 815 5378 rex
861 5318 1013 5379 sedet
1046 5319 1439 5381 circumstante
1465 5315 1734 5381 exercitu,

234 5584 251 5662 ξ
278 5586 386 5662 AL,
420 5590 741 5662 majestatem
766 5589 1046 5647 claritatis.

233 5656 253 5730 ξ
277 5656 482 5730 Norm.,
501 5656 643 5718 vitat
661 5680 884 5719 summa.
917 5664 998 5718 Ita
1015 5661 1181 5719 etiam
1211 5659 1396 5717 Germ.
1429 5669 1484 5718 et
1507 5661 1540 5719 2
1561 5658 1733 5716 Laud.

233 5727 252 5806 ξ
280 5730 305 5806 ξ
334 5727 527 5806 La_ud.,
554 5734 771 5806 inﬁmis.

236 5798 255 5878 ξ
789 5806 1005 5878 Norm.,
1023 5805 1149 5859 dum
1172 5821 1272 5878 per
1287 5804 1565 5878 prtesentis
1591 5819 1735 5878 pere-

180 5874 463 5933 grinationis
479 5894 789 5934 (erumnam.
810 5876 971 5936 Corb.
998 5878 1160 5933 Germ
1172 5874 1210 5941 ζ,
1239 5874 1365 5931 dum
1383 5876 1440 5931 in
1465 5875 1740 5945 prmsentis

1855 4681 1988 4737 Cum
2025 4681 2223 4737 venerit
2255 4680 2428 4737 Filius
2469 4680 2716 4745 hominis,
2755 4683 2917 4751 putas
2942 4676 3170 4733 inveniet
3194 4675 3351 4749 ﬁdem
3378 4674 3460 4730 hic

1853 4779 1996 4830 terra
2020 4773 2170 4847 (Luc.
2192 4789 2357 4842 xvm,
2373 4772 2467 4845 8)?
2488 4774 2509 4808 δ
2527 4773 2831 4830 Metuentes
2852 4770 3085 4841 refovet,
3108 4786 3233 4826 cum
3254 4766 3454 4825 latroni

1850 4864 2017 4921 dicit:
2053 4864 2220 4920 Hodie
2235 4880 2435 4919 mecum
2455 4863 2561 4919 eris
2583 4863 2642 4918 in
2659 4862 2920 4935 paradiso
2953 4861 3105 4934 (Luc.
3136 4876 3305 4925 χχιιι,
3334 4857 3450 4930 43).

1849 4954 1955 5011 Sed
1983 4961 2151 5011 terret
2192 4960 2605 5028 praesumentes,
2646 4952 2779 5010 dum
2809 4951 2977 5009 ludas
3019 4967 3089 5007 ex
3117 4948 3454 5021 apostolatus

1850 5045 2023 5116 gloria
2051 5044 2109 5100 in
2138 5051 2405 5100 tartarum
2438 5042 2661 5100 labitur.
2685 5045 2764 5100 De
2785 5059 2893 5116 quo
2924 5056 3018 5112 per
3046 5036 3332 5095 sententiae
3360 5036 3451 5094 de-

1846 5134 2161 5195 ﬁnitionem
2191 5136 2427 5194 dicitur:
2450 5136 2736 5193 Duodecim
2760 5150 2851 5189 vos
2865 5131 3013 5203 elegi,
3029 5136 3076 5185 et
3102 5145 3241 5185 unus
3269 5145 3335 5184 ea:
3356 5147 3448 5185 vo-

1849 5227 1927 5284 bis
1949 5228 2192 5285 diabolus
2214 5235 2288 5284 est
2311 5229 2491 5301 (Joan.
2510 5244 2592 5292 vr,
2624 5225 2738 5298 71).
2772 5218 3186 5278 Formidantem
3215 5218 3448 5289 refovet,

1846 5335 1972 5376 cum
2002 5319 2164 5376 dicit:
2204 5320 2262 5375 Si
2290 5318 2550 5373 dimiserit
2572 5316 2657 5370 vir
2687 5328 2904 5371 uxorem
2934 5327 3107 5379 suam,
3138 5316 3187 5367 et
3212 5308 3452 5368 recedens

1842 5583 2287 5660 peregrinationis
2313 5597 2571 5638 (erumna.

1918 5662 1938 5695 ⁵
1967 5660 2198 5713 Turon..
2228 5653 2574 5711 consolationi

2161 5701 2171 5713 .
2185 5700 2198 5713 .
2228 5674 2284 5711 σο
2291 5669 2619 5710 nsotatwnts.
3330 5672 3339 5684 '

1918 5674 1938 5695 υ
1968 5674 2198 5726 'l'uron.,
2228 5674 2619 5711 consctatwms.
3330 5674 3339 5684 -

1918 5733 1939 5766 δ
1970 5731 2116 5786 Idem
2134 5728 2321 5786 Codex
2341 5741 2468 5781 cum
2486 5724 2654 5779 duob.
2673 5721 2871 5792 Laud.,
2893 5722 3018 5781 Val.
3040 5723 3124 5782 Cl.
3148 5730 3202 5780 et
3221 5723 3441 5790 Norm.,

1843 5808 2071 5857 metuens
2098 5802 2382 5856 relevatur.
2395 5841 2405 5852 .
2418 5839 2454 5852 ..
2475 5802 2702 5851 terretur
2711 5811 3054 5867 prtesumens.
3074 5795 3237 5852 Corb.
3252 5793 3415 5849 Germ
3426 5834 3439 5847 .

1847 5881 1902 5929 et
1930 5874 2140 5940 Germ.,
2178 5878 2405 5926 metuens
2434 5867 2793 5937 refovetur....
2842 5872 3071 5919 terretur
3097 5879 3437 5935 prmsumens.
