3946 6372
527 389 626 444 14ἒῖ

1733 378 1980 434 SANGTI
2019 376 2356 432 GBEGORII
2395 376 2620 430 MAGNI
3720 374 3801 430 Mi

519 536 583 590 ab
612 548 668 586 eo
693 527 909 584 duxerit
935 525 1113 581 virum
1140 526 1389 591 alterum,
1421 525 1659 595 nunquid
1687 529 1977 579 revertetur
2001 524 2015 557 ¹
2047 522 2118 578 ad
2150 507 2201 564 Α
2228 517 2516 592 asperitate
2549 518 2936 574 exulcerentur
2982 515 3213 585 subditi,
3255 531 3429 590 neque
3459 516 3627 572 nimia
3652 513 3805 574 beni-

519 639 630 680 ea-m
663 621 809 676 ultra.
827 619 856 674 ?
886 616 1146 690 Nunquid
1172 633 1278 672 non
1307 617 1688 683 contaminata,
1715 621 1760 671 et
1776 617 1984 687 polluta
2017 613 2121 669 erit

517 709 712 768 mulier
755 709 851 764 illa
870 711 897 764 ?
947 709 1028 764 Tu
1062 713 1238 763 autem
1265 706 1534 778 fornicata
1568 724 1618 762 es
1647 724 1762 761 cum
1789 706 2118 761 amatoribus

519 806 543 841 ²
573 803 679 858 tuis
705 800 886 856 multis
903 817 921 863 ;
954 803 1124 852 tamen
1154 803 1415 852 revertere
1459 796 1531 850 ad
1568 812 1668 859 me,
1706 795 1832 849 dicit
1861 795 2120 851 Dominus

521 891 740 964 (Jerem.
767 907 851 957 ιιι,
885 888 963 959 1).
995 885 1100 942 Sed
1130 892 1550 958 praesumentem
1581 883 1839 946 deterret.
1867 901 1993 939 cum
2025 881 2120 939 di-

518 981 622 1038 cit:
646 980 784 1049 Quid
811 979 1010 1034 clamas
1035 993 1196 1048 super
1223 975 1532 1030 contritione
1562 979 1652 1028 tua
1669 974 1697 1029 ‘P
1717 973 2033 1028 insanabilis
2049 979 2122 1027 est

517 1069 673 1125 dolor
701 1075 822 1124 tuus
857 1067 1073 1138 (Jerem.
1118 1081 1258 1133 xxx,
1291 1065 1407 1136 12).
1447 1061 1857 1119 Formidantem
1888 1061 2120 1130 refovet,

517 1158 707 1217 dicens
734 1176 746 1215 :
780 1159 927 1230 Ergo
955 1157 1139 1213 saltem
1156 1154 1344 1212 amodo
1367 1171 1495 1210 voca
1519 1171 1629 1210 me:
1651 1160 1807 1226 pater
1823 1171 1988 1220 meus,
2009 1153 2121 1207 dux

517 1253 658 1314 641
691 1254 1014 1328 virginitatis
1041 1271 1167 1309 mea:
1197 1259 1253 1308 tu
1280 1270 1331 1308 es
1363 1252 1578 1324 (Jerem.
1610 1267 1696 1319 ιιι,
1726 1251 1805 1323 4).
1839 1249 1943 1307 Sed
1973 1267 2122 1322 prte—

517 1353 825 1404 sumentem
865 1343 1122 1409 deterret,
1169 1341 1382 1410 dicens,
1413 1343 1576 1398 Pater
1607 1347 1726 1397 tuus
1752 1340 2120 1405 Amorrhaeus,

517 1443 565 1492 et
589 1441 761 1491 mater
790 1440 880 1488 tua
908 1436 930 1468 ³
967 1433 1155 1490 Chetea
1186 1432 1399 1501 (Ezeeh.
1433 1447 1554 1498 xvr,
1591 1429 1671 1502 3).
1709 1427 2120 1484 Formidantem

518 1525 748 1592 refovet,
777 1538 906 1579 cum
927 1519 1030 1577 ait:
1055 1523 1352 1586 Revertere,
1383 1518 1726 1575 adversatrix
1741 1519 1935 1583 Israel,
1957 1523 2122 1572 etnon

517 1623 754 1673 avertam
783 1613 975 1685 faciem
1001 1628 1169 1668 meam
1195 1630 1230 1668 a
1257 1611 1426 1677 vobis,
1473 1611 1600 1682 quia
1630 1616 1840 1666 sanctus
1867 1627 1953 1681 ego
1983 1625 2121 1678 sum,

517 1707 648 1762 dicit
673 1704 957 1768 Dominus,
972 1708 1020 1758 et
1037 1719 1144 1757 non
1163 1702 1376 1757 irascar
1398 1702 1456 1756 in
1469 1707 1777 1772 perpetuum
1793 1702 2015 1772 (Jerem.
2036 1718 2120 1770 ιιι,

436 1790 447 1799 ’
522 1795 636 1868 12).
695 1792 802 1850 Sed
854 1797 1278 1865 praesumentem
1322 1788 1581 1858 deterret,
1623 1805 1749 1846 cum
1799 1789 2120 1862 prophetam

2226 610 2431 682 gnitate
2459 608 2764 664 solvantur.
2786 607 2900 662 Hoc
2929 605 3195 662 nimirum
3229 604 3324 662 illa
3347 605 3677 664 tabernaculi
3698 624 3804 665 arca

2226 697 2521 771 signiﬁcat,
2538 697 2596 752 in
2627 714 2732 769 qua
2761 713 2886 752 cum
2918 694 3122 750 tabulis
3153 694 3310 767 virga
3335 693 3527 763 simul,
3547 712 3805 754 acmanna

2226 796 2307 843 est
2342 788 2526 860 (Hebr.
2551 803 2632 854 ιχ,
2662 784 2744 856 4),
2774 784 2904 857 quia
2930 800 3058 841 cum
3081 783 3376 856 Scriptum
3409 801 3572 840 sacrae
3600 785 3808 842 scientia

2228 886 2307 934 est
2336 878 2394 933 in
2419 876 2550 933 boni
2579 876 2805 931 rectoris
2827 874 3126 947 pectore,si
3147 881 3230 930 est
3259 872 3415 946 virga
3443 873 3809 945 districtionis,

2229 967 2299 1022 sit
2313 975 2366 1022 et
2386 981 2586 1022 manna
2615 963 2945 1020 dulcedinis.
2971 963 3114 1021 Hinc
3133 964 3298 1019 etiam
3325 962 3504 1020 David
3526 963 3632 1020 ait:
3670 964 3811 1035 Virga

2231 1063 2321 1112 tua
2349 1065 2395 1112 et
2423 1057 2641 1112 baculus
2672 1063 2794 1110 tuus
2823 1055 2940 1127 ipsa
2960 1072 3041 1109 me
3060 1056 3330 1110 consolata
3350 1059 3474 1108 sunt
3497 1053 3811 1125 (Psal.xxu,

2228 1145 2308 1217 4).
2341 1145 2509 1218 Virga
2535 1145 2739 1201 etenim
2760 1143 3126 1218 percutimur,
3144 1152 3196 1198 et
3217 1142 3415 1199 baculo
3442 1149 3810 1199 sustentamur.

2229 1232 2286 1291 Si
2315 1250 2442 1306 ergo
2472 1242 2552 1290 est
2581 1233 2856 1290 districtio
2886 1233 3054 1305 virgae
3085 1249 3206 1306 quae
3237 1231 3422 1300 feriat,
3465 1231 3538 1287 sit
3565 1239 3618 1287 et
3645 1248 3812 1288 conso-

2228 1322 2362 1380 latio
2390 1325 2575 1380 baculi
2596 1340 2716 1397 quze
2746 1331 3034 1379 sustentet.
3070 1321 3152 1378 Sit
3180 1321 3364 1395 itaque
3394 1337 3570 1386 amor,
3603 1320 3694 1377 sed
3719 1337 3814 1377 non

2228 1412 2544 1482 emolliens;
2573 1415 2593 1448 ⁸
2614 1414 2882 1486 sitvigor,
2913 1413 3008 1470 sed
3038 1430 3150 1469 non
3181 1429 3544 1486 exasperans;
3574 1413 3645 1469 sit
3665 1412 3814 1480 zelus,

2230 1500 2323 1555 sed
2367 1518 2477 1558 non
2526 1502 2890 1558 immoderate
2946 1503 3211 1571 saeviens;
3254 1502 3326 1558 sit
3368 1502 3564 1575 pietas,
3593 1501 3685 1558 sed
3722 1517 3814 1558 non

2230 1591 2354 1662 plus
2381 1607 2547 1664 quam
2576 1594 2835 1666 expediat
2865 1609 3112 1666 parcens.
3163 1592 3374 1649 Intueri
3407 1593 3542 1648 libet
3572 1591 3629 1648 in
3659 1591 3814 1664 Moysi

2231 1689 2449 1754 pectore
2477 1683 2911 1740 misericordiam
2943 1701 3070 1741 cum
3101 1683 3395 1740 severitate
3426 1683 3704 1738 sociatam.
3733 1681 3812 1738 Vi-

2231 1769 2457 1828 deamus
2483 1781 2757 1830 amantem
2792 1774 2900 1846 pie,
2940 1782 2993 1829 et
3022 1772 3270 1830 districte
3307 1772 3650 1829 saevientem.
3682 1771 3817 1828 Certe

519 1862 682 1942 suum
711 1883 781 1940 ab
809 1862 1203 1939 intercessione
1230 1879 1509 1953 prohibet,
1539 1879 1728 1937 dicens
1763 1897 1773 1936 :
1809 1881 1927 1936 Non
1955 1898 2120 1935 assu-

2236 1877 2354 1918 zum
2383 1862 2719 1921 Israeliticus
2747 1865 2985 1937 populus
3013 1872 3142 1921 ante
3169 1862 3270 1923 Dei
3300 1864 3495 1920 oculos
3523 1878 3660 1936 pene
3687 1862 3815 1918 inve-

518 1990 634 2029 mas
654 1989 754 2046 pro
767 1973 842 2028 eis
858 1973 1066 2028 laudem
1081 1978 1130 2027 et
1143 1971 1485 2037 orationem,‘
1497 1971 1624 2042 quia
1648 1988 1750 2025 non
1765 1971 2050 2025 e.raudiam
2074 1971 2123 2024 in

523 2070 752 2135 tempore
774 2063 1030 2119 clamoris
1059 2079 1240 2118 eorum
1267 2061 1339 2116 ad
1367 2077 1448 2115 me
1476 2062 1533 2116 in
1561 2067 1786 2132 tempore
1805 2061 2124 2133 alﬂietionis,

519 2151 648 2222 quia
677 2150 724 2206 si
752 2151 989 2206 steterint
1015 2167 1195 2206 coram
1232 2166 1312 2204 me
1339 2150 1544 2220 Moyses
1575 2155 1622 2204 et
1657 2149 1891 2212 Samuel,
1923 2165 2022 2202 non
2055 2154 2126 2201 est

520 2241 704 2296 anima
728 2257 844 2296 mea
872 2240 947 2296 ad
959 2240 1221 2312 populum
1257 2239 1416 2293 istum
1449 2239 1663 2309 (Jerem.
1696 2253 1798 2305 vn,
1832 2236 1943 2308 16).
1981 2235 2121 2310 [Rm

531 2329 710 2403 VIII.]
757 2329 957 2386 Sancta
996 2329 1181 2402 itaque
1239 2327 1482 2384 Ecclesia
1537 2326 1849 2382 auditorum
1900 2342 2122 2381 suorum

523 2426 763 2474 mentem
793 2425 849 2474 et
878 2418 945 2474 de
975 2417 1370 2474 misericordiae
1406 2416 1742 2488 benignitate
1772 2415 2042 2483 sublevat,
2074 2423 2124 2469 et

521 2508 588 2564 de
611 2507 813 2580 judicii
845 2507 1193 2564 districtione
1224 2505 1528 2580 perturbat,
1560 2514 1830 2579 quatenus
1852 2506 1908 2561 in
1932 2504 2125 2578 praedi-

520 2599 737 2654 catione
766 2614 864 2653 sua
892 2599 1024 2654 dum
1050 2599 1188 2653 bene
1211 2607 1508 2670 utrumque
1528 2597 1818 2669 permiscet
1835 2596 1992 2651 electi
2011 2594 2128 2666 ejus

520 2703 624 2743 nec
651 2685 719 2742 de
748 2685 1000 2742 exhibita
1018 2685 1238 2757 justitia
1264 2692 1623 2758 praesumant,
1643 2702 1743 2741 nec
1763 2684 1830 2741 de
1854 2685 2127 2756 praeterita

520 2775 817 2849 iniquitate
847 2776 1156 2848 desperent.

594 2865 680 2921 14.
713 2867 780 2922 Ῑη
809 2867 957 2921 bonis
978 2865 1288 2938 pastor-ibus
1314 2865 1588 2922 sociantur
1617 2865 1912 2936 benignitas
1949 2871 1998 2920 et
2031 2882 2124 2921 au-

519 2955 757 3012 ctoritas.
785 2955 1154 3010 misericordia
1197 2961 1244 3009 et
1271 2956 1574 3027 disciplina.
1605 2986 1678 2998 —
1705 2956 1810 3012 Sed
1844 2955 1948 3012 hoc
1977 2955 2125 3029 quod

517 3041 638 3099 ait:
677 3043 810 3098 Cum
851 3043 1078 3098 sederem
1129 3042 1284 3112 quasi
1324 3059 1422 3097 rea:
1465 3043 1834 3099 circumstante
1865 3044 2122 3112 exercitu,

516 3147 662 3186 eram
695 3137 866 3186 tamen
895 3131 1225 3186 viatere-utinm
1251 3132 1590 3199 consolator;
1636 3132 1921 3190 sciendum
1963 3131 2124 3188 nobis

2235 1952 2498 2009 niabilem
2553 1953 2920 2010 contraxisset
2968 1954 3256 2022 offensam,
3304 1954 3382 2010 ita
3414 1961 3478 2009 ut
3518 1951 3638 2025 ejus
3664 1958 3818 2008 rector

2236 2041 2450 2098 audiret
2499 2061 2510 2098 :
2564 2043 2842 2113 Descende,
2887 2045 3122 2116 peccavit
3171 2045 3404 2117 populus
3461 2050 3582 2098 tuus
3638 2041 3816 2114 (Exod.

2237 2146 2420 2200 χχχιι,
2453 2131 2508 2204 7)
2535 2150 2548 2200 ;
2595 2150 2658 2189 ac
2695 2133 2740 2188 si
2769 2131 2820 2188 ei
2852 2132 3043 2188 divina
3073 2149 3205 2188 mox
3235 2132 3443 2188 diceret
3477 2150 3489 2188 :
3523 2131 3630 2200 Qui
3658 2130 3714 2186 in
3740 2127 3815 2184 tali

2236 2229 2458 2292 peccato
2487 2220 2672 2293 lapsus
2701 2230 2806 2291 est,
2828 2221 2943 2294 jam
2972 2239 3126 2278 meus
3156 2239 3267 2279 non
3297 2231 3400 2291 est,
3425 2229 3593 2296 atque
3621 2219 3816 2292 subjun-

2237 2318 2384 2380 geret
2417 2328 2428 2367 :
2465 2311 2681 2366 Dimitte
2726 2330 2826 2378 me,
2869 2319 2930 2368 ut
2972 2313 3241 2369 irascatur
3279 2312 3444 2383 furor
3484 2329 3630 2368 meus
3659 2316 3816 2365 contra

2236 2417 2341 2465 eos,
2376 2406 2423 2454 et
2451 2401 2651 2456 deleam
2692 2420 2796 2468 eos,
2837 2401 3136 2474 faciamque
3168 2409 3212 2458 te
3250 2402 3303 2457 in
3332 2409 3535 2474 gentem
3563 2417 3820 2474 magnam;

2238 2498 2330 2552 ille
2373 2499 2539 2554 semel
2592 2507 2646 2555 et
2688 2499 2887 2556 iterum
2932 2517 3032 2574 pro
3072 2500 3278 2573 populo
3315 2499 3408 2557 cui
3439 2507 3672 2573 praeerat
3699 2491 3820 2552 642

2236 2588 2448 2644 obicem
2479 2606 2534 2645 se
2563 2589 2631 2646 ad
2658 2589 2925 2662 impetum
2951 2590 3049 2646 Dei
3071 2591 3360 2648 irascentis
3381 2607 3693 2664 opponens,
3717 2588 3784 2644 ait
3807 2602 3818 2643 :

2235 2681 2346 2734 Aut
2373 2679 2574 2735 dimitte
2601 2680 2674 2735 eis
2704 2681 2838 2736 hanc
2857 2697 3088 2748 noxam;
3107 2686 3204 2734 aut
3229 2681 3277 2736 si
3305 2697 3412 2735 non
3444 2680 3612 2751 facis,
3642 2680 3744 2735 dele
3759 2693 3821 2730 me

2235 2767 2297 2822 de
2327 2769 2460 2824 libro
2491 2776 2578 2824 tuo
2603 2786 2755 2840 quem
2781 2769 3042 2840 scripsisti
3060 2768 3248 2840 (Ibid,
3270 2785 3463 2838 χχχιι,
3497 2769 3618 2842 32).
3650 2769 3818 2826 Penee-

2235 2875 2358 2914 mus
2387 2875 2514 2931 ergo
2544 2859 2746 2931 quibus
2773 2857 3079 2915 visceribus
3107 2858 3364 2914 eumdem
3398 2859 3670 2931 populum
3697 2871 3819 2913 ama-

2233 2947 2336 3016 vit,
2369 2965 2466 3021 pro
2495 2949 2656 3021 cujus
2687 2948 2799 3004 vita
2829 2948 2897 3004 de
2927 2947 3070 3004 libro
3094 2947 3222 3002 vitae
3251 2946 3425 3003 deleri
3457 2963 3515 3005 se
3545 2947 3720 3022 petiit.
3739 2943 3821 3002 Sed

2233 3045 2416 3094 tamen
2449 3041 2574 3108 iste,
2606 3039 2700 3112 qui
2731 3047 2884 3095 tanto
2915 3039 3033 3110 ejus
3062 3039 3252 3111 populi
3278 3055 3473 3096 amore
3503 3037 3824 3112 constringi-

2235 3133 2344 3196 tur,
2375 3135 2569 3184 contra
2597 3127 2714 3198 ejus
2747 3129 2936 3200 culpas
2961 3144 3254 3200 pensemus
3284 3137 3498 3202 quanto
3526 3131 3645 3188 zelo
3671 3126 3824 3186 recti-

517 3229 600 3276 est
628 3220 778 3293 quod
806 3220 966 3275 valde
991 3221 1253 3277 lectorem
1283 3222 1551 3280 aediﬁcare
1571 3223 1737 3280 etiam
1761 3223 1926 3296 juxta
1952 3223 2122 3279 histo-
2155 3234 2199 3294 ο
2237 3217 2449 3274 tudinis
2477 3217 2826 3275 accendatur.
2863 3219 2992 3276 Mox
3023 3219 3170 3275 enim
3202 3221 3223 3256 9
3255 3227 3316 3276 ut
3343 3221 3620 3294 petitione
3649 3220 3824 3294 prima,

519 3308 659 3364 riam
689 3317 890 3381 potest,
922 3309 968 3365 si
998 3310 1296 3382 perpendat
1325 3313 1601 3386 quomodo
1628 3313 1790 3369 bonis
1819 3312 2125 3368 rectoribus

519 3395 783 3468 permista
820 3397 892 3453 sit
920 3405 974 3454 et
1002 3399 1222 3471 regendi
1253 3403 1571 3472 auctoritas,
1592 3409 1648 3458 et
1665 3401 1978 3474 benignitas
1997 3418 2124 3457 con-

519 3485 756 3542 solandi.
776 3486 871 3542 Ait
891 3486 1038 3544 enim
1058 3505 1074 3547 ;
1101 3491 1333 3562 Cumque
1361 3493 1589 3547 sederem
1607 3492 1764 3563 quasi
1783 3509 1880 3546 rea:
1899 3491 2122 3546 circnm-

519 3581 688 3632 stante
715 3577 971 3644 exercitu,
1001 3595 1126 3637 ecce
1154 3581 1454 3637 auctoritas
1483 3581 1770 3654 regiminis
1796 3597 1808 3636 :
1843 3581 2015 3637 Eram
2047 3586 2120 3636 ta-

517 3685 634 3724 men
658 3668 985 3724 mwrentium
1017 3671 1357 3735 consolator;
1387 3672 1408 3705 ⁸⁵
1439 3686 1562 3726 ecce
1594 3668 1966 3725 ministerium
1997 3669 2123 3742 pie-

517 3757 664 3813 tatis.
701 3757 838 3831 [νει.
881 3757 998 3832 VL]
1031 3759 1334 3831 Disciplina
1363 3759 1512 3814 enim
1546 3759 1709 3828 (Dist.
1742 3757 1832 3823 45,
1863 3776 1978 3830 cap.
2010 3759 2122 3814 Di-

517 3846 768 3920 sciplina)
790 3848 876 3902 vel
908 3847 1287 3904 misericordia
1315 3848 1550 3903 multum
1583 3846 1924 3915 destituitur,
1946 3847 1992 3903 si
2014 3864 2123 3904 una

515 3936 632 3993 sine
662 3938 833 3993 altera
863 3945 1134 3994 teneatur.
1184 3937 1288 3993 Sed
1331 3937 1477 3994 circa
1505 3935 1758 3993 subditos
1790 3955 1917 3992 suos
1945 3937 2122 3994 inesse

514 4027 820 4083 rectoribus
862 4027 1069 4083 debet6
1112 4035 1169 4083 et
1205 4025 1353 4098 juste
1401 4027 1692 4084 consolans
1720 4027 2120 4096 misericordia,

515 4125 571 4172 et
611 4117 698 4188 pie
743 4117 978 4172 saeviens
1019 4118 1338 4190 disciplina.
1381 4118 1524 4176 Hinc
1565 4125 1647 4174 est
1677 4117 1824 4192 quod
1863 4115 2122 4174 semivivi

515 4204 670 4261 illius
704 4205 1054 4273 vulneribus,
1079 4208 1178 4279 qui
1207 4224 1239 4262 a
1267 4208 1612 4264 Samaritana
1641 4207 1699 4262 in
1724 4207 2004 4264 stabulum
2025 4204 2122 4260 du-

515 4302 640 4349 ctus
666 4301 770 4361 est,
801 4301 855 4347 et
897 4292 1092 4348 vinum
1133 4292 1428 4349 adhibetur
1456 4303 1509 4350 et
1538 4297 1722 4350 oleum
1756 4297 1907 4365 (Luc.
1940 4311 2000 4362 χ,
2032 4293 2122 4362 33,

517 4381 635 4454 34),
664 4389 728 4437 ut
756 4397 854 4454 per
883 4380 1078 4436 vinum
1114 4380 1471 4438 mordeantur
1517 4383 1768 4450 vulnera,
1813 4383 2123 4454 peroleum

517 4473 832 4539 foveantur,
863 4477 1133 4542 quatenus
1162 4469 1542 4544 unusquisque
1581 4470 1676 4544 qui
1703 4471 1960 4528 sanandis
1990 4473 2125 4528 vul—

2235 3323 2304 3364 ne
2332 3307 2668 3377 delerentur,
2719 3308 2894 3381 culpae
2938 3307 3158 3364 veniam
3188 3309 3461 3381 obtinuit,
3495 3312 3566 3368 ad
3590 3308 3823 3368 eumdem

2232 3397 2500 3470 populum
2531 3397 2780 3466 veniens,
2801 3397 2879 3454 ait
2905 3416 2916 3454 :
2941 3399 3115 3455 Ponat
3135 3399 3221 3453 vir
3234 3400 3481 3470 gladium
3508 3403 3556 3438 ¹⁰
3581 3416 3733 3457 suum
3754 3413 3826 3454 su-

2227 3503 2328 3560 per
2354 3485 2530 3556 femur
2558 3503 2730 3543 suum.
2764 3488 2842 3543 Ite
2869 3491 2917 3541 et
2944 3487 3109 3542 redite
3136 3487 3198 3542 de
3219 3493 3388 3559 porta
3418 3505 3586 3562 usque
3610 3489 3683 3546 ad
3703 3503 3826 3562 por-

2235 3580 2340 3632 tam
2367 3593 2468 3649 per
2498 3576 2726 3632 medium
2773 3583 3094 3642 castrorum,
3137 3583 3185 3632 et
3231 3578 3441 3636 occidat
3487 3579 3829 3652 unusquisque

2230 3664 2480 3736 fratrem,
2494 3672 2540 3721 et
2569 3667 2818 3732 amicum,
2837 3673 2888 3728 et
2897 3666 3209 3737 proximum
3229 3684 3409 3726 suum.
3437 3669 3829 3740 Cecideruntque

2230 3756 2288 3811 in
2328 3757 2412 3812 die
2447 3757 2544 3812 illo
2582 3757 2737 3828 quasi
2776 3756 2964 3827 viginti
3007 3756 3112 3811 tria
3143 3757 3319 3812 millia
3346 3758 3629 3816 hominum
3661 3759 3827 3832 (Πιίάη

2231 3862 2415 3914 χχχιι,
2447 3845 2564 3917 27).
2596 3847 2739 3902 Ecce
2774 3845 2868 3919 qui
2900 3845 3072 3901 vitam
3102 3846 3354 3902 omnium
3393 3850 3565 3906 etiam
3597 3867 3720 3907 cum
3747 3863 3828 3904 sua

2233 3943 2410 3990 morte
2441 3934 2620 4006 petiit,
2639 3952 2939 4007 paucorum
2962 3937 3135 3992 vitam
3159 3937 3340 4008 gladio
3367 3941 3672 3998 exstinxit.
3695 3942 3830 3997 Intus

2232 4024 2368 4081 arsit
2397 4023 2521 4096 igne
2549 4025 2775 4093 amoris,
2806 4025 2944 4084 foris
2971 4042 3233 4084 accensus
3252 4036 3332 4084 est
3360 4032 3486 4088 zelo
3517 4029 3824 4088 severitatis.

2233 4113 2405 4169 Tanta
2434 4113 2541 4170 fuit
2571 4113 2764 4188 pietas,
2789 4122 2850 4171 ut
2874 4131 2930 4172 se
2954 4132 3054 4188 pro
3077 4116 3190 4174 illis
3206 4134 3393 4175 coram
3415 4121 3662 4202 Domino
3683 4116 3828 4176 morti

2234 4203 2428 4258 offerre
2475 4219 2587 4260 non
2635 4203 2944 4272 dubitaret;
2990 4213 3141 4261 tanta
3170 4207 3461 4279 severitas,
3493 4218 3558 4266 ut
3586 4227 3679 4268 eos
3709 4222 3826 4282 quos

2233 4291 2506 4348 divinitus
2536 4292 2690 4350 feriri
2720 4294 3000 4363 timuerat,
3041 4295 3156 4366 ipse
3179 4295 3380 4369 judicii
3415 4300 3606 4372 gladio
3634 4299 3824 4358 feriret.

2233 4380 2325 4438 Sic
2351 4381 2559 4438 amavit
2586 4398 2678 4439 eos
2706 4384 2909 4457 quibus
2937 4384 3177 4457 praefuit,
3224 4393 3285 4442 ut
3330 4403 3435 4460 pro
3482 4391 3564 4448 eis
3599 4407 3700 4448 nec
3733 4385 3825 4445 sibi

2234 4479 2505 4544 parceret;
2547 4479 2602 4528 et
2641 4480 2825 4530 tamen
2863 4473 3247 4548 delinquentes
3271 4477 3352 4534 sic
3380 4489 3710 4552 persecutus
3736 4484 3822 4545 est,

518 4557 743 4614 neribus
779 4565 998 4630 praeest,
1029 4557 1088 4614 in
1117 4557 1250 4614 vino
1279 4574 1523 4616 morsum
1552 4559 1916 4618 districtionis
1945 4561 2117 4618 adhi-
2148 4603 2198 4662 D
2233 4578 2371 4635 quos
2397 4562 2623 4632 amavit,
2647 4571 2708 4620 ut
2734 4580 2826 4620 eos
2854 4565 3018 4620 etiam
3048 4565 3287 4623 Domino
3312 4580 3578 4639 parcente
3609 4577 3823 4645 proster-

515 4645 663 4714 beat,
685 4646 745 4702 in
773 4648 894 4703 oleo
917 4647 1206 4703 mollitiem
1229 4647 1478 4720 pietatis;
1510 4665 1606 4722 per
1634 4649 1827 4707 vinum
1849 4651 2114 4708 manden-

516 4743 608 4792 tur
623 4735 864 4809 putrida,
888 4753 984 4808 per
1000 4737 1184 4793 oleum
1205 4739 1448 4795 sananda
1476 4739 1769 4796 foveantur
1784 4741 1827 4796 ⁷.
1846 4739 2126 4798 Miscenda

515 4831 600 4882 est
625 4840 752 4898 ergo
778 4823 978 4881 lenitas
1005 4841 1132 4882 cum
1155 4824 1467 4896 severitate,
1485 4826 1909 4904 faciendumque
1951 4829 2122 4905 quod-

513 4913 641 4972 dam
685 4930 754 4970 ex
796 4921 1029 4988 utraque
1075 4921 1594 4990 temperamentum,
1639 4925 1702 4975 ut
1742 4935 1918 4992 neque
1949 4920 2124 4977 multa

588 5079 604 5114 ¹
637 5077 801 5136 Corb.
850 5077 1063 5148 Germ.,
1096 5081 1312 5148 Norm.,
1344 5081 1646 5149 Bellovac.,
1677 5081 1874 5150 Laud.,
1906 5081 1983 5137 ita
2012 5082 2122 5138 ha-

512 5147 644 5204 bent
669 5168 794 5207 cum
827 5158 939 5206 vet.
971 5147 1078 5208 Ed.
1111 5147 1375 5209 Gilot.ln
1400 5153 1578 5211 Vatia.
1599 5147 1652 5210 et
1680 5147 1955 5210 Gussanv.
1989 5155 2119 5226 legi-

514 5225 608 5274 tur
634 5222 704 5274 ad
732 5240 868 5277 eum.

549 5290 800 5414 ‘i’isDeest
829 5293 930 5348 tuis
961 5295 1018 5350 in
1053 5297 1078 5351 1
1111 5294 1310 5365 Laud.,
1354 5295 1518 5354 Corb.
1565 5301 1776 5369 Germ.,
1821 5301 2012 5356 Norm.
2055 5315 2116 5355 ac

517 5377 660 5416 ams.

589 5433 609 5514 ῗ
640 5430 852 5514 βριζῐῃιρ
883 5435 1046 5514 Utica
1081 5439 1386 5514 Becccnsis,
1429 5441 1590 5498 Corb.
1639 5445 1847 5510 Germ.,
1887 5445 2112 5500 Cetlura.

528 5574 535 5581 Ι
590 5505 619 5581 "'A
641 5505 702 5558 In
736 5504 1004 5581 Vulgatis,
1036 5511 1281 5581 quianon
1315 5515 1597 5567 ernmliam
1625 5504 1902 5570 clamorem
1935 5532 2116 5570 eorum

521 5575 569 5625 in
605 5579 847 5699 tengtore.
884 5575 1210 5634 Inluesimus
1255 5585 1383 5636 Mss.
1423 5585 1653 5652 Turou.,
1688 5586 1947 5651 \‘indocq
1982 5586 2115 5640 Bel-

523 5645 655 5699 l0\'..
729 5644 855 5699 1101).
891 5647 1088 5699 Laud.
1121 5652 1377 5699 mnnilmg
1407 5656 1570 5699 Nm‘m
1611 5658 1800 5699 ,Gm'm
1857 5664 1910 5699 nt.
1948 5655 2091 5699 Cnrh

518 5645 655 5770 tua,
687 5644 855 5700 duob.
891 5647 1088 5716 Laud.,
1121 5652 1377 5708 omnibus
1404 5656 1619 5723 Nomm,
1639 5644 1823 5711 Genu.
1857 5664 1910 5711 et
1934 5644 2111 5712 'Corb.

566 5731 702 5772 erm.

589 5789 609 5819 δ’
641 5788 824 5843 Germ.
859 5799 906 5846 et
943 5792 1172 5861 Tur0n.,
1201 5812 1306 5848 cere
1336 5797 1659 5866 mysterium.
1701 5797 1924 5856 2Laud.
1949 5797 2114 5855 habet

2230 4661 2404 4710 neret.
2439 4653 2740 4726 Utrobique
2787 4653 2992 4726 legatus
3021 4654 3202 4726 fortis,
3231 4658 3539 4734 utrobique
3572 4660 3824 4719 mediator

2231 4742 2596 4811 admirabilis,
2639 4760 2859 4800 causam
2898 4745 3088 4818 populi
3139 4746 3287 4819 apud
3329 4751 3512 4808 Deum
3563 4751 3820 4825 precibus,

2231 4849 2453 4891 causam
2495 4832 2593 4888 Dei
2631 4833 2777 4904 apud
2814 4835 3079 4908 populum
3119 4835 3317 4908 gladiis
3353 4839 3645 4914 allegavit.
3686 4841 3824 4898 Intus

2230 4921 2651 4991 amans,divinae
2667 4923 2760 4980 irae
2776 4925 3136 4998 supplicando
3157 4927 3393 4998 obstitit;
3423 4931 3570 4990 foris
3584 4931 3821 4992 saeviens,

2229 5096 2519 5162 utramque
2548 5087 2861 5162 lectionem.

2256 5231 2275 5247 ν
2300 5163 2322 5195 ⁶
2352 5160 2674 5247 Ιιᾘόιιῲιιβ
2714 5163 2925 5247 Germ.,
2960 5166 2994 5223 2
3035 5163 3234 5239 Laud.,
3285 5164 3559 5242 Vindoc.,
3599 5167 3820 5235 Turon.,

2227 5233 2441 5300 Norm.,
2473 5240 2519 5287 et
2541 5233 2684 5300 juste
2709 5237 2999 5292 consulens.

2301 5306 2319 5381 ξ
2351 5303 2557 5381 Eadem
2584 5306 2695 5381 fere
2723 5308 2915 5364 scribit
2945 5309 3108 5381 epist.
3138 5312 3227 5380 25,
3257 5313 3356 5370 lib.
3388 5327 3434 5370 ῐ.

2301 5376 2322 5409 ⁸
2352 5375 2466 5443 Α1.,
2596 5378 2760 5462 r‘igor.
2811 5381 2872 5462 in
2901 5375 3110 5462 Germ.,
3141 5375 3378 5462 Be'llov_.,
3412 5384 3587 5443 Corb.
3621 5386 3819 5448 Germ.,

2227 5445 2456 5526 Turon,
2490 5445 2747 5526 Vindo_c.,
2779 5458 2909 5526 etc.,
2942 5445 3160 5526 legitur,
3191 5456 3262 5510 sit
3287 5445 3460 5526 vigor.

2285 5520 2319 5598 ff
2349 5520 2530 5584 Deest,
2563 5526 2638 5586 ut,
2666 5514 2742 5598 in
2769 5514 3056 5590 Germ.,?
3099 5514 3298 5596 Laud.,
3341 5514 3517 5585 ἵζοι-1).
3561 5530 3746 5587 Germ.
3777 5532 3821 5580 et

2226 5589 2350 5643 aliis
2379 5605 2489 5643 non
2523 5593 2726 5659 paucis.

2299 5662 2345 5693 “‘
2376 5661 2556 5729 Deest,
2585 5679 2760 5730 suum,
2791 5664 2847 5721 in
2874 5663 3083 5736 Germ.,
3117 5667 3280 5728 Corb.
3314 5672 3508 5730 Germ.
3544 5681 3600 5730 et
3630 5670 3824 5746 pleris—

2225 5747 2350 5803 que.
