3946 6394
205 361 300 418 1ιό
1003 358 1378 418 MORALIUM
1419 363 1552 420 LIB.
1595 364 1724 421 XX.
1764 394 1786 406 -

1903 367 1946 424 N
1982 367 2210 426 CAPUT
2249 369 2412 427 ΧΧΧ
2453 373 2515 428 Β.
2557 373 2704 431 JOB.

3397 381 3501 438 146

201 494 399 566 culpam
439 489 688 548 feriendo
715 491 1076 565 consumpsit.
1107 491 1391 550 Succurrit
1419 493 1586 551 citius
1613 494 1790 552 omni-
1819 496 1871 556 A
1904 497 2136 570 gentiles
2184 497 2456 554 Dominus
2499 499 2664 555 etiam
2707 501 3090 573 praedicatores
3139 507 3290 563 facit.
3343 507 3501 565 Unde

201 585 314 652 bus,
339 588 552 638 ostensa
587 588 763 658 morte
791 598 1112 655 paucorum.
1161 583 1234 638 Et
1273 582 1482 640 idcirco
1515 585 1782 658 omnipo-

201 681 310 732 tens
351 672 494 728 Deus
530 669 748 728 ﬁdelem
779 671 1049 728 famulum
1094 689 1257 729 suum
1303 673 1470 730 citius
1495 675 1782 731 exaudivit

200 768 428 836 agentem
457 776 558 833 pro
585 761 812 833 populo,
835 762 968 836 quia
987 763 1130 819 vidit
1159 762 1294 837 quid
1323 781 1486 837 super
1514 767 1780 839 populum

199 860 404 912 acturus
439 857 579 908 esset
607 850 724 923 ipse
753 867 852 924 pro
880 853 1012 908 Deo.
1047 853 1109 909 In
1139 852 1406 926 regimine
1435 871 1562 928 ergo
1591 855 1780 928 populi

198 955 477 1019 utrumque
504 945 722 1017 Moyses
749 942 996 1012 miscuit,
1031 949 1094 998 ut
1126 959 1228 1002 nec
1250 943 1545 1018 disciplina
1571 945 1782 1004 deesset

197 1033 592 1102 misericordiae,
651 1049 753 1090 nec
811 1032 1192 1090 misericordia
1238 1033 1566 1108 disciplinae.
1628 1036 1782 1094 Unde

194 1128 280 1185 hic
306 1142 520 1201 quoque
543 1123 708 1198 juxta
740 1131 1032 1197 utramque
1062 1123 1326 1180 virtutem
1355 1124 1598 1183 dicitur:
1627 1127 1782 1184 Cum-

193 1239 285 1294 que
307 1221 531 1277 sederem
559 1217 717 1290 quasi
738 1235 838 1274 rea:
866 1217 1233 1274 circumstante
1256 1218 1512 1288 exercitu,
1533 1235 1680 1274 eram
1707 1225 1782 1276 ta-

194 1329 300 1369 men
325 1309 655 1367 mai-entiam
685 1309 1004 1364 consolator.
1050 1306 1248 1364 Sedere
1291 1307 1494 1380 quippe
1531 1309 1783 1366 circum—

190 1408 356 1458 stante
391 1399 663 1468 exercitu,
694 1400 854 1470 vigor
899 1404 981 1454 est
1027 1413 1091 1453 ac
1129 1395 1424 1470 disciplina
1461 1398 1778 1470 regiminis;

191 1489 531 1548 manentium
565 1505 698 1546 vero
725 1487 892 1546 corda
920 1485 1214 1555 consolari,
1245 1485 1614 1544 ministerium
1654 1489 1782 1561 pie-

192 1580 330 1637 tatis.
361 1579 464 1638 Sed
492 1579 626 1652 quia
655 1577 802 1634 inter
825 1577 944 1634 haec
967 1591 1188 1632 necesse
1212 1584 1294 1633 est
1321 1583 1383 1632 ut
1419 1577 1784 1649 expositionis

192 1688 362 1730 sermo
402 1669 468 1726 ad
515 1667 822 1742 spiritalem
861 1665 1285 1738 intelligentiam
1329 1675 1598 1736 recurrat,
1644 1684 1782 1724 san-

191 1767 276 1818 cta
324 1757 589 1827 Ecclesia,
647 1757 718 1814 ab
773 1755 1105 1813 adversariis
1155 1755 1270 1812 suis
1315 1756 1579 1813 extremis
1634 1764 1784 1813 tem-

193 1849 407 1924 poribus
441 1863 654 1922 pressa,
701 1845 1082 1904 reminiscitur
1106 1845 1368 1902 transacti
1393 1843 1522 1918 jura
1546 1845 1782 1918 regimi-
1817 1885 1864 1944 Β

193 1940 306 2008 nis;
368 1937 752 1995 reminiscitur
807 1943 863 1993 et
918 1943 1124 2010 quanta
1185 1935 1406 1992 aﬂlictis
1469 1935 1788 1994 exhibuerit

191 2029 446 2087 beneﬁcia
484 2027 728 2102 pietatis.
769 2025 940 2098 Cujus
976 2025 1238 2082 videlicet
1265 2025 1559 2099 disciplina
1587 2036 1642 2084 et
1670 2029 1787 2085 mi-

191 2117 474 2178 sericordia
507 2126 644 2176 tunc
677 2134 708 2174 a
737 2115 956 2174 levibus
992 2115 1274 2174 irridetur.
1308 2116 1463 2174 Unde
1490 2124 1545 2174 et
1583 2118 1788 2176 subdi-

192 2217 276 2268 tur
303 2227 316 2266 :

457 2351 694 2410 CAPUT
737 2351 813 2411 VI
851 2349 992 2425 [Vet.
1044 2351 1167 2417 VII,
1203 2351 1324 2409 Hec.
1357 2351 1489 2428 IX].

253 2455 377 2514 CAP.
417 2473 566 2526 xxx,
597 2455 770 2513 Vsus.
806 2457 1086 2513 L—Nunc
1114 2463 1290 2513 autem
1317 2459 1558 2516 derident
1583 2477 1664 2516 me
1680 2460 1790 2531 jn-

189 2545 353 2603 niores
383 2553 633 2620 tempore.

254 2655 336 2712 15.
401 2655 592 2713 Omnes
647 2650 880 2710 hwretici
931 2653 1173 2709 Ecclesia
1227 2659 1352 2709 sunt
1405 2654 1669 2724 juniores.
1718 2685 1790 2698 -—

189 2742 382 2800 Omnes
409 2741 664 2800 haeretici
717 2742 865 2798 aetati
905 2741 1235 2798 universalis
1272 2743 1535 2799 Ecclesiae
1567 2745 1582 2778 ¹
1628 2760 1792 2800 com-

188 2832 372 2905 parati,
419 2831 677 2904 juniores
729 2836 975 2900 tempore
1027 2845 1267 2901 congrue
1316 2838 1584 2886 vocantur
1608 2873 1622 2898 ,
1663 2831 1790 2903 quia

187 2920 282 2993 ipsi
321 2921 394 2978 ab
444 2935 531 2986 ea,
579 2932 694 2974 non
741 2923 928 2972 autem
977 2915 1096 2988 ipsa
1143 2933 1357 2988 egressa
1397 2925 1480 2972 est
1533 2918 1601 2973 ab
1653 2919 1787 2974 illis.

187 3011 331 3069 Unde
377 3015 531 3066 recte
575 3023 792 3080 quoque
821 3021 920 3078 per
960 3006 1226 3062 Joannem
1259 3005 1506 3062 dicitur:
1545 3008 1592 3062 A
1643 3007 1792 3062 nobis

185 3099 444 3164 exierunt,
494 3096 584 3152 sed
629 3112 737 3151 non
781 3100 938 3150 erant
975 3111 1040 3150 ex
1080 3093 1230 3149 nobis
1257 3111 1277 3159 ;
1304 3110 1430 3149 riam
1475 3095 1522 3150 si
1565 3095 1790 3166 fuissent

185 3205 245 3244 ea:
295 3187 468 3252 nobis,
495 3183 910 3258 pennansissent
959 3183 1138 3254 utique
1193 3182 1460 3237 nobiscum
1516 3184 1574 3257 (Ι
1623 3185 1782 3240 Joan.

187 3293 246 3342 ιι,
307 3275 422 3348 19).
450 3247 736 3332 ⁷,ἶιιῐιὶοιηεξιο
797 3288 926 3344 ergo
980 3247 1226 3345 tempore
1286 3247 1536 3328 sanctam
1585 3274 1788 3330 Eccle-
1823 3247 1866 3306 ί]

188 3363 318 3421 siam
359 3361 617 3432 irrident,
663 3379 791 3420 cum
837 3361 897 3418 hi
941 3361 1036 3436 qui
1071 3361 1140 3418 ab
1187 3379 1248 3418 ea
1279 3362 1479 3433 egressi
1521 3370 1650 3418 sunt
1678 3361 1788 3419 do-

186 3452 370 3510 ctrinae
399 3451 520 3525 ejus
545 3451 714 3508 verba
739 3450 1076 3525 despiciunt,
1106 3451 1175 3508 de
1205 3451 1408 3525 quibus
1436 3451 1619 3510 adhuc
1647 3451 1789 3508 sub-

187 3542 332 3600 ditur
364 3562 376 3600 :
745 3542 751 3548 ’

251 3669 390 3726 Iern.
421 3697 495 3710 —
525 3669 765 3736 Quorum
799 3683 907 3722 non
947 3666 1213 3739 dignabar
1243 3673 1426 3738 patres
1448 3683 1646 3739 ponere
1671 3683 1792 3722 cum

187 3759 399 3816 canibus
420 3759 595 3832 gregis
620 3757 742 3814 mei.

253 3885 276 3922 ³
312 3884 456 3955 Quis
500 3890 584 3940 est
627 3897 761 3956 grex
803 3889 1004 3938 sanctae
1035 3879 1320 3950 Ecclesiae,
1349 3879 1459 3938 nisi
1489 3879 1790 3938 multitudo

188 3974 437 4032 ﬁdelium
453 3971 482 4029 ?
503 3973 525 4007 ³
547 3971 651 4029 Vel
677 3971 771 4045 qui
792 3969 889 4027 alii
911 3969 1080 4044 hujus
1107 3970 1284 4044 gregis
1307 3985 1469 4028 canes
1497 3978 1788 4040 vocantur,

189 4069 328 4128 643
377 4059 488 4118 nisi
533 4060 784 4118 doctores
823 4061 1024 4129 sancti,
1064 4060 1161 4134 qui
1191 4059 1510 4117 eorumdem
1537 4058 1787 4115 ﬁdelium

191 4161 441 4222 custodes
459 4159 793 4218 exstiterunt
809 4159 837 4217 7
857 4159 964 4229 Qui
984 4160 1118 4217 dum
1139 4177 1239 4234 pro
1258 4159 1498 4217 Domino
1520 4176 1620 4216 suo
1639 4159 1788 4216 diur-

193 4251 274 4310 nis
298 4251 702 4324 nocturnisque
733 4249 942 4323 vigiliis
988 4250 1189 4306 intenti
1231 4251 1632 4320 clamaverunt,
1661 4265 1790 4306 ma-

195 4359 341 4416 gnos,
357 4350 422 4400 ut
441 4341 521 4398 ita
535 4339 800 4408 dixerim,
815 4339 1047 4396 latratus
1065 4339 1476 4412 praedicationis
1495 4339 1785 4398 dederunt.

193 4432 266 4489 De
293 4431 497 4508 quibus
523 4429 707 4488 eidem
737 4429 997 4488 Ecclesiae
1028 4445 1125 4504 per
1158 4429 1506 4488 Psalmistam
1533 4429 1740 4486 dicitur
1772 4447 1784 4485 :

198 4522 394 4596 Lingua
437 4539 628 4579 canum
676 4526 888 4576 tuorum
927 4537 994 4576 ea:
1035 4519 1266 4577 inimicis
1295 4523 1318 4556 ⁴
1359 4521 1425 4577 ab
1465 4521 1576 4593 ipso
1611 4521 1784 4593 (Psat.

1891 587 2206 643 Iudaeorum
2257 586 2508 656 tarditas,
2562 589 2657 661 qui
2701 606 2798 661 pro
2845 592 2959 647 Deo
2987 593 3140 666 loqui
3171 597 3496 666 noluerunt,

1891 676 2208 750 increpante
2247 677 2533 750 propheta,
2573 679 3019 751 reprehenditur,
3047 683 3143 754 qui
3172 685 3289 742 ait:
3329 687 3499 744 Canes

1890 767 2047 835 muti,
2081 784 2185 821 non
2216 769 2442 822 valentes
2471 769 2676 824 latrare
2701 769 2868 840 (Isai.
2901 787 3016 839 Lvr,
3058 771 3171 842 10).

1967 855 2054 912 16.
2085 857 2292 912 Eorum
2319 857 2494 925 duces,
2527 858 2685 913 etiam
2714 858 2772 913 in
2813 860 2895 914 his
2936 878 3054 931 qua:
3083 861 3203 915 bene
3237 868 3382 932 gesta
3409 863 3500 917 vi-

1894 943 2107 1012 dentur,
2146 945 2435 1015 reprobati.
2457 976 2529 987 —
2556 947 2743 1002 Patres
2772 963 2903 1003 vero
2933 947 3319 1004 haereticorum
3351 949 3502 1006 dici—

1895 1049 2039 1100 mus,
2082 1049 2175 1088 eos
2217 1033 2474 1092 videlicet
2511 1051 2649 1108 quos
2679 1035 3078 1094 haeresiarchas
3105 1053 3400 1106 vocamus;
3433 1039 3502 1097 de

1895 1139 2129 1197 quorum
2158 1141 2414 1196 perversa
2443 1127 2857 1199 praedicatione,
2893 1128 2950 1185 id
2978 1137 3061 1186 est
3091 1129 3392 1186 locutionis
3421 1147 3502 1187 se-

1895 1213 2066 1283 mine,
2095 1223 2384 1287 sequentes
2408 1223 2538 1272 sunt
2562 1217 2754 1289 populi
2787 1218 2846 1274 in
2873 1234 3059 1275 errore
3081 1221 3347 1291 generati.
3371 1221 3522 1298 San-_

1893 1311 1983 1360 cta
2000 1319 2130 1375 ergo
2148 1305 2396 1362 Ecclesia
2415 1322 2538 1362 cum
2559 1307 2789 1364 canibus
2809 1307 2986 1380 gregis
3007 1309 3093 1364 sui
3115 1308 3502 1367 haereticorum

1895 1400 2075 1466 patres
2104 1409 2304 1464 ponere
2333 1393 2684 1468 dedignatur,
2701 1399 2723 1432 ⁵
2746 1397 2878 1470 quia
2906 1398 3224 1454 inventores
3251 1415 3503 1456 errorum

1893 1482 2254 1555 dijudicando
2299 1484 2529 1556 respuit,
2575 1500 2775 1558 eosque
2818 1487 2964 1542 inter
2989 1502 3148 1543 veros
3175 1495 3357 1560 patres
3385 1504 3504 1544 nu-

1895 1588 2102 1629 merare
2153 1573 2481 1628 contemnit.
2517 1572 2658 1640 Quia
2691 1575 2795 1630 etsi
2843 1574 3108 1648 quosdam
3150 1577 3256 1633 visi
3298 1585 3431 1634 sunt
3471 1593 3504 1633 a

1895 1662 2219 1734 gentilitatis
2259 1679 2442 1718 errore
2483 1679 2792 1732 revocasse,
2821 1665 3189 1736 quorumdam
3226 1683 3407 1722 mores
3435 1665 3506 1722 ad

1893 1751 2124 1808 honesta
2165 1749 2374 1824 agenda
2420 1752 2695 1820 docuisse,
2743 1770 2843 1824 pro
2885 1770 2949 1808 eo
2980 1763 3166 1810 tamen
3195 1757 3216 1790 ⁶
3259 1757 3409 1827 quod
3437 1756 3506 1812 de

1893 1843 2007 1897 Deo
2037 1848 2180 1897 recta
2212 1856 2325 1896 non
2356 1848 2667 1909 senserunt,
2699 1857 2792 1895 eos
2822 1858 2948 1897 cum
2969 1843 3201 1899 canibus
3221 1844 3398 1915 gregis
3418 1834 3505 1900 sui

1897 1948 2008 1986 non
2062 1931 2264 2004 ponit,
2323 1929 2419 2003 qui
2475 1947 2603 1986 cum
2660 1929 2826 1986 rectis
2883 1931 3339 2003 praedicatoribus
3391 1949 3504 1988 non

1895 2020 2071 2092 ponit,
2103 2018 2238 2093 quia
2271 2036 2396 2075 cum
2422 2019 2586 2076 rectis
2617 2019 3074 2092 praedicatoribus
3113 2037 3225 2077 non
3254 2019 3501 2078 ascribit.

1892 2109 2092 2183 Liquet
2119 2110 2269 2165 enim
2300 2109 2450 2182 quod
2479 2109 2668 2180 Arius,
2687 2109 2982 2179 Photinus,
3006 2111 3384 2180 Macedonius,
3403 2111 3506 2166 Ne-

1895 2200 2119 2269 storius,
2151 2203 2171 2236 7
2216 2199 2523 2272 Eutychos,
2566 2201 2886 2269 Dioscorus,
2935 2201 3190 2271 Severus,
3233 2201 3506 2276 multique

1898 2289 1986 2346 his
2014 2290 2246 2359 similes,
2267 2290 2518 2348 docendo
2537 2298 2704 2364 atque
2733 2290 3016 2348 suadendo
3044 2290 3227 2349 conati
3257 2299 3387 2348 sunt
3414 2309 3505 2365 pa-

1899 2386 2008 2434 tres
2055 2379 2265 2446 videri;
2309 2380 2404 2436 sed
2447 2397 2660 2436 errores
2702 2396 2894 2438 eorum
2942 2387 3132 2438 sancta
3175 2380 3508 2437 universalis

1898 2470 2146 2526 Ecclesia
2165 2471 2184 2505 ⁸
2201 2471 2449 2527 districta
2467 2471 2758 2527 severitate
2774 2470 3205 2544 dijudicans,eos
3221 2471 3368 2526 inter
3385 2487 3505 2527 cus-

1903 2559 2053 2615 todes
2083 2560 2258 2632 gregis
2287 2561 2374 2616 sui
2423 2577 2534 2616 non
2565 2568 2840 2628 numerat,
2899 2577 3035 2632 quos
3082 2560 3326 2632 ejusdem
3377 2577 3507 2634 gre-

1899 2650 1980 2722 gis
2021 2651 2288 2706 unitatem
2335 2651 2666 2722 dissipantes
2717 2651 2962 2707 damnat.
3008 2653 3086 2707 De
3132 2651 3336 2724 quibus
3373 2667 3506 2706 voce

1898 2741 2052 2797 Pauli
2107 2740 2363 2812 Ephesiis
2405 2739 2658 2796 dicitur:
2711 2740 2828 2797 Scio
2882 2741 3010 2811 quia
3050 2746 3173 2812 post
3225 2739 3508 2795 discessum

1898 2847 2066 2884 meum
2099 2830 2460 2900 ingrediantur
2486 2830 2558 2885 ad
2588 2847 2676 2884 vos
2697 2831 2718 2864 9
2745 2829 2858 2900 lupi
2876 2847 3084 2900 graves,
3105 2847 3208 2884 non
3236 2834 3506 2900 parcentes

1897 2919 2042 2988 gregi
2082 2919 2223 2986 (Act.
2258 2935 2357 2985 xx,
2407 2919 2522 2989 29).
2560 2921 2631 2974 Et
2661 2920 2791 2992 quia
2818 2937 3216 2993 nonnunquam
3260 2919 3507 2976 haeretici

1899 3012 2106 3078 quanto
2124 3004 2298 3076 magis
2318 3005 2375 3060 in
2394 3007 2637 3077 perﬁdiae
2659 3024 2900 3063 errorem
2924 3009 3270 3077 dilabuntur,
3292 3011 3337 3046 ¹⁰
3354 3017 3506 3066 tanto

1897 3095 2134 3166 amplius
2189 3095 2247 3150 in
2295 3093 2558 3149 exteriori
2615 3112 2730 3150 sese
2787 3095 3105 3167 operatione
3159 3099 3504 3166 custodiunt,

1898 3183 1973 3238 ita
2025 3190 2086 3239 ut
2127 3199 2285 3254 agere
2339 3199 2449 3254 prae
2491 3183 2705 3239 caeteris
2746 3200 2945 3255 magna
2999 3184 3315 3254 videantur,
3369 3203 3506 3242 san—

1897 3280 1983 3328 cta
2031 3272 2363 3328 universalis
2409 3273 2656 3327 Ecclesia
2705 3281 2904 3328 cuncta
2949 3289 3141 3329 eorum
3186 3291 3350 3346 opera
3389 3275 3506 3332 des-

1897 3360 2052 3433 picit,
2103 3376 2223 3433 quae
2271 3376 2342 3414 ex
2388 3359 2718 3416 auctoritate
2772 3359 2902 3416 ﬁdei
2951 3378 3064 3417 non
3111 3361 3329 3434 prodire
3372 3380 3508 3436 per-

1897 3439 2107 3520 pendit.
2157 3447 2311 3505 Unde
2348 3455 2495 3505 recte
2538 3463 2758 3522 quoque
2799 3449 2947 3506 beati
2977 3449 3080 3506 Job
3110 3467 3244 3509 voce
3279 3450 3505 3524 subjun-

1898 3535 2061 3611 gitur_
2075 3554 2086 3594 :

2503 3664 2732 3723 CAPUT
2771 3667 2894 3724 VII.

1970 3773 2142 3831 Vens.
2178 3774 2231 3831 2.
2259 3803 2330 3815 —
2361 3776 2601 3841 Quorum
2627 3773 2802 3829 virtus
2828 3791 3084 3830 manuum
3103 3780 3220 3831 erat
3245 3774 3379 3832 mihi
3399 3792 3504 3848 pro

1897 3865 2067 3923 nihilo
2091 3883 2108 3921 :
2137 3872 2185 3922 et
2211 3865 2323 3921 vita
2351 3865 2470 3937 ipsa
2491 3865 2828 3938 putabantur
2852 3866 3079 3938 indigni.
3461 3891 3467 3894 -
3503 3859 3510 3864 ’

1973 3977 2233 4044 i7.‘Quia
2281 3975 2591 4032 charitatem
2616 3976 2716 4032 Dei
2755 3981 2806 4030 et
2844 3975 3092 4046 proximi
3135 3976 3499 4030 deseruerunt.

1901 4067 2126 4135 Quidam
2154 4065 2386 4120 heretici
2413 4063 2678 4118 miracula
2703 4063 2962 4134 fecerunt.
2995 4063 3243 4118 Hieretici
3269 4062 3381 4117 vita
3409 4062 3506 4116 in-'

1897 4154 2065 4226 digni,
2086 4154 2225 4224 quod
2252 4153 2346 4208 sub
2375 4152 2582 4207 nomine
2613 4151 2816 4210 Christi
2843 4158 3032 4207 contra
3064 4151 3336 4208 Christum
3362 4151 3504 4208 miti-

1900 4249 2023 4300 teut.
2061 4272 2134 4284 —
2162 4227 2362 4298 Virtus
2395 4241 2598 4313 quippe
2646 4240 2705 4296 in
2742 4257 2912 4297 manu
2953 4233 3049 4296 est.
3080 4239 3401 4312 magnitudo
3443 4240 3502 4296 in

1899 4331 2236 4407 operatione.
2260 4329 2366 4388 Sed
2395 4329 2574 4387 virtus
2615 4347 2879 4387 manuum
2923 4329 3311 4387 haereticorum
3367 4345 3503 4387 san-

1897 4431 1998 4480 ctae
2029 4420 2291 4480 Ecclesia:
2320 4437 2420 4494 pro
2455 4419 2634 4478 nihilo
2671 4419 2917 4490 ducitur,
2975 4421 3105 4495 quia
3147 4421 3359 4477 nullius
3387 4436 3502 4477 esse

1899 4511 2084 4569 meriti
2113 4511 2404 4584 conspicit,
2432 4527 2561 4567 vera
2587 4510 2694 4566 fide
2716 4509 2950 4584 perdita,
2977 4510 3250 4584 quidquid
3277 4526 3504 4582 operan-

198 4627 365 4682 van,
391 4611 508 4682 24).
530 4610 802 4670 Nonnulli
822 4609 1026 4684 quippe
1051 4609 1119 4665 ab
1148 4608 1424 4666 idolorum
1445 4609 1686 4667 cultibus
1709 4625 1790 4665 re.
1819 4613 1866 4673 1)
1898 4609 2008 4659 tur.
2042 4600 2382 4659 Charitatem
2403 4599 2604 4673 quippe
2626 4597 2725 4654 Dei
2744 4606 2799 4654 et
2824 4599 3068 4672 proximi
3095 4599 3376 4668 deserunt,
3405 4599 3500 4672 qui

200 4702 407 4772 vocati,
455 4701 587 4759 facti
634 4707 766 4758 sunt
812 4698 1196 4772 praedicatores
1235 4698 1357 4756 Dei.
1409 4697 1623 4772 Lingua
1662 4714 1790 4771 ergo

199 4806 386 4850 canum
413 4791 677 4850 Ecclesiae
705 4805 776 4846 ex
803 4787 1053 4847 inimicis
1089 4788 1296 4863 prodit,
1341 4789 1472 4864 quia
1498 4805 1791 4847 conversos

271 5082 522 5139 ‘Turon.
571 5089 628 5138 et
671 5079 882 5149 Germ.,
923 5076 1228 5150 computati.
1282 5075 1374 5133 Sic
1420 5074 1700 5150 legebatur
1732 5077 1790 5134 in

205 5151 573 5226 Corb._Germ.
603 5147 897 5226 antequam
937 5147 1177 5208 secunda
1205 5163 1402 5204 manus
1428 5147 1789 5217 emendasset,

203 5230 254 5280 et
274 5224 579 5298 scripsisset
603 5223 917 5298 comparati.

271 5296 292 5332 ³
319 5296 550 5368 Turon.,
571 5297 702 5368 quid
715 5296 806 5368 est
836 5311 989 5368 grex.

271 5313 291 5332 ι
319 5313 550 5365 Turon.,
571 5313 702 5368 quia
727 5313 802 5352 est
835 5313 989 5422 grex.

271 5369 292 5402 ³
323 5367 582 5440 Vindoc.,
608 5369 688 5425 vel
716 5367 808 5440 qui
872 5365 994 5440 nius
1021 5364 1193 5440 gregis
1213 5381 1369 5440 canes
1387 5369 1666 5440 uocantur,
1687 5365 1794 5440 nisi

203 5439 560 5508 praedicatores
601 5437 789 5508 sancti,
829 5439 924 5511 qui
963 5437 1268 5511 earumdem,
1296 5437 1532 5509 ﬁdelium
1557 5437 1791 5492 custodes

207 5511 525 5586 exstiterunt,
554 5516 604 5565 et
625 5509 854 5586 magnos
871 5509 1235 5586 ut_ita_di_cam
1255 5510 1506 5586 latratus,
1529 5514 1642 5586 etc.

242 5584 294 5709 l‘
321 5583 628 5654 Omittitur,
655 5580 886 5655 ab'ipso,
935 5582 994 5638 in
1037 5581 1276 5650 Bellov.,
1321 5580 1484 5640 Corb.
1518 5580 1704 5638 Germ.
1737 5586 1791 5636 et

259 5671 342 5709 ur.

207 5667 342 5725 plur.

270 5726 292 5762 ⁸
321 5727 555 5800 Bellov.,
581 5727 709 5800 quia
741 5727 1044 5784 insectans.

275 5800 296 5870 ἒ
322 5799 437 5870 AL,
467 5799 529 5855 de
555 5799 798 5856 Domino.
860 5840 868 5847 .

276 5869 293 5904 ⁷
323 5867 530 5940 Germ.,
547 5870 816 5944 Eutycius.
845 5868 1008 5930 Corb.
1034 5869 1244 5938 Germ.,
1270 5867 1530 5924 Euthices.
1553 5867 1787 5933 GCIHPL,

1899 4699 1953 4747 et
1981 4690 2048 4748 de
2076 4693 2190 4748 Deo
2220 4690 2356 4746 falsa
2383 4687 2651 4758 sentiunt,
2673 4697 2728 4745 et
2755 4706 2786 4745 a
2815 4689 3087 4762 proximis
3102 4688 3380 4762 jurgando
3407 4690 3502 4746 di-

1901 4781 2189 4838 viduntur.
2219 4779 2324 4837 Sed
2355 4779 2618 4838 virtutem
2657 4793 2924 4836 manuum
2969 4778 3088 4838 sine
3129 4778 3397 4838 charitate
3425 4785 3499 4834 te-

1900 5074 2068 5150 Uti_c_.,
2099 5073 2282 5150 Becc._,
2307 5072 2527 5150 Pratell.
2559 5072 2764 5150 aliique
2796 5073 2985 5150 Norin.
3013 5077 3069 5124 et
3102 5069 3229 5150 val.
3257 5066 3368 5135 CL,
3387 5069 3500 5146 Eu:

1902 5143 2118 5218 tychius.
2151 5145 2233 5201 Ita
2261 5145 2452 5218 haberi
2480 5145 2539 5218 in
2580 5143 2860 5218 plerisque
2897 5143 3025 5197 Mss.
3049 5143 3492 5218 existimamus;

1900 5210 2093 5289 verum
2122 5233 2155 5273 a
2182 5217 2370 5289 paucis
2411 5210 2785 5289 collatoribus:
2810 5213 3162 5289 observatum
3201 5210 3351 5284 quod
3381 5210 3500 5268 haec

1899 5288 2119 5344 diversa
2135 5281 2313 5360 lectio
2341 5288 2498 5360 parvi
2517 5284 2790 5360 momenti
2804 5281 3125 5360 inderetur.

1973 5362 1994 5396 ⁸
2025 5359 2188 5417 Corb.
2217 5353 2428 5424 Germ.,
2459 5358 2493 5412 2
2515 5355 2689 5412 Laud.
2721 5362 2776 5410 et
2803 5353 3037 5420 Turon.,
3065 5353 3307 5409 districta
3349 5355 3500 5412 veri-

1901 5437 2020 5486 tate.
2054 5430 2290 5494 Bellov.,
2335 5427 2575 5483 districta
2609 5426 2817 5480 virtute.
3203 5481 3212 5488 ,

1970 5504 1992 5537 9
2025 5499 2258 5566 Bellov.,
2292 5501 2428 5570 lupae
2453 5514 2662 5570 graves,
2691 5496 2920 5554 fortasse
2941 5495 3088 5570 quod
3117 5497 3298 5568 gravis
3321 5496 3492 5570 isdem

1897 5568 2449 5644 esseputaretur'ac
2475 5568 2710 5640 gravida:
2751 5575 2799 5623 et
2833 5568 2972 5644 fetae,
3016 5569 3192 5644 Porro
3217 5585 3327 5624 non
3360 5569 3498 5644 lupi,

1897 5645 1991 5702 sed
2021 5639 2162 5715 lupae
2193 5643 2314 5722 hoc
2329 5639 2490 5696 modo
2519 5656 2710 5712 graves
2737 5649 2885 5698 sunt.
2917 5641 3124 5698 Verum
3153 5640 3342 5697 Graece
3370 5639 3499 5711 legi-

1896 5723 1990 5774 ῐιιι·
2018 5725 2216 5796 βαρεῖς,
2245 5715 2356 5770 alio
2384 5728 2566 5770 sensu.
3322 5787 3332 5798 .

1898 5796 2126 5920 ((ηέἓέξᾷ
2139 5793 2376 5860 ϐθῐηεῐ”
2406 5792 2441 5850 2
2471 5788 2643 5848 Laud.
2671 5797 2726 5846 et
2754 5787 2917 5848 ϐοῶ·
2944 5789 3155 5861 Germ”
3178 5804 3334 5860 qua“
3354 5791 3498 5867 tam?

1898 5883 2146 5938 (noipnus.
3315 5909 3318 5912 .
3480 5908 3490 5912 _
