3946 6372
467 334 568 397 147

1678 339 1930 397 SANCTI
1973 340 2313 398 GBEGOBII
2352 342 2552 399 MAGN
2557 343 2579 398 Ι

3665 350 3762 409 148

463 473 641 523 statur
679 463 1010 538 praedicator
1055 465 1304 540 egregius
1343 467 1424 522 nil
1465 468 1666 537 valere,
1715 468 1810 542 qui
1855 468 1933 524 ait
1964 485 1976 524 :
2014 469 2072 525 Si
2096 472 2148 532 A
2180 469 2508 543 Plerumque
2549 469 2699 526 enim
2728 468 2990 526 audacter
3017 468 3086 526 de
3111 478 3312 528 natura
3339 471 3643 532 divinitatis
3658 483 3768 534 tra-

463 552 785 611 distribuero
817 571 994 611 omnes
1022 555 1304 628 facultates
1332 573 1473 614 meas
1500 557 1558 613 in
1586 557 1722 613 cibos
1739 575 2057 632 pauperum,

462 650 510 700 et
531 643 579 700 si
608 644 880 700 tradidero
910 663 1101 718 corpus
1145 663 1316 702 meum
1353 653 1414 702 ut
1435 649 1451 682 ¹
1481 649 1720 714 ardeam,
1752 649 2059 704 charitatem

459 738 632 790 (intem
661 751 768 789 non
795 735 1034 800 habeam,
1063 735 1200 791 nihil
1220 735 1352 792 mihi
1363 738 1578 808 prodest
1602 739 1668 806 (Ι
1686 739 1811 795 Cor.
1835 739 2053 811 x111,3).

461 821 604 897 [Vet.
640 823 816 898 VIII.]
851 824 1258 898 Nonnunquam
1288 841 1418 882 vero
1447 825 1691 883 hzeretici
1725 827 1878 900 signa
1909 846 2057 902 quo-

460 931 567 989 que
593 931 657 971 ac
685 914 949 972 miracula
975 913 1206 984 faciunt,
1228 915 1322 972 sed
1359 924 1420 972 ut
1444 916 1536 974 hic
1557 917 1780 989 praemia
1808 919 2056 976 aﬂlictio~

459 1001 548 1060 nis
593 1019 702 1060 suae
749 1002 1203 1078 abstinentiaeque
1239 1005 1528 1078 recipiant,
1558 1007 1818 1064 videlicet
1846 1008 2055 1078 laudes,

459 1107 594 1166 quas
621 1100 897 1166 quaerunt.
929 1091 1084 1149 Unde
1125 1100 1180 1149 et
1219 1093 1601 1168 Redemptoris
1637 1113 1772 1153 voce
1800 1097 2007 1154 dicitur
2039 1115 2052 1154 :

458 1191 620 1251 Multi
663 1192 794 1250 mihi
818 1193 988 1250 dicent
1013 1192 1070 1249 in
1100 1193 1199 1250 illa
1219 1193 1302 1250 die
1325 1213 1342 1259 ;
1375 1191 1523 1251 644
1544 1197 1788 1264 Domine,
1809 1198 2053 1269 Domine,

457 1299 628 1339 nonne
652 1281 706 1339 in
732 1283 940 1340 nomine
967 1289 1054 1340 tuo
1076 1285 1532 1358 prophetavimus,
1568 1294 1616 1344 et
1644 1287 1702 1343 in
1729 1287 1939 1342 nomine
1967 1294 2054 1343 tuo

455 1372 717 1429 daemonia
757 1372 1016 1444 ejicimus,
1057 1379 1109 1430 et
1141 1373 1200 1429 in
1245 1375 1455 1430 nomine
1494 1381 1582 1432 tuo
1611 1377 1830 1434 virtutes
1857 1381 2054 1435 multas

453 1461 670 1531 fecimus
687 1463 716 1518 ?
742 1465 817 1519 Et
837 1469 957 1519 tunc
983 1465 1264 1536 conﬁtebor
1290 1465 1400 1521 illis
1428 1467 1556 1539 quia
1579 1468 1600 1504 ⁸
1629 1485 1902 1540 nunquam
1930 1469 2055 1524 novi

452 1569 542 1608 vos
557 1571 578 1618 ;
607 1551 902 1609 disceditea
929 1569 1009 1609 me
1035 1553 1130 1626 qui
1151 1555 1448 1627 operamini
1474 1557 1950 1628 iniquitatem.Qua
1971 1559 2052 1615 ni-

451 1641 656 1700 mirum
695 1643 966 1702 sententia
1005 1645 1140 1718 quid
1185 1645 1348 1704 datur
1395 1647 1651 1722 intelligi,
1690 1650 1798 1706 nisi
1846 1658 1907 1707 ut
1941 1650 2054 1707 ho-

449 1730 698 1788 minibus
735 1731 1020 1791 charitatis
1065 1733 1373 1804 humilitas,
1431 1753 1542 1793 non
1591 1745 1774 1794 autem
1821 1740 2054 1796 debeant

2166 564 2339 627 ctant,
2361 575 2486 615 cum
2517 559 2838 631 semetipsos
2869 558 3065 616 miseri
3093 559 3363 618 nesciant.
3387 563 3636 635 Egestate
3652 581 3768 640 ergo

2165 662 2228 704 ac
2257 647 2400 703 fame
2429 664 2525 704 sua
2557 648 2770 704 steriles
2799 648 2963 717 ﬁunt,
3015 648 3148 722 quia
3179 665 3243 706 ea
3273 655 3598 722 perscrutari
3626 655 3770 714 desi-

2165 735 2379 806 derant,
2397 754 2466 792 ex
2487 737 2686 810 quibus
2704 738 2862 794 bona
2885 739 3014 794 vitae
3036 739 3302 811 germina
3324 757 3437 798 non
3456 744 3765 816 producant.

2167 825 2320 882 Ultra
2346 842 2400 882 se
2431 825 2631 898 quippe
2660 833 2789 882 sunt
2813 843 2934 900 quae
2965 837 3416 901 perscrutantur,
3447 832 3683 909 dumque
3706 837 3769 894 ad

2166 912 2272 970 hoc
2299 914 2532 970 tendunt
2561 915 2709 989 quod
2740 917 3217 990 comprehendere
3257 929 3562 995 nequeunt,
3590 940 3653 981 ea
3675 941 3770 983 co—

2165 1021 2421 1076 gnoscere
2477 1006 2761 1078 negligunt
2813 1023 2888 1064 ex
2943 1008 3148 1082 quibus
3195 1011 3408 1068 erudiri
3467 1021 3766 1086 potuerant.

2165 1097 2338 1165 Quam
2394 1097 2532 1155 bene
2569 1115 2760 1156 eorum
2809 1099 3098 1160 audaciam
3153 1102 3482 1176 praedicator
3535 1107 3772 1180 egregius

2165 1189 2423 1258 refrenat,
2454 1189 2645 1246 dicens
2695 1208 2708 1247 :
2768 1193 2889 1248 Non
2939 1195 3066 1264 plus
3132 1211 3318 1266 sapere
3369 1214 3531 1268 quam
3579 1207 3770 1271 oportet

2163 1295 2366 1350 sapere,
2396 1280 2484 1335 sed
2511 1297 2694 1352 sapere
2727 1281 2800 1337 ad
2823 1282 3164 1338 sobrietatem
3196 1285 3375 1356 (Rom.
3407 1304 3514 1357 xu,
3534 1289 3614 1362 3).
3639 1289 3771 1348 Hinc

2163 1370 2422 1427 Salomon
2435 1372 2542 1427 ait:
2566 1373 2873 1428 Prudentia:
2893 1380 2994 1429 tua:
3013 1391 3147 1445 pone
3166 1378 3381 1432 modum
3405 1379 3592 1449 (Prov.
3612 1396 3768 1452 nni,

2162 1458 2242 1531 4).
2275 1459 2416 1517 Hinc
2444 1477 2665 1517 rursum
2711 1461 2853 1519 dicit
2886 1480 2898 1519 :
2942 1465 3049 1522 Mel
3091 1464 3360 1535 invenisti,
3399 1470 3605 1525 comede
3639 1473 3770 1542 quod

2161 1549 2347 1622 su/ﬁcit
2375 1551 2488 1616 tibi,
2520 1569 2582 1606 ne
2608 1551 2748 1621 forte
2781 1554 2804 1590 ⁸
2838 1559 3122 1609 saturatas
3160 1573 3368 1611 evomas
3417 1557 3555 1614 illud
3589 1559 3764 1631 (Prov.

2162 1655 2299 1706 xxv,
2333 1640 2446 1712 16).
2477 1641 2841 1699 Dulcedinem
2867 1643 3068 1716 quippe
3093 1644 3364 1717 spiritalis
3393 1646 3770 1721 intelligentia

2161 1727 2256 1801 qui
2279 1731 2298 1764 ⁷
2322 1730 2468 1786 ultra
2495 1747 2660 1803 quam
2691 1732 2837 1804 capit
2866 1733 3151 1790 comedere
3179 1735 3414 1808 appetit,
3437 1737 3604 1794 etiam
3629 1739 3767 1812 quod

449 1822 720 1879 virtutum
742 1823 898 1896 signa
919 1825 1166 1882 venerari
1185 1826 1213 1883 ?
1233 1826 1387 1883 Unde
1407 1842 1557 1884 nunc
1577 1837 1763 1885 sancta
1786 1830 2040 1900 Ecclesia,

2162 1819 2476 1876 comederat
2503 1820 2736 1888 evomit,
2757 1822 2886 1894 quia
2905 1822 3042 1880 dum
3066 1841 3281 1880 summa
3303 1825 3619 1900 intelligere
3632 1829 3769 1884 ultra
3813 1879 3816 1882 .

448 1912 614 1968 etiam
657 1911 702 1969 si
750 1929 858 1988 qua
894 1913 1030 1971 ﬁant
1068 1914 1452 1972 haereticorum
1485 1918 1770 1988 miracula,
1798 1919 2050 1994 despicit,

449 2003 580 2074 quia
605 2003 725 2060 haec
751 2003 1058 2062 sanctitatis
1095 2007 1116 2041 ³
1156 2007 1430 2079 specimen
1463 2025 1574 2064 non
1603 2025 1719 2065 esse
1747 2012 2046 2081 cognoscit.

446 2091 705 2149 Probatio
734 2093 936 2169 quippe
964 2095 1274 2152 sanctitatis
1302 2113 1414 2154 non
1443 2095 1525 2154 est
1551 2099 1706 2172 signa
1726 2099 1924 2170 facere,
1957 2102 2051 2158 sed

447 2198 896 2256 unumquemque
925 2192 987 2241 ut
1014 2201 1071 2242 se
1099 2185 1350 2259 diligere,
1390 2187 1456 2243 de
1486 2190 1600 2246 Deo
1627 2197 1810 2246 autem
1841 2208 1970 2249 vera
2003 2195 2047 2263 ‘,

447 2269 516 2326 de
542 2271 798 2343 proximo
819 2289 950 2330 vero
969 2273 1198 2332 meliora
1220 2292 1383 2349 quam
1405 2276 1470 2332 de
1499 2279 1792 2352 semetipso
1823 2282 2044 2340 sentire.

447 2359 582 2416 Nam
613 2359 743 2432 quia
771 2377 899 2418 vera
927 2361 1106 2420 virtus
1149 2363 1208 2420 in
1255 2380 1439 2422 amore
1479 2374 1581 2436 est,
1633 2385 1745 2425 non
1775 2378 1958 2427 autem
1989 2372 2046 2428 in

447 2448 760 2506 ostensione
788 2451 1064 2523 miraculi,
1086 2453 1292 2510 veritas
1311 2454 1674 2527 demonstrat,
1697 2476 1816 2532 qum
1841 2460 1918 2516 ait
1943 2478 1955 2518 :
1981 2462 2046 2518 In

446 2535 540 2590 hoc
565 2547 866 2609 cognoscent
893 2558 1068 2596 omnes
1101 2543 1230 2613 quia
1247 2544 1350 2600 mei
1375 2544 1623 2618 discipuli
1659 2548 1802 2616 estis,
1829 2549 1878 2604 si
1904 2550 2046 2605 dile-

445 2624 668 2681 ctionem
711 2625 1000 2683 habueritis
1035 2631 1108 2685 ad
1147 2631 1367 2687 invicem
1411 2634 1593 2704 (Joan.
1625 2651 1752 2705 xm,
1783 2637 1898 2709 35).
1940 2637 2044 2707 Qui

444 2711 593 2769 enim
623 2730 736 2770 non
764 2713 872 2771 ait:
898 2717 961 2771 In
982 2714 1088 2774 hoc
1115 2727 1476 2790 cognoscetur
1495 2722 1625 2794 quia
1653 2724 1760 2780 mei
1785 2725 2044 2800 discipuli

444 2802 596 2873 estis,
627 2803 672 2862 si
701 2805 856 2878 signa
885 2805 1146 2876 feceritis,
1188 2809 1281 2865 sed
1310 2810 1388 2866 ait
1420 2829 1432 2866 :
1466 2812 1521 2868 Si
1552 2813 1904 2873 dilectionem
1935 2818 2044 2874 ha-

443 2891 677 2950 bueritis
719 2894 790 2951 ad
835 2893 1100 2964 invicem,
1147 2907 1330 2970 aperte
1360 2900 1570 2959 indicat
1599 2905 1728 2978 quia
1757 2923 1916 2964 veros
1942 2909 2041 2965 Dei
2071 2960 2076 2965 .

443 2981 679 3040 famulos
705 3001 816 3043 non
846 2985 1132 3056 miracula,
1164 2988 1260 3044 sed
1288 2990 1404 3046 sola
1433 2991 1672 3050 charitas
1692 2995 1903 3068 probat.
1929 2997 2042 3055 Te-

439 3069 761 3130 stimonium
787 3091 916 3150 ergo
943 3078 1168 3150 superni
1203 3079 1568 3154 discipulatus
1604 3093 1684 3141 est
1705 3085 1912 3144 donum
1935 3089 2039 3145 fra-

439 3167 607 3218 ternae
635 3162 969 3250 dilectionis.
1001 3168 1177 3234 Quam
1206 3169 1480 3228 videlicet
1502 3171 1878 3246 dilectionem,
1909 3177 2040 3250 quia

437 3266 630 3306 omnes
655 3249 904 3312 haeretici
931 3254 1134 3313 habere
1153 3255 1456 3330 refugiunt,
1475 3261 1606 3318 dum
1623 3263 1692 3320 ab
1708 3249 2040 3323 universalis

436 3339 698 3396 Ecclesia
744 3341 958 3399 unitate
1003 3343 1352 3418 dividuntur,
1389 3348 1514 3423 jure
1557 3350 1624 3410 de
1666 3353 1745 3410 eis
1782 3355 1988 3414 dicitur
2020 3374 2033 3412 :

439 3429 679 3518 Quorum
705 3429 876 3488 virtus
903 3449 1157 3489 manuum
1183 3443 1299 3493 erat
1325 3439 1457 3495 mihi
1479 3457 1582 3514 pro
1603 3442 1790 3501 nihilo.
1815 3446 1887 3500 Et
1908 3444 2038 3518 quia

436 3515 507 3572 ad
534 3515 723 3574 eadem
752 3519 908 3593 signa
935 3537 1056 3594 quae
1083 3522 1350 3584 exhibent
1384 3529 1538 3586 nulla
1567 3529 1881 3589 humilitate
1909 3515 2036 3590 con-

435 3605 686 3677 cordant,
716 3617 863 3667 recte
891 3611 1146 3670 subditur
1177 3632 1190 3672 :
1223 3618 1298 3674 Et
1329 3619 1438 3676 vita
1470 3619 1589 3693 ipsa
1603 3623 1939 3692 putabantur
1960 3623 2036 3679 in-

433 3693 602 3768 digni.
651 3697 754 3757 Vel
794 3707 940 3758 certe
985 3719 1177 3761 omnes
1231 3704 1520 3764 haereticos
1559 3717 1750 3766 sancta
1786 3711 2036 3770 Ecclesia

433 3783 551 3841 vita
576 3785 695 3859 ipsa
721 3787 924 3847 fatetur
951 3791 1230 3866 indignos,
1253 3795 1384 3869 quia
1399 3797 1668 3855 nimirum
1688 3799 1792 3856 sub
1807 3801 2034 3861 nomine

431 3873 640 3964 Christi
687 3878 931 3938 militant
976 3890 1168 3941 contra
1209 3900 1414 3942 nomen
1461 3885 1691 3944 Christi.
1721 3889 1800 3947 De
1831 3890 2033 3964 quibus

428 3963 611 4024 adhuc
637 3967 924 4031 subditur:

867 4131 1097 4194 CAPUT
1132 4135 1263 4196 vni
1301 4137 1445 4213 [Rea
1485 4137 1582 4216 ιη.

499 4233 674 4293 Vens.
705 4234 761 4295 3.
790 4266 862 4280 —
892 4239 1136 4310 Egestate
1163 4249 1212 4296 et
1239 4244 1380 4312 fame
1405 4247 1628 4306 steriles.

502 4322 590 4380 18.
639 4321 861 4382 Curiose
888 4325 1072 4385 divi-na
1100 4335 1413 4402 scrutantes,
1439 4342 1655 4406 egestate
1681 4343 1728 4392 et
1754 4341 2029 4398 sterilitate

429 4408 696 4468 laborant.
728 4443 800 4454 —
829 4413 1034 4472 Omnes
1062 4415 1332 4488 haeretici,
1375 4420 1507 4480 dum
1537 4424 1596 4481 in
1626 4442 1779 4484 sacro
1807 4429 2028 4505 eloquio

425 4498 552 4571 plus
575 4508 788 4557 secreta
806 4503 906 4559 Dei
935 4503 1159 4564 student
1187 4511 1515 4580 perscrutari
1537 4515 1558 4549 ⁵
1587 4531 1754 4594 quam,
1779 4498 2024 4592 capiunt,

2162 1907 2307 1963 vires
2355 1907 2572 1982 quaerit,
2613 1910 2778 1966 etiam
2820 1927 2940 1985 quae
2988 1912 3129 1969 bene
3159 1914 3517 1973 intellexerat
3544 1917 3763 1974 amittit.

2161 1997 2303 2052 Hinc
2331 2013 2550 2054 rursum
2580 1997 2717 2056 dicit
2750 2017 2761 2056 :
2798 2002 2944 2058 Sicut
2987 2003 3082 2075 qui
3124 2005 3226 2060 mel
3269 2008 3498 2062 multum
3532 2009 3764 2076 comedit,

2159 2111 2265 2150 non
2291 2100 2365 2149 est
2391 2094 2438 2150 ei
2467 2095 2679 2162 bonum,
2697 2096 2773 2153 sic
2802 2099 2896 2170 qui
2919 2100 2940 2135 ⁸
2969 2097 3116 2156 645
3143 2112 3520 2174 perserutator
3546 2115 3624 2164 est
3649 2126 3766 2166 ma-

2148 2182 2381 2252 jestatis,
2399 2185 2728 2256 opprimetur
2746 2205 2781 2242 a
2800 2189 2980 2259 gloria
3004 2190 3166 2262 (Ibid.
3180 2235 3195 2262 ,
3218 2194 3334 2266 27).
3359 2195 3555 2253 Gloria
3575 2197 3767 2271 quippe

2157 2271 2458 2330 invisibilis
2509 2275 2836 2346 conditoris,
2883 2294 3004 2352 quae
3056 2281 3336 2340 moderate
3367 2283 3644 2358 inquisita
3672 2303 3764 2342 nos

2155 2362 2338 2434 erigit,
2369 2364 2515 2420 ultra
2549 2363 2696 2421 vires
2724 2376 3064 2438 perscrutata
3103 2371 3325 2443 premit.
3359 2374 3557 2448 Itaque
3587 2374 3761 2432 hare-

2155 2451 2276 2522 tici,
2306 2453 2436 2527 quia
2464 2453 2531 2510 de
2561 2456 2582 2490 ⁰
2613 2455 2841 2512 sublimi
2870 2457 3237 2532 intelligentia
3285 2473 3498 2536 quanto
3531 2464 3762 2540 amplius

2153 2543 2351 2614 repleri
2380 2543 2654 2614 ambiunt,
2686 2554 2842 2603 tanto
2870 2549 3110 2621 amplius
3144 2551 3501 2625 inanescunt,
3534 2555 3676 2614 bene
3699 2555 3760 2610 de

2153 2631 2234 2687 eis
2261 2631 2466 2689 dicitur
2497 2650 2510 2690 :
2543 2637 2788 2706 Egestate
2831 2643 2880 2692 et
2914 2637 3058 2708 fame
3103 2640 3330 2698 steriles.
3379 2643 3763 2702 Immoderatis

2153 2735 2388 2794 namque
2415 2723 2642 2780 ausibus
2671 2724 3008 2798 cognitionis
3036 2744 3102 2785 su
3113 2745 3294 2802 pernae
3333 2731 3634 2790 scientiam
3662 2750 3761 2808 quo

2151 2810 2274 2881 plus
2302 2819 2589 2884 appetunt,
2621 2814 2748 2887 plus
2779 2815 3067 2875 amittunt.

2223 2898 2364 2975 [Vet.
2395 2902 2522 2978 IX.]
2555 2904 2640 2960 19.
2673 2905 2910 2962 Humiles
2939 2907 3169 2964 coelestia
3199 2907 3532 2983 intelligunt,
3552 2919 3763 2970 autnon

2147 2986 2409 3071 intellecta
2436 2999 2775 3050 venerantur.
2798 3025 2870 3038 —
2910 2995 2984 3052 At
3011 3005 3227 3066 contra,
3260 2998 3320 3054 hi
3359 3001 3460 3075 qui
3491 3001 3552 3059 in
3582 3012 3764 3062 sancta

2149 3067 2397 3136 Ecclesia
2419 3081 2686 3138 veraciter
2713 3091 2844 3139 sunt
2871 3083 3136 3154 humiles,
3184 3093 3240 3142 et
3284 3067 3566 3148 veraciter
3593 3090 3760 3160 docti,

2148 3181 2356 3230 norunt
2381 3173 2448 3230 de
2477 3175 2698 3232 secretis
2729 3175 3044 3234 coelestibus
3063 3186 3117 3235 et
3136 3180 3389 3254 quadam
3415 3184 3763 3243 considerata

2148 3263 2476 3338 intelligere,
2499 3272 2555 3321 et
2582 3265 2832 3340 quaedam
2858 3283 2970 3324 non
2999 3267 3281 3328 intellecta
3311 3276 3600 3347 venerari,
3622 3285 3684 3334 ut
3711 3284 3764 3334 et

2147 3369 2267 3425 quae
2294 3352 2616 3428 intelligunt
2643 3363 2970 3412 veneranter
2997 3364 3242 3429 teneant,
3274 3369 3328 3418 et
3353 3378 3485 3437 quae
3515 3366 3755 3424 necdum

2143 3441 2464 3516 intelligunt
2520 3443 2809 3502 humiliter
2849 3455 3188 3520 exspectent.
3238 3451 3399 3510 Unde
3451 3455 3624 3513 nobis
3668 3472 3764 3530 per

2144 3532 2372 3604 Moysen
2417 3532 2623 3591 dicitur
2654 3552 2666 3590 :
2707 3537 2772 3592 Ut
2806 3537 3120 3594 comedentes
3146 3556 3366 3611 agnum,
3400 3545 3676 3618 quidquid
3701 3547 3760 3602 de

2143 3637 2202 3678 eo
2229 3622 2494 3694 reliquum
2516 3622 2684 3693 fuerit
2717 3624 2828 3697 igni
2855 3626 3224 3683 comburamus
3255 3630 3470 3702 (Exod.
3505 3651 3614 3706 xu,
3648 3636 3758 3708 10).

2142 3713 2362 3784 Agnum
2384 3712 2585 3786 quippe
2604 3714 2965 3784 comedimus,
2988 3733 3118 3773 cum
3138 3719 3314 3776 multa
3332 3719 3644 3782 dominicae
3664 3723 3761 3780 hu-

2142 3801 2424 3859 manitatis
2438 3801 2798 3876 intelligendo
2813 3805 3166 3864 recondimus
3181 3806 3240 3864 in
3255 3819 3520 3869 ventrem
3535 3813 3756 3871 mentis.

2137 3891 2226 3949 Ex
2263 3907 2371 3966 quo
2413 3892 2664 3967 quaedam
2706 3893 2867 3950 nobis
2900 3905 3208 3966 remanent,
3239 3914 3359 3973 quae
3395 3902 3622 3960 comedi
3657 3919 3761 3960 ne-

2140 3981 2503 4056 queunt,quia
2523 3983 2700 4040 multa
2719 3981 2900 4042 adhuc
2915 3983 2990 4042 de
3003 3985 3102 4044 illo
3124 3995 3493 4066 restant,qua3
3515 3993 3754 4066 intelligi

2137 4086 2483 4146 nequaquam
2523 4081 2777 4146 possunt.
2822 4075 2954 4144 Quae
2996 4083 3185 4134 tamen
3216 4079 3342 4152 igne
3371 4082 3761 4141 comburenda

2137 4169 2288 4232 sunt,
2318 4163 2447 4236 quia
2475 4179 2537 4218 ea
2565 4179 2686 4237 quae
2715 4180 2906 4237 capere
2939 4164 3006 4221 de
3035 4165 3134 4223 illo
3163 4183 3275 4224 non
3306 4185 3637 4250 possumus,
3661 4172 3758 4228 hu-

2138 4251 2345 4309 militer
2372 4260 2562 4310 sancto
2591 4253 2821 4325 Spiritui
2853 4271 3216 4313 reservamus.
3254 4258 3388 4327 Quae
3423 4263 3758 4337 plerumque

2137 4339 2424 4399 humilitas
2467 4359 2532 4400 ea
2563 4341 2729 4398 etiam
2777 4342 3080 4400 electorum
3111 4345 3364 4404 sensibus
3392 4353 3604 4424 aperit,
3637 4368 3757 4426 quae

2135 4428 2206 4485 ad
2231 4427 2654 4514 intelligendum
2684 4430 3053 4504 impossibilia
3072 4450 3187 4491 esse
3219 4435 3584 4500 videbantur.
3617 4444 3754 4502 Nam

2139 4538 2407 4594 perversae
2437 4521 2824 4581 haereticorum
2854 4533 3064 4583 mentes
3091 4525 3225 4584 dum
3254 4528 3361 4586 sibi
3382 4535 3632 4607 superbe
3660 4535 3758 4592 iu-

423 4586 570 4688 fame
597 4605 697 4647 sua
725 4591 938 4688 steriles
965 4592 1155 4688 ﬁun_t._
1183 4597 1370 4688 Neque
1407 4601 1555 4660 enim
1585 4584 1647 4662 ea
1675 4584 1930 4682 quierunt
1958 4584 2028 4668 ea
2059 4584 2111 4645 D
2139 4584 2419 4668 tellectum
2449 4611 2724 4684 tribuunt,
2743 4615 2897 4688 quasi
2918 4624 3093 4674 certas
3108 4617 3238 4674 dare
3256 4584 3571 4682 senteniias
3587 4625 3753 4682 etiam

423 4675 626 4768 quibus
653 4680 974 4755 semetipsos
1021 4683 1091 4742 ad
1139 4684 1511 4750 humilitatem
1541 4675 1818 4768 erudiant,
1849 4717 2029 4758 mores

420 4765 482 4858 in
537 4770 939 4858 tranquillitate
993 4773 1311 4850 disponant,
1384 4783 1713 4856 patientiam
1769 4765 2026 4858 servent,

419 4856 896 4932 longanimitatem
926 4863 1256 4936 exhibeant;
1306 4869 1402 4927 sed
1432 4888 1494 4928 ea
1522 4875 1875 4934 solummodo
1903 4856 2025 4952 quae

417 4961 511 5004 eos
552 4948 745 5008 doctos
788 4959 950 5026 atque
997 4954 1255 5031 loquaces
1297 4958 1702 5034 demonstrent,
1747 4965 1845 5024 illa
1883 4948 2023 5026 scire

417 5046 679 5110 appetunt
705 5055 778 5098 ex
805 5041 1008 5117 quibus
1051 5047 1409 5122 singulariter
1449 5051 1656 5110 eruditi
1703 5054 2016 5118 videantur.

492 5234 755 5320 “Norm.,
772 5239 1190 5320 _Corb..Germ.,
1211 5260 1338 5320 cum
1363 5246 1398 5320 ξ
1422 5245 1594 5306 Laud.
1611 5256 1667 5305 et
1684 5249 1784 5320 al.,
1803 5253 2011 5312 ardeat.

415 5303 629 5432 gela;
656 5303 749 5363 ex'
769 5316 923 5368 textu
951 5312 1140 5373 Graeco
1174 5303 1245 5374 'et
1287 5317 1477 5392 Vulg,
1509 5303 1591 5376 uti
1609 5303 1852 5394 iii-dediti,
1874 5303 2014 5382 "iiii

473 5393 528 5430 τη
597 5405 602 5410 ”
629 5395 717 5434 αν.

461 5447 829 5540 εἷὲἀξῑᾝέῗξι
846 5469 962 5540 31°“
986 5457 1110 5513 ηουί
1134 5474 1245 5516 0°3—
1275 5461 1502 5537 Legitur
1527 5481 1798 5540 "unquam
1815 5467 1874 5525 in
1897 5485 2012 5527 0m-

416 5517 582 5575 nibus
614 5517 818 5578 nostris
844 5523 974 5580 Mss.

488 5591 510 5623 ³
537 5589 749 5672 Germ,
783 5593 968 5662 Becc.,
1001 5595 1167 5669 Utic.,
1199 5599 1359 5660 Corb.
1392 5607 1576 5665 Germ.
1601 5618 1659 5666 et
1686 5627 1796 5667 non
1827 5615 2010 5684 pauci,

488 5678 650 5717 aciem.

414 5678 650 5731 speciem.

490 5733 726 5825 539—8512.
751 5824 754 5825 ν
775 5744 830 5792 et
871 5739 1199 5825 recentiores
1223 5745 1502 5825 Editores,
1532 5771 1658 5808 cera
1685 5771 2005 5825 cognoscere.

292 5869 304 5882 ⁸
346 5843 353 5849 -
415 5803 707 5864 Redundat
734 5824 1054 5882 cognoscere,
1085 5803 1351 5888 abestque
1371 5803 1411 5876 ξ
1431 5803 2006 5901 eisii'uési'éiEﬁiiiil

2137 4702 2205 4759 de
2233 4702 2530 4775 incognitis
2558 4713 2918 4777 praesumunt.
2948 4707 3103 4765 Unde
3131 4708 3194 4765 ﬁt
3214 4719 3274 4768 ut
3296 4712 3414 4786 ipsa
3438 4732 3540 4774 eos
3562 4717 3751 4785 elatio,

2135 4807 2256 4864 quae
2294 4793 2446 4848 intus
2491 4793 2632 4866 apud
2676 4796 2996 4868 semetipsos
3038 4797 3239 4868 elevat,
3270 4816 3302 4855 a
3330 4803 3576 4863 veritate
3607 4807 3754 4863 foras

2132 4882 2380 4954 repellat,
2411 4882 2616 4956 vixque
2648 4883 2707 4940 in
2736 4885 2900 4942 dictis
2929 4887 3028 4944 Dei
3059 4887 3333 4948 exteriora
3365 4895 3624 4968 capiant,
3657 4894 3752 4971 qui

2129 4987 2186 5026 se
2213 4979 2418 5030 secreta
2446 4973 2714 5046 spiritalia
2730 4983 3039 5048 penetrasse
3057 4977 3413 5053 singulariter
3439 4987 3746 5058 putabant.

2129 5060 2282 5119 Unde
2311 5061 2404 5121 hic
2431 5079 2648 5142 quoque
2676 5065 2934 5125 subditur
2967 5083 2984 5126 :

2123 5261 2483 5419 νιέιὲθίιονυ
2517 5353 2677 5419 quam
2704 5346 3029 5411 acceperunt.

2194 5407 2216 5441 δ
2244 5405 2460 5476 Norm.,
2490 5405 2739 5467 satiatus.

2193 5477 2215 5560 ’ί
2246 5477 2482 5560 ρρΠρνη
2513 5481 2605 5552 qui
2635 5483 2780 5560 ultra
2810 5484 3028 5541 comedit
3055 5501 3216 5558 quam
3246 5487 3408 5560 capit.

2194 5548 2216 5623 fi
2241 5548 2537 5623 Plerique;
2548 5559 2832 5610 scrutator.

2190 5621 2212 5698 ξ’
2244 5622 2325 5698 I_t_a
2353 5620 2516 5698 C_orb_.
2550 5624 2760 5698 Ge_rm.,
2788 5627 3003 5694 Norm.,
3039 5628 3270 5698 Turon.,
3318 5632 3504 5690 Laud.
3534 5653 3605 5692 ac
3631 5645 3742 5693 vet.

2118 5689 2222 5768 Ed.
2254 5691 2426 5768 Magis
2452 5694 2659 5768 placuit
2679 5689 2882 5754 recent.
2907 5689 3083 5768 nan,
3113 5701 3176 5756 de
3203 5689 3746 5764 sublimitatem—tet;

2121 5762 2381 5834 ligentiac}
2409 5762 2528 5838 quae
2559 5767 2722 5824 lectio
2751 5777 2832 5826 est
2862 5771 3047 5828 Germ.
