3946 6384
142 330 231 391 149
936 328 1312 385 MORALIUM
1346 329 1479 385 LIB.
1523 330 1650 387 XX.
1697 361 1760 373 --
1800 333 1871 389 IN
1911 330 2138 389 CAPUT
2179 335 2339 389 XXX
2380 336 2443 390 Β.
2484 336 2626 393 JOB.

569 454 798 513 CAPUT
836 456 914 513 IX
959 453 1106 531 [Rec.
1137 454 1263 531 XI].

200 552 362 609 Vsus.
395 547 448 618 3,
483 547 721 617 L—Qui
745 548 1001 605 rodebant
1016 547 1075 604 in
1101 547 1405 615 solitudine,
1434 550 1727 620 squalentes

138 640 418 699 calamitate
434 644 485 695 et
506 638 724 696 miseria
739 656 762 705 ;
783 643 833 696 et
848 638 1166 697 mandebant
1182 638 1390 706 herbas,
1408 645 1454 695 et
1472 640 1728 697 arborum

138 730 350 789 cortices.

198 821 280 880 20.
315 817 560 877 Hieretici
592 834 698 876 non
717 820 1007 877 medullam
1035 820 1327 895 Scriptura:
1366 837 1533 876 sacrae
1560 837 1726 877 come-

138 913 274 979 dunt,
304 910 391 967 sed
417 909 660 966 corticem
692 910 1139 968 rodunt.—Bodi
1169 911 1308 967 solet
1336 909 1484 984 quod
1511 909 1726 967 comedi

135 1020 233 1061 non
261 1009 454 1077 potest.
486 1001 746 1059 Haeretici
776 1009 961 1059 autem
989 1003 1122 1077 quia
1148 1002 1488 1077 Scripturam
1514 1019 1723 1059 sacram

136 1093 422 1166 intelligere
449 1109 549 1149 sua
586 1091 797 1149 virtute
826 1092 1156 1162 moliuntur,
1185 1109 1303 1149 eam
1334 1092 1527 1163 procul
1555 1090 1724 1147 dubio

133 1182 526 1258 apprehendere
555 1198 905 1257 nequaquam
933 1189 1198 1258 possunt;
1228 1183 1244 1218 ¹
1268 1199 1432 1256 quam
1458 1182 1588 1239 dum
1611 1200 1724 1241 non

132 1274 453 1348 intelligunt,
483 1272 639 1348 quasi
672 1290 782 1331 non
812 1273 1002 1330 edunt.
1034 1275 1106 1330 Et
1151 1274 1281 1347 quia
1308 1290 1404 1346 per
1431 1290 1723 1347 supernam

133 1366 344 1440 gratiam
372 1382 483 1421 non
514 1364 694 1437 adjuti
744 1362 893 1423 hanc
921 1364 1206 1422 comedere
1235 1372 1535 1439 nequeunt,
1567 1365 1723 1439 quasi

132 1454 442 1531 quibusdam
474 1455 629 1511 illam
678 1453 897 1511 nisibus
942 1455 1168 1512 rodunt.
1216 1457 1481 1513 Exterius
1520 1457 1722 1530 quippe

133 1543 271 1600 illam
300 1548 665 1611 contrectant,
699 1543 720 1579 ³
749 1558 877 1599 cum
907 1542 1133 1616 quidem
1161 1551 1451 1612 conantur,
1482 1542 1577 1600 sed
1609 1559 1721 1600 non

130 1633 193 1690 ad
218 1632 332 1706 ejus
358 1633 620 1690 interiora
640 1632 992 1705 perveniunt.
1025 1632 1131 1700 Qui
1148 1632 1278 1707 quia
1304 1632 1374 1689 ab
1393 1632 1723 1690 universalis

129 1722 382 1781 Ecclesia;
410 1722 671 1781 societate
699 1720 966 1795 disjuncti
1009 1729 1161 1791 sunt,
1197 1738 1311 1779 non
1344 1721 1595 1795 quolibet
1621 1739 1723 1779 ro-

3332 344 3432 402 150

1758 460 1807 520 Α
1908 461 1995 518 21.
2032 463 2159 517 Sola
2189 463 2502 535 temporalia
2531 466 2681 522 lucra
2707 470 3232 538 quierunt—Arbor
3272 489 3438 529 nam-

1839 564 1944 621 que
1968 547 2215 621 juniperi
2241 567 2343 624 pro
2373 551 2523 610 foliis
2552 554 2878 625 punctiones
2907 556 3090 615 habet.
3123 560 3215 616 Sic
3234 561 3436 634 quippe
3521 576 3527 585 ‘

1839 644 1969 693 sunt
1996 636 2212 695 hirsuta
2239 655 2360 712 quae
2405 640 2635 713 profert,
2664 650 2728 698 ut
2768 642 2944 716 spinis
2990 647 3195 703 similia
3224 658 3436 707 contre-

1838 734 2077 785 ctantem
2106 745 2347 803 pungere
2373 731 2611 787 valeant.
2644 732 2814 805 Spina
2842 750 2975 791 vero
3006 743 3089 792 est
3126 753 3287 793 omne
3317 756 3436 810 pec-

1838 826 2044 886 catum,
2075 819 2205 893 quia
2232 819 2367 877 dum
2384 820 2558 879 trahit
2571 823 2641 879 ad
2656 822 3101 895 delectationem,
3123 827 3276 899 quasi
3299 844 3434 900 pun-

1839 910 2015 983 gendo
2038 912 2239 969 lacerat
2268 922 2529 971 mentem.
2562 915 2719 972 Unde
2741 915 2879 988 justi
2900 933 3035 974 voce
3050 925 3103 974 et
3120 918 3436 991 paenitentis

1837 1000 2072 1059 dicitur:
2110 1003 2407 1060 Conversus
2433 1020 2550 1059 sum
2578 1004 2635 1060 in
2661 1022 2902 1062 (erumna
2930 1024 3045 1063 mea
3068 1008 3193 1063 dum
3213 1009 3439 1080 conﬁgi-

1840 1098 1930 1147 tur
1965 1093 2121 1165 spina
2148 1094 2329 1164 (Psal.
2362 1111 2523 1164 χχιι,
2554 1095 2640 1167 ti),
2670 1097 2802 1170 quia
2826 1097 3037 1155 scilicet
3067 1115 3221 1156 mens
3248 1099 3318 1155 ad
3347 1100 3437 1156 la—

1836 1189 2086 1240 mentum
2104 1182 2360 1251 vertitur,
2389 1191 2452 1241 ut
2479 1186 2687 1257 peccati
2718 1188 2947 1259 punctio
2962 1187 3281 1260 paenitendo
3300 1188 3435 1244 frin-

1836 1279 2013 1344 gatur.
2044 1275 2107 1330 In
2137 1273 2499 1330 translatione
2526 1292 2661 1333 vero
2702 1276 2812 1333 alia
2853 1294 2966 1334 non
3011 1277 3311 1349 confringi,
3340 1276 3433 1333 sed

1834 1362 2037 1436 conﬁgi
2063 1364 2224 1438 spina
2265 1364 2605 1438 perhibetur,
2649 1368 2798 1442 quod
2841 1368 3099 1426 videlicet
3145 1369 3213 1426 ab
3242 1369 3434 1427 eodem

1834 1467 1999 1509 sensu
2026 1469 2139 1510 non
2169 1453 2437 1524 dissonat,
2481 1456 2613 1529 quia
2641 1458 2961 1530 paenitentis
3002 1458 3223 1517 animus
3254 1459 3324 1516 ad
3354 1460 3435 1516 ln-

1834 1546 1984 1598 ctnm
2014 1542 2257 1613 ducitur,
2276 1544 2407 1601 dum
2436 1553 2743 1618 perpetrata
2758 1547 2919 1619 culpa
2948 1548 3005 1603 in
3037 1548 3302 1604 memoria
3322 1547 3435 1603 ﬁxa

1833 1629 2125 1687 retinetur.
2162 1630 2301 1704 [νει.
2336 1632 2431 1707 Χ.]
2463 1633 2609 1700 Quid
2639 1650 2767 1707 ergo
2801 1652 2898 1707 per
2918 1635 3157 1691 radicem
3187 1635 3434 1708 juniperi

1832 1717 1939 1774 nisi
1961 1718 2194 1775 avaritia
2221 1721 2558 1791 designatur,
2589 1739 2660 1777 ex
2680 1739 2787 1794 qua
2803 1732 3151 1795 peccatorum
3181 1726 3433 1780 omnium

129 1811 266 1891 dere,
297 1811 392 1872 sed
421 1811 479 1868 in
500 1810 805 1869 solitudine
834 1818 1231 1869 memorantur.
1264 1810 1351 1867 Ad
1363 1828 1528 1885 quam
1558 1812 1721 1869 nimi-
1748 1830 1796 1891 Β
1832 1808 2002 1880 spinas
2032 1808 2415 1880 producuntur
2435 1810 2462 1865 ?
2499 1812 2576 1867 De
2621 1826 2727 1882 qua
2769 1827 2867 1883 per
2908 1812 3140 1868 Paulum
3187 1812 3428 1869 dicitur:

129 1918 241 1960 rum
268 1901 654 1970 solitudinem,
704 1901 835 1976 quia
880 1901 1268 1976 praedicatores
1308 1901 1430 1957 falsi
1466 1918 1724 1976 sequaces

130 2008 248 2049 suos
272 1991 577 2061 traherent,
609 1992 771 2065 longe
812 1998 940 2049 ante
970 1992 1191 2050 Veritas
1234 1992 1587 2065 praemonuit,
1626 1993 1723 2049 di-

129 2099 275 2141 cens:
308 2084 366 2141 Si
407 2083 653 2140 dixerint
699 2082 878 2140 vobis:
923 2084 1057 2140 Ecce
1094 2083 1154 2138 in
1199 2082 1397 2138 deserto
1439 2089 1534 2149 est,
1562 2084 1724 2140 nolite

130 2158 263 2231 exire
292 2174 507 2247 (Matth.
539 2189 701 2242 xxxv,
731 2172 845 2245 26).
879 2172 986 2242 Qui
1015 2180 1161 2230 recte
1180 2172 1544 2245 perhibentur
1566 2175 1723 2231 cala-

132 2264 305 2321 mitate
337 2271 391 2321 et
419 2262 649 2321 miseria
676 2262 939 2337 squalidi,
966 2263 1096 2336 quia
1124 2271 1179 2319 et
1199 2280 1415 2320 morum
1446 2272 1577 2321 sunt
1605 2280 1721 2338 per-

130 2350 280 2420 nicie,
336 2357 392 2407 et
427 2366 693 2408 sensuum
736 2350 1005 2424 pravitate
1061 2350 1323 2423 despecti.
1372 2351 1480 2420 Qui
1526 2352 1723 2410 herbas

132 2456 332 2514 quoque
351 2448 407 2497 et
432 2441 700 2499 arborum
729 2440 963 2499 cortices
988 2440 1282 2507 mandunt,
1312 2441 1442 2515 quia
1468 2442 1723 2501 elationis

131 2545 227 2586 snas
255 2529 409 2587 obice
429 2530 663 2604 repulsi,
693 2530 752 2588 in
790 2546 945 2588 sacro
965 2529 1187 2603 eloquio
1215 2546 1413 2603 magna
1442 2539 1497 2589 et
1525 2532 1722 2589 intima

132 2618 393 2693 percipere
421 2627 733 2694 nequeunt,
764 2620 860 2677 sed
888 2619 988 2676 vix
1017 2618 1077 2677 in
1105 2618 1204 2677 illo
1246 2620 1496 2694 quaedam
1535 2630 1723 2679 tenera

130 2714 179 2763 et
205 2709 478 2767 exteriora
527 2717 890 2782 cognoscunt.
944 2710 1047 2766 Per
1089 2708 1287 2768 herbas
1325 2712 1527 2785 quippe
1573 2713 1723 2770 dicta

137 2796 392 2870 planiora,
426 2814 529 2872 per
556 2799 815 2856 arborum
843 2798 1076 2855 cortices
1096 2799 1320 2855 Patrum
1341 2800 1559 2872 eloquia
1572 2808 1719 2857 exte-

133 2884 261 2943 riora
284 2886 605 2959 signantur.
638 2885 747 2954 Qui
776 2902 905 2957 ergo
933 2901 996 2943 ea
1023 2886 1164 2943 scire
1198 2894 1463 2960 appetunt
1503 2904 1573 2944 ex
1602 2890 1721 2962 qui.

128 2974 221 3034 bus
245 2975 393 3034 docti
422 2992 773 3050 nequaquam
801 2975 936 3045 sint,
966 2974 1062 3032 sed
1090 2991 1207 3033 esse
1243 2976 1557 3047 videantur,
1586 2978 1720 3035 dum

129 3063 178 3121 in
206 3065 371 3125 sacris
399 3063 788 3126 voluminibus
815 3064 931 3120 vim
960 3063 1248 3122 charitatis
1284 3080 1408 3137 erga
1453 3067 1628 3123 Deum
1658 3084 1721 3125 ac

130 3154 434 3226 proximum
456 3153 780 3212 medullitus
807 3170 920 3212 non
947 3153 1268 3227 exquirunt,
1287 3156 1441 3228 quasi
1462 3172 1531 3212 ex
1551 3156 1721 3213 herba

130 3249 180 3299 et
202 3244 403 3302 cortice
432 3252 757 3317 pascuntur,
803 3243 934 3319 quia
974 3244 1062 3301 vel
1103 3242 1237 3314 ima,
1270 3250 1414 3309 646
1443 3246 1531 3302 vel
1570 3254 1718 3302 exte-

132 3346 262 3403 riora
281 3354 433 3417 sunt,
465 3362 587 3421 qua:
617 3353 827 3404 mentes
858 3333 1295 3420 superbientium
1317 3344 1590 3400 nutriunt.
1616 3343 1718 3400 Vel

131 3442 262 3492 certe
282 3435 485 3494 herbas
504 3435 765 3493 mandere
787 3443 883 3492 est
896 3435 964 3492 de
996 3434 1280 3508 Scriptura
1301 3449 1455 3492 sacra
1487 3431 1719 3489 minima

131 3535 387 3602 praecepta
434 3543 675 3597 servare,
719 3525 929 3601 majora
965 3534 1334 3584 contemnere.
1386 3524 1535 3594 Quos
1580 3523 1717 3580 bene

132 3617 335 3676 Veritas
358 3619 630 3693 increpat,
660 3618 887 3678 dicens:
928 3618 1013 3677 νω
1038 3617 1206 3687 vobis,
1233 3616 1429 3675 Scriba:
1455 3622 1503 3672 et
1526 3616 1717 3673 Phari-

130 3708 211 3765 καί
232 3710 542 3783 hypocrita,
575 3710 669 3782 qui
683 3708 953 3766 decimatis
970 3708 1258 3773 mentham,
1280 3712 1328 3761 et
1340 3706 1605 3774 anethum,
1630 3708 1652 3742 ³
1673 3712 1721 3762 et

129 3800 404 3870 cuminum,
433 3806 483 3857 et
494 3798 792 3871 reliquistis
811 3814 929 3869 quae
940 3796 1199 3869 graviora
1212 3801 1336 3851 sunt
1356 3795 1481 3867 legis
1493 3795 1713 3867 (Matth.

131 3903 279 3959 xxm,
308 3891 431 3963 23).
464 3888 573 3957 Qui
619 3887 879 3944 arborum
909 3901 1128 3960 quoque
1166 3884 1397 3943 cortices
1427 3885 1716 3953 mandunt,

130 3979 242 4051 quia
265 3986 404 4037 sunt
429 3976 686 4035 nonnulli
717 3976 813 4051 qui
837 3976 898 4033 in
926 3975 1096 4033 sacris
1125 3973 1507 4032 voluminibus
1545 3975 1716 4031 solam

133 4064 314 4126 litteras
361 4067 710 4141 superﬁciem
758 4073 1113 4134 venerantur,
1156 4081 1259 4122 nec
1304 4064 1605 4138 quidquam
1651 4063 1719 4120 de

134 4156 358 4229 spiritali
390 4157 680 4216 intellectu
707 4156 1051 4224 custodiunt,
1080 4171 1209 4213 cum
1255 4153 1400 4211 nihil
1446 4152 1507 4209 in
1535 4152 1720 4210 verbis

135 4246 221 4304 Dei
253 4248 495 4323 amplius
522 4247 635 4306 nisi
682 4248 789 4306 hoc
830 4247 979 4323 quod
1024 4246 1271 4304 exterius
1296 4244 1576 4303 audierint
1602 4260 1719 4301 esse

136 4339 490 4412 suspicantur.
526 4341 677 4410 Quos
720 4348 907 4397 tamen
955 4339 1015 4396 in
1041 4339 1259 4397 cunctis
1298 4337 1577 4396 erroribus
1605 4337 1721 4394 suis

142 4424 304 4487 inanis
330 4431 519 4504 glorias
547 4431 824 4504 appetitus
852 4426 1117 4504 possidet,
1140 4445 1340 4504 eosque
1358 4427 1590 4485 honoris
1607 4443 1718 4484 am-

139 4512 271 4575 bitus
295 4519 546 4594 captivos
573 4526 744 4588 tenet,
774 4526 830 4576 et
857 4520 1180 4592 plerumque
1216 4534 1313 4592 per
1340 4517 1459 4590 ipsa
1490 4533 1611 4590 quae
1640 4516 1717 4573 lo-

140 4616 364 4677 quuntur
391 4609 537 4667 nihil
564 4609 716 4667 aliud
733 4626 899 4683 quam
919 4616 1137 4666 terrena
1160 4610 1315 4666 lucra
1332 4615 1616 4682 appetunt.
1639 4608 1718 4663 De

142 4694 322 4766 quibus
347 4715 442 4772 per
467 4700 701 4757 Paulum
732 4698 976 4756 dicitur:
1010 4698 1333 4770 Hujusmodi
1351 4697 1488 4753 enim
1511 4697 1721 4755 Christo

144 4780 343 4844 Domino
371 4806 479 4846 non
508 4789 768 4856 serviunt,
799 4788 890 4845 sed
918 4805 1011 4845 suo
1040 4787 1213 4845 ventri
1244 4788 1418 4861 (Rom.
1452 4804 1573 4856 xvr,
1606 4786 1717 4858 18).

148 4869 278 4932 Unde
305 4886 447 4937 recte
475 4894 696 4954 quoque
722 4876 1115 4951 subjungitur:

581 5003 813 5063 CAPUT
838 5003 891 5061 Χ
923 5000 1068 5077 [Rcc.
1101 5000 1261 5077 x11].

207 5105 363 5168 Vitas.
388 5110 442 5171 4.
463 5142 535 5154 -
562 5112 638 5171 Et
681 5109 848 5169 radis:
893 5107 1273 5181 juniperorum
1309 5112 1426 5163 erat
1460 5107 1603 5163 cibus
1631 5125 1726 5165 eo-

148 5206 269 5253 rum.

214 5465 227 5499 ¹
256 5466 456 5527 Gemet.
484 5485 548 5526 ac
576 5468 674 5525 alii
698 5468 914 5536 Norm.,
945 5480 1107 5537 quam
1134 5464 1263 5534 quia
1280 5465 1513 5522 nondum
1529 5467 1720 5524 intelli-

150 5543 319 5610 gunt...
347 5542 477 5597 hanc
504 5542 652 5597 ellere
681 5554 1011 5610 nequaquam
1033 5541 1276 5609 possunt,
1316 5539 1471 5607 quasi
1494 5538 1721 5610 quibus—

155 5604 259 5661 dam
285 5612 477 5668 nisibus
507 5614 720 5669 rodunt.

214 5678 232 5757 ξ
256 5680 417 5757 Iidem
447 5685 674 5743 Codices
696 5691 748 5739 et
769 5683 977 5757 Germ.,
995 5698 1113 5735 cum
1136 5681 1411 5757 quiddam.
1436 5684 1522 5740 Ex
1543 5682 1715 5757 antiq.

267 5754 356 5811 alii
383 5755 586 5832 habent
614 5774 730 5812 cum
766 5745 1010 5829 quadam
1029 5769 1049 5817 ;
1105 5745 1223 5822 alii,
1268 5772 1385 5812 cum
1414 5745 1719 5828 quoddam}

156 5818 255 5891 alii,
280 5842 388 5882 cum
411 5829 646 5900 quidam.

1750 4565 1800 4626 D

1831 1897 2014 1954 Radix
2041 1898 2276 1953 omnium
2304 1899 2573 1955 mulorum
2601 1906 2677 1955 est
2695 1900 2957 1971 cupiditas
2981 1900 3038 1971 (Ι
3057 1903 3191 1957 Tim.
3212 1919 3291 1970 γι,
3318 1903 3431 1975 10).

1832 1989 1954 2061 Ipsa
1982 1989 2185 2063 quippe
2216 1990 2448 2047 latenter
2474 1992 2653 2048 oritur
2682 1992 2741 2048 in
2769 2001 2972 2061 mente,
2995 1993 3089 2049 sed
3106 1992 3434 2065 punctiones

1832 2086 2181 2151 peccatorum
2203 2080 2455 2136 omnium
2474 2089 2723 2153 patenter
2736 2080 2993 2154 producit
3008 2080 3066 2137 in
3083 2096 3263 2152 opere.
3287 2079 3435 2147 Quas

1832 2166 2092 2225 videlicet
2120 2169 2448 2241 punctiones
2468 2170 2537 2225 ab
2566 2170 2669 2227 hac
2699 2169 2882 2227 radice
2910 2177 3215 2242 surgentes,
3245 2168 3433 2226 statim

1832 2257 2157 2330 praedicator
2171 2260 2418 2332 egregius
2446 2260 2713 2330 insinuat,
2730 2277 2857 2318 cum
2871 2260 3059 2317 subdit
3078 2277 3089 2317 :
3112 2262 3280 2329 Quam
3301 2259 3435 2330 qui-

1832 2349 1956 2404 dam
1974 2355 2267 2421 appetentes
2284 2357 2603 2406 erraverunt
2620 2368 2655 2406 a
2684 2351 2805 2423 ﬁde,
2827 2356 2876 2407 et
2892 2351 3230 2406 inseruerunt
3257 2366 3311 2404 se
3328 2350 3434 2404 d0"-

1834 2437 2037 2493 loribus
2064 2438 2247 2495 multis
2281 2438 2470 2510 (Ibid,
2507 2439 2618 2511 10).
2652 2440 2759 2507 Qui
2788 2440 2937 2496 enim
2983 2440 3188 2496 multos
3216 2438 3433 2495 dolores

1832 2528 1998 2598 dixit,
2019 2528 2173 2602 quasi
2192 2536 2478 2586 nascentes
2496 2529 2743 2586 innotuit
2761 2546 2831 2588 ex
2860 2530 2963 2587 hac
2983 2530 3165 2587 radice
3181 2529 3431 2602 punctio-

1831 2634 1947 2675 nes.
1978 2618 2041 2675 In
2055 2616 2331 2691 juniperis
2359 2635 2488 2692 ergo
2530 2627 2771 2692 peccata,
2815 2618 2875 2677 in
2902 2619 3085 2677 radice
3113 2636 3245 2676 vero
3268 2618 3433 2692 juni-

1831 2727 2088 2782 perorum
2109 2709 2245 2784 quid
2259 2711 2412 2768 aliud
2433 2728 2597 2786 quam
2616 2712 2929 2781 avaritiam,
2952 2712 3009 2769 id
3024 2719 3127 2779 est,
3146 2711 3431 2768 materiam
3517 2724 3527 2787 ;

1830 2798 2197 2873 intelligimus
2223 2808 2573 2874 peccatorum
2596 2803 2625 2860 ?
2640 2802 2807 2871 Quiai
2815 2802 2963 2875 gitur
2981 2802 3306 2876 plerumque
3325 2800 3431 2857 hee-

1831 2889 1988 2946 retici
2017 2890 2135 2946 sola
2163 2889 2223 2946 in
2254 2890 2437 2948 verbis
2467 2891 2582 2948 suis
2608 2893 2885 2949 exteriora
2932 2894 3085 2949 lucra
3128 2898 3430 2959 sectantur,

1829 2992 1934 3034 nec
1960 2976 2215 3048 ignorant
2233 2978 2365 3049 quia
2391 2994 2645 3050 perversa
2664 2987 2940 3048 astruunt,
2962 2981 3057 3037 sed
3076 2981 3279 3037 erroris
3299 2997 3431 3052 prse-

1829 3064 2140 3122 dicamenta
2189 3081 2301 3122 non
2361 3066 2642 3137 deserunt,
2680 3067 2812 3124 dum
2863 3075 3117 3139 sumptus
3154 3068 3431 3139 percipere

1829 3156 1851 3191 ⁴
1881 3154 2038 3228 quasi
2067 3155 2357 3213 doctorum
2380 3158 2597 3225 volunt,
2616 3157 2755 3213 bene
2772 3156 2839 3213 de
2858 3156 2937 3213 eis
2956 3157 3131 3213 sancti
3155 3156 3262 3212 viri
3283 3172 3433 3213 nunc

1831 3262 1964 3303 voce
1992 3246 2227 3303 dicitur:
2260 3248 2337 3303 Et
2352 3247 2518 3302 radis:
2537 3247 2919 3320 juniperorum
2938 3254 3057 3304 erat
3074 3249 3217 3303 cibus
3228 3266 3431 3316 eorum,

1830 3335 1959 3408 quia
1986 3334 2119 3392 dum
2148 3335 2281 3392 totis
2310 3336 2511 3392 mentis
2537 3352 2649 3393 suae
2692 3336 2943 3393 sensibus
2970 3336 3260 3394 avaritiam
3290 3337 3433 3410 cogi-

1828 3430 1968 3493 tant,
1992 3424 2147 3497 quasi
2167 3441 2235 3481 eo
2255 3424 2520 3481 alimento
2549 3434 2874 3496 vescuntur,
2899 3426 2969 3483 de
2997 3442 3107 3500 quo
3121 3425 3274 3484 nasci
3296 3442 3434 3499 pro-

1827 3514 1918 3571 cul
1947 3513 2118 3571 dubio
2146 3522 2495 3587 peccatorum
2525 3517 2871 3589 sequentium
2889 3516 3214 3589 punctiones
3233 3516 3431 3572 solent.

1828 3602 1950 3672 Quo
1975 3602 2023 3659 si
2052 3603 2274 3676 quando
2302 3604 2362 3660 in
2391 3620 2545 3661 sacro
2575 3605 2796 3679 eloquio
2825 3605 3077 3679 quaedam
3108 3604 3261 3678 quasi
3292 3621 3434 3676 pru—

1828 3691 2021 3749 denter
2048 3691 2366 3763 inveniunt,
2398 3710 2518 3767 quae
2540 3693 2673 3751 dum
2703 3710 2815 3752 non
2836 3694 3177 3767 intelligunt,
3200 3709 3299 3767 pro
3319 3692 3434 3749 suis

1826 3797 1945 3840 esse
1971 3781 2364 3840 assertionibus
2393 3782 2764 3857 suspicantur,
2795 3801 2927 3842 mox
2956 3783 3171 3841 miseris
3206 3782 3434 3839 audito-

1828 3872 1984 3930 ribus
2011 3873 2148 3940 suis,
2180 3890 2416 3946 quorum
2446 3891 2560 3932 non
2587 3874 2821 3945 animas,
2853 3873 2949 3933 sed
2977 3873 3313 3931 substantias
3340 3889 3431 3944 ap-

1829 3971 2043 4036 petunt,
2074 3963 2194 4021 haec
2220 3964 2588 4022 vociferantes
2628 3972 2945 4039 aspergunt.
2993 3963 3149 4021 Unde
3189 3977 3431 4033 congrue

1827 4052 2168 4111 subinfertur
2182 4069 2199 4111 :

2234 4175 2464 4235 CAPUT
2508 4177 2588 4235 XI
2628 4176 2771 4253 (Hec.
2820 4177 3009 4252 XIII].

1898 4289 2071 4345 Vnus.
2122 4288 2176 4346 5.
2209 4320 2279 4331 —
2312 4290 2414 4359 Qui
2475 4290 2538 4346 de
2577 4291 2905 4347 convallibus
2964 4290 3071 4347 ista
3129 4290 3430 4362 rapientes,

1827 4378 2177 4454 cumsinguta
2228 4380 2563 4453 reperissent,
2604 4381 2676 4439 ad
2720 4400 2781 4439 ea
2828 4399 2943 4439 cum
2982 4384 3210 4439 clamore
3238 4398 3431 4437 curre-

1829 4472 1974 4529 bant.

1901 4563 1989 4621 22.
2026 4563 2286 4621 Obscurus
2304 4563 2595 4635 Scriptura!
2612 4579 2779 4618 sacra:
2805 4562 3129 4632 Patrumqu
3155 4561 3434 4615 sententias

1829 4654 1901 4708 ad
1927 4671 1979 4708 se
2024 4653 2329 4725 detorquent
2374 4659 2423 4708 et
2464 4654 2701 4709 trahunt.
2735 4683 2806 4695 —
2834 4654 2913 4709 De
2948 4652 3296 4710 convallibus
3340 4649 3435 4705 illa

1831 4741 2075 4815 rapiunt,
2108 4742 2239 4816 quia
2266 4741 2385 4800 haec
2430 4742 2497 4799 de
2542 4740 2853 4799 humilibus
2880 4740 3047 4799 dictis
3077 4742 3300 4797 Patrum
3331 4757 3434 4797 su-

1832 4833 1999 4907 perbo
2040 4833 2240 4907 spiritu
2277 4833 2564 4907 colligunt.
2600 4838 2746 4897 647
2775 4832 2907 4901 Quae
2951 4832 3084 4889 dum
3129 4834 3149 4867 ⁵
3191 4848 3290 4905 pro
3319 4829 3434 4887 suis

1834 4948 1890 4988 se
1918 4931 2167 5004 partibus
2190 4931 2469 4988 invenisse
2499 4931 2827 5004 gloriantur,
2860 4931 2929 4988 ad
2970 4948 3033 4987 ea
3062 4947 3187 4987 cum
3218 4929 3435 4985 clamo-

1833 5020 1987 5079 ribus
2015 5028 2267 5091 currunt,
2293 5021 2420 5094 quia
2431 5021 2691 5079 videlicet
2710 5038 2874 5078 omne
2886 5020 3035 5095 quod
3053 5017 3300 5075 sentiunt
3327 5031 3434 5088 ap-

1834 5110 2012 5184 petitu
2035 5110 2298 5169 laudisad
2319 5128 2477 5170 aures
2506 5111 2801 5169 hominum
2821 5111 3103 5168 diffamare
3130 5106 3430 5164 donantur.

1832 5200 2092 5276 Sequitur
2109 5219 2122 5258 :

1901 5473 1923 5508 ³
1953 5472 2164 5529 Gemet.
2193 5479 2248 5528 et
2277 5472 2509 5543 Turon.,
2552 5474 2603 5543 et
2628 5486 2898 5543 viminum,
2930 5486 3068 5543 quos
3095 5468 3269 5527 secuti
3307 5476 3437 5527 sunt

1830 5552 1940 5601 vet.
1973 5543 2075 5599 Ed.
2118 5545 2239 5613 Duo
2270 5542 2440 5598 Laud.
2475 5548 2528 5596 et
2557 5540 2720 5613 Gorb.
2754 5540 2964 5610 Germ;
3005 5542 3290 5613 cyminum.

1905 5617 1925 5650 ¹ι
1956 5616 2166 5682 Germ.,
2206 5612 2363 5671 Becc.
2397 5621 2450 5685 et
2477 5612 2726 5685 plerique
2746 5614 2963 5683 Norm.,
2995 5612 3152 5685 quasi
3178 5614 3431 5685 doctores.

1903 5689 1923 5722 ³
1954 5686 2223 5758 Corrupte
2262 5686 2327 5758 in
2373 5683 2490 5758 Edé
2511 5683 2704 5758 Gilot_.,
2742 5685 2948 5750 Vatic.,
2980 5683 3166 5753 Guss.,
3193 5703 3297 5756 pro
3325 5684 3436 5739 suis

1831 5776 1883 5813 se
1902 5756 2171 5827 patribus,
2199 5756 2446 5827 alioquin
2478 5756 2771 5827 legendum
2801 5764 2943 5813 esset
2970 5774 3122 5827 quos,
3161 5772 3273 5811 non
3296 5772 3433 5825 quin,

1831 5776 1883 5813 se
1941 5773 2171 5826 acrinus,
2199 5773 2309 5814 auo
2351 5773 2446 5812 um
2478 5773 2771 5827 regendum
2801 5773 2943 5813 esset
2970 5774 3122 5827 quos,
3161 5773 3306 5823 nonq

1830 5777 1940 5888 sed)
1946 5828 2144 5902 legenti
2173 5773 2469 5888 Mss.qud.
2513 5843 2625 5885 non
2654 5827 2760 5886 erit
2785 5827 3100 5900 ambigendi
3133 5828 3306 5883 locus.
