3946 6372
517 363 614 421 151
1749 354 1996 412 SANCTI
2035 352 2373 411 GREGORII
2411 352 2639 410 MAGNI
3709 359 3791 416 l52

1111 481 1340 540 CAPUT
1387 482 1512 538 XII.

581 594 754 650 Vens.
785 591 840 648 6.
871 620 943 634 —
972 591 1042 648 In
1088 590 1307 647 desertis
1353 589 1664 646 habitabant
1703 589 2038 653 torrentium,
2072 590 2122 641 et

509 684 565 738 in
595 680 837 738 cavernis
867 687 1043 748 terrai,
1077 683 1156 736 vel
1183 697 1345 752 super
1370 682 1626 753 glaream.

580 809 669 866 23.
704 806 955 865 eretici
979 807 1194 863 latebris
1213 814 1260 862 et
1284 805 1630 862 instabilitate
1648 810 1771 859 sunt
1795 803 2118 876 insignes.—

509 898 802 956 Torrentes
827 897 1067 955 dicimus
1097 897 1251 954 rivos
1280 896 1376 971 qui
1400 896 1558 970 aquis
1587 895 1921 952 hiemalibus
1948 896 2118 952 colli-

511 996 736 1061 guntur,
763 986 858 1060 qui
888 986 1054 1043 certis
1096 987 1261 1043 etiam
1309 985 1650 1059 temporibus
1676 991 1954 1044 arescunt.
1987 985 2116 1042 lure

509 1077 693 1150 itaque
731 1075 1048 1133 inventores
1077 1090 1460 1148 perversorum
1500 1075 1817 1147 dogmatum
1845 1081 2116 1132 torrentes

509 1173 802 1234 vocantur,
831 1165 959 1240 quia
988 1183 1017 1222 a
1063 1167 1244 1223 calore
1291 1165 1582 1224 charitatis
1627 1163 1838 1238 frigidi,
1870 1164 2024 1238 quasi
2055 1164 2114 1221 in

509 1263 732 1329 torpore
760 1255 1026 1328 temporis
1054 1254 1311 1311 hiemalis
1329 1261 1679 1322 excrescunt,
1705 1253 1836 1328 quia
1855 1269 1966 1309 non
1997 1268 2114 1326 per-

510 1353 674 1418 petua
703 1343 1049 1418 plenitudine
1078 1344 1386 1418 proﬂuunt,
1414 1345 1511 1401 sed
1540 1343 1957 1402 Catholicorum
1985 1342 2113 1398 alle-

511 1433 872 1506 gationibus'
922 1434 1079 1508 quasi
1125 1433 1336 1492 aestivis
1379 1433 1592 1491 solibus
1636 1432 2006 1490 exsiccantur.
2043 1433 2115 1487 Et

509 1521 734 1595 quidem
775 1522 1094 1579 inventores
1139 1538 1524 1596 perversorum
1556 1521 1874 1594 dogmatum
1922 1527 2114 1578 contra

509 1618 755 1668 sanctam
787 1611 1090 1668 Ecclesiam
1120 1610 1324 1680 exorti,
1355 1611 1570 1668 fervore
1595 1609 1710 1684 jam
1741 1609 1993 1666 veritatis
2021 1625 2113 1664 ex-

509 1699 704 1757 stincti
734 1708 886 1767 sunt,
917 1700 1012 1756 sed
1038 1707 1224 1756 tamen
1253 1716 1445 1756 eorum
1488 1699 1748 1772 discipuli
1787 1715 1849 1755 ea
1878 1715 1999 1774 quae
2029 1698 2112 1755 illi

511 1789 823 1846 docuerunt
849 1794 1035 1844 tenere
1082 1803 1146 1844 ac
1191 1787 1482 1844 defendere
1513 1789 1534 1824 ²
1564 1805 1673 1844 non
1702 1787 1995 1846 desistunt.
2044 1788 2114 1845 Hi

513 1892 642 1948 ergo
665 1875 762 1949 qui
790 1875 1016 1932 illorum
1047 1884 1356 1949 sequuntur
1384 1892 1614 1945 errores,
1647 1877 1705 1932 in
1732 1877 1964 1934 desertis
1990 1883 2116 1933 tor-
2147 1852 2194 1912 Β

512 1967 756 2024 rentium
787 1965 1061 2036 habitant,
1085 1967 1142 2024 id
1171 1976 1253 2024 est
1283 1968 1341 2024 in
1358 1984 1547 2024 eorum
1578 1968 1972 2040 praedicatione
1992 1984 2122 2025 con-

513 2058 716 2128 ﬁdunt,
734 2075 966 2133 quorum
982 2059 1200 2132 eloquia
1213 2059 1623 2118 Catholicorum
1635 2060 1750 2132 jam
1767 2061 2120 2134 responsione

508 2157 564 2206 et
599 2148 1024 2206 ratiocinatione
1053 2150 1254 2206 siccata
1283 2159 1434 2207 sunt.
1471 2150 1609 2226 [νει.
1646 2151 1773 2224 XL]
1806 2149 1952 2219 Quid
1988 2167 2119 2207 vero

513 2237 666 2295 aliud
717 2254 982 2296 cavernas
1035 2248 1193 2296 terrae
1249 2256 1413 2313 quam
1457 2241 1702 2299 occultas
1732 2239 2118 2297 haereticorum

513 2327 936 2402 praedicationes
963 2328 1266 2402 accipimus
1286 2332 1313 2388 ?
1343 2331 1434 2388 Sic
1452 2332 1600 2388 enim
1630 2329 1877 2387 hzeretici
1899 2331 2045 2386 inter
2063 2345 2120 2387 se

513 2417 877 2475 clandestinis
905 2418 1311 2476 conventiculis
1338 2428 1545 2488 emunt,
1589 2427 1652 2476 ut
1684 2419 1855 2476 errori
1897 2435 1996 2476 suo
2023 2435 2121 2476 re-

513 2510 841 2579 verentiam,
873 2526 1038 2583 quam
1069 2526 1138 2567 ex
1152 2511 1366 2567 ratione
1386 2527 1498 2567 non
1528 2512 1736 2580 valent,
1755 2512 2033 2584 praebeant
2050 2527 2119 2568 ex

515 2597 909 2667 occultatione,
940 2607 995 2654 et
1025 2599 1263 2654 inﬁrmis
1291 2599 1583 2655 animabus
1625 2601 1912 2672 pravitatis
1941 2618 2119 2658 sermo

516 2691 672 2740 tanto
714 2685 1046 2742 reverendus
1085 2694 1363 2757 appareat,
1415 2696 1621 2758 quanto
1659 2696 1899 2745 secretus
1967 2689 2118 2746 Unde

519 2774 664 2848 apud
694 2774 1043 2831 Salomonem
1077 2777 1276 2832 mulier
1303 2793 1374 2832 ex
1417 2785 1551 2850 typo
1581 2777 1848 2835 haereseos
1877 2781 1898 2814 ³
1929 2779 2119 2837 suadet

517 2865 740 2922 dicens:
773 2866 943 2937 Aqua
981 2865 1204 2938 furtivae
1231 2867 1494 2922 dulciores
1524 2875 1666 2938 sunt,
1713 2875 1761 2923 et
1800 2869 1960 2940 panis
1987 2871 2118 2925 abs—

513 2955 752 3009 conditus
780 2955 998 3010 suavior
1029 2956 1216 3026 (Prov.
1249 2973 1328 3025 1x,
1364 2956 1475 3028 17).
1500 2957 1631 3024 Quae
1661 2958 1878 3014 occulta
1906 2957 2118 3016 scilicet

513 3043 939 3114 praedicamenta
967 3045 1268 3101 detestatur
1297 3045 1536 3114 Veritas,
1557 3047 1774 3103 dicens:
1810 3049 1868 3103 Si
1888 3050 2006 3120 quis
2033 3068 2115 3104 vo-

512 3133 590 3188 bis
617 3134 847 3192 dixerit:
882 3137 1014 3191 Ecce
1041 3136 1124 3190 hic
1151 3142 1226 3190 est
1246 3136 1512 3201 Christus,
1541 3143 1637 3191 aut
1663 3154 1769 3192 ecce
1794 3139 1926 3204 illic,
1957 3139 2118 3195 nolite

2136 479 2188 538 Α
2221 494 2523 551 errantium
2554 501 2764 552 mentes
2782 493 3050 550 insultare
3077 493 3464 566 conspexerit:
3488 509 3606 570 quas
3625 511 3788 556 eorum
3831 557 3839 564 ,

2227 584 2572 642 conversatio
2599 585 2786 652 fuerit,
2828 582 2898 640 ad
2933 583 3260 640 memoriam
3307 582 3544 650 reducit,
3588 585 3784 645 dicens:

2227 672 2293 729 In
2320 673 2536 728 desertis
2561 673 2867 729 habitabant
2888 673 3224 741 torrentium,
3248 673 3366 728 etin
3388 675 3620 730 cavernis
3640 683 3788 746 terra,

2227 763 2308 817 vel
2334 778 2493 834 super
2518 761 2774 833 glaream.
2807 760 2950 830 Quia
2992 760 3142 817 enim
3173 777 3364 818 eorum
3393 777 3640 834 perversa
3663 782 3792 838 pra:-

2224 851 2449 919 dicatio,
2479 850 2682 906 amisso
2730 850 2854 921 igne
2905 849 3215 919 charitatis,
3264 867 3334 906 ex
3380 850 3579 923 frigore
3617 855 3792 911 mentis

2225 939 2530 1009 convaluit,
2560 938 2805 1012 profecto
2825 939 2884 994 in
2910 939 3238 996 torrentium
3269 939 3497 997 desertis
3525 939 3790 1000 habitavit.

2225 1029 2365 1097 Quia
2385 1044 2516 1085 vero
2539 1035 2728 1102 aperta
2741 1035 2795 1083 et
2816 1026 2990 1084 libera
3011 1043 3123 1085 non
3143 1027 3272 1097 fuit,
3295 1026 3352 1085 in
3369 1029 3616 1086 cavernis
3633 1030 3792 1088 latuit.

2225 1118 2364 1186 Quia
2386 1125 2569 1174 autem
2592 1118 2807 1191 plebem
2835 1133 2946 1174 non
2976 1116 3167 1187 ﬁxam,
3198 1116 3292 1173 sed
3332 1116 3590 1175 mobilem
3616 1118 3794 1190 tenuit,

2223 1224 2335 1266 non
2364 1224 2528 1282 super
2557 1215 2791 1282 petram,
2823 1212 2968 1271 648
2999 1206 3094 1265 sed
3113 1223 3278 1282 super
3308 1207 3545 1282 glaream
3582 1209 3791 1276 mansit;

2223 1311 2291 1370 de
2318 1313 2521 1388 quibus
2537 1313 2719 1373 adhuc
2748 1314 3037 1372 subditur:

2629 1421 2858 1480 CAPUT
2893 1423 3022 1481 x111
3066 1422 3209 1496 [Rea
3235 1421 3420 1498 XIV].

2294 1515 2466 1572 Vsus.
2501 1515 2553 1572 7.
2582 1545 2654 1558 —
2687 1515 2791 1583 Qui
2818 1515 2958 1571 inter
2994 1513 3356 1585 hujuscemodi
3400 1513 3726 1582 testabantur,
3759 1522 3798 1571 et

2222 1625 2326 1664 esse
2353 1607 2448 1664 sub
2476 1607 2705 1663 sentibus
2735 1607 2951 1664 delicias
2979 1608 3373 1681 computabant.

2294 1697 2381 1754 24.
2416 1699 2481 1754 In
2509 1698 2664 1754 rebus
2703 1697 2945 1770 pessimis
2987 1700 3259 1756 exsultant
3302 1703 3352 1753 et
3391 1696 3798 1753 delectantur.—

2228 1785 2372 1854 Quid
2404 1786 2629 1844 nomine
2657 1787 2896 1844 sentiam
2919 1787 3030 1844 nisi
3055 1803 3145 1844 eas
3173 1803 3309 1861 quas
3332 1785 3448 1858 jam
3480 1801 3640 1859 supra
3663 1783 3798 1842 dixi-

2230 1892 2352 1931 mus
2384 1877 2571 1946 (Num.
2629 1877 2694 1933 21
2753 1877 2912 1946 hujus
2957 1877 3073 1950 lib.)
3124 1877 3454 1950 punctiones
3481 1883 3798 1950 peccatorum

2230 1964 2638 2038 intelligimus?
2677 1965 2818 2034 Quia
2845 1973 3026 2022 autem
3056 1983 3323 2039 perversae
3355 1974 3567 2023 mentes
3591 1963 3799 2039 gaudent

2229 2053 2287 2109 in
2316 2053 2727 2127 iniquitatibus,
2759 2071 2896 2128 quas
2921 2055 3048 2112 ﬂere
3077 2056 3412 2126 debuerunt,
3442 2072 3631 2114 omnes
3656 2055 3798 2111 haere-

2229 2142 2325 2200 tici
2353 2151 2508 2201 tanto
2537 2161 2593 2201 se
2621 2148 2641 2180 ⁶
2672 2146 2823 2202 inani
2855 2147 3046 2204 laetitia
3087 2148 3386 2216 extollunt,
3426 2155 3634 2222 quanto
3657 2145 3799 2217 magis

2228 2231 2297 2288 ad
2328 2231 2512 2304 pejora
2553 2235 2982 2303 convalescunt;
3032 2243 3196 2310 atque
3247 2253 3366 2292 esse
3421 2236 3526 2294 sub
3582 2235 3800 2293 sentibus

2228 2321 2457 2378 delicias
2489 2322 2775 2396 deputant,
2806 2326 2934 2398 quia
2961 2325 3090 2382 inde
3132 2342 3446 2399 perversam
3489 2334 3718 2384 mentem
3745 2324 3799 2381 ad

2229 2413 2488 2485 gaudium
2511 2414 2825 2484 sublevant,
2847 2415 2993 2472 unde
3015 2416 3200 2488 spinas
3221 2425 3571 2490 peccatorum
3588 2423 3797 2490 portant.

2227 2506 2363 2562 Nam
2394 2505 2439 2561 si
2472 2506 2692 2579 quando
2733 2505 2802 2562 ad
2847 2523 3088 2564 errorem
3129 2525 3290 2564 suum
3321 2509 3601 2565 valuerint
3627 2523 3800 2582 quem-

2228 2596 2372 2668 piam
2404 2597 2642 2665 trahere,
2674 2614 2788 2653 sese
2818 2613 2916 2670 per
2944 2598 3193 2654 laetitiam
3218 2598 3459 2670 jactant;
3494 2607 3657 2672 atque
3682 2596 3800 2654 unde

2228 2685 2330 2741 sibi
2363 2693 2581 2758 peccata
2610 2686 2879 2760 quotidie,
2909 2687 3075 2742 etiam
3103 2687 3242 2743 alios
3278 2687 3580 2759 perdendo,
3611 2701 3801 2758 congre-

2228 2783 2378 2846 gant,
2409 2775 2538 2832 inde
2567 2793 2623 2832 se
2653 2793 2768 2832 esse
2794 2776 2952 2850 quasi
3001 2776 3169 2834 duces
3217 2777 3286 2833 ad
3327 2777 3610 2849 justitiam
3635 2775 3802 2833 exsul-

2228 2871 2364 2920 tant.
2401 2865 2545 2921 Bene
2575 2882 2703 2938 ergo
2732 2866 2954 2923 dicitur:
2987 2867 3090 2935 Qui
3113 2869 3252 2922 inter
3280 2867 3646 2937 hujuscemodi
3673 2867 3802 2921 lata-

2224 2954 2440 3019 bantur,
2471 2961 2518 3010 et
2536 2973 2642 3011 esse
2664 2957 2759 3011 sub
2779 2957 3009 3012 sentibus
3037 2957 3252 3012 delicias
3279 2958 3670 3029 computabant.
3691 2955 3801 3011 Trs-

2226 3043 2368 3100 hunt
2396 3043 2546 3098 enim
2570 3060 2707 3116 quos
2738 3046 2923 3101 valent
2969 3045 3038 3102 ad
3081 3045 3453 3116 perditionem
3505 3063 3678 3114 suam,
3712 3046 3730 3080 τ
3763 3050 3804 3099 et

2223 3133 2326 3190 sub
2356 3134 2593 3206 peccatis
2621 3150 2758 3202 esse,
2789 3135 2876 3191 vel
2911 3137 3092 3209 culpis
3135 3138 3328 3210 culpas
3369 3137 3574 3196 addere
3601 3137 3808 3196 credunt

511 3223 738 3278 credere.
763 3223 836 3278 Et
863 3239 1083 3279 rursum
1109 3240 1121 3278 :
1157 3223 1216 3280 Si
1243 3224 1481 3279 dixerint
1500 3225 1660 3281 vobis:
1680 3229 1812 3283 Ecce
1841 3227 1895 3282 in
1915 3230 2115 3285 deserto
2154 3215 2198 3274 Ο
2229 3237 2286 3276 se
2315 3220 2587 3279 Virtutum
2618 3225 2959 3298 opulentiam
2988 3226 3291 3282 cumulare.

513 3317 609 3376 est,
639 3312 801 3366 nolite
821 3313 998 3368 exire:
1048 3329 1154 3367 ecce
1181 3313 1238 3366 in
1270 3315 1656 3384 penetralibus,
1699 3318 1860 3373 nolite
1886 3321 2114 3378 credere.

516 3402 662 3458 Sicut
688 3401 826 3456 enim
855 3401 1087 3474 ‘fulgur
1113 3405 1223 3460 exit
1257 3405 1324 3460 ab
1354 3406 1584 3474 Oriente,
1613 3414 1662 3464 et
1683 3416 1840 3482 paret
1871 3427 2034 3483 usque
2061 3411 2115 3467 in

517 3489 861 3558 Occidentem,
892 3492 970 3548 ita
993 3493 1095 3548 erit
1121 3500 1171 3549 et
1193 3494 1450 3551 adventus
1483 3497 1615 3552 Filii
1640 3499 1868 3554 hominis
1899 3501 2111 3572 (Matth.

514 3595 675 3649 XXIV,
699 3581 788 3650 23,
803 3582 894 3650 26,
913 3583 1028 3655 27).
1045 3583 1160 3640 Hoc
1173 3584 1357 3658 itaque
1373 3586 1557 3644 illicin
1572 3589 2116 3664 penetralibus,quod

513 3669 607 3726 hic
636 3668 842 3727 dicitur
895 3671 953 3728 in
995 3673 1267 3730 cavernis.
1319 3676 1382 3732 In
1427 3677 1681 3733 cavernis
1708 3694 1837 3750 ergo
1867 3679 2114 3737 haeretici

511 3757 786 3829 habitant,
835 3761 965 3834 quia
1009 3762 1333 3838 plerumque
1383 3781 1624 3823 errorem
1675 3783 1836 3824 suum
1894 3768 2117 3826 secretis

510 3848 996 3920 praedicationibus
1051 3854 1351 3924 occultant,
1409 3862 1471 3910 ut
1507 3872 1618 3928 quo
1674 3872 1730 3912 se
1779 3856 2117 3914 doctioribus

508 3937 1067 4015 prudentioribusque
1097 3959 1209 4000 non
1238 3943 1509 4014 indicant,
1540 3961 1605 4000 eo
1633 3944 1701 4001 ad
1723 3961 1780 4001 se
1809 3945 2116 4004 vehemen-

507 4031 620 4089 tius
641 4032 927 4106 imperitos
956 4033 1201 4091 trahant.
1227 4035 1383 4092 Unde
1399 4035 1536 4092 bene
1553 4036 1717 4094 etiam
1747 4036 2110 4095 subinfertur:

516 4121 607 4178 Vel
634 4136 792 4190 super
818 4124 1075 4193 glaream.
1121 4125 1376 4181 Glaream
1408 4126 1611 4200 quippe
1641 4127 1766 4183 illos
1797 4127 2117 4184 minutissi-

511 4225 631 4264 mos
674 4209 883 4280 lapides
927 4211 1167 4268 dicimus
1197 4215 1218 4249 ³
1249 4232 1390 4286 quos
1443 4233 1584 4288 aqua
1639 4217 1884 4273 ﬂuvialis
1922 4218 2112 4274 trahit.

511 4299 776 4353 Doctores
804 4297 974 4368 igitur
1001 4315 1385 4370 perversorum
1429 4302 1748 4374 dogmatum
1789 4321 1952 4376 super
1993 4307 2117 4378 gla-

511 4400 662 4440 ream
691 4383 966 4455 habitant,
1003 4388 1132 4460 quia
1161 4387 1286 4445 illas
1307 4388 1597 4446 hominum
1628 4399 1838 4448 mentes
1864 4392 2114 4463 trahunt,

512 4488 633 4546 quae
663 4473 817 4530 nulla
845 4475 1132 4548 gravitatis
1160 4476 1460 4534 stabilitate
1489 4479 1822 4550 solidantur,
1858 4497 1993 4554 quas
2025 4499 2113 4539 ve-

2641 3330 2870 3389 CAPUT
2899 3333 3030 3391 xw
3063 3332 3206 3407 [Rec.
3239 3335 3393 3410 XV].

2296 3419 2464 3475 Vnus.
2495 3418 2758 3478 8.—Filii
2785 3425 3070 3480 stultorum
3093 3431 3141 3480 et
3167 3425 3507 3497 ignobilium,
3528 3432 3578 3483 et
3603 3425 3659 3481 in
3687 3430 3809 3480 terra

2220 3507 2432 3578 penitus
2459 3525 2567 3563 non
2591 3517 2858 3582 parentes.

2297 3597 2385 3653 25.
2413 3598 2665 3654 Parentes
2692 3601 3056 3658 luereticorum
3080 3604 3230 3660 stulti
3257 3611 3305 3660 et
3327 3604 3604 3675 ignobiles.
3625 3633 3695 3646 —
3710 3603 3812 3658 Eo-

2225 3702 2348 3742 rum
2389 3686 2648 3745 videlicet
2693 3689 2819 3759 ﬁlii,
2865 3691 2959 3764 qui
3003 3691 3228 3748 fuerunt
3274 3707 3534 3751 errorum
3564 3687 3812 3766 magistri.

2226 3775 2354 3830 Filii
2385 3775 2555 3849 igitur
2581 3777 2864 3848 dicuntur,
2901 3796 3012 3836 non
3043 3779 3112 3836 de
3151 3796 3343 3838 eorum
3373 3783 3614 3852 semine,
3644 3780 3734 3838 sed
3759 3778 3814 3834 de

2225 3863 2536 3922 imitatione
2591 3868 2853 3939 generati,
2905 3870 3001 3944 qui
3053 3870 3303 3928 docendo
3355 3887 3639 3944 perversa,
3679 3866 3816 3928 stulti

2224 3951 2449 4010 fuerunt
2477 3956 2970 4029 perignorantiam;
2996 3960 3238 4018 vivendo
3260 3963 3544 4034 nequiter,
3568 3959 3816 4036 ignobiles

2224 4061 2322 4117 per
2348 4047 2642 4104 actionem.
2676 4049 2782 4118 Qui
2813 4051 3166 4124 Redemptori
3197 4061 3388 4111 nostro
3421 4057 3580 4112 nulla
3606 4053 3818 4128 sapien—

2223 4135 2337 4206 tiae,
2368 4138 2522 4195 nulla
2551 4140 2679 4196 vitae
2709 4143 3037 4214 cognatione
3080 4143 3367 4217 conjuncti
3405 4156 3559 4204 sunt.
3603 4147 3680 4204 De
3722 4157 3816 4216 quo

2225 4225 2536 4285 Salomonis
2565 4245 2700 4286 voce
2730 4229 2788 4286 in
2836 4231 2998 4288 laude
3040 4241 3242 4290 sanctae
3289 4236 3560 4294 Ecclesia;
3595 4233 3813 4292 dicitur:

2225 4315 2430 4372 Nobilis
2460 4317 2518 4372 in
2539 4319 2714 4389 portis
2741 4319 2830 4375 vir
2855 4320 2972 4392 ejus
3002 4322 3191 4395 (Prov.
3222 4340 3384 4393 xxxi,
3407 4327 3530 4400 23).
3555 4327 3625 4383 Hi
3652 4325 3818 4396 itaque

2224 4404 2353 4475 quia
2383 4421 2637 4476 perversa
2678 4408 2984 4466 errantium
3021 4413 3278 4487 exempla
3312 4414 3493 4472 secuti
3535 4421 3686 4484 sunt,
3731 4406 3821 4466 ﬁlii

2225 4491 2522 4550 stultorum
2567 4503 2622 4551 et
2676 4495 3008 4569 ignobilium
3050 4516 3166 4558 esse
3213 4511 3621 4562 memorantur.
3676 4503 3822 4560 Recte

513 4561 596 4620 Ῐαῐ
624 4563 842 4666 99.1.00?
869 4567 1190 4666 δεξῐηρθτξά
1237 4568 1419 4624 locum
1464 4568 1697 4666 ﬂllmina
1724 4586 1971 4666 ειτοΐιιξιξ
2001 4573 2116 4630 du-
2147 4582 2196 4641 D
2225 4587 2408 4638 autem
2439 4561 2826 4658 subjungitur:
2857 4590 2932 4645 Et
2951 4589 3009 4644 in
3043 4595 3190 4646 terra
3213 4591 3428 4662 penitus
3445 4610 3554 4650 non
3568 4595 3818 4666 parentes,

507 4659 664 4710 cunt.
696 4653 852 4710 Unde
881 4661 935 4710 et
973 4655 1300 4727 praedicator
1340 4658 1614 4731 egregius,
1663 4675 1790 4716 cum
1837 4661 2116 4720 auditores

509 4759 639 4800 suos
668 4759 780 4800 non
810 4745 1189 4818 temporaliter
1212 4746 1364 4815 duci,
1403 4747 1498 4804 sed
1527 4747 1660 4804 forti
1689 4757 1911 4823 cuperet
1940 4751 2116 4824 gravi-

507 4839 618 4890 tate
647 4833 897 4904 solidari,
935 4835 1228 4894 admonuit
1271 4836 1492 4895 dicens:
1547 4840 1613 4898 Ut
1641 4839 1762 4910 jam
1797 4857 1904 4896 non
1950 4842 2115 4898 simus

499 4928 724 4999 parvuli
749 4929 1088 5000 ﬂuctuantes,
1117 4947 1208 4987 nec
1227 4930 1672 5002 circum/'eramur
1691 4934 1836 4990 omni
1854 4943 2004 4992 vento
2024 4938 2112 4993 do-

2224 4671 2354 4744 quia
2381 4672 2514 4730 dum
2567 4675 2660 4733 hic
2707 4677 2886 4735 videri
2942 4679 3158 4754 aliquid
3203 4689 3476 4756 appetunt
3508 4683 3770 4742 nimirum
3795 4693 3824 4733 ι

2226 4771 2368 4822 terra
2397 4766 2706 4826 viventium
2736 4780 2986 4829 exsortes
3012 4771 3180 4830 ﬁunt.

2295 4855 2383 4911 26.
2415 4856 2618 4912 Eadem
2647 4857 2709 4914 de
2725 4861 3033 4918 carnalibus
3051 4861 3158 4918 dici
3179 4869 3404 4936 possunt
3429 4881 3555 4936 quae
3574 4864 3640 4920 de
3661 4863 3822 4918 luere-

2225 4942 2543 5002 ticis.—Sed
2563 4945 2845 5032 hocquod
2878 4950 2937 5006 in
2968 4950 3354 5010 haereticorum
3385 4960 3527 5026 typo
3563 4952 3820 5013 diximus,

506 5017 690 5117 ctrina!
723 5017 944 5117 (Elphes:
979 5019 1227 5117 Iv,“l’s).
1281 5019 1479 5117 §ancta
1529 5023 1712 5098 itaque
1755 5027 2000 5117 Ecclesia
2043 5029 2112 5084 ab
2221 5033 2450 5092 omnino
2478 5035 2558 5092 nil
2581 5017 2761 5095 obstat
2787 5037 2833 5096 si
2857 5032 3024 5097 etiam
3050 5039 3118 5097 de
3147 5017 3606 5117 perversis'atque
3630 5053 3822 5099 carna-

502 5103 838 5166 adversariis
864 5107 934 5166 ad
964 5107 1248 5166 modicum
1279 5109 1554 5183 depressa,
1581 5129 1710 5170 cum
1740 5114 1847 5172 sibi
1879 5115 2112 5174 audaces
2219 5123 2368 5182 libus
2387 5127 2641 5200 quamvis
2669 5127 2728 5185 in
2749 5137 2896 5187 recta
2922 5129 3032 5188 ﬁde
3060 5103 3279 5206 positis,
3297 5103 3822 5204 sentiamusﬁeque

585 5377 599 5410 ¹
631 5376 748 5443 AL,
777 5379 931 5447 quasi
956 5383 1166 5439 testibus
1191 5384 1339 5441 solis.

580 5447 602 5481 ²
631 5448 869 5516 Gemet.,
889 5459 1166 5510 conantur.

580 5519 602 5552 ³
633 5518 845 5586 Germ.,
876 5521 1022 5574 vadit
1047 5523 1238 5580 dicens.

504 5589 693 5728 ’,αἱρέῃ
714 5596 946 5664 utroque
972 5592 1146 5648 Laud.
1177 5602 1231 5650 et
1267 5597 1326 5653 iu
1353 5599 1478 5657 aliis
1509 5602 1910 5660 vetustioribus
1939 5602 2102 5671 Cod.,

577 5677 683 5789 isng
693 5705 1026 5812 Edjtisquos
1035 5751 1180 5812 aqua
1189 5738 1462 5808 pluvialis.
1482 5743 1858 5802 Mss.Vindoc.
1868 5743 2100 5812 ,Germ.,

506 5801 736 5872 Turon.,
765 5801 1041 5902 Laudun.,
1070 5801 1284 5880 Narin,
1314 5821 1447 5883 etc.,
1477 5801 1683 5872 habent
1710 5801 1966 5886 ﬂuvialis.

2288 5397 2309 5470 ᾗ
2339 5394 2600 5470 Yindoc._,
2631 5397 2784 5454 inani
2809 5399 3005 5470 gloria.

2288 5467 2545 5546 [Locum
2577 5467 2726 5526 hunc
2755 5467 3098 5546 restituimur;
3127 5489 3243 5546 ope
3263 5474 3392 5531 Mss.
3439 5481 3499 5529 et
3527 5483 3641 5532 vet.
3677 5471 3817 5546 Edit.

2213 5537 2273 5619 ln
2303 5539 2431 5619 ltiss.
2464 5539 2648 5619 (ἔργα).
2681 5549 2741 5619 et_
2763 5541 2822 5596 in
2839 5541 2989 5619 Edit.
3008 5537 3182 5600 Gilot:
3199 5545 3444 5619 aliisque
3457 5544 3819 5619 sequentibus

2152 5598 2178 5625 ⁸
2213 5608 2444 5679 legitur:
2480 5611 2555 5666 Et
2579 5628 2632 5666 se
2658 5614 2753 5667 sub
2769 5614 2996 5684 peccatis
3023 5598 3174 5672 esse.
3196 5598 3818 5683 i5h'i‘éédihi,"§é2{rir-

2214 5684 2403 5766 tutum,
2431 5685 2944 5766 etc.,_sensu_plane_
2975 5687 3252 5766 contrario
3273 5689 3358 5766 _iis
3373 5704 3527 5766 _qum
3579 5687 3809 5762 legimus

2212 5751 2271 5806 in
2298 5751 2453 5822 Mss,
2475 5761 2595 5811 caet.
2624 5751 2869 5829 Anglic,
2897 5757 3112 5828 Norm.,
3141 5757 3342 5830 Laud.,
3373 5751 3614 5829 Turon,
3636 5751 3749 5817 ἕω.
3795 5824 3802 5829 _
