3946 6366
201 390 288 447 153
945 380 1321 440 MORALIUM
1361 381 1495 439 LIB.
1537 383 1666 440 XX.
1709 411 1778 425 —
1817 383 1889 440 IN
1927 382 2160 442 CAPUT
2198 384 2363 440 XXX
2401 385 2463 442 Β.
2505 385 2649 442 JOB.

3392 387 3491 444 154

198 513 326 572 enim
352 517 535 568 sancta
561 510 860 567 electorum
897 509 1144 567 Ecclesia
1187 511 1333 568 solos
1361 510 1466 567 sibi
1497 510 1763 567 adversa—
1791 510 1844 570 Α
1877 516 2267 584 conqueratur,
2285 509 2502 567 dicens:
2523 509 2721 566 Aliena
2748 511 2915 567 etiam
2934 512 3212 570 violenter
3224 513 3511 588 rapiendo.

199 604 296 661 rios
319 600 537 674 deputat
561 599 657 672 qui
681 598 749 654 ab
777 598 896 671 ejus
923 599 1032 656 ﬁde
1061 600 1226 672 positi
1242 607 1398 656 extra
1417 600 1776 669 dissentiunt,

197 692 279 751 sed
304 707 389 748 eos
415 705 632 763 quoque
661 688 758 763 qui
791 689 963 745 vitam
995 689 1149 747 illius
1179 691 1319 746 male
1349 690 1594 747 vivendo
1623 690 1778 747 inte-

196 784 296 841 rius
319 786 589 854 premunt.
623 780 1041 854 Contempletur
1061 780 1230 853 igitur
1251 798 1495 839 aerumna
1515 781 1777 839 irruentis

194 869 518 931 adversitatis
545 870 770 939 aﬂlicta,
801 871 1078 944 quomodo
1099 872 1479 945 prosperitatis
1498 889 1610 929 sua
1640 880 1773 930 tem-

193 979 307 1038 pore
340 961 654 1035 iniquorum
709 962 808 1016 et1
845 961 994 1018 intra
1049 977 1105 1018 se
1162 962 1473 1018 viventium
1503 963 1774 1036 pravitate

192 1061 391 1128 gravata
428 1052 521 1109 sit.
554 1050 974 1124 Contempletur
1002 1053 1150 1126 quod
1180 1053 1530 1126 exigentibus
1563 1055 1776 1113 meritis

189 1141 556 1219 quorumdam,
584 1158 698 1199 non
730 1141 936 1214 injuste
967 1143 1026 1200 in
1055 1144 1152 1200 illa
1181 1144 1297 1200 vita
1315 1144 1534 1201 turbata
1560 1145 1633 1202 sit
1659 1162 1774 1203 om-

187 1234 350 1301 nium,
377 1240 430 1290 et
454 1231 632 1290 dicat:
669 1232 774 1302 Qui
801 1233 1056 1289 rodebant
1093 1233 1151 1288 in
1179 1234 1484 1301 solitudine,
1516 1238 1775 1308 squalen-

188 1331 249 1381 tes
274 1323 562 1380 calamitate
589 1329 638 1380 et
662 1321 900 1378 miseria.
922 1322 1075 1380 Sicut
1103 1323 1158 1379 in
1192 1323 1370 1397 prima
1399 1324 1568 1398 hujus
1596 1325 1776 1399 operis

184 1421 322 1488 parte
348 1412 604 1486 praefatus
641 1428 786 1481 sum,
811 1413 832 1447 ⁸
861 1428 960 1484 per
988 1412 1258 1470 virtutem
1285 1416 1776 1490 contemplationis

184 1521 564 1578 nonnunquam
594 1504 732 1561 solet
761 1503 999 1577 intelligi
1019 1504 1261 1572 solitudo
1291 1506 1510 1562 mentis.
1535 1506 1640 1563 Sed
1671 1508 1776 1566 hoc

183 1592 235 1650 in
264 1593 377 1650 loco
395 1609 521 1649 cum
552 1591 792 1650 solitudo
814 1608 912 1664 per
928 1590 1368 1664 objurgationem
1389 1593 1615 1664 dicitur,
1639 1595 1774 1668 quid

181 1685 323 1742 aliud
349 1701 510 1759 quam
548 1684 680 1741 boni
711 1683 1002 1740 destitutio
1031 1682 1440 1742 demonstratur
1459 1685 1488 1744 ?
1534 1687 1688 1744 Unde
1721 1695 1777 1743 et

181 1775 280 1851 sub
302 1775 496 1832 Judaa
526 1782 660 1848 typo
696 1773 959 1830 Jeremias
987 1775 1290 1847 peccatoris
1318 1776 1561 1833 animam
1589 1777 1773 1851 deplo-

1886 617 1999 656 non
2028 600 2306 670 roderent,
2338 600 2446 657 nisi
2475 600 2630 674 prius
2651 600 2756 673 ipsi
2788 601 2845 656 in
2874 601 3232 662 interioribus
3249 605 3366 662 suis
3387 605 3489 663 soli

1884 706 1948 748 ac
1977 691 2138 748 vacui
2168 709 2200 748 a
2228 692 2498 748 virtutum
2514 692 2734 748 cultura
2753 701 3118 749 remanerent.
3139 695 3284 750 Bene
3306 703 3490 754 autem

1885 798 2074 839 eorum
2099 784 2420 856 qualitatem
2449 783 2710 856 explicat,
2742 782 2963 840 dicens:
2999 785 3307 856 Squalentes
3335 790 3491 843 cala-

1882 873 2061 928 mitate
2088 879 2137 929 et
2162 874 2399 930 miseria.
2431 873 2599 945 rEgra
2620 889 2857 947 namque
2882 890 3009 931 caro
3037 874 3084 931 si
3113 874 3356 931 studiose
3385 893 3493 932 cu-

1883 963 1991 1020 rari
2023 963 2341 1036 negligitur,
2364 962 2617 1037 squalore
2637 963 2872 1036 desuper
2891 962 3060 1021 ducto
3077 964 3135 1020 in
3164 964 3489 1022 inﬁrmitate

1882 1054 2126 1113 deterius
2147 1063 2435 1129 gravatur:
2467 1063 2523 1112 et
2549 1056 2683 1113 dum
2713 1056 3014 1114 calamitati
3032 1056 3381 1129 egritudinis
3403 1074 3492 1114 ne-

1884 1145 2158 1218 gligentia
2198 1144 2418 1202 miseria
2463 1144 2708 1215 additur,
2742 1144 2962 1219 gravior
3005 1145 3257 1203 molestia
3298 1145 3493 1204 oborto

1883 1235 2136 1310 squalore
2164 1235 2450 1292 toleratur.

1955 1326 2046 1383 28.
2079 1327 2306 1383 Natura
2326 1325 2710 1382 necessitatibus
2737 1327 2860 1398 plus
2873 1341 3021 1396 aquo
3049 1324 3350 1392 servientes,
3379 1324 3494 1395 ejus

1882 1414 2220 1488 inﬁrmitates
2248 1432 2518 1488 augemus.
2547 1447 2616 1456 —
2645 1416 2852 1473 Natura
2881 1414 3051 1486 igitur
3081 1413 3325 1470 humana
3355 1414 3493 1470 bene

1884 1505 2130 1575 condita,
2161 1505 2257 1561 sed
2286 1505 2355 1562 ad
2371 1505 2753 1562 inﬁrmitatem
2776 1505 2917 1561 vitio
2937 1504 3171 1576 propria
3192 1503 3494 1560 voluntatis

1886 1596 2055 1668 lapsa,
2089 1596 2147 1652 in
2178 1595 2544 1653 calamitatem
2573 1595 2796 1663 cecidit,
2829 1594 2959 1667 quia
2975 1610 3159 1667 pressa
3187 1592 3494 1650 innumeris

1884 1685 2327 1752 necessitatibus,
2350 1685 2493 1740 nihil
2525 1686 2582 1740 in
2613 1685 2716 1740 hac
2735 1685 2852 1739 vita
2871 1685 2978 1740 nisi
3000 1684 3146 1738 unde
3164 1683 3494 1752 aﬂligeretur

1883 1775 2118 1830 invenit.
2152 1774 2256 1829 Sed
2287 1789 2411 1830 cum
2433 1773 2640 1828 eisdem
2671 1780 2883 1828 natura
2912 1780 3114 1827 nostra
3145 1770 3496 1827 necessitati-

179 1842 284 1933 rat:
303 1864 487 1921 dicens
512 1883 524 1921 :
552 1842 830 1934 'Q-uomodo
859 1842 1007 1920 sedet
1023 1867 1138 1921 sola
1167 1866 1352 1922 civitas
1380 1868 1542 1938 plena
1570 1842 1771 1939 populo
1805 1881 1851 1941 Β
1886 1862 1988 1918 bus
2036 1863 2360 1934 plerumque
2404 1863 2425 1896 δ
2475 1860 2599 1933 plus
2639 1877 2804 1933 quam
2857 1860 3079 1932 expedit
3128 1858 3492 1927 deservimus,

184 1957 395 2026 (Thren.
419 1973 459 2021 1,
496 1957 551 2028 1)
576 1956 604 2012 ‘P
649 1955 755 2012 Sed
783 1972 908 2011 cum
953 1971 1050 2028 per
1076 1955 1299 2012 beatum
1342 1956 1445 2012 Job
1483 1957 1550 2013 de
1593 1959 1778 2029 pravis

181 2045 369 2102 dicitur
390 2063 401 2102 :
429 2046 705 2103 Rodebant
718 2047 772 2101 in
788 2047 1093 2113 solitudine,
1114 2046 1247 2103 libet
1267 2047 1472 2104 intueri
1489 2047 1595 2106 hoc
1610 2049 1777 2106 etiam

180 2135 312 2208 quod
345 2151 438 2207 per
475 2136 824 2193 Psalmistam
855 2136 1067 2194 dictum
1111 2143 1230 2194 est:
1268 2138 1481 2194 Inimici
1522 2139 1636 2210 ejus
1665 2146 1780 2195 ter-

179 2242 286 2279 ram
323 2225 517 2297 lingent
547 2225 720 2298 (Psal.
752 2243 908 2295 LXXI,
938 2227 1020 2298 9).

252 2318 391 2377 649
431 2315 524 2372 27.
559 2313 700 2390 [Vet.
737 2313 896 2389 ΧΙΙ.]
934 2315 1051 2372 Alii
1077 2316 1408 2384 adulatione,
1451 2317 1552 2374 alii
1591 2324 1778 2389 aperta

178 2411 225 2466 ei
249 2411 493 2468 avaritia:
515 2412 743 2468 student.
766 2443 837 2455 —-
857 2415 980 2470 Duo
1001 2413 1202 2487 quippe
1230 2422 1360 2471 sunt
1389 2431 1586 2487 genera
1602 2413 1780 2470 homi-

179 2519 298 2559 num
343 2503 641 2560 ambitioni
697 2521 813 2561 sua
868 2505 1275 2563 servientium:
1335 2523 1510 2562 unum
1569 2505 1781 2562 videli—

177 2601 251 2650 cet
278 2595 421 2668 quod
479 2611 698 2667 semper
726 2595 796 2651 ad
842 2596 1134 2652 avaritiam
1175 2596 1573 2652 blandimentis
1603 2596 1782 2652 utitur

181 2684 397 2756 lingua;
430 2685 587 2741 aliud
618 2702 751 2742 vero
803 2687 950 2758 quod
980 2695 1166 2759 aperta
1196 2688 1250 2743 vi
1284 2688 1522 2744 intendit
1551 2689 1777 2760 rapina.

177 2773 296 2829 Nam
329 2774 606 2843 rodimus,
647 2792 774 2830 cum
805 2775 1017 2847 aliquid
1048 2777 1296 2831 exterius
1321 2776 1450 2831 forti
1475 2777 1674 2832 adnisu
1704 2784 1781 2832 at-

181 2863 418 2918 terimus.
454 2863 746 2918 Lambitur
765 2863 912 2917 enim
943 2863 1164 2935 quando
1192 2863 1296 2919 hoc
1327 2863 1476 2936 quod
1505 2864 1593 2919 edi
1623 2865 1783 2920 facile

184 2969 280 3008 non
301 2958 510 3025 potest,
536 2950 800 3023 impressa
815 2950 1018 3022 lingua
1042 2950 1267 3006 lenitate
1289 2958 1555 3022 gustatur.
1582 2951 1785 3007 Omnes

180 3041 338 3114 igitur
396 3041 564 3097 etiam
616 3040 718 3096 sub
772 3041 951 3113 specie
985 3041 1115 3097 ﬁdei
1157 3057 1322 3112 prave
1375 3042 1648 3111 viventes,
1689 3042 1784 3115 qui

179 3131 348 3187 aliena
376 3137 669 3203 appetunt,
701 3129 796 3186 sed
824 3146 886 3185 ea
917 3147 1038 3203 qua
1068 3138 1335 3203 appetunt
1369 3147 1556 3203 rapere
1585 3147 1784 3204 nequa-

180 3237 334 3293 quam
372 3227 626 3292 possunt,
669 3219 889 3276 blandis
925 3228 1108 3276 autem
1139 3220 1488 3276 sermonibus
1528 3228 1582 3277 et
1628 3222 1780 3294 quasi
1822 3245 1865 3305 ο

178 3309 406 3366 mollitie
436 3310 750 3367 dulcedinis
792 3311 1090 3383 concupita
1123 3310 1438 3366 abstrahere
1487 3319 1784 3376 conantur,

179 3399 306 3472 quid
321 3399 476 3456 aliud
498 3417 660 3474 quam
679 3407 880 3457 terram
905 3401 1156 3474 lingunt?
1172 3401 1303 3475 quia
1322 3409 1536 3456 terrena
1558 3418 1786 3474 quaque

181 3506 292 3562 qua
324 3489 536 3545 virtute
578 3495 863 3562 nequeunt
892 3489 1128 3557 auferre,
1163 3489 1396 3545 mollitie
1426 3489 1627 3561 lingua
1659 3505 1788 3544 mo-

189 3578 417 3636 liuntur.
452 3578 560 3646 Qui
615 3594 746 3635 vero
793 3579 854 3634 in
908 3578 1014 3635 hoc
1043 3577 1254 3634 mundo
1309 3578 1496 3652 aliqua
1525 3585 1790 3650 potestate

179 3668 382 3724 sullulti
403 3675 557 3736 sunt,
589 3675 644 3722 et
675 3668 1126 3740 concupiscentes
1153 3667 1354 3736 aliena,
1385 3665 1626 3724 blandiri
1656 3667 1790 3740 qui—

179 3755 294 3813 dem
327 3774 398 3814 ex
430 3757 625 3813 fraude
646 3755 983 3828 despiciunt,
1015 3757 1146 3830 quia
1175 3755 1341 3812 etiam
1364 3755 1572 3829 injusto
1593 3757 1789 3814 robore

177 3856 397 3920 possunt
457 3847 685 3919 implere
742 3845 891 3918 quod
949 3847 1166 3914 volunt,
1218 3845 1275 3902 hi
1324 3847 1473 3921 quod
1525 3855 1791 3921 appetunt

177 3954 277 3995 non
309 3938 590 4006 lambunt,
637 3936 731 3993 sed
761 3937 987 4007 rodunt,
1043 3938 1303 4012 quoniam
1354 3938 1790 4014 propinquorum

179 4029 342 4085 vitam
368 4026 701 4084 fortitudine
725 4027 930 4083 virium
950 4028 1101 4083 velut
1120 4027 1319 4084 adnisu
1340 4028 1589 4086 dentium
1608 4029 1792 4088 demo-

178 4120 404 4178 liuntur.
431 4118 751 4190 Conspiciat
779 4118 964 4192 itaque
986 4126 1175 4176 sancta
1197 4119 1446 4176 Ecclesia
1465 4136 1622 4176 veras
1650 4121 1791 4176 divi-

181 4209 309 4267 tias3
342 4217 566 4266 aeterna
592 4207 815 4281 patria;
848 4209 1153 4282 conspiciat
1194 4208 1562 4281 frequentiam
1593 4226 1796 4282 super-

182 4312 371 4354 norum
403 4296 656 4364 civium;
689 4297 998 4370 conspiciat
1048 4298 1106 4354 in
1147 4296 1336 4353 electis
1384 4296 1536 4354 suis‘
1577 4298 1792 4354 cultum

184 4387 399 4456 mentis,
432 4395 490 4442 et
529 4385 1023 4443 innumerabilium
1075 4387 1221 4444 bona
1275 4387 1572 4455 virtutum,
1629 4395 1793 4460 atque

184 4473 247 4530 ab
273 4476 352 4532 eis
398 4474 467 4530 ad
499 4489 799 4547 pravorum
831 4475 1004 4531 vitam
1063 4474 1216 4532 omni
1250 4475 1398 4532 bono
1445 4474 1791 4544 destitutam,

187 4565 377 4621 mentis
406 4565 632 4621 oculum
654 4572 912 4631 revocet;
944 4573 998 4620 et
1026 4581 1098 4620 ex
1125 4565 1350 4621 illorum
1381 4566 1792 4639 comparatione

188 4651 360 4709 videat
388 4652 632 4727 qualiter
659 4652 763 4709 ista
790 4652 1006 4709 cunctis
1027 4652 1330 4710 virtutibus
1357 4654 1430 4711 sit
1444 4671 1641 4725 vacua,
1664 4655 1794 4729 quia

188 4757 414 4815 superna
441 4742 709 4812 deseruit,
737 4750 792 4799 et
822 4742 1014 4800 inﬁma
1041 4744 1383 4818 concupivit.
1416 4745 1617 4803 Videat
1645 4763 1796 4821 quo-

189 4833 341 4892 modo
368 4834 696 4908 plerumque
725 4833 783 4891 id
813 4833 961 4908 quod
992 4835 1222 4908 appetit,
1245 4835 1291 4892 si
1327 4835 1556 4894 fortasse
1588 4853 1792 4910 prava-

191 4920 277 4993 let,
303 4924 469 4982 etiam
507 4924 781 4982 violenter
807 4925 974 4999 rapit.
1016 4924 1216 4982 Videat
1245 4926 1382 4982 tales
1409 4929 1431 4964 ⁸
1464 4927 1618 5001 quasi
1649 4927 1796 4984 intra

191 5029 240 5070 se
259 5016 462 5088 positos
482 5016 582 5074 diu
595 5017 879 5086 tolerasse,
903 5022 1066 5089 atque
1094 5031 1164 5071 ex
1192 5031 1386 5072 eorum
1415 5017 1595 5089 culpis
1623 5034 1796 5091 usque

193 5103 253 5160 ad
277 5105 550 5164 bonorum
583 5122 801 5181 quoque
829 5105 1075 5179 pericula
1112 5121 1176 5162 ac
1229 5104 1562 5162 detrimenta
1590 5121 1798 5180 perve-

193 5194 348 5267 nisse,
370 5205 426 5256 et
446 5197 628 5256 dicat:
661 5198 764 5267 Qui
778 5197 1032 5253 rodebant
1051 5196 1108 5251 in
1127 5196 1518 5253 solitudine.Ac
1546 5196 1593 5253 si
1610 5205 1796 5270 aperte

264 5434 278 5466 ¹
309 5432 511 5489 Pratel.
544 5447 608 5489 ac
635 5431 872 5498 Gemet.,
900 5429 1050 5485 intra
1077 5427 1420 5484 savientium.

260 5503 280 5537 ³
309 5503 509 5572 Laud.,
540 5502 703 5560 Corb.
734 5502 946 5570 Germ.,
995 5502 1211 5569 Norm.,
1241 5508 1371 5569 etc.,
1414 5516 1520 5572 pro
1576 5499 1787 5555 virtute.

261 5575 281 5609 ³
311 5575 566 5644 Plurimi,
594 5581 802 5630 aeterna
825 5573 1032 5646 glorias.

263 5647 282 5681 ⁵
312 5646 576 5715 Vindoc.,
606 5647 809 5702 culmen
833 5645 1040 5701 mentis.

261 5719 284 5791 ξ
312 5718 575 5791 Vindoc.,
597 5718 752 5791 quasi
778 5715 1328 5791 interpositos._Corb.
1362 5715 1574 5791 Germ.,
1593 5715 1790 5791 _Norm.

200 5795 249 5862 et
266 5789 462 5859 Laud.,
493 5787 668 5847 videat
695 5792 825 5846 tales
860 5787 1094 5862 aequasi
1136 5789 1284 5862 intra
1315 5788 1538 5862 positos.
1569 5787 1792 5862 _Germ.,

201 5860 366 5918 videat
388 5857 516 5919 tales
535 5879 641 5919 esse
658 5862 811 5933 quasi
824 5862 881 5918 in
901 5857 1049 5918 terra
1069 5860 1290 5933 positos.
1315 5857 1490 5917 Gilot.
1523 5857 1591 5916 ad
1620 5874 1791 5930 marg.

1825 4611 1874 4669 D

1887 1953 2198 2024 mentisque
2226 1967 2412 2007 curam
2435 1951 2786 2024 negligimus,
2809 1967 2878 2006 ex
2901 1949 3124 2006 miseria
3148 1948 3497 2020 negligentia

1886 2041 2201 2098 inﬁrmitati
2234 2048 2434 2097 nostra
2456 2039 2713 2096 addimus
2735 2039 3046 2112 squalorem
3077 2038 3272 2109 culpa.
3296 2039 3493 2094 Neces-

1887 2131 2076 2188 sitates
2102 2148 2341 2204 namque
2371 2130 2647 2186 naturales
2676 2129 2783 2185 hoc
2803 2128 3002 2184 habere
3033 2127 3191 2183 valde
3219 2126 3494 2198 periculo-

1888 2241 2010 2279 sum
2049 2223 2251 2291 solent,
2285 2222 2434 2296 quod
2462 2238 2604 2294 sape
2665 2220 2724 2276 in
2781 2219 2860 2276 eis
2902 2218 3130 2274 minime
3159 2216 3496 2274 discernitur

1889 2312 2024 2385 quid
2044 2311 2190 2369 circa
2211 2312 2336 2368 illas
2366 2328 2463 2384 per
2488 2309 2751 2366 utilitatis
2770 2307 3016 2365 studium
3040 2315 3094 2363 et
3120 2305 3255 2380 quid
3286 2322 3382 2378 per
3408 2321 3502 2362 vo-

1889 2400 2120 2472 luptatis
2176 2401 2378 2456 vitium
2413 2407 2634 2472 agatur.
2681 2397 2886 2456 Crebro
2915 2396 3063 2452 enim
3095 2395 3380 2453 occasione
3408 2411 3503 2451 se-

1889 2489 2170 2546 ductionis
2200 2490 2448 2557 inventa,
2481 2488 2613 2544 dum
2643 2485 2954 2544 necessitati
2984 2485 3169 2541 debita
3197 2483 3501 2551 reddimus,

1892 2581 2194 2653 voluptatis
2223 2580 2363 2636 vitio
2393 2580 2763 2646 deservimus,
2790 2585 2842 2632 et
2864 2574 3208 2632 inﬁrmitatis
3230 2574 3503 2630 velamine

1892 2682 2019 2729 ante
2045 2671 2397 2730 discretionis
2427 2671 2616 2727 oculos
2663 2669 2948 2725 excusatio
2977 2674 3166 2724 nostra
3203 2682 3261 2723 se
3291 2665 3502 2737 palliat,

1892 2782 1954 2822 ac
1983 2764 2138 2836 quasi
2167 2765 2272 2820 sub
2301 2761 2611 2836 patrocinio
2631 2759 2917 2832 explenda
2951 2758 3213 2814 utilitatis
3241 2757 3501 2814 occultat.

1893 2853 2276 2909 Inﬁrmitatem
2334 2869 2466 2907 vero
2499 2858 2707 2906 natura
2737 2857 2942 2906 nostra
2983 2864 3082 2921 per
3114 2846 3502 2920 negligentiam

1895 2926 2162 3009 relaxare,
2194 2942 2336 2996 nihil
2383 2949 2464 2995 est
2491 2941 2643 2995 aliud
2671 2957 2835 3012 quam
2883 2938 3192 2996 calamitati
3226 2939 3504 2996 miseriam

1896 3029 2116 3097 addere,
2148 3046 2211 3086 ac
2249 3028 2515 3084 vitiorum
2564 3028 2876 3100 squalorem
2931 3043 3000 3082 ex
3047 3027 3240 3082 eadem
3282 3026 3506 3086 miseria

1897 3120 2288 3192 multiplicare.
2348 3117 2504 3175 Unde
2532 3117 2708 3174 sancti
2743 3116 2848 3172 viri
2882 3115 2939 3171 in
2970 3131 3136 3172 omne
3165 3115 3312 3189 quod
3337 3123 3508 3188 agunt

1895 3209 2301 3268 studiosissima
2339 3207 2646 3264 intentione
2702 3205 3047 3272 discernunt,
3079 3210 3224 3267 650
3269 3221 3337 3260 ne
3374 3203 3508 3278 quid

1897 3311 2020 3382 plus
2045 3309 2114 3366 ab
2143 3308 2222 3364 eis
2267 3315 2479 3365 natura
2508 3322 2620 3361 sua
2677 3304 2996 3372 inﬁrmitas,
3055 3320 3221 3377 quam
3275 3301 3510 3359 debetur

1897 3401 2110 3471 exigat,
2133 3414 2201 3455 ne
2231 3397 2334 3454 sub
2363 3395 2704 3453 necessitatis
2722 3393 2964 3466 tegmine
2986 3393 3044 3448 in
3078 3393 3158 3448 eis
3185 3391 3386 3448 vitium
3417 3407 3510 3448 vo-

1898 3489 2130 3563 luptatis
2158 3494 2460 3545 excrescat.
2492 3485 2661 3542 Aliud
2691 3484 2840 3540 enim
2871 3500 2940 3539 ex
2978 3483 3323 3551 inﬁrmitate,
3352 3481 3505 3538 aliud

1899 3595 1968 3635 ex
1997 3576 2322 3635 tentationis
2341 3574 2687 3648 suggestione
2707 3572 3002 3638 sustinent;
3035 3579 3089 3627 et
3109 3571 3263 3645 quasi
3284 3569 3510 3644 quidam

1900 3666 2233 3724 rectissimi"
2271 3665 2465 3722 arbitri
2513 3664 2660 3720 inter
2706 3662 3096 3720 necessitatem
3133 3661 3514 3733 voluptatem-

1901 3773 2006 3830 que
2036 3755 2352 3821 constituti,
2386 3755 2406 3790 ⁸
2443 3753 2588 3810 hanc
2624 3751 2967 3810 consolando
3016 3749 3333 3818 sublevant,
3357 3749 3510 3806 illam

1901 3847 2200 3921 premendo
2229 3847 2466 3902 frenant.
2498 3844 2653 3901 Unde
2682 3842 2745 3898 ﬁt
2774 3850 2835 3899 ut
2861 3851 2916 3899 et
2947 3842 2992 3898 si
3025 3839 3372 3898 inﬁrmitatis
3399 3855 3512 3896 sua

1901 3937 2267 3994 calamitatem
2313 3935 2570 4002 tolerent,
2620 3940 2803 3989 tamen
2839 3931 2909 3988 ad
2936 3933 3247 4005 squalorem
3279 3927 3513 3985 miseria

1902 4043 1998 4100 per
2027 4023 2417 4099 negligentiam
2447 4038 2560 4078 non
2589 4021 2946 4078 descendant.
3001 4020 3119 4076 Hoc
3150 4018 3330 4089 ipsum
3361 4015 3511 4073 enim

1903 4132 2019 4172 esse
2049 4115 2106 4170 in
2135 4113 2468 4179 calamitate,
2500 4118 2582 4167 est
2611 4108 2967 4166 necessitates
2996 4114 3204 4163 natura
3233 4121 3303 4162 ex
3331 4104 3512 4162 carnis

1902 4205 2090 4261 adhuc
2103 4201 2482 4274 corruptibilis
2504 4199 2831 4256 inﬁrmitate
2842 4197 3132 4255 sustinere.
3152 4196 3299 4264 Quas
3316 4195 3511 4253 videli-

1905 4301 1991 4352 cet
2021 4293 2373 4350 necessitates
2424 4290 2685 4364 cupiebat
2733 4289 2988 4357 evadere,
3028 4287 3124 4361 qui
3154 4285 3404 4344 dicebat:
3438 4285 3516 4342 De

1906 4385 2296 4442 necessitatibus
2323 4383 2452 4439 meis
2480 4383 2720 4454 eripeme
2751 4381 2925 4452 (Psal.
2958 4395 3120 4446 xxrv,
3152 4377 3268 4448 17).
3300 4375 3517 4434 Sciebat

1903 4477 2051 4535 enim
2083 4475 2412 4548 plerumque
2442 4473 2790 4546 voluptatum
2819 4471 3011 4542 culpas
3029 4484 3099 4525 ex
3126 4465 3514 4525 necessitatum

1906 4565 2198 4624 occasione
2227 4577 2616 4638 prorumpere;
2651 4569 2705 4617 et
2747 4576 2817 4616 ne
2845 4559 2981 4632 quid
3027 4564 3223 4630 sponte
3251 4555 3510 4614 illicitum

1913 4655 2252 4723 admitteret,
2285 4653 2391 4710 hoc
2419 4653 2600 4725 ipsum
2631 4649 2908 4724 satagebat
2933 4647 3120 4718 evelli,
3147 4645 3298 4722 quod
3325 4645 3518 4704 nolens

1902 4764 1972 4806 ex
2001 4747 2188 4804 radice
2232 4744 2520 4803 tolerabat.

1975 4837 2064 4896 29.
2092 4836 2378 4903 Carnutes,
2405 4836 2534 4892 dum
2556 4831 2850 4891 necessitati
2875 4830 3090 4904 obsequi
3114 4828 3383 4894 videntur,
3428 4841 3512 4882 eo-

1908 4929 2101 5002 luptati
2124 4927 2383 5010 serviunt.
2421 4927 2632 4986 Utinam
2655 4925 2844 4998 pravis
2887 4939 3030 4980 mors
3059 4938 3159 4978 sua
3185 4921 3300 4976 sola

1906 5026 2005 5076 ret.
2021 5049 2093 5061 —
2111 5006 2186 5076 At
2213 5025 2408 5075 contra
2461 5016 2618 5091 pravi
2651 5015 2891 5089 gaudent
2933 5013 2991 5070 in
3039 5011 3118 5068 eis
3145 5006 3520 5079 corruptionis

1908 5127 2022 5166 sua
2050 5107 2496 5174 necessitatibus,
2527 5106 2658 5182 quia
2686 5105 2956 5162 nimirum
2986 5116 3077 5158 eas
3113 5097 3183 5155 ad
3210 5112 3372 5154 usum
3402 5111 3514 5152 vo-

1909 5199 2186 5273 luptatum
2217 5203 2556 5271 retorquent.
2591 5195 2729 5254 Cum
2747 5193 2896 5250 enim
2917 5186 3228 5246 reﬁciendis
3247 5185 3373 5244 cibo
3399 5203 3516 5244 cor-

1899 5426 2189 5484 annotavit
2226 5426 2284 5480 in
2319 5431 2484 5489 terra,
2528 5438 2628 5489 pro
2666 5420 2835 5476 intra.

1973 5501 1995 5535 ⁶
2024 5499 2172 5570 Sag,
2213 5497 2450 5564 Gemet.,
2481 5489 2708 5550 Ebroic.
2753 5499 2808 5548 et
2854 5489 2950 5547 alii
2980 5490 3197 5559 Norm.,
3223 5491 3510 5563 plusquam

1901 5575 2434 5717 necleggritf-Germ”
2457 5637 2572 5717 duo,
2588 5635 2759 5717 Ling,
2791 5643 2845 5717 9t
2862 5635 3073 5716 Germ,
3094 5633 3342 5700 arbitres,
3359 5630 3510 5717 quod

1901 5713 2202 5789 aliquando
2239 5712 2296 5768 in
2326 5703 2452 5767 aliis
2490 5716 2600 5765 vet.
2634 5708 2768 5766 Cod.
2804 5705 3120 5764 invenimus
3138 5721 3258 5833 agro
3285 5703 3502 5784 arbitri.

1977 5787 1998 5822 ⁸
2024 5785 2186 5845 Corb.
2219 5784 2476 5841 Germ.et
2505 5780 2704 5845 Laud.,
2735 5781 2872 5836 hanc
2890 5778 3134 5833 consulen
3213 5820 3226 5834 .
3250 5772 3502 5837 Vindoc.,

1977 5803 1998 5822 °
2024 5803 2186 5845 born.
2219 5803 2476 5841 hermas
2505 5803 2704 5849 uisum,
2735 5803 2872 5836 naut:
2890 5803 3226 5834 consutarius).
3263 5803 3512 5837 Vluuuv.,

1904 5859 2039 5916 hanc
2064 5855 2310 5914 solvendo
2343 5854 2636 5911 sublevant.
