3946 6372
466 379 569 439 155

1671 357 1925 416 SANCTI
1962 353 2303 413 GREGORII
2338 350 2567 409 MAGNI

3662 345 3752 405 £86

440 501 693 579 .poribus
708 501 925 555 naturae
951 493 1223 563 serviunt,
1253 506 1350 566 per
1376 488 1798 548 delectationem
1826 482 1966 558 gulae
1993 482 2055 540 in
2082 483 2135 544 Α
2161 477 2414 536 sionibus
2438 475 2501 533 in
2526 473 2818 533 nonnullis
2839 472 2860 509 ⁸
2889 468 3169 529 exteriora
3174 467 3453 579 joperaiin
3479 470 3753 531 nonnullis

461 575 762 666 voluptatis
774 586 1026 663 ingluvie
1045 582 1454 643 distenduntur.
1470 579 1612 639 Cum
1631 575 1878 651 tegendis
1889 589 2059 666 mem:

459 684 574 745 bris
595 663 929 740 vestimenta
951 681 1229 751 quierunt,
1249 689 1365 731 non
1382 671 1562 729 solum
1583 685 1704 743 quae
1728 673 1936 738 tegant,
1965 663 2061 721 sed

457 773 626 831 etiam
647 788 769 846 qum
795 767 1068 826 extollant
1104 768 1410 836 expetunt;
1454 768 1510 815 et
1561 765 1754 815 contra
1780 762 2060 828 torporem

458 844 704 938 frigoris,
734 875 845 919 non
873 858 1053 916 solum
1083 872 1204 930 quae
1229 869 1328 926 per
1354 847 1747 926 pinguedinem
1780 844 2058 938 muniant,

459 937 555 1014 sed
573 953 740 1012 etiam
768 967 890 1026 qum
917 964 1016 1022 per
1054 944 1349 1004 mollitiem
1375 941 1686 1007 delectent;
1736 954 1851 996 non
1881 937 2060 995 solum

459 1061 581 1120 quas
607 1059 706 1118 per
731 1039 1026 1100 mollitiem
1053 1043 1260 1094 tactum
1291 1033 1592 1100 mulceant,
1620 1028 1715 1086 sed
1743 1027 1910 1086 etiam
1938 1043 2060 1100 quas

457 1119 556 1211 per
580 1135 825 1194 colorem
853 1130 1042 1190 oculos
1057 1127 1341 1186 seducant.
1362 1120 1714 1182 Necessitatis
1742 1119 1914 1192 igitur
1935 1133 2060 1176 cau-

457 1209 575 1284 sam
603 1225 666 1283 in
692 1239 853 1281 usum
882 1218 1184 1294 voluptatis
1203 1223 1437 1284 vertere,
1459 1211 1595 1288 quid
1613 1219 1697 1270 est
1714 1209 1867 1268 aliud
1894 1226 2059 1284 quam

465 1320 481 1356 ¹
512 1313 817 1375 calamitati
844 1328 957 1370 suae
985 1309 1297 1386 squalorem
1326 1303 1562 1362 miseriae
1581 1300 1790 1359 sociare
1810 1301 1838 1358 ?
1870 1299 2061 1357 Pressa

460 1409 648 1484 itaque
684 1415 931 1480 tempore
966 1399 1317 1460 adversitatis
1354 1396 1628 1464 Ecclesia,
1674 1391 2061 1484 reminiscatur

459 1483 653 1559 eorum
682 1513 754 1555 ex
781 1511 1017 1570 quorum
1065 1491 1266 1550 merito
1305 1487 1439 1547 talia
1482 1485 1740 1554 sustinet,
1787 1491 1843 1541 et
1868 1483 2055 1540 dicat:

461 1590 566 1662 Qui
599 1588 858 1646 rodebant
894 1575 956 1641 in
982 1581 1290 1641 solitudine.
1327 1580 1624 1652 squalentes
1667 1574 1970 1632 calamitate
2014 1578 2063 1630 et

727 1675 1050 1735 Calamitate
1074 1672 1290 1730 scilicet
1315 1686 1430 1727 non
1448 1665 1818 1740 squalerent,’
1846 1665 1894 1722 si
1913 1665 2065 1722 insi-

460 1769 534 1828 tis
560 1762 982 1824 necessitatibus
1009 1761 1360 1832 voluptatum
1381 1755 1661 1812 miseriam
1677 1771 1789 1813 non
1804 1759 2062 1830 superad.

2169 575 2353 626 autem
2382 583 2480 640 per
2505 581 2658 639 spem
2701 563 2941 620 virentia
2968 561 3136 620 corda
3161 557 3523 633 dissipabant.

2240 660 2331 717 31.
2360 657 2551 730 Aliqui
2575 657 2692 712 sola
2717 654 2934 711 virtutis
2960 653 3145 726 specie,
3162 650 3321 724 quasi
3347 650 3538 707 cortice
3559 667 3751 708 nescim-

2171 755 2280 805 tur.
2309 778 2382 789 —
2399 747 2501 803 Vel
2530 752 2676 803 certe
2704 743 2903 801 herbas
2927 741 3188 798 mandere
3217 747 3322 808 est,
3351 737 3496 798 levia
3523 739 3754 813 quaedam

2168 854 2232 895 ac
2260 844 2448 894 tenera
2466 835 2533 892 de
2558 833 2803 908 antiquis
2822 830 3072 906 patribus
3089 827 3319 887 imitari.
3348 827 3620 886 Arborum
3639 845 3755 889 vero

2169 925 2403 986 cortices
2430 925 2592 982 edere
2620 931 2703 981 est
2729 939 2923 980 eorum
2953 937 3121 996 opera
3149 917 3440 994 superﬁcie
3467 926 3625 978 tenus
3649 935 3756 995 age-

2170 1033 2250 1087 re,
2281 1015 2378 1074 sed
2405 1014 2771 1072 intentionem
2802 1019 3011 1069 rectam
3052 1010 3114 1068 in
3141 1009 3350 1068 eisdem
3377 1007 3632 1083 operibus
3655 1025 3757 1068 non

2170 1114 2376 1165 tenere.
2397 1106 2538 1163 Sunt
2554 1104 2706 1162 enim
2725 1101 3008 1171 nonnulli,
3029 1101 3125 1176 qui
3137 1101 3273 1160 dum
3283 1099 3567 1175 praesentis
3577 1097 3756 1158 mundi

2170 1197 2399 1270 gloriam
2428 1194 2676 1270 ejusdem
2705 1191 2899 1250 mundi
2923 1191 3240 1250 actionibus
3266 1187 3499 1264 adipisci
3526 1205 3636 1247 non
3650 1205 3755 1264 pos-

2169 1298 2318 1360 sunt,
2351 1289 2589 1365 speciem
2632 1286 2940 1346 sanctitatis
2984 1291 3271 1360 appetunt,
3312 1283 3561 1343 habitum
3599 1298 3759 1341 vene-

2168 1381 2402 1439 rationis
2452 1385 2705 1448 sumunt,
2763 1377 3072 1435 imitatores
3124 1374 3486 1450 antiquorum
3551 1380 3755 1448 patrum

2168 1471 2348 1528 videri
2379 1469 2809 1542 concupiscunt,
2853 1474 2913 1523 et
2954 1465 3205 1540 quaedam
3253 1462 3479 1539 quidem
3517 1478 3679 1538 parva
3703 1476 3759 1519 ac

2170 1560 2316 1618 levia
2344 1565 2635 1633 peragunt,
2682 1555 2779 1613 sed
2806 1573 2999 1613 eorum
3038 1552 3225 1624 fortia,
3259 1560 3315 1611 et
3360 1570 3483 1628 quas
3510 1567 3581 1610 ex
3605 1550 3760 1609 solius

2169 1648 2455 1708 cbaritatis
2480 1645 2664 1704 radice
2692 1644 2989 1719 prodeunt,
3026 1642 3237 1700 imitari
3296 1647 3674 1700 contemnunt.
3702 1636 3764 1695 ili

2168 1743 2431 1803 videlicet
2475 1741 2674 1799 herbas
2716 1740 2911 1809 edunt,
2967 1736 3098 1814 quia
3139 1752 3338 1810 magna
3389 1735 3691 1808 negligunt,
3714 1744 3762 1794 et

460 1823 674 1920 derant.
697 1857 845 1926 Quas
865 1851 1123 1910 videlicet
1147 1823 1503 1906 necessitates
1530 1863 1600 1903 ex
1629 1823 2062 1923 parentis'primi
2095 1849 2142 1912 Β
2167 1835 2378 1926 ῨίῙίδᾏιε
2406 1833 2697 1926 Siluani“.
2726 1832 3057 1904 Plerumque
3087 1836 3274 1885 tamen
3301 1827 3472 1926 θξίόξῐι
3522 1823 3755 1925 quam

461 1950 624 2023 culpa
640 1945 965 2006 meruimus.
989 1941 1059 1998 Hi
1077 1956 1208 1997 vero
1227 1939 1325 2014 qui
1340 1937 1639 1996 calamitati
1656 1955 1768 1995 suae
1788 1939 2067 1998 miseriam

461 2037 793 2112 adjungunt,
821 2051 892 2092 ex
910 2031 1160 2093 cruciatu
1186 2045 1361 2104 paenae
1388 2026 1457 2084 ad
1483 2035 1777 2100 augmenta
1803 2046 2070 2102 prorum-

461 2136 604 2204 punt
628 2129 825 2200 culpae.
866 2123 975 2182 Sed
1001 2121 1217 2180 utinam
1254 2119 1392 2175 tales
1419 2134 1545 2175 cum
1591 2116 1663 2174 ad
1708 2119 1907 2177 melius
1932 2136 2068 2194 per-

461 2217 668 2276 mutari
694 2215 1030 2290 despiciunt,
1066 2212 1144 2269 ita
1185 2225 1442 2284 perversa
1477 2215 1718 2281 agerent,
1762 2215 1827 2266 ut
1862 2226 1975 2268 non
2003 2227 2067 2268 ea

461 2306 629 2363 etiam
657 2304 785 2362 aliis
810 2302 1187 2377 propinarent.
1231 2297 1456 2356 Utinam
1488 2297 1604 2354 illis
1648 2313 1798 2355 mors
1824 2313 1924 2356 sua
1949 2299 2066 2357 sola

460 2395 758 2464 sufﬁceret,
787 2400 844 2450 et
887 2407 1001 2450 non
1031 2387 1327 2447 virulentis
1353 2386 1800 2460 persuasionibus
1827 2386 2065 2446 alienam

458 2485 626 2543 etiam
653 2484 828 2543 vitam
855 2487 1134 2540 necarent.
1163 2477 1424 2537 Invident
1445 2475 1596 2533 enim
1624 2476 1763 2534 alios
1781 2492 1896 2534 esse
1915 2475 2065 2550 quod

460 2590 574 2632 non
602 2581 756 2643 sunt,
783 2572 975 2629 dolent
1013 2569 1154 2628 alios
1181 2567 1419 2641 adipisci
1448 2565 1598 2640 quod
1634 2566 1894 2640 perdunt.
1924 2567 2063 2624 Nam

459 2665 509 2723 si
533 2679 643 2739 qua
669 2663 811 2720 forte
829 2661 890 2719 in
917 2661 1156 2718 aliorum
1183 2656 1396 2715 actibus
1422 2655 1629 2714 exoriri
1661 2655 1809 2712 bona
1834 2654 2066 2727 conspi-

458 2755 638 2826 ciunt,
669 2769 802 2812 mox
829 2768 895 2811 ea
922 2767 1091 2808 manu
1134 2748 1405 2824 pestiferae
1433 2746 1879 2820 exprobrationis
1905 2746 2064 2803 evel-

459 2845 604 2903 lunt.
652 2843 808 2904 Unde
853 2849 909 2900 et
936 2839 1187 2916 sequitur
1229 2839 1370 2916 [νει.
1400 2836 1611 2913 XIII]:
1643 2837 1720 2894 Et
1743 2836 2067 2894 mandebant

458 2934 670 3003 herbas,
708 2939 758 2990 et
782 2933 1041 2990 arborum
1065 2931 1300 2989 cortices.

462 3054 475 3064 -
526 3023 618 3082 30.
647 3021 960 3096 Incipientes
988 3027 1037 3078 et
1062 3020 1122 3077 in
1148 3020 1280 3078 bono
1301 3017 1636 3092 proﬁcientes
1657 3024 1957 3092 pervertere
1982 3034 2063 3074 co-

454 3119 676 3170 nantur.
706 3143 781 3157 —
806 3112 955 3181 Quid
972 3110 1123 3168 enim
1145 3126 1243 3182 per
1255 3107 1454 3165 herbas
1472 3107 1581 3164 nisi
1601 3114 1789 3163 tenera
1813 3122 1879 3163 ac
1906 3113 2063 3164 terrm

2175 1924 2335 2001 quasi
2384 1922 2697 1981 robustiora
2746 1937 2913 1994 opera
2940 1925 3221 1988 exercent,
3269 1916 3365 1975 sed
3412 1913 3760 1974 intentionem

2174 2023 2382 2073 rectam
2434 2012 2497 2070 in
2549 2011 2757 2069 eisdem
2811 2009 3074 2084 operibus
3128 2022 3243 2066 non
3295 2013 3510 2064 tenent.
3567 2002 3760 2073 Quibus

2173 2105 2422 2179 profecto
2456 2102 2715 2160 arborum
2771 2099 3007 2158 cortices
3056 2097 3317 2157 mandere
3350 2105 3438 2154 est
3481 2093 3763 2153 exteriores

2174 2197 2477 2256 electorum
2535 2201 2691 2250 actus
2754 2207 3054 2261 assumere,
3127 2197 3184 2247 et
3237 2188 3605 2247 intentionem
3665 2183 3764 2243 bo-

2173 2302 2304 2345 nam
2331 2284 2392 2341 in
2439 2282 2602 2340 bonis
2628 2280 2844 2339 actibus
2889 2295 3003 2337 non
3044 2278 3266 2337 habere.
3306 2280 3457 2336 Dum
3499 2275 3646 2334 enim
3674 2287 3761 2348 pro

2173 2373 2418 2433 humana
2462 2371 2624 2430 laude
2655 2378 2802 2428 recta
2829 2385 2995 2444 opera
3038 2369 3366 2444 exquirunt,
3424 2366 3521 2425 sed

2173 2480 2270 2522 cor
2313 2469 2462 2520 recte
2517 2459 2866 2536 operantium
2903 2457 3212 2532 negligant,
3242 2473 3313 2514 ex
3347 2454 3484 2513 solis
3521 2452 3761 2511 arborum

2173 2552 2475 2613 corticibus
2514 2551 2816 2626 replentur.
2862 2548 3001 2606 Toto
3041 2563 3279 2620 namque
3315 2543 3595 2603 desiderio
3630 2557 3762 2617 pre-

2171 2641 2344 2700 sentis
2359 2640 2488 2698 vita:
2506 2639 2760 2714 gloriam,
2778 2638 2867 2695 vel
2895 2635 3291 2694 abundantiam
3312 2639 3594 2708 quaerunt.
3621 2626 3761 2690 Unde

2172 2739 2227 2789 et
2254 2738 2399 2789 recte
2423 2727 2780 2804 subjungitur
2802 2744 2815 2784 :
2838 2728 2914 2784 Et
2931 2723 3483 2796 radirjuniperorum
3507 2717 3764 2778 eratcibus

2172 2839 2263 2879 90"
2266 2839 2374 2879 um.

2243 2910 2333 2969 32.
2362 2910 2550 2969 Praua
2603 2907 2740 2966 actio
2776 2922 2894 2979 qua:
2924 2904 3144 2962 delectat
3188 2899 3244 2957 in
3295 2901 3484 2974 culpa,
3510 2896 3694 2974 pungit
3718 2893 3766 2950 ia

2165 3017 2347 3075 paena.
2367 3030 2439 3042 —
2465 2999 2625 3056 Intus
2651 2996 2802 3055 enim
2826 2991 3082 3069 quamvis
3108 3006 3207 3064 per
3232 2988 3399 3046 ﬁdem
3426 2986 3614 3064 positi,
3644 2984 3763 3075 dum

2171 3073 2496 3165 plerumque
2529 3085 2776 3143 avaritiae
2822 3079 3252 3156 cogitationibus
3298 3079 3573 3150 serviunt,
3623 3073 3763 3153 quasi

456 3168 716 3277 pass.
758 3168 909 3257 bene
926 3168 1327 3255 inchoantium
1356 3196 1495 3263 vita.
1522 3201 1578 3252 et
1606 3194 1742 3268 quid
1769 3211 1867 3268 per
1892 3195 2066 3254 arbo-
2092 3218 2137 3280 c
2171 3180 2314 3240 ί¹¹¹¹⁶¹
2342 3177 2662 3280 “mih”
2693 3174 2844 3280 “d3
2869 3174 2928 3275 i9
2949 3180 3199 3280 ῗπίτθῗω
3219 3170 3348 3229 me
3373 3168 3761 3280 ΡΡΡΡῖίθῖθωἮ

455 3306 587 3350 rum
613 3288 849 3348 cortices
875 3286 985 3344 nisi
1005 3284 1282 3343 exteriora
1309 3300 1474 3357 opera
1499 3299 1690 3341 eorum
1720 3284 1817 3359 qui
1830 3283 1947 3358 jam
1969 3303 2057 3344 su.

457 3377 656 3437 blimia
695 3382 965 3450 appetunt
1006 3373 1366 3446 designantur
1391 3373 1422 3430 ‘l
1448 3373 1610 3431 Pravi
1648 3391 1886 3450 namque
1931 3393 2059 3434 cum

458 3473 610 3525 recta
627 3463 960 3540 incipientes
987 3463 1285 3537 aspiciunt,
1323 3470 1421 3520 aut
1448 3462 1751 3534 irridendo,
1781 3472 1876 3523 aut
1903 3465 2060 3539 quasi

459 3555 800 3616 consulendo
835 3553 1244 3613 contradicunt.
1288 3552 1427 3612 Cum
1482 3569 1614 3611 vero
1650 3553 1766 3628 jam
1793 3557 2057 3630 quosdam

457 3654 689 3721 pensant
713 3646 786 3704 ad
823 3661 1041 3703 summa
1071 3643 1354 3718 proﬁcere,
1394 3645 1526 3718 quia
1561 3660 1752 3702 eorum
1780 3647 2058 3719 profectus

455 3735 710 3797 funditus
727 3733 994 3808 dissipare
1028 3741 1332 3806 nequeunt,
1361 3751 1395 3791 a
1427 3732 1760 3807 quibusdam
1790 3734 1920 3793 illos
1943 3735 2058 3793 suis

454 3824 714 3901 operibus
751 3824 1056 3883 divertunt.
1095 3823 1302 3883 Herbas
1347 3823 1532 3898 itaque
1572 3824 1654 3882 eis
1688 3830 1745 3881 et
1796 3824 2055 3882 arborum

453 3915 686 3974 cortices
713 3913 995 3984 mandere,
1024 3921 1108 3972 est
1135 3913 1224 3970 vel
1264 3913 1449 3971 studia
1475 3912 1616 3970 bene
1644 3911 2054 3984 inchoantium,

452 4005 543 4065 vel
568 4005 915 4080 operationes
945 4002 1311 4079 quorumdam
1333 4001 1451 4076 jam
1499 4018 1652 4060 more
1687 4001 1949 4061 arborum
1985 4002 2055 4062 ad

451 4095 735 4170 superiora
750 4095 1102 4155 tendentium
1129 4095 1407 4170 pestiferis
1425 4093 1880 4168 persuasionibus
1898 4094 2055 4168 quasi

450 4182 785 4260 quibusdam
826 4184 1056 4243 malitias
1107 4200 1223 4242 sum
1270 4183 1532 4241 dentibus
1583 4189 1723 4248 651
1765 4181 2051 4258 dissipare.

453 4280 662 4340 Herbas
686 4279 960 4339 mandunt
983 4280 1205 4354 reprobi
1216 4294 1346 4350 cum
1372 4278 1723 4337 inﬁrmorum
1742 4281 1903 4340 initia
1930 4280 2054 4341 irri-

452 4370 636 4430 dendo
663 4376 1020 4429 consumunt.
1065 4367 1347 4426 Arborum
1385 4383 1604 4441 quoque
1631 4369 1862 4428 cortices
1888 4387 2055 4428 man-

450 4461 593 4520 dunt
637 4476 764 4518 cum
816 4474 989 4517 manu
1036 4456 1285 4532 perversi
1328 4456 1555 4514 consilii
1608 4474 1642 4515 a
1696 4458 1812 4516 vita
1840 4461 1862 4496 ³
1909 4467 2055 4517 recte

448 4550 814 4612 crescentium
850 4557 1071 4622 tegmen
1109 4547 1386 4605 bonorum
1430 4563 1659 4620 operum
1698 4548 2050 4608 subtrahunt.

449 4641 565 4700 Hos
589 4646 773 4698 autem
787 4639 849 4698 in
868 4636 1199 4714 quibusdam
1218 4637 1434 4696 actibus
1452 4637 1605 4696 velut
1624 4639 1847 4698 arbores
1862 4657 2054 4714 exspo-

449 4731 616 4800 liant;
647 4730 774 4788 illos
801 4745 934 4788 vero
963 4728 1116 4785 velut
1142 4726 1360 4799 herbas,
1391 4727 1528 4803 quia
1551 4728 1922 4803 despicientes
1949 4737 2056 4787 tra-

447 4820 613 4893 hunt,
637 4818 793 4896 quasi
821 4835 945 4896 quas
969 4820 1184 4877 calcant
1201 4818 1520 4878 comedunt.
1542 4819 1919 4889 Quorumdam
1937 4819 2054 4892 jam

444 4910 833 4970 fortitudinem
859 4909 920 4967 in
947 4908 1059 4966 alta
1085 4916 1399 4983 surgentem
1434 4922 1506 4966 ex
1546 4916 1701 4982 parte
1729 4906 2059 4965 demoliun-

442 5006 567 5069 tur;
613 4997 980 5076 quorumdam
1022 5013 1155 5056 vero
1197 4996 1631 5056 teneritudinem
1677 5003 1734 5054 et
1770 4995 1957 5054 adhuc
1995 4995 2056 5055 in

444 5089 575 5148 imis
598 5090 838 5164 positam
865 5087 1088 5165 penitus
1114 5095 1434 5148 contonat.
1464 5087 1623 5146 Dicat
1655 5086 1827 5160 igitur
1850 5104 1863 5144 ;
1885 5087 2056 5148 Μακ-

445 5178 635 5237 debant
658 5179 869 5252 herbas,
896 5185 949 5238 et
989 5178 1247 5238 arborum
1271 5176 1509 5248 cortices,
1537 5174 1670 5252 quia
1703 5176 1892 5252 pravis
1917 5175 2058 5234 irri-

522 5411 539 5446 ¹
570 5408 782 5466 Gemet.
813 5407 1018 5484 aliique
1060 5409 1253 5468 Norm.
1283 5425 1349 5468 ac
1389 5409 1417 5466 1
1474 5407 1674 5479 Laud.,
1721 5409 2045 5469 calamitatis

515 5555 542 5592 ²
566 5555 694 5611 Rec.
726 5553 855 5624 Ed.,
877 5555 925 5610 si
941 5554 998 5610 in
1013 5553 1147 5610 istis.
1171 5554 1301 5609 Mss.
1331 5553 1569 5621 Bellov.,
1590 5552 1822 5619 Turon.,
1853 5567 2046 5624 omnes

441 5625 657 5695 Norm.,
688 5625 812 5684 Val.
840 5621 953 5695 CL,
976 5633 1107 5692 etc.,
1138 5624 1345 5683 habent
1373 5624 1566 5696 insitis,
1598 5639 1738 5696 quos
1756 5621 2043 5696 sequimur

441 5714 565 5771 cum
589 5692 832 5771 antiquis
845 5692 1100 5771 Excusis.
1121 5695 1382 5771 Germ.,si
1402 5692 2042 5771 naturce'nccessilatibus.

443 5768 607 5828 Corb.
639 5766 914 5836 Gei'm.,si
941 5766 1214 5822 inusitatis
1242 5766 1652 5822 necessitatibus.

514 5842 537 5878 ³
565 5839 738 5898 Gilot.
768 5847 822 5895 et
838 5835 962 5895 aliae
990 5837 1141 5894 Edit.
1159 5837 1514 5905 recentiores,
1543 5843 1676 5893 recte
1701 5835 2043 5905 credentium,

2169 3285 2361 3345 aspera
2388 3267 2769 3342 proferuntur.
2801 3263 2911 3333 Qui
2940 3262 3074 3321 dum
3113 3261 3329 3336 frugem
3359 3258 3543 3319 divini
3569 3252 3762 3332 eloquii

2167 3379 2282 3420 non
2309 3358 2735 3432 concupiscunt,
2776 3353 2872 3412 sed
2908 3353 2980 3412 ad
3024 3369 3210 3411 rerum
3237 3348 3631 3426 temporalium
3651 3361 3766 3405 am-

2166 3453 2348 3511 bitum
2375 3449 2650 3518 serviunt,
2693 3462 3039 3522 nequaquam
3069 3459 3208 3518 pane
3234 3441 3438 3514 tritici,
3472 3439 3568 3500 sed
3594 3435 3764 3495 radice

2160 3539 2413 3615 juniperi
2441 3537 2732 3596 satiantur.
2764 3537 2885 3610 Ipsa
2912 3533 3116 3611 quippe
3143 3549 3238 3590 eos
3254 3531 3325 3590 ab
3348 3530 3483 3589 imis
3507 3536 3666 3604 atque
3691 3523 3764 3615 in:

2166 3610 2316 3686 timis
2367 3627 2564 3686 oborta
2622 3610 2943 3700 occupant,"
2974 3640 3096 3698 quae
3150 3621 3281 3679 illos
3334 3635 3491 3679 more
3531 3610 3763 3694 juniperi

2165 3719 2522 3795 postmodum
2542 3734 2613 3777 ex
2640 3716 2884 3776 duritiali
2913 3712 3340 3774 retributionem
3360 3712 3519 3770 velut
3544 3725 3614 3769 ex
3627 3719 3763 3780 aspe-

2162 3811 2324 3871 ritate
2342 3811 2603 3869 foliorum
2619 3805 3322 3882 pungant.Contemnentes
3340 3817 3582 3877 namque
3601 3800 3762 3857 Deum

2165 3899 2280 3970 hic,
2310 3899 2542 3957 minime
2562 3898 2815 3956 sentiunt
2843 3902 3116 3971 quantum
3143 3893 3218 3952 sit
3244 3891 3379 3951 mali
3408 3891 3560 3969 quod
3584 3890 3761 3963 agunt.

2163 3990 2368 4048 Adhuc
2395 3988 2545 4046 enim
2569 3986 2817 4062 juniperi
2845 3985 3090 4045 radicem
3116 3980 3440 4054 comedunt,
3486 3978 3584 4040 sed
3610 3975 3764 4052 hujus

2163 4079 2370 4139 radicis
2397 4095 2563 4154 quam
2591 4077 2705 4135 sint
2732 4076 2874 4134 rami
2919 4073 3100 4149 asperi
3135 4090 3252 4132 non
3292 4071 3613 4143 attendunt,
3639 4063 3761 4142 quia

2162 4171 2434 4229 nimirum
2469 4183 2640 4244 prava
2666 4165 2813 4225 actio
2842 4164 3008 4224 modo
3037 4163 3195 4240 quasi
3221 4179 3295 4221 ex
3319 4161 3508 4222 radice
3535 4157 3760 4244 delectat

2162 4259 2226 4319 in
2253 4261 2438 4335 culpa,
2466 4259 2563 4317 sed
2589 4255 2944 4331 postmodum
2976 4253 3133 4330 quasi
3178 4269 3252 4312 ex
3279 4251 3452 4311 ramis
3492 4246 3683 4335 pungit
3708 4243 3762 4301 in

2162 4334 2455 4426 pmna.Ubi
2477 4355 2533 4406 et
2559 4347 2697 4405 bene
2717 4343 2837 4419 subj
2845 4344 3099 4418 ungitur:
3118 4343 3224 4414 Qui
3241 4342 3304 4400 de
3315 4339 3647 4400 convallibus
3661 4334 3760 4392 ista

2156 4441 2442 4514 rapientes,
2471 4453 2593 4494 cum
2613 4436 2826 4508 singula
2843 4434 3179 4508 reperissent,
3205 4431 3281 4492 ad
3305 4448 3369 4491 ea
3394 4448 3518 4490 cum
3534 4429 3758 4488 clamore

2164 4529 2468 4586 currebant.

2085 4595 2135 4656 D
2237 4618 2324 4676 33.
2366 4620 2436 4675 In
2467 4614 2745 4691 praesentis
2772 4613 2894 4670 m'ue
2919 4612 3178 4683 convalle,
3196 4627 3388 4685 magno
3417 4609 3648 4668 clamare
3665 4617 3762 4678 pro

2164 4708 2262 4765 vili
2286 4709 2418 4781 stipe
2445 4724 2580 4780 stupe
2611 4705 2872 4779 litigatur.
2895 4704 3046 4761 —In
3073 4701 3487 4777 comparatione
3513 4695 3761 4781 videlicet

2163 4776 2556 4870 supernorum,
2585 4776 2769 4852 omnis
2808 4808 3048 4867 praesens
3075 4776 3497 4851 vitaiconvallis
3540 4794 3642 4847 est.
3695 4776 3759 4840 Hi

2163 4894 2347 4944 autem
2367 4885 2498 4960 quia
2523 4882 2789 4942 sublimia
2804 4883 3105 4953 montium,
3132 4880 3194 4940 id
3208 4888 3291 4939 est
3308 4879 3478 4939 fortia
3494 4885 3617 4939 acta
3633 4887 3760 4934 san-

2163 4983 2380 5034 ctorum
2400 4972 2767 5048 contemplari
2783 4973 3060 5042 nesciunt,
3076 4987 3294 5046 semper
3315 4969 3376 5030 in
3405 4965 3759 5029 oblectatione

2164 5065 2358 5125 inﬁma
2385 5064 2544 5142 quasi
2587 5063 2647 5122 in
2689 5061 3039 5122 convallibus
3083 5067 3487 5122 conversantur
3526 5065 3583 5118 et
3635 5053 3759 5116 dum

2164 5155 2451 5232 quodlibet
2472 5156 2692 5217 lucrum
2710 5152 2801 5212 vel
2819 5152 2976 5229 parvi
3003 5149 3268 5229 stipendii
3292 5147 3612 5218 inveniunt,
3639 5156 3758 5206 cum

2151 5408 2553 5467 reluctantibus
2578 5406 2839 5466 omnibus
2865 5406 3004 5479 Mss.
3015 5404 3241 5479 Anglic.
3270 5411 3327 5462 et
3353 5399 3567 5463 nostris
3595 5399 3760 5473 (Ρω-

2151 5488 2236 5539 ter
2262 5481 2475 5552 Germ.)
2507 5495 2724 5552 necnon
2757 5486 2870 5536 vet.
2902 5476 3057 5552 Edit.

2225 5555 2247 5588 ⁴
2278 5549 2490 5610 Gemet.
2521 5559 2578 5608 et
2606 5550 2775 5616 Utic.,
2795 5549 3065 5605 exteriora
3092 5549 3255 5605 bona.

2222 5625 2244 5659 ⁵
2274 5625 2354 5680 Ita
2382 5641 2507 5679 cum
2538 5624 2666 5679 Mss.
2699 5611 2862 5679 Gorb.
2896 5621 3108 5689 Germ.,
3144 5621 3366 5688 Norm.,
3397 5613 3607 5689 Laud.,
3637 5611 3759 5668 Tu-

2153 5712 2300 5763 ron.,
2329 5695 2454 5751 Val.
2484 5694 2595 5763 CL,
2625 5701 2737 5751 vet.
2758 5692 2866 5750 Ed.
2895 5685 3110 5749 Placuit
3140 5685 3557 5748 recentioribus
3571 5696 3759 5762 vocent

2151 5767 2561 5846 retributionmu
2600 5773 2813 5846 mutare
2842 5764 2905 5823 in
2930 5763 3361 5833 tribulationum,
3391 5775 3571 5836 quam
3598 5766 3764 5829 magis

2153 5843 2453 5896 convenire
2470 5843 2760 5909 putarunt.
