3946 6376
141 396 233 455 157
952 392 1324 450 MORALIUM
1364 394 1497 450 LIB.
1542 394 1669 451 XX.
1709 425 1781 436 —
1818 396 1889 452 ΙΝ
1926 394 2155 453 CAPUT
2192 396 2356 452 XXX
2398 398 2460 452 B.
2502 398 2643 453 JOB.

3351 404 3451 461 158

139 526 275 587 652
319 529 559 585 clamore
600 534 854 596 currunt,
885 526 1014 601 quia
1054 526 1162 584 hoc
1207 526 1522 584 abstrahere
1560 530 1725 586 etiam
1760 532 1811 591 Α
1838 519 1996 575 sertis
2024 520 2357 576 torrentium
2388 519 2637 577 habitare
2667 522 3005 584 referuntur.
3035 525 3137 583 Illa
3154 528 3304 586 enim
3323 545 3449 604 qua

133 617 390 693 jurgando
420 617 750 675 moliuntur.
785 619 846 673 In
881 618 1132 674 convalle
1164 618 1314 674 enim
1345 620 1578 691 repertis
1606 622 1733 677 sin-

138 712 271 785 gulis
304 726 428 767 cum
474 708 714 767 clamore
756 725 995 778 currere,
1041 718 1122 766 est
1168 710 1411 767 subortis
1443 728 1730 770 causarum

137 799 504 858 occasionibus
514 798 682 855 etiam
705 815 803 872 pro
819 815 987 871 parva
1002 799 1143 871 stipe
1160 798 1730 876 litigare.Plerumque

136 897 302 947 autem
342 903 503 961 quem
554 894 806 945 sanctum
853 888 997 944 bona
1037 888 1182 945 actio
1230 897 1488 959 ostentat,
1536 891 1731 949 oborta

133 976 321 1035 terreni
349 976 628 1033 commodi
668 976 883 1033 occasio
923 977 1223 1034 examinat.
1259 978 1461 1035 Videas
1491 996 1731 1054 namque

133 1066 418 1125 nonnullos
424 1065 541 1138 jam
557 1066 820 1122 sublimia
834 1082 1009 1139 agere,
1023 1066 1137 1139 jam
1154 1066 1213 1123 in
1230 1067 1598 1139 abstinentia,
1611 1070 1726 1144 jam

131 1157 184 1215 in
227 1156 489 1214 doctrina
528 1172 693 1230 opere
738 1164 956 1230 patrum
1006 1157 1433 1229 pracedentium
1474 1162 1728 1234 exempla

130 1248 346 1315 sectari;
405 1247 504 1305 sed
557 1262 685 1303 cum
732 1256 954 1320 repente
997 1249 1284 1319 praesentis
1329 1249 1458 1305 vitae
1508 1251 1723 1308 lucrum

130 1337 274 1411 quasi
301 1337 545 1394 fructum
574 1338 847 1394 convallis
867 1337 1205 1407 invenerint,
1229 1337 1298 1395 ad
1324 1339 1432 1397 hoc
1461 1356 1587 1397 cum
1617 1342 1724 1397 cla-

128 1443 268 1484 more
311 1434 582 1496 currunt,
626 1427 758 1500 quia
807 1427 1029 1500 dirupta
1069 1428 1139 1484 ad
1182 1428 1325 1485 illud
1380 1429 1722 1503 superducta

126 1516 422 1573 sanctitatis
448 1516 853 1590 tranquillitate
883 1518 1200 1590 prosiliunt.

191 1604 324 1680 [ινρε.
357 1606 537 1681 Χιν.]
557 1606 647 1662 34.
670 1607 829 1664 Multi
857 1607 1073 1663 virtutis
1090 1608 1394 1679 praemium,
1412 1626 1518 1665 non
1538 1610 1724 1665 virtu-

127 1703 216 1751 tem
258 1702 524 1768 quarunt.
569 1727 641 1739 —
686 1697 922 1754 Possunt
960 1713 1175 1771 quoque
1206 1715 1302 1771 per
1331 1698 1528 1755 herbas
1558 1707 1723 1773 atque

124 1786 371 1842 arborum
402 1785 636 1843 cortices
658 1802 770 1843 non
798 1787 1002 1855 solum,
1033 1795 1094 1843 ut
1123 1788 1449 1859 pradictum
1479 1796 1581 1857 est,
1610 1789 1723 1845 bo-

1841 611 2045 667 sanctis
2073 610 2302 683 indigna
2330 618 2481 680 sunt,
2514 612 2618 684 ipsi
2650 614 2928 685 percipere
2956 631 3054 687 pro
3093 633 3291 692 magno
3319 638 3447 679 con-

1838 701 2150 773 cupiscunt.
2184 701 2445 759 Caverna
2492 710 2677 757 autem
2725 710 2884 759 terra
2924 713 3055 761 sunt
3088 707 3446 778 cogitationes

1839 807 2042 863 pravae,
2074 792 2131 847 in
2163 791 2366 864 quibus
2396 808 2452 847 se
2482 790 2551 847 ab
2581 792 2841 849 humanis
2871 794 3050 850 oculis
3078 794 3441 855 abscondunt.

1838 884 2000 939 Pravi
2030 885 2231 957 quippe
2258 893 2318 941 ut
2338 892 2467 942 sunt
2488 885 2556 942 ab
2586 886 2909 943 hominibus
2932 886 3110 944 videri
3141 887 3443 958 refugiunt,

1836 972 2078 1047 dumque
2105 974 2257 1030 aliud
2291 992 2456 1047 quam
2478 984 2607 1032 sunt
2635 976 2922 1046 simulant,
2941 994 3055 1033 sese
3086 978 3143 1033 in
3165 977 3443 1034 conscien-

1836 1064 1926 1120 tia
1954 1081 2069 1120 sua
2100 1065 2349 1121 latibulis
2371 1069 2392 1101 ³
2414 1067 2571 1138 quasi
2593 1067 2652 1123 in
2673 1076 2831 1124 terra
2860 1068 3113 1124 cavernis
3140 1070 3441 1125 occultant.

1834 1153 1941 1222 Qui
1980 1163 2177 1211 cuncta
2207 1155 2324 1212 hac
2358 1173 2469 1214 non
2499 1166 2742 1229 agerent,
2776 1159 2884 1214 nisi
2918 1160 2985 1215 de
3015 1168 3219 1216 aterna
3255 1167 3310 1216 et
3345 1176 3445 1215 so-

1833 1243 1945 1300 lida
1976 1246 2091 1301 vita
2120 1245 2492 1317 desperarent,
2524 1248 2635 1303 nisi
2663 1248 2723 1304 in
2754 1248 2860 1305 hoc
2890 1249 3101 1305 incerto
3129 1248 3444 1322 temporali-

1831 1336 1963 1392 tatis
1991 1336 2241 1395 animum
2270 1336 2519 1410 ﬁgerent.
2554 1338 2709 1396 Unde
2737 1337 2877 1395 bene
2904 1338 3163 1396 subditur
3189 1356 3201 1395 :
3243 1341 3331 1399 Vel
3356 1357 3441 1395 su-

1824 1441 1928 1497 per
1954 1426 2214 1497 glaream.

1910 1519 2056 1579 653
2099 1524 2187 1581 36.
2221 1525 2417 1581 Flavia
2448 1524 2776 1592 inhaerentes,
2812 1525 2885 1582 ad
2929 1525 3039 1582 ima
3067 1526 3437 1581 devolvuntur.

1828 1642 1899 1653 —
1927 1613 2090 1671 Glare
2119 1631 2388 1689 anamque
2418 1624 2500 1671 est
2531 1615 2645 1670 vita
2677 1632 2936 1687 prasens,
2969 1632 3089 1688 qua
3113 1614 3442 1671 indesinen-

1828 1709 1914 1759 ter
1955 1704 2024 1760 ad
2071 1706 2371 1761 terminum
2402 1723 2563 1760 suum
2602 1705 2722 1776 ipso
2761 1704 2980 1760 defectu
3028 1704 3437 1773 mutabilitatis,

1829 1794 1981 1866 quasi
2015 1793 2257 1865 impulsu
2288 1792 2537 1848 ﬂuminis
2563 1792 2806 1848 ducitur.
2854 1792 3028 1864 Super
3057 1794 3294 1864 glaream
3324 1793 3441 1849 ita-

126 1892 309 1933 norum
330 1890 520 1949 opera,
537 1875 634 1933 sed
653 1876 713 1933 in
736 1876 841 1934 hac
856 1878 971 1934 vita
991 1878 1398 1935 consolationes
1417 1894 1481 1935 ac
1501 1895 1719 1951 prospe-
1747 1902 1795 1963 Β
1829 1898 1935 1957 que
1959 1881 2229 1951 habitare,
2255 1890 2336 1939 est
2366 1881 2545 1938 ﬂuxui
2577 1882 2706 1938 vitae
2741 1881 3027 1955 praesentis
3058 1881 3350 1948 inharere,
3388 1890 3441 1938 et

125 1965 300 2022 ritates
319 1966 580 2039 intelligi.
600 1967 751 2039 Sape
781 1967 930 2023 enim
964 1967 1317 2040 omnipotens
1344 1970 1489 2025 Deus
1519 1969 1719 2026 electos

122 2071 238 2111 suos
264 2071 386 2111 cum
416 2055 584 2111 donis
603 2055 963 2113 interioribus
982 2055 1144 2126 ditat,
1162 2057 1532 2114 exterioribus
1551 2058 1719 2115 etiam

124 2145 410 2202 honoribus
439 2146 716 2203 sublevat.
749 2146 997 2221 Cumque
1026 2163 1120 2203 eos
1140 2146 1480 2219 praferendo
1506 2149 1720 2205 caeteris

123 2236 458 2295 honorabiles
487 2236 692 2308 reddit,
711 2240 876 2296 latius
892 2240 1193 2297 imitabiles
1214 2240 1483 2307 ostendit;
1509 2249 1563 2297 et
1583 2258 1717 2298 non-

123 2344 387 2402 nunquam
399 2330 562 2403 pravi
575 2346 766 2387 eorum
780 2330 1004 2405 quidem
1017 2331 1188 2388 vitam
1200 2331 1632 2404 despiciunt,sed
1643 2333 1718 2389 fe-

130 2417 375 2476 licitatem
392 2420 452 2476 in
467 2420 803 2477 hocmundo
812 2420 1030 2495 assequi
1041 2423 1608 2495 concupiscunt.Quia
1619 2423 1715 2496 igi-

124 2515 207 2565 tur
214 2509 596 2568 blandimenta
610 2510 703 2569 hic
712 2512 1044 2569 transitoria
1055 2513 1450 2570 consolationis
1462 2522 1718 2588 quarunt

126 2598 306 2659 herbas
323 2603 649 2673 comedunt,
672 2604 803 2677 quia
822 2604 880 2659 in
897 2604 1326 2677 cogitationibus
1346 2606 1462 2662 suis
1480 2608 1717 2663 exterio-

123 2706 221 2747 rem
260 2709 448 2750 eorum
497 2693 731 2766 gloriam
779 2693 1138 2763 meditantur,
1177 2695 1438 2752 arborum
1485 2696 1718 2753 cortices

126 2780 392 2838 mandunt.
438 2783 517 2839 Et
544 2782 810 2856 quoniam
839 2783 899 2839 in
928 2782 1018 2840 his
1045 2784 1307 2841 omnibus
1334 2785 1439 2841 soli
1467 2785 1716 2842 avaritia

124 2875 223 2925 tota
251 2869 563 2929 intentione
580 2871 923 2941 deserviunt,
940 2872 1124 2929 radice
1147 2871 1392 2945 juniperi
1412 2874 1712 2946 replentur.

124 2956 236 3024 Qua
264 2967 466 3017 cuncta
505 2959 574 3016 de
611 2960 962 3019 convallibus
998 2961 1242 3033 rapiunt,
1273 2960 1405 3034 quia
1432 2977 1503 3017 ex
1530 2977 1716 3019 amore

124 3045 273 3121 hujus
300 3050 513 3108 inﬁma
542 3057 597 3105 et
623 3050 1003 3123 corruptibilis
1034 3051 1163 3107 vita
1192 3051 1480 3109 immensis
1502 3052 1714 3125 cupidi-

121 3139 309 3198 tatibus
347 3141 729 3200 inardescunt.
763 3143 779 3177 ¹
811 3142 883 3198 Et
910 3158 1037 3199 cum
1068 3142 1286 3215 singula
1314 3143 1616 3215 reperiunt,
1645 3145 1714 3201 ad

120 3242 174 3285 ea
202 3246 322 3288 cum
369 3230 709 3289 clamoribus
748 3239 1003 3300 currunt,
1035 3232 1166 3305 quia
1196 3232 1456 3290 videlicet
1483 3241 1711 3292 sancto-
1741 3272 1786 3336 C

120 3332 228 3376 rum
256 3328 496 3392 patrum,
530 3335 767 3394 quorum
798 3322 995 3378 merita
1022 3321 1255 3394 adipisci
1285 3338 1397 3379 non
1431 3332 1707 3397 quarunt,

119 3406 226 3465 loca
250 3417 412 3484 atque
442 3410 713 3485 regimina
740 3411 1147 3486 apprehendere
1177 3421 1465 3486 satagunt;
1499 3422 1553 3471 et
1581 3431 1711 3472 cum

119 3500 398 3575 tranquille
439 3510 723 3576 nequeunt
763 3503 882 3561 hac
918 3506 1245 3579 plerumque
1273 3506 1511 3580 assequi,
1543 3506 1708 3562 etiam

122 3585 323 3661 dirupta
350 3591 662 3649 concordiae
693 3609 824 3665 pace
852 3594 1179 3651 moliuntur.

181 3677 263 3734 35.
304 3682 433 3750 Quae
451 3680 592 3752 justi
619 3682 935 3755 despiciunt,
966 3702 1025 3740 ea
1053 3684 1284 3741 maxime
1318 3685 1704 3757 concupiscunt.

123 3795 183 3809 —
206 3768 307 3837 Qui
352 3786 453 3845 pro
500 3788 566 3828 eo
604 3772 754 3848 quod
783 3773 944 3845 longe
971 3789 1003 3829 a
1029 3781 1249 3845 patrum
1281 3774 1709 3846 pracedentium

122 3858 319 3917 actione
345 3861 616 3934 disjuncti
645 3868 798 3930 sunt,
827 3869 974 3920 recte
1002 3863 1356 3937 subjungitur
1387 3882 1399 3921 :
1435 3866 1501 3921 In
1529 3866 1705 3922 deser-

127 3945 181 4001 tis
203 3948 508 4008 habitabant
532 3952 866 4019 torrentium,
893 3959 942 4008 et
965 3952 1025 4009 in
1053 3954 1291 4010 cavernis
1320 3960 1495 4024 terra,
1516 3957 1596 4011 vel
1623 3972 1707 4012 su-

124 4052 204 4104 per
226 4041 482 4111 glaream.
522 4041 584 4097 In
621 4041 767 4098 bona
803 4043 1007 4099 etenim
1045 4051 1197 4117 parte
1238 4052 1384 4101 recte
1414 4052 1705 4115 torrentes,

127 4138 320 4190 sanctos
346 4131 733 4206 praedicatores
760 4134 1085 4209 accipimus,
1108 4135 1203 4210 qui
1220 4135 1353 4193 dum
1374 4136 1432 4193 in
1453 4137 1708 4210 prasenti

127 4216 227 4274 vita
253 4221 462 4281 divinis
490 4223 652 4281 nobis
679 4224 913 4298 eloquiis
936 4224 1202 4294 inﬂuunt,
1224 4241 1492 4300 aquarum
1523 4227 1707 4284 multi-

128 4306 298 4367 tudine
342 4313 499 4386 quasi
552 4313 612 4370 in
658 4313 839 4371 hieme
884 4315 1241 4389 colliguntur.
1275 4316 1381 4385 Qui
1423 4324 1477 4373 et
1516 4317 1709 4374 astivo

126 4399 225 4455 sole
249 4401 570 4462 adveniente
599 4421 656 4462 se
682 4404 1040 4476 subtrahunt,
1065 4407 1194 4481 quia
1222 4425 1349 4465 cum
1376 4416 1591 4466 aeterna
1619 4424 1707 4481 pa-

127 4485 228 4543 tria
272 4490 368 4549 lux
415 4494 726 4564 emicuerit,
783 4495 1081 4567 pradicare
1129 4496 1439 4553 cessabunt.
1498 4498 1707 4553 Horum

126 4581 426 4640 torrentium
457 4584 670 4642 deserta
698 4593 828 4642 sunt
866 4586 995 4642 vita
1040 4587 1362 4659 temporalis
1392 4587 1700 4645 commoda.

127 4662 194 4720 Ea
217 4684 440 4746 namque
469 4673 750 4743 deserunt,
781 4682 835 4730 et
864 4674 933 4731 ad
977 4675 1131 4732 lucra
1164 4692 1221 4731 se
1250 4675 1494 4732 coelestia
1523 4677 1545 4712 ²
1574 4676 1706 4734 adi-

126 4752 357 4822 piscenda
383 4772 733 4822 convertunt.
767 4764 980 4823 Cuncta
1008 4772 1191 4822 autem
1222 4765 1339 4823 haec
1369 4774 1583 4824 torrens
1612 4768 1706 4824 ille

126 4844 412 4922 reliquerat,
453 4854 549 4927 qui
595 4852 813 4912 dicebat
850 4873 862 4911 :
906 4857 1137 4927 Pr0pter
1178 4873 1331 4928 quem
1376 4859 1558 4913 omnia
1606 4858 1707 4914 de-

130 4932 402 5022 trimentum
428 4941 549 5013 feci,
587 4949 637 5000 et
662 4945 906 5001 arbitror
933 4950 992 5000 ut
1020 4950 1254 5002 stercora
1296 4946 1463 5018 (Phil.
1495 4964 1584 5016 III,
1621 4948 1701 5022 8).

127 5020 215 5077 Sed
241 5028 360 5099 quia
377 5047 671 5104 pravorum
695 5042 907 5092 mentes
931 5050 993 5090 ea
1015 5034 1073 5089 in
1094 5034 1200 5091 hac
1221 5035 1338 5091 vita
1356 5036 1589 5109 adipisci
1615 5020 1703 5110 ap-

130 5120 315 5189 Ρθῐιιιη,
343 5137 460 5197 qua
488 5125 854 5201 despicientes
888 5125 1028 5201 justi
1058 5125 1474 5201 derelinquunt,
1503 5127 1562 5185 in
1599 5127 1706 5185 de-

191 5295 205 5328 ¹
234 5297 432 5382 Vitiose
448 5305 505 5362 in
523 5307 721 5382 Ed.,_et
746 5325 865 5363 cum
882 5308 1097 5382 singula
1120 5308 1362 5382 rapiunt.
1386 5309 1703 5382 Legendum
1756 5319 1765 5325 '

130 5375 228 5452 {Esse
254 5377 515 5452 reperiunt
536 5375 728 5435 suadet
754 5387 945 5452 textus
962 5375 1085 5449 Job,
1108 5375 1224 5436 cum
1240 5381 1455 5452 singula
1466 5375 1705 5452 'reperis-

134 5444 245 5523 ξεηξ,
274 5451 327 5523 Et
351 5448 575 5523 probant
603 5452 730 5508 Mss.
765 5451 976 5521 Germ.,
1000 5444 1233 5521 Turon.,
1255 5444 1456 5522 Laud,
1488 5444 1705 5523 Norm.,

134 5502 373 5592 νερᾳ-(ῖις
404 5502 573 5577 ρόἱῦξ
596 5502 953 5592 ἇῖἔίηῖὲὶῐζ

193 5578 457 5674 ξἘΨεὲξιςρ
487 5578 800 5674 armeme:

194 5651 213 5738 ῗ
240 5651 602 5738 ρωὶῐῐὶίιινὙη
624 5666 707 5738 pl.
740 5666 845 5722 Ed.
869 5671 1045 5735 terra,
1063 5666 1157 5723 sed
1184 5667 1459 5738 reperitur
1488 5666 1546 5722 in
1577 5668 1705 5723 Mss.

136 5718 326 5805 Anglic.
365 5740 417 5805 e_t
464 5718 933 5804 nostri‘s,‘necnoit
952 5718 1166 5794 'ih’iéi.
1185 5718 1569 5796 idib-arisi"!

140 5803 303 5882 [Ἐπιιφο
321 5803 610 5882 redundat,
664 5816 1057 5882 comparantur
1093 5810 1243 5867 enim
1291 5809 1523 5868 latibula
1566 5803 1710 5868 con-'-

139 5874 352 5928 scientia
381 5877 635 5933 cavernis
672 5874 850 5939 terra.

1740 4642 1790 4703 D

1829 1972 1907 2028 ibi
1940 1973 2307 2029 intentionem
2357 1988 2581 2044 ponere,
2629 1970 2726 2026 ubi
2774 1988 3020 2044 gressum
3066 1978 3301 2044 nequeat
3331 1970 3441 2027 ﬁxe

1829 2062 2027 2119 stando
2056 2061 2311 2118 solidare.
2346 2062 2445 2117 Est
2475 2060 2626 2117 aliud
2644 2060 2701 2117 in
2720 2062 2901 2132 glarea
2923 2060 3071 2133 quod
3092 2077 3438 2134 nequaquam

1829 2152 2023 2208 debeat
2056 2152 2284 2209 tacendo
2315 2152 2606 2225 praeteriri,
2652 2151 2783 2225 quia
2820 2167 2947 2207 cum
2977 2167 3071 2223 pes
3101 2151 3159 2206 in
3188 2150 3307 2221 ejus
3336 2168 3441 2207 su-

1828 2242 2049 2315 perﬁcie
2079 2242 2325 2315 ponitur,
2344 2242 2462 2314 ipsa
2488 2240 2607 2315 ejus
2636 2240 2988 2297 volubilitate
3016 2240 3243 2310 labitur,
3275 2246 3438 2314 atque

1828 2332 1896 2387 ad
1917 2332 2027 2388 ima
2046 2334 2066 2367 ⁴
2087 2332 2425 2389 devolvitur.
2446 2330 2548 2389 Cui
2579 2329 2840 2387 videlicet
2868 2330 2947 2386 rei
2970 2330 3027 2385 in
3050 2330 3206 2386 nullo
3235 2329 3437 2387 discre-

1826 2429 1921 2494 pat
1949 2420 2063 2477 vita
2092 2438 2411 2495 pravorum,
2444 2420 2574 2495 quia
2608 2437 2734 2477 cum
2765 2436 2865 2492 pro
2894 2434 3081 2475 amore
3113 2417 3312 2476 mundi
3339 2419 3438 2475 ali-

1827 2528 1934 2586 qua
1963 2511 2187 2568 student
2232 2510 2384 2567 licita
2427 2518 2591 2583 atque
2637 2508 2869 2565 honesta
2911 2524 3090 2580 agere,
3123 2508 3278 2581 quasi
3309 2509 3441 2581 pla-

1826 2618 1962 2657 num
1992 2602 2050 2657 in
2079 2600 2366 2674 superﬁcie
2395 2600 2589 2673 pedem
2621 2605 2868 2671 ponunt;
2901 2597 2996 2654 sed
3017 2605 3241 2669 repente
3258 2613 3354 2669 pes
3369 2597 3437 2653 ad

1825 2691 1937 2748 ima
1965 2693 2191 2763 labitur,
2214 2693 2345 2768 quia
2372 2708 2565 2748 eorum
2596 2690 2740 2747 actio
2767 2689 2901 2746 dum
2930 2690 3088 2761 plura
3109 2704 3327 2760 semper
3346 2705 3438 2761 ap-

1825 2782 1984 2854 petit,
2024 2799 2197 2856 usque
2229 2782 2296 2839 ad
2317 2783 2511 2856 iniqua
2530 2789 2585 2837 et
2603 2780 2804 2838 illicita
2823 2779 3284 2837 descendit.Cum
3306 2796 3437 2851 ergo

1826 2877 2015 2925 sancta
2040 2870 2289 2926 Ecclesia
2316 2870 2486 2943 hujus
2513 2869 2777 2942 temporis
2806 2868 3085 2927 contraria
3119 2869 3340 2937 tolerat,
3370 2864 3440 2924 ad

1825 2955 1999 3011 vitam
2028 2957 2360 3023 carnalium,
2382 2973 2521 3030 quos
2548 2958 2893 3014 adversarios
2916 2956 3025 3013 sibi
3046 2957 3213 3013 etiam
3235 2957 3292 3013 in
3313 2973 3437 3029 pro-

1824 3044 1998 3117 speris
2026 3044 2312 3113 sustinuit,
2346 3061 2441 3117 per
2469 3044 2793 3100 memoriam
2822 3052 3093 3112 recurrat,
3116 3052 3170 3100 et
3199 3060 3435 3117 quorum

1825 3134 2040 3191 meritis
2086 3134 2203 3191 hac
2255 3133 2496 3207 patiatur
2537 3140 2815 3206 agnoscat,
2860 3132 3089 3189 dicens:
3123 3134 3193 3190 In
3221 3133 3438 3190 desertis

1822 3225 2133 3281 habitabant
2162 3225 2495 3292 torrentium,
2527 3230 2576 3279 et
2604 3223 2659 3277 in
2688 3223 2926 3279 cavernis
2957 3228 3137 3289 terra,
3166 3224 3249 3278 vel
3277 3240 3438 3295 super

1820 3302 2077 3389 glaream.
2111 3314 2251 3383 Quia
2280 3314 2429 3371 enim
2460 3321 2678 3387 patrum
2709 3313 2961 3371 doctrina
2998 3312 3255 3369 destituti
3285 3321 3436 3383 sunt,

1822 3406 1881 3463 in
1910 3405 2141 3462 desertis
2169 3402 2524 3471 torrentium,
2547 3402 2677 3476 quia
2706 3403 2763 3458 in
2794 3402 3026 3460 occultis
3053 3419 3110 3459 se
3140 3402 3439 3475 cogitatio-

1822 3495 1987 3553 nibus
2014 3503 2231 3568 tegunt,
2253 3495 2311 3550 in
2333 3491 2584 3550 cavernis
2612 3499 2793 3561 terra,
2815 3492 2948 3566 quia
2970 3508 3103 3548 vero
3122 3492 3183 3549 in
3205 3508 3439 3565 prasen-

1820 3584 1894 3641 tis
1923 3586 2112 3642 saculi
2142 3583 2452 3641 mobilitate
2482 3581 2851 3638 intentionem
2882 3597 3038 3637 suam
3069 3581 3236 3653 figere
3263 3597 3439 3654 appe-

1819 3682 1967 3744 tunt,
1985 3692 2150 3747 super
2171 3675 2409 3747 glaream
2440 3671 2690 3729 habitare
2719 3672 3059 3728 referuntur.
3093 3670 3200 3728 Sed
3220 3671 3436 3728 utinam

1818 3765 1979 3833 tales,
2010 3765 2141 3839 quia
2167 3770 2388 3837 peccata
2408 3763 2607 3819 nolunt
2637 3762 2962 3834 impugnare
2990 3760 3288 3828 tentantia,
3305 3759 3436 3817 ﬂen-

1820 3854 1891 3911 do
1920 3861 2194 3927 tergerent
2222 3853 2310 3909 vel
2345 3852 2667 3909 commissa!
2694 3851 2913 3907 utinam
2941 3851 3085 3907 mala
3114 3867 3215 3907 sua
3243 3849 3435 3907 saltem

1820 3952 2129 4018 perpetrata
2176 3950 2592 4015 cognoscerent,
2625 3949 2793 4013 atque
2840 3941 3015 3997 sterili
3056 3939 3307 3997 ﬁculnea
3333 3954 3439 3996 co-

1819 4031 2055 4105 phinum
2084 4030 2361 4098 stercoris,
2400 4030 2459 4086 id
2486 4037 2568 4085 est
2597 4029 2959 4085 infructuosa
2988 4027 3164 4083 menti
3193 4027 3436 4099 pingue-

1818 4120 2007 4178 dinem
2036 4118 2448 4177 lamentationis
2475 4118 2867 4175 admoverent!

1891 4227 2032 4305 [νει.
2076 4226 2221 4303 Χγ.]
2277 4226 2367 4283 37.
2417 4227 2628 4284 Malum
2656 4225 2799 4298 quod
2829 4224 3043 4297 agimus
3072 4225 3223 4281 oculo
3251 4216 3438 4280 mentis

1819 4318 2014 4375 obicem
2033 4317 2205 4390 ponit.
2233 4348 2303 4360 —
2332 4316 2438 4374 Sed
2468 4316 2634 4372 habet
2664 4315 2771 4373 hoc
2799 4316 3132 4390 plerumque
3158 4313 3439 4372 humanus

1820 4409 2038 4465 animus
2068 4407 2375 4482 proprium,
2405 4406 2554 4481 quod
2575 4423 2705 4463 mox
2734 4413 2797 4462 ut
2829 4406 2887 4461 in
2913 4406 3132 4478 culpam
3157 4405 3384 4475 labitur,
3407 4422 3438 4462 a

1819 4499 1904 4555 sui
1934 4497 2117 4555 adhuc
2145 4498 2365 4571 longius
2394 4497 2713 4571 cognitione
2741 4503 3048 4569 separetur.
3095 4495 3213 4553 Hoc
3254 4496 3435 4569 ipsum

1819 4578 2056 4662 namque
2089 4588 2296 4645 malum
2326 4588 2474 4661 quod
2504 4587 2617 4660 agit
2648 4587 2822 4643 menti
2849 4604 2904 4643 se
2934 4585 3148 4643 obicem
3170 4594 3296 4642 ante
3312 4602 3437 4643 ocu-

1819 4679 1933 4735 lum
1960 4678 2190 4735 rationis
2221 4678 2522 4735 interserit.
2572 4678 2734 4735 Unde
2764 4677 2826 4734 ﬁt
2855 4685 2915 4733 ut
2946 4677 3132 4733 anima
3160 4676 3316 4750 prius
3344 4694 3438 4735 vo-

1816 4768 2076 4825 luntariis
2123 4768 2365 4825 tenebris
2411 4769 2628 4825 obsessa
2673 4767 3039 4842 postmodum
3085 4768 3297 4825 bonum
3320 4767 3436 4841 jam

1815 4875 1917 4914 nec
1947 4859 2096 4934 quod
2125 4868 2333 4934 quaerat
2361 4867 2639 4934 agnoscat.
2666 4859 2886 4927 Quanto
2909 4860 3060 4915 enim
3083 4859 3256 4932 magis
3278 4858 3437 4915 malis

1815 4948 2083 5017 adhaeret;
2101 4956 2257 5006 tanto
2277 4950 2465 5008 minus
2488 4949 2755 5023 intelligit
2782 4948 2931 5005 bona
2954 4964 3074 5023 qua
3106 4948 3435 5020 perdit.Lux

1815 5037 2017 5112 quippe
2046 5040 2296 5096 veritatis
2339 5041 2469 5114 quia
2512 5040 2794 5097 subtiliter
2843 5038 3205 5113 reproborum
3244 5038 3435 5109 culpas

1815 5128 2116 5199 examinat,
2147 5145 2257 5204 quo
2284 5127 2475 5187 habita
2502 5130 2825 5203 negligitur,
2870 5144 2935 5185 eo
2978 5125 3255 5201 permittit
3284 5126 3305 5161 ⁵
3337 5124 3434 5180 di-

1887 5311 1909 5345 ‘
1939 5312 2062 5367 Duo
2089 5310 2289 5378 Laud.,
2321 5311 2646 5373 devoratur;
2693 5308 2808 5375 sed,
2840 5315 2905 5362 ut
2936 5313 3216 5378 putamus,
3249 5323 3433 5363 corru-

1816 5388 1934 5454 pte;
1973 5382 2171 5454 menda
2198 5389 2379 5454 autem
2414 5380 2605 5454 ACodd.
2654 5378 2956 5454 aliquando
2975 5384 3339 5454 annotamus,
3373 5387 3436 5435 ut

1817 5449 2004 5526 quales
2032 5451 2145 5526 sint
2173 5452 2355 5526 palam
2403 5449 2518 5519 ﬁat,
2564 5466 2705 5526 neve
2733 5449 2803 5526 ab
2834 5450 2988 5506 omni
3018 5465 3202 5526 errore
3233 5449 3434 5526 immu-

1818 5519 1914 5581 nes
1951 5519 2266 5580 credantur.
2310 5522 2609 5595 Utramque
2654 5521 2947 5579 lectionem
2992 5519 3219 5578 exhibet
3262 5522 3428 5580 Corb.

1818 5596 2002 5651 Germ.

1890 5670 1911 5702 ⁵
1944 5669 2005 5723 In
2036 5666 2165 5735 Ed.,
2191 5665 2464 5721 districtus
2485 5663 2694 5737 judex;
2723 5663 2892 5737 quod,
2925 5666 3055 5737 licet
3082 5664 3268 5734 magni
3301 5682 3431 5720 mo—

1822 5739 1993 5795 menti
2026 5756 2138 5793 non
2168 5738 2260 5805 sit,
2294 5735 2699 5792 immutandum
2730 5735 3265 5809 tamenjudicamus,
3292 5752 3431 5807 pro-

1819 5817 1944 5882 pter
1974 5810 2292 5866 unanimem
2322 5810 2450 5867 Mss.
2484 5824 2832 5865 consensum.
