3946 6370
541 393 642 452 159

1730 384 1978 443 SANCTI
2015 384 2356 444 GREGORII
2399 385 2629 444 MAGNI
3727 393 3814 452 160

533 520 776 580 strictius
796 517 1078 590 judicans,
1107 523 1170 574 ut
1195 531 1298 574 nec
1323 515 1523 573 amissa
1549 513 1890 589 requiratur;
1923 521 2122 571 etcum
2158 516 2209 576 Α
2243 512 2349 568 thio
2381 512 2605 585 (Thren.
2640 531 2724 582 ιιι,
2759 515 2872 588 15).
2898 515 2968 572 Ut
2987 515 3137 571 enim
3168 514 3225 571 in
3255 515 3525 588 superiori
3547 517 3657 590 jam
3684 527 3814 591 parte

535 613 602 669 ab
629 617 758 668 actu
789 608 1099 683 repellitur,
1128 607 1271 682 fugit
1299 626 1332 664 a
1359 625 1544 677 sensu,
1582 615 1645 664 ut
1672 607 1830 680 cujus
1857 605 2011 680 quasi
2041 605 2134 661 fa-

533 701 646 758 cies
685 700 746 757 in
791 713 954 772 opere
994 697 1397 764 contemnitur,
1427 697 1546 770 ejus
1573 713 1670 770 per
1697 695 2135 753 recordationem

529 789 647 864 jam
675 805 778 847 nec
806 797 956 861 terga
983 786 1298 843 videantur.
1346 786 1489 843 Hinc
1534 787 1718 858 itaque
1755 792 1838 840 est
1865 783 2014 859 quod
2042 799 2138 840 re—

537 878 695 955 probi
723 876 959 950 subjecti
988 875 1189 932 ﬂendis
1225 875 1525 933 sceleribus
1552 873 1812 948 gaudent,
1841 873 1909 930 de
1937 871 2140 946 quibus

535 986 633 1044 per
659 969 1009 1026 Salomonem
1037 965 1279 1023 dicitur:
1315 966 1420 1034 Qui
1449 967 1700 1021 tatantur
1725 981 1844 1020 cum
1873 963 2141 1034 malefece-

533 1058 666 1125 rint,
688 1063 736 1112 et
753 1057 1024 1113 exsultant
1044 1056 1103 1110 in
1121 1056 1277 1112 rebus
1290 1054 1534 1128 pessimis
1555 1056 1743 1126 (Prov.
1771 1070 1836 1122 ιι,
1861 1053 1974 1126 lli).
1998 1052 2141 1109 Hinc

533 1154 616 1204 est
643 1143 794 1222 quod
819 1145 1192 1219 lacrymarum
1223 1159 1418 1203 causas
1443 1143 1810 1217 tripudiantes
1837 1149 2136 1216 peragunt;

535 1235 672 1294 hinc
718 1242 801 1292 est
841 1234 990 1309 quod
1033 1234 1227 1292 mortis
1254 1251 1366 1291 suae
1395 1234 1678 1307 negotium
1707 1233 1949 1290 ridentes
1975 1248 2143 1289 exse-

537 1331 805 1400 quuntur.
839 1323 994 1381 Unde
1023 1323 1117 1380 hic
1147 1339 1365 1398 quoque
1392 1330 1516 1396 apte
1545 1322 1899 1396 subjungitur
1929 1340 1942 1380 :

946 1431 1177 1490 CAPUT
1214 1431 1324 1490 xv
1363 1430 1506 1505 [Rec.
1547 1430 1726 1506 xw].

607 1539 779 1599 Vsus.
821 1540 874 1598 7.
906 1571 978 1584 —
1007 1539 1112 1610 Qui
1152 1541 1292 1596 inter
1318 1539 1680 1614 hujuscemodi
1717 1539 2058 1607 (tutabantur,
2096 1543 2146 1594 et

537 1649 644 1690 esse
670 1634 765 1690 sub
794 1633 1024 1690 sentibus
1051 1633 1267 1688 delicias
1295 1633 1683 1704 computabant.

610 1721 700 1778 38.
731 1721 799 1778 In
829 1720 1156 1776 transitoriis
1187 1721 1441 1786 laetantes,
1459 1721 1708 1790 gravibus
1737 1719 1880 1774 curis
1903 1719 2144 1792 affligun-

544 1815 652 1866 tur.
683 1839 754 1851 —
782 1808 933 1865 Inter
963 1805 1345 1878 hujuscemodi
1375 1806 1652 1875 laetantur,
1701 1806 1830 1880 quia
1877 1807 2142 1864 nimirum

540 1896 836 1956 attendunt
863 1895 1184 1952 transitoria
1212 1911 1334 1969 quas
1381 1895 1714 1969 percipiunt,
1745 1903 1801 1952 et
1827 1895 2031 1954 intueri
2052 1914 2143 1954 ne-

540 1990 758 2064 gligunt
806 1989 1184 2062 permanentia
1228 1989 1372 2045 bona
1419 2004 1540 2062 quae
1588 1987 1845 2061 perdunt.
1896 1988 2144 2064 Cumque

537 2094 726 2137 amore
755 2077 1144 2152 temporalium
1174 2076 1426 2152 flagrant,
1463 2093 1648 2134 veram
1678 2077 1927 2135 laetitiam
1957 2078 2143 2135 volen-

538 2174 623 2225 tes
663 2167 942 2240 ignorant.
975 2167 1150 2236 Quam
1200 2165 1248 2224 si
1297 2166 1545 2224 studiose
1573 2182 1897 2239 cognoscere
1924 2183 2146 2241 quaere-

540 2264 685 2325 rent,
705 2272 872 2330 quam
892 2255 1075 2315 ﬂenda
1092 2257 1205 2314 sint
1224 2255 1424 2329 gaudia
1441 2272 1561 2330 quae
1581 2263 1846 2330 appetunt
1868 2257 2139 2313 viderent.

540 2345 646 2402 Sed
677 2345 811 2404 dum
842 2347 1072 2404 meliora
1110 2347 1252 2406 scire
1293 2354 1680 2416 contemnunt,
1711 2347 1826 2404 sola
1854 2347 1961 2403 sibi
1991 2347 2143 2402 velut

537 2451 754 2492 summa
798 2436 1030 2509 eligunt,
1071 2453 1191 2512 quae
1221 2436 1518 2494 visibiliter
1545 2437 1723 2494 oculis
1758 2437 1938 2510 fugaci
1969 2436 2144 2494 sedu-

537 2527 722 2584 ctioue
749 2525 1132 2586 blandiuntur.
1156 2527 1416 2584 Visibilia
1443 2527 1657 2585 scilicet
1685 2536 1977 2603 sequentes
1999 2529 2017 2563 ¹
2048 2544 2144 2584 cor

540 2625 745 2699 ﬁgunt;
786 2634 842 2682 et
878 2633 1032 2683 tanto
1069 2627 1418 2686 extrinsecus
1459 2623 1609 2684 654
1647 2627 1907 2700 gaudent,
1937 2635 2143 2700 quanto

539 2715 978 2773 recordationem
1001 2717 1085 2773 sui
1107 2717 1440 2774 intrinsecus
1459 2735 1571 2776 non
1602 2717 1825 2774 habent.
1845 2717 2146 2774 Miscentur

537 2812 721 2864 tamen
750 2823 941 2864 eorum
972 2808 1186 2881 gaudiis
1205 2811 1529 2884 plerumque
1549 2809 1958 2876 tribulationes,
1979 2816 2142 2882 atque

537 2913 608 2954 ex
654 2897 818 2955 rebus
865 2897 1002 2971 ipsis
1041 2915 1111 2955 ex
1153 2899 1356 2974 quibus
1403 2899 1728 2973 superbiunt
1771 2899 2137 2972 flagellantur.

534 2987 722 3060 Neque
749 2987 898 3044 enim
919 2987 1040 3045 sine
1060 2990 1318 3062 gravibus
1337 3006 1598 3048 curarum
1623 2988 1891 3045 molestiis
1911 2996 2140 3060 possunt

535 3076 858 3150 temporalia
885 3095 1007 3151 quas
1036 3087 1324 3153 appetunt,
1367 3079 1456 3135 vel
1503 3094 1616 3134 non
1653 3077 1845 3133 habita
1873 3091 2136 3148 quaerere,

535 3164 625 3220 vel
667 3165 896 3238 quaesita
937 3183 1178 3235 servare,
1225 3167 1372 3223 inter
1416 3165 1652 3238 aequales
1701 3164 2137 3237 praestantiorem

537 3252 766 3327 gloriam
821 3261 1098 3326 appetere,
1153 3271 1186 3311 a
1241 3254 1550 3311 minoribus
1605 3254 1968 3310 reverentiam
2016 3255 2140 3328 plus

538 3357 704 3414 quam
732 3349 949 3416 Oportet
976 3341 1214 3414 exigere,
1265 3350 1320 3398 et
1348 3342 1534 3399 minus
1562 3358 1725 3416 quam
1755 3341 1956 3399 debent
1982 3358 2142 3398 eam-

539 3431 665 3490 dem
724 3429 1028 3504 majoribus
1082 3432 1378 3500 exhibere;
1415 3431 1738 3506 plerumque
1795 3433 2094 3506 potentiam
2118 3433 2140 3468 ³

541 3537 638 3594 per
673 3521 1057 3596 impotentiam
1087 3523 1408 3590 ostendere;
1441 3541 1656 3597 semper
1683 3541 1852 3598 prava
1879 3541 2058 3598 agere,
2087 3533 2142 3583 et

539 3617 724 3668 tamen
751 3627 821 3668 ne
850 3613 1169 3685 opinionem
1199 3615 1487 3688 pravitatis
1506 3613 1764 3684 habeant,
1787 3613 2142 3672 formidolose

540 3699 838 3760 custodire.
866 3701 994 3759 Haec
1017 3703 1265 3776 profecto
1293 3703 1482 3760 omnia
1502 3703 1732 3761 miseros
1751 3712 2026 3780 pungunt,
2048 3702 2144 3760 sed

539 3794 757 3856 easdem
813 3797 1141 3870 punctiones
1196 3798 1316 3874 ipso
1358 3815 1544 3856 rerum
1585 3800 1976 3873 temporalium
2007 3799 2142 3856 victi

537 3899 724 3942 amore
757 3901 871 3944 non
899 3886 1166 3946 sentiunt.
1213 3889 1368 3946 Unde
1414 3897 1470 3946 et
1515 3897 1660 3948 recte
1708 3906 1859 3946 nunc
1887 3888 2096 3946 dicitur
2127 3906 2139 3945 :

535 3975 612 4032 Et
628 3991 735 4032 esse
748 3976 842 4032 sub
871 3978 1100 4036 sentibus
1127 3979 1348 4038 delicias
1376 3981 1770 4054 computabant,
1800 3979 1932 4054 quia
1959 3995 2144 4052 pecca-

538 4069 720 4121 torum
763 4065 1225 4126 delectationibus
1261 4070 1458 4144 pressi,
1503 4087 1574 4128 ex
1601 4071 1802 4127 atfectu
1830 4067 1960 4124 vitae
1994 4085 2144 4142 prai-

537 4153 710 4210 sentis
738 4169 902 4226 quam
933 4158 1045 4214 sint
1071 4175 1260 4231 aspera
1289 4176 1412 4234 quae
1441 4159 1730 4232 patiuntur
1757 4159 2033 4232 ignorant.

611 4239 700 4298 39.
731 4242 963 4300 Delicias
991 4246 1252 4302 aestimant
1281 4265 1492 4304 manere
1519 4247 1615 4303 sub
1642 4248 1894 4304 sentibus.
1929 4277 2002 4289 —
2029 4246 2142 4304 Lai-

539 4333 730 4385 tantur
757 4328 962 4403 itaque,
1006 4331 1102 4388 sed
1129 4333 1232 4389 sub
1261 4335 1533 4403 sentibus,
1564 4335 1696 4408 quia
1723 4335 1888 4391 rebus
1916 4335 2140 4409 quidem

540 4419 938 4495 temporalibus
979 4422 1238 4495 gaudent,
1286 4424 1382 4482 sed
1432 4432 1616 4482 tamen
1665 4425 1797 4483 dum
1827 4427 2142 4500 dispensare

541 4507 660 4566 sine
706 4509 1063 4570 tribulatione
1105 4513 1295 4571 eadem
1337 4516 1666 4588 temporalia
1702 4533 1813 4574 non
1843 4515 2050 4587 valent,
2079 4533 2144 4574 ea

2243 602 2604 676 praediximus
2648 605 2788 675 (Lib.
2838 621 2940 674 vii,
2983 621 3040 660 n.
3073 605 3192 676 25),
3223 603 3409 661 ebrius
3435 605 3662 680 quisque
3685 609 3810 682 quod

2246 693 2452 766 patitur
2479 695 2672 751 nescit.
2704 694 2812 763 Qui
2841 711 2972 750 vero
3011 695 3293 751 absinthio
3326 695 3625 765 debriatur,
3652 706 3703 754 et
3727 697 3815 758 hoc

2246 783 2394 856 quod
2435 784 2668 857 sumpsit
2713 801 2961 841 amarum
3005 793 3108 854 est,
3151 793 3205 840 et
3233 791 3416 841 tamen
3447 801 3557 841 non
3585 787 3817 860 intelligit

2247 873 2494 929 eamdem
2533 874 2959 931 amaritudinem
2989 891 3097 948 qua
3124 875 3698 947 repletur.llumanum
3723 877 3819 950 igi-

2246 970 2340 1020 tur
2381 980 2552 1035 genus
2597 971 2746 1020 recto
2792 964 2892 1020 Dei
2937 963 3152 1036 judicio
3181 965 3202 1000 ³
3233 964 3293 1021 in
3333 963 3702 1037 voluptatibus
3723 967 3820 1025 suis

2247 1051 2353 1108 sibi
2384 1051 2698 1121 dimissum,
2728 1061 2890 1126 atque
2919 1069 3015 1125 per
3043 1053 3262 1110 easdem
3293 1053 3602 1126 voluptates
3627 1063 3819 1127 sponta-

2249 1145 2368 1200 neis
2396 1144 2851 1202 tribulationibus
2879 1145 3168 1212 traditum,
3199 1145 3482 1203 absinthio
3509 1155 3590 1204 est
3611 1147 3820 1218 ebrium,

2250 1233 2381 1308 quia
2403 1241 2456 1289 et
2474 1250 2658 1290 amara
2676 1242 2807 1291 sunt
2829 1251 2953 1308 qua:
2976 1252 3075 1308 pro
3096 1235 3265 1308 hujus
3280 1235 3409 1291 vitae
3431 1252 3612 1292 amore
3630 1237 3822 1306 tolerat,

2250 1329 2306 1377 et
2332 1329 2516 1378 tamen
2544 1323 2793 1380 eamdem
2821 1324 3246 1381 amaritudinem
3273 1324 3517 1381 caecitate
3536 1325 3824 1398 cupiditatis

2251 1412 2409 1484 quasi
2439 1411 2863 1470 insensibilitate
2891 1413 3174 1470 ebrietatis
3215 1413 3452 1488 ignorat.
3483 1414 3672 1471 Mundi
3697 1415 3821 1472 enim

2252 1501 2482 1573 gloriam
2511 1502 2725 1571 sitiens,
2755 1502 2887 1559 dum
2918 1504 3118 1559 multas
3147 1520 3245 1576 pro
3269 1521 3329 1559 ea
3361 1503 3736 1560 tribulationes
3759 1520 3822 1559 re-

2253 1590 2416 1663 perit,
2462 1606 2714 1648 amarum
2758 1599 2840 1648 est
2886 1592 3034 1666 quod
3066 1592 3228 1649 bibit.
3262 1593 3368 1650 Sed
3397 1593 3526 1666 quia
3555 1593 3656 1650 hoc
3683 1593 3822 1650 nimis

2254 1678 2534 1737 inhianter
2566 1682 2824 1754 sumpsit,
2845 1681 3090 1754 ejusdem
3110 1682 3502 1739 amaritudinis
3522 1684 3719 1740 malum
3737 1683 3821 1739 dis-

2253 1787 2474 1828 cernere
2513 1769 2628 1844 jam
2671 1789 2781 1846 prie
2828 1773 2945 1846 ipsa
2977 1773 3239 1830 ebrietate
3281 1790 3396 1830 non
3441 1774 3659 1832 suﬂicit.
3706 1771 3821 1848 [νει.

2170 1876 2216 1936 Β
2255 1860 2434 1935 ΧΠ]
2488 1861 2694 1917 Amant
2747 1861 2894 1918 enim
2939 1863 3180 1935 perversi
3237 1863 3494 1920 homines
3539 1880 3636 1937 pro
3687 1862 3825 1936 hujus

2254 1949 2448 2006 mundi
2480 1950 2653 2024 gloria
2685 1951 2851 2007 etiam
2880 1952 3286 2022 tribulationes,
3308 1955 3636 2026 cunctisque
3665 1969 3752 2025 pro
3777 1969 3824 2007 ea

2252 2039 2549 2096 sudoribus
2570 2041 2804 2097 libenter
2819 2041 3090 2111 serviunt,
3111 2050 3165 2098 et
3183 2043 3436 2115 gravium
3459 2043 3702 2100 laborum
3715 2041 3824 2114 jugo

2253 2129 2608 2202 devotissime
2621 2130 2764 2186 colla
2782 2130 3306 2200 submittunt.Quod
3321 2133 3463 2190 bene
3474 2133 3577 2190 sub
3591 2131 3821 2205 Ephraim

2251 2219 2432 2292 specie
2504 2220 2642 2276 Osee
2709 2220 3071 2294 prophetante
3140 2221 3476 2280 describitur
3507 2267 3522 2292 ,
3579 2221 3673 2296 qui
3723 2221 3819 2278 sit:

2255 2308 2519 2378 Ephra'im
2547 2308 2718 2364 vitula
2745 2309 2896 2365 docta
2925 2311 3141 2381 diligere
3171 2311 3430 2366 triturum
3473 2311 3625 2384 (Osee
3647 2327 3703 2379 ιι,
3731 2310 3819 2380 ll).

2253 2398 2444 2457 Vitula
2471 2399 2620 2456 enim
2652 2400 2864 2459 tritura
2894 2401 3177 2459 laboribus
3203 2410 3443 2472 assueta,
3477 2403 3714 2458 relaxata
3737 2399 3822 2472 ple-

2252 2507 2485 2564 rumque
2501 2490 2568 2547 ad
2583 2489 2837 2548 eumdem
2857 2491 3059 2549 laboris
3079 2509 3238 2550 usum
3251 2493 3422 2549 etiam
3445 2509 3559 2548 non
3579 2489 3824 2563 compulsa

2252 2581 2568 2638 revertitur.
2601 2582 2682 2637 Ita
2710 2597 3006 2655 pravorum
3030 2598 3184 2638 mens
3203 2581 3376 2653 hujus
3397 2582 3595 2638 mundi
3617 2578 3824 2638 servitiis

2251 2671 2457 2739 dedita,
2479 2680 2534 2727 et
2553 2687 2734 2728 rerum
2758 2672 3142 2744 temporalium
3174 2671 3598 2743 fatigationibus
3623 2676 3822 2733 assueta,

2251 2761 2466 2818 etiamsi
2489 2762 2592 2818 sibi
2616 2763 2785 2818 libere
2807 2779 2999 2819 vacare
3021 2762 3202 2830 liceat,
3227 2761 3451 2817 subesse
3478 2769 3665 2818 tamen
3692 2762 3711 2795 ‘
3741 2767 3822 2814 ter-

2253 2851 2398 2909 renis
2428 2851 2709 2908 laboribus
2737 2852 2980 2918 festinat,
3001 2859 3055 2907 et
3071 2867 3231 2908 usum
3256 2851 3474 2907 miserae
3492 2848 3823 2908 conversatio-

2250 2942 2338 2998 nis
2367 2942 2621 2998 trituram
2653 2942 2858 2998 laboris
2885 2942 3103 3016 quierit,
3122 2949 3184 2998 ut
3210 2959 3242 2997 a
3265 2940 3406 3014 jugo
3428 2942 3716 3000 mundana:
3742 2956 3822 2995 ser-

2250 3031 2446 3088 vitutis
2473 3047 2681 3087 cessare
2710 3047 2822 3087 non
2853 3031 3042 3099 libeat,
3085 3031 3251 3088 etiam
3283 3031 3328 3086 si
3359 3032 3544 3089 liceat.
3578 3029 3728 3100 Quod
3753 3028 3826 3084 vi-

2247 3121 2447 3177 delicet
2464 3118 2661 3191 jugum
2689 3118 2962 3175 Dominus
2981 3120 3002 3154 ⁶
3029 3135 3060 3174 a
3088 3118 3498 3192 discipulorum
3522 3119 3726 3178 cervice
3745 3116 3825 3173 sol.

2173 3239 2218 3301 ο
2253 3209 2436 3277 vebat,
2467 3223 2594 3265 cum
2624 3206 2770 3264 dixit
2794 3225 2806 3263 ε
2839 3207 3103 3265 Attendite
3129 3209 3297 3275 vobis,
3318 3226 3388 3264 ne
3418 3209 3560 3280 forte
3576 3212 3829 3301 graventur

2253 3301 2416 3357 corda
2457 3303 2632 3354 vestra
2666 3297 2724 3351 in
2760 3297 2986 3369 crapula
3026 3303 3074 3353 et
3111 3297 3361 3354 ebrietate
3392 3300 3556 3370 (Luc.
3589 3315 3707 3367 ni,
3734 3295 3829 3366 3i),

2250 3390 2404 3447 illico
2433 3387 2691 3460 adjunxit
2717 3404 2728 3442 ι
2757 3392 2830 3448 Et
2858 3387 2913 3442 in
2943 3388 3085 3442 curis
3105 3388 3266 3459 hujus
3288 3388 3444 3455 vitaz;
3467 3396 3518 3445 et
3530 3386 3832 3462 superveniat

2250 3481 2307 3536 in
2333 3497 2424 3537 vos
2450 3479 2724 3552 repentina
2751 3478 2860 3534 dies
2891 3479 3007 3536 illa.
3039 3479 3112 3535 Et
3139 3495 3330 3536 rursus
3367 3499 3380 3538 :
3421 3482 3596 3541 Venite
3617 3481 3688 3538 ad
3712 3481 3830 3541 665

2249 3596 2350 3645 me,
2381 3594 2556 3634 omnes
2573 3576 2666 3648 qui
2695 3577 2950 3634 laboratis
2979 3584 3026 3633 et
3045 3576 3250 3634 onerati
3278 3575 3430 3643 estis,
3455 3583 3505 3633 et
3523 3594 3611 3649 ego
3629 3574 3833 3648 reﬁciam

2253 3687 2362 3725 vos.
2407 3667 2592 3726 Tollite
2611 3667 2806 3739 jugum
2845 3685 3016 3724 meum
3057 3684 3219 3740 super
3257 3683 3378 3733 vos,
3415 3675 3466 3723 et
3493 3667 3672 3724 discite
3695 3683 3729 3721 a
3753 3679 3831 3728 me,

2251 3767 2379 3839 quia
2397 3765 2539 3822 mitis
2554 3783 2673 3821 sum
2695 3772 2742 3822 et
2768 3765 2982 3823 humilis
3011 3766 3164 3822 corde
3186 3766 3407 3837 (Matth.
3432 3783 3519 3836 ιιι,
3535 3765 3652 3838 28).
3674 3765 3697 3800 ⁸
3715 3756 3834 3830 Quid

2252 3865 2334 3914 est
2360 3857 2508 3914 enim
2536 3856 2776 3913 Domino
2805 3857 2996 3912 mitem
3026 3871 3083 3913 se
3112 3855 3171 3912 in
3201 3855 3530 3927 magisterio
3557 3861 3716 3928 atque
3740 3849 3835 3906 hu-

2254 3945 2442 4002 milem
2471 3944 2674 4014 dicere,
2705 3944 2813 4001 nisi
2845 3944 3053 4003 relictis
3081 3943 3410 4001 exercendae
3441 3942 3700 4002 elationis
3717 3935 3835 3996 difﬁ-

2251 4033 2550 4092 cultatibus
2588 4034 2753 4106 plana
2791 4033 3041 4108 quaedam
3088 4033 3229 4090 bene
3258 4033 3494 4092 vivendi
3525 4033 3724 4092 itinera
3747 4027 3832 4084 de-

2253 4124 2602 4182 monstrare?
2647 4123 2753 4182 Sed
2809 4125 2939 4198 quia
2981 4140 3279 4198 pravorum
3337 4131 3560 4182 mentes
3605 4124 3725 4198 plus
3760 4131 3836 4191 per

2251 4229 2441 4286 aspera
2489 4212 2745 4270 elationis
2798 4229 2963 4287 quam
3017 4229 3114 4286 per
3167 4212 3374 4270 blanda
3419 4209 3750 4271 humilitatis
3787 4219 3836 4260 ac

2252 4301 2694 4360 mansuetudinis
2741 4302 3104 4372 delectantur,
3137 4318 3255 4360 esse
3293 4302 3402 4360 sub
3449 4301 3700 4361 sentibus
3725 4292 3836 4354 deli-

2249 4393 2364 4449 cias
2409 4391 2694 4465 deputant.
2738 4393 2887 4449 Dura
2928 4392 3077 4448 enim
3125 4409 3237 4466 prae
3265 4407 3459 4450 amore
3488 4390 3676 4450 saeculi
3704 4380 3838 4462 quasi

2249 4480 2501 4554 quaedam
2544 4481 2736 4538 mollia
2774 4497 2839 4539 ac
2884 4480 3234 4539 delectabilia
3286 4481 3435 4539 ferre
3479 4480 3658 4557 parati
3710 4480 3840 4539 sunt,

541 4613 674 4656 cura
699 4608 1023 4673 punguntur
1050 4601 1237 4660 miseri
1276 4620 1386 4678 qua
1412 4613 1758 4677 premuntur.
1789 4607 2012 4663 Manent
2039 4606 2138 4663 sub

2255 4571 2388 4630 dum
2417 4572 2477 4630 in
2505 4571 2610 4631 hac
2635 4572 2752 4630 vita
2779 4589 2963 4631 rerum
3007 4572 3254 4630 culmina
3299 4571 3719 4647 apprehendere
3757 4581 3841 4624 co-

541 4686 810 4758 sentibus,
827 4695 884 4745 et
900 4688 1007 4748 hoc
1028 4689 1208 4764 ipsum
1229 4692 1456 4750 delicias
1475 4693 1770 4764 aestimant,
1790 4695 1921 4770 quia
1935 4703 1989 4752 et
2004 4694 2143 4752 dura

541 4777 764 4852 quidem
795 4796 864 4838 ex
894 4783 1176 4855 praesentis
1199 4784 1326 4842 vitae
1355 4801 1540 4843 amore
1577 4785 1836 4857 tolerant,
1875 4795 1931 4844 et
1956 4794 2140 4845 tamen

537 4866 738 4927 affectu
766 4867 954 4926 nimiae
982 4870 1304 4944 cupiditatis
1342 4872 1593 4946 obligati,
1622 4873 1863 4932 laborem
1892 4873 2137 4948 ejusdem

537 4958 846 5018 tolerantiae
875 4961 1213 5036 voluptatem
1256 4971 1471 5037 putant.
1522 4964 1676 5023 Unde
1703 4974 1848 5024 recte
1877 4966 2140 5024 leremias

536 5049 708 5110 totius
726 5051 787 5110 in
807 5067 865 5110 se
885 5051 1142 5111 humanae
1161 5055 1596 5112 conversationis
1624 5057 1862 5129 speciem
1891 5073 2136 5124 sumens,

2321 4787 2410 4846 40.
2441 4787 2746 4862 Asperitate
2797 4787 2996 4844 laboris
3035 4787 3226 4860 magis,
3266 4805 3433 4860 quam
3461 4786 3657 4861 quietis
3684 4782 3841 4841 dulce—

2249 4878 2390 4946 dine,
2421 4878 2762 4934 delectantur.
2795 4906 2866 4918 —
2894 4875 3269 4935 Cessationem
3301 4876 3586 4935 Dominus
3613 4892 3646 4933 a
3673 4865 3840 4930 mundi

2248 4968 2530 5027 laboribus
2570 4968 2826 5042 imperat,
2869 4975 3072 5026 sach
3101 4968 3307 5042 quietis
3335 4967 3698 5024 dulcedinem
3744 4973 3839 5034 ρετ·

2247 5059 2468 5128 suadet;
2519 5066 2574 5116 et
2617 5065 2802 5116 tamen
2849 5073 3067 5116 vaesana
3106 5057 3432 5131 iniquorum
3466 5074 3630 5115 mens
3657 5055 3774 5130 plus
3798 5063 3842 5104 se

538 5153 634 5210 per
659 5141 963 5202 lamentum
991 5143 1266 5220 queritur,
1295 5143 1516 5203 dicens:
1542 5147 2137 5204 Inebriaoitmeabsin-
2245 5149 2460 5224 assequi
2489 5164 2678 5224 aspera
2706 5148 3002 5207 carnaliter
3029 5160 3208 5222 quam
3227 5155 3416 5204 tenere
3445 5145 3660 5204 blanda
3686 5137 3842 5215 spiri-

611 5358 823 5442 ‘_§Jorb.
867 5364 1079 5442 (ἶφι-φη
1109 5366 1350 5442 Βριιρνυ
1379 5365 1554 5424 Laud.
1585 5374 1645 5442 et
1667 5365 1853 5424 Germ.
1863 5410 1881 5442 ,_
1909 5365 2141 5442 fortasse

540 5434 764 5514 rectius,
795 5434 1136 5514 corfugiunt.
1159 5437 1406 5514 Priorem
1427 5445 1611 5514 tamen
1632 5439 1758 5514 lect.
1781 5434 2138 5514 retinuimus,

539 5505 629 5584 qui
655 5505 824 5584 etiam
853 5505 984 5562 Mss.
1014 5507 1294 5584 Plorm._et
1322 5509 1570 5584 plerique
1599 5511 1990 5583 suffragantur.
2013 5507 2137 5565 Val.

539 5573 632 5649 Cl.
655 5573 842 5649 habet,
872 5593 906 5632 a
933 5577 1088 5649 corde
1115 5573 1347 5649 [ugiunti

612 5645 634 5682 ³
662 5643 794 5730 Ed.,
814 5643 1285 5732 iniustitiam.
1315 5651 1637 5726 Elegantius
1664 5651 1724 5708 in
1753 5649 1960 5708 nostris
1986 5649 2140 5718 Mss,

532 5725 1090 5921 fggeﬁiiitmu
1129 5793 1420 5852 voluntates
1460 5810 1563 5868 pro
1604 5793 1916 5865 voluptates,
1947 5791 2060 5862 hic,
2089 5800 2144 5850 et

537 5879 707 5923 ιιιιινι.

2321 5368 2341 5400 ³
2370 5367 2451 5422 Ita
2477 5366 2605 5422 Mss.
2637 5367 2712 5422 At
2739 5365 2850 5422 duo
2879 5365 3066 5422 Germ.
3098 5380 3162 5422 ac
3189 5363 3364 5432 Editi,
3397 5363 3631 5420 terrenis
3653 5359 3843 5416 sudori-

2249 5438 2410 5495 bus...
2451 5444 2500 5493 et
2527 5455 2629 5493 usu
2656 5438 2878 5494 miserta.
3793 5498 3801 5506 ,

2321 5511 2342 5545 ⁵
2374 5509 2538 5567 Corh.
2588 5509 2776 5567 Germ.
2822 5517 2876 5564 et
2905 5508 3154 5580 Vulgat.,
3183 5525 3218 5562 a
3247 5505 3646 5578 discipulorum
3673 5505 3845 5559 cervice

2249 5581 2586 5654 sublevabat;
2615 5580 2902 5654 sequimur
2931 5588 3052 5654 capt.
3085 5580 3213 5654 Mss.
3308 5651 3329 5654 Α
3407 5648 3420 5654 _
3576 5651 3600 5654 _
3770 5644 3780 5654 ,

2322 5654 2344 5688 ⁶
2373 5651 2503 5721 Ed.,
2533 5653 2662 5734 quid
2690 5648 2768 5734 est
2789 5652 2926 5707 enim
2946 5652 3267 5734 Dominum.
3281 5648 3529 5734 Stylum
3561 5648 3845 5734 Gregorii:

2249 5738 2384 5796 num
2418 5721 2591 5796 magis
2635 5723 2822 5796 sapit;
2863 5723 3225 5796 quietest”...
3271 5721 3532 5791 Doinino,
3565 5729 3630 5779 ut
3659 5721 3845 5788 legitur

2252 5793 2310 5850 in
2331 5792 2730 5862 Laudfduobf,
2761 5792 2974 5862 Gerin.,
3003 5793 3340 5861 Norm.,etc.
