3946 6370
191 329 267 382 161
977 321 1344 377 MOBALIUM
1385 320 1517 377 LIB.
1564 320 1688 376 XX.
1730 351 1799 363 —
1839 320 1907 378 IN
1947 323 2172 380 CAPUT
2213 323 2372 379 XXX
2413 326 2474 380 B.
2519 327 2660 382 JOB.

3367 328 3467 386 162

185 460 378 517 tualiter
421 453 636 526 gaudet,
687 454 810 525 plus
856 453 1152 510 acerbitate
1200 453 1540 524 fatigationis
1581 469 1746 527 quam
1777 457 1826 516 Α
1857 455 2040 510 debitis
2078 461 2130 509 et
2166 472 2257 510 vos
2300 458 2321 490 δ
2364 473 2525 526 super
2569 455 2840 512 duodecim
2885 459 3122 525 thronos,
3161 458 3470 528 judicantes

184 547 361 623 quietis
381 541 667 600 dulcedine
698 542 957 614 pascitur.
983 542 1141 611 Quod
1170 551 1354 615 aperte
1384 543 1442 599 in
1467 543 1758 617 semetipso

185 636 322 697 nobis
362 631 690 689 Israeliticus
736 632 974 704 populus
1001 631 1243 688 ostendit
1273 633 1478 702 (Exod.
1520 650 1641 701 xvr,
1675 633 1755 705 3),

183 727 263 802 qui
289 725 409 781 dum
437 721 793 778 refectionem
825 739 1038 778 manna:
1069 721 1304 795 desuper
1332 723 1658 796 perciperet,
1690 724 1757 779 ab

183 821 396 891 Egypto
424 816 560 871 ollas
609 815 886 884 cornium,
932 832 1194 888 pepones,
1238 833 1452 888 porros,
1491 832 1758 890 cepasque

181 905 490 978 concupivit.
525 903 669 972 Quid
699 905 847 960 enim
883 905 1134 977 signatur
1163 906 1221 960 in
1254 922 1477 974 manna,
1501 905 1610 961 nisi
1639 921 1760 962 esca

181 997 365 1071 gratias,
385 1011 548 1051 suave
566 994 806 1066 sapiens,
837 994 905 1050 ad
937 995 1294 1052 refectionem
1324 994 1607 1052 interioris
1630 996 1758 1051 vitae

179 1086 300 1142 bene
329 1083 651 1140 vacantibus
667 1083 903 1156 desuper
925 1084 1051 1139 data
1068 1085 1095 1140 Ὺ
1123 1086 1194 1140 Ει
1223 1083 1358 1157 quid
1376 1101 1472 1156 per
1491 1085 1628 1140 ollas
1645 1102 1759 1141 car-

178 1179 338 1244 nium,
371 1179 385 1211 ¹
417 1175 524 1230 nisi
557 1175 801 1230 carnalia
821 1191 1008 1247 opera,
1039 1176 1136 1231 vix
1166 1175 1590 1232 tribulationum
1612 1176 1759 1232 labo-

176 1265 314 1322 ribus
351 1263 501 1336 quasi
534 1263 757 1334 ignibus
790 1263 1148 1336 excoquenda
1168 1265 1196 1321 ?
1239 1264 1344 1332 Qui
1375 1280 1472 1336 per
1498 1281 1757 1336 pepones,

175 1355 270 1412 nisi
305 1361 529 1409 terrente
560 1352 880 1408 dulcedines
903 1353 930 1409 ?
959 1353 1105 1420 Quid
1153 1369 1248 1426 per
1277 1370 1470 1425 porros
1512 1370 1574 1410 ac
1602 1370 1760 1426 cepas

174 1443 508 1516 exprimitur,
541 1458 661 1514 quae
685 1443 1012 1516 plerumque
1033 1442 1127 1516 qui
1145 1443 1466 1512 comedunt,
1491 1444 1760 1516 lacrymas

173 1534 437 1600 emittunt,
467 1532 578 1587 nisi
611 1531 908 1590 diﬂicultas
929 1533 1056 1588 vitm
1079 1533 1386 1606 praesentis,
1417 1550 1537 1606 quae
1567 1550 1598 1588 a
1626 1533 1759 1590 dile-

169 1622 400 1680 ctoribus
425 1622 541 1678 suis
569 1629 623 1677 et
653 1638 764 1678 non
794 1623 912 1678 sine
942 1623 1093 1680 luctu
1123 1625 1323 1696 agitur,
1347 1632 1400 1679 et
1419 1632 1602 1679 tamen
1631 1640 1757 1679 cum

172 1711 420 1785 lacrymis
437 1713 697 1768 amatur?
726 1713 926 1769 Manna
955 1712 1124 1784 igitur
1153 1713 1484 1782 deserentes,
1514 1730 1640 1771 cum
1671 1729 1758 1785 pe-

172 1800 395 1874 ponibus
432 1817 494 1857 ac
542 1802 802 1859 carnibus
856 1819 1047 1876 porros
1095 1819 1363 1876 cepasque
1399 1801 1757 1876 quzesierunt,

173 1890 289 1963 quia
317 1890 577 1948 videlicet
606 1909 874 1965 perversae
923 1901 1134 1948 mentes
1164 1892 1350 1950 dulcia
1400 1908 1496 1964 per
1534 1891 1762 1964 gratiam

171 1979 358 2053 quietis
387 1979 535 2036 dona
550 1980 884 2053 despiciunt,
917 1990 970 2037 et
991 1999 1090 2054 pro
1111 1980 1426 2038 carnalibus
1453 1979 1765 2052 voluptati-

171 2064 263 2120 bus
315 2064 587 2121 laboriosa
627 2065 797 2138 hujus
840 2066 967 2121 vita:
1017 2066 1238 2134 itinera,
1286 2066 1450 2120 etiam
1505 2064 1764 2136 lacrymis

173 2153 339 2225 plena,
369 2155 806 2227 concupiscunt;
840 2163 1206 2211 contemnunt
1235 2154 1436 2209 habere
1465 2153 1560 2208 ubi
1590 2153 1765 2225 spiri-

175 2244 378 2299 tualiter
407 2245 702 2316 gaudeant,
754 2252 807 2300 et
853 2244 1229 2300 desideranter
1271 2251 1557 2316 appetunt,
1588 2242 1682 2298 ubi
1712 2251 1765 2297 et

171 2333 446 2388 carnaliter
467 2342 708 2406 gemant.
735 2335 942 2390 Horum
976 2335 1159 2407 itaque
1186 2333 1499 2390 vecordiam
1521 2332 1765 2388 veridica

172 2437 292 2478 voce
321 2422 422 2478 Job
450 2422 843 2495 reprehendat,
873 2424 1002 2497 quia
1028 2423 1295 2479 nimirum
1331 2438 1592 2495 perverso
1617 2420 1767 2493 judi-

170 2509 265 2578 cio,
292 2511 609 2582 perturbata
637 2512 977 2584 tranquillis,
1007 2511 1144 2567 dura
1176 2511 1414 2580 lenibus,
1444 2527 1634 2583 aspera
1665 2509 1764 2565 mi-

168 2597 323 2667 tibus,
357 2601 678 2657 transitoria
713 2602 953 2669 aeternis,
999 2609 1251 2674 suspecta
1279 2601 1488 2658 securis
1527 2608 1766 2673 antepo—

169 2696 316 2744 nunt.
352 2691 373 2724 ²
405 2691 616 2746 Ilorum
641 2691 914 2746 vecordia:
943 2699 1131 2747 sancta
1159 2690 1406 2746 Ecclesia
1426 2690 1762 2758 recordetur,

167 2793 277 2832 cum
307 2780 471 2834 saevis
502 2781 851 2834 extrinsecus
864 2779 1295 2834 adversitatibus
1311 2779 1601 2850 premitur,
1628 2795 1764 2850 quos

168 2865 296 2922 intra
323 2884 381 2922 se
429 2869 582 2922 velut
626 2867 817 2922 fideles
859 2867 1160 2932 continuit,
1215 2867 1310 2922 sed
1354 2882 1544 2921 eorum
1591 2866 1761 2920 vitam

166 2955 543 3012 adversantem
577 2955 703 3011 ﬁdei
755 2955 854 3011 diu
882 2955 1162 3023 toleravit,
1194 2963 1247 3010 et
1275 2955 1449 3011 dicat:
1488 2954 1589 3021 Qui
1628 2954 1766 3008 inter

165 3045 516 3116 hujuscemodi
562 3047 902 3111 testabantur,
949 3053 996 3100 et
1035 3064 1139 3101 esse
1168 3047 1261 3100 sub
1290 3045 1518 3101 sentibus
1547 3043 1764 3098 delicias

163 3138 549 3210 computabant,
581 3137 712 3210 quia
741 3137 1006 3192 nimirum
1040 3139 1182 3193 mala
1211 3153 1332 3210 quae
1363 3141 1531 3207 agunt
1560 3151 1628 3190 ex
1659 3134 1762 3189 ini-

1870 544 2139 600 duodecim
2166 545 2336 600 tribus
2367 547 2540 602 Israel
2571 547 2784 616 (Matth.
2818 563 2937 615 xix,
2967 547 3088 621 28).
3107 552 3249 608 Ecce
3287 550 3470 607 relin-

1871 643 2099 708 quentes
2126 634 2450 707 temporalia
2488 635 2717 706 gloriam
2751 637 3036 707 potestatis
3065 646 3281 695 aeternaa
3315 657 3472 696 mer-

1870 724 1976 780 cati
2006 732 2154 780 sunt.
2187 725 2332 793 Quid
2364 725 2547 798 itaque
2576 725 2634 780 in
2666 725 2771 782 hoc
2811 726 3019 782 mundo
3049 729 3276 785 stultius
3303 747 3468 802 quam

1871 830 1969 868 sua
1998 813 2243 870 deserere
2266 815 2293 870 ’17
2321 816 2392 870 Et
2421 815 2554 888 quid
2603 815 2661 870 in
2691 815 2994 872 aeternitate
3025 816 3270 873 nobilius
3303 834 3467 890 quam

1871 918 1997 957 cum
2042 905 2154 957 Deo
2191 901 2406 974 judices
2437 903 2673 960 venire?
2723 905 2929 959 l-lorum
2969 904 3182 960 scilicet
3215 904 3470 976 judicum

1872 991 2134 1046 nobilitas
2161 992 2451 1048 Salomone
2485 1000 2777 1049 attestante
2821 1001 3180 1063 memoratur,
3211 1011 3339 1051 cum
3370 995 3475 1052 hoc

1871 1081 2020 1153 quod
2043 1080 2156 1152 jam
2181 1081 2440 1153 praefatus
2469 1099 2590 1138 sum
2622 1082 2860 1139 dicitur:
2896 1083 3103 1140 Nobilis
3130 1084 3188 1138 in
3198 1083 3373 1156 portis
3392 1085 3478 1140 vir

1871 1171 2005 1240 ejus,
2026 1173 2240 1241 quando
2251 1173 2442 1227 sederit
2456 1190 2574 1226 cum
2585 1173 2913 1228 senatoribus
2931 1180 3088 1229 terra
3105 1173 3293 1245 (Prov.
3313 1189 3474 1240 xxxr,

1871 1262 1987 1333 23).
2021 1262 2194 1319 Valde
2215 1263 2416 1336 quippe
2448 1263 2662 1320 nobiles
2689 1264 3024 1334 considerat,
3043 1281 3181 1337 quos
3197 1271 3476 1320 senatores

1874 1360 2049 1409 vocat.
2085 1354 2238 1410 Hanc
2285 1355 2344 1409 in
2389 1370 2445 1409 se
2489 1355 2834 1411 nobilitatem
2873 1356 3076 1411 Paulus
3116 1362 3423 1427 aspexerat,
3453 1357 3474 1390 ³

1871 1458 1998 1498 cum
2029 1443 2342 1514 cognationi
2365 1443 2670 1499 conditoris
2685 1461 2782 1516 per
2801 1444 3057 1517 spiritum
3074 1443 3304 1516 junctus
3332 1443 3476 1500 dice-

1872 1530 2000 1587 bat:
2039 1532 2212 1587 Genus
2240 1550 2360 1604 ergo
2389 1550 2507 1588 cum
2553 1533 2717 1588 simus
2744 1533 2867 1598 Dei,
2912 1550 3018 1587 non
3059 1533 3297 1588 debemus
3319 1533 3478 1605 asti-

1870 1637 2019 1675 mare
2043 1639 2202 1690 auro,
2227 1624 2304 1678 vel
2335 1629 2552 1694 argento
2583 1625 2604 1658 ⁶
2626 1628 2722 1678 aut
2752 1622 2920 1694 lapidi
2945 1623 3233 1692 sculptura,
3252 1621 3410 1687 artis,
3431 1626 3479 1676 et

1871 1711 2174 1781 cogitationi
2203 1711 2430 1766 hominis
2459 1713 2698 1766 divinum
2714 1729 2820 1766 esse
2839 1712 3008 1766 simile
3026 1710 3168 1780 (Act.
3192 1728 3335 1778 xvu,
3356 1711 3473 1780 29).

1871 1798 2057 1854 Genus
2103 1798 2364 1855 videlicet
2402 1799 2501 1854 Dei
2549 1799 2812 1868 dicimur,
2856 1814 2969 1854 non
3016 1814 3085 1854 ex
3119 1799 3238 1871 ejus
3282 1805 3478 1855 natura

1873 1887 2031 1954 editi,
2064 1887 2159 1943 sed
2190 1904 2285 1960 per
2322 1888 2581 1960 spiritum
2615 1887 2790 1957 illius,
2821 1895 2874 1943 et
2905 1887 3217 1943 voluntarie
3243 1887 3476 1955 conditi,

1873 1983 1927 2030 et
1955 1975 2214 2046 adoptive
2245 1977 2498 2034 recreati.
2529 1977 2706 2032 Tanto
2735 1992 2864 2049 ergo
2906 1975 2976 2032 ad
3021 1975 3166 2033 hanc
3207 1976 3480 2032 nobilita-

1874 2072 1983 2120 tem
2015 2065 2245 2138 quisque
2275 2066 2526 2137 erigitur,
2574 2073 2781 2140 quanto
2823 2082 2918 2139 per
2955 2074 3231 2138 acceptam
3272 2066 3477 2139 imagi-

1874 2170 1998 2210 nem
2042 2154 2112 2210 ad
2158 2154 2586 2212 similitudinem
2624 2155 2778 2212 illius
2823 2172 2891 2211 ex
2939 2155 3250 2212 imitatione
3307 2171 3480 2212 reno-

1874 2252 2056 2300 vatur.

1945 2333 2032 2390 42.
2059 2333 2188 2389 Alia
2199 2333 2465 2405 ignobilis,
2486 2351 2593 2405 qua
2612 2352 2841 2408 superna
2863 2334 3124 2406 sapientia
3134 2333 3476 2405 relinquitur.

1872 2424 2020 2478 —At
2040 2432 2232 2480 contra
2260 2432 2388 2480 sunt
2411 2425 2567 2480 stulti
2597 2432 2651 2479 et
2681 2424 2971 2496 ignobiles,
3003 2423 3099 2496 qui
3129 2423 3262 2478 dum
3293 2440 3477 2496 super-

1875 2533 2002 2572 nam
2032 2518 2380 2590 sapientiam,
2430 2519 2752 2591 semetipsos
2801 2526 3112 2592 sequentes,
3143 2518 3387 2591 fugiunt,
3419 2518 3479 2574 in

1874 2624 1971 2662 sua
2001 2606 2312 2680 ignorantia
2334 2608 2491 2680 quasi
2507 2608 2565 2664 in
2585 2607 2810 2680 abjecta
2835 2608 3006 2680 prolis
3025 2608 3241 2663 vilitate
3256 2609 3479 2680 sopiun-

1875 2702 1982 2752 tur.
2017 2697 2136 2764 Quo
2167 2697 2316 2752 enim
2348 2697 2404 2753 id
2433 2697 2502 2754 ad
2530 2697 2680 2770 quod
2709 2697 2920 2754 conditi
2951 2705 3102 2766 sunt,
3132 2713 3245 2752 non
3267 2697 3479 2753 intelli-

1873 2793 2030 2857 gunt,
2061 2802 2124 2841 eo
2154 2787 2319 2842 etiam
2351 2790 2369 2822 ⁷
2403 2788 2786 2858 cognationem
2811 2796 3046 2860 acceptae
3069 2805 3164 2860 per
3183 2788 3479 2860 imaginem

1873 2872 2254 2941 generositatis
2277 2874 2533 2944 perdunt.
2567 2875 2734 2929 Stulti
2763 2883 2893 2930 sunt
2931 2891 3059 2947 ergo
3106 2882 3160 2930 et
3189 2874 3480 2947 ignobiles,

1872 2978 2009 3033 quos
2037 2961 2105 3016 ab
2139 2971 2357 3018 aeternae
2373 2963 2712 3020 haereditatis
2730 2965 3019 3020 consortio
3047 2966 3268 3037 repellit
3295 2967 3484 3023 servi-

1873 3057 1962 3105 tus
1995 3049 2212 3106 mentis.
2245 3050 2524 3123 Scriptum
2572 3051 2777 3124 quippe
2823 3060 2936 3108 est:
2993 3055 3174 3108 Omnis
3215 3055 3309 3124 qui
3345 3054 3480 3124 facit

1865 3145 2155 3211 peccatum,
2186 3157 2368 3195 servus
2399 3147 2472 3195 est
2495 3141 2694 3212 peccati
2727 3142 2910 3213 (Joan.
2942 3159 3066 3210 vm,
3100 3142 3215 3213 34).
3249 3144 3320 3198 Et
3350 3159 3498 3200 voce-

165 3243 390 3300 quorum
433 3227 866 3301 praecedentium
909 3228 1178 3301 pravitate
1222 3226 1557 3284 didicerunt.
1609 3223 1764 3282 Unde
1795 3213 1838 3272 Ο
1875 3228 2075 3300 egregii
2107 3228 2482 3300 praedicatoris
2510 3229 2750 3285 dicitur:
2788 3231 3060 3302 Sapientia
3089 3231 3250 3301 hujus
3274 3233 3482 3299 mundi,

163 3325 211 3373 et
237 3327 381 3376 recte
410 3317 767 3392 subjungitur
791 3337 802 3374 :

541 3445 771 3503 CAPUT
809 3443 940 3499 XVI
981 3441 1120 3516 [νει.
1175 3440 1381 3515 XVII].

228 3551 400 3611 Vnus.
434 3553 489 3611 8.
521 3584 592 3595 —
620 3554 752 3610 Filii
781 3555 1065 3608 stultorum
1094 3555 1142 3606 et
1179 3549 1506 3622 ignobilium.

227 3641 314 3698 41.
347 3644 568 3716 Duplex
592 3649 664 3698 est
694 3643 958 3706 stultitia;
987 3642 1098 3696 alia
1122 3657 1337 3694 summa:
1363 3637 1631 3693 nobilitati
1651 3653 1766 3692 con-

153 3730 355 3798 juncta.
392 3765 467 3775 —
495 3732 793 3790 Sciendum
843 3731 1004 3786 nobis
1040 3738 1122 3785 est
1152 3728 1298 3802 quod
1329 3728 1424 3783 alii
1455 3727 1601 3783 intra
1629 3743 1768 3782 san-

163 3829 299 3878 ctam
332 3823 647 3881 Ecclesiam
678 3828 947 3877 vocantur
976 3821 1154 3888 stulti,
1201 3818 1296 3874 sed
1319 3826 1501 3873 tamen
1531 3817 1765 3886 nobiles,

163 3912 249 3968 alii
280 3931 418 3970 vero
450 3921 580 3968 sunt
619 3911 775 3968 stulti
806 3919 858 3966 et
889 3910 1175 3982 ignobiles.
1209 3909 1374 3965 Stulti
1407 3925 1643 3981 namque
1672 3908 1769 3964 di-

163 4010 385 4072 cuntur,
419 4002 513 4058 sed
545 4019 659 4058 esse
689 4001 958 4074 ignobiles
989 4006 1288 4073 nequeunt,
1313 3999 1407 4072 qui
1432 3998 1614 4055 carnis
1644 4015 1766 4070 pru-

164 4090 404 4148 dentiam
448 4099 884 4159 contemnentes,
930 4090 1275 4163 profuturam
1317 4088 1422 4144 sibi
1472 4088 1764 4144 stultitiam

166 4190 452 4255 appetunt,
489 4190 543 4238 et
583 4184 604 4217 ³
635 4181 703 4238 ad
745 4180 1047 4237 novitatem
1077 4180 1305 4236 internae
1337 4178 1508 4252 prolis
1542 4177 1770 4234 virtutis

165 4271 454 4329 nobilitate
471 4271 851 4337 sublevantur;
873 4270 964 4343 qui
983 4269 1207 4326 stultam
1229 4267 1555 4341 sapientiam
1575 4266 1768 4322 mundi

167 4359 497 4434 despiciunt,
519 4369 572 4418 et
589 4361 890 4434 sapientem
912 4359 1008 4416 Dei
1033 4358 1326 4415 stultitiam
1344 4357 1766 4430 concupiscunt.

167 4449 438 4523 Scriptum
487 4451 689 4524 quippe
736 4458 852 4506 est:
888 4454 1034 4512 656
1067 4449 1220 4516 Quod
1262 4447 1481 4503 stultum
1529 4453 1603 4501 est
1647 4445 1768 4516 Dei,

168 4549 451 4619 sapientius
471 4555 545 4604 est
569 4547 865 4604 hominibus
898 4547 955 4620 (Ι
984 4547 1111 4604 Cor.
1137 4563 1177 4615 ι,
1199 4547 1315 4619 25).

168 4637 338 4696 titiam
383 4641 587 4696 Paulus
629 4637 1094 4712 comprehendere
1131 4636 1411 4706 admonet,
1435 4635 1660 4692 dicens:
1709 4635 1769 4692 Si

169 4729 280 4800 quis
310 4731 522 4787 videtur
547 4729 686 4786 inter
715 4745 805 4785 vos
833 4727 1043 4800 sapiens
1070 4744 1174 4783 esse
1200 4725 1258 4782 in
1286 4727 1380 4783 hoc
1407 4725 1618 4794 swculo,
1640 4725 1769 4781 stul-

172 4825 246 4875 tus
273 4823 388 4895 ﬁat,
411 4829 473 4878 ut
499 4823 568 4878 sit
593 4822 802 4894 sapiens
834 4819 1022 4891 (Ibid.,
1045 4837 1129 4887 III,
1155 4820 1270 4892 18).
1296 4819 1448 4876 Hanc
1475 4817 1770 4875 stultitiam

171 4911 258 4982 qui
286 4914 525 4985 perfecte
556 4912 728 4970 secuti
758 4918 908 4980 sunt,
953 4926 1087 4967 voce
1117 4909 1409 4982 Sapientiae
1438 4907 1630 4965 audire
1660 4924 1770 4964 me-

169 5011 427 5060 ruerunt:
475 5003 572 5062 Vos
609 5004 702 5074 qui
739 5000 899 5057 secuti
937 5002 1058 5056 estis
1112 5017 1212 5067 me,
1272 5001 1330 5055 in
1380 4997 1772 5072 regeneratione

171 5105 280 5148 cum
307 5095 499 5152 sederit
528 5094 701 5152 Filius
727 5093 955 5150 hominis
981 5091 1037 5148 in
1075 5093 1190 5148 sede
1218 5091 1511 5165 majestat-is
1539 5108 1668 5162 sua,
1699 5107 1772 5147 se-

245 5325 260 5361 ¹
292 5325 354 5384 In
385 5326 536 5385 Edit.
568 5329 727 5387 Rom.
751 5325 895 5385 Sixti
925 5324 997 5394 V,
1028 5321 1135 5379 nisi
1159 5321 1407 5380 carnalia
1437 5336 1603 5378 onera
1631 5320 1771 5394 viae,

176 5399 316 5478 quod
336 5401 502 5478 etiam
535 5401 735 5478 legitur
765 5401 844 5478 in__
865 5393 1203 5478 GilOt..Mss.
1259 5395 1479 5467 Anglic.
1512 5401 1565 5448 et
1597 5393 1773 5450 nostri

175 5466 371 5545 habent
400 5473 513 5540 vix,
542 5466 690 5545 quod
721 5471 916 5527 melius
945 5469 1106 5545 sapit.

243 5541 264 5576 ³
293 5544 508 5613 Norm.,
538 5541 729 5599 horum
756 5543 1074 5598 vecordiam.

243 5614 264 5648 ³
294 5615 357 5671 In
387 5607 572 5672 Germ.
596 5624 649 5672 et
673 5615 803 5684 Ed.,
834 5622 881 5669 et
898 5615 968 5669 ad
997 5612 1341 5677 nobilitatem,
1363 5608 1624 5667 omnibus
1651 5607 1776 5664 aliis

176 5682 534 5761 Mss._nos_tris
563 5682 1006 5761 reclamantibus.
1122 5757 1155 5761 _
1326 5757 1361 5761 _
1605 5751 1690 5761 ,

245 5759 266 5793 ⁴
295 5757 549 5832 Plerique
577 5761 704 5816 Mss.
736 5760 952 5832 Norm.,
989 5773 1065 5815 sc.
1075 5799 1092 5828 ,
1122 5757 1296 5826 Prat.,
1326 5757 1486 5815 Becc.
1520 5761 1575 5811 et
1605 5753 1773 5822 Utic.,

178 5843 330 5901 super
366 5831 508 5887 sedes
535 5831 822 5887 duodecim.

1878 3318 2107 3373 stultitia
2125 3319 2357 3389 estapud
2373 3319 2542 3374 Deum
2584 3317 2642 3389 (Ι
2675 3319 2802 3375 Cor.
2822 3336 2907 3387 Ill,
2934 3320 3046 3390 19).
3071 3319 3176 3386 Qui
3197 3336 3326 3392 ergo
3345 3321 3477 3380 dum

1877 3415 2094 3462 terrena
2123 3414 2373 3478 saperent
2393 3406 2460 3462 ab
2490 3407 2687 3462 intima
2712 3407 3075 3480 generositate
3098 3409 3302 3480 repulsi
3331 3419 3483 3476 sunt,

1878 3495 2034 3554 stulti
2062 3496 2227 3552 simul
2258 3503 2313 3552 et
2341 3496 2611 3569 ignobiles
2639 3498 2884 3554 fuerunt.
2919 3497 3164 3565 Quorum
3197 3496 3328 3554 dum
3358 3499 3484 3571 ple-

1879 3590 2036 3663 rique
2065 3598 2218 3646 actus
2248 3590 2562 3659 imitantur,
2610 3590 2713 3646 ﬁlii
2743 3590 3040 3646 stultorum
3070 3598 3126 3646 et
3153 3589 3482 3662 ignobilium

1878 3680 2022 3735 ﬁunt
2045 3697 2058 3746 ;
2082 3679 2325 3751 dumque
2365 3695 2458 3735 eos
2495 3679 2748 3735 sensibus
2777 3695 2840 3736 ac
2871 3678 3120 3735 moribus
3155 3686 3482 3752 sequuntur,

1878 3778 1932 3826 et
1960 3770 2115 3826 stulti
2131 3777 2280 3837 sunt,
2304 3770 2431 3843 quia
2454 3786 2638 3825 veram
2667 3769 2993 3841 sapientiam
3010 3785 3122 3826 non
3143 3768 3482 3841 intelligunt,

1879 3869 1933 3916 et
1960 3860 2251 3932 ignobiles,
2283 3860 2412 3932 quia
2427 3859 2580 3916 nulla
2601 3859 2831 3930 spiritus
2853 3859 3106 3914 libertate
3124 3867 3482 3917 renovantur.

1879 3948 1984 4004 Sed
2017 3949 2070 4003 hi
2103 3947 2357 4020 quamvis
2385 3947 2703 4020 iniquorum
2733 3954 2888 4003 actus
2902 3954 3212 4013 exerceant,
3231 3947 3484 4018 plerum-

1880 4054 1985 4111 que
2015 4045 2197 4093 tamen
2229 4037 2286 4091 in
2314 4035 2417 4092 hac
2435 4035 2548 4090 vita
2569 4043 2841 4105 occupant
2865 4035 2983 4091 loca
2998 4035 3301 4106 justorum,
3320 4040 3484 4107 atque

1879 4145 2070 4184 eorum
2099 4144 2155 4183 se
2186 4127 2330 4182 filios
2358 4126 2632 4182 aestimant
2662 4141 2896 4197 quorum
2921 4141 3014 4197 per
3035 4125 3263 4181 honoris
3282 4141 3483 4182 concu-

1880 4223 2202 4297 piscentiam
2234 4223 2414 4280 oﬂicia
2441 4223 2686 4279 exterius
2702 4223 3115 4280 administrant.
3151 4224 3172 4258 ⁸
3195 4223 3343 4291 Quos
3362 4239 3483 4279 san-

1880 4321 1968 4369 cta
1994 4313 2268 4387 correptio
2300 4312 2369 4369 ad
2397 4312 2772 4385 cognitionem
2802 4313 2887 4369 sui
2915 4321 3161 4382 revocat,
3184 4321 3266 4381 ut,
3290 4312 3484 4368 videli-

1879 4410 1987 4472 cet,
2044 4403 2102 4458 in
2149 4401 2335 4475 pravis
2377 4401 2665 4458 desideriis
2706 4401 2894 4476 positi,
2929 4418 3165 4476 quorum
3213 4401 3327 4458 sint
3380 4400 3484 4456 filii

1879 4491 2186 4549 attendant.
2217 4493 2340 4549 Non
2381 4491 2529 4548 enim
2571 4508 2762 4549 eorum
2793 4499 2924 4548 sunt
2965 4491 3069 4548 ﬁlii
3099 4507 3335 4566 quorum
3365 4490 3487 4546 loca

1341 4547 1621 4658 3311333?
1636 4543 1770 4658 sfw:
1799 4579 1848 4640 D
1879 4592 2090 4654 tenent,
2115 4583 2211 4640 sed
2240 4601 2476 4658 quorum
2505 4599 2670 4657 opera
2723 4591 3000 4642 exercent.
3046 4543 3277 4640 Dicatur
3316 4582 3486 4655 igitur

1877 4685 2055 4735 recte:
2091 4677 2222 4735 Filii
2250 4679 2535 4735 stultorum
2557 4683 2606 4735 et
2623 4677 2954 4751 ignobilium.
2980 4674 3084 4735 Ubi
3103 4682 3230 4749 apte
3256 4673 3484 4749 subjun-

1879 4765 2028 4839 gitur
2045 4784 2059 4825 :

2455 4877 2684 4936 CAPUT
2730 4876 2910 4936 XVII.

1953 4995 2091 5053 Iam.
2113 5025 2185 5037 —
2213 4995 2290 5052 Et
2314 4994 2371 5050 in
2401 4998 2546 5048 terra
2569 4992 2781 5064 penitus
2807 5008 2912 5047 non
2930 4995 3201 5064 parentes.

1953 5083 2041 5142 43.
2077 5084 2238 5142 Stulti
2266 5088 2387 5140 siml
2414 5088 2462 5139 et
2485 5082 2760 5154 ignobiles,
2790 5097 2923 5153 quos
2948 5080 3091 5136 Deus
3122 5074 3320 5132 nescire
3344 5091 3489 5148 pro-

1955 5317 1977 5354 ε
2008 5316 2245 5388 Gemet.,
2276 5309 2753 5388 Eb_rpi_c.,__Germ_.
2776 5323 3050 5388 _pr..,__cum
3073 5304 3379 5378 cognitioni.

1958 5391 1979 5424 °
2012 5389 2037 5443 1
2070 5379 2242 5442 Laud.
2274 5393 2327 5440 et
2357 5383 2481 5440 Val.
2513 5381 2622 5448 CL,
2651 5386 2747 5435 aut
2771 5379 3057 5451 lapidibus.

1956 5462 1974 5496 ⁷
2009 5459 2131 5514 Val.
2165 5458 2274 5524 CL,
2304 5453 2660 5525 cog-nationem
2685 5449 2969 5525 acceptam.
3001 5450 3255 5525 Plerique
3271 5449 3487 5517 Norm.,

1883 5531 2244 5603 cognitionem.
2271 5524 2463 5603 Germ.
2497 5524 2670 5597 prius,
2701 5524 3084 5596 cognationem,
3101 5524 3198 5580 sed
3213 5536 3284 5576 ex
3305 5535 3488 5576 emen-

1883 5598 2104 5661 datione
2133 5598 2494 5672 cognitio-nem.

1958 5677 1979 5710 ⁸
2008 5673 2139 5742 Ed.,
2185 5663 2314 5743 quos
2349 5675 2537 5743 sancta
2581 5666 2820 5743 Ecclesia
2859 5683 2960 5743 p_e_r
2986 5663 3486 5743 correptionemad.

1883 5746 2068 5805 Secuti
2095 5733 2287 5802 sumus
2313 5741 2442 5798 Mss.
2474 5739 2613 5796 duos
2641 5733 3108 5808 Germ.,'Norm.,
3130 5733 3330 5803 Laud.,
3362 5733 3488 5790 Val.

1885 5819 1995 5888 CL,
2024 5825 2129 5877 etc.
2161 5817 2222 5874 In
2254 5812 2540 5871 nonnullis
2567 5810 2771 5881 Editis,
2799 5817 2848 5866 et
2873 5828 2908 5866 a
2938 5809 3262 5883 cogitatione.
