3946 6370
536 328 638 381 163

531 451 727 520 litetur.
759 446 918 504 Multi
949 445 1214 501 raritatem
1237 445 1580 516 cognoscendo
1596 451 1864 514 premunt,
1885 459 1990 496 non
2011 448 2122 496 tan.
2155 443 2200 500 Α

527 543 671 608 gunt.
703 564 774 575 —
801 533 959 590 Sicut
985 533 1136 588 enim
1165 533 1410 604 plerique
1439 532 1498 587 in
1527 540 1675 588 terra
1705 538 1854 598 sunt,
1883 536 1937 584 et
1965 543 1998 582 a
2025 543 2128 585 oo-

525 623 774 696 gnitione
805 621 1099 678 hominum
1121 621 1428 694 abjectione
1451 620 1683 676 vilitatis
1697 637 1807 676 suae
1828 617 1982 692 quasi
1998 634 2127 690 qua-

523 711 650 769 dam
682 711 1106 784 superductione
1124 711 1415 767 velaminis
1429 710 1863 776 absconduntur,
1893 709 1971 764 ita
1997 715 2127 764 sunt

522 803 781 858 nonnulli
810 801 868 857 in
899 801 1145 858 Ecclesia
1173 803 1268 874 qui
1290 802 1420 858 dum
1438 817 1493 857 se
1513 799 1808 872 abjectioni
1829 815 2125 874 pravorum

524 909 753 964 operum
784 892 1048 960 subdunt,
1081 892 1277 949 divino
1316 891 1631 963 conspectui
1680 891 1798 947 noti
1833 906 1946 946 non
1973 895 2123 944 sunt.

523 981 738 1048 Quibus
765 991 818 1038 et
838 981 1164 1054 quandoque
1185 982 1480 1038 dicendum
1498 989 1578 1038 est
1603 998 1614 1036 :
1637 981 1805 1036 Amen
1825 981 1940 1036 dico
1959 979 2123 1044 vobis,

518 1072 691 1127 nescio
712 1091 803 1128 vos
821 1074 1042 1144 (Matth.
1062 1091 1200 1142 xxv,
1218 1074 1330 1145 i2).
1355 1074 1487 1129 Esse
1507 1089 1636 1145 ergo
1653 1071 1710 1128 in
1731 1079 1875 1127 terra
1893 1078 1948 1127 et
1965 1085 2123 1142 appa-

519 1177 660 1232 rere,
691 1169 835 1226 65⁸7
866 1171 950 1218 est
969 1163 1026 1219 in
1049 1163 1156 1220 ﬁde
1184 1171 1332 1219 recta
1361 1179 1457 1235 per
1485 1163 1748 1219 virtutem
1765 1161 1946 1235 operis
1966 1161 2122 1217 nobi-

521 1261 732 1316 litatem
760 1262 962 1317 mentis
977 1262 1282 1318 ostendere.
1307 1263 1441 1318 Esse
1457 1278 1590 1318 vero
1606 1261 1664 1318 in
1680 1269 1824 1317 terra
1839 1269 1893 1317 et
1904 1259 2122 1333 penitus

521 1365 632 1404 non
663 1366 946 1423 apparere,
977 1359 1030 1408 et
1059 1352 1118 1407 in
1147 1352 1393 1409 Ecclesia
1419 1352 1644 1426 quidem
1665 1352 1774 1408 ﬁde
1799 1351 2120 1419 consistere,

519 1438 614 1494 sed
644 1439 722 1494 nil
753 1439 984 1513 dignum
1011 1439 1140 1497 ﬁdei
1162 1441 1220 1497 in
1237 1459 1398 1514 opere
1418 1442 1813 1499 demonstrare.
1847 1441 1915 1497 Hi
1936 1441 2120 1514 itaque

517 1527 663 1585 intra
681 1537 926 1587 sanctam
941 1531 1246 1588 Ecclesium
1264 1532 1578 1589 divinitatis
1599 1532 1775 1590 oculis
1793 1538 1846 1588 et
1861 1530 2123 1586 videntur

515 1634 612 1692 per
630 1619 930 1690 judicium,
963 1629 1018 1677 et
1044 1629 1228 1677 tamen
1257 1637 1355 1694 per
1383 1621 1541 1678 bonae
1568 1621 1700 1678 vitae
1716 1620 1976 1676 meritum
2007 1637 2120 1676 non

517 1708 799 1777 videntur,
827 1710 960 1781 quia
1003 1727 1067 1766 ea
1120 1727 1241 1783 quae
1288 1711 1602 1766 conﬁtendo
1638 1717 1848 1779 tenent,
1879 1710 2120 1767 vivendo

1727 316 1972 372 SANCTI
2014 313 2350 370 GREGOHII
2393 313 2615 367 MAGNI
3709 323 3793 377 ια

2576 436 2803 494 CAPUT
2859 437 3042 494 XVIII
3099 436 3243 510 [Rea
3287 439 3494 514 XVII].

2310 529 2479 585 Vnus.
2511 528 2826 585 9.—Nunc
2868 529 2923 583 in
2966 546 3148 584 eorum
3189 531 3447 584 canticum
3494 547 3666 586 versus
3687 549 3798 604 sum,

2235 624 2284 674 et
2308 617 2482 688 factus
2512 636 2627 674 sum
2659 619 2732 674 eis
2745 619 3107 691 proverbium.

2306 706 2396 763 44.
2455 708 2663 778 Iniquis
2693 709 3058 774 crescentibus,
3110 707 3240 780 ﬁdes
3286 706 3343 762 in
3387 709 3731 782 opprobrium,
3765 722 3803 770 et

2237 796 2431 851 veritas
2459 796 2514 851 in
2543 798 2740 852 crimen
2770 797 3184 864 erit—Quibus
3201 795 3461 853 videlicet
3487 797 3661 855 verbis
3686 801 3802 858 illud

2235 901 2435 949 sanctae
2483 895 2745 951 Ecclesiae
2793 904 3012 968 tempus
3051 895 3406 967 exprimitur,
3450 911 3560 968 quo
3616 899 3802 970 publice

2233 997 2266 1038 a
2285 984 2534 1056 reprobis
2562 985 2846 1052 irridetur,
2877 985 3098 1058 quando
3127 984 3338 1057 iniquis
3357 986 3730 1059 crescentibus,
3755 989 3802 1046 in

2233 1073 2591 1146 opprobrium
2622 1075 2780 1144 ﬁdes,
2812 1084 2866 1131 et
2901 1075 3102 1131 veritas
3151 1074 3258 1131 erit
3300 1074 3358 1130 in
3401 1075 3626 1132 crimen.
3655 1077 3804 1138 Tanto

2233 1163 2435 1236 quippe
2465 1163 2775 1236 despectior
2807 1165 3186 1238 unusquisque
3229 1164 3375 1232 erit,
3409 1172 3612 1236 quanto
3629 1164 3804 1238 justior

2232 1268 2347 1309 esse
2385 1255 2658 1326 potuerit;
2692 1263 2846 1311 tanto
2862 1255 3275 1324 abominabilis,
3293 1263 3499 1329 quanto
3521 1256 3799 1318 laudabilis.

2231 1343 2429 1399 Sancta
2449 1344 2634 1418 itaque
2664 1346 2966 1402 electorum
2988 1347 3238 1402 Ecclesia
3257 1345 3574 1403 aﬂlictionis
3589 1355 3800 1421 tempore

2230 1433 2589 1505 proverbium
2620 1435 2805 1507 pravis
2850 1435 3110 1504 efﬁcitur,
3149 1435 3282 1508 quia
3323 1452 3449 1493 cum
3493 1435 3661 1493 bonos
3686 1440 3798 1495 mori

2230 1537 2328 1594 per
2355 1529 2632 1580 tormenta
2659 1523 3032 1597 conspiciunt,
3061 1523 3131 1581 ab
3160 1525 3239 1581 eis
3268 1524 3685 1582 similitudinem
3712 1544 3799 1583 ma-

2230 1612 2548 1670 ledictionis
2593 1622 2848 1672 sumunt.
2873 1615 2993 1684 Quo
3021 1613 3170 1672 enim
3190 1616 3566 1672 transitoriam
3599 1625 3798 1675 mortem

2229 1702 2443 1772 vident,
2475 1703 2569 1760 sed
2599 1712 3013 1776 permanentem
3044 1705 3218 1763 vitam
3265 1722 3380 1764 non
3421 1705 3640 1774 vident;
3665 1714 3793 1764 tanto

515 1813 630 1854 non
658 1797 945 1855 exhibent.
967 1800 1046 1855 De
1073 1799 1276 1872 quibus
1295 1799 1497 1856 Paulus
1511 1799 1678 1856 dicit:
1716 1800 2045 1872 Conﬁtentur
2071 1819 2124 1858 se
2147 1811 2194 1873 Β
2229 1791 2404 1864 magis
2432 1791 2734 1850 defidendo
2764 1794 2908 1849 mala
2936 1794 3228 1866 praesentia
3253 1795 3499 1868 fugiunt,
3519 1803 3712 1870 quanto
3725 1814 3800 1870 per

515 1903 665 1942 nosse
681 1888 874 1954 Deum,
903 1887 1062 1958 factis
1089 1897 1265 1945 autem
1308 1896 1499 1962 negant
1533 1892 1671 1964 (Tit.
1715 1907 1758 1957 I,
1806 1890 1918 1963 16).
1959 1890 2027 1946 Hi
2057 1891 2116 1948 in

515 1985 702 2034 sancta
731 1978 980 2034 Ecclesia
1018 1978 1184 2034 ﬁdem
1215 1994 1380 2052 quam
1410 1988 1595 2036 tenere
1620 1997 1676 2037 se
1705 1988 1956 2037 asserunt
1983 1997 2117 2053 pre-

513 2073 674 2122 munt
698 2067 884 2140 potius
911 2084 1075 2141 quam
1104 2077 1460 2139 venerantur,
1482 2069 1615 2126 dum
1645 2086 1744 2127 sua
1764 2071 1936 2142 magis
1964 2070 2115 2127 illius

513 2155 744 2212 nomine
767 2172 929 2229 quam
963 2157 1082 2229 ejus
1109 2157 1342 2232 adipisci
1362 2160 1512 2216 lucra
1532 2161 1949 2233 concupiscunt.
1972 2159 2110 2235 [Vet.

511 2244 751 2318 XVIII.]
803 2246 979 2302 Electi
1035 2255 1216 2302 autem
1263 2248 1396 2305 dum
1443 2266 1658 2306 servare
1697 2249 1826 2306 ﬁdei
1855 2251 2112 2307 meritum

493 2333 675 2388 rectis
695 2333 954 2406 operibus
975 2343 1190 2404 curant,
1213 2336 1280 2392 ad
1301 2339 1541 2395 auctoris
1561 2339 1647 2395 sui
1668 2339 1925 2395 notitiam
1945 2340 2112 2397 etiam

508 2420 651 2476 inter
691 2423 1049 2494 reproborum
1105 2427 1378 2483 tumultus
1433 2428 1894 2503 appropinquant.
1953 2430 2110 2498 Quod

506 2511 645 2568 bene
684 2512 741 2570 in
773 2515 1075 2587 Evangelia
1097 2518 1330 2574 muliere
1350 2519 1635 2591 sanguinis
1655 2520 1812 2576 ﬂuxu
1827 2520 2110 2577 laborante

505 2601 784 2671 signatum
815 2611 918 2671 est,
961 2605 1028 2660 de
1070 2623 1179 2679 qua
1219 2625 1344 2662 cum
1390 2609 1660 2664 Dominus
1689 2609 1926 2666 diceret:
1981 2610 2108 2677 Quis

503 2705 583 2743 me
612 2690 779 2762 tetigit
809 2691 961 2762 (Luc.
994 2711 1121 2764 vnr,
1152 2695 1282 2767 45)?
1324 2697 1518 2754 Petrus
1550 2701 1567 2734 1
1599 2698 1983 2756 ratiocinando
2011 2716 2108 2755 re—

503 2778 759 2848 spondit:
802 2783 995 2838 Turbaz
1032 2790 1077 2839 te
1104 2787 1458 2858 comprimunt
1495 2793 1541 2843 et
1569 2789 1828 2862 afﬂigunt,
1859 2797 1906 2844 et
1931 2791 2064 2845 dicis
2088 2809 2104 2846 :

505 2867 634 2934 Quis
661 2886 741 2924 me
761 2869 974 2942 tetigit?
1017 2872 1124 2929 Sed
1167 2875 1190 2909 ²
1229 2875 1420 2931 audire
1459 2893 1650 2934 causas
1684 2893 1825 2932 verae
1874 2877 2104 2936 rationis

501 2957 722 3026 meruit,
754 2974 880 3015 cum
911 2961 960 3016 ei
989 2963 1260 3020 Dominus
1288 2964 1470 3022 dixit:
1527 2967 1712 3038 Tetigit
1755 2984 1836 3023 me
1879 2967 2099 3038 aliquis,

495 3059 618 3100 nam
646 3052 695 3101 et
719 3065 809 3119 ego
837 3050 964 3106 novi
990 3053 1238 3109 virtutem
1283 3055 1451 3111 emisse
1490 3055 1554 3111 de
1595 3073 1695 3111 me.
1736 3057 1877 3114 Ecce
1923 3055 2099 3112 turbae

2226 1879 2572 1936 intellectum
2592 1881 2932 1939 intrinsecus
2946 1883 3015 1940 ad
3029 1883 3172 1940 bona
3182 1885 3564 1958 permanentia
3583 1901 3686 1942 non
3704 1901 3798 1958 per-

2226 1971 2470 2042 tingunt.
2502 1971 2608 2028 Sed
2637 1987 2700 2028 ea
2742 1989 2863 2046 quae
2894 1975 2916 2010 ⁶
2946 1973 3239 2046 subjuncta
3267 1983 3421 2046 sunt,
3469 1975 3598 2050 quia
3624 1976 3800 2035 obscu-

2225 2059 2467 2117 rioribus
2495 2061 2784 2118 sententiis
2811 2065 2957 2126 658
2985 2062 3269 2136 implicata
3314 2082 3428 2122 non
3475 2075 3626 2137 sunt,
3653 2067 3798 2125 debe-

2226 2171 2348 2212 mus
2377 2157 2478 2214 sub
2506 2158 2775 2216 brevitate
2805 2169 3199 2234 transcurrere,
3244 2171 3306 2222 ut
3348 2165 3418 2223 ad
3449 2182 3514 2223 ea
3544 2167 3602 2224 in
3629 2166 3798 2241 quibus

2225 2245 2585 2306 laborandum
2615 2257 2699 2306 est
2726 2251 3008 2309 valeamus
3027 2252 3195 2311 citius
3217 2256 3528 2328 pervenire.
3545 2256 3793 2331 Sequitur:

2807 2342 3038 2402 CAPUT
3093 2346 3249 2404 XIX.

2292 2425 2464 2486 Vnus.
2500 2429 2586 2488 10.
2617 2460 2690 2474 -
2717 2431 3114 2492 Abominantur
3149 2454 3250 2505 me,
3289 2444 3338 2492 et
3369 2440 3520 2512 longe
3553 2440 3794 2513 fugiunta

2220 2532 2320 2582 me,
2351 2525 2401 2572 et
2416 2519 2606 2588 faciem
2634 2539 2801 2578 meam
2831 2541 3112 2598 conspuere
3130 2545 3235 2582 non
3261 2537 3532 2588 verentur.

2251 2603 2340 2661 45.
2366 2609 2684 2679 Iniquorum
2704 2612 3048 2670 irrisionibus
3064 2633 3170 2670 non
3196 2617 3470 2686 deﬁcitur,
3487 2620 3577 2676 sed
3604 2619 3795 2692 erigitur

2217 2699 2267 2748 et
2292 2697 2477 2751 crescit
2531 2701 2788 2758 Ecclesia.
2819 2734 2891 2746 —
2917 2705 3100 2776 Longe
3147 2721 3178 2761 a
3231 2715 3420 2764 sancta
3467 2709 3706 2766 Ecclesia
3726 2708 3791 2764 fu-

2217 2783 2375 2854 giunt
2403 2801 2594 2843 omnes
2624 2789 2804 2863 iniqui
2834 2807 2947 2846 non
2978 2793 3226 2864 passibus
3242 2812 3556 2866 gressuum,
3575 2797 3793 2870 sedqua—

2216 2871 2465 2932 litatibus
2495 2894 2731 2947 morum;
2767 2883 2786 2917 ⁷
2819 2881 2977 2954 longe
3003 2883 3228 2956 fugiunt
3257 2902 3371 2942 non
3390 2887 3537 2958 loco,
3570 2887 3662 2944 sed
3692 2902 3792 2942 me-

2212 2962 2352 3029 rito;
2386 2964 2541 3034 dum,
2600 2978 2876 3026 crescente
2914 2973 3189 3044 superbia,
3244 2984 3435 3047 aperta
3462 2993 3583 3034 eam
3612 2991 3793 3050 expro-

2210 3049 2463 3109 bratione
2486 3063 2868 3116 contemnunt.
2890 3061 3106 3117 Faciem
3124 3079 3363 3138 namque
3386 3065 3506 3139 ejus
3521 3049 3792 3141 conspuere

494 3136 816 3238 premetgam
839 3141 1168 3212 Dominum,
1197 3144 1294 3200 sed
1320 3151 1504 3201 tamen
1533 3147 1648 3203 sola
1669 3147 1852 3219 tetigit
1879 3162 1999 3220 quas,
2029 3147 2099 3204 ad
2133 3177 2176 3238 ϐ
2213 3148 2295 3196 est
2342 3159 2455 3198 non
2484 3150 2702 3238 tantum
2758 3147 2816 3203 in
2873 3149 3120 3207 absentia
3171 3136 3333 3212 bonis
3383 3136 3688 3228 detrahere,
3715 3155 3790 3214 sed

495 3222 654 3280 illum
684 3224 978 3284 humiliter
1005 3232 1182 3300 venit,
1211 3233 1343 3306 quia
1370 3234 1638 3290 nimirum
1660 3236 1821 3291 multi
1842 3236 2008 3292 etiam
2041 3236 2097 3292 in

493 3319 681 3368 sancta
709 3316 958 3373 Ecclesia
983 3320 1204 3391 reprobi
1234 3322 1522 3378 veritatem
1557 3327 1938 3396 cognoscendo
1967 3341 2099 3398 pre-

493 3408 676 3470 munt,
703 3418 868 3476 quam
897 3403 1038 3462 bene
1067 3407 1312 3466 vivendo
1340 3419 1561 3484 tangere
1607 3415 1916 3488 negligunt.
1959 3416 2099 3473 Pre-

492 3498 675 3580 rnunt,
704 3500 759 3548 et
787 3493 952 3568 longe
981 3505 1133 3568 sunt,
1181 3500 1311 3573 quia
1339 3500 1592 3560 divinam
1622 3505 1878 3562 notitiam
1909 3509 1930 3543 ³
1959 3524 2098 3580 pro-

490 3579 825 3640 fessionibus
853 3596 1182 3660 sequuntur,
1227 3591 1474 3649 moribus
1517 3592 1758 3666 fugiunt.
1809 3579 2093 3668 Premiunt,

489 3669 742 3743 inquam,
773 3674 870 3729 sed
900 3674 1060 3748 longe
1089 3685 1238 3748 sunt,
1271 3679 1399 3753 quia
1429 3681 1608 3738 eidem
1627 3683 1778 3753 ﬁdei,
1807 3701 1971 3758 quam
2002 3687 2096 3743 lo-

488 3761 707 3832 quendo
718 3769 991 3834 astruunt,
1012 3767 1255 3840 ‘agendo
1275 3771 1972 3847 contradicuntSiéutergo
1988 3774 2094 3832 hoc

489 3851 810 3911 testimonio
825 3855 1218 3932 docemurquia
1234 3861 1489 3918 nonnulli
1505 3863 1802 3920 Dominum
1819 3865 2092 3937 tangendo

483 3958 594 3998 non
629 3950 881 4018 tangunt,
913 3949 934 3984 ⁵
965 3947 1043 4006 ita
1070 3953 1332 4008 nonnulli
1362 3969 1473 4010 non
1504 3954 1767 4012 videntur
1792 3972 1825 4012 a
1851 3956 2090 4014 Domino

479 4032 646 4089 etiam
676 4051 802 4092 cum
835 4037 1116 4111 videntur,
1149 4042 1278 4115 quia
1306 4044 1540 4102 occultis
1573 4045 1692 4119 ejus
1719 4045 2006 4106 obtutibus
2035 4057 2089 4105 et

481 4119 550 4175 ad
579 4121 950 4184 damnationis
971 4131 1304 4202 supplicium
1335 4143 1618 4206 apparent,
1637 4144 1689 4192 et
1704 4137 1773 4193 ad
1801 4138 2087 4196 electionis

479 4211 740 4268 meritum
769 4229 880 4270 non
922 4228 1204 4289 apparent.
1238 4223 1466 4278 Dicatur
1494 4225 1664 4296 igitur
1690 4235 1872 4284 recte:
1914 4231 1990 4285 Et
2027 4229 2084 4284 in

480 4304 627 4354 terra
641 4301 853 4370 penitus
871 4321 978 4359 non
993 4314 1260 4376 parentes,
1291 4311 1420 4382 quia
1438 4313 1540 4368 etsi
1563 4313 1690 4369 illos
1717 4316 1895 4386 specie
1922 4325 2084 4374 tenus

383 4441 391 4448 ,
477 4386 728 4479 Ecclesia
755 4393 953 4463 tenuit,
976 4411 1070 4451 eos
1098 4403 1282 4453 tamen
1304 4398 1454 4456 intra
1471 4401 1623 4458 illam
1643 4403 1898 4460 conditor
1926 4407 2079 4479 quasi

2207 3246 2657 3308 unumquemque
2679 3235 2893 3308 justum
2924 3241 3089 3296 etiam
3107 3241 3164 3298 in
3195 3249 3492 3316 praesentia
3511 3249 3790 3306 confutare.

2207 3320 2354 3388 Quos
2383 3329 2518 3380 tunc
2545 3325 2702 3396 pravi
2732 3326 2864 3383 dum
2894 3338 3077 3401 aperte
3107 3331 3394 3392 irridendo
3411 3337 3792 3412 despiciunt,in

2206 3429 2396 3470 eorum
2427 3417 2782 3476 contumeliis
2808 3419 2961 3476 ﬂuxa
2976 3423 3143 3480 verba
3157 3427 3313 3499 quasi
3341 3427 3649 3488 deﬂuentes
3672 3430 3792 3487 sali-

2205 3519 2302 3560 vas
2329 3505 2611 3564 emittunt.
2649 3507 2786 3582 [VeL
2820 3511 3000 3587 XIX.]
3031 3514 3136 3570 Sed
3165 3516 3792 3579 scitsanctaEcclesiain

2203 3595 2554 3666 passionibus
2581 3615 2841 3671 crescere,
2871 3610 3035 3676 atque
3063 3605 3209 3662 inter
3239 3611 3542 3682 opprobria
3566 3610 3791 3669 honora-

2201 3683 2371 3742 bilem
2401 3687 2573 3744 vitam
2611 3696 2833 3759 tenere;
2894 3693 2999 3750 scit
3041 3712 3142 3754 nec
3183 3697 3251 3755 de
3291 3699 3597 3760 adversis8
3649 3700 3790 3776 dejici

2201 3791 2301 3832 nec
2357 3775 2423 3831 de
2479 3779 2754 3852 prosperis
2809 3781 3067 3854 gloriari;
3127 3786 3286 3844 novit
3327 3799 3529 3849 contra
3555 3806 3789 3866 prospera

2200 3873 2441 3921 mentem
2471 3884 2627 3927 suam
2658 3868 2716 3924 in
2761 3869 3070 3942 dejectione
3105 3883 3374 3948 sternere,
3426 3882 3587 3948 novit
3617 3888 3788 3939 contra

2195 3952 2428 4010 adversa
2461 3956 2710 4014 animum
2739 3958 2808 4016 ad
2838 3977 2990 4032 spem
3020 3965 3246 4038 superni
3265 3969 3782 4049 culminisexaltare;

2195 4042 2300 4099 scit
2325 4041 2472 4102 bona
2518 4062 2616 4103 sua
2665 4047 3059 4110 misericordiae
3089 4055 3503 4132 Redemptoris,
3533 4063 3638 4120 scit
3663 4041 3787 4118 mali

2192 4148 2292 4190 sua
2305 4132 2542 4206 justitize
2563 4137 2808 4196 tribuere
2831 4139 3067 4213 judicis;
3101 4147 3249 4220 quod
3278 4156 3332 4205 et
3369 4150 3523 4210 bona
3557 4153 3656 4210 illo
3683 4152 3787 4208 lar-

2193 4223 2373 4296 giente
2401 4225 2623 4298 habeat,
2677 4237 2733 4285 et
2783 4232 2928 4288 mala
2983 4233 3082 4290 illo
3138 4237 3498 4308 permittente
3540 4242 3782 4317 patiatur.

2192 4315 2347 4373 Unde
2375 4324 2430 4374 et
2459 4334 2590 4374 mox
2618 4318 2686 4376 de
2707 4321 2946 4379 Domino
2975 4324 3282 4400 subjungit,
3311 4315 3546 4393 dicens:

2775 4411 3006 4472 CAPUT
3060 4417 3189 4476 XX.

475 4493 589 4607 n‘on
617 4478 765 4535 vidit
791 4497 929 4554 quos
959 4484 1252 4556 ignoravit.
1277 4488 1383 4556 Qui
1400 4491 1817 4564 tranquillitatis
1837 4478 2079 4568 tempore
2107 4548 2156 4607 D
2187 4495 2849 4559 Vuns.li.—Pharetram
2864 4505 3000 4562 enim
3016 4524 3169 4563 suam
3183 4513 3476 4582 aperuit,et
3490 4513 3682 4589 aﬂliarit
3694 4531 3777 4569 me.

475 4565 490 4607 ί
535 4566 684 4607 nirnn
711 4569 875 4607 “dom
908 4575 1076 4607 ἰγοιιιιΛ
1092 4582 1249 4607 {Anna
1268 4585 1450 4607 ιηηληι
1499 4581 1621 4607 -..:..
1649 4583 1885 4607 -......1-.__
1909 4585 2063 4607 Δ)---
2263 4588 2323 4607 ιο
2387 4591 2426 4607 η
2801 4602 2810 4607 ,
2915 4597 2950 4607 ..
3018 4604 3026 4607 _
3201 4602 3214 4607 -
3322 4602 3331 4607 .

474 4565 684 4676 idcirco
711 4569 876 4626 ﬁdem
908 4575 1076 4630 verbo
1092 4582 1252 4633 tenus
1268 4585 1476 4648 tenent,
1497 4581 1627 4654 quia
1646 4583 1890 4640 eamdem
1909 4565 2072 4642 ﬁdem
2107 4565 2156 4607 υ
2257 4588 2345 4645 46.
2375 4591 2484 4646 Deo
2509 4595 2858 4665 permittente,
2911 4597 3028 4653 licet
3069 4565 3268 4657 occulto

471 4655 667 4764 ﬂorere
695 4663 1023 4732 generaliter
1043 4665 1252 4724 vident.
1286 4669 1391 4724 Sed
1420 4687 1547 4726 cum
1570 4673 1854 4744 repentina
1882 4684 2072 4732 contra
2175 4679 2383 4749 perpeti
2415 4682 2582 4737 novit.
2606 4713 2676 4724 —
2707 4684 2850 4752 Quid
2894 4703 2992 4758 per
3019 4655 3330 4760 pharetram
3370 4695 3498 4764 Dei,
3519 4655 3649 4752 ,nisi
3687 4711 3779 4751 oc—

469 4745 622 4802 illam
651 4751 892 4820 procella
919 4753 1270 4811 adversitatis
1299 4757 1570 4828 oboritur,
1603 4777 1734 4816 mox
1747 4763 1816 4818 ab
1833 4780 1894 4818 ea
1913 4779 2072 4836 nega-

467 4837 618 4894 tione
651 4838 874 4910 publica
901 4841 1318 4916 disjunguntur,
1343 4855 1397 4902 et
1427 4848 1698 4922 quidquid
1728 4853 1880 4924 prius
1913 4855 2068 4927 quasi

465 4937 789 4987 venerantes
827 4939 1137 5003 tenuerant,
1169 4944 1365 4992 contra
1393 4937 1499 4995 hoc
1527 4943 1878 5012 postmodum
1910 4945 2066 5004 deri-

463 5015 655 5078 dentes
681 5029 950 5096 pugnant.
984 5022 1140 5080 Unde
1169 5033 1292 5098 apte
1315 5027 1611 5088 subditur:

537 5287 553 5358 ξ
579 5285 816 5358 (iamet,
841 5294 1183 5353 rationando.

534 5356 556 5430 ξ
583 5357 704 5430 Yal.
737 5356 845 5430 CL,
873 5367 1060 5422 audire
1088 5369 1368 5428 rationem.

533 5427 838 5520 :Gemet',
864 5437 1281 5520 professionibus
1326 5427 1596 5501 astruunt.
1659 5448 1870 5520 Germ.,
1914 5450 2055 5507 divi-

457 5506 1118 5586 mmnngtitwnt_prpfessi
1142 5513 1350 5586 vocibus
1377 5524 1686 5586 sequ-untur.

2180 4768 2392 4824 cultum
2448 4771 2745 4830 consilium
2805 4775 3178 4850 designatur?
3223 4783 3493 4856 Sagittam
3551 4803 3680 4844 vero
3717 4783 3775 4840 de

2177 4856 2433 4929 pharetra
2458 4861 2728 4919 Dominus
2747 4861 2908 4936 jacit,
2943 4869 3166 4940 quando
3205 4871 3271 4928 de
3297 4875 3525 4932 occulto
3553 4872 3775 4934 consilio

2176 4955 2420 5038 apertam
2451 4953 2780 5010 sententiam
2809 4955 3035 5015 emittit.
3087 4960 3229 5028 Quia
3283 4962 3434 5020 enim
3479 4965 3776 5038 ﬂagellatur

2176 5037 2427 5112 quisque,
2457 5043 2867 5116 cognoscimus;
2901 5047 2998 5106 sed
3027 5064 3134 5124 qua
3175 5067 3247 5110 ex
3280 5069 3450 5112 causa
3507 5037 3771 5129 ﬂagellum

3057 5255 3084 5293 \

2169 5308 2332 5366 Corb.
2365 5311 2575 5382 Germ.,
2607 5314 2948 5376 inhwsimus.

2239 5383 2260 5456 ξ
2290 5383 2504 5456 ῌοῐιηη
2535 5387 2763 5456 subjecta
2789 5397 2932 5447 sunt.

2524 5543 2527 5544 ν
2551 5453 2694 5544 Ψίος
2748 5467 2804 5544 91
2850 5462 3100 5544 Turon._,_
3125 5465 3272 5539 longe
3318 5471 3494 5544 ﬁunt,
3531 5471 3766 5544 Utraque

2163 5521 2326 5616 lectio
2354 5533 2436 5582 est
2482 5521 2542 5584 in
2571 5529 2734 5588 Corb.
2765 5533 2976 5602 Germ.,
3007 5521 3102 5593 ubi
3130 5521 3349 5598 tamen
3361 5521 3766 5616 fugiunt-p139;

531 5569 737 5656 ‘Editi
767 5569 1114 5656 posteriores,
1161 5585 1359 5651 agendo
1395 5569 1768 5656 aiatait—deest
1809 5593 1948 5648 mle
1994 5594 2052 5649 in

459 5640 718 5697 omnibus
745 5640 948 5700 nostris
975 5640 1104 5704 Mss;

2234 5668 2254 5699 ⁸
2285 5669 2414 5754 Mss.
2446 5669 2672 5754 habent,
2721 5677 2874 5754 deici,
2923 5677 3125 5754 hic_et_
3158 5682 3331 5754 alibi;
3377 5691 3441 5741 ut
3486 5685 3660 5753 infra,
3705 5682 3765 5741 de

531 5713 558 5821 ἱ
885 5720 1136 5821 genituri“
1163 5722 1407 5821 uideretur
1433 5732 1722 5821 amDomino
1749 5735 1910 5821 etut-nt
1935 5751 2052 5790 cum
2155 5737 2412 5808 pharetra
2721 5711 2874 5817 tetigit?
2891 5711 3165 5821 p:QUj;c'il:

455 5797 558 5836 non
590 5785 850 5844 videat-ur.
883 5789 1010 5847 Mss.
1061 5793 1260 5862 Laud.,
1296 5796 1419 5854 Val.
1453 5785 1565 5869 Cl.
1586 5785 2046 5876 ’eétin'.,'"1vbr}iij,
