3946 6364
190 342 275 397 [65
988 335 1357 391 MORALIUM
1401 335 1532 389 LIB.
1576 334 1701 389 XX.
1750 365 1810 376 --
1854 334 1922 389 IN
1961 333 2189 389 CAPUT
2230 335 2391 389 XXX
2433 336 2493 392 B.
2535 334 2675 390 JOB.

3382 332 3483 387 I66

184 464 372 531 veniat,
400 460 736 533 ignoramus.
767 458 905 517 Cum
935 474 1067 514 vero
1092 465 1219 530 post
1246 457 1461 531 ﬂagella
1488 458 1616 515 vita)
1645 473 1762 514 cor-
1789 459 1840 519 A
1874 465 2017 526 rent,
2047 473 2173 515 cum
2204 457 2371 514 verba
2399 472 2521 513 mea
2547 456 2839 513 admittam
2877 473 2973 529 per
3000 456 3242 515 oblatam
3270 456 3483 530 praedi-

184 554 337 614 rectio
376 549 645 624 sequitur,
693 548 860 605 etiam
890 548 1007 621 ipsa
1035 547 1255 604 consilii
1285 548 1468 604 virtus
1495 549 1758 621 aperitur.

182 645 419 704 Pharetra
447 639 618 712 igitur
659 639 845 696 clausa
885 646 967 694 est
996 638 1293 695 consilium
1324 639 1624 695 occultum.
1656 640 1761 696 Sed

178 740 343 808 aperta
370 730 625 804 pharetra
653 728 973 800 afﬂigimur,
1003 728 1222 801 quando
1253 744 1349 800 per
1376 728 1433 785 id
1463 728 1610 801 quod
1641 737 1762 800 post

176 824 431 898 ﬂagellum
461 819 712 894 sequitur
739 836 848 892 quo
868 820 1102 875 consilio
1126 819 1466 891 ﬂagellamur
1484 819 1755 875 videmus.

174 916 298 974 Cum
341 919 561 986 peccata
601 909 873 966 Dominus
913 908 1087 977 videt,
1133 916 1186 965 et
1222 917 1406 965 tamen
1438 924 1660 965 manum
1691 909 1759 965 ad

172 1002 456 1061 vindictam
486 1018 599 1058 non
628 1007 961 1068 commovet,
993 998 1147 1073 quasi
1177 1000 1419 1055 clausam
1445 999 1756 1072 pharetram

168 1102 323 1163 tenet,
352 1092 446 1151 sed
470 1091 723 1150 feriendo
750 1091 962 1149 indicat
991 1099 1261 1166 quantum
1291 1091 1340 1147 ei
1371 1092 1429 1147 in
1465 1091 1626 1147 nobis
1650 1091 1758 1148 dis-

167 1185 349 1258 plicuit
376 1183 484 1242 hoc
520 1183 668 1258 quod
709 1182 808 1239 diu
845 1182 1089 1238 videndo
1117 1182 1396 1238 toleravit.
1429 1182 1629 1238 Sancta
1658 1182 1756 1237 ita-

166 1291 263 1349 que
288 1276 589 1332 electorum
618 1272 866 1330 Ecclesia
895 1271 1353 1328 tribulationibus
1371 1288 1557 1344 pressa
1574 1271 1753 1328 dicat:

165 1365 469 1422 Pharetram
497 1364 635 1420 enim
664 1379 816 1419 suam
842 1360 1076 1434 aperuit,
1107 1367 1155 1416 et
1180 1361 1374 1435 afﬂixit
1398 1360 1637 1428 me.Quze
1665 1361 1755 1417 ad-

165 1452 522 1511 versariorum
551 1469 717 1510 voces
759 1452 1060 1509 insolentes
1087 1451 1388 1521 sustinens,
1418 1450 1552 1508 dum
1582 1452 1757 1507 cernit

162 1544 301 1618 quod
329 1543 447 1618 ejus
491 1542 813 1617 praedicatio
859 1559 975 1600 non
1019 1541 1357 1612 admittitur,
1389 1542 1755 1616 quorumdam

161 1634 413 1693 duritiam
451 1635 730 1705 deserens,
774 1633 1188 1709 praedicationis
1221 1652 1332 1691 suae
1362 1634 1530 1691 verba.
1557 1634 1757 1690 mode-

159 1725 679 1799 ratur.Perpendens
694 1725 898 1782 etenim
922 1732 1299 1798 persecutores
1326 1741 1453 1781 suos
1471 1723 1541 1781 ad
1556 1724 1754 1780 exhor-

159 1814 377 1873 tationis
400 1831 517 1872 suae
545 1830 738 1872 vocem
771 1813 1070 1871 deteriores
1098 1814 1356 1882 existere,
1401 1814 1576 1885 magis
1598 1814 1755 1883 eligit
1786 1830 1834 1892 Β

160 1914 343 1962 tacere.
359 1904 613 1980 Cumque
640 1903 898 1977 indignos
923 1904 1021 1977 qui
1049 1903 1278 1959 audiant
1306 1902 1598 1976 conspicit,
1621 1920 1755 1975 prie-

156 1997 486 2055 dicationem
531 2014 687 2054 suam
735 1995 976 2053 obducto
1022 1996 1247 2053 silentio
1293 1995 1569 2068 astringit.
1601 1995 1757 2053 Unde

156 2095 271 2162 apte
298 2087 590 2162 subiungit
620 2105 637 2145 :

737 2175 966 2235 CAPUT
1016 2176 1173 2234 XXI.

219 2267 352 2324 Iern.
383 2297 457 2310 —
486 2267 563 2325 Et
590 2266 804 2340 frenum
827 2266 1008 2338 posuit
1036 2266 1091 2321 in
1119 2281 1178 2321 os
1200 2281 1391 2321 meum.

217 2355 302 2414 47.
332 2357 381 2414 Α
407 2355 792 2429 praedicatione
818 2354 1118 2426 feriendum
1144 2359 1240 2419 est,
1270 2370 1387 2409 cum
1428 2352 1471 2408 ii
1507 2350 1602 2423 qui
1627 2368 1758 2407 rer-

155 2446 265 2501 bum
283 2445 383 2502 Dei
410 2445 707 2518 excipiunt,
737 2445 859 2501 inde
880 2445 1090 2517 pejores
1119 2445 1272 2517 ﬁunt.
1294 2473 1367 2485 —
1385 2443 1626 2499 Frenum
1651 2440 1757 2497 sibi

156 2533 291 2607 apud
318 2534 590 2609 quosdam
622 2535 865 2608 positum
896 2540 1291 2607 cognoverant,
1331 2531 1427 2605 qui
1457 2531 1753 2589 dicebant:

161 2624 304 2683 Vobis
330 2626 609 2699 oportebat
622 2625 861 2698 primum
892 2626 1037 2696 loqui
1058 2625 1273 2680 verbum
1300 2623 1419 2691 Dei,
1452 2624 1469 2658 ί
1498 2622 1589 2677 sed
1616 2639 1758 2692 quo-

152 2713 290 2769 niam
314 2714 580 2787 repellitis
607 2714 769 2781 illud,
809 2721 858 2769 et
881 2714 1127 2785 indignos
1154 2730 1246 2768 vos
1266 2711 1526 2782 judicatis
1550 2717 1760 2766 (sternte

154 2802 281 2870 vita,
310 2819 422 2859 ecce
449 2803 807 2859 convertimur
835 2804 906 2858 ad
933 2809 1103 2874 gentes
1143 2803 1293 2873 (Act.
1324 2817 1453 2868 xm,
1482 2800 1599 2865 46).
1632 2800 1757 2854 Fre-

154 2907 274 2949 num
308 2892 529 2949 silentii
566 2890 675 2948 sibi
713 2891 1200 2963 superimpositum
1243 2890 1421 2946 sancti
1462 2888 1571 2943 viri
1612 2887 1759 2958 apud

148 2982 277 3040 dura
316 2980 687 3057 reproborum
730 2980 897 3038 corda
943 2979 1317 3052 conspiciunt,
1357 2977 1452 3051 qui
1493 2992 1591 3049 per
1631 2977 1758 3031 Pro-

150 3071 365 3143 phetam
397 3071 597 3129 dicunt
630 3087 642 3126 :
678 3070 948 3138 Quomodo
995 3069 1322 3124 cantabimus
1348 3066 1608 3121 canticum
1638 3066 1760 3120 Do-

148 3164 273 3221 mini
288 3165 350 3220 in
372 3171 522 3220 terra
549 3162 729 3218 aliena
756 3161 935 3231 (Psal.
965 3176 1199 3225 cxxxvr,
1226 3158 1284 3229 4)
1306 3158 1334 3213 ἳ
1364 3159 1601 3213 Frenum
1623 3156 1753 3227 poni
1786 3195 1829 3256 Ο

149 3253 307 3310 etiam
334 3252 545 3310 Paulus
573 3250 885 3319 admonuit,
917 3250 1012 3322 qui
1042 3247 1319 3321 discipulo
1361 3246 1640 3318 praecepit,
1674 3245 1754 3301 di-

149 3358 272 3398 cens
302 3360 314 3398 :
347 3340 669 3398 Heereticum
693 3345 815 3411 post
836 3339 1073 3411 primam
1096 3343 1145 3393 et
1163 3336 1440 3392 secundam
1456 3333 1757 3405 correptio—

151 3451 263 3490 nem
288 3433 490 3502 devita,
512 3434 677 3489 sciens
696 3432 825 3504 quia
855 3432 1135 3487 subversus
1158 3436 1233 3486 est
1249 3428 1342 3501 qui
1369 3427 1630 3497 ejusmodi
1659 3434 1753 3494 est,

147 3530 191 3579 et
215 3523 480 3596 delinquit
499 3522 727 3595 proprio
742 3521 945 3593 judicio
971 3520 1346 3576 condemnatus
1374 3517 1508 3589 (Tit.
1530 3533 1617 3585 ιιι,
1639 3516 1751 3589 10).

146 3612 328 3670 Sancti
359 3612 568 3687 quippe
598 3611 853 3669 doctores
882 3616 1029 3674 659
1058 3610 1384 3683 plerumque
1426 3607 1539 3662 alta
1575 3607 1755 3663 consi-

146 3709 430 3769 deratione
450 3711 828 3768 resistentium
858 3708 1026 3767 corda
1052 3707 1426 3779 conspiciunt,
1456 3713 1511 3762 et
1537 3704 1673 3763 dum
1692 3722 1756 3762 ea

147 3801 407 3861 derelicta
437 3802 713 3859 divinitus
726 3800 942 3868 vident,
957 3798 1149 3855 aillicti
1172 3805 1555 3870 gementesqne
1582 3798 1758 3855 conti-

144 3902 387 3952 cescunt.
427 3896 518 3949 An
558 3906 674 3947 non
703 3888 1003 3962 aliquando
1030 3889 1249 3944 frenum
1278 3888 1539 3943 Salomon
1569 3887 1755 3945 docto-

146 3983 291 4041 ribus
321 3981 588 4054 imponit,
619 3979 714 4053 qui
744 3978 917 4035 dicit:
951 3977 1077 4036 Noli
1104 3994 1329 4049 arguere
1356 3978 1671 4044 derisorem,
1691 3995 1757 4034 ne

148 4073 315 4130 oderit
346 4079 394 4128 te
426 4071 615 4145 (Prov.
649 4085 731 4137 1x,
761 4068 841 4140 8).
860 4067 967 4124 Sed
987 4067 1034 4123 si
1055 4067 1123 4123 ab
1144 4067 1517 4140 increpatione
1547 4068 1755 4125 idcirco

149 4162 461 4229 retioemus,
509 4160 639 4233 quia
671 4165 866 4215 contra
893 4173 993 4213 nos
1026 4157 1310 4229 insurgere
1340 4157 1600 4213 derisoris
1629 4159 1755 4214 odia

149 4249 533 4318 formidamus,
582 4264 695 4305 non
720 4246 835 4319 jam
866 4247 1022 4303 lucra
1048 4247 1171 4312 Dei,
1203 4246 1296 4302 sed
1327 4254 1517 4302 nostra
1544 4248 1755 4319 quaeri-

150 4355 282 4397 mus.
325 4341 451 4409 Qua
492 4340 552 4395 in
601 4354 659 4394 re
701 4336 989 4393 sciendum
1036 4344 1118 4391 est
1159 4335 1307 4409 quod
1352 4352 1753 4409 nonnunquam

152 4446 268 4489 cum
311 4432 729 4503 redarguuntur
756 4428 935 4501 pravi,
973 4427 1275 4484 deteriores
1317 4427 1585 4483 existunt.
1618 4426 1754 4497 Ipsis

153 4535 271 4593 ergo
298 4523 322 4558 ³
350 4529 408 4577 et
436 4535 549 4576 non
579 4518 741 4575 nobis
768 4515 1070 4588 parcimus,
1101 4516 1148 4571 si
1177 4516 1245 4572 ab
1274 4531 1466 4571 eorum
1498 4514 1752 4585 redargu-

1872 549 2144 604 cationem
2193 548 2424 604 nollent.
2480 545 2618 619 [Vet.
2669 544 2817 620 ΧΧ.]
2862 546 2968 602 Sed
3013 549 3141 619 plus
3181 548 3344 604 nobis
3375 546 3482 604 hoc

1872 640 2194 712 plerumque
2224 638 2282 693 in
2312 636 2773 693 tribulationibus
2802 635 2972 704 dolet,
3003 636 3150 708 quod
3170 652 3261 694 eas
3278 637 3346 694 ab
3366 636 3480 693 illis

1870 728 2131 799 patimur,
2185 727 2246 782 in
2289 726 2492 800 quibus
2538 741 2800 799 germano
2829 740 3016 781 amore
3044 724 3475 784 conﬁdebamus.

1871 816 2023 871 Unde
2052 825 2105 872 et
2131 804 2393 873 subditur
2414 834 2426 871 :

2245 906 2474 963 CAPUT
2514 905 2673 962 XXII
2716 904 2860 979 [Rea
2903 901 3147 977 XVIII].

2012 995 2179 1051 Vnus.
2206 995 2368 1051 I2.-—
2394 996 2481 1052 Ad
2504 995 2751 1050 dextram
2769 994 2995 1050 orientis
3012 991 3339 1049 calamitates
3356 1007 3482 1047 mea?

1866 1085 2012 1141 illico
2039 1091 2410 1140 surrexerunt.
2630 1116 2637 1121 -

1939 1174 2029 1231 48.
2080 1175 2192 1231 Pro
2221 1175 2442 1229 sinistra
2471 1175 2707 1244 gentiles,
2734 1192 2835 1246 pro
2862 1174 3082 1228 dextera
3110 1170 3287 1226 Judaei
3312 1170 3481 1228 intel—

1870 1266 2084 1337 ligendi.
2115 1296 2186 1308 —
2216 1265 2301 1321 Ad
2350 1265 2631 1321 sinistram
2673 1264 2878 1339 quippe
2914 1262 3257 1321 calamitates
3281 1278 3481 1335 surge-

1866 1366 2010 1427 rent,
2058 1359 2104 1413 si
2152 1374 2184 1414 a
2228 1358 2570 1431 quibuslibet
2615 1366 2774 1414 extra
2818 1356 3144 1429 religionem
3178 1354 3395 1427 positis,
3425 1362 3481 1409 et

1866 1456 2051 1519 aperte
2096 1446 2379 1504 Christum
2430 1447 2780 1520 negantibus,
2813 1442 3213 1519 persecutionis
3249 1442 3480 1500 adversa

1865 1538 2179 1594 sustineret.
2205 1537 2343 1595 Cum
2366 1554 2498 1595 vero
2519 1538 2589 1594 ab
2606 1536 2887 1611 aliquibus
2906 1534 3060 1608 quasi
3082 1532 3342 1590 ﬁdelibus
3361 1540 3478 1589 ten-

1864 1628 2129 1684 tationem
2152 1629 2655 1685 cruciamentorum
2678 1627 2908 1699 patitur,
2923 1625 3081 1697 quasi
3103 1623 3171 1679 ad
3191 1623 3477 1679 dexteram

1864 1718 1947 1773 illi
1978 1717 2318 1773 calamitates
2343 1718 2622 1783 oriuntur,
2647 1716 2776 1787 quia
2804 1714 2864 1768 hi
2893 1714 2988 1785 qui
3017 1712 3120 1768 sub
3150 1711 3358 1768 Christi
3380 1728 3478 1767 no-

1864 1806 2014 1861 mine
2043 1806 2287 1861 militant
2314 1804 2522 1862 Christi
2567 1803 2626 1859 in
2655 1819 2720 1859 ea
2748 1816 2951 1857 nomen
2982 1800 3332 1871 impugnant.
3354 1800 3478 1871 Ipso

1864 1895 2013 1952 enim
2055 1894 2356 1951 locutionis
2401 1909 2508 1950 usu
2552 1909 2654 1965 pro
2699 1890 2898 1948 dextro
2945 1888 3149 1945 habere
3180 1890 3200 1923 ⁴
3238 1887 3477 1945 dicimus

1865 1987 2015 2059 quod
2067 2002 2168 2058 pro
2217 2002 2416 2057 magno
2462 1999 2778 2057 pensamus,
2826 1997 2926 2055 pro
2974 1979 3202 2036 sinistro
3237 1994 3368 2035 vero
3417 1978 3477 2035 id

1864 2075 2014 2150 quod
2057 2075 2429 2148 despicimus;
2474 2072 2625 2146 quod
2669 2069 2961 2128 Zacharias
2991 2076 3176 2141 aperte
3203 2067 3473 2135 insinuat,

1864 2165 2057 2223 dicens
2097 2184 2109 2221 :
2141 2167 2217 2221 Et
2255 2164 2481 2219 ostendit
2498 2162 2631 2216 mihi
2657 2162 2836 2218 Iesum
2858 2159 3176 2215 sacerdotem
3202 2173 3473 2228 magnum,

1867 2262 2090 2313 stantem
2116 2272 2297 2311 coram
2323 2254 2509 2324 angelo
2538 2250 2777 2316 Domini,
2808 2256 2857 2304 et
2884 2250 3052 2306 Satan
3080 2247 3253 2303 stabat
3276 2265 3312 2303 a
3336 2247 3476 2302 dea:-

1868 2348 1967 2401 tris
1995 2345 2131 2416 ejus,
2162 2351 2222 2399 ut
2245 2345 2626 2400 adversaretur
2652 2341 2699 2396 ei
2729 2340 2920 2412 (Zach.
2940 2355 3025 2407 ιιι,
3058 2338 3137 2409 1).
3168 2336 3276 2405 Qui
3304 2343 3367 2392 ut
3385 2353 3474 2409 pa-

1870 2437 2076 2493 tentius
2096 2436 2203 2493 hoc
2223 2434 2372 2509 quod
2391 2432 2659 2506 praemisit
2689 2429 3022 2496 ostenderet,
3045 2434 3265 2483 secutus
3280 2425 3476 2498 adjun-

1866 2528 1951 2583 xit
1981 2545 1991 2582 :
2028 2529 2101 2583 Et
2128 2524 2270 2580 dixit
2295 2523 2557 2580 Dominus
2583 2522 2657 2577 ad
2686 2520 2855 2576 Satan
2890 2535 2909 2573 :
2950 2518 3191 2587 Increpat
3216 2514 3477 2570 Dominus

1865 2615 1924 2671 in
1966 2623 2031 2685 te,
2067 2616 2255 2683 Satan,
2286 2613 2380 2685 qui
2409 2612 2560 2682 elegit
2596 2608 2914 2666 Jerusalem.
2954 2603 3213 2674 Nunquid
3256 2620 3363 2658 non
3402 2609 3477 2658 est

1864 2706 1960 2761 iste
1990 2705 2154 2761 torris
2181 2710 2364 2759 erutus
2393 2702 2455 2757 de
2482 2700 2643 2772 igne?
2671 2700 2745 2755 Et
2772 2698 2926 2753 Iesus
2955 2694 3174 2749 indutus
3192 2699 3309 2748 erat
3325 2693 3474 2747 vesti-

1867 2794 1961 2850 bus
1988 2794 2223 2849 sordidis
2254 2793 2444 2864 (Ibid.,
2465 2792 2549 2863 2).
2585 2786 2836 2845 Sordidis
2863 2784 3013 2842 enim
3043 2782 3291 2840 vestibus
3317 2782 3475 2838 Iesus

1867 2884 1889 2917 ⁵
1934 2881 2164 2937 indutus
2194 2888 2332 2947 erat,
2363 2879 2495 2952 quia
2523 2876 2780 2949 quamvis
2816 2875 3031 2930 alienus
3058 2871 3127 2927 ab
3155 2870 3308 2927 omni
3338 2885 3475 2943 pec-

1866 2979 2010 3039 cato,
2038 2975 2226 3024 tamen
2277 2967 2338 3022 in
2378 2964 2805 3021 similitudinem
2848 2961 3005 3017 venit
3028 2960 3213 3016 carnis
3240 2958 3473 3031 peccati.

1866 3059 1969 3118 Cui
2002 3056 2249 3115 venienti
2278 3056 2444 3113 Satan
2465 3070 2495 3109 a
2513 3050 2727 3109 dextris
2753 3049 2926 3107 stetit.
2959 3049 3064 3103 Pro
3089 3063 3290 3120 magno
3308 3062 3477 3103 nam-

1868 3166 1973 3222 que
2026 3147 2297 3204 Dominus
2351 3142 2644 3201 Judaicum
2698 3139 2987 3213 populum,
3041 3144 3095 3192 et
3154 3152 3252 3208 pro
3294 3134 3475 3191 nihilo
3562 3209 3570 3216 .

1868 3246 2054 3311 gentes
2098 3237 2296 3292 habere
2330 3233 2645 3289 videbatur.
2688 3230 2795 3286 Sed
2838 3234 3127 3300 postquam
3158 3226 3478 3311 incarnatus

1866 3310 2142 3399 apparuit,
2174 3323 2453 3397 gentilitas
2484 3336 2605 3393 quae
2640 3334 2740 3391 pro
2787 3316 3016 3372 sinistro
3063 3311 3253 3369 habita
3297 3310 3479 3366 fuerat

1865 3416 2132 3483 credidit;
2164 3413 2424 3470 Judaicus
2452 3427 2586 3467 vero
2613 3407 2849 3482 populus
2877 3404 2945 3462 ad
2976 3403 3263 3477 perﬁdiam
3294 3400 3477 3460 decli-J

1865 3506 2039 3563 navit.
2091 3506 2257 3561 Satan
2302 3519 2431 3574 ergo
2478 3500 2630 3556 illia
2675 3495 2888 3554 dextris
2930 3493 3115 3562 stetit,
3135 3492 3267 3565 quia
3314 3492 3476 3549 illum

1864 3599 1915 3654 ei
1953 3597 2218 3670 populum
2267 3592 2472 3666 rapuit,
2503 3590 2599 3663 qui
2649 3588 2860 3645 dudum
2912 3584 3147 3641 dilectus
3192 3584 3320 3640 fuit.
3370 3583 3477 3640 Sed

1866 3688 1996 3761 quia
2034 3688 2150 3759 ipse
2194 3684 2459 3741 Iudaicus
2484 3679 2744 3753 populus,
2777 3674 2944 3732 modo
2974 3672 3243 3746 perditus,
3276 3673 3335 3727 in
3366 3671 3477 3761 fine

1865 3760 1945 3835 est
1989 3777 2319 3852 quandoque
2363 3772 2695 3839 crediturus,
2745 3767 3014 3841 propheta
3070 3760 3472 3852 testantepqui

1866 3867 1943 3923 ait
1976 3850 2276 3935 {Reliquiae
2319 3864 2480 3916 salva:
2504 3862 2627 3933 ﬁent
2658 3859 2793 3929 (Isa.
2825 3872 2885 3925 Χ,
2917 3855 3035 3927 21),
3069 3853 3234 3909 Satan
3268 3867 3301 3907 a
3330 3850 3477 3906 dex-

1864 3956 1967 4012 tris
1992 3955 2108 4012 suis
2136 3952 2406 4009 Dominus
2435 3955 2702 4015 removet,
2734 3946 2925 4002 dicens
2956 3961 2968 3999 :
3004 3944 3244 4010 Increpet
3279 3938 3477 3993 Domi-

1866 4065 1963 4103 nus
2008 4047 2065 4101 in
2108 4051 2173 4114 te,
2224 4046 2390 4100 Satan
2439 4040 2631 4113 (Zach.
2663 4054 2726 4106 ιι,
2775 4036 2856 4108 2).
2900 4035 2972 4090 Et
3008 4030 3254 4103 ejusdem
3285 4029 3475 4103 populi

1865 4137 2248 4194 liberationem
2277 4131 2551 4200 indicans,
2581 4127 2769 4186 subdit
2793 4145 2804 4182 :
2842 4125 2981 4195 Quia
3010 4122 3153 4193 eligit
3181 4120 3476 4177 Jerusalem

1868 4227 2028 4301 (Ibid.
2126 4225 2169 4297 ).
2222 4224 2328 4291 Qui
2359 4220 2624 4276 nimirum
2662 4216 2923 4291 populus,
2956 4212 3087 4287 quia
3115 4210 3184 4267 ad
3214 4210 3475 4301 gehennae

1865 4300 2144 4385 incendia,
2192 4312 2423 4387 perﬁdia
2468 4311 2629 4378 duce,
2679 4305 2974 4373 deﬂuebat,
3015 4302 3112 4359 sed
3155 4307 3302 4365 660
3341 4300 3472 4358 dum

1865 4414 1932 4475 ad
1964 4414 2127 4470 ﬁdem
2159 4410 2444 4469 reducitur
2471 4406 2539 4463 ab
2568 4405 2761 4463 eodem
2790 4401 2982 4460 aeterni
3026 4400 3169 4474 ignis
3216 4397 3475 4456 incendio

1870 4505 2159 4569 liberatur,
2203 4500 2391 4559 statim
2421 4497 2489 4555 de
2517 4514 2582 4553 eo
2610 4495 2730 4552 illic
2756 4492 3015 4551 subditur
3040 4508 3051 4547 :
3086 4488 3345 4561 Nunquid
3370 4503 3475 4543 non

156 4568 269 4593 --ον
353 4568 408 4577 ν-
436 4568 549 4576 -----
580 4568 736 4575 ---_--
770 4568 1070 4588 rnmm,
1102 4568 1147 4571 __
1181 4568 1240 4572 --η
2142 4568 2147 4569 ,

152 4610 294 4667 tione
330 4627 432 4684 pro
472 4624 664 4665 eorum
693 4623 878 4663 amore
912 4621 1206 4662 cessamus.
1241 4605 1397 4661 Unde
1425 4619 1645 4660 necesse
1672 4610 1755 4658 est
1789 4568 1837 4627 Β
1869 4601 1943 4651 est
1972 4594 2065 4649 iste
2093 4592 2255 4647 torris
2281 4595 2464 4647 erutus
2492 4588 2554 4643 de
2582 4586 2741 4657 igne?

153 4707 209 4755 ut
235 4699 536 4774 aliquando
566 4698 868 4754 toleremus
890 4694 1123 4751 tacendo
1143 4695 1291 4768 quod
1311 4702 1463 4762 sunt,
1487 4701 1757 4767 quatenus

154 4788 206 4845 in
233 4791 393 4848 nobis
420 4793 443 4826 ³
478 4788 695 4846 discant
718 4786 859 4843 bene
877 4784 1121 4841 vivendo
1137 4785 1286 4858 quod
1311 4802 1424 4842 non
1446 4792 1596 4841 sunt.
1617 4784 1758 4852 Quia

156 4878 312 4952 igitur
353 4888 547 4941 sancta
583 4876 853 4945 Ecclesia,
898 4890 1020 4948 quae
1064 4875 1233 4931 verba
1275 4892 1375 4931 sua
1421 4890 1635 4947 semper
1663 4891 1759 4946 per

156 4968 475 5028 charitatem
515 4967 713 5037 exerit,
744 4982 808 5021 ea
835 4963 1001 5020 etiam
1034 4980 1435 5037 nonnunquam
1466 4981 1535 5019 ex
1564 4964 1760 5019 chari-

159 5065 257 5116 tate
284 5057 592 5131 restringit,
623 5057 774 5114 dicat
797 5073 809 5111 :
834 5056 1070 5111 Frenum
1091 5054 1273 5127 posuit
1300 5053 1358 5108 in
1382 5070 1440 5109 os
1467 5070 1659 5110 meum.
1679 5055 1760 5109 Ac

158 5150 202 5205 si
227 5160 407 5225 aperte
434 5150 695 5217 fateatur,
726 5145 917 5203 dicens
948 5162 961 5201 :
995 5143 1137 5212 Quia
1170 5144 1228 5199 in
1260 5142 1591 5216 quibusdam
1620 5158 1760 5215 pro-

161 5248 369 5299 vectum
395 5256 514 5298 non
542 5237 661 5295 vidi
691 5232 1123 5311 pradicationis,
1144 5232 1212 5288 ab
1234 5231 1313 5288 eis
1332 5231 1601 5303 impetum
1624 5237 1755 5285 tem-

160 5333 359 5406 peravi,
388 5340 454 5391 ut
483 5335 657 5390 vitam
686 5345 866 5388 meam
891 5327 1089 5385 saltem
1117 5341 1215 5400 per
1238 5323 1565 5398 patientiam
1586 5320 1757 5378 disce-

170 5552 246 5635 m‘
275 5553 531 5635 Cernat,
570 5552 757 5611 Germ.
790 5566 853 5632 ac
882 5551 1058 5635 plur._,_
1088 5544 1179 5603 sed
1204 5542 1459 5617 quoniam
1487 5538 1763 5613 repulistis

161 5622 314 5693 illud,
341 5634 390 5683 et
414 5622 660 5697 indignos
686 5640 778 5679 vos
799 5622 1114 5697 judicastis;
1135 5689 1151 5697 -
1320 5688 1352 5697 __
1583 5692 1593 5697 _
1681 5683 1720 5697 ..

229 5698 250 5733 ³
278 5684 359 5756 Ita
386 5684 638 5771 plerique
676 5684 825 5771 Mss:
838 5701 893 5750 et
921 5701 1042 5771 vet_.
1060 5689 1203 5771 _Ed._,
1240 5688 1442 5771 quibus
1470 5684 1763 5771 contradi-

165 5777 293 5827 cunt
320 5762 507 5841 Gérm.
544 5762 599 5825 et
626 5763 1145 5841 posteijores__Ed.,
1170 5762 1414 5841 detracta
1448 5762 1760 5841 negatione.

232 5842 253 5877 ³
282 5840 448 5900 Corb.
481 5829 668 5899 Germ.
701 5846 754 5894 et
781 5837 912 5906 Ed.,
943 5829 1151 5893 discant
1192 5832 1436 5889 videndo.
1469 5829 1639 5886 Gilot.
1672 5835 1766 5884 ta-

1937 4686 2025 4742 49.
2071 4686 2145 4741 Ει
2173 4679 2419 4739 Ecclesia:
2446 4678 2603 4750 fidem
2631 4681 2903 4741 sectantes,
2933 4692 2968 4729 a
2996 4670 3185 4744 quibus
3213 4668 3333 4741 ipsa
3359 4666 3476 4725 ali—

1866 4776 2080 4849 quando
2128 4775 2233 4829 vim
2276 4771 2507 4844 patitur.
2539 4799 2610 4810 —
2639 4766 2794 4823 Sicut
2842 4781 2971 4837 ergo
3011 4762 3129 4818 illic
3157 4777 3257 4833 pro
3283 4759 3477 4815 dextra

1868 4847 2021 4941 plebs
2048 4864 2295 4929 Judaica,
2327 4862 2406 4917 ita
2434 4859 2540 4916 hoc
2568 4858 2628 4914 in
2662 4858 2784 4913 loco
2814 4856 3022 4912 dextrae
3055 4847 3476 4941 vocabulotide-

1868 4938 1936 5014 lis
1979 4957 2215 5031 populus
2268 4959 2467 5009 sanctae
2514 4948 2777 5007 Ecclesiae
2833 4945 3172 5016 designatur.
3220 4938 3374 5031 Unde
3422 4944 3477 4992 et

1867 5024 2135 5105 venturus
2158 5043 2335 5116 judex
2365 5040 2553 5098 haedos
2593 5037 2662 5094 ad
2702 5036 3005 5101 sinistram,
3037 5044 3206 5102 agnos
3232 5024 3301 5082 ad
3330 5024 3477 5116 dex-

1866 5148 2041 5196 teram
2072 5114 2237 5209 ponet
2264 5132 2487 5204 (Matth.
2512 5145 2651 5196 xxv,
2671 5126 2785 5199 33).
2806 5121 2913 5180 Sed
2938 5136 3065 5176 cum
3095 5122 3345 5173 sanctam
3375 5114 3476 5172 Ec-

1865 5229 2087 5289 clesiam
2134 5222 2484 5283 adversitatis
2525 5229 2770 5291 tempore
2802 5211 2909 5285 ipsi
2943 5225 3163 5283 quoque
3201 5209 3478 5265 lacessunt

1867 5318 1964 5394 qui
1993 5316 2182 5375 ﬁdeles
2208 5330 2325 5373 esse
2353 5310 2707 5374 videbantur,
2736 5303 2789 5359 ei
2814 5298 3009 5375 procul
3036 5297 3210 5357 dubio
3238 5297 3479 5357 calami-

1870 5549 1998 5594 men
2041 5527 2329 5589 annotavit
2363 5530 2614 5597 nostram
2630 5518 2937 5597 lectionem
2958 5514 3040 5597 _in
3070 5511 3341 5597 margine,
3361 5525 3480 5595 ex-

1872 5587 2087 5679 statque
2116 5610 2228 5659 tam
2252 5595 2727 5681 in.Angrl‘ic.‘Mss.
2760 5587 3441 5681 quam‘inAaliis‘nostrisj:

1947 5655 2227 5742 inii—erm:
2252 5655 2420 5739 Utic.,
2438 5655 2625 5725 “Corb.
2658 5655 2869 5731 Gerfn.,
2898 5662 3058 5718 Becc.
3089 5665 3146 5714 et
3173 5657 3347 5729 plur.,
3384 5655 3480 5711 di-

1873 5753 2063 5809 cimur.

1947 5825 1969 5859 δ
1998 5819 2193 5886 Iidem,
2217 5815 2435 5873 indutus
2460 5811 2678 5868 dicitur.
