  <div class='ocr_page' id='page_1' title='image "/cluster/home/n/w/nwhite01/storage/ocr_20150623/76/umn.31951002477369g/091.png"; bbox 0 0 3946 6370; ppageno 0'>
   <div class='ocr_carea' id='block_1_1' title="bbox 495 328 592 384">
    <p class='ocr_par' dir='ltr' id='par_1_1' title="bbox 495 328 592 384">
     <span class='ocr_line' id='line_1_1' title="bbox 495 328 592 384; baseline 0 0"><span class='ocrx_word' id='word_1_1' title='bbox 495 328 592 384; x_wconf 79' lang='grc'><strong>167</strong></span> 
     </span>
    </p>
   </div>
   <div class='ocr_carea' id='block_1_2' title="bbox 1699 305 3758 370">
    <p class='ocr_par' dir='ltr' id='par_1_2' title="bbox 1699 305 3758 370">
     <span class='ocr_line' id='line_1_2' title="bbox 1699 305 3758 370; baseline -0.003 -2"><span class='ocrx_word' id='word_1_2' title='bbox 1699 311 1951 370; x_wconf 81' lang='lat' dir='ltr'><strong>SANCTI</strong></span> <span class='ocrx_word' id='word_1_3' title='bbox 1990 307 2328 367; x_wconf 77' lang='lat' dir='ltr'><strong>GREGORII</strong></span> <span class='ocrx_word' id='word_1_4' title='bbox 2367 306 2595 364; x_wconf 74' lang='lat' dir='ltr'><strong>MAGNI</strong></span> <span class='ocrx_word' id='word_1_5' title='bbox 3091 339 3102 350; x_wconf 69' lang='grc' dir='ltr'><strong>ι</strong></span> <span class='ocrx_word' id='word_1_6' title='bbox 3670 305 3758 363; x_wconf 74' lang='grc'><strong>168</strong></span> 
     </span>
    </p>
   </div>
   <div class='ocr_carea' id='block_1_3' title="bbox 483 429 3769 520">
    <p class='ocr_par' dir='ltr' id='par_1_3' title="bbox 483 429 3769 520">
     <span class='ocr_line' id='line_1_3' title="bbox 483 429 3769 520; baseline -0.007 -6"><span class='ocrx_word' id='word_1_7' title='bbox 483 463 621 514; x_wconf 78' lang='lat' dir='ltr'><strong>tates</strong></span> <span class='ocrx_word' id='word_1_8' title='bbox 633 453 703 510; x_wconf 88' lang='lat' dir='ltr'><strong>ad</strong></span> <span class='ocrx_word' id='word_1_9' title='bbox 721 452 975 508; x_wconf 75' lang='lat' dir='ltr'><strong>dextram</strong></span> <span class='ocrx_word' id='word_1_10' title='bbox 991 445 1273 520; x_wconf 82' lang='lat' dir='ltr'><strong>surgunt.[</strong></span> <span class='ocrx_word' id='word_1_11' title='bbox 1285 447 1391 504; x_wconf 83' lang='lat' dir='ltr'><strong>Vet.</strong></span> <span class='ocrx_word' id='word_1_12' title='bbox 1413 445 1550 502; x_wconf 80' lang='lat' dir='ltr'><strong><em>XXI</em></strong></span> <span class='ocrx_word' id='word_1_13' title='bbox 1553 443 1744 519; x_wconf 90' lang='lat' dir='ltr'><strong>.]Bene</strong></span> <span class='ocrx_word' id='word_1_14' title='bbox 1760 449 1943 498; x_wconf 91' lang='lat' dir='ltr'><strong>autem</strong></span> <span class='ocrx_word' id='word_1_15' title='bbox 1959 438 2079 496; x_wconf 66' lang='lat' dir='ltr'><strong>hac</strong></span> <span class='ocrx_word' id='word_1_16' title='bbox 2107 441 2157 500; x_wconf 81' lang='grc' dir='ltr'><strong>Α</strong></span> <span class='ocrx_word' id='word_1_17' title='bbox 2190 436 2483 508; x_wconf 81' lang='lat' dir='ltr'><strong>dissipant,</strong></span> <span class='ocrx_word' id='word_1_18' title='bbox 2504 451 2632 492; x_wconf 90' lang='lat' dir='ltr'><strong>cum</strong></span> <span class='ocrx_word' id='word_1_19' title='bbox 2655 433 2712 490; x_wconf 90' lang='lat' dir='ltr'><strong>iu</strong></span> <span class='ocrx_word' id='word_1_20' title='bbox 2733 431 3099 507; x_wconf 85' lang='lat' dir='ltr'><strong>quorumdam</strong></span> <span class='ocrx_word' id='word_1_21' title='bbox 3121 429 3470 486; x_wconf 88' lang='lat' dir='ltr'><strong>inﬁrmorum</strong></span> <span class='ocrx_word' id='word_1_22' title='bbox 3491 432 3769 503; x_wconf 72' lang='lat' dir='ltr'><strong>mentibus,</strong></span> 
     </span>
    </p>
   </div>
   <div class='ocr_carea' id='block_1_4' title="bbox 483 527 2092 618">
    <p class='ocr_par' dir='ltr' id='par_1_4' title="bbox 483 527 2092 618">
     <span class='ocr_line' id='line_1_4' title="bbox 483 527 2092 618; baseline -0.012 -17"><span class='ocrx_word' id='word_1_23' title='bbox 483 547 599 618; x_wconf 88' lang='lat' dir='ltr'><strong>ipsa</strong></span> <span class='ocrx_word' id='word_1_24' title='bbox 623 541 820 598; x_wconf 84' lang='lat' dir='ltr'><strong>dextra</strong></span> <span class='ocrx_word' id='word_1_25' title='bbox 838 537 1082 595; x_wconf 85' lang='lat' dir='ltr'><strong>Orientis</strong></span> <span class='ocrx_word' id='word_1_26' title='bbox 1101 543 1350 593; x_wconf 81' lang='lat' dir='ltr'><strong>vocatur.</strong></span> <span class='ocrx_word' id='word_1_27' title='bbox 1373 537 1452 592; x_wconf 91' lang='lat' dir='ltr'><strong>De</strong></span> <span class='ocrx_word' id='word_1_28' title='bbox 1473 535 1600 607; x_wconf 90' lang='lat' dir='ltr'><strong>ipso</strong></span> <span class='ocrx_word' id='word_1_29' title='bbox 1621 533 1825 606; x_wconf 84' lang='lat' dir='ltr'><strong>quippe</strong></span> <span class='ocrx_word' id='word_1_30' title='bbox 1845 527 2092 602; x_wconf 83' lang='lat' dir='ltr'><strong>ejusdem</strong></span> 
     </span>
    </p>
   </div>
   <div class='ocr_carea' id='block_1_5' title="bbox 481 619 2086 704">
    <p class='ocr_par' dir='ltr' id='par_1_5' title="bbox 481 619 2086 704">
     <span class='ocr_line' id='line_1_5' title="bbox 481 619 2086 704; baseline -0.012 -13"><span class='ocrx_word' id='word_1_31' title='bbox 481 631 656 704; x_wconf 81' lang='lat' dir='ltr'><strong>capite</strong></span> <span class='ocrx_word' id='word_1_32' title='bbox 677 629 946 702; x_wconf 89' lang='lat' dir='ltr'><strong>scriptum</strong></span> <span class='ocrx_word' id='word_1_33' title='bbox 977 633 1060 682; x_wconf 91' lang='lat' dir='ltr'><strong>est</strong></span> <span class='ocrx_word' id='word_1_34' title='bbox 1091 644 1104 682; x_wconf 90' lang='lat'><em>:</em></span> <span class='ocrx_word' id='word_1_35' title='bbox 1141 627 1329 684; x_wconf 90' lang='lat' dir='ltr'><strong>Oriens</strong></span> <span class='ocrx_word' id='word_1_36' title='bbox 1348 631 1424 680; x_wconf 89' lang='lat' dir='ltr'><strong>est</strong></span> <span class='ocrx_word' id='word_1_37' title='bbox 1445 639 1640 680; x_wconf 87' lang='lat' dir='ltr'><strong>nomen</strong></span> <span class='ocrx_word' id='word_1_38' title='bbox 1658 621 1773 691; x_wconf 97' lang='lat' dir='ltr'><strong>ejus</strong></span> <span class='ocrx_word' id='word_1_39' title='bbox 1796 619 1984 690; x_wconf 82' lang='lat' dir='ltr'><strong>(Zach.</strong></span> <span class='ocrx_word' id='word_1_40' title='bbox 2004 633 2086 684; x_wconf 79' lang='lat' dir='ltr'><strong>v1,</strong></span> 
     </span>
    </p>
   </div>
   <div class='ocr_carea' id='block_1_6' title="bbox 485 707 2092 792">
    <p class='ocr_par' dir='ltr' id='par_1_6' title="bbox 485 707 2092 792">
     <span class='ocr_line' id='line_1_6' title="bbox 485 707 2092 792; baseline -0.01 -15"><span class='ocrx_word' id='word_1_41' title='bbox 485 721 574 792; x_wconf 84' lang='lat' dir='ltr'><strong>l2)</strong></span> <span class='ocrx_word' id='word_1_42' title='bbox 585 719 742 777; x_wconf 86' lang='lat' dir='ltr'><strong>.Nam</strong></span> <span class='ocrx_word' id='word_1_43' title='bbox 755 718 885 792; x_wconf 86' lang='lat' dir='ltr'><strong>quia</strong></span> <span class='ocrx_word' id='word_1_44' title='bbox 893 715 962 772; x_wconf 92' lang='lat' dir='ltr'><strong>ab</strong></span> <span class='ocrx_word' id='word_1_45' title='bbox 977 715 1200 772; x_wconf 88' lang='lat' dir='ltr'><strong>Oriente</strong></span> <span class='ocrx_word' id='word_1_46' title='bbox 1211 715 1310 770; x_wconf 88' lang='lat' dir='ltr'><strong>lux</strong></span> <span class='ocrx_word' id='word_1_47' title='bbox 1320 713 1666 792; x_wconf 86' lang='lat' dir='ltr'><strong>surgit,recte</strong></span> <span class='ocrx_word' id='word_1_48' title='bbox 1679 709 1875 766; x_wconf 91' lang='lat' dir='ltr'><strong>Oriens</strong></span> <span class='ocrx_word' id='word_1_49' title='bbox 1883 707 2092 764; x_wconf 89' lang='lat' dir='ltr'><strong>dicitur</strong></span> 
     </span>
    </p>
   </div>
   <div class='ocr_carea' id='block_1_7' title="bbox 482 791 2086 882">
    <p class='ocr_par' dir='ltr' id='par_1_7' title="bbox 482 791 2086 882">
     <span class='ocr_line' id='line_1_7' title="bbox 482 791 2086 882; baseline -0.01 -16"><span class='ocrx_word' id='word_1_50' title='bbox 482 791 644 882; x_wconf 86' lang='lat' dir='ltr'><strong>cujus</strong></span> <span class='ocrx_word' id='word_1_51' title='bbox 657 791 890 881; x_wconf 64' lang='lat' dir='ltr'><strong>justitize</strong></span> <span class='ocrx_word' id='word_1_52' title='bbox 910 803 1120 861; x_wconf 86' lang='lat' dir='ltr'><strong>lumine</strong></span> <span class='ocrx_word' id='word_1_53' title='bbox 1145 805 1160 840; x_wconf 84' lang='grc'>¹</span> <span class='ocrx_word' id='word_1_54' title='bbox 1185 810 1385 860; x_wconf 67' lang='lat' dir='ltr'><strong>nostras</strong></span> <span class='ocrx_word' id='word_1_55' title='bbox 1406 791 1696 873; x_wconf 73' lang='lat' dir='ltr'><strong>injustitite</strong></span> <span class='ocrx_word' id='word_1_56' title='bbox 1715 814 1828 854; x_wconf 84' lang='lat' dir='ltr'><strong>nox</strong></span> <span class='ocrx_word' id='word_1_57' title='bbox 1847 795 2086 852; x_wconf 85' lang='lat' dir='ltr'><strong>illustra-</strong></span> 
     </span>
    </p>
   </div>
   <div class='ocr_carea' id='block_1_8' title="bbox 483 889 2086 968">
    <p class='ocr_par' dir='ltr' id='par_1_8' title="bbox 483 889 2086 968">
     <span class='ocr_line' id='line_1_8' title="bbox 483 889 2086 968; baseline -0.009 -11"><span class='ocrx_word' id='word_1_58' title='bbox 483 908 595 957; x_wconf 89' lang='lat' dir='ltr'><strong>tur.</strong></span> <span class='ocrx_word' id='word_1_59' title='bbox 620 897 707 954; x_wconf 83' lang='lat' dir='ltr'><strong>Ad</strong></span> <span class='ocrx_word' id='word_1_60' title='bbox 736 894 979 954; x_wconf 84' lang='lat' dir='ltr'><strong>Orientis</strong></span> <span class='ocrx_word' id='word_1_61' title='bbox 1006 909 1134 968; x_wconf 85' lang='lat' dir='ltr'><strong>ergo</strong></span> <span class='ocrx_word' id='word_1_62' title='bbox 1163 892 1414 950; x_wconf 80' lang='lat' dir='ltr'><strong>dextram</strong></span> <span class='ocrx_word' id='word_1_63' title='bbox 1454 889 1795 948; x_wconf 77' lang='lat' dir='ltr'><strong>calamitates</strong></span> <span class='ocrx_word' id='word_1_64' title='bbox 1831 894 2086 960; x_wconf 90' lang='lat' dir='ltr'><strong>surgunt,</strong></span> 
     </span>
    </p>
   </div>
   <div class='ocr_carea' id='block_1_9' title="bbox 485 976 2088 1066">
    <p class='ocr_par' dir='ltr' id='par_1_9' title="bbox 485 976 2088 1066">
     <span class='ocr_line' id='line_1_9' title="bbox 485 976 2088 1066; baseline -0.01 -18"><span class='ocrx_word' id='word_1_65' title='bbox 485 992 616 1066; x_wconf 87' lang='lat' dir='ltr'><strong>quia</strong></span> <span class='ocrx_word' id='word_1_66' title='bbox 657 989 717 1046; x_wconf 87' lang='lat' dir='ltr'><strong>hi</strong></span> <span class='ocrx_word' id='word_1_67' title='bbox 757 1001 974 1062; x_wconf 88' lang='lat' dir='ltr'><strong>quoque</strong></span> <span class='ocrx_word' id='word_1_68' title='bbox 1021 985 1090 1042; x_wconf 88' lang='lat' dir='ltr'><strong>ad</strong></span> <span class='ocrx_word' id='word_1_69' title='bbox 1131 983 1570 1058; x_wconf 85' lang='lat' dir='ltr'><strong>persecutionem</strong></span> <span class='ocrx_word' id='word_1_70' title='bbox 1619 979 1942 1054; x_wconf 88' lang='lat' dir='ltr'><strong>prosiliunt,</strong></span> <span class='ocrx_word' id='word_1_71' title='bbox 1989 976 2088 1050; x_wconf 88' lang='lat' dir='ltr'><strong>qui</strong></span> 
     </span>
    </p>
   </div>
   <div class='ocr_carea' id='block_1_10' title="bbox 485 1067 2086 1148">
    <p class='ocr_par' dir='ltr' id='par_1_10' title="bbox 485 1067 2086 1148">
     <span class='ocr_line' id='line_1_10' title="bbox 485 1067 2086 1148; baseline -0.011 -9"><span class='ocrx_word' id='word_1_72' title='bbox 485 1083 656 1140; x_wconf 90' lang='lat' dir='ltr'><strong>electa</strong></span> <span class='ocrx_word' id='word_1_73' title='bbox 675 1077 922 1136; x_wconf 87' lang='lat' dir='ltr'><strong>membra</strong></span> <span class='ocrx_word' id='word_1_74' title='bbox 944 1073 1326 1148; x_wconf 85' lang='lat' dir='ltr'><strong>Redemptoris</strong></span> <span class='ocrx_word' id='word_1_75' title='bbox 1353 1071 1531 1130; x_wconf 90' lang='lat' dir='ltr'><strong>nostri</strong></span> <span class='ocrx_word' id='word_1_76' title='bbox 1560 1087 1678 1128; x_wconf 87' lang='lat' dir='ltr'><strong>esse</strong></span> <span class='ocrx_word' id='word_1_77' title='bbox 1703 1067 2086 1128; x_wconf 84' lang='lat' dir='ltr'><strong>credebantur.</strong></span> 
     </span>
    </p>
   </div>
   <div class='ocr_carea' id='block_1_11' title="bbox 487 1161 2093 1242">
    <p class='ocr_par' dir='ltr' id='par_1_11' title="bbox 487 1161 2093 1242">
     <span class='ocr_line' id='line_1_11' title="bbox 487 1161 2093 1242; baseline -0.008 -14"><span class='ocrx_word' id='word_1_78' title='bbox 487 1175 510 1210; x_wconf 82' lang='grc'>³</span> <span class='ocrx_word' id='word_1_79' title='bbox 537 1171 683 1242; x_wconf 83' lang='lat' dir='ltr'><strong>Quas</strong></span> <span class='ocrx_word' id='word_1_80' title='bbox 709 1168 970 1226; x_wconf 81' lang='lat' dir='ltr'><strong>videlicet</strong></span> <span class='ocrx_word' id='word_1_81' title='bbox 1010 1165 1351 1224; x_wconf 83' lang='lat' dir='ltr'><strong>calamitates</strong></span> <span class='ocrx_word' id='word_1_82' title='bbox 1379 1172 1526 1222; x_wconf 88' lang='lat' dir='ltr'><strong>recte</strong></span> <span class='ocrx_word' id='word_1_83' title='bbox 1554 1162 1709 1221; x_wconf 88' lang='lat' dir='ltr'><strong>illico</strong></span> <span class='ocrx_word' id='word_1_84' title='bbox 1736 1161 1931 1220; x_wconf 85' lang='lat' dir='ltr'><strong>asserit</strong></span> <span class='ocrx_word' id='word_1_85' title='bbox 1959 1175 2093 1216; x_wconf 90' lang='lat' dir='ltr'><strong>sur-</strong></span> 
     </span>
    </p>
   </div>
   <div class='ocr_carea' id='block_1_12' title="bbox 487 1254 2094 1338">
    <p class='ocr_par' dir='ltr' id='par_1_12' title="bbox 487 1254 2094 1338">
     <span class='ocr_line' id='line_1_12' title="bbox 487 1254 2094 1338; baseline -0.007 -19"><span class='ocrx_word' id='word_1_86' title='bbox 487 1279 634 1338; x_wconf 90' lang='lat' dir='ltr'><strong>gere,</strong></span> <span class='ocrx_word' id='word_1_87' title='bbox 664 1261 794 1336; x_wconf 84' lang='lat' dir='ltr'><strong>quia</strong></span> <span class='ocrx_word' id='word_1_88' title='bbox 823 1259 955 1316; x_wconf 89' lang='lat' dir='ltr'><strong>dum</strong></span> <span class='ocrx_word' id='word_1_89' title='bbox 986 1274 1099 1315; x_wconf 88' lang='lat' dir='ltr'><strong>non</strong></span> <span class='ocrx_word' id='word_1_90' title='bbox 1128 1264 1286 1314; x_wconf 84' lang='lat' dir='ltr'><strong>erant</strong></span> <span class='ocrx_word' id='word_1_91' title='bbox 1321 1254 1571 1312; x_wconf 83' lang='lat' dir='ltr'><strong>extranei</strong></span> <span class='ocrx_word' id='word_1_92' title='bbox 1615 1254 1708 1329; x_wconf 90' lang='lat' dir='ltr'><strong>qui</strong></span> <span class='ocrx_word' id='word_1_93' title='bbox 1747 1267 2094 1326; x_wconf 90' lang='lat' dir='ltr'><strong>persequun-</strong></span> 
     </span>
    </p>
   </div>
   <div class='ocr_carea' id='block_1_13' title="bbox 485 1341 2096 1421">
    <p class='ocr_par' dir='ltr' id='par_1_13' title="bbox 485 1341 2096 1421">
     <span class='ocr_line' id='line_1_13' title="bbox 485 1341 2096 1421; baseline -0.009 -12"><span class='ocrx_word' id='word_1_94' title='bbox 485 1359 598 1421; x_wconf 86' lang='lat' dir='ltr'><strong>tur,</strong></span> <span class='ocrx_word' id='word_1_95' title='bbox 625 1351 694 1407; x_wconf 90' lang='lat' dir='ltr'><strong>ab</strong></span> <span class='ocrx_word' id='word_1_96' title='bbox 719 1349 798 1406; x_wconf 92' lang='lat' dir='ltr'><strong>eis</strong></span> <span class='ocrx_word' id='word_1_97' title='bbox 823 1355 1048 1421; x_wconf 87' lang='lat' dir='ltr'><strong>repente</strong></span> <span class='ocrx_word' id='word_1_98' title='bbox 1070 1346 1214 1402; x_wconf 90' lang='lat' dir='ltr'><strong>mala</strong></span> <span class='ocrx_word' id='word_1_99' title='bbox 1231 1353 1286 1402; x_wconf 91' lang='lat' dir='ltr'><strong>et</strong></span> <span class='ocrx_word' id='word_1_100' title='bbox 1309 1345 1462 1402; x_wconf 92' lang='lat' dir='ltr'><strong>illico</strong></span> <span class='ocrx_word' id='word_1_101' title='bbox 1480 1344 1642 1401; x_wconf 87' lang='lat' dir='ltr'><strong>ﬁunt.</strong></span> <span class='ocrx_word' id='word_1_102' title='bbox 1668 1343 1724 1400; x_wconf 90' lang='lat' dir='ltr'><strong>Si</strong></span> <span class='ocrx_word' id='word_1_103' title='bbox 1746 1359 1880 1398; x_wconf 92' lang='lat' dir='ltr'><strong>vero</strong></span> <span class='ocrx_word' id='word_1_104' title='bbox 1899 1341 2096 1398; x_wconf 86' lang='lat' dir='ltr'><strong>dextra</strong></span> 
     </span>
    </p>
   </div>
   <div class='ocr_carea' id='block_1_14' title="bbox 487 1431 2094 1514">
    <p class='ocr_par' dir='ltr' id='par_1_14' title="bbox 487 1431 2094 1514">
     <span class='ocr_line' id='line_1_14' title="bbox 487 1431 2094 1514; baseline -0.007 -18"><span class='ocrx_word' id='word_1_105' title='bbox 487 1441 548 1497; x_wconf 87' lang='lat' dir='ltr'><strong>hi</strong></span> <span class='ocrx_word' id='word_1_106' title='bbox 575 1439 673 1514; x_wconf 89' lang='lat' dir='ltr'><strong>qui</strong></span> <span class='ocrx_word' id='word_1_107' title='bbox 703 1438 973 1495; x_wconf 87' lang='lat' dir='ltr'><strong>veraciter</strong></span> <span class='ocrx_word' id='word_1_108' title='bbox 991 1436 1181 1494; x_wconf 87' lang='lat' dir='ltr'><strong>ﬁdeles</strong></span> <span class='ocrx_word' id='word_1_109' title='bbox 1210 1443 1341 1492; x_wconf 90' lang='lat' dir='ltr'><strong>sunt</strong></span> <span class='ocrx_word' id='word_1_110' title='bbox 1365 1433 1733 1507; x_wconf 88' lang='lat' dir='ltr'><strong>appellantur,</strong></span> <span class='ocrx_word' id='word_1_111' title='bbox 1754 1431 2094 1488; x_wconf 85' lang='lat' dir='ltr'><strong>calamitates</strong></span> 
     </span>
    </p>
   </div>
   <div class='ocr_carea' id='block_1_15' title="bbox 485 1522 2093 1596">
    <p class='ocr_par' dir='ltr' id='par_1_15' title="bbox 485 1522 2093 1596">
     <span class='ocr_line' id='line_1_15' title="bbox 485 1522 2093 1596; baseline -0.007 -10"><span class='ocrx_word' id='word_1_112' title='bbox 485 1528 554 1586; x_wconf 87' lang='lat' dir='ltr'><strong>ad</strong></span> <span class='ocrx_word' id='word_1_113' title='bbox 578 1528 829 1586; x_wconf 82' lang='lat' dir='ltr'><strong>dextram</strong></span> <span class='ocrx_word' id='word_1_114' title='bbox 859 1525 1104 1582; x_wconf 86' lang='lat' dir='ltr'><strong>Orientis</strong></span> <span class='ocrx_word' id='word_1_115' title='bbox 1130 1531 1389 1596; x_wconf 84' lang='lat' dir='ltr'><strong>surgunt,</strong></span> <span class='ocrx_word' id='word_1_116' title='bbox 1415 1522 1546 1596; x_wconf 90' lang='lat' dir='ltr'><strong>quia</strong></span> <span class='ocrx_word' id='word_1_117' title='bbox 1568 1527 1890 1593; x_wconf 88' lang='lat' dir='ltr'><strong>erumpente</strong></span> <span class='ocrx_word' id='word_1_118' title='bbox 1918 1533 2093 1592; x_wconf 86' lang='lat' dir='ltr'><strong>perse-</strong></span> 
     </span>
    </p>
   </div>
   <div class='ocr_carea' id='block_1_16' title="bbox 485 1606 2095 1686">
    <p class='ocr_par' dir='ltr' id='par_1_16' title="bbox 485 1606 2095 1686">
     <span class='ocr_line' id='line_1_16' title="bbox 485 1606 2095 1686; baseline -0.008 -10"><span class='ocrx_word' id='word_1_119' title='bbox 485 1617 728 1677; x_wconf 89' lang='lat' dir='ltr'><strong>cutionis</strong></span> <span class='ocrx_word' id='word_1_120' title='bbox 756 1614 1014 1684; x_wconf 90' lang='lat' dir='ltr'><strong>articulo,</strong></span> <span class='ocrx_word' id='word_1_121' title='bbox 1049 1614 1300 1672; x_wconf 88' lang='lat' dir='ltr'><strong>crudeles</strong></span> <span class='ocrx_word' id='word_1_122' title='bbox 1337 1627 1638 1686; x_wconf 88' lang='lat' dir='ltr'><strong>pravorum</strong></span> <span class='ocrx_word' id='word_1_123' title='bbox 1685 1610 1926 1684; x_wconf 86' lang='lat' dir='ltr'><strong>impetus</strong></span> <span class='ocrx_word' id='word_1_124' title='bbox 1954 1606 2095 1680; x_wconf 89' lang='lat' dir='ltr'><strong>justi</strong></span> 
     </span>
    </p>
   </div>
   <div class='ocr_carea' id='block_1_17' title="bbox 485 1703 1134 1780">
    <p class='ocr_par' dir='ltr' id='par_1_17' title="bbox 485 1703 1134 1780">
     <span class='ocr_line' id='line_1_17' title="bbox 485 1703 1134 1780; baseline -0.009 -17"><span class='ocrx_word' id='word_1_125' title='bbox 485 1705 795 1780; x_wconf 88' lang='lat' dir='ltr'><strong>patiuntur.</strong></span> <span class='ocrx_word' id='word_1_126' title='bbox 827 1703 1090 1776; x_wconf 88' lang='lat' dir='ltr'><strong>Sequitur</strong></span> <span class='ocrx_word' id='word_1_127' title='bbox 1121 1719 1134 1758; x_wconf 92' lang='lat'>:</span> 
     </span>
    </p>
   </div>
   <div class='ocr_carea' id='block_1_18' title="bbox 871 1786 1736 1862">
    <p class='ocr_par' dir='ltr' id='par_1_18' title="bbox 871 1786 1736 1862">
     <span class='ocr_line' id='line_1_18' title="bbox 871 1786 1736 1862; baseline -0.005 -15"><span class='ocrx_word' id='word_1_128' title='bbox 871 1790 1102 1847; x_wconf 85' lang='lat' dir='ltr'><strong>CAPUT</strong></span> <span class='ocrx_word' id='word_1_129' title='bbox 1139 1789 1329 1845; x_wconf 82' lang='lat' dir='ltr'><strong>XXIII</strong></span> <span class='ocrx_word' id='word_1_130' title='bbox 1370 1786 1517 1861; x_wconf 86' lang='lat' dir='ltr'><strong>[Rec.</strong></span> <span class='ocrx_word' id='word_1_131' title='bbox 1557 1786 1736 1862; x_wconf 82' lang='lat' dir='ltr'><strong>XIX].</strong></span> 
     </span>
    </p>
   </div>
   <div class='ocr_carea' id='block_1_19' title="bbox 559 1877 2097 1948">
    <p class='ocr_par' dir='ltr' id='par_1_19' title="bbox 559 1877 2097 1948">
     <span class='ocr_line' id='line_1_19' title="bbox 559 1877 2097 1948; baseline -0.007 -8"><span class='ocrx_word' id='word_1_132' title='bbox 559 1883 700 1940; x_wconf 72' lang='lat' dir='ltr'><strong>Iam.</strong></span> <span class='ocrx_word' id='word_1_133' title='bbox 733 1912 800 1924; x_wconf 92' lang='lat'><strong>—-</strong></span> <span class='ocrx_word' id='word_1_134' title='bbox 831 1879 996 1938; x_wconf 87' lang='lat' dir='ltr'><strong>Pedes</strong></span> <span class='ocrx_word' id='word_1_135' title='bbox 1034 1893 1176 1933; x_wconf 84' lang='lat' dir='ltr'><strong>meos</strong></span> <span class='ocrx_word' id='word_1_136' title='bbox 1215 1877 1603 1942; x_wconf 84' lang='lat' dir='ltr'><strong>subverterunt,</strong></span> <span class='ocrx_word' id='word_1_137' title='bbox 1638 1882 1688 1932; x_wconf 90' lang='lat' dir='ltr'><strong>et</strong></span> <span class='ocrx_word' id='word_1_138' title='bbox 1727 1879 2097 1948; x_wconf 87' lang='lat' dir='ltr'><strong>oppresserunt</strong></span> 
     </span>
    </p>
   </div>
   <div class='ocr_carea' id='block_1_20' title="bbox 491 1968 1357 2044">
    <p class='ocr_par' dir='ltr' id='par_1_20' title="bbox 491 1968 1357 2044">
     <span class='ocr_line' id='line_1_20' title="bbox 491 1968 1357 2044; baseline -0.006 -15"><span class='ocrx_word' id='word_1_139' title='bbox 491 1972 650 2044; x_wconf 86' lang='lat' dir='ltr'><strong>quasi</strong></span> <span class='ocrx_word' id='word_1_140' title='bbox 673 1971 919 2043; x_wconf 77' lang='lat' dir='ltr'><strong>ﬂuctibus</strong></span> <span class='ocrx_word' id='word_1_141' title='bbox 947 1971 969 2007; x_wconf 85' lang='grc'>³</span> <span class='ocrx_word' id='word_1_142' title='bbox 997 1969 1196 2024; x_wconf 77' lang='lat' dir='ltr'><strong>semitis</strong></span> <span class='ocrx_word' id='word_1_143' title='bbox 1223 1968 1357 2025; x_wconf 89' lang='lat' dir='ltr'><strong>suis.</strong></span> 
     </span>
    </p>
   </div>
   <div class='ocr_carea' id='block_1_21' title="bbox 561 2054 2098 2130">
    <p class='ocr_par' dir='ltr' id='par_1_21' title="bbox 561 2054 2098 2130">
     <span class='ocr_line' id='line_1_21' title="bbox 561 2054 2098 2130; baseline -0.005 -14"><span class='ocrx_word' id='word_1_144' title='bbox 561 2061 651 2117; x_wconf 83' lang='lat'><strong>50.</strong></span> <span class='ocrx_word' id='word_1_145' title='bbox 684 2059 825 2130; x_wconf 84' lang='lat' dir='ltr'><strong>Ejus</strong></span> <span class='ocrx_word' id='word_1_146' title='bbox 851 2065 1087 2114; x_wconf 86' lang='lat' dir='ltr'><strong>extrema</strong></span> <span class='ocrx_word' id='word_1_147' title='bbox 1113 2057 1350 2113; x_wconf 87' lang='lat' dir='ltr'><strong>membra</strong></span> <span class='ocrx_word' id='word_1_148' title='bbox 1395 2055 1551 2127; x_wconf 89' lang='lat' dir='ltr'><strong>quasi</strong></span> <span class='ocrx_word' id='word_1_149' title='bbox 1589 2055 1745 2128; x_wconf 89' lang='lat' dir='ltr'><strong>pedes</strong></span> <span class='ocrx_word' id='word_1_150' title='bbox 1785 2054 2098 2127; x_wconf 81' lang='lat' dir='ltr'><strong>quandoque</strong></span> 
     </span>
    </p>
   </div>
   <div class='ocr_carea' id='block_1_22' title="bbox 488 2142 2096 2218">
    <p class='ocr_par' dir='ltr' id='par_1_22' title="bbox 488 2142 2096 2218">
     <span class='ocr_line' id='line_1_22' title="bbox 488 2142 2096 2218; baseline -0.005 -13"><span class='ocrx_word' id='word_1_151' title='bbox 488 2148 888 2206; x_wconf 75' lang='lat' dir='ltr'><strong>subvertantur.</strong></span> <span class='ocrx_word' id='word_1_152' title='bbox 916 2177 990 2190; x_wconf 92' lang='lat'><strong><em>—</em></strong></span> <span class='ocrx_word' id='word_1_153' title='bbox 1015 2144 1162 2215; x_wconf 85' lang='lat' dir='ltr'><strong>Quid</strong></span> <span class='ocrx_word' id='word_1_154' title='bbox 1207 2161 1304 2218; x_wconf 91' lang='lat' dir='ltr'><strong>per</strong></span> <span class='ocrx_word' id='word_1_155' title='bbox 1350 2144 1516 2217; x_wconf 89' lang='lat' dir='ltr'><strong>pedes</strong></span> <span class='ocrx_word' id='word_1_156' title='bbox 1545 2144 1824 2211; x_wconf 60' lang='lat' dir='ltr'><strong>Ecclesiae,</strong></span> <span class='ocrx_word' id='word_1_157' title='bbox 1854 2142 1961 2198; x_wconf 91' lang='lat' dir='ltr'><strong>nisi</strong></span> <span class='ocrx_word' id='word_1_158' title='bbox 1989 2157 2096 2198; x_wconf 86' lang='lat' dir='ltr'><strong>ex-</strong></span> 
     </span>
    </p>
   </div>
   <div class='ocr_carea' id='block_1_23' title="bbox 489 2236 2096 2311">
    <p class='ocr_par' dir='ltr' id='par_1_23' title="bbox 489 2236 2096 2311">
     <span class='ocr_line' id='line_1_23' title="bbox 489 2236 2096 2311; baseline -0.004 -13"><span class='ocrx_word' id='word_1_159' title='bbox 489 2249 666 2298; x_wconf 90' lang='lat' dir='ltr'><strong>trema</strong></span> <span class='ocrx_word' id='word_1_160' title='bbox 692 2241 847 2298; x_wconf 90' lang='lat' dir='ltr'><strong>illius</strong></span> <span class='ocrx_word' id='word_1_161' title='bbox 877 2238 1124 2296; x_wconf 91' lang='lat' dir='ltr'><strong>membra</strong></span> <span class='ocrx_word' id='word_1_162' title='bbox 1159 2237 1491 2311; x_wconf 79' lang='lat' dir='ltr'><strong>signantur?</strong></span> <span class='ocrx_word' id='word_1_163' title='bbox 1519 2237 1652 2305; x_wconf 62' lang='lat' dir='ltr'><strong>Quae</strong></span> <span class='ocrx_word' id='word_1_164' title='bbox 1677 2236 1810 2293; x_wconf 90' lang='lat' dir='ltr'><strong>dum</strong></span> <span class='ocrx_word' id='word_1_165' title='bbox 1839 2236 1907 2293; x_wconf 88' lang='lat' dir='ltr'><strong>ad</strong></span> <span class='ocrx_word' id='word_1_166' title='bbox 1933 2253 2096 2311; x_wconf 79' lang='lat' dir='ltr'><strong>opera</strong></span> 
     </span>
    </p>
   </div>
   <div class='ocr_carea' id='block_1_24' title="bbox 489 2325 2095 2398">
    <p class='ocr_par' dir='ltr' id='par_1_24' title="bbox 489 2325 2095 2398">
     <span class='ocr_line' id='line_1_24' title="bbox 489 2325 2095 2398; baseline -0.004 -10"><span class='ocrx_word' id='word_1_167' title='bbox 489 2340 707 2389; x_wconf 88' lang='lat' dir='ltr'><strong>terrena</strong></span> <span class='ocrx_word' id='word_1_168' title='bbox 727 2330 1072 2398; x_wconf 89' lang='lat' dir='ltr'><strong>deserviunt,</strong></span> <span class='ocrx_word' id='word_1_169' title='bbox 1097 2335 1252 2384; x_wconf 89' lang='lat' dir='ltr'><strong>tanto</strong></span> <span class='ocrx_word' id='word_1_170' title='bbox 1280 2327 1514 2384; x_wconf 90' lang='lat' dir='ltr'><strong>celerius</strong></span> <span class='ocrx_word' id='word_1_171' title='bbox 1532 2325 1600 2382; x_wconf 91' lang='lat' dir='ltr'><strong>ab</strong></span> <span class='ocrx_word' id='word_1_172' title='bbox 1620 2325 1949 2383; x_wconf 89' lang='lat' dir='ltr'><strong>adversariis</strong></span> <span class='ocrx_word' id='word_1_173' title='bbox 1977 2325 2095 2382; x_wconf 80' lang='lat' dir='ltr'><strong>falli</strong></span> 
     </span>
    </p>
   </div>
   <div class='ocr_carea' id='block_1_25' title="bbox 489 2415 2094 2494">
    <p class='ocr_par' dir='ltr' id='par_1_25' title="bbox 489 2415 2094 2494">
     <span class='ocr_line' id='line_1_25' title="bbox 489 2415 2094 2494; baseline -0.004 -16"><span class='ocrx_word' id='word_1_174' title='bbox 489 2427 742 2494; x_wconf 89' lang='lat' dir='ltr'><strong>possunt,</strong></span> <span class='ocrx_word' id='word_1_175' title='bbox 765 2428 971 2493; x_wconf 89' lang='lat' dir='ltr'><strong>quanto</strong></span> <span class='ocrx_word' id='word_1_176' title='bbox 991 2418 1254 2476; x_wconf 86' lang='lat' dir='ltr'><strong>sublimia</strong></span> <span class='ocrx_word' id='word_1_177' title='bbox 1288 2416 1476 2472; x_wconf 89' lang='lat' dir='ltr'><strong>minus</strong></span> <span class='ocrx_word' id='word_1_178' title='bbox 1504 2415 1840 2488; x_wconf 89' lang='lat' dir='ltr'><strong>intelligunt.</strong></span> <span class='ocrx_word' id='word_1_179' title='bbox 1860 2415 1970 2472; x_wconf 88' lang='lat' dir='ltr'><strong>Hos</strong></span> <span class='ocrx_word' id='word_1_180' title='bbox 1995 2415 2094 2472; x_wconf 86' lang='lat' dir='ltr'><strong>ita-</strong></span> 
     </span>
    </p>
   </div>
   <div class='ocr_carea' id='block_1_26' title="bbox 488 2503 2096 2584">
    <p class='ocr_par' dir='ltr' id='par_1_26' title="bbox 488 2503 2096 2584">
     <span class='ocr_line' id='line_1_26' title="bbox 488 2503 2096 2584; baseline -0.004 -19"><span class='ocrx_word' id='word_1_181' title='bbox 488 2525 594 2584; x_wconf 87' lang='lat' dir='ltr'><strong>que</strong></span> <span class='ocrx_word' id='word_1_182' title='bbox 621 2507 785 2582; x_wconf 85' lang='lat' dir='ltr'><strong>pedes</strong></span> <span class='ocrx_word' id='word_1_183' title='bbox 812 2506 1112 2564; x_wconf 86' lang='lat' dir='ltr'><strong>adversarii</strong></span> <span class='ocrx_word' id='word_1_184' title='bbox 1143 2505 1494 2573; x_wconf 75' lang='lat' dir='ltr'><strong>subvertant,</strong></span> <span class='ocrx_word' id='word_1_185' title='bbox 1541 2503 1800 2561; x_wconf 89' lang='lat' dir='ltr'><strong>videlicet</strong></span> <span class='ocrx_word' id='word_1_186' title='bbox 1829 2519 1956 2560; x_wconf 90' lang='lat' dir='ltr'><strong>cum</strong></span> <span class='ocrx_word' id='word_1_187' title='bbox 1985 2519 2096 2559; x_wconf 85' lang='lat' dir='ltr'><strong>ex-</strong></span> 
     </span>
    </p>
   </div>
   <div class='ocr_carea' id='block_1_27' title="bbox 489 2593 2096 2666">
    <p class='ocr_par' dir='ltr' id='par_1_27' title="bbox 489 2593 2096 2666">
     <span class='ocr_line' id='line_1_27' title="bbox 489 2593 2096 2666; baseline -0.004 -12"><span class='ocrx_word' id='word_1_188' title='bbox 489 2605 665 2654; x_wconf 90' lang='lat' dir='ltr'><strong>trema</strong></span> <span class='ocrx_word' id='word_1_189' title='bbox 711 2595 957 2654; x_wconf 90' lang='lat' dir='ltr'><strong>membra</strong></span> <span class='ocrx_word' id='word_1_190' title='bbox 1003 2595 1156 2652; x_wconf 89' lang='lat' dir='ltr'><strong>illius</strong></span> <span class='ocrx_word' id='word_1_191' title='bbox 1193 2593 1263 2650; x_wconf 87' lang='lat' dir='ltr'><strong>ad</strong></span> <span class='ocrx_word' id='word_1_192' title='bbox 1291 2593 1376 2650; x_wconf 91' lang='lat' dir='ltr'><strong>sui</strong></span> <span class='ocrx_word' id='word_1_193' title='bbox 1406 2593 1679 2666; x_wconf 76' lang='lat' dir='ltr'><strong>dogmatis</strong></span> <span class='ocrx_word' id='word_1_194' title='bbox 1704 2609 1944 2649; x_wconf 90' lang='lat' dir='ltr'><strong>errorem</strong></span> <span class='ocrx_word' id='word_1_195' title='bbox 1973 2599 2096 2648; x_wconf 89' lang='lat' dir='ltr'><strong>tra-</strong></span> 
     </span>
    </p>
   </div>
   <div class='ocr_carea' id='block_1_28' title="bbox 491 2683 2094 2757">
    <p class='ocr_par' dir='ltr' id='par_1_28' title="bbox 491 2683 2094 2757">
     <span class='ocr_line' id='line_1_28' title="bbox 491 2683 2094 2757; baseline -0.005 -13"><span class='ocrx_word' id='word_1_196' title='bbox 491 2687 654 2744; x_wconf 84' lang='lat' dir='ltr'><strong>hunt.</strong></span> <span class='ocrx_word' id='word_1_197' title='bbox 703 2685 966 2744; x_wconf 89' lang='lat' dir='ltr'><strong>Subversi</strong></span> <span class='ocrx_word' id='word_1_198' title='bbox 1012 2684 1176 2757; x_wconf 90' lang='lat' dir='ltr'><strong>pedes</strong></span> <span class='ocrx_word' id='word_1_199' title='bbox 1222 2683 1372 2740; x_wconf 89' lang='lat' dir='ltr'><strong>viam</strong></span> <span class='ocrx_word' id='word_1_200' title='bbox 1418 2691 1604 2740; x_wconf 91' lang='lat' dir='ltr'><strong>tenere</strong></span> <span class='ocrx_word' id='word_1_201' title='bbox 1633 2689 1937 2756; x_wconf 90' lang='lat' dir='ltr'><strong>nequeunt,</strong></span> <span class='ocrx_word' id='word_1_202' title='bbox 1967 2698 2094 2738; x_wconf 89' lang='lat' dir='ltr'><strong>cum</strong></span> 
     </span>
    </p>
   </div>
   <div class='ocr_carea' id='block_1_29' title="bbox 489 2771 2094 2850">
    <p class='ocr_par' dir='ltr' id='par_1_29' title="bbox 489 2771 2094 2850">
     <span class='ocr_line' id='line_1_29' title="bbox 489 2771 2094 2850; baseline -0.005 -16"><span class='ocrx_word' id='word_1_203' title='bbox 489 2777 700 2834; x_wconf 89' lang='lat' dir='ltr'><strong>inﬁrmi</strong></span> <span class='ocrx_word' id='word_1_204' title='bbox 729 2776 935 2850; x_wconf 90' lang='lat' dir='ltr'><strong>quique</strong></span> <span class='ocrx_word' id='word_1_205' title='bbox 964 2782 1376 2848; x_wconf 89' lang='lat' dir='ltr'><strong>persecutorum</strong></span> <span class='ocrx_word' id='word_1_206' title='bbox 1405 2789 1630 2830; x_wconf 88' lang='lat' dir='ltr'><strong>suorum</strong></span> <span class='ocrx_word' id='word_1_207' title='bbox 1660 2773 1749 2828; x_wconf 90' lang='lat' dir='ltr'><strong>vel</strong></span> <span class='ocrx_word' id='word_1_208' title='bbox 1779 2771 2094 2846; x_wconf 88' lang='lat' dir='ltr'><strong>promissio-</strong></span> 
     </span>
    </p>
   </div>
   <div class='ocr_carea' id='block_1_30' title="bbox 490 2861 2094 2941">
    <p class='ocr_par' dir='ltr' id='par_1_30' title="bbox 490 2861 2094 2941">
     <span class='ocr_line' id='line_1_30' title="bbox 490 2861 2094 2941; baseline -0.006 -15"><span class='ocrx_word' id='word_1_209' title='bbox 490 2868 658 2926; x_wconf 90' lang='lat' dir='ltr'><strong>nibus</strong></span> <span class='ocrx_word' id='word_1_210' title='bbox 711 2866 978 2941; x_wconf 89' lang='lat' dir='ltr'><strong>persuasi,</strong></span> <span class='ocrx_word' id='word_1_211' title='bbox 1018 2865 1106 2922; x_wconf 89' lang='lat' dir='ltr'><strong>vel</strong></span> <span class='ocrx_word' id='word_1_212' title='bbox 1159 2864 1326 2922; x_wconf 88' lang='lat' dir='ltr'><strong>minis</strong></span> <span class='ocrx_word' id='word_1_213' title='bbox 1379 2865 1582 2934; x_wconf 90' lang='lat' dir='ltr'><strong>territi,</strong></span> <span class='ocrx_word' id='word_1_214' title='bbox 1621 2864 1710 2920; x_wconf 90' lang='lat' dir='ltr'><strong>vel</strong></span> <span class='ocrx_word' id='word_1_215' title='bbox 1755 2861 2094 2920; x_wconf 89' lang='lat' dir='ltr'><strong>cruciatibus</strong></span> 
     </span>
    </p>
   </div>
   <div class='ocr_carea' id='block_1_31' title="bbox 489 2950 2096 3027">
    <p class='ocr_par' dir='ltr' id='par_1_31' title="bbox 489 2950 2096 3027">
     <span class='ocr_line' id='line_1_31' title="bbox 489 2950 2096 3027; baseline -0.006 -11"><span class='ocrx_word' id='word_1_216' title='bbox 489 2958 672 3027; x_wconf 86' lang='lat' dir='ltr'><strong>fracti,</strong></span> <span class='ocrx_word' id='word_1_217' title='bbox 709 2957 780 3014; x_wconf 90' lang='lat' dir='ltr'><strong>ab</strong></span> <span class='ocrx_word' id='word_1_218' title='bbox 825 2955 1023 3012; x_wconf 90' lang='lat' dir='ltr'><strong>itinere</strong></span> <span class='ocrx_word' id='word_1_219' title='bbox 1068 2963 1218 3012; x_wconf 89' lang='lat' dir='ltr'><strong>recto</strong></span> <span class='ocrx_word' id='word_1_220' title='bbox 1248 2956 1270 2990; x_wconf 77' lang='lat'><strong>‘</strong></span> <span class='ocrx_word' id='word_1_221' title='bbox 1300 2953 1547 3012; x_wconf 89' lang='lat' dir='ltr'><strong>deviant.</strong></span> <span class='ocrx_word' id='word_1_222' title='bbox 1594 2953 1741 3010; x_wconf 90' lang='lat' dir='ltr'><strong>Bene</strong></span> <span class='ocrx_word' id='word_1_223' title='bbox 1771 2959 1955 3008; x_wconf 89' lang='lat' dir='ltr'><strong>autem</strong></span> <span class='ocrx_word' id='word_1_224' title='bbox 1984 2950 2096 3008; x_wconf 93' lang='lat' dir='ltr'><strong>ad-</strong></span> 
     </span>
    </p>
   </div>
   <div class='ocr_carea' id='block_1_32' title="bbox 487 3040 2094 3118">
    <p class='ocr_par' dir='ltr' id='par_1_32' title="bbox 487 3040 2094 3118">
     <span class='ocr_line' id='line_1_32' title="bbox 487 3040 2094 3118; baseline -0.005 -12"><span class='ocrx_word' id='word_1_225' title='bbox 487 3049 858 3108; x_wconf 87' lang='lat' dir='ltr'><strong>versariorum</strong></span> <span class='ocrx_word' id='word_1_226' title='bbox 886 3046 1096 3104; x_wconf 66' lang='lat' dir='ltr'><strong>semitas</strong></span> <span class='ocrx_word' id='word_1_227' title='bbox 1123 3043 1384 3103; x_wconf 85' lang='lat' dir='ltr'><strong>ﬂuctibus</strong></span> <span class='ocrx_word' id='word_1_228' title='bbox 1411 3051 1824 3118; x_wconf 86' lang='lat' dir='ltr'><strong>comparantur,</strong></span> <span class='ocrx_word' id='word_1_229' title='bbox 1852 3059 1981 3100; x_wconf 86' lang='lat' dir='ltr'><strong>cum</strong></span> <span class='ocrx_word' id='word_1_230' title='bbox 2011 3040 2094 3098; x_wconf 87' lang='lat' dir='ltr'><strong>di-</strong></span> 
     </span>
    </p>
   </div>
   <div class='ocr_carea' id='block_1_33' title="bbox 2201 521 3773 599">
    <p class='ocr_par' dir='ltr' id='par_1_33' title="bbox 2201 521 3773 599">
     <span class='ocr_line' id='line_1_33' title="bbox 2201 521 3773 599; baseline -0.001 -15"><span class='ocrx_word' id='word_1_231' title='bbox 2201 527 2452 586; x_wconf 87' lang='lat' dir='ltr'><strong>veritatis</strong></span> <span class='ocrx_word' id='word_1_232' title='bbox 2481 527 2600 583; x_wconf 87' lang='lat' dir='ltr'><strong>vias</strong></span> <span class='ocrx_word' id='word_1_233' title='bbox 2626 525 2828 584; x_wconf 89' lang='lat' dir='ltr'><strong>callida</strong></span> <span class='ocrx_word' id='word_1_234' title='bbox 2851 523 3203 599; x_wconf 86' lang='lat' dir='ltr'><strong>persuasione</strong></span> <span class='ocrx_word' id='word_1_235' title='bbox 3231 521 3688 596; x_wconf 86' lang='lat' dir='ltr'><strong>perturbant.lpsi</strong></span> <span class='ocrx_word' id='word_1_236' title='bbox 3706 526 3773 583; x_wconf 89' lang='lat' dir='ltr'><strong>in-</strong></span> 
     </span>
    </p>
   </div>
   <div class='ocr_carea' id='block_1_34' title="bbox 2200 611 3772 690">
    <p class='ocr_par' dir='ltr' id='par_1_34' title="bbox 2200 611 3772 690">
     <span class='ocr_line' id='line_1_34' title="bbox 2200 611 3772 690; baseline -0.001 -14"><span class='ocrx_word' id='word_1_237' title='bbox 2200 619 2466 676; x_wconf 87' lang='lat' dir='ltr'><strong>sidiantes</strong></span> <span class='ocrx_word' id='word_1_238' title='bbox 2511 617 2833 690; x_wconf 66' lang='lat' dir='ltr'><strong>praevalent,</strong></span> <span class='ocrx_word' id='word_1_239' title='bbox 2860 631 2988 672; x_wconf 90' lang='lat' dir='ltr'><strong>cum</strong></span> <span class='ocrx_word' id='word_1_240' title='bbox 3017 629 3111 671; x_wconf 90' lang='lat' dir='ltr'><strong>eos</strong></span> <span class='ocrx_word' id='word_1_241' title='bbox 3139 628 3278 686; x_wconf 90' lang='lat' dir='ltr'><strong>quos</strong></span> <span class='ocrx_word' id='word_1_242' title='bbox 3305 619 3487 684; x_wconf 89' lang='lat' dir='ltr'><strong>aperte</strong></span> <span class='ocrx_word' id='word_1_243' title='bbox 3505 611 3572 670; x_wconf 86' lang='lat' dir='ltr'><strong>ad</strong></span> <span class='ocrx_word' id='word_1_244' title='bbox 3590 615 3772 674; x_wconf 85' lang='lat' dir='ltr'><strong>malum</strong></span> 
     </span>
    </p>
   </div>
   <div class='ocr_carea' id='block_1_35' title="bbox 2199 703 3772 783">
    <p class='ocr_par' dir='ltr' id='par_1_35' title="bbox 2199 703 3772 783">
     <span class='ocr_line' id='line_1_35' title="bbox 2199 703 3772 783; baseline -0.001 -16"><span class='ocrx_word' id='word_1_245' title='bbox 2199 709 2418 767; x_wconf 81' lang='lat' dir='ltr'><strong>trahere</strong></span> <span class='ocrx_word' id='word_1_246' title='bbox 2447 715 2749 783; x_wconf 88' lang='lat' dir='ltr'><strong>nequeunt,</strong></span> <span class='ocrx_word' id='word_1_247' title='bbox 2797 707 2942 763; x_wconf 88' lang='lat' dir='ltr'><strong>bona</strong></span> <span class='ocrx_word' id='word_1_248' title='bbox 2969 703 3290 761; x_wconf 88' lang='lat' dir='ltr'><strong>simulando</strong></span> <span class='ocrx_word' id='word_1_249' title='bbox 3319 713 3654 776; x_wconf 89' lang='lat' dir='ltr'><strong>pervertunt.</strong></span> <span class='ocrx_word' id='word_1_250' title='bbox 3680 709 3772 766; x_wconf 85' lang='lat' dir='ltr'><strong>Sed</strong></span> 
     </span>
    </p>
   </div>
   <div class='ocr_carea' id='block_1_36' title="bbox 2201 792 3778 869">
    <p class='ocr_par' dir='ltr' id='par_1_36' title="bbox 2201 792 3778 869">
     <span class='ocr_line' id='line_1_36' title="bbox 2201 792 3778 869; baseline -0.003 -13"><span class='ocrx_word' id='word_1_251' title='bbox 2201 800 2404 856; x_wconf 89' lang='lat' dir='ltr'><strong>mirum</strong></span> <span class='ocrx_word' id='word_1_252' title='bbox 2432 797 2592 854; x_wconf 90' lang='lat' dir='ltr'><strong>valde</strong></span> <span class='ocrx_word' id='word_1_253' title='bbox 2638 804 2720 854; x_wconf 90' lang='lat' dir='ltr'><strong>est</strong></span> <span class='ocrx_word' id='word_1_254' title='bbox 2759 794 2909 869; x_wconf 90' lang='lat' dir='ltr'><strong>quod</strong></span> <span class='ocrx_word' id='word_1_255' title='bbox 2936 792 3164 865; x_wconf 89' lang='lat' dir='ltr'><strong>subjicit</strong></span> <span class='ocrx_word' id='word_1_256' title='bbox 3193 811 3206 849; x_wconf 89' lang='lat'>:</span> <span class='ocrx_word' id='word_1_257' title='bbox 3241 792 3362 850; x_wconf 89' lang='lat' dir='ltr'><strong>Non</strong></span> <span class='ocrx_word' id='word_1_258' title='bbox 3388 793 3495 864; x_wconf 78' lang='lat' dir='ltr'><strong>fuit</strong></span> <span class='ocrx_word' id='word_1_259' title='bbox 3520 795 3610 865; x_wconf 89' lang='lat' dir='ltr'><strong>qui</strong></span> <span class='ocrx_word' id='word_1_260' title='bbox 3633 795 3778 867; x_wconf 80' lang='lat' dir='ltr'><strong>ferret</strong></span> 
     </span>
    </p>
   </div>
   <div class='ocr_carea' id='block_1_37' title="bbox 2199 882 3774 958">
    <p class='ocr_par' dir='ltr' id='par_1_37' title="bbox 2199 882 3774 958">
     <span class='ocr_line' id='line_1_37' title="bbox 2199 882 3774 958; baseline 0 -13"><span class='ocrx_word' id='word_1_261' title='bbox 2199 889 2490 958; x_wconf 72' lang='lat' dir='ltr'><strong>auxilium,</strong></span> <span class='ocrx_word' id='word_1_262' title='bbox 2520 904 2646 945; x_wconf 91' lang='lat' dir='ltr'><strong>cum</strong></span> <span class='ocrx_word' id='word_1_263' title='bbox 2668 885 2736 943; x_wconf 91' lang='lat' dir='ltr'><strong>de</strong></span> <span class='ocrx_word' id='word_1_264' title='bbox 2756 885 2952 942; x_wconf 91' lang='lat' dir='ltr'><strong>divino</strong></span> <span class='ocrx_word' id='word_1_265' title='bbox 2970 882 3249 956; x_wconf 87' lang='lat' dir='ltr'><strong>adjutorio</strong></span> <span class='ocrx_word' id='word_1_266' title='bbox 3264 883 3550 940; x_wconf 86' lang='lat' dir='ltr'><strong>Psalmista</strong></span> <span class='ocrx_word' id='word_1_267' title='bbox 3563 885 3774 944; x_wconf 89' lang='lat' dir='ltr'><strong>clamet:</strong></span> 
     </span>
    </p>
   </div>
   <div class='ocr_carea' id='block_1_38' title="bbox 2200 973 3776 1050">
    <p class='ocr_par' dir='ltr' id='par_1_38' title="bbox 2200 973 3776 1050">
     <span class='ocr_line' id='line_1_38' title="bbox 2200 973 3776 1050; baseline -0.002 -14"><span class='ocrx_word' id='word_1_268' title='bbox 2200 979 2435 1050; x_wconf 80' lang='lat' dir='ltr'><strong>Adjutor</strong></span> <span class='ocrx_word' id='word_1_269' title='bbox 2461 979 2520 1034; x_wconf 87' lang='lat' dir='ltr'><strong>in</strong></span> <span class='ocrx_word' id='word_1_270' title='bbox 2546 975 3051 1050; x_wconf 86' lang='lat' dir='ltr'><strong>opportunitatibus,</strong></span> <span class='ocrx_word' id='word_1_271' title='bbox 3074 974 3132 1029; x_wconf 90' lang='lat' dir='ltr'><strong>in</strong></span> <span class='ocrx_word' id='word_1_272' title='bbox 3151 973 3500 1030; x_wconf 77' lang='lat' dir='ltr'><strong>tribulatione</strong></span> <span class='ocrx_word' id='word_1_273' title='bbox 3521 975 3681 1046; x_wconf 85' lang='lat' dir='ltr'><strong>(Psal.</strong></span> <span class='ocrx_word' id='word_1_274' title='bbox 3707 992 3776 1046; x_wconf 79' lang='lat' dir='ltr'><strong>Ix,</strong></span> 
     </span>
    </p>
   </div>
   <div class='ocr_carea' id='block_1_39' title="bbox 2204 1065 3781 1145">
    <p class='ocr_par' dir='ltr' id='par_1_39' title="bbox 2204 1065 3781 1145">
     <span class='ocr_line' id='line_1_39' title="bbox 2204 1065 3781 1145; baseline -0.004 -16"><span class='ocrx_word' id='word_1_275' title='bbox 2204 1073 2332 1145; x_wconf 73' lang='lat'><strong>10);</strong></span> <span class='ocrx_word' id='word_1_276' title='bbox 2382 1076 2522 1136; x_wconf 81' lang='grc'><strong>661</strong></span> <span class='ocrx_word' id='word_1_277' title='bbox 2556 1077 2610 1127; x_wconf 90' lang='lat' dir='ltr'><strong>et</strong></span> <span class='ocrx_word' id='word_1_278' title='bbox 2644 1086 2656 1125; x_wconf 77' lang='grc' dir='ltr'><strong>ε</strong></span> <span class='ocrx_word' id='word_1_279' title='bbox 2691 1069 2952 1141; x_wconf 72' lang='lat' dir='ltr'><strong>Sperent‘</strong></span> <span class='ocrx_word' id='word_1_280' title='bbox 2981 1067 3038 1123; x_wconf 89' lang='lat' dir='ltr'><strong>in</strong></span> <span class='ocrx_word' id='word_1_281' title='bbox 3070 1073 3135 1133; x_wconf 86' lang='lat' dir='ltr'><strong>te,</strong></span> <span class='ocrx_word' id='word_1_282' title='bbox 3182 1065 3278 1138; x_wconf 85' lang='lat' dir='ltr'><strong>qui</strong></span> <span class='ocrx_word' id='word_1_283' title='bbox 3321 1073 3578 1122; x_wconf 82' lang='lat' dir='ltr'><strong>noverunt</strong></span> <span class='ocrx_word' id='word_1_284' title='bbox 3615 1083 3781 1124; x_wconf 82' lang='lat' dir='ltr'><strong>nomen</strong></span> 
     </span>
    </p>
   </div>
   <div class='ocr_carea' id='block_1_40' title="bbox 2203 1165 3776 1240">
    <p class='ocr_par' dir='ltr' id='par_1_40' title="bbox 2203 1165 3776 1240">
     <span class='ocr_line' id='line_1_40' title="bbox 2203 1165 3776 1240; baseline -0.002 -14"><span class='ocrx_word' id='word_1_285' title='bbox 2203 1177 2372 1236; x_wconf 89' lang='lat' dir='ltr'><strong>tuum,</strong></span> <span class='ocrx_word' id='word_1_286' title='bbox 2400 1169 2654 1240; x_wconf 88' lang='lat' dir='ltr'><strong>quoniam</strong></span> <span class='ocrx_word' id='word_1_287' title='bbox 2680 1184 2786 1222; x_wconf 90' lang='lat' dir='ltr'><strong>non</strong></span> <span class='ocrx_word' id='word_1_288' title='bbox 2811 1166 3138 1237; x_wconf 85' lang='lat' dir='ltr'><strong>derelinques</strong></span> <span class='ocrx_word' id='word_1_289' title='bbox 3167 1171 3456 1237; x_wconf 71' lang='lat' dir='ltr'><strong>quaerentes</strong></span> <span class='ocrx_word' id='word_1_290' title='bbox 3485 1171 3548 1232; x_wconf 86' lang='lat' dir='ltr'><strong>te,</strong></span> <span class='ocrx_word' id='word_1_291' title='bbox 3560 1165 3776 1223; x_wconf 85' lang='lat' dir='ltr'><strong>Domine.</strong></span> 
     </span>
    </p>
   </div>
   <div class='ocr_carea' id='block_1_41' title="bbox 2200 1256 3779 1332">
    <p class='ocr_par' dir='ltr' id='par_1_41' title="bbox 2200 1256 3779 1332">
     <span class='ocr_line' id='line_1_41' title="bbox 2200 1256 3779 1332; baseline -0.004 -12"><span class='ocrx_word' id='word_1_292' title='bbox 2200 1264 2274 1320; x_wconf 88' lang='lat' dir='ltr'><strong>Et</strong></span> <span class='ocrx_word' id='word_1_293' title='bbox 2301 1279 2426 1320; x_wconf 90' lang='lat' dir='ltr'><strong>cum</strong></span> <span class='ocrx_word' id='word_1_294' title='bbox 2457 1277 2676 1318; x_wconf 87' lang='lat' dir='ltr'><strong>rursum</strong></span> <span class='ocrx_word' id='word_1_295' title='bbox 2707 1257 2972 1332; x_wconf 89' lang='lat' dir='ltr'><strong>scriptum</strong></span> <span class='ocrx_word' id='word_1_296' title='bbox 3003 1257 3108 1314; x_wconf 89' lang='lat' dir='ltr'><strong>sit:</strong></span> <span class='ocrx_word' id='word_1_297' title='bbox 3143 1256 3273 1324; x_wconf 88' lang='lat' dir='ltr'><strong>Quis</strong></span> <span class='ocrx_word' id='word_1_298' title='bbox 3301 1259 3532 1328; x_wconf 79' lang='lat' dir='ltr'><strong>speravit</strong></span> <span class='ocrx_word' id='word_1_299' title='bbox 3550 1257 3604 1312; x_wconf 88' lang='lat' dir='ltr'><strong>in</strong></span> <span class='ocrx_word' id='word_1_300' title='bbox 3623 1257 3779 1314; x_wconf 83' lang='lat' dir='ltr'><strong>Domi-</strong></span> 
     </span>
    </p>
   </div>
   <div class='ocr_carea' id='block_1_42' title="bbox 2199 1345 3781 1422">
    <p class='ocr_par' dir='ltr' id='par_1_42' title="bbox 2199 1345 3781 1422">
     <span class='ocr_line' id='line_1_42' title="bbox 2199 1345 3781 1422; baseline -0.005 -14"><span class='ocrx_word' id='word_1_301' title='bbox 2199 1370 2290 1418; x_wconf 89' lang='lat' dir='ltr'><strong>no,</strong></span> <span class='ocrx_word' id='word_1_302' title='bbox 2321 1357 2368 1408; x_wconf 86' lang='lat' dir='ltr'><strong>et</strong></span> <span class='ocrx_word' id='word_1_303' title='bbox 2407 1350 2660 1422; x_wconf 81' lang='lat' dir='ltr'><strong>confusus</strong></span> <span class='ocrx_word' id='word_1_304' title='bbox 2692 1354 2803 1413; x_wconf 87' lang='lat' dir='ltr'><strong>est;</strong></span> <span class='ocrx_word' id='word_1_305' title='bbox 2845 1346 3142 1419; x_wconf 79' lang='lat' dir='ltr'><strong>permansit</strong></span> <span class='ocrx_word' id='word_1_306' title='bbox 3185 1345 3244 1400; x_wconf 87' lang='lat' dir='ltr'><strong>in</strong></span> <span class='ocrx_word' id='word_1_307' title='bbox 3283 1345 3550 1402; x_wconf 83' lang='lat' dir='ltr'><strong>mandatis</strong></span> <span class='ocrx_word' id='word_1_308' title='bbox 3589 1345 3715 1415; x_wconf 88' lang='lat' dir='ltr'><strong>ejus,</strong></span> <span class='ocrx_word' id='word_1_309' title='bbox 3741 1351 3781 1400; x_wconf 88' lang='lat' dir='ltr'><strong>et</strong></span> 
     </span>
    </p>
   </div>
   <div class='ocr_carea' id='block_1_43' title="bbox 2201 1435 3777 1508">
    <p class='ocr_par' dir='ltr' id='par_1_43' title="bbox 2201 1435 3777 1508">
     <span class='ocr_line' id='line_1_43' title="bbox 2201 1435 3777 1508; baseline -0.004 -13"><span class='ocrx_word' id='word_1_310' title='bbox 2201 1439 2479 1495; x_wconf 85' lang='lat' dir='ltr'><strong>derelictus</strong></span> <span class='ocrx_word' id='word_1_311' title='bbox 2506 1440 2622 1495; x_wconf 82' lang='lat' dir='ltr'><strong>est?</strong></span> <span class='ocrx_word' id='word_1_312' title='bbox 2651 1439 2724 1494; x_wconf 88' lang='lat' dir='ltr'><strong>Et</strong></span> <span class='ocrx_word' id='word_1_313' title='bbox 2751 1436 2870 1508; x_wconf 85' lang='lat' dir='ltr'><strong>quis</strong></span> <span class='ocrx_word' id='word_1_314' title='bbox 2889 1435 3152 1490; x_wconf 83' lang='lat' dir='ltr'><strong>invocavit</strong></span> <span class='ocrx_word' id='word_1_315' title='bbox 3165 1435 3343 1500; x_wconf 87' lang='lat' dir='ltr'><strong>illum,</strong></span> <span class='ocrx_word' id='word_1_316' title='bbox 3360 1441 3409 1490; x_wconf 90' lang='lat' dir='ltr'><strong>et</strong></span> <span class='ocrx_word' id='word_1_317' title='bbox 3434 1435 3662 1506; x_wconf 84' lang='lat' dir='ltr'><strong>despexit</strong></span> <span class='ocrx_word' id='word_1_318' title='bbox 3679 1452 3777 1489; x_wconf 81' lang='lat' dir='ltr'><strong>eum</strong></span> 
     </span>
    </p>
   </div>
   <div class='ocr_carea' id='block_1_44' title="bbox 2205 1518 3775 1595">
    <p class='ocr_par' dir='ltr' id='par_1_44' title="bbox 2205 1518 3775 1595">
     <span class='ocr_line' id='line_1_44' title="bbox 2205 1518 3775 1595; baseline -0.003 -15"><span class='ocrx_word' id='word_1_319' title='bbox 2205 1523 2397 1595; x_wconf 88' lang='lat' dir='ltr'><strong>(Eccli.</strong></span> <span class='ocrx_word' id='word_1_320' title='bbox 2431 1540 2494 1592; x_wconf 88' lang='grc' dir='ltr'><strong>ιι,</strong></span> <span class='ocrx_word' id='word_1_321' title='bbox 2527 1525 2614 1592; x_wconf 86' lang='grc'><strong>11,</strong></span> <span class='ocrx_word' id='word_1_322' title='bbox 2647 1521 2785 1593; x_wconf 80' lang='lat' dir='ltr'><strong>l2)?</strong></span> <span class='ocrx_word' id='word_1_323' title='bbox 2814 1521 2934 1588; x_wconf 87' lang='lat' dir='ltr'><strong>Qua</strong></span> <span class='ocrx_word' id='word_1_324' title='bbox 2953 1521 3139 1594; x_wconf 89' lang='lat' dir='ltr'><strong>itaque</strong></span> <span class='ocrx_word' id='word_1_325' title='bbox 3160 1519 3373 1576; x_wconf 89' lang='lat' dir='ltr'><strong>ratione</strong></span> <span class='ocrx_word' id='word_1_326' title='bbox 3393 1535 3542 1576; x_wconf 88' lang='lat' dir='ltr'><strong>nunc</strong></span> <span class='ocrx_word' id='word_1_327' title='bbox 3561 1518 3775 1576; x_wconf 90' lang='lat' dir='ltr'><strong>dicitur:</strong></span> 
     </span>
    </p>
   </div>
   <div class='ocr_carea' id='block_1_45' title="bbox 2201 1608 3780 1684">
    <p class='ocr_par' dir='ltr' id='par_1_45' title="bbox 2201 1608 3780 1684">
     <span class='ocr_line' id='line_1_45' title="bbox 2201 1608 3780 1684; baseline -0.004 -13"><span class='ocrx_word' id='word_1_328' title='bbox 2201 1615 2322 1672; x_wconf 90' lang='lat' dir='ltr'><strong>Non</strong></span> <span class='ocrx_word' id='word_1_329' title='bbox 2355 1613 2464 1684; x_wconf 78' lang='lat' dir='ltr'><strong>fuit</strong></span> <span class='ocrx_word' id='word_1_330' title='bbox 2505 1611 2600 1684; x_wconf 90' lang='lat' dir='ltr'><strong>qui</strong></span> <span class='ocrx_word' id='word_1_331' title='bbox 2640 1611 2807 1683; x_wconf 81' lang='lat' dir='ltr'><strong>ferret</strong></span> <span class='ocrx_word' id='word_1_332' title='bbox 2840 1610 3132 1676; x_wconf 83' lang='lat' dir='ltr'><strong>auxilium,</strong></span> <span class='ocrx_word' id='word_1_333' title='bbox 3163 1609 3270 1666; x_wconf 90' lang='lat' dir='ltr'><strong>nisi</strong></span> <span class='ocrx_word' id='word_1_334' title='bbox 3300 1608 3430 1683; x_wconf 89' lang='lat' dir='ltr'><strong>quia</strong></span> <span class='ocrx_word' id='word_1_335' title='bbox 3457 1608 3780 1682; x_wconf 86' lang='lat' dir='ltr'><strong>omnipotens</strong></span> 
     </span>
    </p>
   </div>
   <div class='ocr_carea' id='block_1_46' title="bbox 2201 1697 3778 1776">
    <p class='ocr_par' dir='ltr' id='par_1_46' title="bbox 2201 1697 3778 1776">
     <span class='ocr_line' id='line_1_46' title="bbox 2201 1697 3778 1776; baseline -0.004 -14"><span class='ocrx_word' id='word_1_336' title='bbox 2201 1707 2348 1762; x_wconf 91' lang='lat' dir='ltr'><strong>Deus</strong></span> <span class='ocrx_word' id='word_1_337' title='bbox 2373 1719 2467 1761; x_wconf 89' lang='lat' dir='ltr'><strong>eos</strong></span> <span class='ocrx_word' id='word_1_338' title='bbox 2495 1719 2634 1776; x_wconf 89' lang='lat' dir='ltr'><strong>quos</strong></span> <span class='ocrx_word' id='word_1_339' title='bbox 2661 1702 2720 1758; x_wconf 91' lang='lat' dir='ltr'><strong>in</strong></span> <span class='ocrx_word' id='word_1_340' title='bbox 2748 1708 3016 1758; x_wconf 77' lang='lat' dir='ltr'><strong>aeternum</strong></span> <span class='ocrx_word' id='word_1_341' title='bbox 3047 1699 3232 1773; x_wconf 75' lang='lat' dir='ltr'><strong>diligit</strong></span> <span class='ocrx_word' id='word_1_342' title='bbox 3258 1697 3563 1774; x_wconf 90' lang='lat' dir='ltr'><strong>aliquando</strong></span> <span class='ocrx_word' id='word_1_343' title='bbox 3579 1698 3647 1756; x_wconf 89' lang='lat' dir='ltr'><strong>ad</strong></span> <span class='ocrx_word' id='word_1_344' title='bbox 3663 1706 3778 1756; x_wconf 87' lang='lat' dir='ltr'><strong>tem-</strong></span> 
     </span>
    </p>
   </div>
   <div class='ocr_carea' id='block_1_47' title="bbox 2125 1789 3784 1870">
    <p class='ocr_par' dir='ltr' id='par_1_47' title="bbox 2125 1789 3784 1870">
     <span class='ocr_line' id='line_1_47' title="bbox 2125 1789 3784 1870; baseline -0.005 -17"><span class='ocrx_word' id='word_1_345' title='bbox 2125 1803 2172 1865; x_wconf 87' lang='lat' dir='ltr'><strong>B</strong></span> <span class='ocrx_word' id='word_1_346' title='bbox 2204 1812 2307 1870; x_wconf 91' lang='lat' dir='ltr'><strong>pus</strong></span> <span class='ocrx_word' id='word_1_347' title='bbox 2345 1792 2657 1866; x_wconf 78' lang='lat' dir='ltr'><strong>relinquit?</strong></span> <span class='ocrx_word' id='word_1_348' title='bbox 2685 1790 2840 1848; x_wconf 89' lang='lat' dir='ltr'><strong>Unde</strong></span> <span class='ocrx_word' id='word_1_349' title='bbox 2868 1790 3134 1863; x_wconf 89' lang='lat' dir='ltr'><strong>scriptum</strong></span> <span class='ocrx_word' id='word_1_350' title='bbox 3173 1796 3256 1846; x_wconf 90' lang='lat' dir='ltr'><strong>est</strong></span> <span class='ocrx_word' id='word_1_351' title='bbox 3289 1807 3301 1846; x_wconf 94' lang='lat'>:</span> <span class='ocrx_word' id='word_1_352' title='bbox 3347 1790 3437 1846; x_wconf 79' lang='lat' dir='ltr'><strong>Ad</strong></span> <span class='ocrx_word' id='word_1_353' title='bbox 3474 1794 3715 1862; x_wconf 83' lang='lat' dir='ltr'><strong>punctum</strong></span> <span class='ocrx_word' id='word_1_354' title='bbox 3736 1789 3784 1844; x_wconf 78' lang='lat' dir='ltr'><strong>in</strong></span> 
     </span>
    </p>
   </div>
   <div class='ocr_carea' id='block_1_48' title="bbox 2201 1878 3787 1954">
    <p class='ocr_par' dir='ltr' id='par_1_48' title="bbox 2201 1878 3787 1954">
     <span class='ocr_line' id='line_1_48' title="bbox 2201 1878 3787 1954; baseline -0.005 -13"><span class='ocrx_word' id='word_1_355' title='bbox 2201 1884 2403 1942; x_wconf 89' lang='lat' dir='ltr'><strong>modico</strong></span> <span class='ocrx_word' id='word_1_356' title='bbox 2431 1880 2691 1954; x_wconf 88' lang='lat' dir='ltr'><strong>dereliqui</strong></span> <span class='ocrx_word' id='word_1_357' title='bbox 2725 1887 2789 1949; x_wconf 87' lang='lat' dir='ltr'><strong>te,</strong></span> <span class='ocrx_word' id='word_1_358' title='bbox 2819 1886 2868 1936; x_wconf 89' lang='lat' dir='ltr'><strong>et</strong></span> <span class='ocrx_word' id='word_1_359' title='bbox 2897 1879 2955 1935; x_wconf 89' lang='lat' dir='ltr'><strong>in</strong></span> <span class='ocrx_word' id='word_1_360' title='bbox 2981 1879 3410 1936; x_wconf 84' lang='lat' dir='ltr'><strong>miserationibus</strong></span> <span class='ocrx_word' id='word_1_361' title='bbox 3443 1878 3647 1951; x_wconf 86' lang='lat' dir='ltr'><strong>magnis</strong></span> <span class='ocrx_word' id='word_1_362' title='bbox 3671 1893 3787 1934; x_wconf 52' lang='lat' dir='ltr'><strong>conp</strong></span> 
     </span>
    </p>
   </div>
   <div class='ocr_carea' id='block_1_49' title="bbox 2201 1965 3786 2046">
    <p class='ocr_par' dir='ltr' id='par_1_49' title="bbox 2201 1965 3786 2046">
     <span class='ocr_line' id='line_1_49' title="bbox 2201 1965 3786 2046; baseline -0.005 -16"><span class='ocrx_word' id='word_1_363' title='bbox 2201 1972 2424 2046; x_wconf 86' lang='lat' dir='ltr'><strong>gregabo</strong></span> <span class='ocrx_word' id='word_1_364' title='bbox 2453 1977 2518 2028; x_wconf 87' lang='lat' dir='ltr'><strong>te.</strong></span> <span class='ocrx_word' id='word_1_365' title='bbox 2557 1971 2623 2028; x_wconf 85' lang='lat' dir='ltr'><strong>In</strong></span> <span class='ocrx_word' id='word_1_366' title='bbox 2651 1975 2907 2025; x_wconf 87' lang='lat' dir='ltr'><strong>momento</strong></span> <span class='ocrx_word' id='word_1_367' title='bbox 2938 1967 3319 2041; x_wconf 81' lang='lat' dir='ltr'><strong>indignationis</strong></span> <span class='ocrx_word' id='word_1_368' title='bbox 3345 1967 3594 2023; x_wconf 85' lang='lat' dir='ltr'><strong>abscondi</strong></span> <span class='ocrx_word' id='word_1_369' title='bbox 3619 1965 3786 2038; x_wconf 74' lang='lat' dir='ltr'><strong>[aciein</strong></span> 
     </span>
    </p>
   </div>
   <div class='ocr_carea' id='block_1_50' title="bbox 2202 2057 3788 2135">
    <p class='ocr_par' dir='ltr' id='par_1_50' title="bbox 2202 2057 3788 2135">
     <span class='ocr_line' id='line_1_50' title="bbox 2202 2057 3788 2135; baseline -0.006 -16"><span class='ocrx_word' id='word_1_370' title='bbox 2202 2080 2373 2119; x_wconf 85' lang='lat' dir='ltr'><strong>meam</strong></span> <span class='ocrx_word' id='word_1_371' title='bbox 2407 2078 2703 2135; x_wconf 83' lang='lat' dir='ltr'><strong>parumper</strong></span> <span class='ocrx_word' id='word_1_372' title='bbox 2741 2078 2776 2115; x_wconf 89' lang='lat' dir='ltr'><strong>a</strong></span> <span class='ocrx_word' id='word_1_373' title='bbox 2820 2065 2886 2128; x_wconf 85' lang='lat' dir='ltr'><strong>te,</strong></span> <span class='ocrx_word' id='word_1_374' title='bbox 2915 2065 2964 2114; x_wconf 86' lang='lat' dir='ltr'><strong>et</strong></span> <span class='ocrx_word' id='word_1_375' title='bbox 2998 2059 3058 2113; x_wconf 88' lang='lat' dir='ltr'><strong>in</strong></span> <span class='ocrx_word' id='word_1_376' title='bbox 3085 2058 3458 2114; x_wconf 81' lang='lat' dir='ltr'><strong>misericordia</strong></span> <span class='ocrx_word' id='word_1_377' title='bbox 3497 2057 3788 2130; x_wconf 83' lang='lat' dir='ltr'><strong>sempiterna</strong></span> 
     </span>
    </p>
   </div>
   <div class='ocr_carea' id='block_1_51' title="bbox 2204 2147 3786 2221">
    <p class='ocr_par' dir='ltr' id='par_1_51' title="bbox 2204 2147 3786 2221">
     <span class='ocr_line' id='line_1_51' title="bbox 2204 2147 3786 2221; baseline -0.006 -11"><span class='ocrx_word' id='word_1_378' title='bbox 2204 2153 2450 2210; x_wconf 85' lang='lat' dir='ltr'><strong>misertus</strong></span> <span class='ocrx_word' id='word_1_379' title='bbox 2469 2168 2585 2207; x_wconf 85' lang='lat' dir='ltr'><strong>sum</strong></span> <span class='ocrx_word' id='word_1_380' title='bbox 2615 2151 2692 2206; x_wconf 90' lang='lat' dir='ltr'><strong>tui</strong></span> <span class='ocrx_word' id='word_1_381' title='bbox 2713 2149 2870 2221; x_wconf 88' lang='lat' dir='ltr'><strong>(Isai.</strong></span> <span class='ocrx_word' id='word_1_382' title='bbox 2904 2165 3018 2217; x_wconf 77' lang='lat' dir='ltr'><strong>Liv,</strong></span> <span class='ocrx_word' id='word_1_383' title='bbox 3041 2149 3119 2221; x_wconf 90' lang='lat'><strong>7).</strong></span> <span class='ocrx_word' id='word_1_384' title='bbox 3155 2147 3298 2206; x_wconf 84' lang='lat' dir='ltr'><strong>Hinc</strong></span> <span class='ocrx_word' id='word_1_385' title='bbox 3325 2149 3495 2205; x_wconf 89' lang='lat' dir='ltr'><strong>etiam</strong></span> <span class='ocrx_word' id='word_1_386' title='bbox 3526 2147 3786 2204; x_wconf 81' lang='lat' dir='ltr'><strong>Psalmista</strong></span> 
     </span>
    </p>
   </div>
   <div class='ocr_carea' id='block_1_52' title="bbox 2204 2237 3790 2316">
    <p class='ocr_par' dir='ltr' id='par_1_52' title="bbox 2204 2237 3790 2316">
     <span class='ocr_line' id='line_1_52' title="bbox 2204 2237 3790 2316; baseline -0.006 -16"><span class='ocrx_word' id='word_1_387' title='bbox 2204 2241 2620 2316; x_wconf 88' lang='lat' dir='ltr'><strong>deprecabatur,</strong></span> <span class='ocrx_word' id='word_1_388' title='bbox 2663 2239 2852 2296; x_wconf 90' lang='lat' dir='ltr'><strong>dicens</strong></span> <span class='ocrx_word' id='word_1_389' title='bbox 2886 2256 2899 2296; x_wconf 92' lang='lat'>:</span> <span class='ocrx_word' id='word_1_390' title='bbox 2961 2238 3082 2294; x_wconf 86' lang='lat' dir='ltr'><strong>Non</strong></span> <span class='ocrx_word' id='word_1_391' title='bbox 3121 2254 3201 2293; x_wconf 89' lang='lat' dir='ltr'><strong>me</strong></span> <span class='ocrx_word' id='word_1_392' title='bbox 3238 2237 3580 2308; x_wconf 84' lang='lat' dir='ltr'><strong>derelinquas</strong></span> <span class='ocrx_word' id='word_1_393' title='bbox 3615 2253 3790 2307; x_wconf 86' lang='lat' dir='ltr'><strong>usque-</strong></span> 
     </span>
    </p>
   </div>
   <div class='ocr_carea' id='block_1_53' title="bbox 2203 2322 3790 2406">
    <p class='ocr_par' dir='ltr' id='par_1_53' title="bbox 2203 2322 3790 2406">
     <span class='ocr_line' id='line_1_53' title="bbox 2203 2322 3790 2406; baseline -0.006 -16"><span class='ocrx_word' id='word_1_394' title='bbox 2203 2351 2411 2406; x_wconf 89' lang='lat' dir='ltr'><strong>quaque</strong></span> <span class='ocrx_word' id='word_1_395' title='bbox 2449 2333 2621 2404; x_wconf 90' lang='lat' dir='ltr'><strong>(Psal.</strong></span> <span class='ocrx_word' id='word_1_396' title='bbox 2670 2347 2868 2399; x_wconf 84' lang='lat' dir='ltr'><strong>cxvm,</strong></span> <span class='ocrx_word' id='word_1_397' title='bbox 2905 2327 2987 2401; x_wconf 88' lang='lat'><strong>8).</strong></span> <span class='ocrx_word' id='word_1_398' title='bbox 3034 2327 3352 2400; x_wconf 88' lang='lat' dir='ltr'><strong>Derelinqui</strong></span> <span class='ocrx_word' id='word_1_399' title='bbox 3396 2327 3568 2399; x_wconf 85' lang='lat' dir='ltr'><strong>igitur</strong></span> <span class='ocrx_word' id='word_1_400' title='bbox 3606 2322 3790 2382; x_wconf 84' lang='lat' dir='ltr'><strong>sesead</strong></span> 
     </span>
    </p>
   </div>
   <div class='ocr_carea' id='block_1_54' title="bbox 2204 2416 3792 2494">
    <p class='ocr_par' dir='ltr' id='par_1_54' title="bbox 2204 2416 3792 2494">
     <span class='ocr_line' id='line_1_54' title="bbox 2204 2416 3792 2494; baseline -0.007 -15"><span class='ocrx_word' id='word_1_401' title='bbox 2204 2422 2484 2480; x_wconf 88' lang='lat' dir='ltr'><strong>modicum</strong></span> <span class='ocrx_word' id='word_1_402' title='bbox 2508 2436 2664 2494; x_wconf 91' lang='lat' dir='ltr'><strong>posse</strong></span> <span class='ocrx_word' id='word_1_403' title='bbox 2689 2419 2902 2476; x_wconf 90' lang='lat' dir='ltr'><strong>utiliter</strong></span> <span class='ocrx_word' id='word_1_404' title='bbox 2935 2425 3184 2486; x_wconf 90' lang='lat' dir='ltr'><strong>noverat,</strong></span> <span class='ocrx_word' id='word_1_405' title='bbox 3207 2416 3303 2490; x_wconf 90' lang='lat' dir='ltr'><strong>qui</strong></span> <span class='ocrx_word' id='word_1_406' title='bbox 3335 2433 3406 2473; x_wconf 90' lang='lat' dir='ltr'><strong>ne</strong></span> <span class='ocrx_word' id='word_1_407' title='bbox 3428 2427 3792 2491; x_wconf 84' lang='lat' dir='ltr'><strong>usquequaque</strong></span> 
     </span>
    </p>
   </div>
   <div class='ocr_carea' id='block_1_55' title="bbox 2204 2504 3791 2586">
    <p class='ocr_par' dir='ltr' id='par_1_55' title="bbox 2204 2504 3791 2586">
     <span class='ocr_line' id='line_1_55' title="bbox 2204 2504 3791 2586; baseline -0.007 -17"><span class='ocrx_word' id='word_1_408' title='bbox 2204 2511 2610 2586; x_wconf 89' lang='lat' dir='ltr'><strong>relinqueretur</strong></span> <span class='ocrx_word' id='word_1_409' title='bbox 2635 2507 2870 2582; x_wconf 87' lang='lat' dir='ltr'><strong>petebat.</strong></span> <span class='ocrx_word' id='word_1_410' title='bbox 2905 2509 3134 2564; x_wconf 88' lang='lat' dir='ltr'><strong>Sanctos</strong></span> <span class='ocrx_word' id='word_1_411' title='bbox 3149 2509 3354 2562; x_wconf 91' lang='lat' dir='ltr'><strong>etenim</strong></span> <span class='ocrx_word' id='word_1_412' title='bbox 3385 2523 3518 2562; x_wconf 87' lang='lat' dir='ltr'><strong>suos</strong></span> <span class='ocrx_word' id='word_1_413' title='bbox 3545 2504 3791 2562; x_wconf 85' lang='lat' dir='ltr'><strong>Dominus</strong></span> 
     </span>
    </p>
   </div>
   <div class='ocr_carea' id='block_1_56' title="bbox 2204 2590 3792 2670">
    <p class='ocr_par' dir='ltr' id='par_1_56' title="bbox 2204 2590 3792 2670">
     <span class='ocr_line' id='line_1_56' title="bbox 2204 2590 3792 2670; baseline -0.007 -14"><span class='ocrx_word' id='word_1_414' title='bbox 2204 2601 2478 2658; x_wconf 90' lang='lat' dir='ltr'><strong>veniendo</strong></span> <span class='ocrx_word' id='word_1_415' title='bbox 2519 2597 2768 2670; x_wconf 88' lang='lat' dir='ltr'><strong>adjuvat,</strong></span> <span class='ocrx_word' id='word_1_416' title='bbox 2811 2595 3176 2668; x_wconf 89' lang='lat' dir='ltr'><strong>relinquendo</strong></span> <span class='ocrx_word' id='word_1_417' title='bbox 3223 2593 3452 2666; x_wconf 88' lang='lat' dir='ltr'><strong>probat;</strong></span> <span class='ocrx_word' id='word_1_418' title='bbox 3506 2593 3667 2650; x_wconf 89' lang='lat' dir='ltr'><strong>donis</strong></span> <span class='ocrx_word' id='word_1_419' title='bbox 3703 2590 3792 2647; x_wconf 86' lang='lat' dir='ltr'><strong>ﬁr-</strong></span> 
     </span>
    </p>
   </div>
   <div class='ocr_carea' id='block_1_57' title="bbox 2205 2683 3792 2758">
    <p class='ocr_par' dir='ltr' id='par_1_57' title="bbox 2205 2683 3792 2758">
     <span class='ocr_line' id='line_1_57' title="bbox 2205 2683 3792 2758; baseline -0.009 -11"><span class='ocrx_word' id='word_1_420' title='bbox 2205 2697 2340 2758; x_wconf 91' lang='lat' dir='ltr'><strong>mat,</strong></span> <span class='ocrx_word' id='word_1_421' title='bbox 2370 2687 2824 2746; x_wconf 88' lang='lat' dir='ltr'><strong>tribulationibus</strong></span> <span class='ocrx_word' id='word_1_422' title='bbox 2865 2692 3062 2742; x_wconf 87' lang='lat' dir='ltr'><strong>tentat.</strong></span> <span class='ocrx_word' id='word_1_423' title='bbox 3110 2683 3265 2740; x_wconf 90' lang='lat' dir='ltr'><strong>Unde</strong></span> <span class='ocrx_word' id='word_1_424' title='bbox 3295 2690 3442 2740; x_wconf 91' lang='lat' dir='ltr'><strong>recte</strong></span> <span class='ocrx_word' id='word_1_425' title='bbox 3473 2697 3690 2756; x_wconf 89' lang='lat' dir='ltr'><strong>quoque</strong></span> <span class='ocrx_word' id='word_1_426' title='bbox 3715 2694 3792 2753; x_wconf 86' lang='lat' dir='ltr'><strong>per</strong></span> 
     </span>
    </p>
   </div>
   <div class='ocr_carea' id='block_1_58' title="bbox 2204 2773 3791 2855">
    <p class='ocr_par' dir='ltr' id='par_1_58' title="bbox 2204 2773 3791 2855">
     <span class='ocr_line' id='line_1_58' title="bbox 2204 2773 3791 2855; baseline -0.007 -17"><span class='ocrx_word' id='word_1_427' title='bbox 2204 2780 2496 2855; x_wconf 88' lang='lat' dir='ltr'><strong>quemdam</strong></span> <span class='ocrx_word' id='word_1_428' title='bbox 2525 2779 2828 2851; x_wconf 88' lang='lat' dir='ltr'><strong>sapientem</strong></span> <span class='ocrx_word' id='word_1_429' title='bbox 2857 2777 3064 2834; x_wconf 87' lang='lat' dir='ltr'><strong>dicitur</strong></span> <span class='ocrx_word' id='word_1_430' title='bbox 3102 2792 3116 2832; x_wconf 92' lang='lat'>:</span> <span class='ocrx_word' id='word_1_431' title='bbox 3158 2775 3225 2832; x_wconf 87' lang='lat' dir='ltr'><strong>In</strong></span> <span class='ocrx_word' id='word_1_432' title='bbox 3247 2774 3446 2847; x_wconf 88' lang='lat' dir='ltr'><strong>primis</strong></span> <span class='ocrx_word' id='word_1_433' title='bbox 3485 2773 3637 2846; x_wconf 84' lang='lat' dir='ltr'><strong>elegit</strong></span> <span class='ocrx_word' id='word_1_434' title='bbox 3675 2787 3791 2837; x_wconf 78' lang='lat' dir='ltr'><strong>eum,</strong></span> 
     </span>
    </p>
   </div>
   <div class='ocr_carea' id='block_1_59' title="bbox 2205 2861 3793 2939">
    <p class='ocr_par' dir='ltr' id='par_1_59' title="bbox 2205 2861 3793 2939">
     <span class='ocr_line' id='line_1_59' title="bbox 2205 2861 3793 2939; baseline -0.007 -12"><span class='ocrx_word' id='word_1_435' title='bbox 2205 2873 2444 2928; x_wconf 87' lang='lat' dir='ltr'><strong>timorem</strong></span> <span class='ocrx_word' id='word_1_436' title='bbox 2489 2877 2538 2925; x_wconf 90' lang='lat' dir='ltr'><strong>et</strong></span> <span class='ocrx_word' id='word_1_437' title='bbox 2576 2876 2769 2924; x_wconf 88' lang='lat' dir='ltr'><strong>metum</strong></span> <span class='ocrx_word' id='word_1_438' title='bbox 2796 2874 2844 2923; x_wconf 87' lang='lat' dir='ltr'><strong>et</strong></span> <span class='ocrx_word' id='word_1_439' title='bbox 2865 2865 3232 2939; x_wconf 83' lang='lat' dir='ltr'><strong>probationem</strong></span> <span class='ocrx_word' id='word_1_440' title='bbox 3252 2865 3272 2900; x_wconf 88' lang='grc'><strong>⁷</strong></span> <span class='ocrx_word' id='word_1_441' title='bbox 3305 2863 3523 2920; x_wconf 85' lang='lat' dir='ltr'><strong>inducet</strong></span> <span class='ocrx_word' id='word_1_442' title='bbox 3551 2879 3704 2936; x_wconf 84' lang='lat' dir='ltr'><strong>super</strong></span> <span class='ocrx_word' id='word_1_443' title='bbox 3727 2861 3793 2916; x_wconf 86' lang='lat' dir='ltr'><strong>il-</strong></span> 
     </span>
    </p>
   </div>
   <div class='ocr_carea' id='block_1_60' title="bbox 2206 2953 3793 3028">
    <p class='ocr_par' dir='ltr' id='par_1_60' title="bbox 2206 2953 3793 3028">
     <span class='ocr_line' id='line_1_60' title="bbox 2206 2953 3793 3028; baseline -0.006 -11"><span class='ocrx_word' id='word_1_444' title='bbox 2206 2962 2337 3028; x_wconf 89' lang='lat' dir='ltr'><strong>lum,</strong></span> <span class='ocrx_word' id='word_1_445' title='bbox 2367 2965 2416 3016; x_wconf 90' lang='lat' dir='ltr'><strong>et</strong></span> <span class='ocrx_word' id='word_1_446' title='bbox 2439 2958 2766 3014; x_wconf 72' lang='lat' dir='ltr'><strong>excruciabit</strong></span> <span class='ocrx_word' id='word_1_447' title='bbox 2792 2957 2946 3013; x_wconf 88' lang='lat' dir='ltr'><strong>illum</strong></span> <span class='ocrx_word' id='word_1_448' title='bbox 2966 2955 3024 3011; x_wconf 88' lang='lat' dir='ltr'><strong>in</strong></span> <span class='ocrx_word' id='word_1_449' title='bbox 3045 2953 3392 3010; x_wconf 87' lang='lat' dir='ltr'><strong>tribulatione</strong></span> <span class='ocrx_word' id='word_1_450' title='bbox 3411 2953 3668 3010; x_wconf 75' lang='lat' dir='ltr'><strong>doctrina:</strong></span> <span class='ocrx_word' id='word_1_451' title='bbox 3683 2965 3793 3014; x_wconf 74' lang='lat' dir='ltr'><strong>sua,</strong></span> 
     </span>
    </p>
   </div>
   <div class='ocr_carea' id='block_1_61' title="bbox 2203 3041 3794 3116">
    <p class='ocr_par' dir='ltr' id='par_1_61' title="bbox 2203 3041 3794 3116">
     <span class='ocr_line' id='line_1_61' title="bbox 2203 3041 3794 3116; baseline -0.009 -8"><span class='ocrx_word' id='word_1_452' title='bbox 2203 3052 2362 3108; x_wconf 90' lang='lat' dir='ltr'><strong>donec</strong></span> <span class='ocrx_word' id='word_1_453' title='bbox 2392 3054 2546 3106; x_wconf 88' lang='lat' dir='ltr'><strong>tentet</strong></span> <span class='ocrx_word' id='word_1_454' title='bbox 2587 3048 2745 3104; x_wconf 89' lang='lat' dir='ltr'><strong>illum</strong></span> <span class='ocrx_word' id='word_1_455' title='bbox 2783 3045 2844 3100; x_wconf 90' lang='lat' dir='ltr'><strong>in</strong></span> <span class='ocrx_word' id='word_1_456' title='bbox 2878 3043 3278 3116; x_wconf 86' lang='lat' dir='ltr'><strong>cogitationibus</strong></span> <span class='ocrx_word' id='word_1_457' title='bbox 3318 3043 3474 3099; x_wconf 88' lang='lat' dir='ltr'><strong>illius</strong></span> <span class='ocrx_word' id='word_1_458' title='bbox 3507 3041 3698 3114; x_wconf 85' lang='lat' dir='ltr'><strong>(Eccli.</strong></span> <span class='ocrx_word' id='word_1_459' title='bbox 3727 3054 3794 3105; x_wconf 69' lang='grc' dir='ltr'><strong>ιν,</strong></span> 
     </span>
    </p>
   </div>
   <div class='ocr_carea' id='block_1_62' title="bbox 485 3129 2092 3230">
    <p class='ocr_par' dir='ltr' id='par_1_62' title="bbox 485 3129 2092 3208">
     <span class='ocr_line' id='line_1_62' title="bbox 485 3129 2092 3208; baseline -0.008 -11"><span class='ocrx_word' id='word_1_460' title='bbox 485 3138 633 3198; x_wconf 83' lang='lat' dir='ltr'><strong>citur</strong></span> <span class='ocrx_word' id='word_1_461' title='bbox 663 3157 676 3196; x_wconf 91' lang='lat'>:</span> <span class='ocrx_word' id='word_1_462' title='bbox 709 3140 784 3195; x_wconf 89' lang='lat' dir='ltr'><strong>Et</strong></span> <span class='ocrx_word' id='word_1_463' title='bbox 829 3141 1204 3208; x_wconf 83' lang='lat' dir='ltr'><strong>oppresserunt</strong></span> <span class='ocrx_word' id='word_1_464' title='bbox 1246 3133 1403 3203; x_wconf 89' lang='lat' dir='ltr'><strong>quasi</strong></span> <span class='ocrx_word' id='word_1_465' title='bbox 1447 3132 1690 3204; x_wconf 79' lang='lat' dir='ltr'><strong>fluctibus</strong></span> <span class='ocrx_word' id='word_1_466' title='bbox 1729 3130 1924 3186; x_wconf 87' lang='lat' dir='ltr'><strong>semitis</strong></span> <span class='ocrx_word' id='word_1_467' title='bbox 1959 3129 2092 3196; x_wconf 84' lang='lat' dir='ltr'><strong>suis,</strong></span> 
     </span>
    </p>
   </div>
   <div class='ocr_carea' id='block_1_63' title="bbox 2207 3129 3797 3230">
    <p class='ocr_par' dir='ltr' id='par_1_63' title="bbox 2209 3129 3797 3215">
     <span class='ocr_line' id='line_1_63' title="bbox 2209 3129 3797 3215; baseline -0.009 -15"><span class='ocrx_word' id='word_1_468' title='bbox 2209 3142 2322 3215; x_wconf 89' lang='grc'><strong>18).</strong></span> <span class='ocrx_word' id='word_1_469' title='bbox 2353 3139 2497 3198; x_wconf 85' lang='lat' dir='ltr'><strong>Justi</strong></span> <span class='ocrx_word' id='word_1_470' title='bbox 2525 3137 2729 3211; x_wconf 86' lang='lat' dir='ltr'><strong>quippe</strong></span> <span class='ocrx_word' id='word_1_471' title='bbox 2758 3134 3000 3191; x_wconf 89' lang='lat' dir='ltr'><strong>animam</strong></span> <span class='ocrx_word' id='word_1_472' title='bbox 3033 3133 3208 3207; x_wconf 88' lang='lat' dir='ltr'><strong>gratia</strong></span> <span class='ocrx_word' id='word_1_473' title='bbox 3235 3140 3424 3204; x_wconf 88' lang='lat' dir='ltr'><strong>vocat,</strong></span> <span class='ocrx_word' id='word_1_474' title='bbox 3460 3131 3690 3190; x_wconf 89' lang='lat' dir='ltr'><strong>tentatio</strong></span> <span class='ocrx_word' id='word_1_475' title='bbox 3715 3129 3797 3186; x_wconf 89' lang='lat' dir='ltr'><strong>in-</strong></span> 
     </span>
    </p>
   </div>
   <div class='ocr_carea' id='block_1_64' title="bbox 488 3217 2092 3302">
    <p class='ocr_par' dir='ltr' id='par_1_64' title="bbox 488 3217 2092 3302">
     <span class='ocr_line' id='line_1_64' title="bbox 488 3217 2092 3302; baseline -0.007 -17"><span class='ocrx_word' id='word_1_476' title='bbox 488 3227 620 3302; x_wconf 86' lang='lat' dir='ltr'><strong>quia</strong></span> <span class='ocrx_word' id='word_1_477' title='bbox 660 3225 874 3284; x_wconf 85' lang='lat' dir='ltr'><strong>scilicet</strong></span> <span class='ocrx_word' id='word_1_478' title='bbox 915 3223 1036 3279; x_wconf 89' lang='lat' dir='ltr'><strong>vita</strong></span> <span class='ocrx_word' id='word_1_479' title='bbox 1079 3237 1376 3294; x_wconf 86' lang='lat' dir='ltr'><strong>pravorum</strong></span> <span class='ocrx_word' id='word_1_480' title='bbox 1416 3219 1678 3276; x_wconf 89' lang='lat' dir='ltr'><strong>insolenti</strong></span> <span class='ocrx_word' id='word_1_481' title='bbox 1707 3217 2092 3292; x_wconf 89' lang='lat' dir='ltr'><strong>inquietudine</strong></span> 
     </span>
    </p>
   </div>
   <div class='ocr_carea' id='block_1_65' title="bbox 489 3309 2094 3380">
    <p class='ocr_par' dir='ltr' id='par_1_65' title="bbox 489 3309 2094 3380">
     <span class='ocr_line' id='line_1_65' title="bbox 489 3309 2094 3380; baseline -0.005 -6"><span class='ocrx_word' id='word_1_482' title='bbox 489 3316 722 3374; x_wconf 89' lang='lat' dir='ltr'><strong>molesta</strong></span> <span class='ocrx_word' id='word_1_483' title='bbox 745 3313 817 3370; x_wconf 87' lang='lat' dir='ltr'><strong>ad</strong></span> <span class='ocrx_word' id='word_1_484' title='bbox 845 3311 1209 3380; x_wconf 88' lang='lat' dir='ltr'><strong>obruendam,</strong></span> <span class='ocrx_word' id='word_1_485' title='bbox 1237 3318 1300 3368; x_wconf 87' lang='lat' dir='ltr'><strong>ut</strong></span> <span class='ocrx_word' id='word_1_486' title='bbox 1327 3310 1407 3366; x_wconf 91' lang='lat' dir='ltr'><strong>ita</strong></span> <span class='ocrx_word' id='word_1_487' title='bbox 1434 3309 1698 3379; x_wconf 80' lang='lat' dir='ltr'><strong>dixerim,</strong></span> <span class='ocrx_word' id='word_1_488' title='bbox 1735 3325 1934 3366; x_wconf 89' lang='lat' dir='ltr'><strong>navem</strong></span> <span class='ocrx_word' id='word_1_489' title='bbox 1961 3327 2094 3367; x_wconf 91' lang='lat' dir='ltr'><strong>cor-</strong></span> 
     </span>
    </p>
   </div>
   <div class='ocr_carea' id='block_1_66' title="bbox 490 3398 2094 3478">
    <p class='ocr_par' dir='ltr' id='par_1_66' title="bbox 490 3398 2094 3478">
     <span class='ocr_line' id='line_1_66' title="bbox 490 3398 2094 3478; baseline -0.002 -18"><span class='ocrx_word' id='word_1_490' title='bbox 490 3403 578 3461; x_wconf 88' lang='lat' dir='ltr'><strong>dis</strong></span> <span class='ocrx_word' id='word_1_491' title='bbox 605 3403 762 3478; x_wconf 90' lang='lat' dir='ltr'><strong>quasi</strong></span> <span class='ocrx_word' id='word_1_492' title='bbox 790 3408 1088 3474; x_wconf 86' lang='lat' dir='ltr'><strong>tempestas</strong></span> <span class='ocrx_word' id='word_1_493' title='bbox 1115 3399 1384 3457; x_wconf 88' lang='lat' dir='ltr'><strong>illabitur.</strong></span> <span class='ocrx_word' id='word_1_494' title='bbox 1417 3401 1495 3456; x_wconf 91' lang='lat' dir='ltr'><strong>De</strong></span> <span class='ocrx_word' id='word_1_495' title='bbox 1524 3415 1633 3473; x_wconf 88' lang='lat' dir='ltr'><strong>qua</strong></span> <span class='ocrx_word' id='word_1_496' title='bbox 1655 3398 1916 3457; x_wconf 86' lang='lat' dir='ltr'><strong>videlicet</strong></span> <span class='ocrx_word' id='word_1_497' title='bbox 1943 3406 2094 3456; x_wconf 88' lang='lat' dir='ltr'><strong>tem-</strong></span> 
     </span>
    </p>
   </div>
   <div class='ocr_carea' id='block_1_67' title="bbox 490 3488 2094 3566">
    <p class='ocr_par' dir='ltr' id='par_1_67' title="bbox 490 3488 2094 3566">
     <span class='ocr_line' id='line_1_67' title="bbox 490 3488 2094 3566; baseline -0.003 -17"><span class='ocrx_word' id='word_1_498' title='bbox 490 3499 700 3566; x_wconf 86' lang='lat' dir='ltr'><strong>pestate</strong></span> <span class='ocrx_word' id='word_1_499' title='bbox 759 3507 856 3565; x_wconf 90' lang='lat' dir='ltr'><strong>per</strong></span> <span class='ocrx_word' id='word_1_500' title='bbox 907 3491 1259 3549; x_wconf 88' lang='lat' dir='ltr'><strong>Salomonem</strong></span> <span class='ocrx_word' id='word_1_501' title='bbox 1306 3488 1558 3546; x_wconf 88' lang='lat' dir='ltr'><strong>dicitur:</strong></span> <span class='ocrx_word' id='word_1_502' title='bbox 1603 3489 1770 3558; x_wconf 85' lang='lat' dir='ltr'><strong>Quasi</strong></span> <span class='ocrx_word' id='word_1_503' title='bbox 1824 3495 2094 3562; x_wconf 81' lang='lat' dir='ltr'><strong>tempestas</strong></span> 
     </span>
    </p>
   </div>
   <div class='ocr_carea' id='block_1_68' title="bbox 491 3579 2093 3654">
    <p class='ocr_par' dir='ltr' id='par_1_68' title="bbox 491 3579 2093 3654">
     <span class='ocr_line' id='line_1_68' title="bbox 491 3579 2093 3654; baseline -0.003 -14"><span class='ocrx_word' id='word_1_504' title='bbox 491 3583 758 3640; x_wconf 84' lang='lat' dir='ltr'><strong>transiens</strong></span> <span class='ocrx_word' id='word_1_505' title='bbox 784 3598 892 3638; x_wconf 88' lang='lat' dir='ltr'><strong>non</strong></span> <span class='ocrx_word' id='word_1_506' title='bbox 919 3581 1022 3638; x_wconf 88' lang='lat' dir='ltr'><strong>erit</strong></span> <span class='ocrx_word' id='word_1_507' title='bbox 1048 3579 1246 3653; x_wconf 86' lang='lat' dir='ltr'><strong>impius</strong></span> <span class='ocrx_word' id='word_1_508' title='bbox 1273 3579 1462 3652; x_wconf 78' lang='lat' dir='ltr'><strong>(Prov.</strong></span> <span class='ocrx_word' id='word_1_509' title='bbox 1495 3597 1555 3647; x_wconf 87' lang='lat' dir='ltr'><strong>x,</strong></span> <span class='ocrx_word' id='word_1_510' title='bbox 1585 3580 1702 3654; x_wconf 80' lang='lat'><strong>25).</strong></span> <span class='ocrx_word' id='word_1_511' title='bbox 1734 3579 1982 3653; x_wconf 87' lang='lat' dir='ltr'><strong>Cumque</strong></span> <span class='ocrx_word' id='word_1_512' title='bbox 2011 3579 2093 3635; x_wconf 87' lang='lat' dir='ltr'><strong>in-</strong></span> 
     </span>
    </p>
   </div>
   <div class='ocr_carea' id='block_1_69' title="bbox 490 3667 2095 3746">
    <p class='ocr_par' dir='ltr' id='par_1_69' title="bbox 490 3667 2095 3746">
     <span class='ocr_line' id='line_1_69' title="bbox 490 3667 2095 3746; baseline -0.004 -16"><span class='ocrx_word' id='word_1_513' title='bbox 490 3672 684 3730; x_wconf 89' lang='lat' dir='ltr'><strong>ﬁrmus</strong></span> <span class='ocrx_word' id='word_1_514' title='bbox 712 3671 944 3746; x_wconf 90' lang='lat' dir='ltr'><strong>quisque</strong></span> <span class='ocrx_word' id='word_1_515' title='bbox 990 3685 1276 3743; x_wconf 88' lang='lat' dir='ltr'><strong>perversos</strong></span> <span class='ocrx_word' id='word_1_516' title='bbox 1311 3668 1504 3726; x_wconf 86' lang='lat' dir='ltr'><strong>ﬂorere</strong></span> <span class='ocrx_word' id='word_1_517' title='bbox 1532 3668 1825 3742; x_wconf 90' lang='lat' dir='ltr'><strong>conspicit,</strong></span> <span class='ocrx_word' id='word_1_518' title='bbox 1857 3668 2006 3725; x_wconf 88' lang='lat' dir='ltr'><strong>hunc</strong></span> <span class='ocrx_word' id='word_1_519' title='bbox 2035 3667 2095 3723; x_wconf 92' lang='lat' dir='ltr'><strong>in</strong></span> 
     </span>
    </p>
   </div>
   <div class='ocr_carea' id='block_1_70' title="bbox 489 3757 2095 3834">
    <p class='ocr_par' dir='ltr' id='par_1_70' title="bbox 489 3757 2095 3834">
     <span class='ocr_line' id='line_1_70' title="bbox 489 3757 2095 3834; baseline -0.003 -16"><span class='ocrx_word' id='word_1_520' title='bbox 489 3761 870 3834; x_wconf 86' lang='lat' dir='ltr'><strong>perversitatis</strong></span> <span class='ocrx_word' id='word_1_521' title='bbox 896 3760 1122 3834; x_wconf 78' lang='lat' dir='ltr'><strong>pelagus</strong></span> <span class='ocrx_word' id='word_1_522' title='bbox 1149 3757 1298 3816; x_wconf 90' lang='lat' dir='ltr'><strong>unda</strong></span> <span class='ocrx_word' id='word_1_523' title='bbox 1336 3758 1546 3816; x_wconf 64' lang='lat' dir='ltr'><strong>miseras</strong></span> <span class='ocrx_word' id='word_1_524' title='bbox 1579 3757 1912 3817; x_wconf 89' lang='lat' dir='ltr'><strong>imitationis</strong></span> <span class='ocrx_word' id='word_1_525' title='bbox 1939 3773 2095 3814; x_wconf 90' lang='lat' dir='ltr'><strong>mer-</strong></span> 
     </span>
    </p>
   </div>
   <div class='ocr_carea' id='block_1_71' title="bbox 489 3850 916 3925">
    <p class='ocr_par' dir='ltr' id='par_1_71' title="bbox 489 3850 916 3925">
     <span class='ocr_line' id='line_1_71' title="bbox 489 3850 916 3925; baseline -0.005 -17"><span class='ocrx_word' id='word_1_526' title='bbox 489 3850 588 3923; x_wconf 85' lang='lat' dir='ltr'><strong>git.</strong></span> <span class='ocrx_word' id='word_1_527' title='bbox 619 3850 916 3925; x_wconf 88' lang='lat' dir='ltr'><strong>Sequitur:</strong></span> 
     </span>
    </p>
   </div>
   <div class='ocr_carea' id='block_1_72' title="bbox 1049 3955 1527 4015">
    <p class='ocr_par' dir='ltr' id='par_1_72' title="bbox 1049 3955 1527 4015">
     <span class='ocr_line' id='line_1_72' title="bbox 1049 3955 1527 4015; baseline -0.002 0"><span class='ocrx_word' id='word_1_528' title='bbox 1049 3955 1279 4015; x_wconf 85' lang='lat' dir='ltr'><strong>CAPUT</strong></span> <span class='ocrx_word' id='word_1_529' title='bbox 1316 3955 1527 4014; x_wconf 81' lang='lat' dir='ltr'><strong>XXIV.</strong></span> 
     </span>
    </p>
   </div>
   <div class='ocr_carea' id='block_1_73' title="bbox 558 4061 2097 4137">
    <p class='ocr_par' dir='ltr' id='par_1_73' title="bbox 558 4061 2097 4137">
     <span class='ocr_line' id='line_1_73' title="bbox 558 4061 2097 4137; baseline -0.003 -15"><span class='ocrx_word' id='word_1_530' title='bbox 558 4063 732 4123; x_wconf 68' lang='lat' dir='ltr'><strong>Vens.</strong></span> <span class='ocrx_word' id='word_1_531' title='bbox 766 4065 851 4123; x_wconf 87' lang='grc'><strong>13.</strong></span> <span class='ocrx_word' id='word_1_532' title='bbox 875 4096 948 4108; x_wconf 89' lang='grc'><strong><em>-</em></strong></span> <span class='ocrx_word' id='word_1_533' title='bbox 965 4063 1378 4137; x_wconf 81' lang='lat' dir='ltr'><strong>Dissipaoerunl</strong></span> <span class='ocrx_word' id='word_1_534' title='bbox 1405 4065 1426 4100; x_wconf 75' lang='grc'>⁵</span> <span class='ocrx_word' id='word_1_535' title='bbox 1456 4063 1654 4120; x_wconf 83' lang='lat' dir='ltr'><strong>itinera</strong></span> <span class='ocrx_word' id='word_1_536' title='bbox 1682 4079 1818 4132; x_wconf 87' lang='lat' dir='ltr'><strong>mea,</strong></span> <span class='ocrx_word' id='word_1_537' title='bbox 1848 4061 2097 4119; x_wconf 88' lang='lat' dir='ltr'><strong>insidiati</strong></span> 
     </span>
    </p>
   </div>
   <div class='ocr_carea' id='block_1_74' title="bbox 486 4151 2098 4226">
    <p class='ocr_par' dir='ltr' id='par_1_74' title="bbox 486 4151 2098 4226">
     <span class='ocr_line' id='line_1_74' title="bbox 486 4151 2098 4226; baseline -0.001 -16"><span class='ocrx_word' id='word_1_538' title='bbox 486 4159 611 4210; x_wconf 89' lang='lat' dir='ltr'><strong>sunt</strong></span> <span class='ocrx_word' id='word_1_539' title='bbox 648 4153 801 4221; x_wconf 85' lang='lat' dir='ltr'><strong>mihi,</strong></span> <span class='ocrx_word' id='word_1_540' title='bbox 843 4160 891 4210; x_wconf 90' lang='lat' dir='ltr'><strong>et</strong></span> <span class='ocrx_word' id='word_1_541' title='bbox 928 4155 1352 4226; x_wconf 71' lang='lat' dir='ltr'><strong>prmaluerunt,</strong></span> <span class='ocrx_word' id='word_1_542' title='bbox 1403 4159 1452 4210; x_wconf 89' lang='lat' dir='ltr'><strong>et</strong></span> <span class='ocrx_word' id='word_1_543' title='bbox 1495 4169 1604 4211; x_wconf 89' lang='lat' dir='ltr'><strong>non</strong></span> <span class='ocrx_word' id='word_1_544' title='bbox 1641 4151 1750 4226; x_wconf 88' lang='lat' dir='ltr'><strong>fuit</strong></span> <span class='ocrx_word' id='word_1_545' title='bbox 1792 4153 1888 4226; x_wconf 87' lang='lat' dir='ltr'><strong>qui</strong></span> <span class='ocrx_word' id='word_1_546' title='bbox 1931 4151 2098 4225; x_wconf 82' lang='lat' dir='ltr'><strong>ferret</strong></span> 
     </span>
    </p>
   </div>
   <div class='ocr_carea' id='block_1_75' title="bbox 489 4241 784 4298">
    <p class='ocr_par' dir='ltr' id='par_1_75' title="bbox 489 4241 784 4298">
     <span class='ocr_line' id='line_1_75' title="bbox 489 4241 784 4298; baseline -0.003 0"><span class='ocrx_word' id='word_1_547' title='bbox 489 4241 784 4298; x_wconf 87' lang='lat' dir='ltr'><strong>auxilium.</strong></span> 
     </span>
    </p>
   </div>
   <div class='ocr_carea' id='block_1_76' title="bbox 560 4329 2095 4405">
    <p class='ocr_par' dir='ltr' id='par_1_76' title="bbox 560 4329 2095 4405">
     <span class='ocr_line' id='line_1_76' title="bbox 560 4329 2095 4405; baseline 0 -17"><span class='ocrx_word' id='word_1_548' title='bbox 560 4331 652 4388; x_wconf 90' lang='grc'><strong>51.</strong></span> <span class='ocrx_word' id='word_1_549' title='bbox 688 4329 917 4388; x_wconf 86' lang='lat' dir='ltr'><strong>Occultis</strong></span> <span class='ocrx_word' id='word_1_550' title='bbox 942 4329 1172 4386; x_wconf 80' lang='lat' dir='ltr'><strong>hostium</strong></span> <span class='ocrx_word' id='word_1_551' title='bbox 1198 4329 1412 4385; x_wconf 84' lang='lat' dir='ltr'><strong>insidiis</strong></span> <span class='ocrx_word' id='word_1_552' title='bbox 1455 4329 1569 4399; x_wconf 89' lang='lat' dir='ltr'><strong>ejus</strong></span> <span class='ocrx_word' id='word_1_553' title='bbox 1611 4330 1712 4386; x_wconf 71' lang='lat' dir='ltr'><strong>via:</strong></span> <span class='ocrx_word' id='word_1_554' title='bbox 1743 4331 2095 4405; x_wconf 88' lang='lat' dir='ltr'><strong>dissipantur,</strong></span> 
     </span>
    </p>
   </div>
   <div class='ocr_carea' id='block_1_77' title="bbox 490 4419 2099 4492">
    <p class='ocr_par' dir='ltr' id='par_1_77' title="bbox 490 4419 2099 4492">
     <span class='ocr_line' id='line_1_77' title="bbox 490 4419 2099 4492; baseline 0.001 -15"><span class='ocrx_word' id='word_1_555' title='bbox 490 4423 596 4478; x_wconf 91' lang='lat' dir='ltr'><strong>Deo</strong></span> <span class='ocrx_word' id='word_1_556' title='bbox 623 4420 698 4477; x_wconf 91' lang='lat' dir='ltr'><strong>ad</strong></span> <span class='ocrx_word' id='word_1_557' title='bbox 721 4425 921 4492; x_wconf 84' lang='lat' dir='ltr'><strong>tempus</strong></span> <span class='ocrx_word' id='word_1_558' title='bbox 948 4419 1154 4476; x_wconf 80' lang='lat' dir='ltr'><strong>utiliter</strong></span> <span class='ocrx_word' id='word_1_559' title='bbox 1180 4419 1461 4475; x_wconf 88' lang='lat' dir='ltr'><strong>deserente.</strong></span> <span class='ocrx_word' id='word_1_560' title='bbox 1483 4449 1556 4461; x_wconf 97' lang='lat'>—</span> <span class='ocrx_word' id='word_1_561' title='bbox 1581 4419 1741 4477; x_wconf 89' lang='lat' dir='ltr'><strong>Dicat</strong></span> <span class='ocrx_word' id='word_1_562' title='bbox 1763 4419 1883 4478; x_wconf 74' lang='lat' dir='ltr'><strong>haec</strong></span> <span class='ocrx_word' id='word_1_563' title='bbox 1906 4420 2099 4479; x_wconf 88' lang='lat' dir='ltr'><strong>beatus</strong></span> 
     </span>
    </p>
   </div>
   <div class='ocr_carea' id='block_1_78' title="bbox 2197 3223 3795 3301">
    <p class='ocr_par' dir='ltr' id='par_1_78' title="bbox 2197 3223 3795 3301">
     <span class='ocr_line' id='line_1_78' title="bbox 2197 3223 3795 3301; baseline -0.006 -14"><span class='ocrx_word' id='word_1_564' title='bbox 2197 3235 2460 3301; x_wconf 69' lang='lat' dir='ltr'><strong>terrogat.</strong></span> <span class='ocrx_word' id='word_1_565' title='bbox 2512 3227 2585 3282; x_wconf 91' lang='lat' dir='ltr'><strong>Et</strong></span> <span class='ocrx_word' id='word_1_566' title='bbox 2637 3223 2986 3297; x_wconf 89' lang='lat' dir='ltr'><strong>omnipotens</strong></span> <span class='ocrx_word' id='word_1_567' title='bbox 3036 3224 3184 3287; x_wconf 90' lang='lat' dir='ltr'><strong>Deus</strong></span> <span class='ocrx_word' id='word_1_568' title='bbox 3238 3223 3552 3280; x_wconf 89' lang='lat' dir='ltr'><strong>electorum</strong></span> <span class='ocrx_word' id='word_1_569' title='bbox 3593 3233 3795 3278; x_wconf 88' lang='lat' dir='ltr'><strong>suorum</strong></span> 
     </span>
    </p>
   </div>
   <div class='ocr_carea' id='block_1_79' title="bbox 2201 3312 3796 3386">
    <p class='ocr_par' dir='ltr' id='par_1_79' title="bbox 2201 3312 3796 3386">
     <span class='ocr_line' id='line_1_79' title="bbox 2201 3312 3796 3386; baseline -0.011 -7"><span class='ocrx_word' id='word_1_570' title='bbox 2201 3317 2550 3380; x_wconf 83' lang='lat' dir='ltr'><strong>adversarios</strong></span> <span class='ocrx_word' id='word_1_571' title='bbox 2594 3312 2973 3386; x_wconf 88' lang='lat' dir='ltr'><strong>temporaliter</strong></span> <span class='ocrx_word' id='word_1_572' title='bbox 3017 3312 3291 3386; x_wconf 89' lang='lat' dir='ltr'><strong>permittit</strong></span> <span class='ocrx_word' id='word_1_573' title='bbox 3345 3327 3692 3380; x_wconf 86' lang='lat' dir='ltr'><strong>excrescere,</strong></span> <span class='ocrx_word' id='word_1_574' title='bbox 3747 3314 3796 3364; x_wconf 87' lang='lat' dir='ltr'><strong>ut</strong></span> 
     </span>
    </p>
   </div>
   <div class='ocr_carea' id='block_1_80' title="bbox 2202 3402 3672 3487">
    <p class='ocr_par' dir='ltr' id='par_1_80' title="bbox 2202 3402 3672 3487">
     <span class='ocr_line' id='line_1_80' title="bbox 2202 3402 3672 3487; baseline -0.007 -19"><span class='ocrx_word' id='word_1_575' title='bbox 2202 3427 2300 3487; x_wconf 90' lang='lat' dir='ltr'><strong>per</strong></span> <span class='ocrx_word' id='word_1_576' title='bbox 2329 3406 2600 3465; x_wconf 88' lang='lat' dir='ltr'><strong>malorum</strong></span> <span class='ocrx_word' id='word_1_577' title='bbox 2630 3402 2901 3460; x_wconf 64' lang='lat' dir='ltr'><strong>saevitiam</strong></span> <span class='ocrx_word' id='word_1_578' title='bbox 2930 3409 3195 3476; x_wconf 88' lang='lat' dir='ltr'><strong>purgetur</strong></span> <span class='ocrx_word' id='word_1_579' title='bbox 3221 3402 3345 3460; x_wconf 87' lang='lat' dir='ltr'><strong>vita</strong></span> <span class='ocrx_word' id='word_1_580' title='bbox 3367 3402 3672 3460; x_wconf 88' lang='lat' dir='ltr'><strong>bonorum.</strong></span> 
     </span>
    </p>
   </div>
   <div class='ocr_carea' id='block_1_81' title="bbox 2273 3510 3798 3584">
    <p class='ocr_par' dir='ltr' id='par_1_81' title="bbox 2273 3510 3798 3584">
     <span class='ocr_line' id='line_1_81' title="bbox 2273 3510 3798 3584; baseline -0.009 -10"><span class='ocrx_word' id='word_1_581' title='bbox 2273 3517 2364 3574; x_wconf 79' lang='grc'><strong>52.</strong></span> <span class='ocrx_word' id='word_1_582' title='bbox 2402 3511 2632 3573; x_wconf 89' lang='lat' dir='ltr'><strong>Utilitati</strong></span> <span class='ocrx_word' id='word_1_583' title='bbox 2647 3511 2922 3582; x_wconf 88' lang='lat' dir='ltr'><strong>justorum</strong></span> <span class='ocrx_word' id='word_1_584' title='bbox 2948 3511 3146 3568; x_wconf 86' lang='lat' dir='ltr'><strong>militat</strong></span> <span class='ocrx_word' id='word_1_585' title='bbox 3171 3510 3334 3566; x_wconf 86' lang='lat' dir='ltr'><strong>etiam</strong></span> <span class='ocrx_word' id='word_1_586' title='bbox 3357 3516 3594 3584; x_wconf 82' lang='lat' dir='ltr'><strong>potestas</strong></span> <span class='ocrx_word' id='word_1_587' title='bbox 3621 3520 3798 3581; x_wconf 80' lang='lat' dir='ltr'><strong>pravo-</strong></span> 
     </span>
    </p>
   </div>
   <div class='ocr_carea' id='block_1_82' title="bbox 2201 3594 3801 3676">
    <p class='ocr_par' dir='ltr' id='par_1_82' title="bbox 2201 3594 3801 3676">
     <span class='ocr_line' id='line_1_82' title="bbox 2201 3594 3801 3676; baseline -0.01 -11"><span class='ocrx_word' id='word_1_588' title='bbox 2201 3623 2346 3664; x_wconf 86' lang='lat' dir='ltr'><strong>rum.</strong></span> <span class='ocrx_word' id='word_1_589' title='bbox 2363 3635 2436 3648; x_wconf 93' lang='lat'><strong><em>—</em></strong></span> <span class='ocrx_word' id='word_1_590' title='bbox 2455 3604 2750 3676; x_wconf 89' lang='lat' dir='ltr'><strong>Nunquam</strong></span> <span class='ocrx_word' id='word_1_591' title='bbox 2779 3601 2981 3674; x_wconf 89' lang='lat' dir='ltr'><strong>quippe</strong></span> <span class='ocrx_word' id='word_1_592' title='bbox 3009 3600 3280 3658; x_wconf 89' lang='lat' dir='ltr'><strong>Dominus</strong></span> <span class='ocrx_word' id='word_1_593' title='bbox 3313 3601 3336 3637; x_wconf 80' lang='grc'><strong>⁸</strong></span> <span class='ocrx_word' id='word_1_594' title='bbox 3367 3599 3631 3658; x_wconf 87' lang='lat' dir='ltr'><strong>adversos</strong></span> <span class='ocrx_word' id='word_1_595' title='bbox 3657 3594 3801 3655; x_wconf 90' lang='lat' dir='ltr'><strong>bonis</strong></span> 
     </span>
    </p>
   </div>
   <div class='ocr_carea' id='block_1_83' title="bbox 2203 3682 3802 3768">
    <p class='ocr_par' dir='ltr' id='par_1_83' title="bbox 2203 3682 3802 3768">
     <span class='ocr_line' id='line_1_83' title="bbox 2203 3682 3802 3768; baseline -0.01 -15"><span class='ocrx_word' id='word_1_596' title='bbox 2203 3711 2320 3753; x_wconf 89' lang='lat' dir='ltr'><strong>esse</strong></span> <span class='ocrx_word' id='word_1_597' title='bbox 2347 3692 2710 3768; x_wconf 89' lang='lat' dir='ltr'><strong>permitteret,</strong></span> <span class='ocrx_word' id='word_1_598' title='bbox 2740 3690 2847 3747; x_wconf 89' lang='lat' dir='ltr'><strong>nisi</strong></span> <span class='ocrx_word' id='word_1_599' title='bbox 2877 3689 3042 3746; x_wconf 90' lang='lat' dir='ltr'><strong>etiam</strong></span> <span class='ocrx_word' id='word_1_600' title='bbox 3081 3697 3360 3764; x_wconf 90' lang='lat' dir='ltr'><strong>quantum</strong></span> <span class='ocrx_word' id='word_1_601' title='bbox 3390 3689 3711 3763; x_wconf 88' lang='lat' dir='ltr'><strong>prodessent</strong></span> <span class='ocrx_word' id='word_1_602' title='bbox 3735 3682 3802 3738; x_wconf 84' lang='lat' dir='ltr'><strong>vi-</strong></span> 
     </span>
    </p>
   </div>
   <div class='ocr_carea' id='block_1_84' title="bbox 2202 3778 3805 3854">
    <p class='ocr_par' dir='ltr' id='par_1_84' title="bbox 2202 3778 3805 3854">
     <span class='ocr_line' id='line_1_84' title="bbox 2202 3778 3805 3854; baseline -0.011 -10"><span class='ocrx_word' id='word_1_603' title='bbox 2202 3785 2375 3844; x_wconf 87' lang='lat' dir='ltr'><strong>deret.</strong></span> <span class='ocrx_word' id='word_1_604' title='bbox 2405 3785 2544 3843; x_wconf 84' lang='lat' dir='ltr'><strong>Nam</strong></span> <span class='ocrx_word' id='word_1_605' title='bbox 2573 3782 2704 3839; x_wconf 90' lang='lat' dir='ltr'><strong>dum</strong></span> <span class='ocrx_word' id='word_1_606' title='bbox 2736 3780 2929 3854; x_wconf 90' lang='lat' dir='ltr'><strong>injusti</strong></span> <span class='ocrx_word' id='word_1_607' title='bbox 2962 3780 3220 3848; x_wconf 69' lang='lat' dir='ltr'><strong>saeviunt,</strong></span> <span class='ocrx_word' id='word_1_608' title='bbox 3238 3778 3384 3852; x_wconf 87' lang='lat' dir='ltr'><strong>justi</strong></span> <span class='ocrx_word' id='word_1_609' title='bbox 3421 3785 3742 3854; x_wconf 86' lang='lat' dir='ltr'><strong>purgantur,</strong></span> <span class='ocrx_word' id='word_1_610' title='bbox 3759 3780 3805 3828; x_wconf 91' lang='lat' dir='ltr'><strong>et</strong></span> 
     </span>
    </p>
   </div>
   <div class='ocr_carea' id='block_1_85' title="bbox 2201 3865 3804 3941">
    <p class='ocr_par' dir='ltr' id='par_1_85' title="bbox 2201 3865 3804 3941">
     <span class='ocr_line' id='line_1_85' title="bbox 2201 3865 3804 3941; baseline -0.009 -9"><span class='ocrx_word' id='word_1_611' title='bbox 2201 3875 2432 3932; x_wconf 89' lang='lat' dir='ltr'><strong>utilitati</strong></span> <span class='ocrx_word' id='word_1_612' title='bbox 2449 3870 2832 3930; x_wconf 90' lang='lat' dir='ltr'><strong>innocentium</strong></span> <span class='ocrx_word' id='word_1_613' title='bbox 2847 3869 3049 3926; x_wconf 88' lang='lat' dir='ltr'><strong>militat</strong></span> <span class='ocrx_word' id='word_1_614' title='bbox 3062 3868 3178 3925; x_wconf 88' lang='lat' dir='ltr'><strong>vita</strong></span> <span class='ocrx_word' id='word_1_615' title='bbox 3192 3885 3332 3941; x_wconf 91' lang='lat' dir='ltr'><strong>prav</strong></span> <span class='ocrx_word' id='word_1_616' title='bbox 3339 3867 3667 3938; x_wconf 89' lang='lat' dir='ltr'><strong>orum,dum</strong></span> <span class='ocrx_word' id='word_1_617' title='bbox 3680 3865 3804 3922; x_wconf 85' lang='lat' dir='ltr'><strong>hanc</strong></span> 
     </span>
    </p>
   </div>
   <div class='ocr_carea' id='block_1_86' title="bbox 2203 3954 3804 4036">
    <p class='ocr_par' dir='ltr' id='par_1_86' title="bbox 2203 3954 3804 4036">
     <span class='ocr_line' id='line_1_86' title="bbox 2203 3954 3804 4036; baseline -0.009 -15"><span class='ocrx_word' id='word_1_618' title='bbox 2203 3971 2258 4022; x_wconf 91' lang='lat' dir='ltr'><strong>et</strong></span> <span class='ocrx_word' id='word_1_619' title='bbox 2287 3960 2587 4036; x_wconf 89' lang='lat' dir='ltr'><strong>premendo</strong></span> <span class='ocrx_word' id='word_1_620' title='bbox 2614 3959 2896 4027; x_wconf 89' lang='lat' dir='ltr'><strong>humiliat,</strong></span> <span class='ocrx_word' id='word_1_621' title='bbox 2921 3965 2977 4015; x_wconf 89' lang='lat' dir='ltr'><strong>et</strong></span> <span class='ocrx_word' id='word_1_622' title='bbox 3002 3957 3360 4016; x_wconf 88' lang='lat' dir='ltr'><strong>humiliando</strong></span> <span class='ocrx_word' id='word_1_623' title='bbox 3385 3973 3608 4032; x_wconf 87' lang='lat' dir='ltr'><strong>semper</strong></span> <span class='ocrx_word' id='word_1_624' title='bbox 3624 3954 3693 4014; x_wconf 87' lang='lat' dir='ltr'><strong>ad</strong></span> <span class='ocrx_word' id='word_1_625' title='bbox 3711 3966 3804 4010; x_wconf 83' lang='lat' dir='ltr'><strong>me-</strong></span> 
     </span>
    </p>
   </div>
   <div class='ocr_carea' id='block_1_87' title="bbox 2204 4039 3804 4121">
    <p class='ocr_par' dir='ltr' id='par_1_87' title="bbox 2204 4039 3804 4121">
     <span class='ocr_line' id='line_1_87' title="bbox 2204 4039 3804 4121; baseline -0.009 -11"><span class='ocrx_word' id='word_1_626' title='bbox 2204 4054 2314 4110; x_wconf 91' lang='lat' dir='ltr'><strong>lius</strong></span> <span class='ocrx_word' id='word_1_627' title='bbox 2338 4052 2559 4109; x_wconf 85' lang='lat' dir='ltr'><strong>format.</strong></span> <span class='ocrx_word' id='word_1_628' title='bbox 2579 4047 2735 4107; x_wconf 91' lang='lat' dir='ltr'><strong>Unde</strong></span> <span class='ocrx_word' id='word_1_629' title='bbox 2758 4055 2903 4104; x_wconf 89' lang='lat' dir='ltr'><strong>recte</strong></span> <span class='ocrx_word' id='word_1_630' title='bbox 2925 4063 3142 4121; x_wconf 89' lang='lat' dir='ltr'><strong>quoque</strong></span> <span class='ocrx_word' id='word_1_631' title='bbox 3171 4063 3268 4120; x_wconf 89' lang='lat' dir='ltr'><strong>per</strong></span> <span class='ocrx_word' id='word_1_632' title='bbox 3299 4049 3662 4106; x_wconf 89' lang='lat' dir='ltr'><strong>Salomonem</strong></span> <span class='ocrx_word' id='word_1_633' title='bbox 3687 4039 3804 4101; x_wconf 88' lang='lat' dir='ltr'><strong>dici-</strong></span> 
     </span>
    </p>
   </div>
   <div class='ocr_carea' id='block_1_88' title="bbox 2203 4130 3805 4212">
    <p class='ocr_par' dir='ltr' id='par_1_88' title="bbox 2203 4130 3805 4212">
     <span class='ocr_line' id='line_1_88' title="bbox 2203 4130 3805 4212; baseline -0.006 -12"><span class='ocrx_word' id='word_1_634' title='bbox 2203 4150 2297 4200; x_wconf 83' lang='lat' dir='ltr'><strong>tur</strong></span> <span class='ocrx_word' id='word_1_635' title='bbox 2327 4160 2340 4199; x_wconf 89' lang='lat'><strong>:</strong></span> <span class='ocrx_word' id='word_1_636' title='bbox 2375 4141 2480 4210; x_wconf 87' lang='lat' dir='ltr'><strong>Qui</strong></span> <span class='ocrx_word' id='word_1_637' title='bbox 2506 4141 2700 4196; x_wconf 88' lang='lat' dir='ltr'><strong>stultus</strong></span> <span class='ocrx_word' id='word_1_638' title='bbox 2727 4144 2822 4208; x_wconf 90' lang='lat' dir='ltr'><strong>est,</strong></span> <span class='ocrx_word' id='word_1_639' title='bbox 2869 4137 3058 4194; x_wconf 79' lang='lat' dir='ltr'><strong>serviet</strong></span> <span class='ocrx_word' id='word_1_640' title='bbox 3084 4137 3322 4209; x_wconf 86' lang='lat' dir='ltr'><strong>sapienti</strong></span> <span class='ocrx_word' id='word_1_641' title='bbox 3362 4139 3559 4212; x_wconf 78' lang='lat' dir='ltr'><strong>(Prov.</strong></span> <span class='ocrx_word' id='word_1_642' title='bbox 3593 4152 3675 4206; x_wconf 72' lang='grc' dir='ltr'><strong>χι,</strong></span> <span class='ocrx_word' id='word_1_643' title='bbox 3703 4130 3805 4202; x_wconf 76' lang='lat'><strong>29).</strong></span> 
     </span>
    </p>
   </div>
   <div class='ocr_carea' id='block_1_89' title="bbox 2203 4220 3809 4304">
    <p class='ocr_par' dir='ltr' id='par_1_89' title="bbox 2203 4220 3809 4304">
     <span class='ocr_line' id='line_1_89' title="bbox 2203 4220 3809 4304; baseline -0.007 -15"><span class='ocrx_word' id='word_1_644' title='bbox 2203 4232 2277 4289; x_wconf 89' lang='lat' dir='ltr'><strong>Et</strong></span> <span class='ocrx_word' id='word_1_645' title='bbox 2301 4238 2486 4288; x_wconf 89' lang='lat' dir='ltr'><strong>tamen</strong></span> <span class='ocrx_word' id='word_1_646' title='bbox 2518 4244 2660 4304; x_wconf 69' lang='lat' dir='ltr'><strong>saepe</strong></span> <span class='ocrx_word' id='word_1_647' title='bbox 2687 4227 3061 4300; x_wconf 88' lang='lat' dir='ltr'><strong>conspicimus</strong></span> <span class='ocrx_word' id='word_1_648' title='bbox 3087 4226 3371 4299; x_wconf 86' lang='lat' dir='ltr'><strong>sapientes</strong></span> <span class='ocrx_word' id='word_1_649' title='bbox 3399 4227 3648 4295; x_wconf 88' lang='lat' dir='ltr'><strong>subesse,</strong></span> <span class='ocrx_word' id='word_1_650' title='bbox 3675 4220 3809 4280; x_wconf 89' lang='lat' dir='ltr'><strong>stul-</strong></span> 
     </span>
    </p>
   </div>
   <div class='ocr_carea' id='block_1_90' title="bbox 2205 4309 3810 4390">
    <p class='ocr_par' dir='ltr' id='par_1_90' title="bbox 2205 4309 3810 4390">
     <span class='ocr_line' id='line_1_90' title="bbox 2205 4309 3810 4390; baseline -0.008 -11"><span class='ocrx_word' id='word_1_651' title='bbox 2205 4329 2292 4380; x_wconf 89' lang='lat' dir='ltr'><strong>tos</strong></span> <span class='ocrx_word' id='word_1_652' title='bbox 2316 4337 2451 4378; x_wconf 87' lang='lat' dir='ltr'><strong>vero</strong></span> <span class='ocrx_word' id='word_1_653' title='bbox 2480 4334 2662 4377; x_wconf 88' lang='lat' dir='ltr'><strong>arcem</strong></span> <span class='ocrx_word' id='word_1_654' title='bbox 2704 4315 2942 4374; x_wconf 90' lang='lat' dir='ltr'><strong>dominii</strong></span> <span class='ocrx_word' id='word_1_655' title='bbox 2981 4323 3199 4384; x_wconf 89' lang='lat' dir='ltr'><strong>tenere;</strong></span> <span class='ocrx_word' id='word_1_656' title='bbox 3231 4317 3524 4390; x_wconf 88' lang='lat' dir='ltr'><strong>sapientes</strong></span> <span class='ocrx_word' id='word_1_657' title='bbox 3549 4309 3810 4374; x_wconf 80' lang='lat' dir='ltr'><strong>serviliter</strong></span> 
     </span>
    </p>
   </div>
   <div class='ocr_carea' id='block_1_91' title="bbox 2204 4403 3808 4484">
    <p class='ocr_par' dir='ltr' id='par_1_91' title="bbox 2204 4403 3808 4484">
     <span class='ocr_line' id='line_1_91' title="bbox 2204 4403 3808 4484; baseline -0.007 -16"><span class='ocrx_word' id='word_1_658' title='bbox 2204 4409 2454 4484; x_wconf 89' lang='lat' dir='ltr'><strong>obsequi,</strong></span> <span class='ocrx_word' id='word_1_659' title='bbox 2485 4408 2686 4466; x_wconf 90' lang='lat' dir='ltr'><strong>stultos</strong></span> <span class='ocrx_word' id='word_1_660' title='bbox 2714 4406 3006 4480; x_wconf 85' lang='lat' dir='ltr'><strong>tyrannica</strong></span> <span class='ocrx_word' id='word_1_661' title='bbox 3043 4405 3282 4462; x_wconf 90' lang='lat' dir='ltr'><strong>elatione</strong></span> <span class='ocrx_word' id='word_1_662' title='bbox 3327 4405 3635 4464; x_wconf 88' lang='lat' dir='ltr'><strong>dominari.</strong></span> <span class='ocrx_word' id='word_1_663' title='bbox 3667 4403 3808 4472; x_wconf 83' lang='lat' dir='ltr'><strong>Quo-</strong></span> 
     </span>
    </p>
   </div>
   <div class='ocr_carea' id='block_1_92' title="bbox 491 4486 3808 4602">
    <p class='ocr_par' dir='ltr' id='par_1_92' title="bbox 491 4486 3808 4602">
     <span class='ocr_line' id='line_1_92' title="bbox 491 4486 3808 4602; baseline -0.007 -36"><span class='ocrx_word' id='word_1_664' title='bbox 491 4507 596 4602; x_wconf 80' lang='lat' dir='ltr'><strong>Job</strong></span> <span class='ocrx_word' id='word_1_665' title='bbox 623 4507 692 4602; x_wconf 80' lang='lat' dir='ltr'><strong>de</strong></span> <span class='ocrx_word' id='word_1_666' title='bbox 721 4486 981 4602; x_wconf 80' lang='lat' dir='ltr'><strong>malignis</strong></span> <span class='ocrx_word' id='word_1_667' title='bbox 1009 4505 1318 4602; x_wconf 52' lang='lat' dir='ltr'><strong>spiritibus,</strong></span> <span class='ocrx_word' id='word_1_668' title='bbox 1350 4505 1611 4602; x_wconf 76' lang='lat' dir='ltr'><strong>videlicet</strong></span> <span class='ocrx_word' id='word_1_669' title='bbox 1637 4505 1890 4566; x_wconf 90' lang='lat' dir='ltr'><strong>hostibus</strong></span> <span class='ocrx_word' id='word_1_670' title='bbox 1917 4509 2096 4567; x_wconf 79' lang='lat' dir='ltr'><strong>occul-</strong></span> <span class='ocrx_word' id='word_1_671' title='bbox 2125 4541 2174 4602; x_wconf 69' lang='grc' dir='ltr'>Β</span> <span class='ocrx_word' id='word_1_672' title='bbox 2208 4499 2374 4602; x_wconf 68' lang='lat' dir='ltr'><strong>modo</strong></span> <span class='ocrx_word' id='word_1_673' title='bbox 2417 4497 2585 4601; x_wconf 74' lang='lat' dir='ltr'><strong>igitur</strong></span> <span class='ocrx_word' id='word_1_674' title='bbox 2619 4496 2944 4602; x_wconf 72' lang='lat' dir='ltr'><strong>deﬁnitione</strong></span> <span class='ocrx_word' id='word_1_675' title='bbox 2973 4497 2995 4532; x_wconf 80' lang='grc'>⁰</span> <span class='ocrx_word' id='word_1_676' title='bbox 3022 4493 3228 4602; x_wconf 63' lang='lat' dir='ltr'><strong>divinae</strong></span> <span class='ocrx_word' id='word_1_677' title='bbox 3259 4495 3559 4598; x_wconf 68' lang='lat' dir='ltr'><strong>sententias</strong></span> <span class='ocrx_word' id='word_1_678' title='bbox 3589 4486 3808 4602; x_wconf 64' lang='lat' dir='ltr'><strong>sapienti</strong></span> 
     </span>
    </p>
   </div>
   <div class='ocr_carea' id='block_1_93' title="bbox 491 4595 2094 4675">
    <p class='ocr_par' dir='ltr' id='par_1_93' title="bbox 491 4595 2094 4675">
     <span class='ocr_line' id='line_1_93' title="bbox 491 4595 2094 4675; baseline 0.001 -19"><span class='ocrx_word' id='word_1_679' title='bbox 491 4599 594 4668; x_wconf 90' lang='lat' dir='ltr'><strong>tis;</strong></span> <span class='ocrx_word' id='word_1_680' title='bbox 627 4597 777 4658; x_wconf 90' lang='lat' dir='ltr'><strong>dicat</strong></span> <span class='ocrx_word' id='word_1_681' title='bbox 794 4597 1052 4656; x_wconf 88' lang='lat' dir='ltr'><strong>universa</strong></span> <span class='ocrx_word' id='word_1_682' title='bbox 1069 4597 1318 4657; x_wconf 89' lang='lat' dir='ltr'><strong>Ecclesia</strong></span> <span class='ocrx_word' id='word_1_683' title='bbox 1339 4595 1408 4655; x_wconf 92' lang='lat' dir='ltr'><strong>de</strong></span> <span class='ocrx_word' id='word_1_684' title='bbox 1421 4597 1607 4671; x_wconf 87' lang='lat' dir='ltr'><strong>pravis</strong></span> <span class='ocrx_word' id='word_1_685' title='bbox 1619 4599 2094 4675; x_wconf 86' lang='lat' dir='ltr'><strong>persequentibus,</strong></span> 
     </span>
    </p>
   </div>
   <div class='ocr_carea' id='block_1_94' title="bbox 488 4687 2096 4766">
    <p class='ocr_par' dir='ltr' id='par_1_94' title="bbox 488 4687 2096 4766">
     <span class='ocr_line' id='line_1_94' title="bbox 488 4687 2096 4766; baseline -0.001 -18"><span class='ocrx_word' id='word_1_686' title='bbox 488 4687 702 4748; x_wconf 84' lang='lat' dir='ltr'><strong>scilicet</strong></span> <span class='ocrx_word' id='word_1_687' title='bbox 728 4687 1059 4748; x_wconf 88' lang='lat' dir='ltr'><strong>adversariis</strong></span> <span class='ocrx_word' id='word_1_688' title='bbox 1085 4687 1310 4763; x_wconf 89' lang='lat' dir='ltr'><strong>apertis.</strong></span> <span class='ocrx_word' id='word_1_689' title='bbox 1360 4688 1472 4764; x_wconf 88' lang='lat' dir='ltr'><strong>lpsi</strong></span> <span class='ocrx_word' id='word_1_690' title='bbox 1511 4688 1712 4766; x_wconf 88' lang='lat' dir='ltr'><strong>quippe</strong></span> <span class='ocrx_word' id='word_1_691' title='bbox 1748 4688 1869 4765; x_wconf 87' lang='lat' dir='ltr'><strong>ejus</strong></span> <span class='ocrx_word' id='word_1_692' title='bbox 1893 4689 2096 4748; x_wconf 88' lang='lat' dir='ltr'><strong>itinera</strong></span> 
     </span>
    </p>
   </div>
   <div class='ocr_carea' id='block_1_95' title="bbox 560 4921 2088 4992">
    <p class='ocr_par' dir='ltr' id='par_1_95' title="bbox 560 4921 2088 4992">
     <span class='ocr_line' id='line_1_95' title="bbox 560 4921 2088 4992; baseline 0 -13"><span class='ocrx_word' id='word_1_693' title='bbox 560 4923 576 4958; x_wconf 85' lang='grc'>¹</span> <span class='ocrx_word' id='word_1_694' title='bbox 609 4921 766 4980; x_wconf 87' lang='lat' dir='ltr'><strong>Editi</strong></span> <span class='ocrx_word' id='word_1_695' title='bbox 808 4929 1044 4992; x_wconf 90' lang='lat' dir='ltr'><strong>recent.,</strong></span> <span class='ocrx_word' id='word_1_696' title='bbox 1083 4927 1283 4978; x_wconf 65' lang='lat' dir='ltr'><strong>nostra:</strong></span> <span class='ocrx_word' id='word_1_697' title='bbox 1317 4921 1562 4992; x_wconf 74' lang='lat' dir='ltr'><strong>justitite.</strong></span> <span class='ocrx_word' id='word_1_698' title='bbox 1614 4923 1640 4978; x_wconf 91' lang='grc'><strong>1</strong></span> <span class='ocrx_word' id='word_1_699' title='bbox 1674 4921 1848 4979; x_wconf 88' lang='lat' dir='ltr'><strong>Laud.</strong></span> <span class='ocrx_word' id='word_1_700' title='bbox 1882 4930 1937 4978; x_wconf 89' lang='lat' dir='ltr'><strong>et</strong></span> <span class='ocrx_word' id='word_1_701' title='bbox 1963 4921 2088 4980; x_wconf 85' lang='lat' dir='ltr'><strong>Val.</strong></span> 
     </span>
    </p>
   </div>
   <div class='ocr_carea' id='block_1_96' title="bbox 485 4993 2086 5066">
    <p class='ocr_par' dir='ltr' id='par_1_96' title="bbox 485 4993 2086 5066">
     <span class='ocr_line' id='line_1_96' title="bbox 485 4993 2086 5066; baseline -0.001 -14"><span class='ocrx_word' id='word_1_702' title='bbox 485 4993 595 5066; x_wconf 91' lang='lat' dir='ltr'><strong>Cl.,</strong></span> <span class='ocrx_word' id='word_1_703' title='bbox 641 4993 814 5066; x_wconf 85' lang='lat' dir='ltr'><strong>cujus_</strong></span> <span class='ocrx_word' id='word_1_704' title='bbox 831 4993 1047 5066; x_wconf 79' lang='lat' dir='ltr'><strong>justitia</strong></span> <span class='ocrx_word' id='word_1_705' title='bbox 1074 5011 1186 5051; x_wconf 88' lang='lat' dir='ltr'><strong>nox</strong></span> <span class='ocrx_word' id='word_1_706' title='bbox 1212 4993 1820 5066; x_wconf 42' lang='lat' dir='ltr'><strong>illustraturLomissis</strong></span> <span class='ocrx_word' id='word_1_707' title='bbox 1853 4993 2086 5066; x_wconf 54' lang='lat' dir='ltr'><strong>caeteris.</strong></span> 
     </span>
    </p>
   </div>
   <div class='ocr_carea' id='block_1_97' title="bbox 484 5063 2093 5139">
    <p class='ocr_par' dir='ltr' id='par_1_97' title="bbox 484 5063 2093 5139">
     <span class='ocr_line' id='line_1_97' title="bbox 484 5063 2093 5139; baseline -0.001 -17"><span class='ocrx_word' id='word_1_708' title='bbox 484 5063 641 5139; x_wconf 74' lang='lat' dir='ltr'><strong>Alter</strong></span> <span class='ocrx_word' id='word_1_709' title='bbox 667 5063 1062 5139; x_wconf 21' lang='lat' dir='ltr'><strong>Laudédeﬁcij</strong></span> <span class='ocrx_word' id='word_1_710' title='bbox 1090 5081 1262 5139; x_wconf 78' lang='lat' dir='ltr'><strong>usque</strong></span> <span class='ocrx_word' id='word_1_711' title='bbox 1288 5064 1357 5120; x_wconf 89' lang='lat' dir='ltr'><strong>ad</strong></span> <span class='ocrx_word' id='word_1_712' title='bbox 1387 5080 1505 5120; x_wconf 86' lang='lat' dir='ltr'><strong>xxx</strong></span> <span class='ocrx_word' id='word_1_713' title='bbox 1535 5063 1739 5139; x_wconf 73' lang='lat' dir='ltr'><strong>librum</strong></span> <span class='ocrx_word' id='word_1_714' title='bbox 1767 5065 1960 5123; x_wconf 76' lang='lat' dir='ltr'><strong>Morel.</strong></span> <span class='ocrx_word' id='word_1_715' title='bbox 1985 5065 2093 5121; x_wconf 90' lang='lat' dir='ltr'><strong>Se-</strong></span> 
     </span>
    </p>
   </div>
   <div class='ocr_carea' id='block_1_98' title="bbox 485 5134 2090 5206">
    <p class='ocr_par' dir='ltr' id='par_1_98' title="bbox 485 5134 2090 5206">
     <span class='ocr_line' id='line_1_98' title="bbox 485 5134 2090 5206; baseline 0 -13"><span class='ocrx_word' id='word_1_716' title='bbox 485 5137 602 5193; x_wconf 90' lang='lat' dir='ltr'><strong>cuti</strong></span> <span class='ocrx_word' id='word_1_717' title='bbox 631 5153 824 5194; x_wconf 89' lang='lat' dir='ltr'><strong>sumus</strong></span> <span class='ocrx_word' id='word_1_718' title='bbox 848 5137 979 5194; x_wconf 86' lang='lat' dir='ltr'><strong>Mss.</strong></span> <span class='ocrx_word' id='word_1_719' title='bbox 1013 5134 1191 5195; x_wconf 55' lang='lat' dir='ltr'><strong>Corb.&quot;</strong></span> <span class='ocrx_word' id='word_1_720' title='bbox 1209 5137 1420 5204; x_wconf 90' lang='lat' dir='ltr'><strong>Germ.,</strong></span> <span class='ocrx_word' id='word_1_721' title='bbox 1450 5134 1829 5206; x_wconf 83' lang='lat' dir='ltr'><strong>Anglic.,uno</strong></span> <span class='ocrx_word' id='word_1_722' title='bbox 1868 5143 2090 5193; x_wconf 90' lang='lat' dir='ltr'><strong>tantum</strong></span> 
     </span>
    </p>
   </div>
   <div class='ocr_carea' id='block_1_99' title="bbox 486 5207 2091 5278">
    <p class='ocr_par' dir='ltr' id='par_1_99' title="bbox 486 5207 2091 5278">
     <span class='ocr_line' id='line_1_99' title="bbox 486 5207 2091 5278; baseline 0.001 -16"><span class='ocrx_word' id='word_1_723' title='bbox 486 5213 738 5278; x_wconf 76' lang='lat' dir='ltr'><strong>excepto,</strong></span> <span class='ocrx_word' id='word_1_724' title='bbox 750 5209 1018 5278; x_wconf 76' lang='lat' dir='ltr'><strong>Norman.</strong></span> <span class='ocrx_word' id='word_1_725' title='bbox 1038 5207 1654 5276; x_wconf 87' lang='lat' dir='ltr'><strong>omnes,Turonensem,</strong></span> <span class='ocrx_word' id='word_1_726' title='bbox 1673 5207 1860 5264; x_wconf 89' lang='lat' dir='ltr'><strong>Germ.</strong></span> <span class='ocrx_word' id='word_1_727' title='bbox 1878 5215 1934 5264; x_wconf 91' lang='lat' dir='ltr'><strong>et</strong></span> <span class='ocrx_word' id='word_1_728' title='bbox 1951 5208 2091 5265; x_wconf 90' lang='lat' dir='ltr'><strong>alios</strong></span> 
     </span>
    </p>
   </div>
   <div class='ocr_carea' id='block_1_100' title="bbox 524 5277 2084 5345">
    <p class='ocr_par' dir='ltr' id='par_1_100' title="bbox 524 5277 2084 5345">
     <span class='ocr_line' id='line_1_100' title="bbox 524 5277 2084 5345; baseline 0.003 -14"><span class='ocrx_word' id='word_1_729' title='bbox 524 5277 661 5345; x_wconf 78' lang='lat' dir='ltr'><strong>lur.,</strong></span> <span class='ocrx_word' id='word_1_730' title='bbox 698 5277 768 5333; x_wconf 89' lang='lat' dir='ltr'><strong>ad</strong></span> <span class='ocrx_word' id='word_1_731' title='bbox 815 5294 952 5345; x_wconf 90' lang='lat' dir='ltr'><strong>quos</strong></span> <span class='ocrx_word' id='word_1_732' title='bbox 979 5279 1136 5337; x_wconf 65' lang='lat' dir='ltr'><strong>facta</strong></span> <span class='ocrx_word' id='word_1_733' title='bbox 1164 5286 1296 5334; x_wconf 90' lang='lat' dir='ltr'><strong>sunt</strong></span> <span class='ocrx_word' id='word_1_734' title='bbox 1321 5285 1534 5334; x_wconf 90' lang='lat' dir='ltr'><strong>veteres</strong></span> <span class='ocrx_word' id='word_1_735' title='bbox 1561 5294 1752 5334; x_wconf 89' lang='lat' dir='ltr'><strong>omnes</strong></span> <span class='ocrx_word' id='word_1_736' title='bbox 1777 5278 2084 5336; x_wconf 87' lang='lat' dir='ltr'><strong>Editiones.</strong></span> 
     </span>
    </p>
   </div>
   <div class='ocr_carea' id='block_1_101' title="bbox 536 5347 2052 5490">
    <p class='ocr_par' dir='ltr' id='par_1_101' title="bbox 536 5347 2052 5490">
     <span class='ocr_line' id='line_1_101' title="bbox 536 5347 1756 5473; baseline 0.002 -70"><span class='ocrx_word' id='word_1_737' title='bbox 536 5347 787 5473; x_wconf 53' lang='lat' dir='ltr'><strong>tic.,dpro</strong></span> <span class='ocrx_word' id='word_1_738' title='bbox 814 5347 1145 5418; x_wconf 83' lang='lat' dir='ltr'><strong>illustratur,</strong></span> <span class='ocrx_word' id='word_1_739' title='bbox 1175 5349 1340 5432; x_wconf 76' lang='lat' dir='ltr'><strong>habet</strong></span> <span class='ocrx_word' id='word_1_740' title='bbox 1369 5347 1756 5432; x_wconf 60' lang='grc' dir='ltr'><strong>ἱὶιαηιίηαιριν.⁸</strong></span> 
     </span>
     <span class='ocr_line' id='line_1_102' title="bbox 612 5418 2052 5490; baseline 0.004 -18"><span class='ocrx_word' id='word_1_741' title='bbox 612 5418 657 5473; x_wconf 86' lang='grc' dir='ltr'><strong>Ιι</strong></span> <span class='ocrx_word' id='word_1_742' title='bbox 694 5433 784 5490; x_wconf 60' lang='grc' dir='ltr'><strong>ξπι</strong></span> <span class='ocrx_word' id='word_1_743' title='bbox 809 5426 1011 5490; x_wconf 79' lang='lat' dir='ltr'><strong>poster.</strong></span> <span class='ocrx_word' id='word_1_744' title='bbox 1042 5421 1172 5488; x_wconf 86' lang='lat' dir='ltr'><strong>Ed.,</strong></span> <span class='ocrx_word' id='word_1_745' title='bbox 1209 5427 1376 5490; x_wconf 75' lang='lat' dir='ltr'><strong>Juxta</strong></span> <span class='ocrx_word' id='word_1_746' title='bbox 1403 5438 1563 5490; x_wconf 89' lang='lat' dir='ltr'><strong>quam</strong></span> <span class='ocrx_word' id='word_1_747' title='bbox 1593 5421 1832 5478; x_wconf 74' lang='lat' dir='ltr'><strong>videlicet</strong></span> <span class='ocrx_word' id='word_1_748' title='bbox 1857 5421 2052 5478; x_wconf 87' lang='lat' dir='ltr'><strong>calami</strong></span> 
     </span>
    </p>
   </div>
   <div class='ocr_carea' id='block_1_102' title="bbox 461 5465 2086 5569">
    <p class='ocr_par' dir='ltr' id='par_1_102' title="bbox 461 5465 2086 5569">
     <span class='ocr_line' id='line_1_103' title="bbox 461 5465 2086 5569; baseline 0.009 -28"><span class='ocrx_word' id='word_1_749' title='bbox 461 5465 1375 5569; x_wconf 50' lang='lat' dir='ltr'><strong>.emissis;iussurus;</strong></span> <span class='ocrx_word' id='word_1_750' title='bbox 1391 5465 1563 5569; x_wconf 60' lang='lat'><strong>(35:13&quot;:</strong></span> <span class='ocrx_word' id='word_1_751' title='bbox 1587 5465 2086 5569; x_wconf 54' lang='grc' dir='ltr'><strong>ῥὲῗιὶἰῖῖἴῶίῖὂὲζ,</strong></span> 
     </span>
    </p>
   </div>
   <div class='ocr_carea' id='block_1_103' title="bbox 487 5559 2091 5686">
    <p class='ocr_par' dir='ltr' id='par_1_103' title="bbox 487 5559 2091 5686">
     <span class='ocr_line' id='line_1_104' title="bbox 487 5559 2091 5686; baseline 0.004 -72"><span class='ocrx_word' id='word_1_752' title='bbox 487 5559 787 5686; x_wconf 53' lang='grc' dir='ltr'><strong>ξὲιῐιςὲηἙα</strong></span> <span class='ocrx_word' id='word_1_753' title='bbox 829 5559 1066 5640; x_wconf 78' lang='lat' dir='ltr'><strong>aliorum</strong></span> <span class='ocrx_word' id='word_1_754' title='bbox 1113 5577 1278 5633; x_wconf 89' lang='lat' dir='ltr'><strong>supra</strong></span> <span class='ocrx_word' id='word_1_755' title='bbox 1303 5563 1478 5633; x_wconf 90' lang='lat' dir='ltr'><strong>laud.,</strong></span> <span class='ocrx_word' id='word_1_756' title='bbox 1509 5562 1710 5637; x_wconf 88' lang='lat' dir='ltr'><strong>quibus</strong></span> <span class='ocrx_word' id='word_1_757' title='bbox 1735 5559 2091 5620; x_wconf 74' lang='lat' dir='ltr'><strong>censentiun&#39;t</strong></span> 
     </span>
     <span class='ocr_line' id='line_1_105' title="bbox 587 5646 928 5686; baseline 0 0"><span class='ocrx_word' id='word_1_758' title='bbox 587 5648 604 5686; x_wconf 88' lang='grc' dir='ltr'><strong>ι</strong></span> <span class='ocrx_word' id='word_1_759' title='bbox 651 5673 664 5686; x_wconf 93' lang='grc'><strong>.</strong></span> <span class='ocrx_word' id='word_1_760' title='bbox 747 5646 928 5686; x_wconf 78' lang='lat' dir='ltr'><strong>xcusl.</strong></span> 
     </span>
    </p>
   </div>
   <div class='ocr_carea' id='block_1_104' title="bbox 487 5638 2092 5830">
    <p class='ocr_par' dir='ltr' id='par_1_104' title="bbox 487 5638 2092 5830">
     <span class='ocr_line' id='line_1_106' title="bbox 487 5638 928 5760; baseline 0 -74"><span class='ocrx_word' id='word_1_761' title='bbox 487 5638 664 5760; x_wconf 49' lang='lat' dir='ltr'><strong>antiq:</strong></span> <span class='ocrx_word' id='word_1_762' title='bbox 697 5638 928 5688; x_wconf 73' lang='grc' dir='ltr'><strong>Εχαιιει.</strong></span> 
     </span>
     <span class='ocr_line' id='line_1_107' title="bbox 488 5700 2092 5830; baseline -0.001 -68"><span class='ocrx_word' id='word_1_763' title='bbox 488 5703 616 5830; x_wconf 56' lang='grc' dir='ltr'><strong>ᾶοέθ</strong></span> <span class='ocrx_word' id='word_1_764' title='bbox 659 5717 822 5761; x_wconf 91' lang='lat' dir='ltr'><strong>uron.</strong></span> <span class='ocrx_word' id='word_1_765' title='bbox 853 5707 909 5760; x_wconf 89' lang='lat' dir='ltr'><strong>et</strong></span> <span class='ocrx_word' id='word_1_766' title='bbox 940 5700 1084 5776; x_wconf 89' lang='lat' dir='ltr'><strong>plur.</strong></span> <span class='ocrx_word' id='word_1_767' title='bbox 1115 5702 1330 5775; x_wconf 86' lang='lat' dir='ltr'><strong>Norm.,</strong></span> <span class='ocrx_word' id='word_1_768' title='bbox 1357 5703 1556 5764; x_wconf 86' lang='lat' dir='ltr'><strong>semitis</strong></span> <span class='ocrx_word' id='word_1_769' title='bbox 1590 5704 1760 5773; x_wconf 85' lang='lat' dir='ltr'><strong>meis;</strong></span> <span class='ocrx_word' id='word_1_770' title='bbox 1785 5701 1883 5764; x_wconf 87' lang='lat' dir='ltr'><strong>sed</strong></span> <span class='ocrx_word' id='word_1_771' title='bbox 1924 5717 2092 5761; x_wconf 88' lang='lat' dir='ltr'><strong>men-</strong></span> 
     </span>
    </p>
   </div>
   <div class='ocr_carea' id='block_1_105' title="bbox 526 5791 636 5830">
    <p class='ocr_par' dir='ltr' id='par_1_105' title="bbox 526 5791 636 5830">
     <span class='ocr_line' id='line_1_108' title="bbox 526 5791 636 5830; baseline 0.009 -1"><span class='ocrx_word' id='word_1_772' title='bbox 526 5791 636 5830; x_wconf 72' lang='lat'><strong>088.</strong></span> 
     </span>
    </p>
   </div>
   <div class='ocr_carea' id='block_1_106' title="bbox 2202 4579 3806 4660">
    <p class='ocr_par' dir='ltr' id='par_1_106' title="bbox 2202 4579 3806 4660">
     <span class='ocr_line' id='line_1_109' title="bbox 2202 4579 3806 4660; baseline -0.008 -11"><span class='ocrx_word' id='word_1_773' title='bbox 2202 4590 2407 4649; x_wconf 88' lang='lat' dir='ltr'><strong>stultus</strong></span> <span class='ocrx_word' id='word_1_774' title='bbox 2433 4587 2624 4659; x_wconf 88' lang='lat' dir='ltr'><strong>servit,</strong></span> <span class='ocrx_word' id='word_1_775' title='bbox 2655 4587 2790 4646; x_wconf 89' lang='lat' dir='ltr'><strong>dum</strong></span> <span class='ocrx_word' id='word_1_776' title='bbox 2818 4587 3142 4660; x_wconf 89' lang='lat' dir='ltr'><strong>plerumque</strong></span> <span class='ocrx_word' id='word_1_777' title='bbox 3161 4585 3316 4645; x_wconf 85' lang='lat' dir='ltr'><strong>hunc</strong></span> <span class='ocrx_word' id='word_1_778' title='bbox 3327 4586 3465 4660; x_wconf 87' lang='lat' dir='ltr'><strong>jure</strong></span> <span class='ocrx_word' id='word_1_779' title='bbox 3493 4579 3806 4660; x_wconf 83' lang='lat' dir='ltr'><strong>temporalia</strong></span> 
     </span>
    </p>
   </div>
   <div class='ocr_carea' id='block_1_107' title="bbox 2202 4674 3808 4753">
    <p class='ocr_par' dir='ltr' id='par_1_107' title="bbox 2202 4674 3808 4753">
     <span class='ocr_line' id='line_1_110' title="bbox 2202 4674 3808 4753; baseline -0.006 -15"><span class='ocrx_word' id='word_1_780' title='bbox 2202 4678 2438 4739; x_wconf 89' lang='lat' dir='ltr'><strong>dominii</strong></span> <span class='ocrx_word' id='word_1_781' title='bbox 2465 4675 2827 4752; x_wconf 79' lang='lat' dir='ltr'><strong>comprimit?</strong></span> <span class='ocrx_word' id='word_1_782' title='bbox 2864 4674 2972 4734; x_wconf 89' lang='lat' dir='ltr'><strong>Sed</strong></span> <span class='ocrx_word' id='word_1_783' title='bbox 3017 4674 3310 4735; x_wconf 88' lang='lat' dir='ltr'><strong>sciendum</strong></span> <span class='ocrx_word' id='word_1_784' title='bbox 3345 4683 3436 4735; x_wconf 89' lang='lat' dir='ltr'><strong>est</strong></span> <span class='ocrx_word' id='word_1_785' title='bbox 3470 4677 3607 4753; x_wconf 84' lang='lat' dir='ltr'><strong>quia</strong></span> <span class='ocrx_word' id='word_1_786' title='bbox 3633 4678 3808 4736; x_wconf 83' lang='lat' dir='ltr'><strong>contra</strong></span> 
     </span>
    </p>
   </div>
   <div class='ocr_carea' id='block_1_108' title="bbox 2275 4907 3807 4987">
    <p class='ocr_par' dir='ltr' id='par_1_108' title="bbox 2275 4907 3807 4987">
     <span class='ocr_line' id='line_1_111' title="bbox 2275 4907 3807 4987; baseline -0.002 -10"><span class='ocrx_word' id='word_1_787' title='bbox 2275 4919 2298 4955; x_wconf 72' lang='grc'><strong><em>³</em></strong></span> <span class='ocrx_word' id='word_1_788' title='bbox 2324 4918 2542 4987; x_wconf 88' lang='lat' dir='ltr'><strong>Norm.,</strong></span> <span class='ocrx_word' id='word_1_789' title='bbox 2570 4913 2733 4975; x_wconf 89' lang='lat' dir='ltr'><strong>Corb.</strong></span> <span class='ocrx_word' id='word_1_790' title='bbox 2766 4912 2978 4986; x_wconf 88' lang='lat' dir='ltr'><strong>Germ.,</strong></span> <span class='ocrx_word' id='word_1_791' title='bbox 3007 4913 3133 4976; x_wconf 81' lang='lat' dir='ltr'><strong>Val.</strong></span> <span class='ocrx_word' id='word_1_792' title='bbox 3164 4914 3276 4987; x_wconf 81' lang='lat' dir='ltr'><strong>CL,</strong></span> <span class='ocrx_word' id='word_1_793' title='bbox 3308 4916 3507 4976; x_wconf 88' lang='lat' dir='ltr'><strong>Germ.</strong></span> <span class='ocrx_word' id='word_1_794' title='bbox 3541 4924 3597 4976; x_wconf 91' lang='lat' dir='ltr'><strong>et</strong></span> <span class='ocrx_word' id='word_1_795' title='bbox 3624 4907 3807 4974; x_wconf 46' lang='lat' dir='ltr'><strong>Lauda</strong></span> 
     </span>
    </p>
   </div>
   <div class='ocr_carea' id='block_1_109' title="bbox 2201 4989 2505 5047">
    <p class='ocr_par' dir='ltr' id='par_1_109' title="bbox 2201 4989 2505 5047">
     <span class='ocr_line' id='line_1_112' title="bbox 2201 4989 2505 5047; baseline 0.003 -1"><span class='ocrx_word' id='word_1_796' title='bbox 2201 4989 2505 5047; x_wconf 85' lang='lat' dir='ltr'><strong>deviantur.</strong></span> 
     </span>
    </p>
   </div>
   <div class='ocr_carea' id='block_1_110' title="bbox 2271 5059 2942 5132">
    <p class='ocr_par' dir='ltr' id='par_1_110' title="bbox 2271 5059 2942 5132">
     <span class='ocr_line' id='line_1_113' title="bbox 2271 5059 2942 5132; baseline -0.003 -11"><span class='ocrx_word' id='word_1_797' title='bbox 2271 5064 2294 5099; x_wconf 78' lang='grc'><strong><em>⁸</em></strong></span> <span class='ocrx_word' id='word_1_798' title='bbox 2325 5063 2564 5132; x_wconf 90' lang='lat' dir='ltr'><strong>Gemet.,</strong></span> <span class='ocrx_word' id='word_1_799' title='bbox 2593 5059 2792 5117; x_wconf 87' lang='lat' dir='ltr'><strong>itinera</strong></span> <span class='ocrx_word' id='word_1_800' title='bbox 2821 5077 2942 5119; x_wconf 88' lang='lat' dir='ltr'><strong>sua.</strong></span> 
     </span>
    </p>
   </div>
   <div class='ocr_carea' id='block_1_111' title="bbox 2209 5131 3808 5218">
    <p class='ocr_par' dir='ltr' id='par_1_111' title="bbox 2209 5131 3808 5218">
     <span class='ocr_line' id='line_1_114' title="bbox 2209 5131 3808 5218; baseline -0.006 -25"><span class='ocrx_word' id='word_1_801' title='bbox 2209 5205 2220 5218; x_wconf 42' lang='lat'><em>.</em></span> <span class='ocrx_word' id='word_1_802' title='bbox 2272 5135 2388 5218; x_wconf 51' lang='lat' dir='ltr'><strong>{In</strong></span> <span class='ocrx_word' id='word_1_803' title='bbox 2417 5131 2553 5191; x_wconf 83' lang='lat' dir='ltr'><strong>Val.</strong></span> <span class='ocrx_word' id='word_1_804' title='bbox 2573 5131 2901 5217; x_wconf 63' lang='lat' dir='ltr'><strong>Cl.,Germ.,</strong></span> <span class='ocrx_word' id='word_1_805' title='bbox 2929 5133 3144 5202; x_wconf 89' lang='lat' dir='ltr'><strong>Norm.,</strong></span> <span class='ocrx_word' id='word_1_806' title='bbox 3165 5131 3334 5192; x_wconf 87' lang='lat' dir='ltr'><strong>Corb.</strong></span> <span class='ocrx_word' id='word_1_807' title='bbox 3360 5133 3558 5192; x_wconf 87' lang='lat' dir='ltr'><strong>Germ.</strong></span> <span class='ocrx_word' id='word_1_808' title='bbox 3581 5131 3808 5206; x_wconf 89' lang='lat' dir='ltr'><strong>etplur.,</strong></span> 
     </span>
    </p>
   </div>
   <div class='ocr_carea' id='block_1_112' title="bbox 2199 5213 2680 5262">
    <p class='ocr_par' dir='ltr' id='par_1_112' title="bbox 2199 5213 2680 5262">
     <span class='ocr_line' id='line_1_115' title="bbox 2199 5213 2680 5262; baseline -0.002 0"><span class='ocrx_word' id='word_1_809' title='bbox 2199 5213 2257 5262; x_wconf 85' lang='lat' dir='ltr'><strong>in</strong></span> <span class='ocrx_word' id='word_1_810' title='bbox 2288 5213 2334 5262; x_wconf 88' lang='lat' dir='ltr'><strong>te</strong></span> <span class='ocrx_word' id='word_1_811' title='bbox 2365 5221 2540 5261; x_wconf 86' lang='lat' dir='ltr'><strong>omnes</strong></span> <span class='ocrx_word' id='word_1_812' title='bbox 2567 5213 2680 5262; x_wconf 80' lang='lat' dir='ltr'><strong>aui.</strong></span> 
     </span>
    </p>
   </div>
   <div class='ocr_carea' id='block_1_113' title="bbox 2271 5275 3812 5346">
    <p class='ocr_par' dir='ltr' id='par_1_113' title="bbox 2271 5275 3812 5346">
     <span class='ocr_line' id='line_1_116' title="bbox 2271 5275 3812 5346; baseline -0.001 -12"><span class='ocrx_word' id='word_1_813' title='bbox 2271 5279 2292 5313; x_wconf 86' lang='grc'>⁷</span> <span class='ocrx_word' id='word_1_814' title='bbox 2323 5277 2533 5344; x_wconf 90' lang='lat' dir='ltr'><strong>Germ.,</strong></span> <span class='ocrx_word' id='word_1_815' title='bbox 2555 5275 2680 5333; x_wconf 81' lang='lat' dir='ltr'><strong>Val.</strong></span> <span class='ocrx_word' id='word_1_816' title='bbox 2699 5275 2783 5336; x_wconf 90' lang='lat' dir='ltr'><strong>C1.</strong></span> <span class='ocrx_word' id='word_1_817' title='bbox 2807 5285 2862 5334; x_wconf 91' lang='lat' dir='ltr'><strong>et</strong></span> <span class='ocrx_word' id='word_1_818' title='bbox 2881 5277 3025 5346; x_wconf 88' lang='lat' dir='ltr'><strong>plur.</strong></span> <span class='ocrx_word' id='word_1_819' title='bbox 3057 5276 3271 5346; x_wconf 90' lang='lat' dir='ltr'><strong>Norm.,</strong></span> <span class='ocrx_word' id='word_1_820' title='bbox 3311 5277 3598 5337; x_wconf 83' lang='lat' dir='ltr'><strong>inducit...</strong></span> <span class='ocrx_word' id='word_1_821' title='bbox 3621 5291 3812 5334; x_wconf 76' lang='lat' dir='ltr'><strong>excru-</strong></span> 
     </span>
    </p>
   </div>
   <div class='ocr_carea' id='block_1_114' title="bbox 2197 5345 3812 5414">
    <p class='ocr_par' dir='ltr' id='par_1_114' title="bbox 2197 5345 3812 5414">
     <span class='ocr_line' id='line_1_117' title="bbox 2197 5345 3812 5414; baseline -0.003 -10"><span class='ocrx_word' id='word_1_822' title='bbox 2197 5349 2357 5404; x_wconf 72' lang='lat' dir='ltr'><strong>ciabit</strong></span> <span class='ocrx_word' id='word_1_823' title='bbox 2374 5349 2564 5414; x_wconf 85' lang='lat' dir='ltr'><strong>illum;</strong></span> <span class='ocrx_word' id='word_1_824' title='bbox 2582 5354 2734 5404; x_wconf 90' lang='lat' dir='ltr'><strong>totus</strong></span> <span class='ocrx_word' id='word_1_825' title='bbox 2755 5349 2846 5406; x_wconf 89' lang='lat' dir='ltr'><strong>hic</strong></span> <span class='ocrx_word' id='word_1_826' title='bbox 2863 5345 3236 5406; x_wconf 87' lang='lat' dir='ltr'><strong>Ecclesiastici</strong></span> <span class='ocrx_word' id='word_1_827' title='bbox 3259 5358 3571 5408; x_wconf 89' lang='lat' dir='ltr'><strong>contextus</strong></span> <span class='ocrx_word' id='word_1_828' title='bbox 3587 5358 3642 5408; x_wconf 91' lang='lat' dir='ltr'><strong>et</strong></span> <span class='ocrx_word' id='word_1_829' title='bbox 3656 5345 3812 5404; x_wconf 87' lang='lat' dir='ltr'><strong>verba</strong></span> 
     </span>
    </p>
   </div>
   <div class='ocr_carea' id='block_1_115' title="bbox 2197 5415 3813 5503">
    <p class='ocr_par' dir='ltr' id='par_1_115' title="bbox 2197 5415 3813 5503">
     <span class='ocr_line' id='line_1_118' title="bbox 2197 5415 3813 5503; baseline 0.002 -28"><span class='ocrx_word' id='word_1_830' title='bbox 2197 5419 2372 5503; x_wconf 70' lang='lat' dir='ltr'><strong>sancti</strong></span> <span class='ocrx_word' id='word_1_831' title='bbox 2401 5419 2648 5503; x_wconf 75' lang='lat' dir='ltr'><strong>Gregorii</strong></span> <span class='ocrx_word' id='word_1_832' title='bbox 2678 5419 2948 5503; x_wconf 60' lang='lat' dir='ltr'><strong>usquead</strong></span> <span class='ocrx_word' id='word_1_833' title='bbox 2977 5419 3094 5503; x_wconf 55' lang='lat' dir='ltr'><strong>haec</strong></span> <span class='ocrx_word' id='word_1_834' title='bbox 3119 5419 3316 5503; x_wconf 61' lang='lat' dir='ltr'><strong>verba,</strong></span> <span class='ocrx_word' id='word_1_835' title='bbox 3340 5423 3487 5480; x_wconf 86' lang='lat' dir='ltr'><strong>unde</strong></span> <span class='ocrx_word' id='word_1_836' title='bbox 3505 5430 3708 5481; x_wconf 88' lang='lat' dir='ltr'><strong>recte...</strong></span> <span class='ocrx_word' id='word_1_837' title='bbox 3729 5415 3813 5490; x_wconf 68' lang='lat' dir='ltr'><strong>qui</strong></span> 
     </span>
    </p>
   </div>
   <div class='ocr_carea' id='block_1_116' title="bbox 2197 5489 3406 5558">
    <p class='ocr_par' dir='ltr' id='par_1_116' title="bbox 2197 5489 3406 5558">
     <span class='ocr_line' id='line_1_119' title="bbox 2197 5489 3406 5558; baseline 0.002 -11"><span class='ocrx_word' id='word_1_838' title='bbox 2197 5492 2390 5548; x_wconf 85' lang='lat' dir='ltr'><strong>stultus</strong></span> <span class='ocrx_word' id='word_1_839' title='bbox 2417 5489 2735 5558; x_wconf 34' lang='lat' dir='ltr'><strong>est,’desunt</strong></span> <span class='ocrx_word' id='word_1_840' title='bbox 2760 5489 2821 5548; x_wconf 87' lang='lat' dir='ltr'><strong>in</strong></span> <span class='ocrx_word' id='word_1_841' title='bbox 2850 5491 2978 5548; x_wconf 85' lang='lat' dir='ltr'><strong>Mss.</strong></span> <span class='ocrx_word' id='word_1_842' title='bbox 3012 5489 3177 5546; x_wconf 90' lang='lat' dir='ltr'><strong>Corb.</strong></span> <span class='ocrx_word' id='word_1_843' title='bbox 3210 5490 3406 5550; x_wconf 89' lang='lat' dir='ltr'><strong>Germ.</strong></span> 
     </span>
    </p>
   </div>
   <div class='ocr_carea' id='block_1_117' title="bbox 2271 5559 3812 5636">
    <p class='ocr_par' dir='ltr' id='par_1_117' title="bbox 2271 5559 3812 5636">
     <span class='ocr_line' id='line_1_120' title="bbox 2271 5559 3812 5636; baseline 0.005 -17"><span class='ocrx_word' id='word_1_844' title='bbox 2271 5563 2292 5597; x_wconf 80' lang='grc'>⁸</span> <span class='ocrx_word' id='word_1_845' title='bbox 2323 5564 2405 5619; x_wconf 89' lang='lat' dir='ltr'><strong>Ita</strong></span> <span class='ocrx_word' id='word_1_846' title='bbox 2420 5562 2656 5636; x_wconf 55' lang='lat' dir='ltr'><strong>Germ.,</strong></span> <span class='ocrx_word' id='word_1_847' title='bbox 2703 5563 2942 5636; x_wconf 83' lang='lat' dir='ltr'><strong>Bellov.,</strong></span> <span class='ocrx_word' id='word_1_848' title='bbox 2985 5560 3251 5636; x_wconf 81' lang='lat' dir='ltr'><strong>Vindoc.,</strong></span> <span class='ocrx_word' id='word_1_849' title='bbox 3299 5561 3514 5636; x_wconf 88' lang='lat' dir='ltr'><strong>Laud.,</strong></span> <span class='ocrx_word' id='word_1_850' title='bbox 3546 5564 3673 5623; x_wconf 84' lang='lat' dir='ltr'><strong>Val.</strong></span> <span class='ocrx_word' id='word_1_851' title='bbox 3710 5559 3812 5636; x_wconf 54' lang='lat' dir='ltr'><strong>Cl»</strong></span> 
     </span>
    </p>
   </div>
   <div class='ocr_carea' id='block_1_118' title="bbox 2195 5632 3816 5764">
    <p class='ocr_par' dir='ltr' id='par_1_118' title="bbox 2195 5632 3816 5764">
     <span class='ocr_line' id='line_1_121' title="bbox 2195 5632 3816 5764; baseline -0.003 -74"><span class='ocrx_word' id='word_1_852' title='bbox 2195 5635 2387 5764; x_wconf 39' lang='lat' dir='ltr'><strong>£22m.</strong></span> <span class='ocrx_word' id='word_1_853' title='bbox 2418 5633 2572 5690; x_wconf 88' lang='lat' dir='ltr'><strong>Editi</strong></span> <span class='ocrx_word' id='word_1_854' title='bbox 2599 5649 2753 5704; x_wconf 88' lang='lat' dir='ltr'><strong>vero,</strong></span> <span class='ocrx_word' id='word_1_855' title='bbox 2782 5633 3038 5690; x_wconf 85' lang='lat' dir='ltr'><strong>adversus</strong></span> <span class='ocrx_word' id='word_1_856' title='bbox 3066 5633 3225 5689; x_wconf 90' lang='lat' dir='ltr'><strong>bonos</strong></span> <span class='ocrx_word' id='word_1_857' title='bbox 3254 5649 3348 5688; x_wconf 88' lang='lat' dir='ltr'><strong>eos</strong></span> <span class='ocrx_word' id='word_1_858' title='bbox 3378 5632 3574 5693; x_wconf 70' lang='lat' dir='ltr'><strong>saevire</strong></span> <span class='ocrx_word' id='word_1_859' title='bbox 3596 5632 3816 5710; x_wconf 75' lang='lat' dir='ltr'><strong>permit-</strong></span> 
     </span>
     <span class='ocr_line' id='line_1_122' title="bbox 2279 5722 2344 5762; baseline 0 0"><span class='ocrx_word' id='word_1_860' title='bbox 2279 5722 2304 5762; x_wconf 88' lang='lat' dir='ltr'><strong>e</strong></span> <span class='ocrx_word' id='word_1_861' title='bbox 2333 5750 2344 5762; x_wconf 95' lang='lat'><strong>.</strong></span> 
     </span>
    </p>
   </div>
   <div class='ocr_carea' id='block_1_119' title="bbox 2279 5722 2344 5762">
    <p class='ocr_par' dir='ltr' id='par_1_119' title="bbox 2279 5722 2344 5762">
     <span class='ocr_line' id='line_1_123' title="bbox 2279 5722 2344 5762; baseline 0 0"><span class='ocrx_word' id='word_1_862' title='bbox 2279 5722 2344 5762; x_wconf 80' lang='grc' dir='ltr'><strong>ει.</strong></span> 
     </span>
    </p>
   </div>
   <div class='ocr_carea' id='block_1_120' title="bbox 2271 5774 3613 5852">
    <p class='ocr_par' dir='ltr' id='par_1_120' title="bbox 2271 5774 3613 5852">
     <span class='ocr_line' id='line_1_124' title="bbox 2271 5774 3613 5852; baseline 0.004 -18"><span class='ocrx_word' id='word_1_863' title='bbox 2271 5779 2292 5814; x_wconf 82' lang='grc'><strong>⁹</strong></span> <span class='ocrx_word' id='word_1_864' title='bbox 2320 5775 2570 5849; x_wconf 87' lang='lat' dir='ltr'><strong>Ebroic.,</strong></span> <span class='ocrx_word' id='word_1_865' title='bbox 2601 5777 2812 5836; x_wconf 87' lang='lat' dir='ltr'><strong>Gemet.</strong></span> <span class='ocrx_word' id='word_1_866' title='bbox 2844 5785 2899 5836; x_wconf 87' lang='lat' dir='ltr'><strong>et</strong></span> <span class='ocrx_word' id='word_1_867' title='bbox 2926 5775 3046 5846; x_wconf 89' lang='lat' dir='ltr'><strong>alii,</strong></span> <span class='ocrx_word' id='word_1_868' title='bbox 3075 5774 3275 5837; x_wconf 71' lang='lat' dir='ltr'><strong>divina!</strong></span> <span class='ocrx_word' id='word_1_869' title='bbox 3303 5780 3613 5852; x_wconf 70' lang='lat' dir='ltr'><strong>sapientia.</strong></span> 
     </span>
    </p>
   </div>
  </div>
