3946 6366
164 252 252 377 ,ss
610 376 637 393 Ι
688 295 697 305 ’
953 301 1327 365 MORALlUM
1365 305 1499 385 LIB.
1539 305 1649 366 xx
1686 336 1759 356 —
1793 310 1869 373 IN
1907 314 2136 375 CAPUT
2174 319 2335 379 xxx
2378 326 2437 380 Β.
2481 328 2623 386 me.

3356 343 3459 399 170

161 427 397 503 sapientis
424 426 620 497 vitam,
649 427 784 487 dum
832 431 1035 491 stultus
1081 437 1448 508 praeminens
1475 448 1743 500 terrorem
1776 444 1830 506 A
1859 446 2003 503 mala
2032 448 2092 505 in
2131 416 2335 523 quibus
2362 451 2479 524 jam
2518 455 2626 527 ipsi
2673 456 2943 531 implicati
2976 474 3107 523 sunt
3137 468 3303 526 etiam
3323 485 3463 543 quos

161 516 414 543 ..λοηηιηοειι
440 526 654 543 ,φλ---.ι
714 519 835 543 J__-
873 522 1011 543 L_,,
1052 527 1066 543 1
1105 527 1120 543 1
1213 529 1244 543 σε
1370 531 1391 543 ρ
1428 534 1460 543 -.
1544 542 1547 543 ,
1862 536 1878 543 -
2089 538 2104 543 _
2132 540 2142 543 _

160 516 416 592 potestatis
437 526 678 589 exercet,
708 519 843 578 dum
872 522 1023 583 hunc
1051 527 1335 587 laboribus
1362 531 1576 606 fatigat,
1606 552 1737 593 con-

162 606 376 663 tumeliis
405 607 626 677 lacerat,
650 611 896 681 profecto
917 614 1068 672 hunc
1082 617 1151 673 ab
1165 621 1319 676 omni
1336 621 1602 680 vitiorum
1633 642 1739 681 ru-

158 696 320 767 bigine
363 696 571 753 urendo
616 709 829 773 purgat.
877 704 1091 762 Stultus
1129 723 1257 781 ergo
1303 712 1540 783 sapienti
1570 714 1736 771 etiam

160 791 467 849 dominando
509 796 703 863 servit,
739 815 904 870 quem
946 801 1014 855 ad
1047 796 1333 862 méliorem
1365 815 1570 864 statum
1604 826 1740 880 pre-

161 880 333 937 mendo
359 883 634 953 provehit.
669 884 759 941 Sic
785 904 1184 962 nonnunquam
1208 896 1221 928 ¹
1246 895 1476 966 pupillis
1495 896 1738 953 dominis

156 972 214 1027 ad
240 971 536 1044 disciplinae
584 974 963 1047 magisterium
1012 982 1159 1037 servi
1207 994 1474 1056 praesunt,
1504 994 1737 1057 terrent,

153 1072 407 1136 premunt,
443 1064 674 1137 feriunt,
705 1075 761 1124 et
808 1077 991 1128 tamen
1019 1088 1136 1131 esse
1184 1078 1331 1133 servi
1380 1079 1540 1136 nullo
1571 1081 1739 1137 modo

153 1150 421 1223 desistunt,
443 1154 575 1243 quia
601 1155 671 1213 ad
697 1156 804 1215 hoc
830 1158 1013 1232 ipsum
1045 1164 1289 1222 ordinati
1309 1160 1461 1235 sunt,
1492 1175 1556 1226 ut
1576 1170 1739 1243 proﬁ-

151 1240 401 1298 cientibus
438 1242 684 1302 dominis
724 1246 892 1305 etiam
929 1249 1181 1311 feriendo
1208 1240 1743 1328 famulenturIQuia

151 1330 302 1403 igitur
327 1333 468 1390 mala
496 1334 859 1407 reproborum
889 1339 1089 1412 bonos,
1120 1342 1254 1401 dum
1283 1347 1556 1418 cruciant,
1600 1365 1742 1422 pur-

150 1428 283 1493 gant,
300 1422 525 1482 utilitati
549 1424 830 1497 justornm
847 1430 1053 1489 militat
1067 1434 1234 1492 etiam
1265 1445 1505 1510 potestas
1523 1439 1742 1514 iniquo.

150 1527 277 1605 rum.
315 1513 415 1571 Sed
444 1516 771 1592 plerumque
794 1519 931 1593 justi
959 1523 1321 1585 tribulatione
1339 1528 1360 1564 ³
1390 1513 1742 1605 deprehensi,

149 1601 340 1659 tardam
369 1620 595 1663 manum
624 1608 1007 1670 subvenientis
1034 1615 1333 1687 aestimant,
1365 1601 1492 1677 cum
1523 1636 1580 1677 se
1608 1637 1743 1694 per—

146 1693 475 1765 sequentium
523 1695 844 1758 immanitas
890 1704 1057 1775 paulo
1098 1705 1320 1779 longius
1362 1693 1637 1782 angustat.
1670 1713 1743 1768 Et

1846 536 1973 594 dam
2012 538 2176 597 nobis
2196 543 2386 600 unitos
2412 544 2664 603 trahunt.

1915 629 2004 685 54.
2038 631 2224 688 Potest
2250 651 2468 708 quoque
2511 637 2747 712 intelligi
2780 644 2926 699 muri
2956 647 3181 703 nomine
3223 654 3462 712 munitio

1844 717 2187 791 disciplina;
2212 723 2506 783 Salomone
2522 735 2838 801 attestante,
2869 734 2964 805 qui
2992 736 3070 789 ait
3104 753 3115 791 :
3148 739 3255 794 Per
3271 760 3463 812 agrum

1845 808 2071 863 hominis
2086 812 2234 881 pigri
2251 816 2498 886 transivi,
2520 824 2567 871 et
2582 836 2682 890 per
2708 821 2915 876 vineam
2942 824 3051 879 viri
3080 828 3229 881 stulti
3246 846 3266 892 ;
3285 836 3333 884 ct
3359 849 3465 886 ecce

1849 903 2011 953 totum
2039 904 2373 970 repleverant
2402 906 2606 975 urtiae,
2639 919 2960 980 operuerunt
2992 917 3321 988 superﬁciem
3349 921 3464 989 ejus

1845 987 2032 1058 spina},
2048 996 2095 1044 et
2122 994 2355 1050 maceria
2378 997 2619 1068 lapidum
2638 999 2907 1058 destructa
2936 1011 3052 1059 erat
3084 1006 3278 1074 (Prov.
3301 987 3461 1079 xxiv,

1847 1074 1963 1167 3(7)).
1987 1077 2089 1134 Per
2101 1095 2292 1153 agrum
2322 1084 2471 1140 enim
2500 1084 2745 1144 hominis
2764 1089 2906 1164 pigri
2927 1099 3091 1166 atque
3111 1111 3208 1167 per
3243 1074 3463 1157 vineam

1848 1166 1955 1222 viri
1984 1169 2141 1226 stulti
2170 1172 2425 1245 transire,
2455 1183 2537 1233 est
2565 1177 2859 1251 cujuslibet
2879 1182 3051 1240 vitam
3084 1166 3464 1261 anegligentis

1848 1255 2140 1331 inspicere,
2189 1261 2415 1338 ejusque
2460 1282 2624 1340 opera
2651 1270 3017 1330 considerare.
3051 1255 3231 1344 Quam
3268 1278 3462 1336 urticae

1849 1349 1936 1444 vel
1967 1349 2139 1444 spinae
2168 1354 2404 1426 replent,
2436 1357 2568 1430 quia
2596 1358 2656 1415 in
2684 1361 2849 1419 corde
2888 1365 3290 1439 negligentiam
3318 1386 3463 1444 pru-

1849 1437 2050 1496 rientia
2080 1448 2294 1500 terrena
2320 1444 2595 1505 desideria
2622 1456 2677 1506 et
2704 1452 3035 1523 punctiones
3050 1437 3339 1528 'pallulant
3364 1461 3465 1517 vi-

1850 1528 2078 1599 tiorum,
2108 1533 2312 1607 quippe
2340 1536 2471 1609 quia
2496 1538 2766 1612 scriptum
2792 1548 2874 1598 est
2907 1560 2919 1599 :
2952 1545 3021 1600 In
3072 1546 3347 1603 desideriis
3387 1557 3464 1607 est

1849 1622 2019 1678 omnis
2038 1625 2237 1681 otiosus
2274 1627 2461 1698 (Prov.
2511 1646 2717 1699 xxvm,
2750 1634 2839 1703 19,
2869 1651 2967 1691 sec.
2999 1636 3191 1711 LXX).
3224 1640 3462 1699 Maceria

1851 1708 2099 1783 lapidum
2129 1713 2409 1773 destructa
2433 1728 2570 1789 erat,
2594 1719 2652 1775 id
2680 1730 2782 1789 est,
2814 1722 3112 1795 disciplina
3141 1708 3361 1799 patrum
3390 1730 3459 1787 ab

146 1782 345 1839 concita
371 1785 593 1857 quidem
615 1796 746 1845 sunt
765 1793 1031 1864 ereptoris
1052 1794 1315 1865 remedia,
1343 1798 1438 1854 sed
1463 1798 1569 1856 hoc
1589 1800 1738 1873 quod
1768 1808 1816 1869 Β
1850 1782 1969 1872 ejus
1997 1802 2161 1858 corde
2190 1802 2476 1862 dissoluta.
2506 1808 2528 1842 ‘
2554 1782 2713 1864 'Nam
2742 1782 2873 1883 quia
2913 1782 3192 1872 destructa
3224 1782 3461 1876 maceria

145 1869 205 1926 ab
230 1880 469 1945 ereptore
516 1876 683 1935 citius
729 1879 932 1952 agitur,
981 1882 1195 1941 dolenti
1242 1886 1463 1943 tardum
1495 1869 1733 1947 videtur.

145 1960 373 2038 Cumque
387 1966 577 2025 adesse
596 1972 959 2042 postulationi
975 1976 1248 2033 auxilium
1272 1978 1562 2051 quaeritur,
1581 1981 1627 2036 si
1644 1997 1738 2037 vo-

142 2068 246 2109 cem
265 2070 373 2111 non
392 2056 585 2114 statim
604 2063 876 2134 sequitur,
898 2064 1030 2137 quia
1058 2065 1203 2123 desit
1223 2067 1548 2125 aestimatur.
1582 2069 1737 2128 Unde

142 2158 275 2200 nunc
300 2143 539 2203 dicitur:
573 2150 651 2206 Et
674 2169 783 2207 non
809 2152 919 2223 fuit
944 2155 1073 2227 quia
1100 2155 1268 2227 ferret
1295 2159 1585 2215 auxilium.
1619 2160 1739 2229 Qua

142 2231 382 2291 videlicet
410 2236 471 2293 in
501 2253 636 2296 voce
664 2240 783 2313 ipsa
812 2243 898 2300 vis
927 2244 1201 2317 passionis
1219 2248 1574 2320 exprimitur,
1606 2249 1737 2323 quia

141 2336 419 2394 snpemum
435 2327 737 2399 auxilium,
753 2331 857 2388 etsi
877 2333 1031 2391 adest
1045 2343 1314 2408 quantum
1325 2337 1395 2394 ad
1423 2337 1735 2395 ordinatam

140 2412 534 2481 providentiam
564 2423 711 2482 662
750 2424 1101 2494 protectoris,
1146 2424 1332 2483 deesse
1388 2433 1573 2484 tamen
1607 2445 1737 2486 ere-

139 2505 275 2566 ditur
301 2522 572 2587 qnantum
601 2516 672 2574 ad
700 2519 918 2578 concita
965 2530 1094 2579 vota
1123 2524 1403 2596 patientis.
1436 2525 1731 2599 Sequitur:

354 2674 588 2734 CAPUT
618 2679 781 2739 xxv
811 2680 951 2755 [Vet.
974 2684 1160 2751 XXII,
1179 2685 1300 2742 Rec.
1332 2686 1486 2761 XX].

192 2795 354 2856 Vnus.
374 2799 890 2876 1L—Quasirupto
905 2823 1061 2864 muro
1081 2815 1129 2864 et
1145 2816 1333 2880 aperta
1343 2810 1522 2879 janua
1540 2811 1734 2869 irrue-

132 2893 243 2942 runt
267 2904 433 2959 super
458 2905 561 2955 me,
584 2896 635 2945 et
657 2892 731 2946 ad
757 2910 900 2950 meas
925 2896 1171 2951 miserias
1200 2898 1438 2954 devoluti
1465 2907 1608 2955 sunt.

187 2994 269 3052 53.
298 2996 587 3068 Lugendus
623 2998 817 3056 anima;
842 3007 1033 3069 status,
1073 3005 1285 3074 quando
1316 3004 1372 3060 in
1407 3022 1523 3062 eam
1562 3006 1732 3064 hostes

128 3091 354 3151 irritant,
372 3092 534 3158 rupto
555 3086 680 3159 ﬁdei
708 3092 974 3156 muro,vel
1000 3092 1264 3148 destructa
1295 3092 1592 3165 disciplina:
1618 3114 1727 3153 ma-

1848 1888 2120 1961 lapidum,
2149 1891 2475 1951 dissolutam
2504 1910 2619 1953 esse
2649 1896 3179 1973 disciplinamvidit,
3206 1907 3461 1978 protinus

1847 1978 1966 2037 illic
1993 1990 2211 2039 secutus
2239 1983 2498 2056 adjunxit
2531 2004 2543 2042 :
2580 1988 2733 2056 Quod
2756 2006 2875 2046 cum
2901 1993 3169 2065 vidissem,
3204 1999 3365 2068 posui
3401 2001 3460 2055 in

1846 2070 2003 2125 corde
2028 2089 2160 2141 meo,
2191 2080 2239 2128 et
2263 2076 2500 2146 exemplo
2526 2076 2696 2133 didici
2713 2079 3051 2151 disciplinam
3063 2083 3259 2155 (Prov.
3292 2104 3456 2159 xxxv,

1847 2158 1962 2233 32).
1996 2160 2163 2228 Quasi
2191 2172 2355 2236 rupto
2384 2180 2513 2238 ergo
2542 2184 2701 2223 muro
2740 2167 2916 2226 hostis
2954 2172 3285 2246 ingreditur,
3328 2158 3456 2241 cum

1846 2250 1935 2305 vel
1965 2251 2335 2324 malignorum
2361 2253 2683 2327 spirituum,
2715 2258 2803 2313 vel
2833 2275 3131 2331 pravorum
3162 2263 3456 2324 hominum

1845 2342 2199 2412 persuasione
2245 2344 2469 2413 callida,
2499 2345 2809 2418 disciplinae
2838 2352 3152 2409 munimina
3189 2353 3248 2411 in
3291 2356 3458 2414 corde

1846 2427 2207 2503 dissipantur.
2253 2433 2361 2489 Sed
2406 2451 2534 2491 cum
2578 2435 2825 2507 ejusdem
2866 2438 3178 2512 disciplinas
3208 2443 3369 2516 vigor
3395 2445 3457 2503 in

1844 2519 2009 2576 corde
2037 2521 2397 2593 reproborum
2423 2524 2682 2595 solvitur,
2711 2534 2839 2583 ante
2867 2545 3059 2586 eorum
3088 2533 3279 2589 oculos
3306 2551 3459 2591 cun-

1842 2615 1933 2665 cta
1959 2608 2236 2667 honorum
2266 2613 2723 2687 operadespectui
2752 2616 3049 2689 habentur,
3070 2620 3457 2695 nihilqueesse

1842 2700 2121 2758 aestimant
2149 2703 2422 2778 quidquid
2450 2704 2518 2762 de
2547 2705 2849 2765 virtutibus
2887 2710 3190 2769 electorum
3238 2712 3452 2773 vident.

1842 2789 1998 2847 Unde
2023 2798 2080 2848 et
2093 2792 2379 2851 subditur:

2404 2887 2634 2946 CAPUT
2672 2891 2881 2950 XXVI.

1911 2986 2083 3047 Vnus.
2126 2989 2212 3046 i5.
2243 3020 2316 3035 —
2344 2993 2604 3050 Reductus
2630 3012 2748 3051 sum
2778 2998 2835 3053 in
2859 2998 3110 3058 nihilum.

1910 3077 2000 3135 55.
2030 3079 2293 3152 Despectis
2306 3082 2449 3137 veris
2476 3082 2643 3153 bonis,
2666 3087 2908 3143 carnales
2934 3088 3250 3159 ﬂuwis,cum
3265 3092 3455 3162 quibus

124 3172 268 3229 atria.
292 3205 365 3217 —
393 3175 542 3244 Quid
564 3175 671 3234 hoc
694 3178 816 3235 loco
832 3178 978 3235 muri
1009 3180 1238 3237 nomine
1264 3181 1374 3238 nisi
1402 3182 1732 3258 Redemptor

1849 3174 2091 3239 pereunt,
2140 3169 2463 3228 innituntur.
2488 3166 2568 3215 ’-
2593 3174 2758 3246 Apud
2786 3177 3207 3235 aestimationem
3251 3182 3454 3255 quippe

126 3259 343 3318 humani
373 3264 590 3336 generis
618 3267 974 3339 appellatur?
994 3269 1075 3324 De
1103 3285 1213 3342 quo
1244 3286 1343 3342 pro
1372 3279 1577 3329 sanctae
1608 3274 1728 3332 Ec-

124 3349 290 3409 clesiae
320 3353 690 3412 aediﬁcatione
720 3373 817 3429 per
848 3358 1175 3431 prophetam
1206 3359 1444 3419 dicitur:
1491 3364 1729 3423 Ponetur

122 3442 171 3497 in
198 3461 253 3501 ea
281 3462 474 3502 murus
504 3454 550 3502 et
576 3450 907 3505 antemurale
924 3450 1089 3522 (Isai.
1123 3467 1284 3520 xxvr,
1317 3452 1394 3524 1).
1428 3454 1549 3527 Ipse
1577 3457 1728 3514 enim

123 3531 272 3591 nobis
300 3552 498 3593 murus
527 3544 629 3607 est,
653 3537 748 3611 qui
778 3537 849 3594 ad
878 3539 1044 3596 corda
1060 3549 1247 3597 nostra
1275 3542 1585 3616 pertingere
1616 3563 1727 3604 ma-

123 3620 390 3694 lignorum
427 3626 727 3700 spirituum
758 3644 981 3686 cursum
1008 3637 1177 3686 vetat.
1210 3630 1316 3698 Qui
1347 3642 1549 3691 nostrae
1580 3653 1731 3709 quo-

121 3725 216 3783 que
244 3711 377 3770 ﬁdei
430 3715 598 3772 etiam
629 3718 969 3774 antemurale
1006 3717 1213 3790 posuit,
1245 3720 1376 3792 quia
1402 3724 1728 3798 priusquam

120 3816 169 3855 se
194 3818 290 3874 per
317 3821 545 3862 carnem
575 3807 890 3863 ostenderet
915 3808 1303 3880 praedicatores
1350 3812 1438 3868 sui
1473 3816 1727 3888 mysterii

121 3894 408 3966 prophetas
448 3895 622 3952 misit.
662 3888 840 3953 Recte'
876 3898 1077 3971 quippe
1107 3903 1468 3959 antemuralis
1496 3906 1728 3963 nomine

122 3994 402 4055 vocantur,
464 3985 594 4059 quia
638 3985 771 4042 dum
819 3986 1242 4062 subsequentem
1285 3993 1728 4065 praedicaverunt

122 4072 436 4145 Dominum,
470 4076 626 4150 quasi
655 4084 783 4134 ante
811 4095 1033 4136 murum
1070 4088 1363 4140 steterunt.
1410 4085 1516 4141 Sed
1568 4073 1726 4160 quasi

124 4176 298 4222 murus
324 4166 614 4239 rumpitur
636 4183 765 4225 cum
784 4184 1085 4242 pravorum
1107 4172 1562 4244 persuasionibus
1588 4174 1727 4232 ﬁdes

123 4266 229 4324 quae
254 4255 315 4311 in
338 4255 710 4329 Redemptore
740 4265 931 4315 nostro
960 4267 1043 4315 est
1072 4259 1130 4316 in
1158 4261 1530 4334 quorumdam
1559 4265 1726 4322 corde

122 4337 428 4416 dissipatur.
481 4345 735 4420 Cumque
781 4349 1056 4420 perversis
1085 4349 1144 4405 in
1174 4349 1280 4408 hac
1321 4349 1438 4409 vita
1484 4361 1726 4426 potestas

123 4430 392 4505 tribuitur,
427 4435 567 4508 quid
609 4435 763 4492 aliud
792 4453 957 4511 quam
995 4438 1167 4511 janua
1195 4440 1400 4498 erroris
1432 4443 1678 4515 aperitur
1697 4444 1727 4503 ?

124 4515 271 4584 Quasi
313 4531 482 4597 rupto
512 4541 641 4597 ergo
672 4542 856 4597 muro,
895 4536 949 4584 et
978 4536 1166 4600 aperta
1187 4528 1382 4601 janua,
1414 4548 1579 4603 super
1610 4532 1722 4589 bo-
1755 4559 1805 4618 Ι)

124 4620 212 4663 nos
237 4610 464 4671 irruunt
494 4616 648 4686 mali,
683 4632 833 4685 cum,
863 4626 1087 4690 accepta
1122 4620 1508 4692 temporaliter
1554 4629 1724 4693 pote-

123 4701 264 4770 state,
294 4704 539 4775 perversi
562 4704 682 4777 ipsa
708 4722 928 4780 quoque
959 4706 1017 4763 in
1046 4708 1415 4781 quorumdam
1446 4710 1609 4767 corde
1630 4712 1719 4768 de-

125 4791 316 4846 struere
345 4793 665 4851 munimina
712 4794 844 4852 ﬁdei
887 4804 1181 4853 conantur.
1231 4799 1311 4854 De
1353 4799 1558 4872 quibus
1598 4810 1724 4874 apte

126 4872 311 4961 dicitur
330 4899 342 4938 :
374 4885 453 4940 Et
470 4885 543 4940 ad
568 4901 711 4941 meas
728 4886 974 4942 miserias
989 4886 1222 4943 devoluti
1248 4894 1391 4959 sunt,
1409 4890 1540 4961 quia
1560 4872 1726 4948 vide-

126 4960 240 5023 licet
264 4972 418 5042 prius
448 4973 518 5030 ad
547 4991 666 5032 sua.
712 4975 831 5033 Nisi
879 4975 1028 5032 enim
1058 4992 1314 5049 perverse
1358 4978 1628 5061 vivendo,
1656 4980 1725 5037 ad

127 5068 238 5113 suas
263 5069 387 5119 ante
404 5064 657 5121 miserias
685 5065 964 5133 caderent,
995 5081 1344 5140 nequaquam
1362 5067 1430 5124 ad
1459 5083 1550 5125 eas
1579 5079 1726 5159 post-

128 5146 335 5209 modum
364 5161 419 5209 et
462 5154 600 5212 alios
646 5155 960 5215 suaderent.
1003 5151 1104 5214 Sed
1159 5165 1284 5229 post
1327 5176 1454 5215 suas
1501 5146 1725 5233 reprobi

129 5240 175 5290 et
197 5237 261 5296 ad
303 5250 522 5302 nostras
569 5245 823 5303 miserias
863 5245 1264 5319 devolvuntur,
1297 5248 1520 5322 quando
1562 5248 1633 5306 ad
1662 5266 1728 5307 ea

194 5434 421 5520 ‘_Plnr.,
435 5440 660 5513 pupillis
686 5441 1118 5520 dominiltielius
1138 5444 1388 5520 dominis,
1411 5464 1538 5504 cum
1565 5447 1730 5520 paulo

136 5514 241 5587 post
253 5509 601 5587 legamus—ut
620 5516 1019 5587 proﬁcientibus
1046 5519 1298 5576 dominis.

196 5577 217 5660 ξ
253 5577 491 5660 Vindoc.
523 5592 578 5641 et
605 5577 736 5660 Val:
756 5585 867 5660 CL,
896 5588 1152 5660 depressi.

198 5649 218 5732 ἶ
253 5651 494 5732 gemet,
518 5649 884 5732 negligentius.
1102 5717 1121 5732 δ

200 5720 358 5803 ‘_Ita_
380 5720 567 5785 Germ.
578 5720 879 5803 ,:_l§ellov.,
926 5720 1157 5803 Turoni,
1202 5732 1400 5802 Laud.,
1448 5732 1573 5791 Val.
1620 5732 1732 5803 Cl.,

140 5786 287 5855 (ἔστι).
318 5796 506 5856 Germ.
531 5786 790 5859 etNorm.
820 5786 895 5859 Αἰ
920 5786 1085 5876 prius
1102 5786 1446 5872 E'ditiVIch—im
1471 5786 1601 5878 quia
1632 5786 1734 5863 de:

397 5895 622 5957 Parnm.
643 5897 704 5957 Ἠ
738 5900 987 5961 LXXVI.

1839 3259 2110 3314 malorum
2142 3257 2200 3314 in
2230 3260 2473 3316 nihilum
2503 3260 2826 3334 redigimur,
2855 3266 3076 3337 quando
3103 3284 3167 3324 ea
3195 3286 3316 3343 quas
3347 3271 3455 3345 ipsi

1839 3347 1996 3420 quasi
2014 3364 2231 3404 summa
2258 3348 2500 3421 diligunt
2527 3350 2672 3407 bona
2696 3354 3023 3425 temporalia
3037 3371 3149 3413 non
3178 3364 3451 3417 tenemus.

1838 3438 2118 3509 Despectis
2158 3454 2393 3513 namque
2422 3441 2676 3514 supernis
2710 3444 3193 3517 promissionibus,
3238 3456 3457 3509 terrena

1839 3526 2174 3597 desiderant,
2207 3537 2262 3585 et
2289 3529 2335 3586 si
2365 3531 2587 3604 quando
2616 3531 2676 3588 in
2704 3549 2895 3591 eorum
2927 3544 3111 3593 mente
3139 3537 3355 3612 aliquid
3384 3541 3454 3597 de

1837 3619 2084 3691 appetitu
2113 3620 2435 3677 aaternitatis
2462 3621 2661 3693 oritur,
2690 3623 2915 3681 suborta
2942 3626 3109 3684 citius
3136 3629 3458 3688 transitoria

1839 3713 1986 3772 683
2014 3718 2375 3778 delectatione
2405 3719 2726 3794 dissipatur.
2748 3722 2905 3780 Unde
2932 3731 2987 3781 et
3014 3724 3205 3782 statim
3226 3724 3454 3798 subjun-

1874 3805 1986 3864 itur
2020 3825 2033 3864 :

1838 3822 2047 3952 sultiiin.
2079 3898 2186 3938 -δ
2215 3896 2502 3953 Abstulisti
2524 3898 2875 3969 quasiventus
2903 3900 3228 3959 desiderium
3252 3920 3447 3961 meum.

1910 3983 2115 4041 Fidelis
2142 3985 2345 4059 quippe
2374 3988 2611 4058 populus
2631 4003 2687 4043 se
2716 3989 2830 4060 pati
2846 3989 3163 4059 denuntiat,
3184 3991 3332 4064 quod
3360 4008 3455 4048 eos

1836 4090 1974 4149 quos
1989 4076 2172 4149 diligit
2191 4077 2303 4148 pati
2334 4076 2502 4134 dolet.
2535 4077 2749 4135 Ventus
2769 4094 2897 4151 ergo
2913 4079 3250 4137 desiderium
3280 4082 3451 4152 tollit,

1834 4182 1964 4223 cum
2003 4182 2090 4222 res
2126 4164 2386 4238 quaelibet
2418 4165 2737 4224 transitoria
2774 4167 3100 4226 aeternitatis
3145 4173 3452 4245 appetitum

1836 4255 2089 4313 destruit.
2122 4255 2275 4313 Unde
2296 4254 2479 4315 adhuc
2507 4275 2745 4332 congrue
2764 4259 3109 4318 subinfertur
3141 4281 3153 4320 :
3304 4268 3305 4271 “

1906 4347 2043 4403 IBID.
2075 4377 2146 4390 —
2169 4348 2244 4403 Et
2261 4349 2401 4404 velut
2419 4348 2577 4404 nubes
2600 4350 2921 4421 pertransiit
2945 4352 3095 4407 salus
3132 4369 3268 4410 mea.

1906 4435 2089 4503 Nubes
2117 4436 2321 4510 quippe
2350 4437 2408 4493 in
2437 4438 2548 4494 alto
2578 4438 2804 4510 eminet,
2836 4440 2933 4496 sed
2961 4439 3108 4497 hanc
3134 4442 3203 4498 ad
3224 4460 3453 4503 cursum

1836 4524 1999 4582 ﬂatus
2027 4525 2284 4598 impellit.
2318 4527 2407 4585 Sic
2428 4527 2719 4598 nimirum,
2737 4529 2818 4587 sic
2846 4538 2978 4586 sunt
2995 4534 3321 4605 temporalia
3341 4534 3447 4592 ini-

1837 4631 2074 4688 quorum
2100 4614 2265 4672 bona.
2295 4617 2464 4675 Velut
2493 4617 2553 4674 in
2572 4618 2685 4675 alto
2714 4618 2940 4692 quidem
2964 4637 3061 4692 per
3083 4620 3313 4679 honoris
3340 4626 3446 4681 cel-

1833 4704 2135 4762 situdinem
2163 4704 2355 4777 degere
2385 4706 2674 4776 videntur;
2708 4708 2803 4764 sed
2832 4708 2901 4764 ad
2918 4726 3144 4767 cursum
3162 4712 3291 4770 vitae
3314 4729 3446 4785 quo-

1833 4793 1991 4864 tidie,
2049 4795 2206 4868 quasi
2261 4796 2592 4869 quibusdam
2646 4797 3001 4855 mortalitatis
3055 4818 3167 4857 suae
3224 4802 3446 4858 ﬂatibus

1834 4882 2217 4956 impelluntur.
2248 4885 2410 4941 Salus
2439 4902 2567 4959 ergo
2596 4894 2658 4943 ut
2686 4887 2861 4944 nubes
2892 4890 3110 4959 transit,
3141 4891 3270 4963 quia
3309 4907 3446 4963 per-

1836 4988 2121 5029 versorum
2171 4974 2366 5045 gloria,
2396 4976 2418 5011 ⁶
2447 4991 2556 5049 quo
2593 4976 2703 5031 alta
2732 4983 2834 5046 est,
2884 4976 2998 5033 ﬁxa
3041 4994 3153 5034 non
3192 4986 3292 5034 est.
3336 4979 3444 5036 Sed

1835 5062 2069 5134 expletis
2124 5063 2412 5120 desideriis
2479 5064 2802 5137 actibusque
2877 5065 3303 5135 inﬁrmantium,
3373 5067 3442 5123 ad

1835 5151 2138 5209 electorum
2180 5169 2372 5212 vocem
2403 5170 2584 5212 sermo
2613 5152 2980 5223 convertitur,
3013 5171 3139 5213 cum
3188 5155 3442 5228 protinus

1834 5241 2179 5300 subinfertur
2206 5262 2219 5302 :

1838 5446 2095 5498 structam
2122 5443 2408 5498 maceriam
2430 5444 2670 5514 lapidum
2698 5442 3031 5511 dissolutam,
3063 5454 3170 5504 etc.

1910 5516 1931 5550 ⁵
1962 5515 2185 5587 Recent.
2218 5514 2450 5583 Excusi,
2480 5514 2717 5587 abstulit,
2753 5523 2945 5572 contra
2981 5518 3110 5575 Mss.
3157 5517 3346 5587 ﬁdem,
3385 5526 3442 5575 et

1838 5585 2270 5660 repugnantibus
2324 5594 2435 5642 vet.
2467 5586 2574 5643 Ed.
2619 5602 2833 5643 necnon
2880 5595 3036 5645 textu
3080 5585 3348 5648 Hebraico
3386 5597 3441 5645 et

1839 5660 2102 5803 νιὶιὲἓέὶῗ
2125 5746 2243 5801 qua:
2268 5731 2380 5787 alta
2411 5737 2505 5800 est,
2534 5730 2838 5803 elegantius
2857 5729 3132 5803 Iegiturin
3147 5734 3276 5790 Mss.
3300 5748 3439 5803 quos

1841 5801 2231 5875 expressimus,
2261 5816 2364 5873 quo
2393 5804 2503 5859 alta
2535 5801 2851 5872 est.'Germ.,
2881 5801 2985 5874 quo
3014 5811 3141 5875 apta
3169 5811 3261 5859 est.

3121 5907 3156 5955 6
