3946 6362
519 309 618 368 171

1059 436 1287 497 CAPUT
1312 435 1548 497 XXVII.

587 533 756 592 Vnus.
798 530 885 586 16.
917 557 988 570 -
1032 527 1187 585 Nunc
1223 533 1398 584 autem
1424 528 1482 584 in
1519 527 1814 600 memetipso
1840 528 2110 585 marcescit

513 625 696 683 anima
711 639 846 688 mea,
877 627 923 676 et
945 618 1216 692 possident
1243 636 1322 675 me
1349 619 1461 675 dies
1497 620 1816 693 afﬂictionis.

582 715 674 772 56.
701 714 854 770 Nunc
884 710 940 766 in
969 728 1023 766 se
1052 715 1378 765 marcescunt
1411 709 1574 776 electi,
1603 711 1690 764 sed
1719 708 1774 764 in
1786 710 1894 766 Deo
1917 709 2106 765 virent.

512 835 584 848 —
610 803 929 858 Electorum
960 799 1162 872 quippe
1182 799 1365 856 anima
1395 815 1540 855 nunc
1562 799 1867 868 marcescit,
1889 799 2019 872 quia
2049 797 2108 854 in

515 892 614 949 illa
639 887 989 964 postmodum
1020 896 1223 944 aterna
1238 887 1603 945 exsultatione
1623 888 1926 945 viridescit.
1949 887 2112 945 Modo

515 1000 609 1040 eos
637 982 755 1038 dies
782 979 1098 1037 aﬂlictionis
1127 979 1428 1052 possident,
1460 979 1591 1051 quia
1619 979 1737 1036 dies
1769 979 1975 1035 latitia
1993 987 2114 1051 post

515 1080 838 1148 sequuntur.
861 1070 1136 1142 Scriptum
1153 1070 1354 1144 quippe
1381 1077 1462 1126 est
1482 1087 1492 1125 :
1518 1071 1534 1105 ¹
1573 1071 1795 1127 Timenti
1809 1071 1977 1126 Deum
1997 1070 2117 1126 bene

515 1165 618 1221 erit
644 1164 702 1220 in
728 1162 974 1219 extremis
1000 1163 1197 1233 (Ecclt.
1229 1179 1270 1231 ι,
1305 1161 1391 1230 13,
1426 1161 1538 1233 19).
1571 1162 1643 1217 Et
1671 1177 1889 1218 rursum
1919 1160 1986 1217 de
2015 1161 2115 1217 Ec-

515 1251 684 1312 clesia
697 1251 902 1309 dicitur
925 1268 937 1307 :
955 1251 1163 1308 Ridebit
1176 1249 1232 1304 in
1247 1249 1330 1304 die
1347 1249 1658 1321 novissimo(
1661 1251 1803 1307 Prov
1813 1249 2090 1323 .xxx1,25)
2102 1293 2114 1305 .

515 1345 676 1402 Nunc
706 1342 854 1399 enim
884 1349 1098 1415 tempus
1125 1339 1438 1398 aﬂlictionis
1457 1347 1540 1397 est
1566 1340 1748 1412 bonis,
1771 1349 1834 1399 ut
1859 1348 2122 1415 sequatur

515 1451 610 1492 eos
635 1431 935 1492 exsultatio
965 1431 1294 1507 quandoque
1322 1431 1440 1489 sine
1471 1439 1731 1506 tempore.
1765 1431 1909 1490 Hinc
1946 1431 2014 1488 ab
2042 1430 2122 1487 eis

511 1523 649 1584 alias
703 1521 908 1580 dicitur
971 1537 986 1578 :
1043 1521 1356 1578 Humiliasti
1406 1538 1502 1578 nos
1553 1522 1612 1576 in
1669 1523 1778 1578 loco
1824 1521 2123 1596 afﬂictionis

516 1613 692 1687 (Psal.
721 1628 880 1682 xum,
909 1611 1027 1684 20).
1059 1611 1238 1670 Locus
1264 1627 1502 1685 namque
1530 1610 1847 1670 aﬂlictionis
1889 1619 1972 1669 est
2006 1612 2124 1669 vita

514 1718 770 1778 prasens.
797 1701 963 1776 {Iusti
1013 1716 1140 1774 ergo
1187 1700 1301 1771 hic,
1350 1700 1408 1756 id
1435 1709 1517 1758 est
1543 1700 1604 1758 in
1633 1702 1754 1760 loco
1782 1701 2122 1773 aﬁlictionis,

514 1793 795 1853 hutniliati
813 1799 966 1863 sunt,
987 1791 1118 1866 quia
1131 1791 1192 1848 in
1211 1797 1414 1849 aterna
1428 1791 1566 1861 vita,
1586 1789 1644 1847 id
1672 1799 1754 1850 est
1783 1791 1842 1849 in
1858 1793 1980 1851 loco
1999 1811 2125 1868 gau-

513 1885 594 1946 dii
620 1885 1014 1944 sublimantur.
1045 1883 1184 1943 Cum
1213 1898 1346 1940 vero
1362 1899 1691 1942 marcescere
1710 1881 1952 1940 animam
1973 1883 2126 1944 dice-

514 1984 618 2047 ret,
664 1982 810 2035 recte
855 1974 1022 2032 etiam
1070 1972 1356 2048 pramisit,
1401 1973 1468 2030 In
1508 1973 1825 2047 ntemetipso,
1881 1972 2012 2048 quia
2066 1973 2126 2032 in

515 2065 926 2141 nobismetipsis
972 2063 1194 2139 quidem
1225 2064 1248 2100 ³
1277 2063 1537 2134 afﬁcitur,
1575 2063 1672 2122 sed
1713 2064 1772 2120 in
1813 2066 1927 2121 Deo
1970 2079 2126 2122 mens

515 2162 703 2214 nostra
727 2155 1046 2224 refovetur;
1079 2160 1342 2229 tantoque
1369 2169 1402 2211 a
1428 2153 1715 2212 viriditate
1744 2152 1930 2227 gaudii
1960 2153 2122 2226 longe

515 2243 601 2314 ﬁt,
629 2251 835 2318 quanto
863 2244 1046 2302 adhuc
1071 2243 1140 2302 ab
1168 2243 1408 2302 auctoris
1430 2244 1648 2316 repulsa
1677 2243 1890 2299 lumine
1921 2244 1942 2280 ³
1971 2243 2040 2299 ad
2068 2257 2125 2300 se

515 2331 743 2392 recedit.
775 2333 930 2391 Tunc
960 2349 1089 2391 vero
1117 2334 1187 2392 ad
1215 2351 1358 2390 vera
1386 2333 1594 2390 latitia
1624 2333 1962 2390 viriditatem
1991 2350 2126 2407 per-

515 2423 691 2493 venit,
739 2424 960 2498 quando
1005 2441 1104 2498 per
1132 2431 1348 2482 aterna
1378 2425 1862 2498 contemplationis
1893 2423 2123 2497 gratiam

513 2513 800 2572 sublevata
845 2515 1013 2572 etiam
1059 2515 1406 2588 semetipsam
1453 2513 1672 2571 transit.
1706 2513 1812 2570 Sed
1840 2513 1959 2572 hac
2005 2529 2126 2587 qua

515 2601 810 2674 allegorica
844 2601 1194 2674 indagatione
1221 2603 1672 2671 transcurrimus,
1703 2610 1920 2676 oportet
1942 2610 2004 2660 ut
2033 2619 2128 2676 per

517 2691 707 2750 omnia
732 2689 899 2748 etiam
926 2691 1088 2764 juxta
1115 2689 1401 2748 historiam
1431 2699 1733 2749 teneamus.
1777 2693 1908 2762 Qua
1942 2700 2125 2750 tamen

516 2796 668 2838 nunc
711 2779 920 2838 idcirco
949 2787 1234 2854 pratereo,
1265 2779 1394 2854 quia
1423 2781 1542 2839 hac
1569 2789 1754 2855 aperta
1781 2798 1897 2838 esse
1933 2784 2127 2856 legen-

512 2869 666 2928 tibus
684 2887 797 2928 non
818 2871 1031 2945 ignoro.
1051 2871 1255 2928 Diebus
1269 2879 1450 2928 autem
1470 2872 1869 2945 persecutionis
1889 2875 2123 2944 ultima,

514 2962 646 3038 quia
677 2963 700 2999 ⁸
716 2961 878 3020 multi
907 2971 1037 3020 sunt
1065 2962 1160 3036 qui
1181 2971 1430 3036 pereunt,
1455 2971 1509 3020 et
1524 2963 1684 3038 pauci
1702 2964 1798 3038 qui
1817 2965 2122 3034 salvantur;

513 3051 723 3118 idcirco
751 3053 841 3110 vir
867 3061 1090 3112 sanctus
1116 3053 1386 3128 passionis
1415 3071 1529 3111 sua
1575 3061 1825 3128 tempore
1854 3064 1908 3113 et
1950 3071 2126 3129 pauca

513 3141 586 3200 de
627 3143 814 3213 bonis,
858 3151 912 3200 et
940 3144 1116 3201 multa
1143 3142 1211 3200 de
1249 3143 1522 3216 perversis
1568 3144 1835 3218 loquitur.
1885 3147 2041 3204 Unde
2070 3154 2124 3204 et

514 3245 650 3288 mox
677 3233 747 3289 ad
776 3248 970 3288 eorum
999 3247 1291 3304 personam
1319 3233 1414 3305 qui
1457 3241 1747 3304 corruunt,
1791 3235 1960 3292 verba
1995 3252 2125 3294 con-

515 3323 722 3391 vertit;
754 3322 942 3396 sicque
970 3338 1070 3378 sua
1097 3321 1367 3390 insinuat,
1396 3325 1417 3359 ⁵
1461 3331 1524 3380 ut
1562 3323 1884 3385 cadentibus
1912 3329 2125 3402 possint

515 3427 816 3484 congruere
842 3425 964 3484 qua
993 3418 1198 3468 narrat.
1232 3410 1368 3468 Nam
1394 3412 1648 3486 sequitur
1679 3431 1691 3472 :

684 3537 913 3599 CAPUT
939 3536 1178 3598 XXVIII
1209 3537 1353 3614 [Rea
1386 3539 1537 3609 XXI,
1576 3541 1682 3602 νει.
1714 3541 1954 3619 XXIII].

584 3645 756 3710 Vsus.
791 3645 878 3706 17.
907 3677 980 3692 --
1006 3648 1164 3708 Nocte
1191 3665 1248 3705 os
1279 3665 1448 3705 meum
1471 3649 1794 3723 perforatur
1826 3651 2120 3724 doloribus,

515 3746 563 3796 ct
584 3741 677 3812 qui
701 3756 784 3795 me
808 3738 1082 3794 comedunt
1115 3754 1222 3794 non
1250 3737 1539 3796 dormiunt.

585 3829 676 3886 57.
736 3828 987 3886 Swviente
1025 3831 1403 3900 persecutione,
1435 3827 1600 3900 fortes
1627 3829 1782 3902 etqui
1821 3830 1878 3886 in
1907 3849 2126 3905 corpore

512 3917 763 3976 Ecclesia:
787 3924 910 3974 sunt
946 3919 1085 3974 velut
1112 3935 1230 3975 ossa
1269 3917 1533 3992 deficiunt.
1557 3949 1628 3960 —
1657 3918 1713 3976 Si
1744 3918 1848 3993 ipsi
1879 3920 2124 3980 historia

513 4005 874 4078 intendimus,
905 4015 1052 4081 patet
1080 4024 1264 4076 causa,
1297 4006 1560 4081 quoniam
1585 4009 1758 4066 sancti
1789 4010 1896 4067 viri
1925 4027 2125 4086 corpus

515 4115 612 4171 per
638 4099 793 4156 sinus
820 4100 1069 4156 ulcerum
1087 4099 1396 4158 scaturiens
1409 4099 1686 4157 vermium
1731 4103 2122 4161 multitudola-

513 4187 750 4245 eerabat.
770 4187 828 4243 Si
851 4203 982 4244 vero
1006 4189 1282 4261 allegoria
1305 4189 1635 4261 mysterium
1683 4201 2120 4265 perscrutamur,

516 4275 649 4349 quid
678 4291 776 4349 per
803 4291 924 4332 ossa
951 4275 1060 4332 nisi
1091 4277 1258 4334 fortes
1287 4277 1492 4352 quique
1521 4278 1578 4336 iu
1607 4289 1810 4340 sancta
1857 4283 2120 4341 Ecclesiae

514 4389 742 4447 corpore
795 4372 1194 4446 designantur?
1240 4373 1386 4431 664
1413 4376 1519 4446 Qui
1565 4378 1720 4450 quasi
1776 4396 1877 4436 suo
1925 4381 2120 4439 robore

518 4465 763 4521 membra
781 4464 1086 4535 continent,
1116 4465 1248 4524 dum
1279 4483 1456 4524 mores
1485 4466 1887 4526 inﬁrmantium
1913 4471 2120 4529 stabili.

1716 303 1965 363 SANCTI
2012 302 2356 365 GREGORII
2392 302 2620 365 MAGNI

3701 315 3796 374 172

2138 441 2190 502 Α
2217 437 2506 497 debentur.
2537 438 2634 497 Ait
2661 454 2788 512 ergo
2821 454 2834 496 :
2867 437 3024 497 Nocte
3049 452 3108 494 os
3138 452 3309 495 meum
3332 438 3642 512 perforatur
3667 442 3798 502 dolo.

2216 529 2385 587 ribus.
2440 532 2520 587 Ac
2557 529 2603 586 si
2649 537 2833 602 aperte
2877 528 3024 586 dicat
3069 545 3082 586 :
3127 527 3523 587 Tribulationis
3574 532 3798 590 tenebris

2218 619 2411 689 pressi,
2442 619 2518 675 ita
2550 617 2847 676 afﬂictione
2878 620 2900 654 ⁶
2929 619 3298 688 terebrantur,
3330 627 3391 677 ut
3420 627 3474 676 et
3501 621 3601 694 ipsi
3631 623 3720 696 qui
3750 624 3800 680 in

2220 729 2306 768 me
2318 713 2591 768 habebant
2610 712 2852 784 vigorem
2873 711 3396 786 fortitudinis,quasi
3411 711 3522 786 jam
3545 714 3800 786 quoddam

2221 803 2458 858 habeant
2485 802 2730 858 foramen
2762 802 2996 858 timoris.
3043 803 3187 858 Bene
3230 811 3411 858 autem
3450 801 3649 859 dicitur
3690 820 3702 859 :
3739 806 3805 860 Et

2221 892 2312 962 qui
2342 908 2421 946 me
2446 893 2716 946 comedunt
2736 910 2836 946 non
2866 891 3156 960 dormiunt,
3178 891 3304 964 quia
3329 891 3551 963 maligni
3578 891 3806 963 spiritus,

2223 982 2317 1056 qui
2365 983 2610 1039 carnales
2643 998 2860 1056 quoque
2901 982 2968 1037 de
2999 982 3243 1038 Ecclesia
3274 988 3621 1049 consumunt,
3666 988 3806 1037 tanto

2225 1073 2397 1146 magis
2425 1072 2702 1146 quiescere
2731 1088 2762 1128 a
2790 1071 3089 1128 tentatione
3119 1072 3396 1140 nesciunt,
3426 1078 3629 1144 quanto
3667 1072 3810 1127 nullo

2225 1163 2406 1220 carnis
2433 1162 2672 1236 pondere
2720 1169 3036 1233 gravantur.
3085 1161 3191 1218 Sed
3220 1169 3587 1234 persecutores
3627 1168 3808 1217 sancta

2227 1253 2486 1312 Ecclesia
2534 1253 2663 1327 quia
2701 1253 2860 1312 valde
2902 1253 3143 1327 perversi
3191 1261 3342 1324 sunt,
3381 1262 3558 1312 essent
3611 1253 3804 1311 utinam

2230 1344 2390 1418 pauci
2411 1344 2423 1401 l
2457 1344 2720 1419 Sequitur
2754 1360 2767 1400 :

2605 1452 2834 1512 CAPUT
2863 1451 3052 1511 xxrx
3084 1449 3230 1528 [Rec.
3261 1450 3476 1528 XXII].

2303 1560 2475 1620 Vnus.
2502 1561 2587 1620 18.
2619 1592 2690 1604 -
2717 1561 2783 1618 In
2803 1562 3138 1620 multitudine
3175 1579 3358 1620 eorum
3388 1561 3706 1620 consumitur
3730 1576 3811 1616 oe-

2231 1651 2530 1711 stimentum
2549 1671 2742 1722 meum,
2771 1661 2819 1712 et
2845 1655 3001 1728 quasi
3025 1655 3218 1729 capitio
3249 1655 3438 1712 tunica
3463 1653 3810 1712 succinxerunt

2234 1761 2334 1802 me.

2159 1813 2206 1877 B
2305 1835 2396 1894 58.
2433 1834 2538 1905 Qui
2562 1835 2808 1894 Ecclesia:
2836 1836 2976 1893 velut
3002 1833 3361 1892 vestimentum
3387 1833 3675 1902 adharent,
3700 1848 3810 1890 non-

2233 1943 2507 1999 nunquam
2533 1926 2598 1983 ab
2633 1944 2715 1993 ea,
2745 1927 2798 1982 oi
2831 1933 3230 1997 tormentorum,
3269 1931 3613 2000 separantur.
3655 1955 3723 1968 -
3761 1925 3807 1981 Si

2234 2015 2478 2074 historia
2508 2015 2868 2087 intendimus,
2897 2017 3032 2092 quid
3052 2017 3207 2075 aliud
3247 2019 3641 2075 vestimentum
3684 2015 3809 2072 beati

2233 2105 2334 2164 Job
2365 2123 2528 2180 quam
2549 2105 2666 2180 ejus
2695 2124 2893 2182 corpus
2911 2107 3214 2182 accipimus
3229 2108 3436 2182 ?cujus
3461 2107 3713 2165 videlicet
3736 2122 3810 2161 ve-

2234 2197 2554 2255 stimentum
2598 2199 2944 2256 consumitur
2984 2199 3118 2257 dum
3140 2217 3268 2257 caro
3319 2198 3620 2257 cruciatur.
3667 2197 3812 2253 Juxta

2233 2288 2506 2361 allegoria
2536 2305 2666 2345 vero
2713 2289 3062 2363 mysterium,
3092 2290 3490 2347 vestimentum
3519 2296 3600 2345 est
3634 2295 3809 2345 sancta

2233 2380 2492 2438 Ecclesia
2513 2381 2760 2437 ﬁdelium
2788 2381 2920 2437 vita.
2945 2383 3080 2439 Nam
3097 2382 3239 2438 sicut
3268 2389 3383 2438 tota
3403 2380 3568 2437 simul
3589 2377 3810 2436 Ecclesia

2235 2471 2624 2527 vestimentum
2655 2470 2882 2540 Christi,
2913 2471 2990 2527 ita
3017 2471 3206 2528 ﬁdeles
3236 2471 3442 2545 quique
3463 2469 3698 2542 ejusdem
3725 2467 3809 2522 Ec-

2234 2562 2412 2618 clesia
2435 2561 2763 2617 vestimenta
2784 2561 3198 2634 deputantur.Si
3215 2561 3364 2617 enim
3382 2568 3573 2617 sancta
3591 2555 3808 2616 Ecclesia

2235 2651 2627 2708 vestimentum
2657 2651 2864 2708 Christi
2890 2668 3001 2709 non
3027 2659 3187 2720 esset,
3218 2651 3422 2708 Paulus
3451 2651 3691 2723 profecto
3713 2661 3808 2702 non

2235 2740 2442 2798 diceret
2473 2759 2485 2797 :
2525 2743 2587 2798 Ut
2613 2743 2874 2798 exhiberet
2911 2742 3012 2798 sibi
3053 2741 3343 2814 gloriosam
3390 2739 3695 2806 Ecclesium,
3721 2750 3808 2790 non

2235 2834 2500 2890 habentem
2521 2837 2782 2892 maculam
2813 2837 2832 2871 ⁷
2864 2852 3027 2906 neque
3055 2851 3241 2906 rugam
3266 2835 3496 2906 (Ephes.
3527 2851 3585 2901 v,
3614 2832 3733 2905 27);
3762 2828 3808 2886 id

2234 2933 2338 2991 est,
2370 2942 2470 2982 nec
2499 2942 2596 2998 per
2623 2933 2906 2998 peccatum
2958 2923 3252 2980 habentem
3285 2925 3580 2992 maculam,
3609 2937 3703 2978 nec
3729 2934 3808 2992 per

2234 3013 2616 3086 duplicitatem
2635 3030 2849 3086 rugam,
2867 3011 2995 3086 quia
3011 3020 3066 3068 et
3081 3028 3177 3084 per
3197 3010 3479 3083 justitiam
3509 3009 3706 3068 munda
3718 3015 3804 3074 est,

2235 3109 2288 3158 ct
2327 3118 2424 3174 per
2452 3102 2758 3174 simplicem
2801 3100 3167 3157 intentionem
3218 3099 3239 3135 ⁸
3281 3108 3457 3158 tensa.
3508 3100 3634 3170 Qua
3663 3098 3809 3172 igitur

2157 3187 2200 3250 C
2230 3190 2418 3248 abluta
2443 3199 2526 3247 est
2572 3207 2640 3247 ne
2670 3189 2868 3247 habeat
2912 3190 3207 3260 maculam,
3237 3197 3396 3248 tensa
3423 3197 3505 3248 est
3531 3207 3598 3247 ne
3638 3188 3810 3245 habeat

2233 3297 2450 3354 rugam,
2483 3279 2674 3353 utique
2704 3279 2873 3336 vestis
2921 3287 3022 3338 est.
3073 3280 3228 3337 Sicut
3267 3297 3402 3354 ergo
3449 3277 3809 3336 indumentum

2233 3373 2441 3432 Christi
2467 3380 2584 3430 tota
2629 3371 2952 3446 generaliter
3005 3372 3253 3430 Ecclesia
3291 3372 3521 3442 dicitur,
3562 3371 3640 3429 sic
3675 3367 3813 3426 indu-

2234 3471 2480 3520 mentum
2511 3468 2640 3518 sunt
2680 3461 2938 3518 Ecclesia
2967 3461 3314 3534 singulorum
3356 3463 3575 3533 anima,
3620 3474 3732 3533 qua
3757 3454 3814 3512 ab

2233 3568 2417 3609 errore
2445 3566 2722 3610 conversa
2750 3550 3000 3608 eamdem
3035 3551 3345 3610 Ecclesium
3375 3550 3643 3610 credendo
3671 3548 3812 3621 eique

2232 3638 2470 3698 ﬁdeliter
2515 3639 2835 3697 inharendo
2876 3639 3241 3698 circumdant.
3284 3643 3369 3700 De
3415 3642 3615 3718 quibus
3655 3636 3812 3694 eidem

2232 3731 2489 3789 Ecclesia
2518 3747 2615 3806 per
2643 3731 2966 3805 prophetam
3007 3732 3279 3789 Dominus
3329 3732 3510 3790 dicit:
3557 3731 3676 3791 Vivo
3719 3743 3812 3800 890.

2230 3822 2357 3893 quia
2385 3823 2625 3878 omnibus
2652 3823 2733 3878 his
2761 3824 2900 3880 velut
2927 3829 3235 3879 ornamento
3261 3823 3498 3880 vestieris
3512 3819 3814 3894 (Isaiamx,

2235 3912 2348 3984 18).
2381 3911 2486 3968 Sed
2514 3928 2639 3968 cum
2669 3912 2906 3984 procella
2933 3928 3090 3970 sava
3136 3913 3538 3986 persecutionis
3568 3908 3814 3973 oboritur,

2232 4000 2488 4076 plerique
2517 4000 2767 4059 ﬁdelium
2799 3999 2868 4059 ab
2898 4001 3017 4075 ejus
3047 4018 3234 4061 amore
3273 4011 3622 4080 separantur,
3667 3995 3752 4074 qui
3793 4009 3816 4050 θ

2232 4089 2422 4148 sedulo
2448 4090 2716 4150 inharere
2736 4091 3084 4150 videbantur.
3117 4093 3277 4152 Dicat
3304 4111 3439 4170 ergo
3471 4113 3485 4154 :
3509 4095 3576 4153 In
3600 4088 3814 4150 multitu‘

2231 4181 2352 4237 dine
2383 4199 2564 4238 eorum
2591 4182 2920 4238 consumitur
2944 4183 3302 4240 vestimentum
3330 4201 3528 4252 meum,
3548 4181 3674 4258 quia
3696 4177 3808 4236 dum

2232 4271 2398 4328 multi
2426 4279 2558 4330 sunt
2593 4270 2690 4346 qui
2715 4271 2997 4344 cruciant,
3039 4272 3407 4334 destruuntur
3434 4271 3659 4350 plurimi
3688 4265 3772 4343 qui
3796 4279 3820 4317 εξ

2231 4361 2574 4420 connexionc
2602 4361 2806 4420 amoris
2833 4361 3194 4422 inhaerebant.

2298 4452 2388 4509 59.
2423 4452 2651 4524 Reprobi
2699 4453 2857 4509 vitam
2875 4453 3001 4526 fidei
3045 4459 3094 4510 et
3118 4452 3524 4528 praedicationis
3551 4465 3734 4518 vocem,
3767 4441 3816 4502 ίνι

517 4561 600 4610 ter
615 4561 854 4627 portant.
875 4553 980 4610 Sed
1007 4571 1132 4612 cum
1161 4557 1537 4615 tribulationis
1552 4559 1763 4615 ultimae
1793 4568 1986 4618 contra
2001 4578 2120 4620 eam

2235 4543 2465 4600 Ecclesia
2495 4544 2823 4616 exstinguere
2849 4549 3129 4602 conantur.
3168 4571 3240 4588 -ι
3258 4545 3408 4602 Bene
3437 4551 3620 4602 autem
3647 4535 3814 4597 subdi-

516 4645 702 4701 fervor
727 4646 1054 4717 excreverit,
1085 4647 1144 4704 in
1173 4655 1332 4707 nocte
1361 4666 1422 4706 os
1449 4649 1604 4706 illius
1618 4649 1929 4722 perforatur
1956 4652 2124 4710 dolo-

514 4734 692 4805 ribus,
723 4736 855 4810 quia
882 4753 1280 4812 nonnunquam
1311 4738 1602 4795 tormentis
1631 4738 1790 4808 victi,
1821 4737 1988 4797 etiam
2019 4741 2124 4814 ipsi

513 4825 582 4884 ad
614 4825 902 4900 perfidiam
933 4825 1205 4898 deﬂuunt,
1241 4826 1337 4901 qui
1366 4825 1436 4883 ad
1465 4825 1632 4882 ﬁdem
1663 4826 1800 4884 alios
1829 4834 2014 4887 tenere
2043 4830 2124 4888 vi-

589 5025 605 5061 ¹
649 5021 834 5094 Becc.,
863 5018 1007 5082 Utic.
1033 5027 1087 5079 et
1115 5019 1286 5094 p1ur.,
1317 5016 1518 5094 timenti
1546 5017 1856 5080 Dominum.

587 5097 610 5130 ³
647 5097 739 5152 Sic
766 5098 940 5166 Prat.,
990 5093 1158 5167 Corb.
1199 5095 1412 5167 Germ.,
1444 5093 1680 5167 Ge_met.,
1708 5094 1960 5167 _'_I‘uron.,
1994 5093 2120 5156 Val.

517 5164 602 5223 Cl.
624 5173 678 5250 et
705 5168 890 5250 Germ.
911 5164 973 5250 In
994 5165 1195 5236 Laud.,
1217 5165 1490 5238 affligitur.
1511 5165 1816 5236 Vet.Editi,
1839 5164 2121 5243 efficimur;

519 5242 748 5433 Ροῗὲξ
763 5242 1179 5384 ἕίξξᾳῗίυξιᾝῑίᾳ.
1212 5308 1441 5368 Excusi.
1464 5312 1539 5368 At
1553 5319 1760 5371 recent.
1793 5311 2019 5383 habent,
2055 5314 2126 5370 ad

522 5395 576 5434 σε
632 5395 658 5434 e
694 5396 716 5432 ι
744 5421 756 5434 .

522 5396 576 5434 88
597 5396 756 5434 rea“.

595 5452 617 5531 ξ
656 5445 950 5531 ljonnulli,
970 5454 1134 5531 multi
1146 5454 1242 5531 qui
1253 5463 1499 5531 pereunt,
1519 5457 1681 5531 pauci
1709 5463 1852 5526 sunt,
1865 5530 1870 5531 ί
1885 5463 1991 5531 etc.

593 5523 616 5556 ⁵
658 5522 893 5599 Excusi,
940 5528 1000 5576 ut
1021 5522 1375 5599 audientibus.
1423 5522 1587 5587 Corb.
1620 5522 2125 5599 Germ.,’Vindoc.,

521 5591 756 5676 Turon.,
787 5593 972 5648 Germ.
984 5637 1006 5676 ,_
1021 5595 1216 5676 Laud.,
1239 5599 1362 5656 Val.
1387 5601 1502 5676 _Cl.,
1531 5591 2008 5676 Norrn.,nostram
2040 5591 2130 5676 le;-

521 5665 762 5746 ctionem
779 5680 961 5746 prase
981 5665 1182 5746 ferunt;
1205 5672 1440 5746 quamin
1454 5665 1624 5746 marg.
1639 5665 2124 5746 Gilot._annotavi_t.

594 5739 617 5772 ⁸
647 5739 750 5814 Ita_
770 5737 1012 5814 Anglia,
1061 5738 1185 5797 Val.
1219 5737 1326 5810 CL,
1374 5737 1601 5800 Pratell'.
1631 5752 1686 5800 et
1731 5743 1827 5800 alii
1857 5742 2123 5814 plurimi;

521 5809 707 5884 sicque
735 5808 1029 5881 legendum
1056 5819 1291 5883 constat,
1312 5808 1440 5872 tum
1471 5830 1543 5872 ex
1565 5815 1688 5874 loco
1711 5815 1814 5873 Job
1829 5808 1925 5886 qui
1954 5808 2127 5887 expli-

2233 4640 2326 4690 tur
2352 4651 2364 4689 :
2397 4633 2644 4705 thuasi
2671 4634 2863 4706 capitio
2883 4634 3068 4690 tunica
3081 4636 3458 4692 svuccinaerunt
3484 4653 3582 4693 me.
3614 4629 3814 4689 Tunica:

2234 4723 2434 4797 quippe
2451 4723 2712 4796 capitium
2730 4723 2935 4780 collum
2963 4725 3269 4782 circumdat
3289 4725 3594 4784 induentis.
3619 4721 3815 4781 Collum

2234 4829 2364 4872 vero
2384 4814 2430 4872 si
2447 4813 2758 4889 stringitur,
2772 4815 2925 4875 vocis
2952 4830 3086 4875 usus
3113 4823 3168 4874 et
3189 4817 3376 4876 vitalis
3405 4818 3570 4877 ﬂatus
3587 4819 3813 4874 necatur-

2233 5021 2388 5097 catur
2419 4995 2512 5097 :‘os
2527 5032 2696 5097 meum
2711 5016 3052 5097 perforatur,
3074 5025 3284 5097 tumex
3299 5017 3390 5097 his
3418 5016 3604 5097 verbis
3637 5034 3648 5072 :
3676 5004 3817 5097 quati

2224 5090 2344 5160 jam
2371 5093 2635 5163 quoddam
2655 5083 2877 5148 habeant
2895 5083 3135 5163 foramen
3160 5093 3384 5148 timoris.
3404 5090 3620 5148 Alludit
3640 5083 3815 5163 videli-

2233 5171 2319 5219 cet
2344 5160 2565 5240 sanctus
2580 5160 2954 5240 Gregorius
2971 5165 3306 5240 superiorem
3321 5181 3525 5240 vocem
3544 5160 3817 5240 terebrata-if

2233 5252 2331 5308 seu
2361 5229 2788 5308 perforaturfln
2816 5238 2968 5294 Edit.
3003 5229 3253 5294 Barthol.
3282 5237 3443 5305 1494,
3476 5235 3648 5292 Paris.
3674 5229 3813 5308 149ρς

2239 5298 2434 5380 cndu,
2460 5308 2684 5380 Yatic.,
2727 5309 3024 5378 Gussanv.,
3077 5308 3310 5380 legimus
3354 5298 3722 5380 tenebrantur._
3761 5298 3812 5352 In

2238 5373 2427 5451 Paris.
2447 5379 2584 5435 1518
2603 5373 2850 5436 θῐΒῖιεὶΙ.
2879 5373 3036 5451 1514,
3059 5373 3315 5451 crassiori
3335 5395 3542 5448 errore,
3576 5373 3814 5434 terreban-

2241 5455 2346 5507 tur.
2379 5450 2566 5509 Germ.
2603 5459 2658 5508 et
2689 5452 2851 5509 Corb.
2885 5450 3070 5510 Germ.
3104 5450 3310 5509 habent
3340 5452 3698 5508 tenebrantur.

2308 5523 2328 5596 ἶ
2369 5523 2501 5596 ᾼΙ..
2516 5529 2611 5579 aut
2635 5541 2846 5596 rugam.

2311 5584 2686 5674 {Sicilegitur
2705 5584 2836 5674 "non
2853 5594 3030 5651 solum
3061 5594 3120 5652 in
3134 5597 3288 5666 Mss,
3310 5594 3408 5653 sed
3423 5595 3590 5653 etiam
3702 5584 3815 5674 Vi?!-

2235 5664 2410 5738 E_dit.,
2441 5664 2564 5722 aliis
2594 5667 2924 5724 habentibus
2954 5674 3112 5738 tersa,
3134 5684 3236 5727 nec
3250 5664 3421 5736 recte,
3450 5675 3513 5725 ut
3527 5683 3597 5724 ex
3612 5664 3696 5720 his
3706 5669 3816 5738 _ver-

2233 5734 2321 5793 bis
2347 5732 2498 5811 patet
2529 5755 2541 5796 :
2575 5755 2692 5810 qua:
2711 5740 2878 5811 igitur
2905 5732 3218 5808 abluta'est,
3246 5758 3310 5798 ne
3339 5732 3529 5797 habeat
3553 5732 3814 5811 maculam:

2238 5808 2379 5876 tensa
2395 5823 2469 5877 est
2482 5834 2544 5878 ne
2558 5808 2748 5877 habeat
2755 5837 2964 5894 rugam,
2980 5821 3069 5880 ubi
3077 5819 3137 5877 τὸ
3157 5827 3295 5880 tersa
3315 5819 3549 5880 minime
3564 5808 3816 5888 congruit.
