3946 6376
40 1030 65 1071 ut

40 1112 65 1162 li

181 356 269 414 173

938 355 1311 415 MORALIUM
1351 357 1482 417 LIB.
1528 360 1655 420 XX.
1702 392 1772 406 -
1808 363 1881 423 ΙΝ
1917 365 2145 423 CAPUT
2184 367 2345 426 XXX
2386 373 2448 428 B.
2491 372 2635 431 JOB.

3364 384 3482 460 174

180 484 406 540 Sanctam
435 492 560 551 ergo
589 478 892 537 Ecclesiam
922 480 1139 555 reprobi
1169 484 1324 557 quasi
1354 487 1561 559 capitio
1589 488 1755 546 tuni—
1781 495 1832 556 Α
1862 492 2051 549 diendi
2083 510 2235 551 mora
2264 511 2395 551 mox
2425 495 2702 566 subditur,
2723 514 2849 556 cum
2872 501 2988 559 illic
3005 506 3260 575 protinus
3284 506 3474 566 subin'

182 590 248 629 cae
276 568 663 643 constringunt,
696 570 824 643 quia
852 572 909 627 in
940 588 1003 628 ea
1030 574 1507 645 persecutionibus
1537 579 1650 635 suis
1680 580 1758 636 vi-

184 672 279 719 tam
306 660 443 730 fidei,
465 668 519 717 et
532 661 945 734 praedicationis
967 681 1157 722 vocem
1179 667 1531 741 exstinguere
1557 688 1757 728 conan-

176 761 273 808 tur.
304 752 410 809 Hoc
437 752 638 825 quippe
668 754 857 810 conari
888 763 1262 827 persecutores
1299 758 1419 831 ejus
1448 760 1759 833 specialiter

172 844 352 913 solent,
381 851 440 899 ut
467 844 535 899 ab
580 860 642 901 ea
682 854 810 902 ante
847 848 1034 903 omnia
1078 849 1309 905 verbum
1348 850 1759 923 praedicationis

172 936 373 991 tollant.
402 935 554 991 Unde
584 943 638 992 et
659 935 720 991 hi
750 937 845 1010 qui
876 946 1077 996 sancta:
1105 940 1232 997 fidei
1251 940 1572 1013 primordiis
1602 943 1757 999 resis-

170 1024 361 1093 tebant,
391 1026 543 1083 enisis
572 1028 853 1099 Apostolis
868 1028 1295 1100 denuntiabant,
1325 1031 1589 1089 dicentes:
1613 1034 1757 1089 Prte-

166 1115 386 1187 cipiendo
409 1118 755 1189 prrecqﬁmus
782 1120 925 1174 vobis
953 1138 1018 1176 ne
1045 1122 1297 1178 doceretis
1319 1122 1372 1177 in
1403 1124 1608 1180 nomine
1638 1126 1757 1191 isto,

167 1212 209 1261 et
232 1212 370 1271 665
396 1223 501 1263 ecce
517 1209 757 1281 replestis
770 1211 1067 1268 Jerusalem
1087 1213 1331 1271 doctrina
1348 1222 1523 1272 vestra
1538 1216 1680 1290 (Act.
1700 1234 1756 1286 v,

43 1309 65 1348 λῖ
163 1307 267 1381 28).
299 1306 508 1381 Corpus
535 1323 665 1380 ergo
694 1315 895 1365 sanctae
924 1310 1186 1368 Ecclesiae
1203 1312 1359 1385 quasi
1381 1313 1584 1386 capitio
1613 1314 1759 1371 tuni-

40 1620 63 1656 ﬁ:

39 1712 61 1747 Ε

151 1415 230 1456 cae
257 1396 564 1469 cinxerant,
596 1397 691 1472 qui
721 1398 1041 1457 constrictis
1082 1402 1563 1476 praedicatoribus,
1606 1406 1761 1463 velut

159 1490 267 1564 ejus
293 1489 502 1546 collum
532 1498 865 1562 prementes,
896 1490 956 1548 in
984 1507 1048 1548 ea
1075 1492 1328 1551 claudere
1345 1495 1450 1551 iter
1478 1495 1631 1553 vocis
1650 1513 1759 1554 vo-

160 1580 349 1638 lebant.
384 1578 491 1637 Sed
522 1579 682 1636 electi
710 1580 916 1655 quique
945 1584 1345 1655 persecutionis
1374 1603 1485 1643 sua}
1514 1593 1758 1661 tempore

154 1671 447 1746 paratiores
474 1678 611 1728 sunt
640 1670 782 1728 mori
813 1688 978 1745 quam
998 1681 1198 1733 tacere.
1223 1675 1329 1745 Qui
1350 1676 1482 1733 dum
1505 1676 1564 1732 in
1583 1686 1759 1734 morte
1808 1694 1817 1701 ’

154 1761 511 1837 corporaliter
538 1770 829 1834 corruunt,
859 1780 890 1820 a
918 1764 1103 1822 stultis
1132 1765 1441 1841 quibusque
1456 1775 1510 1825 et
1524 1769 1755 1826 carnali-

1870 584 2080 641 fertur:
2114 586 2187 640 Et
2214 587 2409 641 nonad
2436 586 2797 659 insipientiam
2824 590 2953 645 mihi
2972 593 3141 663 (Ibid.
3150 597 3195 665 ).
3228 598 3313 653 Ad
3336 600 3475 655 mul-

1873 674 2230 746 tiplicandam
2278 676 2480 750 quippe
2527 687 2843 735 sanctorum
2888 682 3209 754 sapientiam
3260 690 3479 758 proﬁcit

1873 766 2020 837 quod
2066 767 2340 839 postulata
2396 767 2547 825 tarde
2595 770 2927 843 percipiunt,
2984 780 3049 829 ut
3096 790 3166 830 ex
3211 775 3476 837 dilatione

1872 866 2078 913 crescat
2106 858 2464 929 desiderium,
2487 876 2555 916 ex
2571 860 2845 919 desiderio
2862 862 3177 921 intellectus
3195 875 3474 937 augeatur.

1871 948 2189 1005 Intellectus
2219 968 2349 1007 vero
2379 968 2504 1007 cum
2552 952 2885 1023 intenditur,
2931 952 3049 1027 ejus
3091 955 3149 1012 in
3175 957 3351 1013 Deum
3383 975 3481 1014 ar-

1872 1036 2091 1094 dentior
2119 1040 2346 1097 affectus
2375 1042 2640 1114 aperitur.
2672 1044 2918 1101 Affectus
2946 1053 3130 1102 autem
3160 1046 3229 1103 ad
3266 1063 3480 1120 prome-

1870 1127 2041 1183 renda
2072 1129 2314 1186 coelestia
2340 1138 2494 1188 tanto
2524 1130 2589 1188 fit
2617 1150 2811 1206 capax,
2843 1143 3049 1209 quanto
3076 1135 3245 1193 fuerit
3273 1155 3479 1212 exspe—

1871 1219 2073 1276 ctando
2102 1220 2458 1293 longanimis.
2490 1223 2595 1280 Sed
2624 1232 2807 1282 tamen
2837 1226 2984 1283 inter
3018 1227 3137 1286 haec
3163 1236 3477 1287 sanctorum

1872 1311 2195 1382 patientiam
2226 1313 2385 1370 dolor
2416 1323 2571 1388 urget
2600 1316 2669 1375 ad
2697 1335 2910 1389 vocem,
2941 1328 2995 1377 et
3023 1337 3149 1378 cum
3171 1321 3329 1379 dilati
3358 1339 3479 1397 pro-

1872 1400 2089 1473 ficiunt,
2122 1412 2380 1464 metuunt
2433 1423 2502 1463 ne
2544 1406 2934 1469 deficientibus
2975 1410 3189 1471 viribus
3236 1412 3475 1485 despecti

1873 1493 2253 1566 reprobentur.
2286 1497 2549 1571 Sequitur
2574 1516 2585 1556 :

2183 1605 2413 1663 CAPUT
2472 1608 2685 1666 xxxn
2747 1607 2891 1684 [Rea
2933 1610 3172 1687 XXIII].

1943 1708 2114 1767 Vnus.
2159 1710 2247 1767 2i.
2279 1743 2350 1755 -
2379 1714 2617 1771 Mutatus
2664 1732 2716 1771 es
2762 1717 2894 1771 mihi
2938 1717 2992 1772 in
3032 1719 3315 1788 crudelem,
3349 1726 3396 1775 et
3424 1720 3480 1775 in

1873 1797 2081 1855 duritia
2110 1816 2300 1856 manus
2330 1808 2431 1857 tua:
2454 1803 2767 1858 aduersaris
2793 1804 2945 1861 mihi.

40 1893 57 1929 μ
150 1854 250 1913 bus
277 1852 525 1928 despecti
571 1869 634 1912 ac
674 1853 815 1911 viles
851 1854 1216 1927 aestimantur,
1256 1857 1389 1931 quia
1404 1874 1535 1916 cum
1567 1858 1750 1918 videre

156 1944 362 1969 ..Α-..-ιζ
381 1952 668 1969 ._-........_A
703 1962 814 1969 ---μ
844 1946 995 1969 ..1--ιε
1018 1946 1156 1969 1-..-
1184 1948 1461 1969 __2--34_1°.,
1523 1958 1534 1969 ι
1556 1968 1561 1969 ,
1722 1961 1732 1969 .

1880 1852 1883 1853 ν
3026 1894 3255 1967 cogitare
3277 1913 3479 1969 passu-

46 1971 55 2023 5
156 1944 670 2020 reprobinequeunt
698 1962 819 2020 quae
839 1946 999 2003 electi
1018 1946 1165 2004 bona
1180 1948 1504 2020 spiritaliter
1518 1958 1761 2023 teneant,

40 2074 53 2113 i

154 2051 284 2109 quos
312 2034 614 2093 carnaliter
641 2034 922 2110 exstingui
938 2036 1309 2111 conspiciunt,
1341 2038 1594 2099 infelices
1621 2040 1763 2099 arbi-

40 2168 53 2202 ,5
154 2132 384 2185 trautur.
416 2124 578 2184 Unde
606 2135 660 2186 et
681 2126 969 2186 subditur:

720 2234 951 2293 CAPUT
996 2234 1183 2295 XXX.

216 2339 388 2400 Vnus.
426 2340 520 2401 19.
549 2373 619 2386 -—
648 2342 1004 2419 Comparatus
1032 2362 1149 2402 sum
1182 2344 1313 2413 luto,
1360 2352 1408 2403 et
1434 2344 1762 2404 assimilatas

40 2444 46 2477 ι
147 2448 260 2489 sum
287 2432 509 2504 favilla:
534 2439 584 2490 et
610 2433 793 2491 cineri.

212 2523 302 2580 60.
336 2525 497 2581 Hanc
528 2530 781 2596 tanquam
810 2525 1000 2595 lutum,
1033 2523 1283 2596 favillam
1303 2532 1351 2583 et
1376 2526 1603 2583 cinerem
1631 2542 1764 2581 con—-

142 2614 369 2670 sulcant.
402 2643 480 2656 —
510 2614 574 2670 In
620 2613 981 2687 reproborum
1037 2616 1239 2689 quippe
1288 2614 1524 2689 judicio,
1578 2623 1765 2673 sancta

40 2742 41 2745 η
143 2702 449 2761 electorum
482 2703 734 2761 Ecclesia
762 2704 880 2760 luto
918 2712 1289 2777 comparatur,
1329 2705 1459 2778 quia
1494 2713 1764 2777 tempora-

141 2793 264 2851 liter
292 2795 635 2852 conculcata
671 2792 993 2865 despicitur.
1043 2795 1268 2850 Favillae
1321 2794 1658 2851 assimilatur
1711 2802 1765 2851 et

138 2882 335 2954 cineri,
369 2883 515 2957 quia
541 2882 674 2940 dum
695 2882 842 2938 bona
865 2882 984 2954 ejus
1010 2882 1278 2940 interiora
1306 2900 1418 2940 non
1447 2883 1665 2952 vident,
1695 2884 1765 2941 ad

135 2975 250 3031 sola
274 2972 434 3030 hanc
468 2972 617 3028 mala
643 2970 957 3046 pervenisse
1002 2972 1298 3042 aestimant,
1330 2988 1451 3045 quae
1480 2972 1540 3028 in
1569 2988 1631 3029 ea
1656 2989 1764 3030 ex-

136 3062 320 3120 hiberi
351 3061 729 3135 corporaliter
782 3060 993 3117 vident.
1024 3063 1039 3097 ι
1093 3062 1301 3119 Fidelis
1338 3069 1523 3119 autem
1552 3063 1765 3120 electo—

133 3170 256 3213 rum
286 3155 569 3230 populus,
612 3171 740 3212 cum
770 3154 976 3210 multos
1020 3169 1089 3210 ex
1126 3170 1183 3210 se
1226 3153 1418 3211 cadere
1467 3155 1761 3227 conspicit,

1872 1994 2009 2035 mus.
2041 2010 2112 2021 —
2130 1980 2317 2053 Longe
2345 1981 2413 2038 ab
2440 1981 2544 2039 hac
2573 1984 2847 2041 sententia
2865 1991 3026 2041 vetus
3053 1985 3342 2044 translatio
3371 1988 3480 2045 dis-

1872 2077 2052 2140 sonat,
2085 2072 2214 2145 quia
2243 2073 2392 2146 quod
2421 2073 2481 2130 in
2509 2073 2623 2131 hac
2654 2076 2720 2132 de
2762 2077 2877 2133 Deo
2906 2076 3131 2147 dicitur,
3163 2077 3268 2136 hoc
3298 2079 3355 2136 in
3384 2080 3482 2137 illa

1873 2158 1940 2216 de
1987 2160 2322 2219 adversariis
2379 2180 2443 2221 ac
2488 2165 2934 2238 persecutoribus
2973 2176 3327 2226 memoratur.
3375 2171 3481 2228 Sed

1871 2257 2058 2308 tamen
2116 2253 2245 2327 quia
2292 2254 2409 2312 haec
2443 2272 2587 2313 nova
2644 2258 2932 2315 translatio
2963 2275 3033 2314 ex
3063 2260 3291 2317 Hebraeo
3320 2261 3481 2318 nobis

1872 2344 1893 2377 ³
1925 2342 2272 2417 Arabicoque
2303 2346 2524 2420 eloquio
2554 2356 2752 2405 cuncta
2771 2348 2959 2406 verius
2986 2350 3349 2408 transfudisse
3365 2368 3481 2425 per-

1873 2429 2119 2502 hibetur,
2151 2434 2487 2492 credendum
2516 2445 2597 2493 est
2634 2438 2907 2511 quidquid
2961 2439 3019 2493 in
3048 2455 3111 2494 ea
3158 2439 3385 2510 dicitur,
3426 2446 3481 2497 et

1873 2529 2092 2594 oportet
2129 2530 2192 2579 ut
2238 2525 2405 2582 verba
2454 2525 2607 2583 illius
2635 2535 2825 2584 nostra
2871 2526 3145 2601 expositio
3203 2528 3483 2585 subtiliter

1870 2611 2126 2670 rimetur.
2160 2614 2256 2672 Ait
2286 2631 2440 2688 ergo:
2474 2617 2713 2675 Mutatus
2742 2636 2793 2673 es
2820 2618 2951 2673 mihi
2970 2619 3023 2673 in
3042 2621 3323 2688 crudelem,
3355 2624 3403 2675 et
3426 2620 3483 2676 in

1871 2703 2079 2761 duritia
2108 2724 2299 2762 manus
2322 2713 2424 2763 tua:
2441 2708 2747 2764 aduersaris
2766 2708 2912 2764 mihi.
2946 2714 3091 2774 666
3121 2710 3182 2766 In
3198 2709 3482 2782 Scriptura

1873 2812 2059 2862 sancta
2089 2822 2215 2862 cum
2246 2806 2314 2863 de
2348 2807 2463 2864 Deo
2483 2808 2696 2883 aliquid
2721 2808 3009 2882 indignum
3041 2808 3267 2878 dicitur,
3299 2824 3481 2866 move-

1874 2900 1966 2949 tur
1986 2895 2218 2967 legentis
2248 2898 2489 2967 animus,
2522 2901 2675 2956 velut
2704 2900 2750 2957 si
2780 2899 3079 2973 aliquando
3107 2899 3175 2957 de
3190 2901 3305 2956 Deo
3335 2901 3356 2936 ‘
3386 2899 3484 2956 ali-

1872 2982 2010 3056 quid
2041 2983 2270 3057 dignum
2300 2985 2537 3042 dicatur.
2596 2986 2740 3043 Pene
2773 3004 2936 3044 omne
2980 2988 3183 3061 quippe
3220 2987 3369 3062 quod
3415 2985 3481 3045 de

1869 3073 1984 3130 Deo
2014 3074 2240 3146 dicitur,
2273 3091 2337 3132 eo
2373 3075 2493 3148 ipso
2528 3074 2643 3148 jam
2674 3074 2969 3149 indignum
3013 3083 3117 3145 est,
3158 3091 3268 3149 quo
3301 3078 3482 3150 potuit

1872 3163 2004 3223 dici.
2026 3167 2165 3223 Nam
2196 3166 2354 3240 cujus
2373 3166 2523 3223 laudi
2554 3185 2667 3224 non
2696 3168 2900 3225 sufficit
2929 3168 3318 3242 obstupescens
3337 3186 3481 3227 con-

132 3253 314 3320 optat,
347 3242 399 3303 si
431 3244 689 3301 obtinere
726 3245 928 3314 valeat,
973 3242 1323 3301 adversitatis
1353 3261 1462 3301 sum
1510 3253 1759 3318 tempora
1794 3242 1836 3304 G
1867 3256 2118 3324 scientia,
2146 3257 2366 3329 quando
2405 3257 2641 3314 sufﬁciet
2681 3257 2914 3331 loquens
2970 3258 3203 3331 lingua?
3250 3259 3481 3318 Sanctus

130 3336 367 3394 mutari.
404 3332 594 3407 Hujus
613 3336 742 3408 quia
760 3335 936 3392 oratio
954 3334 1228 3405 differtur,
1252 3333 1488 3407 gemitus
1507 3343 1755 3419 augetur:

127 3426 287 3484 Unde
318 3425 521 3484 adhuc
546 3425 828 3483 subditur:

479 3532 711 3592 CAPUT
766 3531 958 3590 xxxr
1007 3529 1145 3607 [νει.
1202 3530 1427 3608 XXIV].

196 3623 389 3687 Vens.
426 3622 527 3684 20.
558 3655 629 3667 —
650 3624 671 3659 ²
710 3624 963 3681 Clamabo
983 3625 1055 3680 ad
1085 3631 1150 3690 te,
1170 3629 1335 3680 etnon
1364 3623 1637 3689 exaudies;
1657 3627 1756 3690 slo,

119 3722 167 3773 et
194 3733 309 3774 non
340 3712 581 3788 respicis
606 3730 706 3771 me.

189 3809 259 3867 61
274 3854 287 3867 .
323 3806 601 3867 Ecclesiae
622 3803 842 3862 liberari
855 3804 1177 3877 postulantis
1196 3803 1371 3862 oratio
1390 3822 1495 3861 non
1514 3804 1758 3862 continuo

116 3897 465 3955 exauditur.
521 3896 639 3963 Qua
680 3892 906 3950 ratione.
935 3923 1007 3936 -
1033 3895 1230 3952 Sancta
1266 3895 1466 3969 quippe
1510 3894 1760 3952 Ecclesia

120 3985 563 4063 persecutionis
610 4001 720 4042 suae
759 3992 1001 4059 tempore
1030 3986 1137 4043 fide
1166 3994 1292 4055 stat,
1324 3985 1611 4043 desideriis
1638 3986 1761 4043 cla-

120 4086 253 4138 mat.
289 4075 418 4137 Sed
474 4073 627 4132 dolet
653 4091 710 4133 se
743 4075 900 4151 quasi
928 4092 1039 4133 non
1068 4075 1289 4150 respici,
1320 4076 1452 4133 dum
1481 4094 1581 4134 sua
1607 4076 1759 4133 videt

119 4166 175 4224 in
201 4164 699 4225 tribulationibus
713 4171 843 4222 vota
860 4164 1090 4223 differri.
1115 4166 1244 4223 Alto
1264 4182 1501 4240 namque
1527 4164 1759 4223 consilio

118 4258 509 4334 omnipotens
561 4256 730 4326 Deus,
787 4272 913 4313 cum
945 4255 1121 4313 sancti
1159 4256 1278 4330 ejus
1317 4255 1756 4313 adversariorum

115 4344 637 4421 persecutionibus
665 4346 1131 4420 comprimuntur,
1171 4363 1407 4421 eumque
1434 4346 1677 4404 assiduis
1698 4352 1761 4403 ut

115 4436 455 4497 liberentur
494 4435 1036 4510 interpellationibus
1082 4436 1344 4507 clamant,
1372 4435 1592 4493 differre
1621 4435 1760 4492 solet

111 4541 287 4588 voces
348 4526 707 4603 petentium,
764 4534 829 4584 ut
874 4525 1072 4583 merita
1125 4525 1453 4599 patientium
1489 4532 1756 4595 crescant,

1868 3354 2049 3403 autem
2082 3347 2321 3419 Spiritus
2351 3346 2456 3404 hoc
2486 3347 2667 3421 ipsum
2697 3347 3023 3405 hominibus
3046 3349 3481 3423 intelligentibus

1870 3436 2185 3507 insinuans,
2221 3454 2383 3511 quam
2416 3438 2527 3495 sint
2556 3438 2859 3496 ineffabilia
2890 3456 3105 3496 summa
3135 3439 3155 3472 ⁵
3185 3447 3240 3497 et
3269 3439 3480 3513 divina,

1869 3525 1957 3583 his
1988 3528 2151 3585 etiam
2209 3528 2391 3586 verbis
2443 3545 2844 3603 nonnunquam
2892 3529 2960 3585 de
2994 3532 3107 3586 Deo
3149 3529 3330 3587 utitur
3359 3546 3479 3605 qua:

1868 3617 2015 3690 apud
2038 3618 2292 3677 homines
2344 3618 2618 3676 habentur
2671 3619 2730 3676 in
2778 3620 2939 3689 vitio,
2997 3628 3060 3676 ut
3115 3636 3185 3676 ex
3234 3620 3323 3677 his
3353 3637 3474 3694 quae

1870 3707 2099 3780 indigna
2127 3710 2387 3767 videntur
2415 3709 2758 3779 hominibus,
2802 3718 2853 3766 et
2906 3718 3087 3769 tamen
3117 3708 3383 3767 dicuntur
3413 3711 3481 3769 de

1866 3803 2001 3872 Deo,
2033 3802 2434 3859 admoneamur
2462 3801 2601 3858 scire
2636 3800 2890 3858 homines
2922 3800 3070 3875 quod
3100 3817 3204 3859 nec
3234 3800 3333 3857 illa
3355 3800 3474 3874 jam

1868 3893 1981 3948 Deo
2011 3891 2177 3964 digna
2205 3894 2317 3949 sint
2352 3908 2494 3965 qua),
2527 3892 2660 3948 dum
2688 3890 2855 3964 digna
2884 3890 3160 3947 habentur
3187 3890 3334 3964 apud
3363 3890 3477 3947 ho—

1870 3981 2067 4051 mines,
2101 3982 2266 4054 digna
2296 3989 2563 4054 putantur
2591 3983 2724 4039 Deo.

1938 4072 2148 4138 63.0110
2160 4089 2313 4126 sensu
2325 4070 2537 4126 dicatur
2552 4066 3477 4143 πρῖαννίήγαεεὶφωηίιθνε,τηἰδρνονί,

1864 4161 2133 4233 praescire.
2160 4161 2267 4216 Deo
2286 4179 2316 4215 n
2324 4161 2371 4217 ih
2382 4162 2397 4215 i
2403 4163 2419 4217 l
2429 4163 2649 4234 prceteri
2654 4167 2761 4218 tum
2777 4168 2852 4219 est
2864 4170 2959 4219 aut
2972 4163 3238 4235 futurum.
3259 4165 3359 4223 Res
3374 4182 3480 4220 non.

1869 4251 1983 4307 ideo
2013 4251 2260 4306 videntur
2287 4270 2321 4307 a
2349 4251 2458 4307 Deo
2488 4252 2615 4323 quia
2648 4259 2789 4322 sunt,
2821 4253 2911 4309 sed
2940 4251 3053 4309 ideo
3083 4260 3207 4309 sunt
3238 4254 3368 4325 quia
3400 4254 3481 4309 vi-

1868 4341 2079 4398 dentur.
2112 4371 2182 4383 —-
2211 4341 2427 4398 Dicitur
2459 4341 2606 4398 enim
2638 4344 2785 4401 Deus
2813 4343 3016 4413 zelans,
3049 4342 3191 4401 sicut
3213 4343 3478 4416 scriptum

1869 4441 1986 4490 est:
2020 4432 2281 4489 Dominus
2310 4434 2499 4488 zelotes
2528 4449 2713 4488 nomen
2743 4432 2855 4503 ejus
2890 4432 3094 4505 (Exod.
3128 4449 3328 4502 xxxrv,
3364 4432 3477 4505 14).

1868 4522 2084 4580 Dicitur
2102 4522 2297 4592 iratus,
2319 4523 2466 4581 unde
2488 4521 2755 4595 scriptum
2778 4530 2859 4579 est
2878 4540 2889 4578 :
2916 4523 3099 4579 Iratus
3125 4529 3199 4577 est
3218 4523 3480 4579 Dominus

113 4630 412 4699 quatenus
446 4636 522 4678 eo
578 4619 753 4694 magis
807 4620 1178 4678 exaudiantur
1222 4619 1293 4676 ad
1343 4618 1625 4688 meritum,
1657 4634 1767 4691 quo
1795 4617 1845 4677 D
1874 4621 2058 4670 contra
2089 4614 2262 4671 Israel
2304 4614 2488 4685 (Nam.
2520 4630 2707 4683 xxxn,
2738 4612 2849 4687 l3).
2874 4611 3091 4670 Dicitur
3118 4614 3264 4670 Deus
3292 4612 3481 4686 poeni-

111 4713 289 4771 citius
319 4728 454 4770 non
490 4710 872 4768 exaudiuntur
899 4709 968 4767 ad
997 4717 1210 4767 votum.
1243 4708 1398 4766 Unde
1417 4708 1552 4765 alias
1579 4707 1763 4780 scrip-

113 4809 234 4861 tum
268 4812 399 4863 est:
438 4803 595 4861 Deus
614 4818 778 4869 meus,
800 4801 1036 4859 clamabo
1059 4817 1159 4874 per
1186 4800 1343 4869 diem,
1373 4818 1463 4857 nec
1491 4799 1762 4867 exaudies,

112 4901 159 4952 et
185 4900 351 4955 nocte
387 4894 586 4971 (Psal.
626 4908 749 4965 xxr,
780 4890 860 4968 3).
893 4894 1074 4968 Atque
1103 4891 1220 4966 ipsa
1248 4890 1460 4949 utilitas
1488 4889 1554 4947 de
1584 4907 1764 4948 exau-

187 5088 206 5131 ί
241 5088 336 5153 Ita
374 5084 600 5151 melius
636 5086 766 5149 Mss.
812 5102 977 5164 quam
1024 5084 1200 5160 Editi,
1249 5086 1307 5145 in
1338 5084 1539 5162 quibus
1566 5085 1766 5160 legitur

111 5166 297 5242 ﬁdelis
330 5173 649 5242 tamen._-
739 5236 752 5242 _
1026 5239 1034 5242 _
1357 5232 1394 5242 υ
1476 5232 1503 5242 Α
1623 5232 1633 5241 ,

183 5240 208 5275 ²
248 5241 519 5297 Recent.
569 5233 676 5291 Ed.
705 5236 942 5291 clamo...
988 5239 1035 5289 et
1062 5250 1169 5289 non
1198 5232 1438 5289 exaudis.
1473 5232 1765 5305 Sequimur

109 5310 244 5367 Mss.
283 5312 509 5368 Germ.
522 5348 538 5376 ,
567 5307 806 5377 Bellov.,
836 5305 1036 5375 Laud.,
1069 5306 1192 5364 Val.
1226 5303 1575 5373 Cl.,Norm.,_
1596 5303 1759 5362 Corb.

111 5381 314 5459 Germ.
348 5378 621 5459 ac_1_3dit.
660 5379 1089 5459 antiquissimus.
1196 5448 1230 5459 Δ,
1282 5450 1315 5459 ﬂ
1489 5449 1522 5459 __
1558 5448 1593 5459 υ

180 5458 204 5491 ³
240 5456 411 5511 Hinc
446 5452 635 5523 liquet
660 5450 730 5507 ad
766 5447 1006 5507 mentem
1034 5448 1234 5523 sancti
1275 5449 1525 5523 Gregorii
1558 5447 1762 5523 librum

110 5526 215 5601 Iob
238 5527 412 5601 inter
445 5521 667 5601 Arabes
683 5522 1075 5601 commorantis
1095 5522 1251 5601 prius
1265 5521 1480 5577 arabice
1496 5521 1764 5601 scriptum

106 5598 317 5657 fuisse.
356 5596 660 5656 Caeterum
686 5594 789 5652 Job
817 5595 878 5651 in
904 5591 1114 5651 Arabia
1135 5593 1341 5649 vixisse
1369 5591 1767 5659 constat;’hinc

109 5671 298 5744 vicini
332 5666 546 5727 Sabaei
578 5665 803 5744 in__ejus
839 5666 1064 5723 domum
1095 5665 1542 5744 irruerunt,‘_.lob
1582 5680 1622 5732 I,
1676 5664 1762 5744 15ζ

106 5742 351 5818 Moyses
374 5746 586 5798 autem
616 5736 724 5795 diu
737 5746 1123 5818 commoratus
1140 5737 1285 5818 apud
1299 5736 1765 5818 Mad.iani.tas,vqui

106 5805 425 5873 Arabibus
446 5817 840 5881 accensentur,
864 5818 1038 5868 totam
1066 5805 1353 5867 historiam
1376 5807 1593 5881 didicit.
1625 5805 1767 5864 Vide

108 5887 293 5961 infra,
317 5886 366 5945 ι.
416 5899 619 5954 xxxv,
647 5897 767 5957 cap.
790 5877 925 5942 olim
957 5881 1046 5953 13,
1076 5896 1227 5941 nunc
1254 5896 1411 5940 num.
1443 5877 1532 5937 43.

1873 4710 2014 4775 tens,
2037 4704 2181 4762 sicut
2210 4704 2475 4778 scriptum
2499 4710 2581 4760 est
2606 4722 2616 4761 :
2651 4703 2872 4761 Pa’nitet
2900 4721 2978 4758 me
3012 4702 3195 4775 fecisse
3221 4703 3479 4759 hominem

1875 4795 1896 4831 δ
1924 4810 2082 4867 super
2112 4802 2312 4851 terram
2349 4795 2559 4867 (Genes.
2582 4810 2662 4863 vr,
2687 4792 2765 4867 7).
2798 4793 2871 4849 Et
2899 4808 3118 4849 rursus:
3148 4792 3372 4850 Paenitet
3399 4810 3479 4847 me

1872 4885 2014 4956 quod
2042 4885 2403 4943 constituerim
2436 4885 2569 4941 Saul
2596 4885 2617 4919 "
2650 4899 2820 4956 regem
2849 4881 2905 4939 in
2933 4883 3106 4941 Israel
3138 4884 3197 4956 (Ι
3218 4886 3343 4955 Reg.
3375 4898 3472 4947 xv,

1944 5082 1966 5119 ⁴
1988 5078 2360 5157 Restituimus
2375 5078 2527 5137 hunc
2547 5077 2730 5135 locum
2753 5094 2823 5157 ex
2844 5077 2972 5157 Mss.
2997 5074 3241 5157 Anglic.,
3255 5074 3443 5157 l‘f‘orm.
3458 5118 3471 5144 ,

1872 5154 2073 5223 Laud.,
2102 5155 2340 5221 Bellov.,
2372 5160 2503 5221 etc.,
2535 5168 2660 5208 cum
2690 5150 2844 5223 prius
2874 5151 3164 5223 legeretur,
3188 5147 3247 5201 in
3275 5147 3470 5223 _Gil_ot.,

1874 5219 2079 5295 Vaticf,
2103 5219 2401 5292 Gussantz,
2422 5219 2631 5293 aliquid
2652 5219 2945 5295 iiidignum.
2970 5221 3049 5273 Ita
3068 5225 3251 5273 tamen
3275 5219 3474 5295 legitur

1872 5299 1929 5355 in
1952 5291 2136 5354 Germ.
2164 5306 2217 5351 et
2248 5291 2408 5353 Corb.
2435 5291 2619 5351 Germ.
2644 5293 2961 5347 Lectionem
2984 5296 3227 5345 nostram
3260 5291 3474 5346 conﬁr-

1874 5378 1987 5426 mat
2014 5371 2225 5440 integer
2253 5374 2565 5440 contextus,
2594 5381 2663 5418 ex
2693 5380 2807 5440 quo
2834 5361 3016 5440 liquet
3028 5370 3276 5440 mentem
3297 5364 3474 5440 sancti

1874 5433 2268 5500 Doctorisiesse
2300 5438 2585 5494 ostendere
2615 5433 2872 5507 mortales
2902 5433 3043 5507 nihil
3077 5434 3144 5489 de
3173 5437 3287 5490 Deo
3312 5435 3475 5507 cogi-

1874 5523 1987 5572 tare
2017 5514 2104 5568 vel
2136 5511 2288 5582 loqui
2317 5525 2473 5582 posse
2502 5514 2654 5582 tanta
2684 5504 2974 5582 majestate
2993 5505 3242 5582 dignum.

1947 5588 1968 5621 ⁵
2018 5577 2705 5653 Οωὶῐῐὶ’ῐαι”ροιῄιιιιοῐίγει
2746 5577 3013 5650 particula
3042 5578 3099 5633 in
3130 5578 3300 5653 pl_ur.,
3330 5578 3477 5653 legi—

1875 5668 2094 5732 turque,
2135 5672 2337 5710 summa
2384 5650 2585 5732 dicina.
2618 5651 2846 5732 ﬁcum,
2875 5667 3082 5706 summa
3123 5650 3279 5706 etiam
3316 5651 3472 5705 verba

1875 5723 2088 5799 divi-na,
2110 5742 2491 5797 nonnunquam
2520 5725 2582 5779 de
2608 5723 2936 5803 Deohutitur.
2985 5801 2993 5803 _
3068 5793 3083 5803 ‘
3154 5792 3166 5803 .

1948 5806 1971 5841 θ
2007 5793 2169 5859 Deest
2197 5793 2356 5870 super
2387 5795 2673 5870 terramiin
2701 5794 2913 5852 Gemet.
2948 5801 3002 5850 et
3031 5793 3327 5864 plerisque.

1948 5877 1967 5909 ⁷
2008 5872 2206 5943 Laud,
2234 5869 2401 5943 regem
2433 5869 2625 5927 Israel.
