3928 6372
476 304 581 362 175

1681 295 1924 354 SANCTl
1965 291 2303 354 GREGORII
2340 291 2568 353 MAGNI

3665 291 3762 349 176

445 433 565 505 il).
597 427 816 488 Dicitur
836 425 1172 493 misericors,
1202 426 1346 481 sicut
1373 423 1640 495 scriptum
1671 430 1788 479 est:
1821 423 2050 482 Miseri—
2077 422 2130 483 A
2163 419 2424 478 videntur
2467 419 2598 494 quia
2637 427 2789 489 sunt,
2828 419 2924 476 sed
2966 417 3091 476 ideo
3120 425 3270 486 sunt,
3311 416 3440 490 quia
3481 415 3760 505 videntur.

445 536 564 577 cors
583 525 634 576 et
658 518 944 575 miserator
970 513 1252 581 Dominus,
1269 513 1480 584 patiens
1507 519 1556 568 et
1581 515 1808 569 multum
1833 512 2055 568 miseri-

447 627 566 667 cors
595 608 778 683 (Psal.
825 620 1038 673 LXXXV,
1072 603 1185 674 15).
1217 601 1434 658 Dicitur
1475 601 1756 674 praescius,
1798 601 1943 658 sicut
1987 600 2054 656 de

445 699 548 756 illo
587 698 666 753 ait
711 693 1038 766 Apostolus:
1087 694 1229 760 Quos
1263 692 1548 764 praesciuit,
1575 699 1624 748 et
1657 691 2057 764 prwdeslinavit

446 786 744 858 conformes
763 783 885 856 ﬁeri
902 781 1150 854 imaginis
1169 781 1300 838 Filii
1319 782 1405 838 sui
1435 781 1611 853 (Rom.
1633 799 1760 851 vm,
1777 782 1894 854 29),
1921 781 2053 837 dum

447 892 553 935 nec
577 875 752 943 zelus,
771 887 874 930 nec
902 873 1005 941 ira,
1026 887 1130 928 nec
1157 871 1505 944 poenitentia,
1532 888 1635 929 nec
1654 873 1876 945 proprie
1895 871 2053 926 mise-

447 965 709 1036 ricordia,
751 979 853 1022 nec
899 963 1244 1038 praescientia
1284 980 1400 1021 esse
1443 964 1616 1038 possit
1653 962 1713 1019 in
1757 963 1891 1018 Deo.
1927 961 2056 1017 Haec

447 1071 690 1130 namque
732 1052 923 1110 omnia
965 1053 1034 1108 ab
1082 1051 1342 1110 humanis
1383 1052 1444 1108 in
1485 1053 1647 1108 illum
1694 1048 2057 1124 qualitatibus

448 1153 624 1203 tracta
663 1151 814 1214 sunt,
855 1142 988 1200 dum
1028 1142 1099 1200 ad
1138 1151 1340 1200 nostrae
1384 1141 1726 1199 inﬁrmitatis
1755 1141 1921 1198 verba
1949 1139 2058 1196 de—

447 1233 754 1303 scenditur,
775 1239 858 1302 ut,
881 1231 1038 1306 quasi
1063 1230 1394 1305 quibusdam
1413 1230 1575 1288 nobis
1595 1229 1856 1304 gradibus
1871 1228 2053 1297 factis,

448 1331 506 1382 et
526 1323 691 1396 juxta
729 1338 832 1380 nos
860 1321 1078 1396 positis,
1107 1337 1204 1394 per
1230 1337 1295 1378 ea
1335 1337 1458 1394 quae
1486 1319 1649 1377 nobis
1684 1318 1872 1376 vicina
1913 1333 2058 1375 con-

449 1411 716 1486 spicimus
759 1410 830 1468 ad
865 1425 1082 1467 summa
1127 1407 1248 1482 ejus
1274 1409 1567 1466 ascendere
1593 1407 1923 1482 quandoque
1951 1422 2060 1464 va—

450 1502 683 1559 leamus.
733 1502 748 1536 ¹
805 1499 984 1558 Zelari
1029 1497 1180 1554 enim
1223 1497 1428 1556 dicitur
1483 1497 1579 1572 qui
1631 1513 1757 1554 cum
1807 1495 2059 1553 cruciatu

452 1591 656 1649 mentis
683 1590 990 1649 castitatem
1016 1587 1261 1646 custodit
1287 1587 1502 1646 uxoris.
1534 1585 1701 1644 Irasci
1727 1585 1935 1642 dicitur
1961 1583 2060 1657 qui

401 1717 407 1721 -
451 1678 670 1736 fervore
693 1677 866 1734 animi
894 1683 1088 1734 contra
1111 1673 1455 1750 puniendum
1484 1674 1689 1732 vitium
1713 1673 2056 1732 accenditur.

2162 511 2306 567 Dum
2326 525 2454 582 ergo
2474 509 2544 566 ad
2571 508 2738 566 verba
2758 507 3146 566 mutabilitatis
3164 513 3365 564 nostra:
3393 504 3764 573 descenditur,

2163 617 2234 657 ex
2262 601 2342 658 eis
2369 599 2701 673 quibusdam
2731 597 2991 672 gradibus
3019 597 3179 654 factis
3198 594 3453 653 ascendat
3474 594 3572 668 qui
3592 599 3768 667 potest

2163 691 2234 746 ad
2275 688 2888 746 incommutabilitatem
2926 686 3050 756 Dei,
3079 693 3142 742 ut
3179 685 3364 741 videat
3392 683 3513 740 sine
3538 684 3652 739 zelo
3677 697 3770 737 ze-

2164 780 2392 848 lantem,
2423 779 2540 834 sine
2568 778 2649 834 ira
2679 778 3026 844 irascentem,
3054 775 3173 832 sine
3201 774 3390 830 dolore
3419 780 3476 828 et
3505 773 3771 846 poeniten.

2161 867 2241 924 tia
2280 867 2664 940 pmnitentem,
2709 866 2828 922 sine
2878 865 3080 922 misero
3125 863 3289 920 corde
3331 860 3766 931 misericordem,

2165 958 2187 992 ⁴
2224 956 2342 1012 sine
2371 955 2800 1030 prmvisionibus
2825 955 3224 1028 praescientem.
3275 952 3337 1006 In
3366 947 3466 1004 illo
3494 949 3642 1004 enim
3670 965 3770 1006 nec

2163 1047 2458 1120 praeterita,
2505 1063 2609 1102 nec
2654 1046 2843 1102 futura
2885 1043 3113 1118 reperiri
3161 1046 3390 1114 queunt,
3435 1037 3530 1093 sed
3573 1046 3769 1096 cuncta

2165 1135 2456 1192 mutabilia
2484 1135 2910 1192 immutabiliter
2937 1134 3162 1200 durant,
3191 1137 3244 1186 et
3273 1145 3394 1202 quae
3423 1129 3444 1163 ⁵
3490 1128 3550 1184 in
3577 1128 3770 1201 seipsis

2165 1224 2332 1282 simul
2361 1224 2599 1282 existere
2627 1241 2742 1281 non
2771 1230 3025 1298 possunt,
3067 1221 3152 1277 illi
3183 1217 3350 1276 simul
3383 1216 3572 1273 omnia
3599 1217 3770 1276 assis-

2165 1320 2316 1384 tunt,
2345 1313 2602 1387 nihilque
2630 1314 2689 1370 in
2719 1313 2818 1370 illo
2844 1309 3089 1386 praeterit
3117 1307 3268 1382 quod
3295 1305 3516 1374 transit,
3547 1306 3677 1379 quia
3713 1307 3772 1364 in

2167 1403 2472 1460 aeternitate
2517 1403 2636 1476 ejus
2680 1401 2846 1459 modo
2900 1400 3142 1475 quodam
3196 1395 3772 1468 incomprehensibili,

2167 1501 2367 1552 cuncta
2407 1491 2695 1550 volumina
2747 1491 3078 1549 saeculorum
3129 1487 3483 1548 transeuntia
3529 1495 3775 1558 manent,

2167 1582 2447 1642 currentia
2476 1589 2646 1639 stant.

2240 1672 2380 1747 [γει.
2429 1669 2627 1746 χχν]
2671 1670 2760 1728 64.
2806 1671 2948 1727 Deus
2991 1669 3221 1726 crudelis
3261 1670 3498 1736 videtur,
3547 1669 3779 1740 quando,

451 1764 723 1823 Pmnitere
769 1764 974 1822 dicitur
1013 1765 1106 1823 cui
1148 1764 1207 1822 id
1251 1763 1400 1838 quod
1442 1763 1578 1822 fecit
1618 1763 1894 1836 displicet,
1938 1769 1993 1818 et
2031 1777 2060 1818 e
2088 1789 2136 1851 B
2169 1764 2264 1821 etsi
2281 1763 2428 1835 juste
2449 1762 3046 1836 feriendo,nonparcit.
3069 1761 3310 1818 —Sicut
3329 1777 3456 1835 ergo
3482 1759 3783 1835 accipimus

451 1863 646 1917 contra
665 1854 933 1913 mutando
951 1853 1165 1930 aliquid
1181 1854 1335 1911 aliud
1355 1853 1506 1912 facit.
1529 1853 1841 1910 Misericors
1854 1852 2062 1909 dicitur

455 1947 553 2022 qui
580 1945 782 2020 pietate
811 1946 884 2004 ad
925 1945 1242 2019 proximum
1275 1951 1647 2017 permovetur.
1683 1941 2062 2000 Misericordia

453 2042 638 2094 autem
667 2052 698 2091 a
723 2035 924 2092 misero
953 2033 1116 2092 corde
1146 2041 1340 2092 vocata
1367 2040 1470 2104 est,
1493 2051 1558 2093 eo
1589 2031 1738 2107 quod
1768 2031 2062 2106 unusquis-

453 2141 560 2201 que
589 2126 872 2184 intueatur
899 2126 1213 2201 quempiam
1242 2125 1528 2196 miserum,
1570 2131 1735 2199 atque
1763 2125 1813 2182 ei
1843 2140 2060 2198 compa-

453 2215 618 2287 tiens,
649 2216 784 2274 dum
812 2215 1002 2273 dolore
1029 2215 1203 2272 animi
1233 2215 1498 2288 tangitur,
1529 2214 1645 2289 ipse
1672 2231 1768 2272 cor
1795 2214 2060 2271 miserum

453 2305 610 2374 facit,
632 2313 696 2362 ut
723 2320 850 2362 eum
879 2321 912 2362 a
939 2304 1162 2362 miseria
1189 2303 1387 2362 liberet
1404 2304 1495 2362 cui
1517 2304 1780 2362 intendit.
1799 2302 2062 2360 Praescire

453 2391 662 2451 dicitur
703 2393 799 2468 qui
852 2409 1299 2468 unamquamque
1351 2411 1468 2450 rem
1521 2401 1814 2466 antequam
1872 2391 2062 2448 veniat

453 2481 628 2552 videt,
676 2489 733 2540 et
767 2481 826 2540 id
872 2483 1021 2558 quod
1065 2483 1318 2540 futurum
1357 2491 1439 2540 est
1473 2483 1793 2558 priusquam
1824 2498 2062 2556 praesens

453 2569 552 2628 ﬁat
595 2570 884 2643 praevidet.
925 2573 1073 2629 Deus
1117 2588 1246 2645 ergo
1292 2573 1570 2646 quomodo
1613 2573 1795 2630 zelans
1831 2579 1935 2642 est,
1966 2569 2064 2644 qui

455 2658 515 2716 in
543 2659 906 2717 custodienda
928 2660 1179 2718 castitate
1206 2667 1395 2717 nostra
1422 2661 1580 2718 nullo
1608 2660 1812 2718 mentis
1841 2659 2064 2718 crucia-

454 2755 518 2807 tu
543 2748 834 2822 tangitur?
863 2749 1152 2818 Quomodo
1179 2749 1458 2822 irascitur,
1499 2751 1598 2825 qui
1643 2751 1702 2808 in
1731 2749 2064 2810 ulciscendis

454 2838 612 2896 vitiis
627 2838 834 2896 nostris
851 2839 1007 2896 nulla
1026 2838 1438 2912 perturbatione
1458 2839 1631 2896 animi
1643 2839 2064 2897 commovetur?

455 2928 746 3000 Quomodo
773 2937 856 2986 est
885 2928 1182 3004 pcenitens,
1205 2929 1301 3002 qui
1326 2929 1385 2986 id
1414 2929 1563 3003 quod
1591 2929 1759 2986 semel
1790 2929 1983 2988 fecerit
2007 2945 2064 2987 se

454 3019 651 3077 fecisse
679 3035 1025 3093 nequaquam
1069 3019 1218 3076 dolet
1238 3019 1266 3077 ?
1297 3019 1586 3088 Quomodo
1623 3019 1789 3077 habet
1835 3020 2067 3077 miseri-

453 3108 722 3180 cordiam,
763 3109 860 3183 qui
901 3125 999 3168 cor
1037 3125 1323 3182 nunquam
1354 3109 1617 3166 miserum
1648 3109 1814 3166 habet
1835 3109 1864 3166 7
1905 3109 2066 3178 Quo-

457 3198 624 3256 modo
653 3205 736 3255 est
761 3197 1044 3270 praescius,
1074 3197 1208 3254 dum
1239 3198 1393 3256 nulla
1419 3197 1530 3254 nisi
1561 3215 1681 3271 quae
1710 3199 1899 3256 futura
1931 3207 2063 3256 sunt

456 3285 863 3360 praesciantur?
891 3288 964 3342 Et
984 3285 1190 3344 scimus
1219 3287 1349 3360 quia
1371 3289 1486 3344 Deo
1513 3287 1763 3344 futurum
1792 3289 1936 3344 nihil
1957 3297 2060 3358 est,

457 3383 585 3433 ante
604 3372 766 3446 cujus
785 3374 974 3432 oculos
993 3375 1270 3447 praeterita
1289 3375 1446 3432 nulla
1465 3383 1616 3444 sunt,
1639 3379 1930 3448 praesentia
1947 3395 2060 3434 non

457 3471 768 3533 transeunt,
813 3464 1001 3520 futura
1045 3481 1160 3520 non
1205 3463 1460 3534 veniunt,
1492 3465 1693 3538 quippe
1728 3466 1858 3540 quia
1899 3483 2061 3524 omne

458 3554 608 3629 quod
637 3553 798 3610 nobis
817 3553 926 3610 fuit
949 3561 1003 3610 et
1026 3553 1152 3623 erit,
1179 3553 1238 3610 in
1262 3552 1380 3626 ejus
1399 3564 1696 3626 conspectu
1715 3563 1914 3628 praesto
1944 3565 2024 3614 est
2043 3575 2056 3626 ;

457 3652 514 3702 et
549 3658 713 3702 omne
759 3643 906 3717 quod
957 3660 1196 3717 praesens
1240 3652 1342 3715 est,
1394 3645 1416 3680 ²
1463 3645 1604 3702 scire
1655 3655 1835 3720 potest
1879 3647 2064 3720 potius

459 3747 626 3806 quam
673 3733 949 3805 praescire.
993 3733 1068 3788 Et
1112 3739 1298 3789 tamen
1343 3733 1549 3790 dicitur
1601 3735 1807 3804 zelans,
1856 3735 2063 3793 dicitur

459 3823 656 3894 iratus,
698 3823 906 3882 dicitur
951 3823 1245 3897 paenitens,
1289 3831 1434 3890 667
1475 3827 1684 3885 dicitur
1728 3827 2060 3898 misericors,

457 3925 666 3984 dicitur
691 3925 976 4000 praescius,
998 3933 1062 3982 ut
1089 3924 1220 3999 quia
1247 3925 1555 3983 castitatem
1575 3926 1774 3984 animas
1801 3927 2062 3986 uniuscu-

451 4013 655 4088 jusque
708 4015 974 4084 custodit,
1029 4013 1275 4072 humano
1333 4014 1498 4072 modo
1557 4016 1740 4073 zelans
1811 4025 2060 4088 vocetur,

457 4104 714 4178 quamvis
767 4104 970 4161 mentis
1017 4105 1270 4162 cruciatu
1318 4121 1432 4162 non
1481 4113 1755 4179 tangatur.
1808 4107 1881 4163 Et
1934 4107 2064 4181 quia

457 4193 651 4266 culpas
677 4193 940 4266 percutit,
970 4191 1176 4250 dicitur
1205 4193 1389 4263 irasci,
1421 4194 1678 4267 quamvis
1704 4196 1860 4252 nulla
1887 4196 2063 4252 animi

457 4280 873 4354 perturbatione
909 4287 1218 4337 moveatur.
1257 4282 1330 4338 Et
1365 4282 1497 4355 quia
1535 4283 1652 4356 ipse
1698 4283 2066 4342 immutabilis

459 4371 518 4429 id
560 4371 710 4446 quod
753 4371 994 4429 voluerit
1030 4379 1227 4441 mutat,
1257 4373 1523 4445 pamitere
1562 4373 1770 4431 dicitur
1811 4376 2064 4448 quamvis

459 4475 577 4518 rem
621 4467 818 4531 mutet,
849 4460 1146 4518 consilium
1187 4476 1301 4518 non
1344 4469 1539 4518 mutet.
1571 4463 1646 4519 Et
1672 4479 1800 4520 cum
1829 4463 2063 4520 miseriae

460 4558 663 4608 nostra:
691 4549 970 4620 subvenit,
1003 4550 1314 4608 misericors
1342 4559 1592 4622 vocatur,
1623 4553 1876 4626 quamvis
1904 4555 2063 4612 mise-
2091 4523 2140 4583 D

459 4639 539 4696 ris
564 4639 878 4709 subveniat,
908 4647 963 4698 et
999 4656 1096 4698 cor
1121 4641 1383 4698 miserum
1412 4656 1696 4716 nunquam
1727 4641 1944 4700 habeat.
1990 4645 2064 4700 Et

461 4727 592 4801 quia
619 4744 683 4785 ea
713 4743 834 4802 quae
864 4728 1026 4786 nobis
1047 4729 1236 4786 futura
1261 4737 1392 4787 sunt
1419 4731 1592 4798 videt,
1609 4747 1730 4804 quae
1749 4739 1932 4788 tamen
1957 4731 2064 4806 ipsi

457 4833 675 4891 semper
702 4827 900 4892 praesto
942 4825 1093 4890 sunt,
1133 4820 1392 4892 praescius
1419 4819 1645 4890 dicitur,
1676 4822 1928 4894 quamvis
1956 4839 2064 4879 ne—

381 4903 394 4921 '
459 4923 734 4982 quaquam
783 4909 1036 4966 futurum
1075 4909 1394 4982 praevideat,
1428 4909 1577 4984 quod
1617 4927 1856 4984 praesens
1887 4911 2058 4970 videt.

458 4999 596 5057 Nam
635 5007 691 5057 et
719 5016 952 5076 quaeque
976 5007 1129 5072 sunt,
1161 5003 1182 5038 ³
1213 5017 1326 5058 non
1354 5001 1414 5058 in
1444 5001 1748 5060 aeternitate
1777 5001 1897 5078 ejus
1936 5003 2062 5061 ideo

536 5263 557 5340 ξ
593 5263 746 5340 Editi
774 5274 979 5340 poster.
1011 5283 1140 5326 cum
1172 5266 1385 5338 Germ.,
1413 5269 1611 5326 zelare.

535 5334 796 5412 ’_Laud.,
833 5340 962 5395 sciri
993 5346 1167 5412 potest
1184 5334 1378 5412 potius
1401 5359 1561 5412 quam
1583 5340 1848 5412 prwsciri.
1885 5343 2060 5412 Quam

536 5359 558 5370 -
596 5359 795 5404 uauu.,
833 5359 962 5395 sciri
993 5359 1167 5411 potest
1184 5359 1368 5412 pomis
1437 5359 1561 5398 nam
1657 5359 1848 5399 wsciri.
1885 5359 1953 5412 ut

463 5403 758 5494 lecjipnem
786 5425 1058 5494 sequerer,
1090 5411 1224 5494 si'in
1255 5359 1953 5494 pluribusﬂgsiexstaret.

535 5477 560 5552 ἒ
593 5479 675 5552 I_ta
706 5477 878 5552 Cori);
902 5477 1112 5552 Germ.,
1139 5477 1370 5542 Vindoc.
1409 5493 1463 5542 et
1492 5486 1613 5544 Val.
1649 5487 1731 5544 Cl.
1775 5487 2064 5544 Consentit

600 5549 773 5632 Paris.
808 5549 1070 5632 1495..'_In
1096 5547 1450 5632 aliis_l_eg_i_tur
1479 5557 1546 5613 ab
1573 5559 1881 5628 cetemitate,
1913 5558 2063 5632 quod

463 5619 672 5676 habent
697 5619 908 5690 Germ.,
943 5621 1084 5678 Utic.
1115 5631 1169 5678 et
1196 5619 1509 5684 aliivNorm.

462 5691 835 5821 gamma
866 5691 1030 5751 Corb.
1067 5692 1276 5763 Germ.,
1306 5697 1479 5757 Laud.
1511 5708 1565 5756 et
1592 5701 1712 5769 alii,
1743 5701 1855 5758 sine
1878 5702 2060 5772 provi-

2169 1857 2289 1914 sine
2316 1857 2435 1913 zelo
2459 1855 2754 1921 zelantem,
2783 1853 2903 1910 sine
2932 1853 3015 1910 ira
3044 1853 3397 1922 irascentem,
3429 1851 3516 1908 ita
3540 1870 3573 1908 a
3596 1859 3784 1909 sancto

2171 1945 2294 2001 viro
2323 1945 2488 2002 etiam
2518 1945 2639 2001 sine
2667 1943 2995 2002 crudelitate
3015 1942 3128 2001 dici
3153 1943 3335 2016 potuit
3357 1942 3626 1999 crudelis.
3650 1942 3783 2000 Cru-

2170 2033 2312 2090 delis
2329 2031 2534 2108 quippe
2555 2033 2762 2091 dicitur
2781 2033 2875 2106 qui
2898 2031 3148 2090 districte
3168 2032 3418 2089 feriendo
3445 2049 3561 2089 non
3583 2031 3780 2106 parcit,

2169 2131 2232 2181 ut
2261 2124 2520 2182 videlicet
2549 2123 2655 2181 hoc
2683 2125 2805 2181 loco
2834 2123 3077 2180 crudelis
3099 2123 3349 2181 districte
3374 2123 3582 2180 feriens
3611 2121 3783 2196 possit

2169 2213 2430 2286 intelligi,
2473 2221 2532 2270 et
2571 2213 2901 2270 ulciscendae
2947 2215 3121 2287 culpae
3162 2231 3275 2270 non
3319 2228 3571 2286 parcens.
3624 2211 3780 2269 Unde

2170 2303 2336 2360 Isaias
2375 2319 2592 2377 quoque
2621 2321 2748 2362 cum
2779 2303 2993 2360 videret
3022 2303 3204 2360 ultimi
3228 2303 3430 2376 judicii
3473 2303 3628 2359 diem
3670 2318 3784 2360 non

2163 2393 2280 2468 jam
2309 2411 2436 2452 cum
2465 2395 2647 2464 venia,
2664 2394 2758 2451 sed
2787 2412 2914 2452 cum
2944 2394 3289 2452 districtione
3310 2411 3424 2451 esse
3452 2402 3784 2463 venturum,

2169 2483 2278 2541 ait:
2330 2487 2459 2541 Ecce
2505 2483 2614 2540 dies
2653 2484 2873 2541 Domini
2917 2484 3084 2539 veniet
3110 2484 3360 2550 crudelis,
3392 2485 3414 2519 ⁸
3443 2489 3492 2539 et
3519 2483 3788 2556 indigna-

2172 2573 2330 2630 tionis
2359 2575 2572 2646 plenus,
2614 2580 2664 2630 et
2689 2575 2788 2631 ira:
2830 2575 3140 2647 furoriqu
3184 2575 3320 2646 ejus,
3366 2575 3438 2630 ad
3478 2575 3788 2647 ponendam

2172 2669 2372 2720 terram
2400 2664 2421 2699 ⁷
2452 2664 2511 2718 in
2545 2663 2849 2730 solitudine,
2883 2670 2933 2719 et
2953 2670 3250 2736 peccatores
3291 2661 3404 2732 ejus
3441 2663 3791 2720 conterendos

2171 2751 2234 2808 de
2259 2769 2321 2808 ea
2351 2751 2510 2824 (Isai.
2533 2769 2661 2821 xm,
2681 2753 2763 2826 9).
2796 2754 3031 2810 Sanctus
3059 2752 3231 2824 igitur
3249 2751 3339 2806 vir
3363 2757 3426 2807 ut
3455 2749 3606 2809 hanc
3627 2768 3790 2808 eam-

2172 2841 2298 2899 dem
2353 2842 2736 2900 crudelitatem
2779 2843 2886 2900 sibi
2929 2843 3114 2916 potius
3159 2849 3425 2899 assereret
3475 2859 3791 2916 congruere

2171 2949 2350 3007 posse,
2382 2949 2546 3005 quam
2585 2934 2720 3002 Deo,
2750 2933 2864 2990 ait:
2897 2935 3137 2993 Mutatus
3171 2949 3224 2988 es
3245 2932 3378 2987 mihi
3405 2931 3464 2986 in
3491 2933 3788 2993 crudelem.

2171 3023 2254 3080 Ac
2293 3023 2341 3080 si
2382 3031 2566 3096 aperte
2595 3024 2743 3082 dicat
2771 3043 2784 3082 :
2822 3024 2928 3094 Qui
2957 3025 3018 3081 in
3047 3025 3222 3098 teipso
3253 3023 3610 3080 crudelitatis
3640 3023 3790 3082 nihil

2173 3111 2363 3182 habes,
2383 3113 2526 3172 mihi
2546 3130 2709 3187 quem
2725 3113 2993 3188 respirare
3017 3115 3036 3150 ³
3057 3131 3089 3170 a
3110 3113 3463 3186 percussione
3484 3131 3606 3170 non
3627 3114 3792 3185 sinis,

2170 3203 2410 3260 crudelis
2428 3203 2654 3260 videris.
2683 3205 2765 3261 Ita
2791 3205 2940 3260 enim
2971 3207 3118 3261 Deus
3145 3203 3383 3262 crudelis
3411 3221 3533 3262 esse
3558 3223 3678 3263 non
3701 3223 3795 3280 po-

2173 3300 2300 3362 test,
2324 3294 2471 3350 sicut
2497 3310 2600 3352 nec
2627 3296 2829 3352 mutari
2857 3295 3133 3352 ullatenus
3158 3303 3354 3368 potest.
3378 3295 3486 3352 Sed
3516 3297 3792 3370 quoniam

2172 3381 2230 3437 in
2253 3385 2368 3438 Deo
2392 3399 2493 3439 nec
2513 3384 2832 3454 crudelitas,
2855 3402 2956 3442 nec
2976 3385 3318 3441 mutabilitas
3338 3401 3593 3458 unquam
3611 3387 3795 3456 venit,

2171 3471 2305 3526 dum
2341 3471 2482 3527 mihi
2513 3472 2672 3542 dicit,
2705 3473 2854 3546 quod
2885 3473 2945 3530 in
2974 3475 3266 3546 semetipso
3293 3476 3472 3530 Deum
3509 3491 3620 3533 nec
3651 3493 3797 3534 cru-

2171 3559 2348 3617 delem
2396 3577 2498 3618 nec
2544 3563 2867 3619 mutabilem
2909 3563 3108 3619 sentiat
3153 3563 3416 3620 ostendit.
3458 3566 3611 3623 Nam
3658 3565 3798 3622 dum

2171 3650 2318 3707 circa
2344 3665 2446 3706 nos
2475 3651 2725 3724 quaedam
2754 3669 3013 3726 prospera
3037 3661 3091 3710 et
3119 3653 3348 3710 adversa
3377 3654 3706 3724 variantur,
3739 3655 3798 3711 in

2171 3755 2235 3796 eo
2256 3741 2405 3814 quod
2432 3757 2534 3798 nos
2564 3751 2847 3800 mutamur
2868 3744 3025 3818 quasi
3055 3743 3174 3817 ejus
3201 3744 3349 3806 circa
3373 3761 3478 3801 nos
3502 3753 3798 3802 mutatum

2171 3829 2420 3888 animum
2451 3832 2815 3906 suspicamur.
2847 3835 2966 3907 Ipse
2988 3851 3120 3891 vero
3145 3835 3206 3891 in
3219 3850 3278 3891 se
3301 3833 3800 3892 incommutabilis

2171 3935 2518 3994 permanens,
2539 3923 2701 3980 aliter
2725 3933 2888 3998 atque
2914 3925 3076 3980 aliter
3100 3924 3160 3980 in
3183 3924 3525 3998 cogitatione
3547 3925 3801 3982 sentitur

2172 4009 2488 4081 hominum,
2535 4028 2636 4084 pro
2685 4013 2950 4086 qualitate
2987 4013 3333 4070 meritorum.
3379 4015 3527 4072 Nam
3581 4023 3644 4073 et
3699 4016 3800 4072 lux

2172 4099 2306 4157 solis
2333 4116 2459 4158 cum
2489 4116 2837 4175 nequaquam
2866 4109 2949 4158 est
2973 4101 3307 4174 sibimetipsi
3337 4101 3670 4176 dissimilis,
3701 4104 3802 4161 in—

2172 4189 2350 4247 ﬁrmis
2377 4207 2588 4264 aspera,
2619 4191 2768 4249 sanis
2793 4199 2978 4250 autem
3007 4193 3186 4250 oculis
3214 4193 3357 4249 lenis
3393 4191 3663 4265 videtur,
3695 4212 3801 4252 eo-

2173 4296 2296 4337 rum
2325 4280 2588 4338 videlicet
2609 4279 3017 4352 immutatione,
3045 4299 3158 4340 non
3191 4299 3308 4340 sua.
3341 4281 3529 4354 Unde,
3553 4294 3624 4342 ut
3646 4302 3804 4360 prae-

2173 4369 2441 4439 diximus,
2460 4369 2688 4428 dicens:
2716 4373 2956 4431 Mutatus
2983 4387 3055 4439 es,
3081 4370 3358 4444 adjunxit,
3387 4373 3557 4441 Mihi,
3581 4383 3650 4432 ut
3681 4376 3804 4450 ipsa

2173 4458 2292 4516 haec
2318 4460 2617 4518 crudelitas
2643 4469 2806 4536 atque
2834 4461 3154 4518 immutatio
3182 4478 3294 4519 non
3321 4460 3396 4518 sit
3417 4461 3481 4519 in
3515 4465 3799 4538 qualitate

2166 4547 2394 4621 judicis,
2426 4549 2521 4606 sed
2549 4549 2609 4606 in
2637 4558 2822 4607 mente
2850 4550 3130 4624 patientis.
3155 4550 3314 4620 Quod
3343 4551 3537 4610 verbis
3569 4571 3800 4630 quoque

2170 4637 2296 4694 aliis
2324 4639 2544 4708 retexit,
2576 4641 2798 4699 dicens:
2838 4642 2913 4697 Et
2949 4641 3009 4696 in
3037 4641 3245 4698 duritia
3273 4647 3419 4706 668
3447 4659 3661 4700 manus
3697 4653 3801 4700 tua:

2170 4736 2476 4794 aduersaris
2513 4739 2663 4797 mihi.
2696 4740 2718 4776 θ
2759 4739 2955 4796 Manus
2995 4741 3199 4796 etenim
3233 4739 3333 4796 Dei
3363 4739 3510 4798 dura
3539 4741 3801 4800 creditur

2170 4843 2322 4894 cum,
2351 4829 2626 4886 voluntati
2649 4837 2848 4886 nostrae
2876 4831 3172 4913 contraria,
3203 4830 3310 4889 hoc
3337 4831 3492 4904 quod
3523 4833 3580 4889 ei
3611 4833 3677 4890 in
3701 4851 3800 4890 no-

2169 4919 2256 4976 bis
2284 4919 2537 4993 displicet
2563 4921 2813 4980 feriendo
2843 4922 3190 4996 persequitur
3207 4929 3262 4978 et
3289 4919 3513 4994 ﬂagella
3538 4922 3802 4997 ingemi-

2170 5017 2266 5067 nat
2293 5027 2420 5069 cum
2448 5010 2688 5070 dolentis
2714 5013 2903 5070 anima
2929 5012 3282 5072 clementiam
3305 5021 3627 5086 exspectat.
3663 5013 3800 5084 Quae

2242 5273 2263 5308 δ
2295 5271 2530 5346 Vindoc.
2542 5316 2558 5342 ,
2585 5291 2621 5330 a
2638 5273 2850 5346 seipsis.

2244 5347 2266 5382 θ
2297 5345 2509 5414 Germ.,
2557 5343 2808 5402 Utic.—et
2858 5343 2954 5400 alii
3005 5346 3222 5416 Norm.,
3269 5352 3316 5402 et
3367 5345 3800 5420 indignatione;

2164 5417 2377 5487 plenus.

2247 5490 2266 5524 ⁷
2299 5489 2510 5558 Germ.,
2553 5487 2820 5558 Vindoc.,
2866 5488 3066 5546 Pratel.
3099 5497 3154 5546 et
3181 5490 3284 5559 pl.,
3321 5489 3381 5545 in
3409 5491 3801 5549 solitudinem.

2243 5559 2266 5596 ⁸
2295 5559 2520 5632 Vulgati
2543 5578 2582 5634 a_
2601 5561 2978 5634 persecutione,
3000 5561 3149 5634 quod
3169 5559 3364 5634 durius
3380 5572 3556 5634 sonat
3580 5565 3655 5622 de
3681 5567 3802 5622 Deo

2169 5629 2534 5705 dictumfnec
2568 5629 2627 5687 in
2656 5632 2992 5690 membranis
3014 5629 3226 5690 nostris
3258 5631 3567 5705 reperitur.

2239 5703 2262 5738 θ
2292 5701 2555 5771 Vindoc.,
2583 5719 2773 5761 manus
2800 5705 2986 5762 etenim
3012 5705 3134 5772 Dei,
3162 5705 3249 5762 ira
3273 5701 3390 5762 Dei‘.
