3928 6386
434 379 541 438 179

1645 375 1895 435 SANCTI
1928 375 2271 437 GREGORII
2315 377 2544 440 MAGNI

3638 387 3736 445 180

433 505 570 564 catis
597 501 846 574 corripit,
877 509 932 557 et
963 511 1280 558 corruentes
1307 501 1504 571 salvat,
1535 500 1667 558 dum
1690 502 1945 560 cadentes
1971 501 2040 558 ad
2071 503 2122 564 A
2151 503 2533 562 descendendo
2581 505 2819 565 infirmis
2858 508 3069 580 intulit,
3112 509 3371 584 quoniam
3415 508 3736 584 quibusdam

433 598 652 668 culpam
681 594 742 650 in
771 594 1007 651 salutem
1023 593 1270 666 corporis
1283 594 1559 662 vulnerat,
1583 601 1645 650 ut
1671 594 1927 666 prostrati
1944 610 2038 650 ex-

434 687 625 755 terius,
657 684 889 742 interius
929 691 1175 756 surgant,
1220 690 1487 756 quatenus
1529 682 1771 756 jacentes
1813 700 2040 756 corpore

433 777 503 834 ad
531 775 852 834 interiorem
889 783 1094 832 statum
1136 773 1381 842 redeant,
1414 775 1508 847 qui
1555 781 1759 830 stantes
1789 775 2038 832 exterius

435 884 467 926 a
494 875 642 926 statu
669 865 869 924 mentis
892 863 1169 937 jacebant.
1203 864 1462 937 Sequitur
1497 881 1508 918 :

771 956 998 1015 CAPUT
1029 955 1270 1012 XXXVI
1299 953 1442 1028 [ηρσ.
1475 953 1701 1029 XXVI].

507 1051 678 1110 Vnus.
704 1048 792 1106 25.
815 1079 886 1090 —
906 1047 1120 1105 Flebant
1149 1047 1415 1118 quondam.
1435 1063 1594 1118 super
1621 1065 1676 1102 eo
1706 1047 1798 1119 qui
1817 1051 2037 1122 aﬂlictus

434 1147 570 1207 erat,
592 1147 639 1196 et
657 1139 1069 1212 compatiebatur
1089 1136 1269 1193 anima
1292 1153 1404 1192 mea
1429 1138 1677 1208 pauperi.

504 1230 595 1287 68.
653 1231 1003 1299 Eleemosyna
1037 1244 1102 1282 ea:
1143 1226 1331 1282 mentis
1358 1227 1544 1296 a/feclu
1571 1243 1672 1298 quo
1701 1225 1781 1298 ﬁt,
1808 1228 2037 1298 potissi-

435 1337 578 1378 mum
607 1318 940 1375 aestimanda.
972 1316 1304 1389 Largitorem
1334 1333 1438 1370 non
1468 1315 1640 1386 faciat
1667 1332 1846 1370 rerum.
1875 1317 2038 1372 abun-

434 1410 641 1478 dantia,
685 1410 772 1465 sed
813 1408 1122 1478 com-passio.
1154 1437 1225 1448 —
1253 1405 1516 1474 Quamvis
1561 1421 1689 1460 vera
1734 1406 2040 1478 compassio

433 1507 517 1558 est
544 1498 787 1572 passioni
818 1497 1059 1572 proximi
1107 1513 1178 1552 ex
1222 1494 1471 1566 largitate
1515 1510 1860 1563 concurrere,
1889 1511 2042 1551 non-

433 1605 720 1662 nunquam
748 1595 957 1660 tamen,
988 1603 1117 1644 cum
1162 1585 1438 1640 exteriora
1466 1599 1692 1657 quaeque
1722 1582 1941 1638 abunde
1971 1583 2038 1640 ad

429 1677 782 1753 largiendum
803 1684 1124 1748 suppetunt,
1155 1675 1388 1731 celerius
1414 1673 1596 1728 dantis
1623 1689 1818 1728 manus
1847 1672 2042 1729 datio-

434 1785 564 1828 nem
595 1768 815 1825 invenit
843 1783 1008 1840 quam
1039 1765 1260 1821 animus
1282 1763 1547 1818 dolorem.
1585 1763 1737 1818 Unde
1767 1763 1906 1820 scire
1937 1781 2044 1820 ne-

2148 591 2393 666 inopiam
2424 595 2565 653 ferre
2595 614 2708 654 non
2737 599 3050 656 valentibus
3078 598 3420 657 tolerabilius
3447 609 3528 656 est
3557 599 3738 658 minus

2149 684 2389 742 tribuere
2419 703 2583 761 quam
2618 697 2739 762 post
2787 691 3092 764 largitatem
3119 707 3274 747 suam
3307 706 3377 747 ex
3405 690 3602 764 inopize
3633 708 3741 749 an-

2149 775 2326 846 gustia
2345 792 2709 834 murmurare.
2733 779 2871 836 Nam
2893 787 2953 835 ut
2972 779 3040 836 ad
3061 797 3254 854 magna
3275 779 3540 852 largiendi
3561 781 3742 839 studia

2147 864 2498 922 audientium
2545 876 2757 924 mentes
2799 869 3140 936 accenderet,
3168 869 3332 941 paulo
3368 877 3492 940 post
3529 869 3740 942 intulit,

2147 951 2335 1013 dicens
2368 972 2380 1012 :
2417 958 2526 1013 Hoc
2553 965 2727 1014 autem
2756 958 2869 1014 dico
2903 975 2915 1014 :
2951 957 3052 1026 Qui
3067 975 3226 1030 parre
3251 958 3495 1026 seminat,
3521 975 3680 1030 parce
3697 967 3744 1018 et

2145 1052 2294 1101 uietet
2325 1047 2415 1119 (II
2437 1047 2563 1104 Cor.
2607 1065 2687 1116 1x,
2718 1047 2798 1117 6).
2832 1047 2963 1103 Plus
2993 1055 3176 1104 autem
3204 1063 3602 1122 nonnunquam
3630 1066 3743 1106 esse

2147 1133 2384 1192 dicimus
2413 1136 2652 1209 compati
2675 1153 2744 1192 ex
2774 1136 2958 1204 corde,
2975 1152 3137 1210 quam
3168 1136 3317 1206 dare,
3341 1137 3470 1211 quia
3497 1138 3745 1212 quisquis

2147 1226 2384 1298 perfecte
2411 1225 2683 1296 indigenti
2726 1226 3082 1300 compatitur,
3112 1227 3296 1284 minus
3323 1227 3560 1284 aestimat
3583 1245 3744 1287 omne

2148 1315 2298 1388 quod
2325 1315 2437 1372 dat.
2467 1315 2588 1372 Nisi
2630 1316 2780 1372 enim
2826 1316 3008 1374 dantis
3053 1331 3277 1372 manum
3314 1316 3458 1372 bona
3490 1318 3746 1377 voluntas

2150 1407 2396 1476 vincere,
2443 1406 2590 1463 idem
2637 1406 2964 1480 praedicator
3013 1405 3258 1478 egregius
3299 1405 3590 1480 discipulis
3636 1425 3746 1466 non

2150 1494 2382 1552 dixisset
2415 1512 2427 1552 :
2463 1496 2566 1565 Qui
2593 1514 2698 1552 non
2744 1497 2913 1553 solum
2939 1495 3133 1566 facere,
3163 1495 3250 1551 sed
3285 1503 3334 1551 et
3368 1497 3499 1552 velle
3526 1497 3748 1569 crepistis

2149 1589 2216 1644 ab
2245 1604 2384 1644 arma
2413 1588 2594 1660 priori
2623 1588 2712 1660 (II
2730 1589 2852 1645 Cor.
2876 1603 3001 1652 VIII,
3025 1586 3137 1658 10).
3159 1586 3340 1643 Facile
3366 1586 3568 1661 quippe
3589 1588 3747 1644 estin

2150 1680 2298 1737 bono
2318 1696 2478 1754 opere
2497 1679 2718 1737 obedire
2738 1680 2760 1714 ⁴
2779 1677 2944 1734 etiam
2965 1677 3263 1734 nolentem.
3297 1677 3404 1734 Sed
3419 1677 3536 1736 haec
3557 1695 3752 1752 magna

2153 1769 2212 1827 in
2243 1770 2532 1844 discipulis
2557 1770 2734 1826 virtus
2761 1767 3069 1837 exstiterat,
3101 1783 3192 1824 eos
3224 1767 3435 1826 bonum
3465 1768 3615 1845 quod
3642 1769 3753 1829 illis

437 1875 587 1918 cesse
619 1867 699 1916 est
729 1859 858 1932 quia
879 1857 972 1914 ille
1003 1856 1240 1930 perfecte
1268 1852 1485 1921 tribuit,
1517 1853 1611 1926 qui
1650 1872 1774 1912 cum
1805 1872 1868 1911 eo
1895 1859 2043 1930 quod
2075 1875 2122 1936 Β
2153 1869 2486 1936 praeceptum
2523 1865 2604 1914 est
2623 1865 2676 1914 et
2704 1865 2830 1913 ante
2859 1857 3121 1916 voluisse.

438 1949 650 2008 afﬂicto
683 1947 916 2023 porrigit
943 1946 1133 2004 afﬂicti
1163 1961 1378 2019 quoque
1406 1943 1464 1999 in
1493 1959 1548 2001 se
1577 1943 1824 2002 animum
1854 1948 2046 2020 sumit,

436 2047 500 2098 ut
528 2039 682 2112 prius
705 2039 764 2096 in
791 2056 848 2094 se
878 2035 1124 2094 dolentis
1153 2036 1462 2108 passionem
1494 2037 1804 2107 transferat,
1835 2046 1888 2094 et
1914 2047 2048 2095 tunc

437 2135 628 2188 contra
643 2127 889 2185 dolorem
908 2126 1060 2182 illius
1080 2142 1176 2199 per
1193 2125 1563 2184 ministerium
1581 2135 1890 2186 concurrat.
1907 2129 2045 2186 Nam

437 2235 600 2292 saepe,
617 2226 680 2274 ut
707 2217 1089 2291 praediximus,
1118 2216 1432 2288 largitorem
1449 2219 1696 2276 muneris
1711 2235 1896 2275 rerum
1913 2217 2046 2274 facit

439 2307 797 2378 abundantia,
833 2315 887 2365 et
926 2325 1040 2365 non
1086 2307 1266 2364 virtus
1305 2310 1724 2384 compassionis.
1759 2310 1865 2378 Qui
1894 2308 2043 2365 enim

437 2408 644 2464 afﬂicto
671 2409 910 2481 perfecte
939 2408 1292 2480 compatitur,
1327 2404 1472 2464 670
1503 2411 1825 2484 plerumque
1854 2414 1909 2463 et
1937 2406 2044 2463 hoc

438 2497 712 2571 indigenti
740 2497 959 2567 tribuit,
996 2500 1012 2534 ¹
1041 2498 1100 2554 in
1127 2515 1236 2572 quo
1257 2500 1372 2574 ipse
1388 2501 1433 2557 si
1455 2500 1666 2557 dederit
1694 2503 2037 2570 angustatur.

436 2587 510 2644 Et
536 2595 670 2645 tunc
699 2588 860 2660 plena
889 2595 970 2644 est
998 2587 1179 2645 cordis
1207 2591 1382 2646 nostri
1413 2587 1742 2661 compassio,
1773 2601 1898 2641 cum
1929 2599 2040 2639 ma-

439 2677 556 2734 lum
579 2676 780 2750 inopiae
807 2694 904 2750 pro
923 2678 1178 2750 proximo
1206 2679 1481 2751 suscipere
1506 2691 1618 2732 non
1638 2671 1958 2742 metuimus,
1978 2681 2039 2730 ut

443 2765 602 2824 illum
639 2784 671 2822 a
699 2766 950 2840 passione
978 2767 1295 2825 liberemus.

509 2857 598 2914 69.
629 2857 851 2914 Pietatis
887 2857 1119 2928 formam
1151 2855 1394 2914 Christus
1420 2851 1568 2908 nobis
1598 2849 1758 2918 dedit,
1789 2859 1836 2906 et
1864 2853 2038 2908 docuit

441 2947 664 3004 Paulus.
696 2977 768 2990 —-
793 2947 966 3016 Quam
992 2947 1250 3004 videlicet
1277 2941 1494 3018 pietatis
1517 2939 1749 2998 formam
1771 2942 2038 3000 Mediator

443 3039 603 3095 nobis
628 3039 725 3096 Dei
755 3047 810 3097 et
837 3039 1129 3098 hominum
1162 3036 1332 3094 dedit.
1365 3032 1472 3102 Qui
1508 3049 1636 3091 cum
1664 3042 1846 3106 posset
1875 3035 2036 3093 nobis

441 3130 605 3186 etiam
649 3145 761 3186 non
802 3128 1089 3186 moriendo
1131 3139 1477 3191 concurrere,
1521 3122 1813 3180 subvenire
1850 3131 2034 3181 tamen

443 3218 730 3276 moriendo
751 3217 1069 3276 hominibus
1089 3211 1287 3278 voluit,
1305 3211 1433 3285 quia
1454 3228 1552 3269 nos
1574 3212 1834 3271 videlicet
1849 3214 2034 3272 minus
2071 3239 2114 3302 ρ

443 3317 694 3380 amasset,
723 3308 834 3367 nisi
861 3315 916 3365 et
949 3305 1179 3362 vulnera
1206 3309 1393 3359 nostra
1413 3303 1762 3376 susciperet;
1789 3321 1891 3362 nec
1920 3304 2036 3363 vim

441 3400 600 3459 nobis
627 3418 739 3460 suae
775 3393 1089 3460 dilectionis
1117 3393 1139 3430 ³
1168 3392 1500 3461 ostenderet,
1548 3393 1658 3451 nisi
1697 3394 1804 3452 hoc
1832 3395 1981 3468 quod
2008 3413 2041 3453 a

442 3491 602 3550 nobis
629 3482 848 3549 tolleret
871 3485 943 3546 ad
983 3492 1200 3558 tempus
1241 3484 1357 3556 ipse
1400 3486 1716 3543 sustineret.
1748 3486 2039 3544 Passibiles

443 3583 643 3656 quippe
679 3578 1041 3648 mortalesque
1069 3590 1169 3630 nos
1201 3575 1424 3646 reperit,
1455 3584 1508 3632 et
1536 3576 1632 3650 qui
1672 3593 1772 3633 nos
1805 3577 2040 3635 existere

443 3670 574 3728 fecit
601 3687 672 3728 ex
707 3666 908 3734 nihilo,
965 3676 1221 3720 revocare
1277 3664 1536 3723 videlicet
1590 3667 1756 3722 etiam
1789 3667 1908 3723 sine
1943 3685 2041 3725 sua

443 3765 622 3822 morte
645 3753 828 3830 potuit
853 3767 887 3810 a
913 3751 1184 3824 passione.
1224 3753 1330 3811 Sed
1373 3763 1435 3812 ut
1462 3763 1666 3828 quanta
1695 3765 1836 3813 esset
1863 3757 2043 3816 virtus

439 3833 836 3918 compassidnis
861 3841 1192 3914 ostenderet,
1214 3843 1336 3901 fieri
1367 3861 1471 3918 pro
1498 3845 1659 3903 nobis
1689 3846 1946 3920 dignatus
1961 3857 2043 3906 est

442 3939 464 3974 ³
494 3935 641 4010 quod
670 3949 785 3990 esse
813 3949 914 3989 nos
939 3933 1140 4004 noluit,
1171 3943 1234 3992 ut
1261 3935 1321 3992 in
1349 3938 1642 4010 semetipso
1669 3941 2043 4012 temporaliter

441 4032 675 4084 mortem
703 4021 1023 4095 susciperet,
1051 4039 1215 4098 quam
1244 4041 1277 4082 a
1305 4025 1467 4082 nobis
1492 4027 1550 4082 in
1581 4036 1906 4100 perpetuum
1943 4031 2043 4088 fu-

441 4123 611 4190 garet.
645 4112 736 4170 An
764 4128 875 4170 non
900 4112 960 4168 in
989 4113 1301 4172 divinitatis
1327 4131 1438 4171 suae
1467 4115 1682 4173 divitiis
1712 4117 1872 4174 nobis
1901 4119 2043 4175 invi-

442 4205 622 4264 sibilis
638 4221 986 4278 permanens,
1004 4206 1165 4263 miris
1183 4223 1285 4264 nos
1304 4208 1484 4280 potuit
1503 4210 1803 4270 virtutibus
1819 4213 1993 4271 ditare
2014 4215 2042 4272 ?

444 4297 582 4372 [Vet.
615 4295 874 4372 XXVII.]
907 4297 1014 4354 Sed
1072 4304 1134 4353 ut
1173 4298 1243 4354 ad
1281 4297 1526 4355 internas
1570 4300 1795 4360 divitias
1841 4304 2044 4362 rediret

443 4385 632 4454 homo,
663 4387 808 4442 foras
824 4402 1080 4460 apparere
1097 4385 1352 4461 dignatus
1374 4397 1453 4444 est
1474 4406 1678 4463 pauper
1704 4394 1868 4448 Deus.
1891 4393 2045 4451 Unde

443 4488 498 4536 et
529 4477 853 4552 praedicator
884 4478 1151 4552 egregius,
1191 4488 1251 4535 ut
1284 4479 1352 4536 ad
1379 4481 1646 4554 largitatis
1676 4483 1906 4556 gratiam
1936 4485 2045 4541 vis-

2231 1951 2315 2007 70.
2349 1947 2640 2008 Exteriore
2672 1947 2922 2018 largiens,
2955 1947 3163 2019 aliquid
3191 1947 3252 2003 de
3280 1964 3398 2015 suo,
3439 1949 3753 2020 compassio-

2153 2057 2270 2096 uem
2299 2038 2615 2110 impendens,
2645 2037 2854 2109 aliquid
2881 2039 2973 2093 dat
2993 2039 3054 2093 de
3082 2039 3268 2108 seipse.
3300 2067 3371 2080 —
3402 2037 3544 2106 Quia
3571 2037 3753 2111 itaque

2155 2130 2242 2186 vir
2257 2137 2478 2186 sanctus
2495 2126 2640 2200 apud
2661 2128 3096 2200 omnipotentem
3116 2130 3292 2185 Deum
3313 2127 3618 2204 aliquando
3643 2144 3752 2186 ma-

2147 2219 2240 2292 jus
2263 2217 2450 2274 datum
2479 2224 2706 2273 noverat
2728 2217 2926 2274 mentis
2949 2233 3062 2274 esse
3083 2234 3249 2292 quam
3279 2219 3552 2289 muneris,
3569 2219 3717 2278 dicat
3740 2237 3751 2276 :

2155 2309 2369 2366 Flebant
2397 2307 2662 2378 quondam
2691 2325 2850 2380 super
2877 2327 2934 2364 eo
2955 2309 3046 2381 qui
3073 2310 3294 2382 a/ﬂictus
3323 2317 3461 2378 erat,
3484 2317 3532 2365 et
3550 2328 3753 2382 compa-

2155 2399 2377 2454 tiebatur
2389 2397 2568 2454 anima.
2583 2416 2694 2454 mea
2702 2399 2951 2472 pauperi.
2967 2399 3257 2456 Exteriora
3271 2401 3477 2456 etenim
3492 2401 3752 2474 largiens,

2151 2504 2266 2544 rem
2295 2495 2451 2544 extra
2473 2489 2825 2562 semetipsum
2855 2489 3109 2564 praebuit.
3141 2489 3247 2558 Qui
3267 2498 3450 2546 autem
3482 2490 3675 2546 fletum
3699 2497 3752 2546 et

2149 2580 2582 2650 compassionem
2609 2580 2866 2654 proximo
2894 2580 3110 2650 tribuit,
3147 2580 3198 2636 ei
3223 2579 3436 2654 aliquid
3457 2581 3628 2637 etiam
3645 2581 3666 2615 ⁵
3687 2579 3754 2636 de

2148 2669 2440 2742 semetipso
2477 2669 2648 2726 dedit.
2679 2669 2891 2728 Idcirco
2928 2678 3111 2727 autem
3141 2671 3267 2742 plus
3312 2671 3751 2744 compassionem

2147 2775 2311 2832 quam
2327 2759 2517 2816 datum
2539 2760 2798 2830 dicimus,
2817 2761 2946 2834 quia
2967 2777 3082 2816 rem
3100 2760 3406 2835 quamlibet
3425 2761 3753 2833 plerumque

2145 2847 2238 2905 dat
2249 2849 2412 2906 etiam
2427 2849 2520 2923 qui
2533 2867 2644 2906 non
2656 2867 2776 2908 com
2783 2851 3009 2922 patitur,
3022 2867 3306 2924 nunquam
3317 2858 3505 2907 autem
3519 2849 3756 2924 quivere

2143 2955 2264 2998 com
2271 2939 2478 3012 patitur
2487 2941 2634 3014 quod
2642 2941 3011 3000 necessarium
3023 2941 3278 3014 proximo
3289 2942 3565 3015 conspicit
3574 2946 3750 3014 negat.

2217 3029 2304 3085 71.
2335 3030 2576 3086 Ecclesia
2595 3030 2724 3102 ﬁliis
2751 3031 2861 3086 suis
2876 3031 3244 3103 prenitentibus
3286 3031 3632 3102 compatiens,
3679 3029 3754 3084 la-

2143 3133 2349 3190 crymas
2369 3125 2417 3176 et
2444 3119 2706 3176 orationes
2717 3119 2916 3192 jungit.
2939 3151 3011 3162 —
3030 3120 3161 3188 Quae
3182 3119 3451 3177 nimirum
3481 3117 3754 3176 sententia

2145 3207 2284 3264 bene
2314 3225 2530 3282 quoque
2551 3217 2750 3266 sanctae
2769 3209 3031 3267 Ecclesiae
3051 3209 3281 3267 vocibus
3310 3209 3573 3282 congruit
3596 3226 3608 3266 :
3635 3224 3754 3282 quae

2147 3297 2280 3355 dum
2305 3298 2540 3356 afﬂictos
2569 3316 2814 3374 quosque
2841 3317 2938 3374 per
2966 3301 3205 3357 lamenta
3235 3301 3582 3373 pmnitentire
3612 3313 3755 3358 con-

2147 3387 2330 3462 spicit,
2377 3391 2399 3426 “
2443 3407 2570 3448 suos
2598 3390 2649 3448 ei
2685 3390 2932 3448 oratione
2977 3391 3239 3450 continua
3270 3391 3434 3450 ﬂetus
3455 3389 3666 3465 jungit,
3704 3393 3756 3443 et

2149 3493 2312 3552 toties
2339 3509 2510 3569 egeno
2539 3487 2677 3546 6‘71
2714 3489 3067 3562 compatitur,
3109 3489 3325 3564 quoties
3353 3489 3530 3546 menti
3567 3485 3756 3543 virtu-

2153 3583 2298 3640 tibus
2325 3582 2544 3640 nudatae
2565 3579 2990 3638 interventionis
3009 3596 3121 3636 suae
3140 3579 3396 3654 precibus
3425 3577 3753 3652 opitulatur.

2149 3674 2324 3746 Super
2387 3671 2653 3729 aﬂlictum
2708 3669 2912 3744 quippe
2968 3670 3366 3744 compatientes
3413 3667 3753 3744 plangimus,

2151 3761 2370 3836 quando
2408 3747 2588 3818 aliena
2627 3760 2827 3817 damna
2867 3769 3055 3818 nostra
3096 3761 3444 3834 deputamus,
3485 3766 3542 3815 et
3570 3755 3757 3827 culpas

2150 3851 2590 3926 delinquentium
2602 3850 2806 3908 nostris
2817 3851 3082 3908 mundare
3095 3850 3314 3908 ﬂetibus
3327 3850 3586 3908 nitimur.
3599 3841 3756 3914 Quod

2151 3943 2412 4000 videlicet
2452 3950 2691 4016 agentes,
2735 3943 2859 4016 plus
2901 3942 3224 4015 plerumque
3264 3941 3427 3998 nobis
3471 3953 3642 4014 quam
3671 3932 3758 3990 his

2151 4051 2250 4108 pro
2279 4033 2478 4108 quibus
2499 4033 2679 4106 agitur
2705 4033 3086 4100 subvenimus,
3106 4031 3237 4104 quia
3263 4033 3283 4067 ⁷
3315 4029 3464 4103 apud
3494 4027 3756 4084 intimum

2151 4123 2420 4182 arbitrum
2438 4132 2490 4180 et
2519 4125 2752 4196 gratiam
2775 4122 3065 4180 charitatis
3081 4121 3440 4194 aspirantem,
3462 4116 3759 4178 commissa

2152 4231 2382 4288 quaeque
2421 4215 2660 4286 perfecte
2711 4213 2880 4269 diluit
2933 4211 3174 4284 propria,
3227 4211 3324 4284 qui
3366 4226 3505 4284 pure
3549 4202 3759 4282 plangit

2152 4304 2348 4360 aliena.
2386 4292 2788 4362 Persecutionis
2817 4303 2986 4374 igitur
3021 4302 3232 4359 ultimze
3275 4309 3466 4358 sancta
3513 4292 3760 4355 Ecclesia

2153 4397 2511 4454 tribulatione
2539 4395 2896 4468 deprehensa,
2923 4394 3147 4452 redueat
3170 4394 3239 4452 ad
3263 4391 3590 4450 memoriam
3612 4383 3758 4461 pacis

2154 4494 2397 4559 tempore
2430 4485 2576 4542 bona
2605 4502 2726 4558 quae
2757 4485 2941 4557 gessit,
2969 4484 3159 4542 dicens
3191 4502 3203 4541 :
3242 4485 3460 4541 Flebam
3487 4477 3757 4552 quondam

444 4589 568 4632 cera
594 4581 794 4630 nostrae
821 4572 1215 4648 compassionis
1229 4575 1571 4644 accenderet,
1587 4575 1735 4632 dixit
1765 4594 1777 4632 :
1807 4577 2038 4650 Propter
2065 4609 2114 4668 D
2152 4593 2311 4650 super
2329 4594 2386 4632 eo
2407 4575 2498 4647 qui
2524 4575 2746 4649 afﬂictus
2771 4583 2906 4642 erat,
2932 4582 2978 4631 et
3001 4575 3416 4647 compatiebatur
3434 4571 3624 4628 anima
3641 4580 3751 4622 mea

444 4681 538 4722 nos
572 4681 756 4737 egenus
783 4663 956 4736 factus
971 4671 1065 4732 est,
1081 4682 1197 4720 eum
1213 4665 1354 4722 dives
1373 4673 1501 4722 esset
1525 4666 1622 4737 (II
1650 4666 1776 4723 Cor.
1801 4684 1925 4737 vni,
1947 4668 2030 4740 9).

444 4754 549 4824 Qui
575 4754 655 4814 sic
681 4755 847 4812 etiam
878 4753 1014 4811 dicit
1045 4771 1059 4810 :
1087 4755 1207 4813 Non
1245 4761 1304 4810 ut
1343 4755 1469 4812 aliis
1497 4755 1566 4811 sit
1597 4755 1860 4822 remissio,
1891 4757 2035 4813 vobis

441 4852 614 4904 autem
644 4844 915 4906 tribulatio
945 4843 1136 4918 (Ibid,
1169 4844 1280 4918 13).
1316 4845 1443 4902 Haec
1477 4845 1670 4919 procul
1697 4843 1867 4904 dubio
1895 4863 2040 4905 con-

517 5173 532 5205 ¹
567 5173 750 5227 Germ.
783 5179 836 5228 et
869 5169 1098 5238 Excusi,
1132 5169 1188 5224 in
1215 5185 1316 5240 quo
1353 5170 1463 5239 ipse
1489 5171 1582 5241 qui
1611 5171 1828 5228 dederit.
1851 5173 2044 5230 Muta-

443 5244 627 5314 vimus
648 5242 740 5311 qui
761 5243 912 5314 insi,
934 5248 1157 5314 propter
1185 5242 1465 5314 caet.iMss.
1512 5257 1861 5300 consensum.

515 5313 537 5347 ³
567 5312 778 5384 Serm,
808 5311 1116 5370 Gemetfac
1144 5311 1241 5368 alii
1278 5313 1495 5381 Norm.,
1534 5314 1859 5384 infunderet.

515 5381 854 5462 {Vaticzet
890 5384 969 5462 a_l._
1005 5393 1234 5454 recent.,
1276 5387 1416 5456 quod
1445 5403 1568 5462 esse_
1591 5381 1686 5462 uos
1733 5389 1922 5462 voluit,
1949 5388 2044 5445 sed

445 5453 871 5534 reclamantibus
911 5455 1044 5534 [ll/iss.
1096 5464 1150 5512 et
1179 5453 1368 5514 contra
1397 5457 1571 5515 sancti
1601 5459 1850 5534 Gregorii
1881 5453 2046 5534 men-

445 5534 555 5580 tem
580 5542 593 5592 ;
625 5525 703 5580 ait
729 5524 1187 5600 enim_Christu_m
1217 5538 1470 5600 mortem,
1493 5539 1555 5587 ut
1579 5524 1957 5600 evadiaremus,
1987 5532 2046 5587 in

445 5613 502 5674 se
515 5597 852 5674 suscepisse,
884 5595 990 5674 lioc
1008 5605 1087 5674 est
1116 5598 1234 5674 fieri
1262 5595 1500 5674 voluisse
1521 5605 1663 5674 quod
1687 5621 1780 5658 nos
1809 5621 1913 5659 esse
1941 5595 2048 5658 uo-

449 5667 853 5746 lui_t.__Nostr_am_
885 5667 1438 5746 lect._habentetiam
1473 5667 1548 5746 pl:
1585 5683 1694 5730 vet.
1727 5675 1830 5730 Ed.

517 5741 539 5775 ⁴
559 5740 767 5817 Excusi
786 5741 1218 5817 el_iuni_volenteut_.
1245 5744 1368 5800 Mss.
1387 5740 1548 5802 Corb.
1573 5747 1782 5813 Germ.,
1806 5746 2046 5817 Anglic,

445 5811 659 5885 Nona,
691 5812 888 5885 Laud,
921 5813 1130 5882 Germ.,
1162 5815 1286 5873 Val.
1319 5817 1428 5885 CL,
1461 5818 1696 5884 Bellov.,
1734 5811 1937 5874 habent
1961 5811 2049 5873 nol

449 5883 651 5952 lentem,
672 5883 860 5957 sicque
883 5885 1171 5957 legendum
1204 5883 1434 5958 probant
1465 5888 1629 5944 verba
1656 5883 1767 5961 seq.
1799 5908 1808 5946 :
1844 5890 1929 5947 sed
1945 5891 2051 5946 hcer

2139 4667 2388 4740 pauperi.
2407 4666 2538 4735 Quae
2554 4666 2784 4722 internae
2805 4665 2945 4724 lucis
2971 4665 3168 4739 gaudia
3185 4673 3388 4723 aeterna
3411 4659 3755 4720 desiderans,

2147 4757 2243 4814 sed
2268 4764 2451 4812 tamen
2476 4755 2660 4814 adhuc
2679 4756 2870 4826 dilata,
2903 4757 3032 4830 quia
3062 4756 3222 4813 malis
3237 4751 3618 4814 exterioribus
3639 4756 3757 4818 pre-

2149 4847 2341 4915 mitur,
2371 4845 2545 4904 sancti
2566 4845 2676 4904 viri
2717 4846 2946 4905 vocibus
2975 4845 3240 4920 adjuugat
3277 4863 3288 4902 :

2156 5190 2345 5244 utagna
2371 5174 2422 5226 in
2454 5172 2728 5242 discipulis
2758 5170 2926 5224 virtus
2954 5171 3246 5244 exstiterat,
3279 5188 3362 5226 eos
3393 5149 3756 5244 genuin‘qtfgd

2154 5224 2738 5314 illi;prieceptuiitest,
2768 5248 2815 5297 et
2842 5247 2962 5297 ante
2981 5313 2988 5314 ί
3007 5224 3252 5314 voluisse.
3283 5224 3361 5298 VI—n
3393 5235 3569 5314 Paris.

2152 5332 2242 5372 an.
2281 5309 2589 5373 f5861ianc
2637 5315 2929 5372 lectionem
2977 5313 3146 5369 habes
3189 5315 3246 5369 in
3291 5310 3542 5384 margine
3571 5309 3753 5357 anno-

2270 5405 2342 5442 m.

2419 5456 2528 5526 CL,
2559 5457 2620 5512 de
2647 5458 2935 5529 semetipso,
2951 5459 3129 5529 gratia
3157 5457 3438 5515 Maritum
3459 5443 3750 5522 “spirante,

2155 5550 2216 5586 ce
2257 5550 2273 5585 ι
2303 5576 2313 5586 ,
3703 5577 3713 5586 ⁸

2155 5532 2313 5587 dedit.
3703 5577 3713 5588 .

2229 5607 2248 5640 δ
2267 5603 2522 5683 Plurimi,
2541 5619 2662 5658 suos
2679 5602 2752 5657 eis
2772 5621 2783 5668 ;
2819 5600 2965 5675 quod
2984 5601 3148 5658 etiam
3187 5597 3480 5658 annotavit
3500 5589 3670 5650 Gilot.
3698 5592 3755 5632 ιιι

2158 5692 2423 5748 margine.
2848 5747 2858 5748 ί
3365 5747 3374 5748 κ
3415 5745 3423 5748 _
3476 5739 3505 5748 ,.
3637 5735 3734 5748 ._..

2230 5751 2248 5782 ⁷
2278 5739 2441 5804 Corh.
2475 5749 2684 5815 Germ.,
2715 5747 2883 5803 Laud.
2919 5757 2972 5804 et
2992 5749 3201 5813 Germ.,
3232 5747 3376 5819 apud
3403 5739 3754 5819 intiutm'lgﬁ’.”

2159 5820 2516 5896 liitrc_nt.__\_-'a_l.
2551 5795 2830 5890 Cl.,’apud
2859 5795 3485 5896 mitissimum,adbitrem.
3519 5809 3583 5864 In
3603 5795 3751 5857 Edit-

2159 5892 2322 5949 Basil.
2362 5891 2495 5949 ltili
2521 5899 2842 5952 anxietatum
2870 5893 3124 5949 arbitram
3153 5892 3211 5950 in
3235 5891 3505 5962 margine.
