3928 6380
151 380 238 442 181

384 508 627 569 EAPUT
681 510 949 572 XXXVII
1005 512 1149 590 [Rem
1192 518 1452 595 XXVII].

211 602 373 663 Vnus.
407 601 495 660 26.
527 632 599 646 —
626 604 1015 677 Exspectabam
1055 607 1211 676 bona,
1250 616 1299 666 et
1328 620 1582 669 venrerunt
1608 614 1739 671 mihi

151 693 317 759 mala;
335 693 698 765 prastolabar
728 696 911 766 lucem,
941 704 989 757 et
1015 707 1304 772 eruperunt
1333 702 1572 760 tenebras.

210 784 287 842 72.
334 785 665 852 Electorum,
708 786 1056 860 Ecclesiteque
1099 790 1277 858 dolor,
1316 793 1474 849 etiam
1513 800 1739 867 tempore

138 874 294 950 pacis,
331 893 366 932 a
407 875 521 933 suis
559 878 973 949 persecutionem
1014 882 1372 939 tolerantiam.
1416 914 1489 928 —
1532 885 1740 943 Fidelis

142 966 278 1024 enim
322 967 558 1039 populus
605 978 887 1043 exspectat
930 970 1096 1041 bona,
1147 973 1243 1031 sed
1286 976 1431 1033 mala
1472 977 1733 1051 suscipit;
1771 986 1774 990 ’

141 1058 473 1133 ρι’ωεῑοιειιιιι·
529 1057 733 1131 lucem,
778 1066 833 1140 et
875 1061 1129 1119 tenebras
1170 1062 1428 1136 incurrit,
1473 1067 1604 1140 quia
1644 1084 1740 1140 per

138 1146 587 1207 remunerationis
614 1139 847 1222 gratiam
876 1150 1139 1210 interesse
1156 1139 1504 1230 jamjamque
1521 1139 1739 1231 angelo-

136 1253 251 1297 rum
277 1253 333 1295 se
361 1237 582 1311 gaudiis
609 1246 815 1312 sperat,
845 1247 900 1297 et
930 1248 1113 1299 tamen
1143 1242 1237 1302 hic
1265 1244 1479 1302 diutius
1507 1246 1735 1318 dilatus,

137 1344 319 1387 manus
346 1329 799 1404 persequentium
827 1331 1059 1401 tolerat;
1092 1341 1147 1390 et
1175 1335 1269 1409 qui
1314 1352 1371 1393 se
1408 1338 1738 1410 quantocius

136 1418 360 1476 aestimat
386 1425 606 1477 aeternae
623 1419 764 1477 lucis
783 1421 1147 1481 retributione
1172 1426 1402 1498 perfrui,
1433 1426 1528 1486 hic
1554 1427 1738 1488 adhuc

135 1510 478 1585 compellitur
533 1520 947 1585 persecutorum
1002 1532 1230 1573 suorum
1288 1517 1544 1576 tenebras
1599 1520 1733 1592 pati.

135 1600 257 1670 Quae
283 1600 548 1660 videlicet
587 1603 733 1661 mala
758 1606 1208 1679 persequentium
1246 1608 1434 1665 minus
1461 1609 1733 1679 dolerent,

132 1692 187 1750 si.
202 1692 271 1751 ab
297 1692 622 1752 inﬁdelibus
641 1694 1079 1770 adversariisque
1099 1708 1511 1772 consurgerent.
1544 1700 1651 1758 Sed
1671 1717 1736 1757 eo

132 1781 368 1841 deterius
394 1791 640 1842 mentem
670 1785 971 1843 electorum
992 1786 1262 1858 cruciant,
1285 1805 1395 1863 quo
1416 1788 1483 1845 ab
1502 1788 1616 1846 illis
1645 1805 1735 1845 ve-

929 382 1310 445 MORALIUM
1345 385 1481 448 LIB.
1521 387 1652 452 XX.
1690 419 1761 435 —
1798 391 1872 453 IN
1908 393 2142 456 CAPUT
2179 395 2344 458 XXX
2382 401 2447 460 B.
2487 403 2631 464 JOB.

3350 421 3453 480 182

1755 522 1809 587 Α
1836 522 2038 627 ριιὶεἰ⁸
2068 527 2152 627 ad.
2167 529 2498 627 exteriorem
2527 533 2852 598 felicitatem
2890 557 3045 603 suam
3074 562 3171 605 cor
3206 566 3450 627 appone-

1846 626 1991 690 rent,
2014 617 2155 692 justi
2184 621 2431 694 profecto
2460 641 2571 681 non
2602 637 2803 687 essent.
2836 632 2942 689 Sed
2970 636 3100 709 quia
3126 656 3221 698 cor

1848 723 1983 807 num
2013 726 2125 767 non
2155 712 2416 807 potestde
2436 714 2571 807 ipsis
2590 720 3046 792 prosperitatibus
3074 743 3257 786 rerum
3278 750 3448 807 quan-

1845 798 2181 893 tulacunque
2209 802 2384 874 gloria
2412 805 2567 861 nullo
2607 808 2773 866 modo
2800 813 3025 884 tentari,
3056 824 3247 874 contra
3275 798 3448 893 ipsam

1845 889 2263 961 prosperitatem
2284 908 2439 950 suam
2458 898 2635 961 sancti
2666 899 2775 957 viri
2806 900 3143 964 intrinsecus
3158 889 3449 978 dimicant,

1847 995 1959 1037 non
1988 980 2113 1040 dico
2133 999 2203 1041 ne
2235 985 2294 1042 in
2322 987 2580 1060 elatione,
2611 991 2708 1049 sed
2737 1010 2806 1051 ne
2825 994 2885 1053 in
2900 995 3019 1070 ejus
3046 1001 3242 1061 saltem
3265 1020 3452 1064 amore

1847 1072 2224 1168 succumbant.
2259 1075 2374 1168 (iui
2403 1078 2569 1168 valde
2616 1084 2971 1145 succubuisse
3017 1100 3121 1162 est,
3174 1096 3450 1168 captivam

1847 1169 2087 1220 mentem
2116 1164 2235 1237 ejus
2264 1165 2551 1227 desideriis
2573 1172 2902 1236 subdidisse.
2951 1179 3087 1249 Quis
3113 1164 3297 1242 autem
3329 1193 3454 1243 ter-

1845 1268 1978 1310 rena
2017 1256 2255 1328 sapiens,
2299 1262 2627 1332 temporalia
2676 1267 3037 1340 amplectens,
3068 1270 3292 1332 beatum
3347 1275 3452 1333 Job

1845 1342 1991 1400 inter
2019 1352 2103 1402 tot
2129 1362 2390 1439 prospera
2419 1348 2607 1409 laetum
2638 1369 2752 1411 non
2780 1357 3050 1431 crederet,
3080 1378 3209 1420 cum
3240 1363 3291 1420 ei
3322 1380 3452 1439 sup-

1843 1441 2051 1507 peteret
2103 1437 2251 1494 salus
2292 1439 2559 1512 corporis,
2617 1442 2733 1502 vita
2780 1446 3048 1519 ﬁliorum,
3095 1437 3453 1515 incolumitas

1843 1524 2091 1596 familiae,
2112 1526 2402 1601 integritas
2430 1546 2655 1605 gregum
2670 1535 2699 1592 ?
2719 1536 2827 1593 Sed
2855 1538 2986 1612 quia
3006 1539 3065 1597 in
3082 1540 3172 1599 his
3189 1544 3451 1604 omnibus

1844 1630 1954 1671 non
1984 1615 2263 1688 gauderet,
2296 1617 2411 1691 ipse
2457 1620 2565 1677 sibi
2593 1624 2748 1681 testis
2798 1634 2902 1695 est,
2931 1628 3027 1702 qui
3075 1630 3154 1688 ait
3185 1648 3197 1688 :
3226 1634 3453 1693 Mterens

1842 1702 2157 1795 incedebam.
2190 1708 2389 1765 Sancto
2418 1710 2568 1767 enim
2596 1712 2721 1770 viro
2767 1715 2950 1775 adhuc
2978 1717 3038 1774 in
3067 1719 3172 1777 hac
3199 1723 3455 1795 peregri-

1842 1793 2067 1851 natione
2104 1795 2283 1868 posito
2314 1813 2478 1855 omne
2518 1800 2668 1873 quod
2688 1800 2808 1859 sine
2836 1804 3051 1863 visione
3080 1808 3181 1865 Dei
3209 1793 3455 1874 abundat

131 1870 303 1975 aiunt,
351 1870 419 1930 de
467 1872 670 1949 quibus
707 1872 854 1933 bona
893 1876 1318 1950 praesumebant.
1363 1878 1517 1937 Unde
1553 1878 1737 1938 adhuc
1762 1900 1810 1962 Β
1843 1883 2034 1958 inepia
2060 1892 2164 1955 est,
2195 1886 2326 1959 quia
2354 1904 2482 1945 cum
2501 1870 2608 1948 sibi
2634 1892 2824 1950 omnia
2841 1895 3003 1954 electi
3018 1897 3209 1956 adesse
3229 1870 3451 1975 vident

131 1961 375 2021 subditur
396 1980 410 2022 :

61 2061 66 2097 ἐ
194 2052 359 2113 Vsus.
409 2055 508 2113 27.
549 2085 621 2100 --
662 2056 934 2116 Interiora
979 2073 1094 2116 mea
1138 2058 1493 2133 efferbuerunt
1541 2060 1735 2134 absque

133 2144 237 2202 ulla
262 2145 473 2218 requie.

194 2237 399 2295 Sancta:
446 2236 655 2311 quippe
700 2237 964 2295 Ecclesiae
1007 2237 1271 2295 interiora
1319 2241 1334 2275 ί
1383 2239 1735 2297 effervescere

132 2334 203 2384 est
227 2326 371 2400 ipsos
400 2344 629 2402 quoque
658 2344 801 2403 quos
826 2344 924 2401 per
942 2345 1186 2386 amorem
1207 2328 1337 2387 ﬁdei
1359 2329 1511 2386 velut
1524 2329 1736 2386 viscera

132 2425 244 2475 ante
271 2424 588 2491 gestaverat
616 2418 675 2474 in
704 2417 1105 2491 persecutionis
1144 2418 1432 2477 atrocitate
1477 2419 1732 2476 tolerare.

134 2505 226 2574 Qui
268 2514 489 2564 secreta
516 2505 671 2580 prius
697 2507 851 2564 illius
879 2516 1288 2579 cognoscentes,
1320 2516 1526 2583 quanto
1553 2496 1737 2566 sciunt

134 2595 219 2654 ubi
244 2596 417 2669 magis
455 2595 661 2663 doleat,
693 2604 847 2654 tanto
889 2597 1132 2656 deterius
1176 2598 1247 2655 ab
1275 2598 1575 2656 afﬂictione
1618 2598 1736 2670 ejus

136 2687 343 2745 minime
373 2688 699 2763 quiescunt.
731 2689 880 2758 Quos
898 2696 1084 2746 tamen
1103 2698 1158 2746 et
1178 2690 1330 2763 pacis
1357 2706 1468 2746 sum
1488 2697 1735 2762 tempore

134 2776 353 2851 graviter
390 2778 623 2847 tolerat,
671 2778 805 2852 quia
846 2778 962 2836 suis
1008 2778 1494 2852 praedicationibus
1543 2794 1735 2835 eorum

135 2882 293 2926 mores
338 2866 659 2927 contrarios
705 2875 917 2939 pensat.
959 2868 1144 2925 Gemit
1182 2868 1354 2937 enim,
1386 2884 1514 2925 cum
1544 2883 1735 2924 eorum

135 2956 286 3014 vitam
325 2957 439 3015 sibi
491 2954 821 3015 dissimilem
865 2956 1155 3030 conspicit.
1185 2958 1266 3014 De
1302 2955 1504 3031 quibus
1530 2962 1585 3013 et
1611 2962 1736 3030 apte

132 3047 478 3122 subjungitur
501 3064 515 3104 :

193 3140 326 3196 Iern.
356 3168 431 3181 —
466 3138 848 3195 Prcevenerunt
867 3154 949 3194 me
974 3136 1085 3193 dies
1111 3136 1427 3212 aﬂlictionis.

195 3226 330 3302 [νει.
402 3226 516 3286 XX
523 3227 702 3303 VIII.]
765 3228 882 3286 Scit
922 3242 1161 3301 namque
1207 3233 1396 3284 sancta
1430 3226 1731 3284 electorum

134 3318 368 3377 Ecclesia
394 3317 553 3393 quod
581 3318 962 3392 persecutione
990 3317 1210 3387 ultima,
1240 3318 1386 3374 mala
1413 3318 1589 3375 multa
1614 3334 1733 3392 pas-

135 3422 250 3465 sura
275 3408 376 3476 sit;
407 3406 510 3465 sed
544 3406 688 3465 hanc
722 3407 1041 3465 aﬂlictionis
1078 3423 1191 3465 sua;
1220 3406 1337 3464 dies
1365 3407 1737 3481 praeveniunt,

136 3499 256 3573 quia
280 3498 563 3556 malorum
591 3499 765 3555 vitam
793 3497 939 3555 intra
960 3513 1018 3555 se
1039 3497 1278 3571 graviter
1297 3497 1463 3555 etiam
1491 3504 1739 3570 tempore

137 3590 276 3662 pacis
303 3594 509 3664 portat.
539 3589 679 3647 Nam
700 3587 953 3662 quamvis
981 3587 1175 3645 diebus
1201 3587 1414 3645 ultimis
1432 3594 1621 3660 aperta
1646 3586 1740 3643 in-

138 3679 376 3738 ﬁdelium
418 3679 726 3755 persecutio
754 3686 1036 3753 sequatur,
1066 3678 1211 3735 hanc
1249 3685 1434 3734 tamen
1466 3686 1521 3734 et
1547 3679 1741 3752 prius-

139 3785 292 3843 quam
320 3777 606 3844 appareat,
628 3768 688 3825 hi
718 3768 813 3841 qui
833 3767 894 3824 in
912 3783 977 3824 ea
1003 3767 1173 3824 verbo
1201 3773 1363 3824 tenus
1378 3766 1566 3824 ﬁdeles
1585 3775 1736 3839 sunt,

137 3860 311 3932 pravis
338 3858 597 3917 moribus
622 3865 1006 3914 antecurrunt.
1033 3856 1325 3930 Sequitur:

404 3948 638 4008 CAPUT
667 3947 960 4006 XXXVIII
992 3945 1135 4021 [Rea
1167 3944 1457 4020 XXVIII].

200 4045 373 4105 Vnus.
407 4042 500 4101 28.
531 4072 604 4084 —
628 4042 856 4101 erens
880 4040 1197 4108 incedebam,
1240 4040 1353 4097 sine
1386 4039 1576 4112 furore
1602 4056 1736 4098 con-

140 4150 343 4208 surgens
372 4134 435 4191 in
460 4132 617 4189 turba
642 4132 889 4188 clamavi.

202 4225 286 4282 73.
321 4222 508 4281 Sancti
533 4223 590 4278 in
609 4221 825 4278 honoris
853 4219 1078 4277 culmine
1104 4218 1473 4286 humilitatem,
1501 4219 1557 4275 in
1582 4220 1737 4276 rebus

143 4314 264 4370 latis
290 4329 573 4371 mcerorem
593 4317 827 4368 servant.
858 4310 1059 4367 Contra
1072 4309 1478 4383 prosperitatem
1498 4309 1641 4365 intus
1661 4310 1740 4366 di-

141 4404 343 4462 micant.
373 4406 537 4462 Omne
569 4402 712 4474 quod
747 4401 858 4458 sine
884 4400 985 4457 Dei
1009 4399 1209 4456 visione
1258 4399 1515 4469 abundat,
1557 4399 1741 4472 inopia

144 4501 228 4552 est.
248 4525 320 4538 —
333 4493 651 4554 Notandum
671 4492 907 4549 sollicite
911 4490 1074 4564 juxta
1092 4490 1383 4548 historiam
1410 4491 1573 4548 video
1593 4491 1740 4566 quod

144 4593 358 4644 sanctus
402 4585 515 4655 vir,
545 4582 642 4657 qui
678 4582 844 4657 paulo
871 4580 1125 4655 superius
1152 4580 1333 4638 dixit:
1365 4574 1603 4638 Elevasti
1639 4598 1739 4652 me,

145 4674 369 4734 inferius
396 4673 651 4747 adjungit
674 4664 945 4733 {Maerens
972 4670 1284 4729 incedebam.
1317 4668 1458 4729 Miro
1485 4671 1635 4728 enim
1655 4688 1747 4728 or-

147 4774 288 4844 dine,
316 4791 433 4833 uno
473 4772 778 4845 eodemque
818 4778 1067 4843 tempore
1112 4770 1412 4827 convenire
1445 4770 1505 4826 in
1542 4770 1756 4832 actibus

146 4865 412 4925 bonorum
441 4866 582 4923 solet
608 4873 664 4922 et
690 4863 829 4922 foris
856 4862 1036 4921 honor
1060 4861 1345 4932 culminis,
1369 4862 1392 4898 ³
1421 4869 1475 4919 et
1500 4861 1651 4919 intus
1677 4863 1754 4919 af-

150 4956 302 5015 ﬂictae
328 4975 534 5016 mceror
571 4954 929 5015 humilitatis.
972 4952 1128 5011 Unde
1156 4961 1380 5011 sanctus
1416 4970 1636 5028 quoque
1666 4954 1755 5011 vir

150 5050 385 5109 elevatus
410 5050 577 5108 rebus
603 5055 659 5106 et
685 5045 994 5103 honoribus
1019 5059 1257 5100 moerens
1282 5044 1592 5114 incedebat,
1624 5045 1755 5118 quia

150 5140 247 5196 etsi
265 5139 416 5198 hunc
432 5142 721 5214 praelatum
741 5134 1063 5194 hominibus
1082 5134 1255 5206 gloria
1270 5134 1558 5207 potestatis
1572 5142 1751 5192 osten-

151 5227 314 5300 derat,
360 5235 506 5295 672
552 5228 786 5287 interius
828 5236 1014 5285 tamen
1062 5238 1295 5283 moerere
1340 5242 1441 5283 suo
1481 5232 1751 5283 secretum

152 5329 478 5388 sacriﬁcium
496 5329 737 5387 Domino
755 5328 982 5387 contriti
1011 5329 1195 5387 cordis
1216 5326 1501 5385 offerebat.
1535 5324 1752 5397 Sacriﬁ-

153 5418 281 5475 cium
294 5420 495 5494 quippc
510 5421 620 5478 Deo
630 5426 703 5477 est
716 5420 937 5493 spiritus
951 5419 1337 5476 contribulatus
1355 5416 1536 5489 (Psal.
1556 5433 1608 5484 ι,
1634 5416 1749 5489 19),

153 5509 339 5568 Sciunt
385 5518 568 5569 autem
611 5510 770 5569 electi
817 5510 1020 5584 quique
1066 5507 1508 5568 consideratione
1554 5504 1753 5562 intima

155 5609 338 5661 contra
376 5601 669 5661 exterioris
709 5602 1051 5660 excellentiae
1100 5606 1440 5658 tentamenta
1484 5611 1748 5672 pugnare.

225 5837 241 5911 ξ
272 5835 482 5911 Germ.,
513 5835 723 5911 Gemet.
754 5842 807 5911 et
836 5833 930 5891 alii
960 5839 1189 5911 vetust.,
1220 5833 1616 5911 effervescere.“

224 5906 243 5941 ³
272 5908 354 5964 Ita
379 5923 508 5965 cum
551 5906 715 5967 Corb.
747 5908 958 5976 Germ.,
989 5906 1224 5975 Turon.,
1255 5906 1495 5974 Gemet.,
1526 5904 1755 5975 aliisque

1842 1985 2069 2051 gemunt
2097 1977 2246 2051 quod
2275 1980 2529 2039 omnium
2558 1991 2840 2043 auctorem
2867 2001 2981 2044 non
3009 1987 3239 2061 vident;
3263 1991 3455 2067 eisque

1842 2075 2024 2126 totum
2055 2068 2163 2127 hoc
2180 2069 2368 2128 minus
2395 2080 2498 2142 est,
2522 2073 2652 2148 quia
2669 2075 2853 2135 adhuc
2867 2079 3074 2151 species
3092 2081 3260 2141 unius
3278 2083 3450 2153 deest;

1843 2159 2031 2234 sicque
2047 2177 2140 2218 eos
2160 2160 2296 2218 foris
2310 2163 2517 2221 exaltat
2531 2165 2706 2238 gratia
2723 2183 2972 2242 supernas
3003 2171 3451 2246 dispensationis,

1842 2258 1906 2308 ut
1934 2257 2120 2308 tamen
2150 2250 2304 2309 intus
2338 2253 2443 2311 sub
2471 2254 2770 2331 disciplina
2796 2265 2982 2318 teneat
3010 2279 3213 2321 maeror
3241 2265 3454 2339 magis-

1844 2348 1943 2399 traa
1970 2343 2275 2403 charitatis.
2308 2346 2412 2404 Per
2438 2362 2602 2422 quam
2633 2349 2895 2410 videlicet
2922 2352 3149 2413 discunt
3176 2363 3239 2413 ut
3268 2355 3336 2414 de
3365 2357 3454 2415 his

1844 2453 1965 2511 quae
2020 2439 2265 2497 exterius
2305 2441 2587 2516 accipiunt
2608 2486 2624 2517 ,
2673 2445 2821 2517 apud
2872 2448 3195 2522 semetipsos
3240 2467 3456 2524 semper

1843 2528 2083 2602 amplius
2111 2529 2503 2602 humilientur,
2534 2540 2778 2591 mentem
2808 2535 2912 2592 sub
2934 2534 3069 2609 jugo
3100 2544 3326 2595 teneant
3372 2537 3453 2595 di-

1844 2618 2115 2692 sciplinm,
2144 2635 2427 2695 nunquam
2458 2639 2529 2679 ex
2557 2624 2845 2697 potestatis
2889 2626 3114 2684 licentia
3157 2627 3229 2685 ad
3282 2628 3454 2702 impa-

1844 2708 2095 2765 tientiam
2116 2718 2428 2785 erumpant.
2460 2712 2617 2770 Unde
2646 2720 2701 2769 et
2727 2721 2851 2787 apte
2897 2715 3255 2791 subjungitur
3286 2734 3299 2775 :
3333 2718 3456 2775 Sine

1842 2798 2033 2871 furore
2078 2816 2396 2874 consurgens
2435 2802 2495 2858 in
2538 2804 2695 2861 turba
2735 2806 2981 2864 clamavi.
3023 2807 3175 2881 Saepe
3216 2823 3456 2883 namque

1844 2887 2233 2946 seditiosorum
2299 2892 2573 2949 tumultus
2636 2892 2964 2966 hominum,
3027 2897 3450 2971 prapositorum

1842 2992 2070 3033 suorum
2101 2984 2341 3034 mentem
2370 2980 2668 3051 lacessunt,
2692 2982 2889 3058 suique
2916 2984 3131 3043 ordinis
3157 2987 3456 3046 inordina-

1842 3067 1915 3125 tis
1944 3066 2188 3125 motibus
2215 3067 2513 3127 excedunt.

1915 3156 2002 3214 74.
2035 3156 2225 3214 Amica
2264 3158 2515 3231 potestati
2562 3176 2698 3232 pene
2743 3177 2946 3234 semper
2973 3161 3309 3237 impatientia
3356 3170 3459 3230 est;

1768 3270 1813 3333 ο
1841 3264 2003 3320 quam
2029 3253 2283 3319 superant
2310 3248 2450 3304 boni.
2482 3279 2554 3291 —
2581 3250 2655 3306 Et
2680 3249 3007 3326 plerumque
3053 3253 3148 3327 qui
3177 3263 3447 3327 praesunt,

1848 3335 1957 3393 nisi
1985 3335 2045 3392 in
2073 3351 2167 3392 ore
2181 3334 2365 3394 cordis
2392 3336 2633 3410 Spiritus
2663 3340 2840 3396 sancti
2868 3339 3025 3399 freno
3054 3349 3367 3415 teneantur,
3396 3345 3458 3402 in

1847 3426 2001 3484 iratae
2029 3425 2415 3483 retributionis
2441 3427 2785 3486 atrocitatem
2806 3429 3125 3502 prosiliunt,
3150 3441 3459 3508 quantum—

1848 3533 1953 3591 que
1973 3518 2275 3590 praevalent
2285 3534 2465 3590 agere,
2486 3525 2704 3576 tantum
2725 3519 2831 3577 sibi
2847 3520 2907 3577 in
2927 3521 3167 3579 subditis
3184 3524 3460 3581 aestimant

1846 3606 2033 3665 licere.
2056 3607 2252 3666 Amica
2269 3609 2474 3665 etenim
2492 3612 2749 3682 potestati
2766 3627 2905 3684 pene
2931 3627 3149 3684 semper
3165 3612 3457 3687 impatien-

1846 3699 1925 3756 tia
1951 3705 2069 3767 est;
2102 3699 2263 3773 eique
2307 3698 2476 3757 etiam
2519 3703 2675 3759 malae
2717 3701 2978 3776 subjectae
3024 3703 3280 3777 imperat,
3326 3704 3460 3778 quia

1846 3789 1994 3864 quod
2023 3788 2143 3863 ipsa
2168 3789 2359 3860 sentit,
2382 3798 2623 3864 potestas
2642 3793 2983 3866 exsequitur.
3017 3792 3122 3850 Sed
3152 3792 3330 3852 sancti
3349 3794 3459 3851 viri

1844 3880 1971 3953 plus
2000 3895 2056 3937 se
2080 3877 2315 3937 interius
2335 3880 2615 3954 patientia
2629 3882 2764 3956 jugo
2804 3882 3303 3957 subjiciunt,quam
3324 3884 3461 3940 foris

1844 3969 2171 4027 hominibus
2184 3978 2451 4042 praesunt;
2469 3978 2521 4027 et
2538 3987 2602 4027 eo
2626 3972 2900 4029 veriorem
2924 3972 3297 4045 principatum
3324 3972 3461 4028 foris

1844 4060 2251 4132 exhibent,quo
2271 4058 2629 4115 humiliorem
2646 4063 2762 4117 Deo
2785 4060 3121 4119 intrinsecus
3131 4060 3460 4118 famulatum

1844 4157 2070 4217 tenent;
2103 4156 2266 4222 atque
2307 4147 2516 4205 idcirco
2560 4165 2702 4222 saepe
2731 4150 2853 4223 plus
2900 4149 3167 4224 quosdam
3195 4150 3459 4219 tolerant,

1846 4256 1955 4313 quo
1976 4254 2031 4294 se
2062 4237 2129 4293 de
2158 4236 2238 4293 eis
2266 4236 2461 4295 ulcisci
2489 4238 2728 4311 amplius
2750 4247 2999 4312 possunt;
3032 4255 3097 4298 ac
3129 4255 3196 4296 ne
3216 4256 3460 4314 unquam

1846 4328 1916 4386 ad
1947 4328 2144 4386 illicita
2171 4335 2478 4396 transeant,
2509 4330 2837 4403 plerumque
2858 4331 3060 4386 nolunt
3086 4347 3186 4404 pro
3224 4347 3281 4385 se
3310 4347 3461 4387 exse-

1849 4417 1945 4493 qui
1975 4418 2140 4476 etiam
2171 4419 2321 4493 quod
2350 4419 2515 4487 licet;
2561 4419 2937 4493 subjectorum
2986 4420 3248 4493 strepitus
3287 4420 3464 4475 suﬁ‘e-

1850 4516 2001 4579 runt,
2023 4526 2120 4583 per
2137 4525 2381 4567 amorem
2401 4510 2689 4585 increpant
2710 4527 2847 4585 quos
2861 4527 2958 4585 per
2979 4510 3463 4568 mansuetudinem

1775 4641 1824 4700 D
1853 4606 2097 4672 portant.
2131 4598 2287 4656 Unde
2313 4615 2464 4657 nunc
2492 4607 2637 4657 recte
2666 4600 2879 4658 dicitur
2910 4619 2922 4657 ;
2957 4600 3081 4658 Sine
3115 4600 3305 4672 furore
3332 4616 3466 4656 con-

1856 4705 2075 4761 surgens
2103 4688 2161 4743 in
2190 4689 2348 4745 turba
2376 4690 2623 4758 clamavi,
2655 4689 2787 4764 quia
2814 4690 3083 4748 nimirum
3112 4689 3245 4748 boni
3276 4697 3467 4748 contra

1863 4778 2138 4835 tumultus
2166 4778 2527 4835 insolentium
2557 4778 2854 4836 clamorem
2882 4780 3109 4850 habent,
3139 4788 3194 4837 et
3222 4780 3464 4837 furorem

1864 4884 1977 4924 non
2006 4868 2235 4937 habent,
2267 4869 2530 4942 quoniam
2560 4886 2652 4926 eos
2698 4885 2836 4943 quos
2886 4871 3187 4927 clementer
3230 4870 3467 4925 tolerant

1863 4956 2057 5016 docere
2087 4976 2199 5015 non
2227 4967 2462 5018 cessant.
2486 4959 2591 5016 Sed
2614 4959 2733 5017 haec
2757 4976 2879 5034 quas
2893 4959 3056 5033 juxta
3079 4958 3368 5015 historiam
3399 4957 3467 5015 de

1861 5063 1974 5103 uno
2013 5048 2284 5117 diximus,
2309 5048 2472 5121 juxta
2496 5048 2814 5121 allegoriam
2841 5064 3064 5107 necesse
3092 5056 3175 5104 est
3200 5053 3264 5101 ut
3291 5044 3359 5100 de
3386 5045 3466 5101 di-

1863 5138 2036 5195 versis
2081 5138 2271 5195 electis
2321 5138 2580 5197 Ecclesiae
2627 5139 2951 5195 sentiamus.
2982 5139 3106 5209 Ipsa
3150 5134 3354 5210 quippe
3408 5136 3469 5193 in

1862 5228 2050 5286 electis
2105 5229 2221 5286 suis
2276 5229 2442 5285 etiam
2494 5244 2591 5302 per
2641 5243 2903 5301 prospera
2958 5224 3168 5283 incedit
3208 5242 3468 5296 moerens,

1862 5319 1993 5393 quia
2021 5319 2102 5375 nil
2131 5318 2238 5375 sibi
2267 5334 2396 5375 vere
2423 5333 2747 5391 prosperum
2781 5316 3031 5388 deputat,
3055 5331 3342 5389 quousque
3368 5315 3469 5372 bo-

1861 5425 1995 5465 num
2021 5408 2169 5481 quod
2198 5406 2553 5479 singulariter
2581 5404 2783 5479 quaerit
2828 5405 3223 5479 apprehendat.
3240 5405 3473 5463 .Eidcles

1861 5496 2061 5570 quippe
2081 5495 2234 5552 illius
2255 5494 2541 5568 temporali
2569 5494 2793 5568 quidem
2822 5512 2953 5569 pace
2973 5497 3354 5570 perfruuntur,
3376 5495 3472 5552 sed

1862 5594 2123 5661 perpetuo
2175 5585 2493 5659 suspirant;
2538 5583 2905 5656 honorantur,
2958 5593 3013 5643 et
3059 5585 3253 5645 amicti
3304 5593 3464 5651 sunt;

1865 5829 2051 5886 Norm.
2066 5869 2081 5896 ,
2107 5833 2215 5883 vet.
2236 5823 2387 5882 Edit.
2412 5825 2486 5881 At
2506 5822 2564 5880 in
2586 5822 3233 5896 recentlegituraﬁlictns
3250 5834 3464 5883 vneror,
