3928 6374
441 373 547 434 183

1677 367 1927 430 SANCTI
1967 366 2308 430 GREGORII
2347 366 2576 427 MAGNI

3658 369 3758 428 184

441 503 572 582 quia
599 501 931 576 plerumque
978 501 1056 558 ibi
1085 501 1346 559 videntur
1385 502 1442 558 in
1471 499 1736 570 culmine,
1774 499 1871 557 ubi
1903 498 2054 558 cives
2081 495 2139 562 Δ,
2157 505 2349 556 sancta
2375 497 2624 556 Ecclesia
2647 505 2779 556 sunt
2805 498 2987 567 electi,
3017 496 3113 554 sed
3153 512 3219 554 ne
3248 496 3545 572 improbati
3573 513 3758 555 rema-

441 609 555 651 non
585 600 736 650 sunt.
761 595 906 656 673
935 593 1058 665 Ipsa
1083 591 1252 649 etiam
1281 592 1341 650 in
1371 590 1532 648 turba
1557 589 1676 646 sine
1704 589 1889 646 furore
1917 605 2047 644 con-

433 698 639 772 surgit,
670 704 725 753 et
753 697 974 762 clamat,
993 693 1123 768 quia
1151 708 1447 766 pravorum
1477 691 1648 748 vitam
1675 688 1859 746 studio
1887 697 2048 746 rectae

443 785 833 855 simulationis,
863 799 975 841 non
1021 790 1205 840 autem
1235 781 1455 838 vesania
1484 780 1687 838 furoris
1715 778 2046 852 insequitur.

444 874 708 932 Irascitur
734 881 789 930 et
834 880 1003 942 amat,
1033 872 1192 928 saevit
1219 877 1273 928 et
1304 869 1605 942 tranquilla
1632 875 1735 937 est,
1779 874 2051 941 quatenus

445 963 696 1022 inﬁrmos
724 979 853 1021 suos
881 962 1120 1036 corrigat
1137 977 1209 1017 ex
1237 958 1606 1027 aemulatione,
1628 957 1809 1014 faveat
1835 971 1908 1012 ex
1935 955 2049 1029 pie-

447 1058 576 1111 tate.
609 1051 872 1126 Sequitur
902 1067 916 1108 :

772 1158 1002 1218 CAPUT
1032 1156 1275 1215 XXXIX
1305 1153 1452 1229 [Περ.
1485 1153 1718 1230 XXIX].

517 1246 692 1305 Vnus.
720 1247 810 1304 29.
841 1277 912 1290 —
938 1248 1133 1305 Frater
1164 1245 1250 1318 fni
1276 1245 1588 1312 draconum,
1619 1249 1667 1299 et
1707 1241 1878 1299 socius
1907 1247 2049 1297 stru-

449 1337 705 1395 thicnum.

518 1425 606 1482 75.
654 1425 828 1482 Nulla
880 1441 1008 1479 vera
1063 1423 1336 1488 sanctitas,
1378 1421 1486 1476 nisi
1539 1438 1657 1492 qua:
1694 1421 1836 1476 inter
1878 1419 2050 1474 malos

439 1513 668 1586 probata
695 1512 819 1584 fuit.
862 1543 932 1555 —
958 1512 1104 1581 Quid
1133 1512 1435 1570 draconum
1464 1511 1689 1568 nomine
1741 1508 1849 1565 nisi
1879 1506 2053 1564 mali-

444 1601 713 1658 tiosorum
747 1601 1042 1658 hominum
1073 1601 1188 1656 vita
1217 1599 1466 1672 signatur
1485 1599 1514 1656 ?
1539 1600 1618 1655 De
1648 1597 1850 1673 quibus
1877 1606 1930 1654 et
1956 1613 2053 1670 per

445 1691 772 1764 prophetam
796 1689 1006 1746 dicitur
1037 1707 1050 1746 :
1092 1693 1402 1747 Traxerunt
1428 1697 1636 1746 ventum
1660 1689 1816 1760 quasi
1851 1689 2053 1744 draco-

445 1795 537 1834 nes
568 1779 784 1850 (Jerem.
807 1794 930 1846 xiv,
959 1778 1042 1849 6).
1073 1776 1325 1833 Perversi
1354 1777 1560 1833 etenim
1588 1777 1792 1850 quique
1823 1785 2051 1834 ventum

2157 593 2372 655 nereut,
2402 602 2548 643 unus
2589 585 2670 643 eis
2696 585 2968 643 admistus
3007 593 3111 654 est,
3155 584 3252 658 qui
3300 601 3394 642 eos
3435 601 3758 658 persequens

2157 677 2432 751 probaret.
2473 676 2564 733 Sic
2609 692 2848 750 namque
2889 675 3041 750 justo
3087 682 3344 748 peccator
3383 691 3509 734 cum
3553 675 3763 732 malitia

2151 767 2428 841 jungitur,
2469 766 2616 823 sicut
2656 765 2716 822 in
2751 765 2974 823 fornace
3001 781 3137 822 auro
3164 764 3322 837 palea
3348 781 3476 822 cum
3514 764 3638 836 igne
3665 781 3762 820 so-

2157 859 2356 927 ciatur,
2386 864 2449 914 ut
2476 873 2587 931 quo
2617 856 2772 914 ardet
2803 857 2977 930 palea,
3007 863 3272 927 purgetur
3298 871 3515 911 aurum.
3540 853 3609 910 Hi
3636 870 3762 928 ergo

2159 947 2428 1006 veraciter
2453 945 2590 1003 boni
2616 952 2768 1012 sunt,
2799 943 2974 1018 quiin
3002 943 3248 1001 bonitate
3279 942 3568 1016 persistere
3599 943 3760 1001 etiam

2159 1037 2304 1095 inter
2331 1037 2507 1094 malos
2532 1041 2784 1109 possunt.
2817 1033 2962 1092 Hinc
2989 1033 3155 1090 etiam
3185 1030 3374 1105 sponsi
3405 1047 3538 1088 voce
3566 1041 3764 1090 sanctae

2158 1127 2420 1186 Ecclesiae
2448 1125 2656 1184 dicitur
2680 1142 2692 1180 :
2727 1123 2875 1181 Sicut
2905 1124 3079 1181 lilium
3106 1123 3246 1179 inter
3264 1121 3468 1194 spinas,
3497 1121 3573 1177 sic
3597 1123 3768 1180 amica

2157 1234 2273 1274 mea
2300 1216 2440 1272 inter
2468 1215 2612 1289 ﬁlias
2663 1214 2846 1286 (Cant.
2893 1231 2958 1283 ιι,
2997 1213 3078 1285 2).
3127 1211 3272 1268 Hinc
3313 1209 3385 1267 ad
3424 1209 3765 1268 Ezechielem

2158 1305 2432 1364 Dominus
2458 1303 2598 1362 dicit
2622 1321 2634 1360 :
2669 1303 2780 1360 Fili
2797 1303 3048 1368 hominis,
3075 1300 3340 1357 increduli
3367 1306 3415 1356 et
3441 1300 3770 1358 subversores

2159 1401 2283 1451 sunt
2311 1401 2496 1464 tecum,
2535 1401 2583 1450 et
2627 1409 2745 1448 cum
2785 1391 3150 1464 scorpionibus
3195 1391 3403 1447 habitas
3444 1390 3662 1461 (Ezech.
3706 1407 3766 1459 ιι,

2161 1485 2242 1557 6).
2289 1484 2432 1541 Hinc
2450 1485 2644 1541 Petrus
2662 1481 2837 1538 vitam
2867 1480 3015 1538 beati
3045 1479 3189 1538 Loth
3219 1479 3518 1553 gloriﬁcat,
3548 1480 3768 1538 dicens:

2161 1579 2234 1633 Et
2251 1573 2460 1644 justum
2488 1574 2590 1630 Lot
2615 1589 2925 1644 oppressum
2947 1589 2982 1628 a
3000 1570 3358 1642 nefandorum
3381 1571 3402 1606 ²
3421 1570 3633 1642 injuria
3660 1587 3772 1627 con-

2160 1663 2456 1720 versatione
2488 1661 2688 1734 eripuit
2723 1661 2819 1732 (II
2860 1662 2974 1718 Pet.
3025 1677 3090 1729 ιι,
3121 1661 3200 1732 7).
3245 1660 3491 1732 Aspectu
3528 1659 3678 1716 enim
3724 1669 3776 1716 et

2159 1753 2353 1811 auditu
2382 1751 2566 1824 justus
2594 1758 2732 1820 erat,
2776 1749 3034 1806 habitans
3061 1749 3206 1822 apud
3245 1765 3340 1806 eos
3369 1749 3467 1822 qui
3505 1748 3574 1806 de
3601 1749 3692 1806 die
3718 1749 3775 1806 in

447 1837 606 1942 quasi
627 1866 892 1925 dracones
914 1837 1172 1935 trahunt,
1201 1882 1329 1924 cum
1359 1837 1635 1922 malitiosa
1661 1837 1920 1939 superbia
1956 1867 2056 1922 in-
2083 1857 2129 1919 Β
2161 1843 2306 1942 die")
2328 1840 2726 1942 δοξξηθξηίξιεῖί
2755 1839 2966 1942 ίηίίῖξίδ
2987 1838 3246 1942 ορξπίιῗξιδ
3259 1837 3608 1942 Ῡηῆίθέδίξξ·
3640 1839 3780 1942 ΗίῙξθ

447 1955 673 2013 ﬂantur.
706 1955 814 2023 Qui
846 1963 1028 2012 autem
1057 1954 1438 2012 struthionum
1485 1955 1850 2028 appellatione
1879 1955 2056 2010 intel-

447 2045 570 2118 ligi,
589 2044 698 2101 nisi
727 2044 1080 2101 simulatores
1108 2044 1580 2100 solent?Struthio
1613 2044 1818 2101 etenim
1848 2060 2056 2117 pennas

448 2133 637 2203 habet,
695 2141 751 2190 et
808 2134 1056 2190 volatum
1113 2150 1225 2190 non
1281 2133 1476 2203 habet;
1523 2133 1653 2208 quia
1706 2134 2058 2191 simulatores

449 2224 655 2299 quique
713 2223 950 2296 speciem
1004 2222 1310 2280 sanctitatis
1359 2223 1585 2293 habent,
1640 2223 1735 2280 sed
1793 2223 2058 2280 virtutem

449 2313 762 2372 sanctitatis
797 2329 910 2370 non
955 2313 1180 2370 habent.
1213 2313 1371 2372 Visio
1413 2314 1614 2387 quippe
1655 2330 1748 2371 eos
1769 2314 1929 2371 bonae
1957 2331 2062 2370 ac-

450 2402 621 2460 tionis
649 2402 890 2471 decorat,
939 2401 1035 2458 sed
1082 2419 1115 2458 a
1157 2408 1305 2459 terra
1341 2403 1572 2458 minime
1618 2419 1798 2476 penna
1835 2402 2061 2460 virtutis

449 2491 615 2546 levat.
649 2490 872 2547 Electus
900 2489 1084 2564 itaque
1112 2497 1316 2548 sanctae
1346 2491 1608 2548 Ecclesiae
1637 2492 1898 2564 populus,
1929 2490 2062 2564 quia

450 2579 602 2653 pacis
627 2596 739 2636 suae
770 2587 1014 2650 tempore
1043 2579 1191 2636 intra
1231 2596 1290 2637 se
1329 2581 1597 2653 quosdam
1653 2582 1964 2638 malitiosos
1997 2596 2061 2638 ac

451 2668 799 2728 simulatores
825 2671 1053 2742 patitur,
1099 2671 1250 2728 dicat
1283 2687 1295 2726 :
1323 2673 1522 2728 Frater
1547 2671 1635 2743 fui
1663 2672 1982 2738 draconum,
2012 2677 2063 2727 et

450 2758 622 2816 socius
649 2761 1028 2818 struthionum.
1073 2760 1232 2830 Quod
1251 2760 1392 2818 beati
1417 2777 1636 2835 quoque
1679 2761 1780 2818 Job
1830 2761 2062 2819 vocibus

451 2847 766 2922 specialiter
791 2849 1067 2924 congruit,
1097 2850 1193 2922 qui
1235 2849 1305 2906 ad
1361 2850 1584 2906 culmen
1629 2867 1842 2922 magna
1889 2851 2063 2906 forti-

451 2938 668 2996 tudinis
691 2939 871 2996 bonus
898 2940 1046 2997 inter
1074 2940 1246 2996 malos
1275 2939 1402 2996 fuit.
1437 2939 1576 3014 [νει.
1610 2939 1840 3014 ΧΧΙΧ.]
1863 2941 2062 2998 Nullus

455 3028 660 3102 quippe
693 3030 971 3102 perfectus
1000 3037 1103 3099 est,
1162 3027 1257 3102 qui
1301 3028 1448 3086 inter
1499 3028 1886 3101 proximorum
1917 3031 2061 3087 mala

450 3117 666 3191 patiens
716 3134 830 3174 non
899 3125 1006 3175 est.
1067 3117 1175 3187 Qui
1233 3117 1384 3174 enim
1438 3117 1824 3191 aequanimiter
1877 3119 2063 3176 aliena

2162 1936 2366 1995 Paulus
2393 1930 2797 2003 discipulorum
2829 1929 3002 1986 vitam
3030 1929 3324 2001 gloriﬁcat,
3343 1935 3398 1985 et
3420 1928 3778 2001 gloriﬁcando

2165 2033 2314 2094 674
2338 2022 2652 2090 conﬁrmat,
2683 2021 2909 2078 dicens:
2943 2021 3011 2077 In
3038 2021 3210 2076 medio
3247 2019 3487 2074 nationis
3511 2036 3699 2091 praete
3737 2026 3782 2074 et

2158 2140 2444 2198 perversa},
2473 2121 2614 2176 inter
2637 2136 2767 2190 quos
2790 2118 2970 2174 lucetis
2995 2118 3132 2172 sicut
3161 2116 3459 2174 luminaria
3487 2115 3548 2171 in
3565 2116 3780 2184 mundo,

2164 2215 2381 2270 verbum
2408 2210 2530 2266 vita:
2577 2210 2893 2264 continentes
2935 2205 3161 2277 (Philip.
3193 2221 3258 2274 ιι,
3304 2205 3420 2278 15).
3457 2207 3478 2240 ³
3517 2204 3665 2262 Hinc
3690 2220 3785 2278 per

2166 2305 2434 2361 Joannem
2481 2299 2704 2371 angelos
2749 2295 2996 2368 Pergami
3043 2293 3302 2352 Ecclesiae
3341 2301 3662 2364 attestatur,
3691 2294 3784 2350 di-

2167 2408 2330 2452 cens:
2367 2389 2486 2449 Scio
2515 2388 2606 2445 ubi
2632 2385 2861 2454 habitas,
2901 2383 2992 2440 ubi
3019 2385 3158 2438 sedes
3186 2389 3262 2438 est
3299 2385 3542 2452 Satanae,
3575 2391 3627 2440 et
3655 2391 3786 2439 tenes

2167 2497 2353 2538 nomen
2384 2495 2578 2542 meum,
2621 2482 2669 2531 et
2707 2491 2814 2530 non
2853 2473 3054 2545 negasti
3089 2473 3244 2543 ﬁdem
3275 2490 3447 2529 meam
3492 2473 3692 2546 (Apoc.
3723 2488 3786 2541 ιι,

2172 2569 2285 2641 13).
2318 2569 2519 2625 Beatus
2538 2564 2708 2636 igitur
2733 2561 2859 2631 Job,
2888 2568 2952 2618 ut
2969 2560 3221 2618 ostendat
3247 2560 3409 2634 cujus
3436 2559 3792 2618 fortitudinis

2168 2658 2361 2726 fuerit,
2383 2656 2632 2714 insinuet
2651 2670 2778 2712 cum
2799 2653 3002 2728 quibus
3030 2651 3198 2721 vixit,
3220 2651 3445 2709 dicens:
3480 2654 3685 2709 Frater
3709 2650 3795 2722 fui

2169 2749 2487 2814 draconum,
2517 2751 2566 2800 et
2591 2744 2762 2799 socius
2790 2741 3168 2797 struthionum.
3204 2743 3226 2777 ⁸
3257 2740 3401 2808 Quia
3431 2741 3626 2798 minus
3654 2747 3794 2796 esset

2171 2838 2320 2912 quod
2347 2839 2462 2912 ipse
2490 2837 2636 2894 bona
2662 2842 2868 2908 ageret,
2899 2833 3009 2891 nisi
3050 2840 3105 2888 et
3141 2832 3210 2888 ad
3239 2832 3514 2890 bonitatis
3540 2849 3659 2891 sua
3686 2848 3793 2892 cn-

2170 2929 2386 2987 mulum
2426 2927 2496 2984 ab
2523 2926 2649 2983 aliis
2678 2927 2822 2980 mala
2849 2924 3126 2980 toleraret.
3158 2922 3424 2996 Sequitur
3448 2940 3461 2979 :

2588 3013 2818 3071 CAPUT
2847 3012 2946 3068 XL
2977 3011 3122 3085 [ηερ.
3153 3008 3357 3082 XXX].

2243 3106 2417 3164 Vnus.
2449 3103 2540 3162 30.
2570 3132 2643 3145 —
2674 3104 2824 3160 Cutis
2860 3119 2976 3157 mea
3003 3101 3281 3171 denigrata
3309 3105 3387 3155 est
3421 3116 3594 3172 super
3619 3118 3725 3168 me,
3752 3105 3802 3156 et

452 3208 597 3264 mala
624 3223 736 3263 non
761 3207 983 3273 tolerat,
1013 3205 1130 3278 ipse
1173 3205 1280 3262 sibi
1329 3222 1426 3278 per
1471 3206 1876 3279 impatientiam
1906 3207 2065 3264 testis
2099 3223 2144 3284 ο
2172 3213 2297 3254 οεεα
2321 3212 2439 3250 πιθα
2465 3197 2730 3284 afuerim?
2751 3209 2869 3264 Ρνω
2895 3198 3150 3248 cam“?-

451 3303 534 3353 est
583 3297 598 3332 ¹
661 3294 792 3366 quia
825 3310 858 3350 a
911 3293 1046 3350 boni
1094 3293 1440 3366 plenitudine
1478 3294 1636 3368 longe
1677 3297 1865 3354 distat.
1923 3297 2064 3356 Abel

453 3385 660 3460 quippe
687 3400 804 3441 esse
849 3383 1036 3440 renuit
1083 3383 1163 3455 (7,
1191 3401 1244 3455 q.
1297 3384 1350 3451 l,
1393 3401 1439 3443 c.
1485 3385 1820 3454 Adversitas,
1850 3387 1880 3460 ς
1911 3386 1965 3456 3,
2000 3403 2061 3458 p.

452 3475 634 3548 Abel),
689 3491 853 3549 quem
899 3473 1037 3533 Cain
1067 3474 1280 3533 malitia
1321 3491 1434 3533 non
1477 3484 1700 3536 exercet
1731 3478 1948 3552 (Genes.
1981 3493 2062 3546 ιν,

457 3562 492 3620 3
523 3563 782 3712 ζϐἕᾶίαιί
809 3651 947 3707 inter
993 3652 1153 3709 bonos
1187 3652 1270 3710 hic
1308 3654 1576 3728 permisti,
1607 3656 1752 3711 cur?
1781 3684 1853 3697 —
1881 3654 1974 3712 Sic
2003 3654 2064 3712 in

347 3777 358 3790 ι
455 3743 656 3798 tritura
683 3758 823 3798 area:
849 3758 1017 3815 grana
1042 3743 1146 3800 sub
1192 3744 1364 3818 paleis
1409 3751 1760 3816 premuntur,
1791 3743 1872 3801 sic
1901 3743 2066 3801 ﬂores

454 3829 602 3888 inter
651 3832 837 3905 spinas
883 3831 1176 3904 prodeunt,
1206 3841 1261 3890 et
1306 3849 1430 3890 rosa
1457 3849 1579 3906 quas
1634 3832 1845 3890 redolet
1871 3834 2070 3890 crescit

451 3937 579 3979 cum
617 3921 778 3995 spina
805 3938 926 3996 qur.
953 3923 1167 3996 pungit.
1215 3924 1366 3980 Duos
1411 3938 1648 3994 namque
1677 3922 1823 3979 ﬁlios
1872 3921 2071 3980 habuit

453 4010 666 4082 primus
703 4011 894 4081 homo,
923 4011 1019 4069 sed
1046 4027 1193 4068 unus
1237 4011 1444 4069 electus
1496 4010 1635 4066 alter
1662 4011 1931 4084 reprobus
1957 4011 2068 4068 fuit

455 4097 666 4168 (Genes.
699 4117 779 4168 IV,
813 4101 866 4168 1,
895 4101 976 4170 2).
1009 4101 1143 4156 Tres
1169 4116 1391 4174 quoque
1419 4099 1566 4157 ﬁlios
1594 4101 1708 4156 Noe
1737 4116 1864 4158 arca
1889 4100 2069 4157 conti-

453 4186 600 4254 nuit,
629 4186 726 4242 sed
753 4187 971 4244 duobus
999 4189 1060 4244 in
1095 4189 1411 4248 humilitate
1441 4189 1886 4262 persistentibus,
1917 4207 2068 4248 unus

453 4277 524 4334 ad
545 4277 717 4349 patris
731 4277 1046 4334 irrisionem
1077 4279 1192 4334 ruit
1223 4280 1420 4351 (Ibid.,
1450 4297 1533 4346 1x,
1559 4281 1665 4350 18).
1697 4283 1849 4338 Duos
1877 4281 2072 4338 Abra-

455 4365 585 4422 ham
599 4365 746 4422 ﬁlios
776 4363 992 4434 habuit,
1016 4365 1112 4423 sed
1129 4383 1275 4423 unus
1301 4368 1590 4437 innocens,
1623 4369 1766 4426 alius
1801 4386 1935 4426 vero
1963 4371 2072 4427 fra-

453 4456 554 4512 tris
609 4463 928 4529 persecutor
962 4456 1070 4512 fuit
1115 4456 1303 4527 (Ibid,
1333 4473 1453 4526 xvi,
1508 4459 1610 4524 15;
1665 4475 1788 4528 xxi,
1817 4460 1892 4532 9).
1923 4462 2075 4518 Duos

2247 3285 2335 3341 77.
2367 3285 2597 3354 Propter
2624 3282 2964 3354 inﬁrmorum
3001 3298 3202 3350 casum,
3231 3281 3398 3352 fortes
3427 3283 3539 3339 zeli
3565 3285 3661 3339 sui
3687 3281 3802 3353 igne

2173 3374 2503 3431 aduruntur.
2525 3401 2597 3414 —
2623 3371 2752 3428 Haec
2773 3369 2938 3442 juxta
2967 3369 3256 3426 historiam
3284 3387 3524 3443 pensare
3554 3371 3803 3444 negligi-

2175 3481 2320 3534 mus,
2346 3463 2478 3536 quia
2504 3461 2766 3519 videlicet
2792 3461 3064 3518 sermonis
3090 3461 3270 3518 virtus
3295 3470 3451 3534 patet
3481 3464 3505 3498 ⁵
3536 3479 3612 3519 ex
3641 3477 3803 3536 pmua

2175 3558 2468 3632 passionis.
2515 3557 2621 3615 Sed
2650 3557 2801 3632 quia,
2833 3563 2895 3612 ut
2922 3573 3063 3628 saepe
3085 3555 3202 3629 jam
3230 3555 3510 3628 diximus,
3543 3559 3806 3632 plerum-

2177 3665 2288 3722 que
2313 3647 2507 3705 beatus
2548 3647 2650 3705 Job
2697 3647 2780 3705 sic
2815 3653 3003 3706 narrat
3030 3653 3200 3719 gesta,
3231 3648 3252 3684 ⁶
3280 3653 3345 3703 ut
3388 3648 3643 3720 gerenda
3671 3663 3806 3720 prai-

2177 3739 2420 3809 nuntiet,
2450 3739 2589 3796 bene
2617 3737 2724 3796 hoc
2752 3747 2954 3796 sanctae
2979 3739 3240 3796 Ecclesia:
3257 3739 3498 3798 vocibus
3518 3741 3806 3815 congruit,

2177 3845 2298 3903 quae
2327 3829 2575 3886 dolorem
2604 3827 3005 3902 persecutionis
3034 3827 3244 3885 ultimae
3261 3831 3282 3865 ⁷
3315 3828 3376 3884 in
3406 3829 3664 3886 inﬁrmis
3693 3846 3806 3902 gra-

2177 3915 2323 3972 viter
2364 3915 2554 3972 sentit.
2592 3914 2841 3988 Cumque
2869 3914 2937 3971 ab
2965 3915 3064 3970 illa
3091 3915 3187 3971 alii
3217 3923 3480 3986 pereunt,
3513 3915 3810 3972 valentio-

2177 4021 2264 4062 res
2317 4004 2521 4078 quique
2577 4019 2808 4061 mmrore
2875 4003 3212 4061 cruciantur.
3269 4004 3545 4062 Exterior
3603 4006 3809 4079 quippe

2178 4113 2340 4154 causa
2368 4095 2488 4168 ejus
2507 4102 2589 4152 est
2617 4103 2834 4152 terrena
2862 4094 3218 4168 dispensatio,
3243 4094 3484 4153 interior
3506 4113 3650 4154 vero
3679 4112 3812 4156 cura

2179 4187 2438 4246 caelestis.
2471 4186 2629 4245 Cutis
2655 4202 2786 4259 ergo
2818 4191 3046 4242 nomine
3091 4185 3300 4242 inﬁrmi
3343 4187 3682 4260 signantur,
3715 4185 3810 4260 qui

2181 4280 2415 4338 nuncin
2444 4294 2508 4336 ea
2552 4277 2819 4336 exteriori
2865 4277 3096 4334 utilitati
3125 4277 3476 4336 deserviunt.
3531 4281 3642 4336 Per
3690 4293 3814 4336 ossa

2181 4386 2312 4427 vero
2339 4369 2512 4426 fortes
2537 4367 2656 4441 ejus
2684 4367 2906 4440 ﬁgurati
2935 4375 3086 4436 sunt,
3115 4367 3175 4424 in
3204 4366 3409 4440 quibus
3437 4368 3705 4442 corporis
3735 4368 3815 4424 il—

2180 4461 2291 4518 lius
2325 4466 2442 4516 tota
2487 4474 2752 4532 compago
2780 4457 3071 4514 solidatur.
3103 4457 3245 4526 Quia
3276 4457 3454 4528 igitur
3480 4467 3586 4516 aut
3616 4474 3818 4532 provo-

449 4561 669 4618 quoque
689 4547 840 4602 Isaac
861 4545 1008 4603 ﬁlios
1036 4545 1250 4615 habuit,
1273 4562 1418 4602 unus
1445 4547 1504 4603 in
1535 4547 1851 4607 humilitate
1879 4567 2063 4608 serva-
2093 4586 2142 4648 D
2181 4549 2288 4607 cati
2327 4548 2672 4616 muneribus,
2711 4553 2808 4604 aut
2851 4545 3326 4620 persecutionibus
3369 4546 3605 4616 amicti,
3652 4546 3818 4605 multi

450 4641 563 4702 tus,
593 4636 732 4692 alter
759 4651 890 4692 vero
939 4644 993 4692 et
1021 4634 1340 4709 priusquam
1389 4647 1707 4696 nasceretur
1735 4641 2063 4713 reprobatus

451 4729 533 4778 est
564 4724 751 4795 (Ibid,
780 4742 920 4793 xxv,
942 4725 1009 4782 24
1041 4726 1199 4798 seq.).
1239 4726 1542 4783 Duodecim
1570 4727 1737 4784 Iacob
1784 4729 1930 4786 ﬁlids
1959 4745 2064 4802 ge-

450 4813 597 4882 nuit,
625 4813 721 4870 sed
749 4830 818 4870 ex
853 4813 941 4870 his
970 4831 1117 4873 unus
1145 4831 1242 4888 per
1262 4815 1638 4874 innocentiam
1669 4817 2060 4888 venditus,caa-

450 4902 554 4959 teri
605 4919 735 4960 vero
773 4919 871 4976 per
909 4904 1180 4962 malitiam
1228 4905 1545 4962 venditores
1589 4906 1777 4963 fratris
1833 4907 2060 4965 fuerunt

451 4991 654 5061 (Ibid,
683 5008 910 5062 xxxvn,
955 4993 1074 5066 27).
1119 4992 1425 5052 Duodecim
1455 5011 1672 5070 quoque
1713 4995 1949 5070 apostoli
1997 4995 2058 5054 in

525 5193 542 5224 ¹
574 5192 839 5266 Vindoc.,
867 5194 997 5266 quia
1043 5194 1109 5251 ab
1152 5195 1298 5266 omni
1340 5193 1670 5266 plenitudine
1694 5193 1840 5266 legis
1867 5196 2052 5257 distat.

450 5261 662 5338 Germ.,
679 5261 907 5338 quia—ab
928 5266 1080 5338 fomni
1103 5261 1433 5338 plenitudine
1463 5267 1610 5337 longe
1636 5261 1827 5338 distat.

523 5332 544 5366 ³
569 5332 904 5406 _Ita_lf{or_m.,
927 5332 1164 5404 Bellov.,
1195 5337 1361 5394 Corb.
1391 5332 1604 5406 Germi,
1633 5336 1807 5393 Laud.
1840 5344 1894 5392 et
1924 5337 2050 5394 Val.

451 5401 630 5485 Cl._ln
660 5403 855 5471 Vind.,
879 5401 1158 5485 impudica
1187 5425 1336 5466 conv.
1377 5407 1532 5466 Editi
1561 5401 1688 5466 cum
1719 5408 1930 5478 Germ.,
1963 5409 2059 5466 in-

445 5478 599 5542 justa
627 5478 1036 5532 conversatione.

525 5546 546 5578 ³
568 5545 701 5625 Βθίξ
901 5546 1020 5625 hinc
1047 5548 1290 5625 Joannes
1307 5569 1406 5623 per
1419 5553 1664 5625 angelum
1677 5552 1929 5625 Pergami
1958 5554 2058 5609 Ec-

452 5616 642 5692 clesiae.
678 5616 738 5670 In
763 5617 890 5672 Mss.
922 5617 1154 5686 Turon.,
1178 5616 1412 5690 Bellov.,
1443 5616 1641 5692 Laud,
1672 5616 2057 5692 Corb.Germ.,

456 5686 668 5765 Germ.,
699 5694 829 5756 etc.,
861 5704 1008 5765 non,
1021 5705 1118 5759 per
1143 5686 1660 5765 angelum'Joannes,
1691 5694 1807 5762 sed,
1837 5686 2058 5765 angelus

441 5774 546 5829 per
572 5760 831 5840 tIoannem
863 5760 1136 5842 loquitur;
1163 5761 1331 5836 idque
1377 5781 1533 5825 sacro
1562 5760 1740 5822 textui
1769 5760 1822 5822 et
1850 5760 2057 5824 rationi

446 5839 620 5904 magis
647 5839 921 5904 congruit.

2176 4641 2237 4696 in
2266 4656 2330 4696 ea
2345 4639 2415 4696 ab
2443 4647 2590 4696 statu
2619 4637 2750 4695 ﬁdei
2771 4637 2982 4694 inﬁrmi
3011 4638 3239 4704 cadunt,
3267 4653 3510 4712 eamque
3534 4640 3651 4713 ipsi
3669 4647 3820 4714 post-

2174 4749 2340 4806 quam
2365 4733 2688 4790 ceciderunt
2715 4739 3141 4805 persequuntur,
3173 4731 3308 4805 quid
3330 4731 3494 4790 aliud
3518 4751 3695 4808 quam
3725 4751 3817 4791 cu-

2168 4823 2242 4880 tis
2269 4839 2383 4879 suat
2412 4820 2765 4894 nigredinem
2795 4822 3025 4894 patitur,
3069 4829 3131 4877 ut
3173 4821 3231 4877 in
3274 4821 3410 4894 ipsis
3442 4823 3818 4896 postmodum

2168 4911 2314 4968 fmda
2349 4915 2628 4998 qppareat,
2658 4909 2718 4966 in
2760 4910 2962 4985 quibus
2991 4909 3144 4984 prius
3183 4909 3420 4984 pulchra
3461 4910 3819 4969 videbatur?

2165 5002 2310 5058 Dum
2339 5000 2490 5059 enim
2531 4999 2592 5060 hi
2631 4999 2728 5076 qui
2768 5001 2922 5074 prius
2969 4999 3244 5059 exteriora
3287 4999 3432 5058 bene
3482 5001 3817 5076 dispensare

2173 5266 2186 5278 ο
2237 5196 2260 5230 ὀ
2307 5195 2563 5322 ΡΙθιίὲιιιθ
2611 5195 2830 5265 Norm.,
2869 5194 3000 5266 quia.
3040 5195 3218 5252 minus
3260 5200 3431 5252 essent
3476 5195 3652 5264 bona,
3701 5211 3819 5268 quae

2173 5283 2276 5322 inse
2292 5284 2446 5322 aaere
2475 5311 2486 5322 .

2163 5283 2276 5341 ipse
2292 5283 2486 5341 ageret.

2241 5340 2261 5374 ⁵
2294 5337 2529 5407 Turon.,
2559 5354 2626 5394 ea:
2649 5353 2878 5409 persona
2902 5337 3191 5409 passionis.

2241 5411 2264 5445 ⁶
2296 5409 2468 5466 Gilot.
2501 5417 2557 5465 et
2571 5407 2729 5492 plur.
2761 5407 2983 5492 Ed‘.,_ut
3017 5409 3260 5492 gerendo.
3293 5409 3356 5464 In
3392 5407 3693 5492 Gussanv.
3729 5410 3819 5466 le-

2171 5481 2318 5552 gitur
2341 5480 2690 5563 pronuntiet,
2709 5481 2857 5563 quod
2888 5480 3150 5563 mendum
3180 5480 3664 5563 typggraphicum
3699 5497 3819 5538 esse

2169 5569 2541 5620 censeremus,
2583 5553 2693 5610 nisi
2725 5553 2783 5609 in
2825 5559 2936 5607 vet.
2985 5553 3156 5609 Paris.
3190 5561 3245 5608 et
3287 5553 3462 5608 Basil.
3499 5553 3680 5609 etiam
3713 5569 3818 5609 oc-

2169 5633 2432 5696 curreret.
2465 5626 2594 5680 Mss.
2629 5641 2762 5680 vero
2791 5624 2933 5680 miro
2973 5640 3246 5696 consensu
3276 5623 3492 5696 habent
3518 5641 3811 5696 praenun-

2171 5695 2280 5764 tiet,
2302 5702 2366 5768 et
2395 5695 2472 5768 ita
2501 5696 2794 5768 legendum
2826 5697 3098 5752 sermonis
3119 5695 3294 5768 series
3319 5693 3550 5768 probat.

2241 5766 2490 5848 7.Laud.,
2525 5766 2824 5848 inhinﬁmis,
2856 5767 3251 5848 sed_men_dose.
3278 5766 3380 5827 llic
3400 5777 3651 5828 sanctus
3681 5771 3815 5829 Gre-

2173 5837 2360 5910 gorius
2389 5839 2620 5912 opponit
2648 5837 2910 5911 inﬁrmos,
2941 5840 3190 5912 fortibus.
