3928 6378
212 411 309 469 185

984 406 1364 468 MORALIUM
1403 408 1539 467 LIB.
1581 408 1711 470 XX.
1743 440 1814 456 —
1849 412 1921 472 IN
1958 413 2189 473 CAPUT
2230 412 2393 473 XXX
2431 416 2496 476 Β.
2538 419 2681 477 JOB.

3395 430 3498 489 186

200 540 578 599 consueverant
630 538 824 623 contra
848 532 1071 623 electos
1108 533 1210 591 Dei
1260 535 1614 609 postmodum
1668 554 1774 594 βω·
1805 541 1858 602 Α
1884 539 2262 598 moderamine
2289 557 2543 615 praeesse,
2558 551 2638 601 'ut
2665 553 2720 601 et
2747 546 2817 604 ad
2845 549 3064 623 culpam
3092 567 3221 612 caro
3247 570 3362 613 non
3404 570 3495 613 su.

201 627 366 692 viunt,
389 623 543 697 quasi
565 622 711 679 cutis
727 622 988 680 Ecclesiae
1008 630 1270 681 anteactae
1284 623 1519 696 justitiaa
1539 627 1780 684 colorem

199 716 440 794 perdidit,
467 731 588 789 quae
618 714 689 771 ad
718 714 1061 787 nigredinem
1082 714 1395 790 iniquitatis
1423 718 1597 774 venit.
1621 718 1781 787 Quod

197 808 440 868 Jersmias
458 806 624 863 etiam
646 805 750 864 sub
778 805 1044 879 praecipui
1065 807 1274 864 metalli
1304 806 1486 882 specie
1509 807 1778 881 deplorat,

196 898 404 956 dicens:
439 897 712 967 Quomodo
742 898 1081 954 obscuratum
1108 904 1183 953 est
1209 916 1428 967 aurum,
1448 905 1685 956 mutatus
1709 908 1783 957 est

188 991 327 1046 color
350 987 577 1061 optimus
605 986 829 1059 (Thren.
859 1004 940 1057 Iv,
975 987 1074 1061 1)?
1102 987 1351 1046 Perversi
1390 1006 1519 1063 ergo
1548 989 1682 1047 dum
1712 989 1781 1047 ab

193 1076 301 1151 ejus
325 1076 681 1157 sacramentis
701 1084 939 1148 exeunt,
971 1078 1296 1152 plerumque
1339 1077 1485 1137 inter
1518 1080 1782 1153 reprobos

193 1170 362 1227 locum
390 1167 619 1225 honoris
638 1175 891 1237 sumunt,
912 1176 976 1225 ut
990 1168 1096 1242 ipsi
1116 1177 1309 1227 contra
1327 1177 1570 1228 sanctam
1593 1172 1780 1228 Eccle-

191 1261 317 1319 siam
344 1276 411 1316 ex
440 1248 767 1318 auctoritate
795 1259 1049 1331 saeviant,
1066 1260 1163 1335 qui
1192 1261 1338 1321 hanc
1359 1262 1603 1321 atrocius
1622 1261 1779 1336 quasi

190 1349 399 1409 sciendo
441 1358 826 1409 contemnunt.
883 1350 1039 1409 Unde
1084 1360 1139 1409 et
1180 1369 1306 1410 cum
1349 1352 1589 1412 diceret:
1631 1355 1781 1412 Cutis

189 1458 293 1498 mea
318 1440 596 1512 denigrata
637 1447 733 1507 est,
770 1439 1010 1511 addidit,
1041 1458 1202 1515 super
1227 1460 1328 1512 me,
1358 1444 1488 1517 quia
1514 1443 1617 1501 hos
1644 1460 1781 1517 quos

186 1531 328 1605 prius
346 1529 413 1586 ad
437 1529 696 1586 decorem
712 1529 946 1602 justitiae
968 1531 1125 1605 quasi
1141 1532 1405 1590 candidos
1420 1534 1636 1603 habuit,
1658 1542 1781 1606 post

186 1619 415 1678 deterius
434 1619 627 1693 nigros
649 1628 853 1693 portat.
878 1620 985 1678 Sed
1013 1638 1139 1679 cum
1168 1623 1313 1679 cutis
1338 1624 1407 1681 ad
1435 1624 1780 1697 nigredinem

184 1712 431 1780 vertitur,
474 1711 652 1768 fortes
676 1711 777 1785 qui
806 1711 866 1767 in
896 1712 993 1768 illa
1021 1720 1151 1769 sunt
1178 1715 1297 1770 zelo
1336 1714 1466 1771 ﬁdei
1508 1716 1781 1773 contabe-

182 1809 353 1859 scunt.
389 1799 544 1858 Unde
574 1808 697 1873 apte
726 1801 1043 1874 subjungit:
1086 1805 1163 1860 Et
1201 1821 1322 1860 ossa
1366 1822 1481 1861 mea
1518 1816 1783 1865 aruerunt

180 1907 285 1963 pra:
309 1896 564 1947 caumate.
598 1890 689 1948 Sic
733 1907 977 1965 namque
1006 1899 1061 1948 et
1090 1892 1265 1965 priori
1292 1900 1540 1967 tempore
1570 1912 1631 1952 os
1658 1896 1784 1952 for-

180 1980 443 2037 tissimum
500 1987 701 2037 sanctae
748 1982 1008 2039 Ecclesiae
1055 1983 1291 2057 quadam
1333 1984 1589 2041 ariditate
1627 1985 1779 2041 taedii

180 2073 367 2129 Paulus
386 2071 680 2141 aestuabat,
698 2090 824 2130 cum
846 2073 1177 2148 quibusdam
1195 2074 1519 2133 cadentibus
1538 2075 1746 2133 diceret
1765 2095 1775 2133 :

182 2162 299 2230 Quis
333 2162 677 2235 inﬁrmatur,
716 2169 765 2217 et
809 2180 897 2235 ego
942 2181 1050 2220 non
1072 2165 1369 2237 inﬁrmor?
1397 2165 1517 2237 quis
1545 2166 1781 2221 scanda-

180 2253 390 2319 lizatur,
421 2259 479 2308 et
507 2271 595 2325 ego
622 2270 730 2308 non
758 2270 893 2309 uror
910 2254 1007 2327 (ΙΙ
1036 2255 1161 2312 Cor.
1186 2272 1268 2325 x1,
1294 2256 1389 2327 29)
1413 2257 1442 2313 ?
1469 2256 1625 2314 Cutis
1652 2273 1781 2329 ergo

180 2340 518 2414 denigratur,
544 2349 599 2397 et
627 2358 749 2398 ossa
777 2358 889 2415 prae
920 2350 1169 2401 caumate
1198 2350 1475 2413 arescunt,
1498 2345 1628 2419 quia
1648 2344 1781 2401 dum

177 2429 374 2487 inﬁrmi
406 2430 488 2487 ad
518 2430 869 2505 iniquitatem
897 2432 1216 2505 prosiliunt,
1252 2433 1423 2490 fortes
1450 2434 1655 2508 quique
1680 2432 1783 2491 zeli

178 2520 255 2577 sui
282 2521 404 2595 igne
433 2522 786 2579 cruciantur.
818 2523 1079 2596 Sequitur
1104 2540 1115 2580 :

374 2611 616 2670 CAPUT
650 2613 774 2670 XLI
806 2612 945 2688 [Vet.
976 2614 1147 2683 XXX,
1178 2616 1299 2673 Rea.
1332 2612 1565 2690 XXXI].

238 2701 403 2758 Vsus.
440 2701 540 2757 3i.
573 2731 645 2743 —
693 2702 854 2761 Versa
895 2709 969 2758 est
1009 2703 1065 2757 in
1097 2704 1291 2759 luctum
1331 2703 1541 2763 cithara
1569 2722 1706 2777 mea,
1736 2714 1785 2763 et

176 2807 424 2863 organum
466 2807 641 2847 meum
662 2790 720 2846 in
747 2808 920 2846 vocem
948 2791 1205 2863 ﬂentium.

236 2880 316 2939 78.
358 2880 526 2940 Verbi
544 2879 715 2936 divini
740 2880 1000 2946 ministri,
1021 2896 1138 2935 cum
1159 2880 1545 2952 despiciuntur,
1568 2883 1783 2953 sileant,

173 2976 216 3026 et
238 2971 305 3027 ad
325 2970 662 3045 pcenitentia:
691 2970 887 3026 luctum
915 2969 1245 3041 confugiant.
1278 2969 1666 3027 Abstinentiam
1693 2971 1788 3027 di-

172 3062 345 3118 scretio
388 3060 723 3117 moderetur.
776 3059 919 3119 Vitia
972 3061 1153 3115 carnis
1199 3061 1628 3134 exstinguantur,
1679 3078 1787 3119 non

173 3169 309 3209 caro.
346 3181 422 3195 -
475 3150 618 3220 Quia
663 3165 932 3224 organum
975 3166 1073 3223 per
1100 3149 1334 3221 ﬁstulas,
1365 3158 1420 3208 et
1450 3151 1664 3209 cithara
1690 3168 1788 3226 per

173 3241 402 3301 chordas
444 3248 632 3311 sonat,
679 3246 859 3313 potest
886 3255 983 3312 per
1010 3239 1281 3297 citharam
1328 3247 1477 3297 recta
1518 3241 1786 3314 operatio,

175 3337 314 3397 875
334 3349 435 3407 per
469 3347 736 3405 organum
766 3346 898 3388 vero
918 3337 1108 3387 sancta
1133 3329 1455 3404 praedicatio
1484 3330 1783 3405 designari.

175 3431 272 3487 Per
322 3429 546 3487 ﬁstulas
591 3428 796 3503 quippe
837 3427 1027 3502 organi
1074 3445 1171 3485 ora
1212 3429 1657 3503 praedicantium,
1691 3445 1789 3503 per

179 3520 411 3579 chordas
437 3537 575 3577 vero
616 3520 843 3578 citharae
888 3519 1255 3577 intentionem
1299 3528 1446 3578 recte
1474 3519 1788 3577 viventium

179 3628 289 3668 non
318 3608 1167 3683 inconvenienter'accipimus.
1190 3610 1324 3678 Quae
1351 3609 1485 3668 dum
1514 3610 1585 3667 ad
1613 3611 1787 3668 vitam

178 3702 340 3759 aliam
369 3719 471 3777 per
498 3700 856 3759 aﬂlictionem
884 3699 1070 3758 carnis
1097 3700 1372 3771 tenditur,
1406 3703 1424 3736 ¹
1454 3701 1612 3774 quasi
1640 3709 1789 3759 exte-

180 3799 345 3849 nuata
372 3791 588 3849 chorda
629 3789 689 3845 in
717 3788 931 3845 cithara
957 3805 1055 3861 per
1086 3789 1426 3847 intuentium
1455 3790 1791 3850 admiratio-

179 3899 300 3940 nem
328 3890 515 3941 sonat.
549 3881 799 3939 Siccatur
826 3880 1031 3937 etenim
1052 3878 1281 3951 chorda,
1302 3888 1366 3938 ut
1390 3898 1697 3955 congruum
1728 3884 1788 3941 in

177 3974 394 4030 cithara
430 3977 655 4029 cantum
684 3968 899 4039 reddat,
929 3969 1060 4044 quia
1088 3978 1142 4027 et
1172 3971 1350 4028 sancti
1378 3971 1489 4028 viri
1519 3973 1791 4047 castigant

177 4079 378 4139 corpus
408 4077 597 4129 suum,
625 4067 680 4117 et
706 4060 962 4117 servituti
989 4059 1295 4135 subjiciunt
1318 4062 1385 4133 (Ι
1414 4063 1539 4121 Cor.
1563 4080 1645 4133 ix,
1667 4063 1788 4138 27),

176 4163 336 4227 atque
366 4152 442 4209 ab
470 4149 681 4207 inﬁmis
706 4149 775 4207 ad
804 4150 1088 4224 superiora
1118 4151 1142 4185 ²
1180 4150 1507 4209 tenduntur.
1540 4153 1792 4210 Pensan-

178 4240 306 4298 dum
346 4254 575 4315 quoque
622 4245 705 4295 est
751 4239 901 4313 quod
946 4239 1155 4297 chorda
1198 4240 1256 4296 in
1284 4240 1499 4297 cithara
1527 4242 1574 4297 si
1605 4241 1792 4299 minus

179 4331 448 4400 tenditur,
481 4344 595 4386 non
628 4337 819 4397 sonat;
843 4328 891 4386 si
911 4328 1169 4403 amplius,
1195 4345 1423 4388 raucum
1452 4340 1632 4401 sonat,
1664 4331 1794 4405 quia

179 4422 451 4479 nimirum
483 4421 663 4478 virtus
688 4420 1037 4478 abstinentiae
1065 4428 1162 4477 aut
1189 4422 1420 4479 omnino
1444 4423 1601 4480 nulla
1620 4430 1723 4494 est,
1747 4423 1791 4480 si

180 4521 395 4570 tantum
429 4511 664 4586 quisque
692 4528 891 4586 corpus
921 4528 1033 4569 non
1058 4511 1278 4569 edomat
1307 4522 1575 4587 quantum
1607 4517 1753 4572 valet
1778 4533 1788 4572 :

178 4611 270 4659 aut
296 4603 463 4661 valde
493 4602 812 4659 inordinata
839 4610 942 4673 est,
977 4602 1024 4661 si
1054 4619 1255 4676 corpus
1278 4604 1454 4660 aderit
1482 4605 1607 4678 plus
1628 4622 1792 4680 quam

180 4693 343 4750 valet.
374 4694 482 4750 Per
509 4691 901 4749 abstinentiam
931 4691 1133 4766 quippe
1161 4692 1344 4749 carnis
1372 4693 1512 4749 vitia
1538 4703 1668 4751 sunt
1699 4711 1791 4751 ex-

179 4782 530 4859 stinguenda,
547 4798 661 4840 non
681 4798 842 4851 caro;
866 4789 920 4839 et
945 4788 1101 4839 tanto
1121 4783 1355 4857 quisque
1377 4782 1603 4841 sibimet
1621 4785 1783 4842 debet

255 4977 557 5051 ‘7Angl._e_t
582 4976 799 5037 Norm..
830 4974 1258 5051 quasiextema;
1286 4993 1450 5051 quam
1490 4977 1784 5037 lectionem

183 5047 426 5124 flagitare
447 5048 711 5124 videntur
734 5047 968 5124 repetita
988 5047 1082 5105 hic
1093 5047 1266 5124 verba
1290 5047 1544 5124 tenditur,
1569 5052 1785 5106 tendun-

182 5120 286 5178 tur.
317 5124 395 5178 At
424 5138 555 5177 vero
576 5122 635 5177 in
666 5120 890 5193 optimae
919 5126 1064 5193 notae
1092 5120 1223 5193 Mss.
1246 5120 1447 5193 legitur
1474 5127 1783 5193 extenuata,

182 5194 432 5275 maxime
443 5194 529 5277 “in
558 5191 769 5277 Germ.,
799 5191 973 5277 Laud.
1006 5199 1061 5248 et
1102 5191 1266 5249 Corb.
1309 5191 1788 5277 Germ.,.ideoque

180 5281 375 5322 vocem
417 5264 571 5321 illam
614 5263 960 5320 retinendam
988 5279 1299 5333 censemus,
1331 5270 1394 5319 ut
1426 5263 1789 5324 verisimilius

182 5344 503 5409 usurpatam
545 5352 577 5393 a
616 5342 806 5410 sancto
848 5335 1148 5410 Gregorio,
1184 5344 1476 5410 posteaque
1499 5353 1554 5410 _a
1602 5338 1790 5395 sciolis

182 5406 502 5481 mutatam:
536 5406 938 5481 quodex-tenta
970 5406 1206 5481 chorda,
1254 5406 1606 5481 loceq'melius
1648 5428 1792 5467 con-

184 5496 380 5552 gruere
412 5477 662 5552 videtur.
684 5480 825 5552 Sane
852 5477 898 5533 si
934 5478 1087 5552 prius
1129 5479 1332 5537 lectum
1360 5478 1555 5552 fuisset
1582 5488 1792 5537 extenta

183 5548 409 5617 chorda,
458 5550 667 5608 nemini
700 5548 952 5605 venisset“
971 5548 1032 5606 in
1078 5559 1342 5619 mentem,
1372 5549 1477 5608 hac
1518 5568 1653 5608 voce
1698 5570 1790 5609 ex-

185 5630 418 5696 puncta,
450 5623 687 5696 scribere
716 5627 1000 5696 extenuata
1032 5623 1257 5696 chorda.
1290 5624 1501 5679 Favent
1542 5622 1675 5679 huic
1718 5626 1792 5681 le-

183 5693 361 5752 ctioni
393 5710 517 5767 quae
547 5694 693 5750 infra
720 5693 1010 5766 leguntur:
1041 5694 1291 5752 temtendo
1315 5702 1580 5751 extenuat.
1614 5698 1792 5753 Eate-

187 5767 402 5823 nuando
436 5767 614 5822 tendit.

255 5840 279 5874 ²
312 5840 399 5895 Ita
450 5837 611 5895 Corb.
662 5838 874 5906 Germ.,
917 5836 1134 5904 Norm.,
1180 5839 1382 5907 Laud.,
1430 5840 1551 5896 Val.
1607 5839 1691 5897 Cl.
1738 5849 1793 5898 et

188 5912 374 5969 Germ.
408 5909 639 5978 Excusi,
672 5911 906 5983 tendunt.

1811 1923 1859 1984 B

1820 4654 1869 4714 D

1888 632 2123 706 perbiat,
2148 641 2204 689 et
2230 641 2415 691 tamen
2449 636 2470 672 ³
2500 634 2568 691 ad
2598 637 2854 695 effectum
2882 642 3233 701 rectitudinis
3260 646 3320 704 in
3352 663 3497 721 ope-

1889 723 2103 780 ratione
2123 724 2405 783 subsistat.
2436 726 2645 783 Intueri
2672 727 2819 786 inter
2844 729 2963 788 haec
2991 735 3269 806 egregium
3297 737 3493 808 praedi-

1890 818 2130 868 catorem
2163 812 2317 882 libet,
2347 822 2555 888 quanta
2580 824 2697 873 arte
2735 819 3039 891 magisterii
3080 822 3331 879 ﬁdelium
3363 827 3495 883 ani-

1891 916 2010 956 mas
2050 902 2205 958 velut
2244 902 2303 958 in
2346 903 2561 961 cithara
2598 905 2834 965 chordas
2860 915 3063 979 tensas,
3092 910 3229 969 alias
3256 914 3497 986 amplius

1888 988 2168 1047 tendendo
2208 1000 2492 1064 extenuat,
2534 1001 2699 1069 atque
2740 998 2878 1055 alias
2905 1015 2938 1055 a
2975 999 3227 1057 tensione
3270 1017 3371 1058 sua
3399 1018 3496 1057 re-

1890 1079 2131 1137 laxando
2172 1090 2482 1140 conservat.
2526 1085 2672 1143 Aliis
2712 1088 2918 1145 etenim
2956 1088 3128 1147 dicit:
3160 1093 3284 1150 Non
3314 1090 3369 1147 in
3398 1108 3496 1147 co-

1888 1173 2288 1229 messationibus
2315 1180 2368 1230 et
2387 1175 2745 1247 ebrietatibus,
2769 1196 2877 1235 non
2894 1179 2953 1235 in
2979 1181 3240 1238 cubilibus
3257 1188 3307 1238 et
3326 1183 3497 1255 impu-

1889 1262 2085 1319 dicitiis
2130 1262 2308 1335 (Rom.
2356 1281 2483 1335 xm,
2530 1266 2643 1341 13).
2685 1269 2759 1324 Et
2787 1285 2979 1327 rursus
3019 1270 3129 1328 ait:
3174 1272 3493 1346 Mortiﬁcate

1888 1353 2124 1412 membra
2148 1360 2323 1411 vestra
2340 1372 2459 1426 qua:
2480 1364 2604 1413 sunt
2625 1374 2786 1430 super
2814 1366 3014 1417 terram
3035 1360 3267 1434 (Coloss.
3296 1378 3383 1430 nr,
3407 1360 3489 1434 5).

1888 1444 1962 1501 Et
2006 1452 2188 1503 tamen
2234 1446 2582 1519 praedicatori
2629 1448 2957 1507 charissimo
3001 1452 3215 1520 scribit,
3259 1452 3491 1510 dicens:

1888 1535 2018 1593 Noli
2045 1536 2217 1591 adhuc
2234 1554 2433 1608 aquam
2459 1537 2648 1607 bibere,
2670 1540 2761 1595 sed
2784 1540 2986 1596 modico
3014 1540 3137 1597 vina
3165 1547 3333 1608 utere,
3348 1557 3496 1613 pro-

1884 1628 2008 1694 pter
2052 1624 2377 1678 stomachum
2407 1630 2575 1693 tuum,
2606 1631 2656 1680 et
2681 1626 2977 1698 frequentes
3009 1635 3127 1685 tuas
3158 1629 3495 1700 inﬁmitate:

1893 1710 1953 1782 (Ι
1984 1711 2121 1767 Tim.
2154 1728 2213 1779 v,
2247 1712 2363 1783 23).
2397 1713 2524 1768 Illas
2563 1730 2691 1784 ergo
2720 1715 2954 1772 chordas
2980 1717 3333 1774 extenuando
3361 1724 3497 1773 ten-

1890 1797 1996 1866 dit,
2017 1813 2087 1853 ne
2111 1813 2224 1853 non
2242 1805 2412 1855 tensae
2440 1800 2763 1856 omnimodo
2792 1818 2903 1858 non
2933 1811 3167 1873 sonent;
3200 1804 3346 1862 hanc
3366 1822 3497 1863 vero

1891 1903 1926 1943 a
1965 1886 2217 1945 tensione
2261 1895 2552 1960 temperat,
2594 1905 2664 1946 ne
2692 1888 2825 1947 dum
2855 1893 2981 1964 plus
3008 1893 3277 1964 tenditur,
3307 1895 3495 1953 minus

1892 1984 2072 2034 sonet.

1968 2068 2055 2124 79.
2084 2067 2300 2139 Duplex
2328 2068 2711 2126 exhortationis
2737 2072 2948 2140 modus,
2965 2073 3107 2130 alius
3133 2074 3326 2142 verbis,
3354 2075 3501 2133 alius

1893 2156 2158 2228 operibus.
2193 2187 2265 2199 —
2293 2157 2421 2215 Sive
2449 2166 2634 2216 autem
2667 2162 2845 2219 sancti
2885 2162 3272 2236 praedicatores
3306 2164 3366 2221 in
3397 2166 3500 2222 Ec-

1892 2248 2082 2317 clesia,
2114 2265 2209 2304 seu
2239 2249 2474 2323 quilibet
2514 2252 2795 2325 simplices
2837 2261 2891 2310 et
2928 2255 3288 2325 abstinentes,
3335 2263 3502 2330 prout

1893 2336 2044 2392 vires
2072 2336 2375 2411 accipiunt,
2406 2338 2466 2395 in
2494 2356 2557 2395 ea
2584 2343 2857 2414 proximis
2888 2344 3005 2400 suis
3032 2344 3310 2402 canticum
3340 2345 3500 2402 bonae

1894 2425 2304 2485 exhortationis
2334 2428 2593 2487 reddunt.
2624 2432 2763 2488 Nam
2789 2438 2844 2488 et
2872 2434 3167 2506 prudentes
3197 2433 3402 2508 quique
3430 2433 3501 2491 ad

1895 2515 2310 2589 praedicationis
2349 2516 2594 2575 fructum
2640 2522 2871 2577 solerter
2899 2521 3217 2595 invigilant,
3245 2530 3410 2596 atque
3438 2529 3503 2579 ut

1895 2606 2035 2663 alios
2063 2607 2133 2664 ad
2157 2607 2331 2665 vitam
2361 2610 2705 2682 pertrahant,
2736 2628 2871 2669 sono
2893 2629 3102 2685 magnae
3131 2613 3503 2685 persuasionis

1894 2695 2214 2765 elaborant;
2256 2705 2312 2755 et
2357 2699 2454 2772 qui
2496 2698 2556 2756 in
2599 2716 2662 2757 ea
2692 2700 2950 2759 tardioris
2979 2702 3187 2776 ingenii
3217 2703 3500 2773 videntur,

1897 2803 1967 2845 ex
1995 2789 2117 2861 ipso
2140 2807 2253 2847 suae
2282 2792 2413 2849 vitae
2432 2793 2629 2849 merito
2652 2793 2711 2849 in
2732 2802 3001 2867 quantum
3030 2812 3087 2852 se
3107 2811 3265 2868 posse
3284 2795 3502 2867 conspi-

1895 2877 2076 2946 ciunt,
2123 2879 2530 2940 exhortationis
2576 2900 2702 2957 erga
2746 2884 2885 2941 alios
2931 2891 3077 2949 676
3118 2887 3503 2944 auctoritatem

1896 2983 2148 3045 sumunt,
2205 2983 2368 3050 atque
2418 2979 2488 3034 ad
2534 2982 2809 3039 caelestem
2852 2983 3085 3055 patriam
3132 3002 3272 3058 quos
3315 2986 3504 3041 valent

1896 3063 2115 3121 trahere
2139 3081 2251 3121 non
2287 3064 2581 3125 desistunt.
2613 3070 2719 3127 Sed
2747 3080 2935 3129 sancta
2962 3073 3213 3131 Ecclesia
3239 3075 3506 3133 extremis

1897 3155 2376 3229 persecutionibus
2417 3173 2621 3230 pressa,
2663 3176 2791 3216 cum
2834 3161 3002 3217 verba
3044 3178 3144 3219 sua
3185 3178 3217 3218 a
3255 3162 3506 3235 reprobis

1896 3245 2180 3303 contemni
2209 3246 2542 3317 considerat,
2573 3248 2778 3305 amoris
2802 3249 2889 3306 sui
2919 3251 3148 3322 gratiam
3177 3251 3247 3307 ad
3270 3252 3387 3308 sola
3414 3253 3508 3310 la-

1897 3343 2084 3393 menta
2124 3336 2348 3406 format,
2392 3337 2524 3411 quia
2561 3337 2830 3395 nimirum
2864 3338 3028 3396 detlet
3057 3342 3079 3377 ‘
3108 3357 3248 3415 quos
3289 3342 3506 3399 exhor-

1896 3425 2069 3482 tando
2114 3425 2333 3483 trahere
2377 3442 2490 3483 non
2518 3427 2684 3483 valet.
2716 3427 2876 3485 Dicat
2913 3444 3077 3502 ergo:
3137 3431 3298 3489 Versa
3335 3439 3411 3487 est
3446 3432 3507 3487 in

1901 3518 2101 3574 luctum
2128 3517 2337 3575 cithara
2364 3536 2500 3586 mea,
2522 3525 2570 3575 et
2595 3535 2855 3590 organum
2889 3536 3062 3575 meum
3089 3519 3147 3575 in
3174 3537 3345 3577 vocem
3371 3525 3503 3595 ﬂen-

1901 3607 2051 3664 tium.
2102 3609 2185 3665 Ac
2234 3608 2281 3664 si
2323 3615 2507 3682 aperte
2535 3607 2771 3664 fateatur
2811 3607 3036 3666 dicens:
3081 3610 3239 3667 Pacis
3281 3610 3506 3684 quidem

1899 3714 2034 3755 meae
2064 3703 2312 3771 tempore
2340 3715 2436 3771 per
2459 3698 2599 3755 alios
2625 3716 2794 3772 parva
2812 3715 2964 3755 more
2983 3699 3230 3769 citharae,
3249 3717 3346 3774 per
3365 3702 3506 3760 alios

1900 3804 2031 3845 vero
2050 3804 2203 3844 more
2223 3788 2412 3861 organi
2436 3804 2632 3862 magna
2654 3796 2709 3845 et
2735 3805 2935 3845 sonora
2957 3789 3344 3862 praedicabam,
3362 3793 3383 3827 ⁸
3410 3791 3507 3848 sed

1898 3894 2049 3935 nunc
2077 3877 2136 3933 in
2166 3878 2377 3934 luctum
2412 3878 2647 3947 cithara,
2679 3884 2733 3934 et
2762 3894 3027 3951 organum
3064 3880 3123 3935 in
3152 3897 3345 3937 vocem
3376 3879 3509 3937 ﬂen-

1899 3969 2043 4025 tium
2073 3985 2294 4026 versum
2323 3977 2427 4038 est,
2458 3970 2589 4043 quia
2616 3969 2749 4027 dum
2779 3986 2866 4026 me
2895 3970 3176 4027 contemni
3196 3969 3501 4041 conspicio,

1900 4074 1994 4115 eos
2015 4058 2111 4132 qui
2132 4058 2541 4131 praedicationis
2570 4060 2593 4095 ⁶
2621 4067 2845 4115 cantum
2867 4074 2978 4114 non
2998 4057 3235 4114 audiunt
3255 4058 3505 4131 deploro.

1901 4152 2031 4209 Haec
2058 4166 2155 4223 per
2182 4149 2449 4224 quosdam
2478 4157 2666 4207 sancta
2694 4148 2944 4206 Ecclesia
2964 4149 3023 4205 in
3043 4149 3151 4205 ﬁne
3169 4150 3382 4207 factura
3402 4157 3507 4220 est,

1902 4239 2021 4297 haec
2048 4256 2147 4313 per
2175 4239 2442 4314 quosdam
2471 4239 2531 4296 in
2560 4239 2677 4296 suis
2699 4238 2813 4312 jam
2849 4239 3096 4297 exordiis
3138 4240 3287 4296 fecit.
3321 4242 3341 4275 ⁷
3373 4240 3505 4296 Pri-

1902 4346 2027 4386 mus
2068 4330 2271 4403 quippe
2313 4338 2526 4404 martyr
2562 4328 2872 4403 Stephanus
2898 4328 3103 4385 Judaeis
3133 4329 3508 4402 persequenti-

1901 4421 2008 4479 bus
2052 4423 2309 4496 prodesse
2355 4422 2706 4497 praedicando
2747 4429 2977 4481 conatus
3017 4430 3121 4489 est,
3152 4438 3291 4496 quos
3322 4429 3511 4479 tamen

1902 4519 2028 4585 post
2058 4514 2226 4569 verba
2262 4512 2693 4587 praedicationis,
2722 4512 2856 4569 dum
2885 4512 3099 4569 videret
3126 4511 3196 4568 ad
3219 4509 3508 4584 jaciendos

1904 4603 2114 4677 lapides
2159 4605 2504 4675 convolasse,
2553 4604 2684 4660 ﬁxis
2731 4602 2961 4677 genibus
3015 4602 3227 4671 orabat,
3281 4600 3504 4657 dicens:

1901 4695 2126 4752 Domine
2163 4697 2309 4761 Iesu,
2346 4713 2411 4752 ne
2438 4702 2641 4752 statuas
2670 4695 2783 4751 illic
2810 4696 2904 4751 hoc
2924 4700 3193 4766 peccatum
3223 4691 3365 4764 (Act.
3398 4707 3502 4759 vn,

1890 4785 2008 4859 59).
2040 4785 2186 4855 Quid
2214 4801 2343 4861 ergo
2371 4785 2524 4856 huic,
2550 4786 2647 4860 qui
2676 4785 2775 4843 diu
2796 4792 2854 4841 et
2880 4800 3050 4858 parva
3076 4790 3130 4839 et
3150 4797 3348 4855 magna
3372 4793 3512 4836 nar-

1967 4979 1988 5013 ³
2023 4979 2248 5050 Recent.
2279 4977 2455 5050 Editi,
2485 4977 2559 5033 ad
2586 4977 2847 5050 affectum.
2879 4974 3197 5050 Legendum
3217 4972 3401 5050 est_ad
3420 4970 3511 5043 ef-

1894 5047 2107 5119 fectum,
2157 5049 2275 5105 sive
2316 5043 2587 5105 rationem
2621 5043 2745 5106 sive
2789 5065 2920 5105 mss.
2955 5043 3508 5119 Cod._consulamus,

1895 5117 2129 5198 Turon.,
2162 5121 2375 5190 Germ.,
2410 5121 2858 5198 Laud.,_Norm.,
2890 5119 3053 5177 Corb.
3090 5117 3301 5198 Germ.,
3325 5124 3433 5198 etc.

1970 5195 1991 5227 ‘
2022 5187 2256 5262 Turon.,
2286 5187 2419 5262 quos
2448 5187 2654 5249 orando
2678 5211 2699 5258 ;
2726 5193 2803 5248 ita
2831 5187 3049 5262 quoque
3079 5187 3217 5244 olim
3247 5188 3306 5244 in
3337 5187 3502 5246 Corb.

1970 5208 1991 5227 ο
2022 5208 2256 5262 'i'uron.,
2324 5210 2419 5249 uos
2448 5208 2654 5249 orando
2678 5211 2699 5258 ;
2726 5208 2803 5248 ita
2870 5208 2911 5246 ut

1898 5263 2062 5322 Germ
2074 5308 2085 5322 .
2096 5309 2112 5334 ,
2135 5210 2411 5337 nuncﬁegi
2419 5272 2528 5332 tur,
2546 5208 2911 5337 exhortando.

1971 5338 1993 5371 ⁵
2041 5332 2133 5393 Sic
2165 5332 2385 5392 ibidem'
2402 5334 2629 5391 brevius
2656 5335 2715 5390 in
2756 5334 2884 5390 Mss.
2932 5333 3166 5400 Turon.,
3198 5332 3506 5401 Bellovac.,

1900 5407 2084 5464 Germ.
2130 5415 2185 5463 et
2230 5408 2421 5463 Norm.
2469 5406 2690 5477 legitur,
2734 5420 2897 5477 quam
2929 5403 2988 5460 in
3016 5403 3338 5477 Editis,ised
3364 5420 3505 5477 nunc

1900 5495 2055 5535 versa
2083 5485 2158 5534 est
2188 5480 2242 5533 in
2273 5479 2490 5542 luctum,
2519 5475 2623 5532 etc.
2657 5478 2720 5533 In
2750 5475 2913 5534 Corb.
2942 5477 3126 5534 Germ.
3172 5476 3359 5534 adhuc
3386 5476 3505 5533 bre-

1900 5550 2048 5620 vius,
2076 5552 2165 5608 sed
2192 5566 2329 5606 nunc
2364 5548 2421 5603 in
2452 5551 2650 5604 luctum
2689 5548 2908 5605 citharce
2934 5555 2982 5604 et
3009 5565 3272 5621 organum
3300 5563 3515 5604 versum

1901 5629 1995 5679 est.

1974 5698 1996 5732 ⁸
2035 5694 2199 5754 Corb.
2232 5694 2444 5761 Germ.,
2474 5694 2664 5751 Norm.
2697 5699 2753 5752 et
2780 5695 2991 5761 Germ.,
3022 5689 3325 5748 canticum:
3353 5698 3409 5747 et
3436 5690 3513 5747 ita

1902 5768 2071 5836 infra,
2107 5784 2228 5840 pro,
2257 5773 2464 5841 caritas,
2494 5773 2727 5841 cantum.
2802 5840 2819 5841 η
3105 5836 3117 5841 _
3400 5832 3409 5841 ο

1973 5842 1993 5876 ⁷
2026 5836 2237 5905 Germ.,
2263 5840 2569 5916 Bellovac.,
2595 5838 2758 5916 Gorh.
2783 5840 2965 5894 Germ.
2992 5844 3051 5916 et
3066 5836 3239 5907 plur.,
3262 5836 3504 5915 maxime

1901 5913 2116 5979 Norm.,
2146 5919 2356 5981 martyr
2382 5911 2575 5983 quippe
2605 5912 2919 5983 Stephanus,
2942 5911 3174 5974 omisso,
3198 5911 3426 5977 primus.
