3928 6382
442 405 544 466 187

1650 399 1900 462 SANCTI
1938 356 2280 462 esseom
2313 400 2543 463 mem

3643 400 3747 460 188

438 539 674 602 raverat,
721 530 830 589 nisi
865 531 982 604 jam
1022 544 1135 588 sua
1168 527 1396 588 cithara
1422 536 1585 606 atque
1617 529 1808 603 organi
1837 536 2032 588 cantus
2065 532 2118 594 Α
2146 528 2278 604 quia
2318 529 2524 586 electus
2554 525 2786 602 quisque
2813 542 2923 602 quo
2960 534 3158 584 sanctae
3193 525 3606 599 praedicationis
3633 541 3749 586 vox

436 621 632 680 silebat
658 630 823 697 atque
851 622 910 680 in
938 622 1151 680 luctum
1180 637 1339 680 versa
1365 622 1606 692 fuerant,
1630 623 1758 696 quia
1783 639 1875 680 eos
1899 639 2036 696 quos
2142 619 2318 688 siluit,
2350 635 2414 675 eo
2443 617 2644 676 damna
2671 617 2930 676 Ecclesiae
2959 615 3182 690 gravius
3209 615 3442 689 plangit.

436 711 786 787 pradicando
814 728 928 769 non
963 719 1226 783 traxerat,
1255 711 1489 770 amando
1517 713 1728 771 flebat?
1757 713 1914 783 Quod
1943 713 2034 770 ni-

439 801 643 859 mirum
671 800 920 877 quotidie
949 809 1139 860 sancta
1170 802 1416 861 Ecclesia
1455 817 1611 875 agere
1653 818 1767 860 non
1795 803 2034 870 desistit,

436 908 558 966 qua
586 889 993 965 pradicationis
1025 891 1255 951 verbum
1284 909 1420 967 pene
1467 891 1673 966 ubique
1703 893 2035 951 conticuisse

430 979 546 1054 jam
583 980 874 1054 conspicit.
919 981 1032 1040 Alii
1061 999 1299 1058 namque
1339 981 1492 1057 loqui
1529 983 1902 1054 dissimulant,
1938 985 2033 1041 alii

437 1081 584 1132 recta
611 1074 802 1134 audire
829 1081 1210 1134 contemnunt.
1243 1073 1348 1131 Sed
1374 1073 1678 1132 electorum
1717 1091 1872 1132 mens
1901 1075 2033 1133 dum

436 1170 614 1224 tacere
657 1174 882 1227 cantum
919 1165 1326 1240 praedicationis
1361 1165 1654 1239 conspicit,
1703 1183 1925 1239 gemens
1972 1183 2036 1224 ac

437 1254 604 1314 tacita
627 1255 698 1314 ad
719 1257 878 1315 ﬂetus
896 1256 1058 1315 redit.
1082 1256 1241 1315 Dicat
1268 1271 1431 1330 ergo:
1473 1257 1632 1316 Versa
1659 1263 1734 1314 est
1761 1257 1819 1314 in
1841 1259 2036 1314 luctum

435 1343 646 1404 cithara
689 1363 826 1414 mea,
872 1353 921 1404 et
957 1363 1217 1421 organum
1265 1362 1437 1404 meum
1475 1346 1536 1403 in
1579 1363 1752 1404 vocem
1777 1347 2039 1421 ﬂentium,

2215 713 2506 784 Hucusque
2531 712 2723 768 beatus
2745 711 2848 766 Job
2868 709 3159 782 descripsit
3183 709 3325 764 mala
3344 724 3464 781 qua
3494 709 3748 782 pertulit,

2144 801 2250 860 hoc
2277 818 2408 859 vero
2437 818 2506 858 ex
2535 803 2658 858 loco
2687 800 2886 875 incipit
2913 816 3134 857 narrare
3164 799 3426 856 subtilius
3453 800 3600 858 bona
3624 818 3752 875 qua

2142 892 2292 950 fecit.
2343 893 2448 950 Sed
2493 893 2700 953 doloris
2742 892 2910 949 verba
2955 892 3218 949 historica
3264 901 3428 966 atque
3455 893 3753 966 allegorica

2143 983 2486 1058 expositione
2527 985 2981 1054 transcurrimus,
3011 983 3285 1040 virtutum
3313 999 3446 1041 vero
3484 1001 3652 1057 opera
3678 1000 3752 1042 ex

2145 1090 2339 1147 magna
2368 1083 2521 1148 parte
2543 1075 2706 1148 juxta
2735 1075 2908 1132 solius
2935 1073 3180 1130 historia
3227 1081 3441 1153 textum
3471 1083 3752 1145 tenemus,

2145 1178 2214 1218 ne
2241 1164 2287 1220 si
2318 1163 2434 1222 hac
2463 1165 2532 1222 ad
2562 1164 2870 1239 indaganda
2901 1164 3164 1238 mysteria
3203 1164 3500 1241 trahimus,
3533 1165 3754 1225 verita-

2144 1261 2258 1314 tem
2286 1255 2515 1316 fortasse
2545 1257 2726 1332 operis
2755 1271 2988 1316 vacuare
3017 1256 3326 1316 videamur.
3421 1245 3427 1252 ’

1255 1631 1596 1722 LIBER
1701 1630 2314 1723 VIGESIMUS
2427 1636 2881 1726 PRIMUS.

435 1795 805 1884 Eaponitur
845 1813 994 1884 cap.
1038 1815 1186 1884 xxxx
1233 1795 1336 1884 lib.
1381 1795 1514 1875 Job,
1556 1797 1654 1884 ad
1701 1815 2008 1884 _versum_
2045 1801 2121 1867 24
2166 1799 2510 1884 excl-usive,
2551 1810 2611 1866 et
2669 1801 2965 1866 laudatis
3004 1802 3194 1882 prius
3235 1804 3582 1884 castitate,
3629 1805 3750 1869 hu-

549 1877 854 1956 militate,
893 1877 1372 1956 misericordia,
1417 1878 1635 1942 multa
1675 1878 1754 1943 de
1793 1882 2130 1944 occasione
2167 1883 2417 1964 peccati
2457 1877 2781 1962 fugienda
2822 1877 3250 1964 potissimum
3288 1877 3625 1950 docentur.

950 2012 1179 2072 CAPUT
1211 2013 1504 2072 PRIMUM.

503 2103 554 2161 1.
583 2103 649 2162 In
669 2102 999 2178 mlicandis
1016 2103 1186 2161 sacris
1207 2103 1523 2176 Scripturis,
1543 2119 1633 2159 nec
1652 2103 1795 2160 solus
1823 2103 2032 2161 histori-

428 2207 520 2249 cus
559 2209 742 2250 sensus
781 2195 1074 2266 sequendus
1117 2200 1212 2262 est,
1241 2211 1332 2251 nec
1369 2211 1572 2268 semper
1596 2193 1931 2266 allegoriam.
1962 2226 2033 2241 --

430 2281 750 2340 Intellectus
795 2283 934 2341 sacri
970 2283 1178 2359 eloquii
1206 2283 1353 2340 inter
1378 2291 1593 2340 textum
1621 2291 1676 2342 et
1704 2284 2030 2358 mysterium

429 2378 586 2430 tanta
609 2378 691 2432 est
718 2372 1012 2432 libratione
1045 2376 1061 2410 ¹
1094 2373 1428 2448 pensandus,
1453 2383 1514 2432 ut
1542 2375 1831 2449 utriusque
1860 2375 2031 2448 partis

428 2461 583 2520 lance
635 2462 939 2534 moderata,
987 2463 1140 2522 hunc
1187 2481 1365 2540 neque
1425 2464 1614 2523 nimia
1672 2463 2031 2524 discussionis

427 2553 645 2626 pondus
671 2553 966 2628 deprimat,
993 2571 1171 2629 neque
1201 2572 1392 2616 rursus
1421 2564 1612 2630 torpor
1650 2553 1881 2614 incuria
1924 2573 2032 2614 va-

425 2657 595 2703 cuum
623 2642 922 2719 relinquat.
953 2643 1142 2700 Multa
1171 2645 1374 2718 quippe
1415 2645 1535 2718 ejus
1563 2646 1850 2703 sententia
1877 2654 2030 2704 tanta

425 2731 816 2806 allegoriamm
845 2733 1207 2806 conceptione
1237 2741 1367 2791 sunt
1396 2734 1656 2808 gravida,
1688 2743 1750 2792 ut
1778 2737 2030 2810 quisquis

423 2838 515 2880 eas
541 2823 612 2882 ad
638 2825 812 2883 solam
840 2831 1026 2883 tenere
1054 2824 1342 2883 historiam
1372 2825 1590 2896 nititur,
1621 2841 1808 2882 earum
1829 2827 2030 2884 notitia

422 2929 521 2988 per
548 2930 703 2970 suam
734 2914 1008 2973 incuriam
1035 2915 1304 2989 privetur.
1333 2915 1626 2972 Nonnullae
1664 2931 1794 2972 vero
1829 2916 1905 2974 ita
1933 2933 2025 2974 ex-

420 3005 719 3063 terioribus
746 3005 1032 3080 praceptis
1064 3003 1398 3076 inserviunt,
1428 3012 1492 3063 ut
1515 3005 1562 3063 si
1591 3005 1715 3080 quis
1735 3022 1826 3065 eas
1853 3007 2024 3066 subti-

419 3096 528 3156 lius
574 3104 860 3172 penetrare
907 3097 1203 3164 desiderat,
1254 3103 1401 3162 6'77
1442 3097 1594 3156 intus
1619 3099 1844 3174 quidem
1879 3100 2023 3160 nihil

418 3199 691 3346 iiivenizat,
741 3198 836 3261 sed
878 3197 987 3263 hoc
1029 3198 1136 3261 sibi
1179 3201 1347 3263 etiam
1375 3200 1525 3282 quod
1556 3201 1692 3262 foris
1720 3203 2026 3281 loquuntur

418 3290 450 3332 ³
491 3304 623 3346 scon
663 3295 742 3346 at.

417 3290 718 3349 abscondat
729 3331 742 3348 .

2061 2013 2110 2080 B
2138 2015 2198 2072 in
2225 2015 2508 2075 viriditate
2530 2025 2920 2092 permaneant;
2955 2016 3251 2093 variusque
3279 2018 3562 2094 virgarum
3593 2021 3753 2079 color

2142 2106 2400 2177 efﬁcitur,
2431 2108 2564 2166 dum
2594 2116 2784 2167 cortex
2813 2125 2882 2166 ex
2911 2117 3062 2183 parte
3091 2108 3460 2180 subtrahitur,
3493 2127 3563 2166 ex
3592 2119 3753 2183 parte

2139 2198 2430 2257 retinetur.
2461 2203 2606 2257 Ante
2633 2199 3092 2258 considerationis
3131 2200 3279 2256 enim
3323 2209 3525 2259 nostra
3554 2202 3753 2259 oculos

2140 2289 2567 2362 praecedentium
2599 2299 2816 2364 patrum
2863 2290 3148 2347 sententia
3191 2290 3347 2364 quasi
3378 2291 3547 2364 virgae
3578 2291 3750 2348 varia

2135 2386 2440 2451 ponuntur.
2465 2381 2527 2436 In
2557 2379 2758 2454 quibus
2783 2380 2915 2437 dum
2938 2382 3261 2454 plerumque
3281 2381 3628 2439 intellectum
3651 2383 3746 2440 lit-

2137 2476 2266 2526 tera
2304 2469 2569 2543 fugimus,
2601 2471 2754 2545 quasi
2783 2471 3046 2529 corticem
3094 2471 3495 2539 subtrahimus,
3525 2481 3580 2530 et
3609 2472 3750 2531 dum

2137 2560 2465 2634 plerumque
2495 2560 2837 2618 intellectum
2871 2561 3066 2618 littera
3098 2561 3402 2636 sequimur,
3438 2562 3594 2636 quasi
3624 2580 3754 2622 cor.

2136 2649 2302 2708 ticem
2333 2667 2694 2710 reservamus.
2724 2653 2978 2727 Dumque
3008 2652 3077 2708 ab
3104 2651 3239 2725 ipsis
3273 2654 3294 2688 ³
3324 2661 3515 2710 cortex
3545 2653 3756 2712 littera

2135 2739 2486 2810 subducitur,
2515 2741 2789 2814 allegoria
2818 2741 3025 2800 candor
3047 2741 3280 2798 interior
3307 2741 3754 2817 demonstratur,

2135 2837 2189 2888 et
2234 2830 2366 2887 dum
2413 2839 2605 2889 cortex
2643 2832 2996 2906 relinquitur,
3027 2831 3319 2889 exterioris
3361 2831 3756 2904 intelligentia

2134 2919 2374 2978 virentia
2401 2923 2654 2996 exempla
2684 2931 3084 2982 monstrantur.
3132 2923 3279 2992 Quas
3315 2922 3453 2978 bene
3481 2922 3649 2979 Iacob
3685 2923 3755 2982 in

2131 3026 2287 3084 aqua
2317 3011 2604 3069 canalibus
2633 3012 2838 3085 posuit,
2861 3013 2992 3086 quia
3021 3020 3075 3068 et
3103 3011 3438 3083 Redemptor
3465 3020 3652 3068 noster
3685 3013 3756 3071 in

2132 3101 2292 3162 libris
2325 3117 2416 3160 eas
2442 3118 2608 3160 sacra
2637 3101 2904 3170 scientia,
2935 3101 3138 3174 quibus
3165 3117 3266 3156 nos
3295 3099 3630 3158 intrinsecus
3656 3102 3756 3160 in-

2131 3191 2444 3262 fundimur,
2469 3190 2616 3248 ﬁxit.
2649 3191 2757 3247 Has
2785 3189 3114 3264 aspicientes
3142 3189 3342 3247 arietes
3370 3207 3496 3248 cum
3540 3190 3756 3251 ovibus

2130 3288 2354 3351 coeunt,
2406 3281 2535 3355 quia
2581 3281 2877 3338 rationales
2915 3282 2937 3318 ‘
2983 3280 3159 3338 nostri
3207 3280 3457 3354 spiritus,
3496 3280 3629 3340 dum
3681 3281 3752 3342 in

485 3376 540 3436 2.
569 3377 844 3437 Probatur
865 3378 1025 3452 prior
1037 3378 1357 3453 propositio.
1376 3377 1618 3438 —Unde
1641 3377 1779 3437 bene
1807 3397 2024 3458 quoque
2053 3388 2097 3450 ο
2133 3385 2321 3428 earum
2351 3370 2658 3429 intentione
2685 3370 2856 3427 deﬁxi
2883 3377 3034 3440 sunt,
3055 3369 3291 3444 singulis
3312 3369 3621 3444 quibusque
3650 3387 3749 3434 ac-

416 3466 732 3526 narratione
747 3467 1012 3528 historica
1027 3485 1124 3544 per
1142 3469 1604 3544 signiﬁcationem
1625 3469 1830 3528 dicitur
1853 3489 1866 3532 :
1900 3475 2016 3534 Tol-

420 3558 528 3615 lens
553 3559 714 3617 Iacob
743 3559 924 3633 virgas
946 3561 1204 3634 populeas
1227 3559 1445 3629 virides,
1477 3565 1526 3616 et
1550 3560 1940 3634 amygdalinas,
1969 3570 2018 3621 et

415 3664 482 3703 ea:
499 3649 764 3721 platanis,
781 3667 848 3706 ea:
865 3655 1023 3722 parte
1041 3649 1381 3707 devorticavit
1396 3666 1506 3720 eas,
1531 3650 1880 3722 detractisque
1901 3669 2013 3710 cor-

414 3735 624 3806 ticibus,
654 3737 710 3793 in
735 3737 818 3794 his
847 3739 870 3774 ³
896 3755 1014 3810 qua
1039 3739 1335 3812 easpoliata
1362 3737 1580 3810 fuerant
1607 3740 1808 3797 candor
1833 3759 2014 3816 appa-

414 3825 566 3893 ruit;
583 3826 684 3884 illa
705 3845 828 3886 vero
847 3844 965 3901 qua:
977 3828 1180 3902 integra
1199 3834 1354 3886 erant
1371 3829 1570 3887 viridia
1579 3839 2012 3904 permanserunt,

411 3921 568 3989 atque
592 3915 651 3973 in
678 3917 816 3975 hunc
839 3917 1054 3974 modum
1081 3919 1228 3976 color
1253 3919 1458 3995 e/fectus
1481 3925 1555 3976 est
1581 3920 1769 3977 varius
1799 3921 2007 3994 (Genes.

411 4026 550 4080 xxx,
573 4009 688 4085 37).
712 4011 818 4070 Ubi
837 4018 892 4069 et
920 4011 1210 4071 subditur:
1238 4012 1526 4084 Posuitque
1545 4029 1632 4070 eas
1655 4013 1713 4069 in
1735 4015 2010 4073 canalibus

409 4096 469 4153 in
506 4099 696 4170 quibus
731 4101 1098 4172 eﬁ’undebatur
1133 4119 1299 4174 aqua,
1327 4108 1387 4158 ut
1411 4119 1527 4160 cum
1555 4103 1810 4160 venissent
1835 4121 2009 4177 greges

410 4187 484 4244 ad
507 4186 804 4257 bibendum,
819 4196 940 4246 ante
958 4191 1136 4247 oculos
1157 4191 1404 4248 haberent
1429 4192 1630 4264 virgas,
1651 4199 1698 4250 el
1720 4193 1779 4250 in
1798 4201 2011 4266 aspectu

409 4293 595 4333 carum
639 4277 979 4349 conciperent.
1023 4279 1342 4350 Factumque
1387 4288 1461 4336 est
1499 4289 1557 4337 ut
1600 4281 1658 4338 in
1693 4283 1806 4354 ipso
1835 4285 2010 4340 calore

408 4366 576 4424 coitus
593 4383 711 4423 oves
729 4366 1062 4423 intuerentur
1089 4367 1288 4439 virgas,
1318 4375 1366 4423 et
1387 4375 1641 4441 parerent
1666 4373 1936 4428 maculosa
1963 4378 2012 4428 et

409 4458 588 4526 varia,
616 4463 666 4514 et
682 4457 889 4514 diverso
909 4458 1082 4514 colore
1098 4473 1342 4530 respersa
1369 4457 1562 4528 (Ibid.,
1593 4457 1684 4527 38,
1716 4459 1830 4532 39).
1864 4459 2010 4528 Quid

409 4555 490 4605 est
515 4547 665 4604 enim
693 4545 876 4620 virgas
904 4545 1130 4616 virides,
1161 4545 1562 4620 amygdalinas,
1591 4555 1754 4622 atque
1783 4565 1853 4605 ex
1881 4551 2010 4624 pla-

406 4636 554 4695 tanis
581 4645 708 4694 ante
728 4653 952 4711 gregum
981 4636 1170 4699 oculos
1199 4653 1424 4711 ponere,
1453 4637 1561 4695 nisi
1590 4655 1687 4712 per
1715 4639 2008 4712 Scriptura

403 4743 571 4785 sacra
613 4727 810 4784 seriem
853 4726 1209 4800 antiquorum
1250 4727 1472 4784 Patrum
1513 4727 1656 4785 vitas
1683 4736 2010 4802 atque-sen-
2037 4756 2087 4817 D

403 4819 606 4876 tentias
625 4818 684 4874 in
704 4817 1020 4890 exemplum
1042 4817 1262 4890 populis
1281 4817 1520 4891 prabere
1537 4819 1566 4876 ?
1585 4819 1716 4888 Qua
1737 4819 2004 4878 nimirum

403 4907 534 4982 quia
551 4906 717 4982 juxta
743 4906 976 4963 rationis
1003 4922 1234 4962 examen
1264 4914 1423 4964 recta
1454 4915 1604 4977 sunt,
1629 4908 1796 4981 virga
1827 4909 2003 4966 nomi-

401 5005 623 5056 nantur.
673 4996 888 5068 Quibus
928 5012 998 5053 ex
1045 5005 1196 5071 parte
1237 4997 1498 5054 corticem
1528 4998 1824 5069 subtrahit,
1857 5008 1919 5057 ut
1945 5000 2004 5057 in

402 5087 489 5145 his
517 5105 638 5162 qua
667 5088 1070 5164 exspoliantur,
1103 5086 1335 5144 intimus
1363 5088 1570 5146 candor
1607 5099 1864 5163 appareat
1888 5110 1900 5158 ;
1949 5101 2004 5148 et

402 5194 471 5234 ex
498 5187 650 5250 parte
676 5181 940 5239 corticem
969 5187 1172 5249 servat,
1204 5187 1266 5237 ut
1302 5179 1446 5237 sicut
1487 5180 1706 5238 fuerant
1734 5181 2000 5252 exterius,

475 5321 497 5402 ξ
532 5321 778 5402 Elimia,
807 5325 950 5381 Utic.
983 5326 1245 5402 ac_p_lur.,
1282 5343 1585 5402 suspensus.

474 5391 497 5426 ³
534 5392 646 5460 Sic,
697 5404 971 5464 praeeunte
1013 5391 1268 5465 vulgata,
1317 5391 1517 5465 legitur
1562 5397 1620 5454 in
1668 5399 1796 5454 Mss.
1831 5399 1996 5457 Corb.

401 5466 612 5531 Germ.,
639 5465 867 5544 _Norm.,
888 5465 1319 5544 Germ_.,_Laud.,
1344 5465 1468 5544 Val.
1501 5470 1610 5536 CL,
1636 5479 1775 5544 etc.,
1799 5472 2001 5544 quibus

401 5535 759 5592 consentiunt
784 5542 995 5592 veteres
1024 5537 1172 5593 Edit.
1197 5543 1258 5595 ln
1289 5535 1462 5596 veteri
1495 5549 1675 5596 tamen
1697 5535 1994 5599 Edeasil.

400 5607 587 5688 habes:
618 5624 745 5688 qva
763 5607 976 5687 ίηιεσιῖιε
996 5615 1170 5688 erant,
1198 5611 1411 5688 aridas;-
1436 5613 1583 5688 Idem
1609 5613 1885 5688 legiturin
1907 5614 2000 5688 θὲς

399 5679 496 5735 lot.
549 5678 754 5734 Arrisit
794 5678 966 5749 magis
995 5679 1258 5736 Romanis
1285 5682 1609 5739 Editoribus
1638 5678 1739 5740 sub
1767 5684 1924 5741 Sixto
1949 5687 1998 5742 V

398 5759 451 5807 et
479 5751 774 5817 Gussanv.,
804 5766 922 5820 qua:
948 5750 1256 5822 exspoliatce
1280 5753 1562 5822 fuerant...
1607 5755 1713 5810 illa:
1753 5773 1874 5812 vero
1905 5757 1998 5811 iu—

399 5831 645 5897 tegrte....
708 5821 918 5897 virides.
969 5821 1200 5890 Deinde,
1245 5821 1292 5879 et
1327 5833 1582 5897 parerent
1615 5829 1911 5885 maculosus
1952 5836 1999 5884 et

405 5895 606 5966 varias,
637 5902 686 5954 et
713 5895 820 5952 div.
854 5897 954 5954 col.
991 5911 1274 5966 respersas.

2129 3459 2378 3520 tionibus
2411 3460 2836 3534 permiscentur,
2884 3469 2946 3517 ut
2987 3461 3122 3516 tales
3166 3460 3311 3516 fetus
3339 3477 3568 3533 operum
3598 3478 3753 3537 pro-

2123 3559 2336 3623 creent,
2353 3553 2543 3628 qualia
2558 3553 2813 3626 exempla
2828 3551 3256 3626 praecedentium
3275 3551 3334 3608 in
3351 3551 3582 3610 vocibus
3599 3569 3746 3626 pra-

2123 3651 2411 3718 ceptorum
2441 3643 2635 3701 vident
2658 3663 2674 3714 ;
2721 3651 2774 3700 et
2812 3643 3093 3700 diversum
3121 3643 3363 3700 colorem
3392 3643 3574 3716 proles
3599 3643 3747 3702 boni

2122 3733 2306 3809 operis
2334 3733 2556 3804 habeat,
2587 3733 2717 3808 quia
2752 3741 2806 3791 et
2833 3749 3236 3807 nonnunquam
3267 3734 3288 3768 δ
3320 3731 3603 3790 subtracto
3630 3732 3748 3790 lit-

2121 3833 2251 3882 tera
2292 3823 2518 3894 cortice,
2561 3823 2780 3881 acutius
2821 3823 3038 3881 interna
3078 3821 3410 3892 considerat,
3451 3829 3506 3878 et
3546 3838 3748 3879 reser—

2119 3922 2248 3972 vato
2275 3929 2676 3987 nonnunquam
2706 3913 2956 3972 historia
2984 3913 3248 3986 tegmine,
3275 3912 3414 3969 bene
3442 3929 3498 3970 se
3527 3913 3585 3971 in
3625 3930 3748 3973 θι-

2121 4005 2424 4064 terioribus
2453 4005 2676 4062 format.
3488 4037 3501 4046 ν
3795 3995 3808 4007 ’

2190 4095 2243 4153 3.
2277 4096 2552 4152 Probatur
2577 4097 2773 4152 altera.
2795 4125 2866 4136 —
2884 4095 3022 4151 Nam
3052 4094 3182 4168 quia
3209 4094 3414 4151 divina
3442 4097 3742 4155 sententia

2123 4184 2421 4260 aliquando
2450 4183 2688 4242 interius
2709 4183 2976 4241 rimanda
2995 4193 3146 4254 sunt,
3167 4185 3465 4260 aliquando
3484 4186 3742 4244 exterius

2117 4277 2494 4346 observanda,
2543 4292 2640 4350 per
2682 4276 3033 4333 Salomonem
3079 4293 3297 4350 quoque
3325 4275 3576 4333 dicitur:
3623 4280 3740 4347 Qui

2117 4368 2332 4441 fortiter
2359 4368 2549 4441 premit
2573 4368 2734 4424 ubera
2761 4369 2836 4425 ad
2862 4367 3172 4425 eliciendum
3194 4370 3296 4435 lac,
3327 4368 3580 4440 exprimit
3621 4369 3738 4424 bu-

2119 4466 2296 4532 tyrum
2312 4477 2332 4526 ;
2368 4466 2415 4516 et
2454 4459 2548 4531 qui
2574 4461 2891 4516 vehementer
2920 4461 2942 4496 θ
2971 4460 3220 4533 emungit,
3251 4459 3392 4515 elicit
3419 4460 3738 4532 sanguinem

2121 4550 2307 4623 (Prov.
2350 4567 2488 4620 xxx,
2538 4550 2653 4622 33).
2698 4549 2876 4608 Ubera
2917 4549 3121 4623 quippe
3150 4548 3370 4604 fortiter
3397 4548 3734 4622 premimus,

2117 4656 2242 4698 cum
2275 4640 2438 4697 verba
2468 4639 2608 4697 sacri
2639 4639 2844 4713 eloquii
2872 4638 3063 4695 subtili
3094 4637 3379 4694 intellectu
3408 4654 3732 4711 pensamus,

2123 4746 2230 4804 qua
2257 4729 2535 4804 pressione
2564 4729 2697 4786 dum
2738 4729 2822 4787 lac
2850 4729 3170 4802 quarimus,
3200 4727 3467 4801 butyrum
3511 4728 3732 4786 inveni-

2121 4837 2266 4888 mus,
2289 4819 2420 4892 quia
2439 4819 2572 4875 dum
2597 4818 2799 4876 nutriri
2819 4819 2905 4874 vel
2922 4817 3076 4874 tenui
3099 4817 3385 4874 intellectu
3402 4819 3729 4892 quarimus,

2114 4909 2365 4967 ubertate
2395 4908 2625 4966 interna
2655 4907 3012 4982 pinguedinis
3038 4907 3325 4980 ungimur.
3349 4907 3506 4976 Quod
3539 4916 3728 4966 tamen

2113 5016 2214 5058 nec
2259 4999 2431 5056 nimie
2480 5015 2581 5056 nec
2625 5014 2841 5071 semper
2883 4998 3159 5070 agendum
3202 5005 3305 5066 est,
3351 5013 3420 5054 ne
3468 4997 3602 5054 dum
3643 5001 3727 5058 lac

2113 5090 2379 5164 quaritur
2406 5090 2475 5147 ab
2503 5089 2786 5159 uberibus,
2821 5089 3045 5161 sanguis
3082 5096 3362 5162 sequatur.
3393 5089 3728 5164 Plerumque

2112 5181 2315 5238 etenim
2347 5179 2572 5254 quidam
2603 5179 2737 5236 dum
2765 5178 2933 5235 verba
2962 5179 3101 5236 sacri
3132 5179 3340 5252 eloquii
3388 5179 3514 5252 plus
3556 5196 3722 5253 quam

2182 5326 2203 5360 ³
2244 5327 2305 5380 In
2337 5323 2507 5380 Laud.
2533 5323 2879 5396 perantiquo,
2901 5323 3117 5396 eortix;
3146 5321 3293 5396 quod
3320 5323 3552 5396 fortasse
3583 5323 3720 5378 olim

2111 5397 2169 5452 in
2199 5413 2301 5452 usu
2331 5405 2448 5452 erat
2477 5393 2575 5468 pro
2603 5393 2782 5451 sortes?
2805 5414 2824 5460 ;
2856 5395 2990 5468 hinc
3009 5395 3067 5450 in
3097 5393 3320 5468 casibus
3347 5395 3530 5464 ﬂexis,
3560 5395 3722 5450 corti-

2108 5469 2203 5533 cis,
2233 5469 2438 5534 cortici,
2469 5467 2601 5535 etc.,
2632 5485 2743 5523 non
2775 5467 3012 5532 corteeis,
3042 5467 3251 5523 corteci.

2183 5542 2203 5576 ‘
2237 5540 2499 5607 Vindoc.,
2529 5540 2701 5594 nostri
2729 5556 2931 5594 sensus.

2179 5613 2199 5647 ⁵
2232 5613 2418 5668 Germ.
2448 5619 2500 5667 et
2535 5612 2774 5679 Gemet.,
2803 5613 3074 5666 subtracta
3106 5611 3294 5666 littera:
3321 5610 3530 5664 cortice.

2180 5686 2202 5719 ⁸
2235 5683 2468 5740 Vindoc.
2489 5691 2543 5739 et
2566 5691 2676 5739 vet.
2700 5683 2802 5738 Ed.
2828 5681 3024 5750 Paris,
3041 5683 3278 5753 emulget.
3303 5682 3534 5750 Turon.,
3552 5685 3718 5738 emul-

2105 5756 2198 5826 git.
2245 5755 2407 5811 Corb.
2441 5756 2652 5820 Germ.,
2683 5757 2990 5826 emulgctur.
3027 5753 3226 5826 Laud.,
3266 5755 3450 5826 Germ.
3484 5760 3539 5826 et
3585 5755 3710 5810 Val.

2109 5825 2218 5895 CL,
2250 5827 2555 5898 enmlgitur.
2587 5825 2874 5896 Normang
2905 5825 3226 5898 entimgitur,
3247 5834 3303 5883 et
3329 5825 3406 5883 ita
3433 5825 3600 5882 infra.
