3928 6382
131 397 216 458 189

900 386 1276 451 MORALIUM
1312 389 1448 452 LIB.
1492 390 1648 452 XXI.
1689 420 1760 441 --
1796 393 1869 456 IN
1905 394 2137 457 CAPUT
2174 396 2363 458 XXXI
2398 399 2460 460 B.
2499 398 2643 463 JOB.

3314 407 3419 471 190

130 533 305 594 debent
346 524 670 595 discutiunt,
714 519 861 581 678
905 521 966 579 in
1028 520 1307 609 carnalem
1362 519 1709 579 intellectum
1736 522 1788 584 A
1818 520 1917 582 has
1944 522 2191 598 corporis
2216 523 2483 584 fenestras
2508 524 2728 585 incaute
2753 529 2999 588 exterius
3024 532 3270 607 respicit,
3301 535 3421 609 ple-

131 622 324 684 cadunt.
372 614 702 689 Sanguinem
748 613 951 688 quippe
990 611 1163 681 elicit,
1204 608 1301 687 qui
1348 609 1703 668 vehementer

131 707 366 783 emungit,
394 705 522 781 quia
562 705 779 763 carnale
825 702 1061 762 efﬁcitur
1106 701 1213 760 hoc
1239 699 1388 777 quod
1418 717 1489 758 ex
1530 699 1705 759 nimia

132 800 328 877 spiritus
373 794 714 854 discussione
759 795 1016 853 sentitur.
1066 792 1223 852 Unde
1262 806 1485 851 necesse
1525 798 1609 849 est
1642 795 1706 847 ut

130 890 251 949 beati
277 887 373 945 Job
400 902 582 960 opera,
621 901 742 960 quas
771 885 917 942 inter
945 882 1353 958 increpantium
1394 880 1704 940 amicorum

130 980 271 1041 verba
296 977 497 1037 idcirco
525 984 711 1034 narrat
739 992 809 1033 ne
837 976 1041 1035 afﬂicta
1068 990 1224 1033 mens
1242 973 1397 1031 illius
1426 972 1486 1030 in
1516 971 1708 1046 despe-

128 1072 313 1133 ratione
338 1068 573 1139 deficiat,
579 1068 743 1143 juxta
766 1067 983 1142 pondus
1002 1066 1250 1125 historiae
1271 1073 1705 1140 perscrutemur,

133 1167 147 1202 ¹
172 1180 231 1222 ne
248 1162 290 1220 si
308 1160 419 1220 haec
445 1160 666 1219 animus
694 1161 987 1238 plusquam
1017 1174 1235 1217 necesse
1274 1166 1357 1215 est
1383 1157 1708 1232 spiritaliter

130 1255 413 1329 investiget,
439 1270 474 1310 a
500 1253 798 1311 verborum
844 1251 964 1326 ejus
990 1251 1257 1311 uberibus
1283 1250 1510 1325 sanguis
1545 1250 1708 1309 nobis

129 1366 215 1423 pro
229 1349 360 1407 lacte
385 1345 796 1420 respondeat.Si
816 1343 1037 1418 quando
1052 1360 1185 1401 vero
1200 1342 1452 1418 quaedam
1469 1342 1710 1417 mystica

131 1438 181 1496 in
219 1454 431 1495 suorum
477 1452 706 1510 operum
752 1434 1068 1492 narratione
1119 1433 1436 1507 permiscet,
1478 1432 1549 1489 ad
1590 1432 1712 1490 haec

129 1544 324 1587 necesse
368 1534 448 1585 est
491 1533 555 1584 ut
600 1542 755 1585 mens
800 1525 1021 1584 concita
1048 1523 1256 1593 redeat,
1293 1522 1364 1581 ad
1401 1539 1521 1598 quae
1565 1521 1713 1582 hanc

130 1618 250 1693 ipse,
277 1624 336 1676 ut
370 1616 531 1675 datur
559 1614 819 1688 intelligi,
863 1614 1000 1671 ordo
1037 1612 1315 1687 loquentis
1346 1619 1528 1671 vocat.
1572 1611 1711 1670 Nam

130 1717 330 1769 sanctus
356 1708 440 1765 vir
463 1714 756 1781 postquam
784 1721 848 1763 ea
868 1721 989 1780 quae
1018 1703 1125 1762 sibi
1154 1718 1251 1777 per
1280 1703 1562 1776 ﬂagellum
1590 1703 1714 1759 Do-

132 1802 256 1862 mini
275 1802 482 1861 fuerant
500 1800 718 1860 inﬂicta
742 1798 1013 1869 narravit,
1034 1814 1187 1856 nunc
1204 1814 1301 1871 per
1317 1796 1574 1854 ordinem
1590 1813 1714 1871 pro-

1809 629 2043 691 rumque
2070 613 2130 672 in
2159 613 2584 676 delectationem
2606 617 2815 690 peccati
2829 618 2998 678 etiam
3026 623 3222 682 nolens
3240 624 3413 695 cadit;

1810 712 1973 778 atque
2002 704 2275 779 obligatus
2302 704 2614 776 desideriis,
2643 706 2844 782 incipit
2870 710 3013 767 velle
3041 712 3189 786 quod
3208 714 3412 773 noluit.

1810 796 2056 869 Praeceps
2083 796 2285 873 quippe
2326 796 2513 854 anima
2547 796 2682 856 dum
2710 806 2839 856 ante
2864 815 2978 857 non
3025 802 3302 874 providet,
3351 820 3421 861 ne

1811 886 2031 945 incaute
2059 886 2243 944 videat
2272 887 2421 961 quod
2447 888 2824 962 concupiscat,
2871 906 3015 949 caeca
3061 898 3189 964 post
3222 892 3421 965 incipit

1812 975 2121 1035 desiderare
2149 978 2297 1053 quod
2325 977 2488 1035 vidit.
2522 978 2677 1038 Unde
2703 987 2758 1037 et
2785 979 3073 1054 Prophetas
3093 996 3270 1050 meus,
3298 997 3420 1055 quae

1812 1067 2098 1126 sublevata
2112 1085 2254 1142 saepe
2282 1068 2563 1142 mysteriis
2582 1069 2819 1129 internis
2832 1071 3117 1143 intererat,
3139 1070 3272 1149 quia
3290 1070 3421 1130 alie-

1812 1173 1942 1217 nam
1972 1159 2263 1234 conjugem
2305 1159 2524 1218 incaute
2553 1159 2716 1230 vidit,
2765 1160 3122 1221 obtenebrata
3164 1168 3424 1238 postmo-

1814 1249 1949 1307 dum
1978 1250 2202 1309 sibimet
2227 1248 2424 1307 illicite
2449 1248 2745 1324 conjunxit
2776 1251 2868 1325 (II
2884 1252 3011 1325 Reg.
3042 1268 3127 1323 xr,
3146 1252 3230 1325 2).
3270 1252 3420 1310 San~

1814 1349 1938 1400 ctus
1965 1348 2150 1399 autem
2178 1339 2290 1407 vir,
2319 1338 2418 1415 qui
2443 1341 2683 1414 acceptis
2709 1341 2959 1415 corporis
2982 1340 3238 1402 sensibus
3266 1340 3429 1400 velut

1816 1438 2081 1512 subjectis
2117 1435 2264 1496 679
2301 1439 2574 1498 ministris
2596 1439 2823 1515 quidam
2860 1439 3211 1515 aequissimus
3249 1436 3427 1512 judex

1816 1540 2032 1605 praeest,
2062 1532 2253 1605 culpas
2280 1531 2552 1606 conspicit
2580 1538 2877 1605 antequam
2907 1529 3158 1599 veniant,
3188 1536 3245 1586 et
3272 1528 3431 1587 velut

1816 1622 1840 1660 ⁸
1867 1619 2158 1680 insidianti
2185 1620 2333 1679 hosti
2358 1620 2629 1679 fenestras
2655 1619 2907 1695 corporis
2933 1618 3165 1688 claudit,
3194 1617 3387 1677 dicens
3412 1633 3425 1674 :

1818 1712 2006 1786 Pepigi
2021 1712 2193 1784 faedus
2219 1728 2338 1767 cum
2364 1711 2533 1768 oculis
2559 1710 2709 1777 meis,
2738 1716 2888 1766 utne
2914 1708 3200 1780 cogitarem
3216 1707 3430 1779 quidem

1820 1803 1882 1860 de
1908 1802 2131 1875 virgine.
2163 1802 2235 1858 Ut
2260 1800 2410 1858 enim
2439 1799 2801 1873 cogitationes
2833 1796 3018 1856 cordis
3046 1804 3195 1855 caste
3210 1811 3434 1854 servare

130 1892 261 1967 prias
302 1890 674 1951 enumerando
720 1890 989 1960 virtutes,‘
1017 1889 1197 1963 qualis
1244 1895 1372 1945 ante
1424 1887 1702 1961 ﬂagellum
1729 1897 1777 1959 Β
1813 1891 2289 1971 ροιιιίεεει,ςωάιιε
2315 1907 2443 1950 cum
2471 1889 2649 1948 oculis
2672 1887 2901 1963 pepigit,
2929 1903 3000 1945 ne
3027 1886 3184 1961 prius
3211 1885 3436 1944 incaute

132 1983 280 2042 fuerit
304 1982 616 2051 innotescit;
650 1981 731 2039 sic
769 1980 897 2037 vitae
927 1977 1363 2045 suaehistoriam
1392 1977 1634 2047 texens,’
1655 1984 1720 2035 ut

132 2074 174 2133 ei
211 2090 481 2148 perrarum
525 2072 740 2147 aliquid
767 2069 918 2146 quod
944 2068 1235 2143 allegorice
1265 2066 1502 2140 intelligi
1545 2065 1719 2140 possit

134 2164 414 2234 interserat,
445 2169 719 2238 quatenus
745 2167 801 2219 et
828 2176 899 2217 ex
910 2174 1108 2232 magna
1138 2165 1292 2232 parte
1321 2154 1588 2212 historica
1606 2154 1722 2211 sint

135 2271 237 2328 quae
264 2261 551 2323 memorat,
581 2258 635 2309 et
662 2259 848 2309 tamen
875 2246 1177 2323 aliquando
1223 2262 1322 2321 per
1364 2245 1486 2303 haec
1527 2243 1720 2302 eadem

134 2346 191 2404 ad
212 2345 512 2419 spiritalem
541 2339 968 2414 intelligentiam
998 2344 1311 2412 consurgat.
1337 2338 1357 2372 ³
1385 2335 1506 2406 Qua
1534 2334 1723 2409 itaque

133 2435 430 2494 fortitudine
481 2433 551 2492 ab
592 2432 746 2490 omni
793 2432 951 2504 lapsu
997 2428 1274 2487 exteriora
1313 2444 1412 2486 sua
1456 2426 1723 2485 custodias

134 2526 386 2587 interioris
412 2523 718 2601 disciplina
738 2521 1160 2592 constrinxerit,
1199 2518 1448 2579 insinuat
1484 2516 1676 2576 dicens
1706 2534 1718 2577 :

744 2613 974 2673 CAPUT
1013 2614 1083 2671 II.

192 2709 309 2770 CAP.
354 2724 527 2777 xxxi,
572 2705 745 2765 Vsus.
795 2705 847 2764 l.
880 2733 949 2748 —
1000 2702 1189 2776 Pepigi
1213 2700 1387 2774 fadus
1418 2716 1535 2757 cum
1561 2696 1729 2757 oculis

136 2799 262 2866 meis,
282 2805 340 2856 ut
364 2816 431 2857 ne
463 2796 748 2869 cogitarem
775 2794 987 2867 quidem
1005 2793 1070 2850 de
1094 2791 1319 2865 virgine.
1568 2781 1579 2797 ’

193 2889 239 2949 4.
267 2891 340 2949 Ne
366 2902 524 2945 mens
550 2884 745 2944 illicita
770 2882 1122 2955 concupiscat,
1148 2876 1421 2937 cohibendi
1447 2882 1572 2934 sunt
1604 2891 1734 2932 sm-

136 2998 212 3039 sus
233 2981 524 3040 exteriores
539 2977 633 3050 qui
659 2973 974 3032 suntaditus
1000 2970 1210 3029 mentis.
1232 2967 1443 3028 Intueri
1469 2983 1576 3023 non
1594 2966 1735 3027 decet

136 3071 257 3142 quod
284 3066 655 3141 concupiscere
689 3080 799 3120 non
838 3064 973 3119 licet.
1018 3092 1090 3103 —
1136 3059 1277 3118 Cum
1314 3058 1388 3116 sit
1427 3053 1735 3115 invisibilis

136 3159 319 3230 anima,
347 3171 706 3233 nequaquam
736 3166 1124 3227 corporearum
1153 3165 1338 3211 rerum
1367 3145 1736 3205 delectatione

1826 1984 2091 2059 aspiceret
2134 1981 2284 2059 quod
2324 1980 2678 2055 postmodum
2718 1979 2934 2038 invitus
2979 1985 3207 2037 amaret.
3256 1975 3434 2035 Valde

1828 2089 2066 2149 namque
2094 2074 2117 2110 θ
2164 2080 2246 2129 est
2274 2071 2424 2147 quod
2469 2087 2597 2130 caro
2643 2070 2900 2128 deorsum
2927 2067 3121 2137 trahit,
3170 2074 3227 2124 et
3265 2067 3438 2124 semel

1828 2166 2036 2241 species
2064 2164 2256 2223 formae
2301 2162 2457 2224 cordi
2485 2165 2507 2201 ⁷
2538 2178 2635 2238 per
2662 2162 2853 2221 oculos
2882 2160 3094 2237 illigata
3120 2158 3220 2217 vix
3248 2154 3436 2230 magni

1829 2254 2152 2318 luctaminis
2175 2270 2346 2312 manu
2372 2253 2629 2312 solvitur.
2669 2254 2748 2311 Ne
2773 2268 2903 2326 ergo
2942 2249 3195 2325 quaedam
3224 2246 3438 2306 lubrica

1831 2348 1891 2406 in
1909 2346 2241 2421 cogitatione
2259 2361 2563 2416 versemus,
2586 2343 2993 2419 providendum
3009 2341 3171 2400 nobis
3189 2346 3290 2409 est;
3309 2338 3441 2415 quia

1831 2438 2038 2497 intueri
2068 2439 2090 2475 ⁸
2136 2454 2250 2495 non
2295 2436 2453 2495 decet
2496 2433 2645 2510 quod
2674 2450 2786 2493 non
2828 2434 2959 2497 licet
2994 2429 3333 2504 concupisci.
3368 2429 3440 2485 Ut

1832 2531 1983 2589 enim
2030 2528 2236 2588 munda
2280 2544 2436 2587 mens
2474 2527 2535 2584 in
2575 2525 2907 2599 cogitatione
2952 2530 3203 2582 servetur
3248 2537 3281 2579 a
3325 2521 3447 2578 las-

1834 2623 1982 2683 civia
2040 2624 2063 2662 ⁹
2115 2621 2420 2695 voluptatis
2491 2636 2603 2678 suae
2659 2616 3007 2691 deprimendi
3067 2621 3200 2673 sunt
3272 2610 3445 2682 oculi,

1836 2713 1994 2791 quasi
2023 2713 2248 2789 quidam
2278 2720 2524 2787 raptores
2550 2710 2620 2768 ad
2644 2709 2885 2784 culpam.
2915 2709 3102 2783 Neque
3130 2703 3280 2763 enim
3326 2703 3448 2759 Eva

1837 2806 2055 2880 lignum
2093 2804 2331 2862 vetitum
2376 2802 2720 2878 contigisset,
2745 2800 2857 2860 nisi
2883 2799 2994 2857 hoc
3032 2797 3189 2872 prius
3226 2794 3450 2852 incaute

1839 2894 2154 2967 respiceret.
2201 2894 2480 2965 Scriptum
2510 2892 2713 2966 quippe
2738 2897 2824 2949 est
2853 2905 2866 2948 :
2907 2887 3049 2949 Vidit
3070 2886 3268 2944 mulier
3310 2883 3454 2958 quod

1843 2985 2035 3041 bonum
2062 2989 2191 3040 esset
2219 2982 2417 3055 lignum
2432 2983 2506 3038 ad
2531 2980 2856 3045 vescendum,
2884 2984 2934 3034 et
2945 2978 3233 3050 pulchrum
3260 2975 3451 3042 oculis,

1842 3080 2154 3147 aspectuque
2180 3070 2477 3129 delectabile
2496 3087 2521 3136 ι
2543 3075 2590 3126 et
2619 3067 2742 3125 tulit
2766 3067 2829 3123 de
2855 3066 3041 3139 fructu
3061 3062 3233 3132 illius,
3276 3068 3325 3118 et
3355 3078 3453 3119 co-

1843 3163 2005 3222 medit
2027 3164 2054 3236 (
2062 3163 2245 3222 Genes.
2274 3179 2361 3233 ιιι,
2377 3162 2459 3235 6).
2480 3159 2622 3218 Hinc
2640 3174 2769 3232 ergo
2784 3155 3127 3230 pensandum
3146 3160 3230 3211 est
3244 3159 3453 3228 quanto

136 3253 381 3326 tangitur,
408 3248 527 3308 nisi
556 3245 705 3323 quod
735 3243 1013 3333 inhaerens
1038 3239 1259 3314 corpori
1287 3239 1444 3315 quasi
1480 3236 1733 3313 quaedam

1848 3254 2142 3313 debeamus
2162 3250 2536 3310 moderamine
2555 3266 2683 3323 erga
2708 3248 2905 3306 illicita
2924 3245 3107 3304 visum
3124 3243 3458 3316 restringere

138 3325 432 3415 egrediendi
466 3337 739 3397 foramina
765 3332 1011 3409 ejusdem
1041 3330 1289 3405 corporis
1324 3343 1518 3387 sensus
1544 3325 1732 3385 habet.

140 3434 290 3493 Visus
328 3434 559 3510 quippe,
608 3427 852 3497 auditus,
882 3432 1095 3499 gustus,
1123 3420 1407 3492 odoratus,
1450 3427 1506 3479 et
1533 3427 1737 3489 tactus,

144 3530 283 3602 quasi
308 3527 564 3604 quaedam
592 3523 699 3582 viae
726 3519 931 3579 mentis
958 3526 1112 3588 sunt,
1138 3516 1343 3592 quibus
1361 3515 1509 3573 foras
1523 3512 1736 3583 veniat,

143 3626 187 3675 et
211 3635 271 3676 ea
296 3602 419 3694 quas
447 3623 606 3674 extra
644 3613 763 3688 ejus
790 3617 922 3669 sunt
957 3607 1323 3667 substantiam
1365 3602 1742 3678 concupiscat.

145 3710 233 3767 Per
258 3711 359 3770 hos
382 3709 592 3769 etenim
618 3702 867 3779 corporis
894 3716 1089 3759 sensus
1136 3700 1295 3774 quasi
1333 3715 1431 3772 per
1472 3699 1744 3756 fenestras

146 3793 392 3873 quasdam
422 3796 940 3867 exterioraqumque
967 3789 1153 3847 anima
1167 3787 1415 3862 respicit,
1444 3787 1747 3861 respiciens

147 3890 496 3966 concupiscit.
519 3888 664 3945 Hinc
691 3882 898 3940 etenim
912 3879 1176 3938 Jeremias
1202 3877 1281 3936 ait
1306 3897 1318 3937 :
1340 3878 1590 3939 Ascendit
1601 3893 1746 3934 mors

149 3982 166 4018 ‘
200 3998 291 4054 per
330 3980 597 4054 fenestras
636 3978 870 4039 nostras,
906 3971 1145 4044 ingressa
1179 3976 1254 4027 est
1302 3969 1483 4027 domos
1533 3973 1747 4025 nostras

153 4070 351 4137 (Jerem.
385 4085 472 4138 rx,
504 4066 621 4140 21).
652 4065 801 4124 Mors
828 4064 1032 4137 quippe
1058 4077 1155 4135 per
1180 4060 1448 4118 fenestras
1476 4056 1745 4127 ascendit,

151 4169 195 4218 et
219 4163 449 4222 domum
478 4157 810 4234 ingreditur,
840 4171 968 4213 cum
996 4170 1094 4228 per
1120 4169 1314 4211 sensus
1342 4151 1590 4224 corporis
1619 4166 1748 4209 con-

151 4252 477 4325 cupiscentia
493 4249 746 4319 veniens,
768 4245 1147 4303 habitaculum
1164 4244 1335 4300 intrat
1355 4241 1575 4299 mentis.
1590 4238 1750 4309 Quod

153 4349 330 4400 contra
374 4342 486 4400 hoc
527 4337 677 4415 quod
712 4336 829 4411 jam
868 4350 1011 4409 saepe
1051 4334 1300 4391 diximus
1340 4332 1408 4390 de
1448 4329 1616 4405 justis
1653 4345 1751 4405 per

155 4431 335 4489 Isaiam
382 4431 594 4490 dicitur
627 4445 639 4486 :
691 4425 799 4497 Qui
843 4430 969 4483 sunt
1007 4423 1063 4481 hi
1088 4423 1183 4497 qui
1206 4430 1268 4480 ut
1291 4423 1451 4480 nubes
1470 4422 1674 4486 volant,
1704 4425 1752 4475 et

148 4521 291 4593 quasi
318 4521 572 4580 columba:
599 4518 673 4575 ad
698 4516 959 4589 fenestras
987 4531 1113 4571 suas
1135 4512 1293 4587 (Isai.
1325 4530 1420 4582 1.x,
1458 4512 1515 4585 8)
1543 4511 1572 4569 ‘l
1608 4508 1752 4567 Justi

152 4626 374 4688 namque
403 4612 595 4670 volare
623 4616 687 4666 ut
713 4605 891 4665 nubes
930 4605 1067 4663 dicti
1095 4611 1248 4673 sunt,
1278 4602 1409 4677 quia
1439 4618 1472 4659 a
1516 4600 1750 4658 terrenis

152 4702 410 4777 contagiis
436 4701 819 4766 sublevantur;
845 4705 900 4754 et
926 4694 1083 4770 quasi
1103 4691 1375 4752 columbae
1394 4690 1465 4749 ad
1485 4690 1754 4747 fenestras

153 4806 266 4848 suas
291 4800 443 4863 sunt,
474 4788 605 4865 quia
632 4805 729 4863 per
754 4801 947 4845 sensus
973 4782 1219 4857 corporis
1233 4778 1508 4838 exteriora
1521 4792 1752 4853 quaeque

156 4879 450 4941 intentione
496 4896 610 4939 non
648 4875 957 4951 respiciunt
1000 4870 1339 4947 rapacitatis,
1370 4885 1570 4943 eosque
1606 4868 1754 4925 foras

157 4987 260 5029 non
286 4973 430 5049 rapit
457 4965 907 5044 concupiscentia
934 4962 1190 5023 carnalis.
1223 4959 1487 5034 Quisquis
1506 4973 1636 5016 vero
1660 4972 1757 5031 per

229 5158 242 5189 ¹
282 5155 406 5215 Val.
439 5154 552 5222 CL,
580 5169 645 5209 ne
675 5150 723 5207 si
751 5151 856 5207 haec
875 5146 1207 5204 animum...
1226 5140 1550 5216 spiritaliter
1578 5138 1762 5195 inves-

166 5226 317 5298 tigata
342 5228 580 5301 pulsent,
610 5241 675 5281 ex
703 5222 1006 5288 verborum,
1037 5226 1144 5276 etc.

228 5300 248 5335 ³
284 5301 504 5357 Norm..
530 5304 590 5355 ut
617 5297 665 5353 ei
702 5310 952 5357 perraro.

334 5315 504 5357 orm..
530 5310 590 5355 ut
617 5315 665 5353 ει
702 5310 952 5357 perraro.

229 5312 248 5335 ³
284 5312 504 5369 Norm.,
530 5312 590 5355 ut
617 5315 665 5353 ei
699 5312 952 5369 perraro.

229 5372 249 5406 ³
280 5371 521 5438 Gemet.,
550 5386 657 5442 qua
673 5368 869 5442 utique
889 5361 1224 5442 fortitudine.

231 5444 252 5481 ὀ
290 5431 629 5515 ϐετω.,ἰὶθν
656 5431 915 5512 fenestras
942 5451 1088 5515 suas.
1112 5431 1405 5515 Uticensis,
1428 5432 1697 5515 Beccensz
1713 5436 1768 5484 et

167 5514 274 5584 alii,
299 5532 399 5597 per
416 5501 675 5597 fenestras
708 5509 1185 5597 παρρηλᾴοιζιοῖς
1214 5507 1636 5597 uestras......‘e1t
1663 5501 1767 5555 do-v

171 5572 274 5665 nios
297 5572 778 5669 inngedit'ur,.cum.
806 5580 1054 5669 γαιτςι
1083 5577 1250 5669 habet
1269 5591 1509 5669 quoque,
1527 5580 1575 5629 et
1589 5572 1770 5653 domos

172 5651 479 5739 ingreditur.
512 5651 642 5739 Legi
662 5655 920 5739 debet‘ex
946 5651 1205 5739 Yulgata,
1221 5651 1543 5739 caeterisque
1564 5651 1772 5702 versio-

172 5722 349 5800 nibus,
379 5738 436 5787 et
463 5745 535 5786 ex
566 5722 721 5786 textu
748 5725 911 5793 lleb.,
942 5722 1199 5793 fmStras
1227 5727 1460 5789 nostras,
1491 5726 1596 5774 etc.

236 5804 256 5837 ⁵
290 5801 471 5868 Editi,
506 5798 781 5855 insidianti
808 5795 990 5852 inerti.
1020 5794 1110 5849 Sic
1138 5792 1429 5868 legendum
1459 5790 1651 5846 suadet
1681 5788 1776 5868 lq-

176 5891 263 5929 cus
292 5858 571 5945 Isaize’qui
588 5869 896 5944 explicatur
922 5881 1133 5945 supra}.
1164 5858 1398 5945 uacendit
1426 5879 1567 5945 mors
1592 5876 1689 5945 per
1703 5858 1777 5945 fe-

178 5952 371 6005 uestras
402 5932 638 6010 nostras;
661 5932 859 6001 verum
888 5932 1278 6000 contradicunt
1312 5937 1441 5997 Mss.
1465 5932 1685 6007 Anglic.
1724 5938 1775 5988 et

1846 3364 1948 3407 nos
1976 3344 2072 3421 qui
2110 3342 2420 3404 mortaliter
2452 3341 2719 3409 vivimus,
2763 3338 2811 3397 si
2840 3346 2895 3396 et
2922 3343 3097 3396 mater
3141 3332 3456 3416 viventium

1846 3456 1943 3514 per
1971 3438 2161 3497 oculos
2188 3435 2259 3494 ad
2287 3442 2522 3495 mortem
2551 3432 2725 3490 venit.
2757 3431 2903 3491 Hinc
2929 3428 3096 3486 etiam
3129 3423 3232 3514 sub
3256 3421 3458 3514 Iudaeae

1848 3512 2006 3597 voce,
2037 3542 2159 3602 quae
2187 3522 2465 3582 exteriora
2491 3520 2735 3579 videndo
2757 3517 3156 3592 concupiscens
3188 3513 3339 3572 bona
3358 3512 3460 3573 in-

1850 3600 2414 3688 teriora‘perdiderat,
2444 3611 2713 3687 propheta
2739 3609 2877 3670 dicit
2909 3625 2922 3665 :
2958 3606 3154 3665 Oculus
3189 3617 3336 3660 meets
3356 3600 3461 3658 de-

1847 3711 2122 3785 praedatus
2148 3714 2223 3766 est
2248 3708 2486 3767 animam
2512 3723 2682 3764 meam
2712 3704 2936 3777 (Thren.
2968 3717 3054 3771 ιιι,
3083 3698 3200 3771 51).
3233 3695 3464 3785 Concu-

1852 3784 2116 3878 piscendo
2144 3800 2293 3859 enim
2323 3797 2593 3867 visibilis,
2635 3792 2949 3853 invisibiles
2993 3788 3223 3847 virtutis
3250 3784 3458 3845 amisit.

1853 3877 1987 3963 Quae
2006 3908 2135 3965 ergo
2162 3890 2486 3949 interiorem
2513 3887 2760 3946 fructum
2789 3901 2887 3959 per
2913 3880 3249 3940 exteriorem
3278 3877 3465 3935 visum

1855 3983 1903 4022 ιο
1923 3982 2187 4057 perdidit,
2212 3997 2305 4054 per
2319 3979 2543 4037 oculum
2570 3974 2818 4048 corporis
2832 3970 3064 4046 Ρθηιιὶίῑ
3081 3966 3326 4057 lima“?
3345 3979 3465 4057 (ξοδ

1856 4054 1962 4131 dis.
1996 4071 2153 4131 Unde
2178 4070 2341 4127 nobis
2369 4068 2439 4126 ad
2467 4064 2887 4126 custodiendam
2916 4058 3101 4118 cordis
3130 4054 3466 4115 munditiam

1857 4163 2196 4223 exteriorum
2228 4175 2446 4235 quoque
2473 4171 2736 4214 sensuum
2758 4150 3055 4225 disciplina
3072 4145 3344 4208 servanda
3363 4152 3466 4203 est.

1857 4255 1995 4312 Nam
2040 4250 2381 4327 quantalibet
2419 4248 2628 4304 virtute
2655 4260 2811 4302 mens
2852 4242 3079 4317 polleat,
3123 4235 3471 4327 quantalibet

1860 4325 2126 4421 gravitate
2154 4342 2361 4417 vigeat,
2388 4338 2635 4398 carnales
2649 4343 2837 4394 tamen
2865 4349 3057 4392 sensus
3077 4328 3288 4405 puerile
3310 4325 3471 4402 quid-

1860 4416 1987 4495 dam
2008 4416 2252 4493 exterius
2271 4437 2644 4507 perstrepunt,
2661 4435 2716 4486 et
2744 4426 2854 4485 nisi
2882 4421 3166 4483 interioris
3185 4416 3472 4495 gravitatis

1860 4526 2101 4604 pondere
2128 4533 2184 4584 et
2202 4524 2358 4600 quasi
2374 4519 2612 4597 juvenili
2626 4518 2865 4594 quodam
2886 4514 3075 4590 vigore
3102 4509 3475 4577 refrenentur,

1861 4601 1932 4682 ad
1958 4621 2113 4682 ﬂuxa
2138 4633 2367 4695 quasque
2386 4624 2441 4673 et
2469 4613 2613 4672 levia
2648 4619 2889 4670 mentem
2931 4620 3191 4666 enervem
3218 4601 3472 4695 trahunt.

1930 4714 1985 4772 5.
2014 4694 2337 4783 Exemplum
2365 4706 2462 4766 Job
2500 4721 2609 4762 non
2636 4705 2808 4761 solum
2834 4700 3037 4769 carnis,
3058 4697 3147 4755 sed
3174 4694 3335 4752 etiam
3361 4707 3475 4748 coro

1860 4805 1943 4862 dis
1969 4809 2018 4860 et
2042 4801 2229 4859 mentis
2255 4798 2534 4857 luxuriam
2560 4792 2904 4866 refrenantis.
2923 4792 3031 4848 Per
3054 4787 3271 4859 Moysen
3302 4784 3482 4841 luxu-

1862 4894 1952 4951 ria
1964 4897 2294 4968 perpetrata,
2320 4906 2419 4963 per
2444 4885 2714 4945 Christum
2742 4882 2898 4940 etiam
2922 4880 3149 4953 cogitata
3166 4876 3477 4968 damnatur:

1871 4986 1976 5059 Qui
1999 4984 2113 5041 οωιὶ
2142 4983 2270 5040 civis
2297 4987 2372 5039 est
2402 4977 2683 5038 luxuriam
2709 4976 2937 5043 deserat,
2988 4986 3097 5028 non
3137 4968 3343 5031 timore,
3390 4960 3482 5016 sed

1870 5166 2069 5236 nostri,
2104 5164 2201 5236 qui
2230 5179 2343 5236 pra}
2367 5177 2424 5219 se
2458 5160 2644 5236 ferunt
2672 5152 2956 5236 insidianti
2981 5143 3356 5236 castigem.
3390 5148 3487 5198 ta-

1874 5216 2084 5299 e’t
2109 5216 2286 5297 ὲῦὶιξῖ
2299 5216 2501 5293 Uerm.
2523 5229 2730 5289 habent
2741 5220 3037 5299 insidianti
3071 5216 3254 5299 morti.

1948 5289 2655 5369 Et"Placuit"recite—utieribus
2694 5294 3000 5369 editoribus
3036 5289 3262 5369 addere
3303 5304 3490 5369 grave,

1877 5360 2235 5443 cum-inlisa.
2254 5360 2617 5451 et'priOrihus
2637 5367 2874 5430 Excusis
2889 5362 3218 5439 simpliciter
3245 5360 3483 5434 legatur,

1876 5456 2032 5513 valde
2049 5468 2275 5523 namque
2302 5446 2379 5505 est
2398 5446 2560 5520 quod.

1950 5547 1970 5581 ⁷
2012 5544 2197 5601 Germ.
2230 5547 2285 5597 et
2312 5538 2436 5596 Val.
2460 5534 2569 5603 CL,
2596 5548 2696 5604 per
2719 5530 2899 5587 oculos
2928 5528 3106 5604 illata.

1953 5616 1976 5652 ⁸
2014 5592 2198 5674 alia
2235 5592 2314 5668 vet
2336 5592 2693 5676 Norm.,'non
2716 5604 2877 5672 debet,
2909 5599 3058 5675 quod
3086 5595 3254 5655 etiam
3283 5592 3494 5651 habent

1883 5687 2145 5748 nonnulli
2174 5684 2349 5743 Editi.

1956 5785 1978 5820 ³
2019 5783 2231 5850 Germ.,
2263 5772 2659 5850 Gemet._,Utic.
2691 5768 3009 5850 ac_Pratel..,
3051 5759 3338 5850 uoluntatis
3346 5773 3484 5850 Ξιιιιξ.

1961 5856 2007 5892 ¹⁰
2023 5829 2302 5911 “61161236
2314 5829 2562 5921 margine
2585 5860 2685 5918 pro
2715 5841 2940 5921 diversa
2952 5829 3219 5921 lectione,
3237 5829 3488 5904 protulit,

1888 5926 2036 6002 quod
2055 5909 2231 5985 etiam
2261 5909 2466 5983 habent
2494 5909 2691 5991 aliqua
2722 5920 2834 5971 vet.
2863 5909 3011 5969 Edit.
