3928 6380
468 408 567 466 191

1668 401 1919 462 SANCTI
1956 401 2294 463 GREGOBII
2331 339 2560 464 MAGi‘lI

3668 413 3766 472 192

466 535 740 594 charitate.
761 533 1146 592 —Videamus
1172 533 1346 607 igitur
1374 533 1652 608 quomodo
1666 533 1858 590 beatus
1888 532 1989 591 Job
2005 535 2062 591 id
2091 535 2142 596 A
2170 539 2366 606 regnet.
2397 533 2550 591 Nihil
2557 534 2776 606 prodest
2800 534 2882 591 vel
2899 535 3127 606 superba
3144 535 3380 602 castitas,
3410 535 3492 591 vel
3509 538 3770 598 humilitas

467 626 616 702 quod
644 626 704 682 in
731 641 796 682 eo
825 624 1039 680 ﬂuxum
1061 641 1124 682 ac
1151 625 1363 698 puerile
1391 640 1518 681 caro
1546 639 1732 696 sapere
1761 624 1964 696 potuit,
1980 625 2070 698 ju-

468 715 638 774 venili
665 713 950 786 sapientiae
971 713 1160 786 vigore
1189 714 1499 770 restrinxit.
1531 713 1627 768 Ait
1654 713 1803 768 enim
1837 730 1850 769 :
1883 714 2071 786 Pepigi

467 809 638 880 fwdus
674 823 792 861 cum
827 805 994 861 oculis
1036 805 1182 862 meis.
1215 807 1288 862 Et
1315 805 1445 878 quia
1485 804 1676 861 nonin
1707 818 1763 860 se
1791 803 2066 862 actionem

469 897 874 966 tantummodo,
903 897 997 954 sed
1025 905 1080 953 et
1108 897 1495 970 cogitationem
1513 895 1749 952 luxuriae
1778 897 2070 967 exstinxit,

469 995 690 1046 secutus
718 987 976 1060 adjuuxit
1008 1005 1019 1043 :
1055 988 1118 1044 Ut
1141 1004 1204 1042 ne
1221 987 1501 1058 cogitarem
1528 986 1740 1058 quidem
1758 985 1820 1042 de
1847 988 2069 1059 virgine.

471 1077 691 1137 Sciebat
718 1077 985 1134 nimirum
1015 1075 1294 1133 luxuriam
1325 1091 1443 1132 esse
1477 1075 1536 1130 in
1573 1075 1737 1134 corde
1777 1076 2076 1134 refrenan-

471 1172 621 1240 dam,
660 1169 887 1238 sciebat,
917 1185 1014 1242 per
1039 1167 1216 1227 sancti
1244 1166 1484 1239 Spiritus
1511 1169 1742 1238 donum,
1774 1171 1923 1244 quod
1951 1173 2072 1230 Re-

471 1263 724 1336 demptor
749 1270 936 1320 noster
971 1262 1198 1318 veniens
1226 1261 1360 1333 legis
1413 1270 1682 1334 praecepta
1706 1262 2076 1320 transcende-

471 1361 574 1420 ret,
603 1351 754 1408 etab
782 1351 970 1408 electis
1014 1351 1129 1408 suis
1165 1367 1278 1407 non
1321 1350 1500 1406 solum
1543 1350 1825 1407 luxuriam
1868 1351 2074 1422 carnis,

469 1441 563 1497 sed
595 1441 762 1496 etiam
809 1439 995 1496 cordis
1037 1440 1298 1510 aboleret,
1341 1439 1532 1496 dicens
1589 1457 1602 1498 :
1637 1441 1905 1512 Scriptum
1943 1446 2019 1496 est
2057 1456 2069 1497 :

469 1531 594 1587 Non
618 1529 948 1586 adulterabis
963 1547 986 1594 ;
1012 1547 1100 1600 ego
1127 1536 1303 1585 autem
1330 1529 1445 1584 dico
1473 1529 1640 1596 vobis,
1662 1530 1916 1600 quoniam
1943 1545 2078 1585 om-

469 1619 552 1676 nis
579 1619 672 1691 qui
685 1619 878 1675 viderit
901 1619 1177 1675 mulierem
1211 1619 1285 1675 ad
1311 1619 1777 1692 concupiscendum
1797 1636 1934 1688 eam,
1957 1619 2078 1690 jam

469 1711 750 1766 multatus
790 1714 866 1764 est
903 1725 1018 1763 eam
1045 1708 1101 1762 in
1146 1709 1302 1763 corde
1340 1724 1435 1762 suo
1474 1708 1694 1776 (Matth.
1738 1726 1798 1777 v,
1829 1709 1947 1780 27).
1977 1709 2082 1764 Per

473 1797 700 1869 Moysen
729 1796 931 1868 quippe
947 1795 1170 1852 luxuria
1182 1801 1510 1867 perpetrata,
1527 1811 1624 1867 per
1645 1802 1926 1852 auctorem
1946 1811 2082 1852 vero

2177 641 2286 679 non
2331 629 2496 680 casta.
2545 654 2617 666 —
2646 625 2727 680 Ac
2753 625 2800 680 si
2828 631 3014 697 aperte
3043 624 3193 680 dicat
3223 641 3234 678 :
3269 623 3325 680 Si
3348 633 3588 682 mentem
3609 627 3665 684 in
3689 646 3770 687 co-

2181 713 2444 786 gitatione
2474 713 2870 786 polluero,ejus
2899 714 2994 787 qui
3026 713 3315 770 munditiae
3341 722 3534 771 auctor
3550 727 3652 788 est,
3667 736 3776 778 esse

2181 804 2472 861 haereditas
2493 821 2839 878 nequaquam
2872 821 3116 877 possum.
3137 805 3302 861 Nulla
3328 805 3476 860 enim
3495 807 3636 864 bona
3655 819 3779 868 sunt

2181 903 2396 964 caetera,
2427 894 2473 950 si
2505 894 2708 952 occulti
2731 893 2940 966 judicis
2967 893 3144 952 oculis
3172 894 3443 952 castitatis
3469 897 3780 959 testimonio

2182 1001 2295 1042 non
2325 984 2722 1058 approbantur.
2772 985 2976 1040 Omnes
3028 983 3237 1057 quippe
3269 985 3504 1041 virtutes
3541 987 3599 1042 in
3646 1005 3783 1045 con-

2183 1081 2372 1148 spectu
2399 1073 2710 1130 conditoris
2747 1071 2955 1130 vicaria
2984 1089 3086 1145 ope
3115 1089 3171 1128 se
3219 1071 3532 1144 sublevant,
3562 1082 3624 1132 ut
3664 1076 3788 1150 quia

2183 1181 2296 1221 una
2320 1163 2500 1220 virtus
2530 1164 2649 1220 sine
2677 1162 2785 1219 alia
2801 1163 2889 1220 vel
2911 1162 3064 1219 nulla
3076 1169 3158 1219 est
3173 1164 3425 1234 omnino,
3440 1165 3528 1220 vel
3541 1164 3786 1238 minima,

2186 1253 2435 1310 vicissim
2471 1270 2569 1310 sua
2596 1253 2991 1326 conjunctione
3037 1252 3361 1310 fulciantur.
3412 1253 3471 1311 Si
3519 1255 3668 1312 enim
3706 1259 3789 1314 vel

2185 1343 2505 1401 castitatem
2533 1343 2823 1400 humilitas
2849 1343 3085 1412 deserat,
3115 1345 3204 1399 vel
3235 1342 3609 1402 humilitatem
3639 1347 3790 1404 casti-

2185 1443 2270 1492 tas
2299 1434 2598 1508 relinquat,
2614 1435 2760 1506 apud
2781 1441 3060 1490 auctorem
3078 1432 3413 1490 humilitatis
3426 1442 3483 1491 et
3513 1436 3793 1493 munditiae

2189 1523 2447 1598 prodesse
2475 1523 2613 1596 quid
2642 1524 2908 1596 praevalet
2937 1524 3024 1580 vel
3054 1523 3288 1596 superba
3316 1524 3542 1581 castitas
3571 1526 3658 1580 vel
3686 1525 3795 1583 hu-

2189 1612 2396 1668 militas
2433 1612 2731 1685 inquinata
2758 1613 2786 1668 ?
2815 1613 3048 1670 Sanctus
3077 1613 3248 1686 igitur
3274 1614 3364 1671 vir
3390 1621 3455 1671 ut
3482 1615 3552 1672 ab
3580 1623 3796 1673 auctore

2189 1719 2290 1759 suo
2339 1702 2398 1758 in
2449 1701 2613 1758 bonis
2659 1702 2890 1775 reliquis
2943 1703 3212 1776 possideri
3268 1713 3568 1774 mereatur,
3624 1705 3798 1762 cordis

2191 1792 2526 1848 munditiam
2544 1792 2884 1862 custodiens,
2905 1793 3052 1851 dicat
3085 1794 3298 1867 :Pepigi
3311 1795 3487 1866 [trdus
3512 1813 3627 1850 cum
3640 1797 3797 1851 oculis

475 1883 764 1942 munditia)
792 1883 1014 1941 luxuria
1041 1884 1277 1956 cogitata
1305 1883 1617 1940 damnatur.
1650 1885 1793 1940 Hinc
1820 1893 1901 1940 est
1928 1884 2078 1940 enim
2118 1900 2164 1961 Β
2195 1884 2346 1951 meis,
2393 1887 2454 1938 ut
2480 1900 2542 1937 ne
2566 1883 2849 1954 cogitarem
2875 1885 3085 1955 quidem
3113 1885 3175 1940 de
3202 1884 3424 1956 virgine.
3463 1886 3638 1954 Quam
3674 1886 3801 1941 enim

477 1972 626 2047 quod
653 1971 942 2045 discipulis
971 1973 1182 2044 primus
1205 1974 1466 2031 Ecclesiae
1495 1981 1682 2046 pastor
1709 1973 1849 2032 dicit
1880 1992 1893 2031 :
1926 1975 2080 2031 Pro-

471 2070 592 2137 pter
619 2062 761 2135 quod
790 2060 1037 2116 succincti
1065 2061 1265 2116 lumbos
1288 2061 1476 2117 mentis
1503 2066 1706 2126 vestrae,
1755 2061 1922 2118 sobrii
1947 2079 2086 2134 per-

475 2153 603 2224 fecte
634 2159 839 2226 sperate
864 2153 922 2207 in
941 2169 1055 2207 eam
1070 2168 1186 2222 qua:
1213 2151 1436 2222 offertur
1463 2153 1607 2208 vobis
1629 2152 1863 2223 gratiam
1893 2152 1952 2224 (I
1965 2155 2078 2210 Pet.

477 2262 519 2314 ι,
551 2243 665 2316 13).
697 2243 940 2300 Lumbos
966 2241 1114 2298 enim
1143 2243 1325 2300 carnis
1353 2242 1669 2316 succingere
1689 2251 1773 2299 est
1791 2244 2075 2301 luxuriam

477 2335 546 2391 ab
573 2334 771 2390 eﬂ'ectu
798 2333 1095 2390 refrenare.
1127 2333 1369 2390 Lumbos
1384 2350 1514 2390 vero
1544 2333 2074 2406 mentissuccingere

395 2471 402 2476 .
475 2433 559 2482 est
604 2425 749 2482 hanc
794 2423 961 2480 etiam
1007 2439 1038 2479 a
1086 2423 1418 2494 cogitatione
1447 2423 1796 2496 restringere.
1831 2423 1973 2480 Hinc
1999 2429 2083 2481 est

479 2517 628 2591 quod
654 2517 903 2590 angelus,
933 2514 1030 2590 qui
1058 2515 1324 2572 Joannem
1352 2515 1656 2588 alloquitur
1678 2515 1868 2588 (Apoc.
1900 2532 1942 2584 ι,
1962 2515 2078 2588 13),

476 2631 614 2673 zona
646 2630 810 2671 aurea
835 2628 998 2684 super
1025 2611 1297 2668 mamillas
1323 2612 1539 2671 cinctus
1567 2609 1714 2669 680
1742 2629 1857 2669 esse
1884 2613 2082 2685 perhi-

476 2703 656 2760 betur.
698 2701 840 2771 Quia
865 2700 1014 2757 enim
1044 2700 1377 2757 Testamenti
1421 2701 1563 2758 Novi
1594 2701 1873 2758 munditia
1914 2701 2081 2758 etiam

477 2796 662 2856 cordis
702 2795 983 2852 luxuriam
1013 2793 1212 2861 frenat,
1242 2795 1466 2867 angelus
1495 2795 1591 2870 qui
1640 2797 1700 2852 in
1729 2812 1793 2852 eo
1821 2795 2080 2869 apparuit

479 2887 540 2944 in
580 2895 805 2960 pectore
845 2885 1060 2944 cinctus
1098 2884 1272 2941 venit.
1320 2885 1494 2954 Quem
1532 2886 1672 2943 bene
1719 2902 1861 2943 zona
1915 2901 2081 2942 aurea

477 2975 719 3048 stringit,
749 2974 879 3048 quia
907 2973 1158 3048 quisquis
1184 2975 1634 3048 supernaspatrias
1672 2975 1812 3032 civis
1841 2981 1944 3044 est,
1962 2990 2078 3031 non

469 3064 586 3139 jam
613 3065 812 3122 timore
839 3065 1122 3138 supplicii,
1151 3064 1246 3121 sed
1272 3080 1458 3121 amore
1502 3065 1790 3122 charitatis
1819 3065 2079 3122 immun-

2190 1979 2403 2052 partem
2445 1972 2656 2027 haberet
2705 1977 2842 2029 Deus
2870 1973 2927 2028 in
2960 1991 3039 2030 me
3091 1974 3332 2048 desuper,
3367 1981 3415 2030 et
3450 1975 3802 2031 hereditatem

2197 2063 2533 2134 Omnipotens
2561 2063 2624 2118 de
2648 2063 2864 2118 excelsis
2885 2065 2912 2120 9
2933 2065 3015 2120 Ac
3041 2064 3282 2138 siaperte
3303 2065 3566 2134 fateatur,
3601 2065 3798 2122 dicens:

2194 2152 2216 2188 ³
2245 2151 2456 2208 Habere
2487 2167 2572 2207 me
2601 2153 3005 2225 possessionem
3041 2171 3196 2210 suam
3226 2157 3579 2212 excelsorum
3609 2155 3804 2213 condi-

2191 2248 2279 2297 tor
2307 2242 2512 2310 renuit,
2559 2242 2606 2298 si
2637 2259 2792 2298 mens
2829 2259 2950 2299 mea
3002 2251 3129 2302 ante
3167 2254 3532 2320 conspectum
3563 2246 3715 2303 illius
3751 2246 3802 2302 in

2191 2331 2400 2390 inﬁmis
2429 2331 2718 2389 desideriis
2744 2332 2998 2391 tabescit.

2264 2423 2315 2478 7.
2353 2422 2612 2493 Cogitatio
2644 2423 2929 2480 immunda
2947 2441 3055 2481 non
3078 2425 3328 2498 inquinat
3354 2443 3479 2483 cum
3503 2429 3710 2500 pulsat,
3727 2429 3806 2482 sed

2189 2528 2308 2568 cum
2331 2529 2431 2584 per
2459 2513 2856 2570 delectationem
2887 2515 3154 2588 subjugat.
3183 2518 3248 2573 In
3285 2535 3443 2574 carne
3477 2518 3807 2591 corruptibili

2189 2603 2379 2676 suﬂicit
2401 2609 2675 2682 peccatum
2703 2621 2812 2658 non
2838 2622 3082 2676 regnare.
3113 2637 3185 2650 —
3212 2606 3318 2664 Sed
3346 2607 3500 2665 inter
3546 2608 3666 2666 haec
3714 2608 3806 2679 (De

2185 2691 2396 2763 paenit,
2425 2691 2548 2748 dist.
2585 2692 2640 2759 2,
2685 2709 2729 2749 ο.
2765 2693 2858 2765 23)
2891 2693 3178 2752 sciendum
3225 2703 3306 2754 est
3333 2697 3492 2754 aliud
3523 2715 3640 2755 esse
3669 2697 3807 2771 quod

2191 2782 2411 2840 animus
2435 2781 2502 2840 de
2533 2783 2839 2842 tentatione
2869 2785 3052 2844 carnis
3080 2788 3308 2860 patitur,
3338 2789 3499 2847 aliud
3528 2807 3662 2847 vero
3691 2807 3808 2847 cum

2189 2887 2286 2945 per
2299 2887 2629 2929 consensum
2656 2871 3133 2933 delectationibus
3161 2877 3463 2949 obligatur.
3483 2879 3809 2952 Plerumque

2189 2961 2339 3018 enim
2367 2961 2703 3034 cogitatione
2732 2981 2903 3037 prava
2931 2965 3204 3039 pulsatur,
3235 2966 3329 3024 sed
3361 2967 3672 3038 renititur;
3703 2969 3806 3042 ple‘

2188 3067 2424 3125 rumque
2451 3060 2635 3110 autem
2678 3070 2806 3111 cum
2854 3071 3174 3126 perversum
3224 3055 3358 3128 quid
3405 3059 3680 3132 concipit,
3711 3059 3808 3117 hoc

477 3155 677 3213 ditiam
707 3154 932 3211 deserit.
965 3155 1173 3212 Malum
1201 3144 1336 3210 vero
1360 3153 1599 3210 luxuriae
1626 3162 1722 3212 aut
1745 3155 2080 3229 cogitatione
2188 3140 2338 3240 ίῐξῐτξι
2373 3141 2729 3213 semetipsum
2777 3143 2944 3199 etiam
2977 3159 3076 3215 Per
3121 3143 3459 3240 ἀθείςλθτξιιφ
3511 3149 3712 3206 νοῙνὶῐο
3742 3149 3806 3206 Et

478 3255 846 3323 perpetratur,
875 3253 972 3303 aut
998 3262 1179 3318 opere.
1210 3244 1459 3303 Callidus
1485 3261 1722 3323 namque
1741 3252 1758 3286 ¹
1776 3249 1954 3307 hostis
1983 3263 2080 3304 no-

2196 3235 2458 3285 nimirum
2488 3238 2729 3287 mentem
2759 3247 3111 3306 nequaquam
3141 3235 3713 3307 cogitatioimmunda
3732 3237 3806 3294 in-

481 3319 598 3400 ster
613 3356 743 3397 cum
771 3339 840 3395 ab
859 3339 1056 3396 eﬂ’ectu
1076 3337 1587 3411 operisexpellitur,
1609 3319 1816 3398 secreta
1833 3341 2081 3414 polluere
2121 3319 2152 3323 ⁷
2193 3319 2386 3414 quinat
2412 3321 2776 3414 0‘1"}?qu
2781 3321 2896 3414 fed
2925 3341 3052 3380 cum
3083 3323 3229 3382 hanc
3273 3325 3379 3382 Sibi
3422 3343 3524 3399 per
3565 3329 3808 3387 delecta-

481 3433 811 3508 cogitatione
832 3433 1078 3491 molitur.
1113 3433 1265 3490 Unde
1291 3441 1345 3491 et
1367 3436 1605 3507 serpenti
1629 3453 1661 3492 a
1675 3435 1915 3492 Domino
1932 3432 2084 3489 dici-

481 3531 576 3580 tur
605 3541 619 3580 :
649 3523 862 3580 Pectore
889 3528 940 3579 et
963 3529 1140 3579 ventre
1167 3539 1313 3596 repes
1344 3524 1562 3596 (Genes.
1595 3541 1682 3593 ιιι,
1706 3524 1820 3596 lli).
1851 3523 2086 3594 Serpens

482 3612 742 3670 videlicet
769 3619 964 3670 ventre
1003 3613 1165 3686 repit,
1197 3613 1418 3686 quando
1461 3612 1640 3670 hostis
1687 3611 1941 3668 lubricus
1991 3625 2087 3682 per

482 3702 726 3762 humana
753 3703 998 3760 membra
1027 3701 1251 3760 sibimet
1269 3703 1491 3761 subdita
1517 3719 1691 3776 usque
1720 3701 1790 3757 ad
1819 3699 2086 3772 expletio-

482 3808 610 3850 nem
638 3791 820 3866 operis
847 3792 1126 3850 luxuriam
1167 3801 1405 3852 exercet.
1455 3793 1690 3865 Serpens
1717 3796 1900 3846 autem
1945 3787 2090 3860 repit

483 3891 722 3958 pectore,
752 3883 972 3958 quando
999 3900 1091 3942 eos
1105 3899 1244 3958 quos
1271 3885 1330 3942 in
1350 3901 1513 3958 opere
1527 3881 1765 3940 luxurias
1797 3897 1910 3938 non
1939 3881 2089 3936 valet

482 3975 683 4049 polluit
725 3975 784 4032 in
828 3975 1178 4050 cogitatione.
1224 3977 1384 4034 Alius
1426 3976 1610 4050 itaque
1652 3972 1934 4031 luxuriam
1973 3971 2088 4044 jam

482 4074 757 4138 perpetrat
808 4067 1044 4137 actione,
1105 4067 1240 4125 huic
1300 4084 1524 4140 serpens
1560 4066 1704 4139 repit
1746 4081 1817 4121 ex
1869 4069 2085 4120 ventre.

485 4153 643 4208 Alius
681 4161 864 4210 autem
911 4155 1332 4228 perpetrandam
1374 4163 1556 4212 versat
1595 4154 1654 4210 in
1704 4160 1911 4220 mente,
1955 4149 2096 4224 huic,

484 4255 707 4312 serpens
731 4242 874 4313 repit
899 4258 970 4298 ex
995 4251 1235 4314 pectore.
1279 4243 1385 4300 Sed
1408 4245 1538 4317 quia
1564 4255 1660 4316 per
1700 4242 2091 4315 cogitationem

485 4329 556 4386 ad
595 4330 866 4404 explenda
911 4346 1074 4402 opera
1102 4331 1443 4402 pervenitur,
1488 4339 1633 4386 recte
1676 4346 1898 4402 serpens
1939 4328 2094 4400 prius

486 4425 726 4492 pectore,
773 4426 828 4475 et
864 4417 1218 4492 postmodum
1259 4434 1446 4490 repere
1491 4427 1682 4474 ventre
1729 4416 2086 4474 describitur.

488 4507 632 4582 [Rea
663 4507 803 4583 ΙΙΙ.]
832 4507 989 4566 Unde
1016 4507 1208 4564 beatus
1233 4506 1356 4575 Job,
1387 4507 1516 4580 quia
1543 4505 1894 4578 disciplinam
1925 4503 2094 4561 etiam

486 4596 545 4652 in
575 4596 907 4669 cogitatione
935 4597 1134 4666 tenuit,
1177 4611 1290 4652 una
1318 4594 1568 4652 custodia
1597 4594 1870 4665 serpentis
1899 4601 2092 4666 pectus

487 4693 846 4760 ventremque
861 4686 1164 4760 superavit,
1187 4685 1380 4743 dicens
1404 4703 1414 4741 :
1437 4684 1622 4758 Pepigi
1650 4684 1820 4754 fwdus
1839 4701 1956 4739 cum
1974 4701 2092 4738 ocu-

490 4776 536 4832 is
564 4775 713 4842 meis,
744 4783 802 4832 ut
827 4793 891 4832 ne
917 4775 1202 4848 cogitarem
1220 4775 1500 4847 quidemde
1527 4775 1749 4846 virgine.
1779 4774 1918 4848 [Vet.
1944 4773 2086 4848 ΙΙΙ.]

484 4867 658 4936 Quam
689 4865 956 4922 nimirum
985 4865 1168 4924 cordis
1197 4864 1529 4921 munditiam
1569 4863 1820 4937 quisquis
1857 4862 2088 4934 adipisci

484 4974 595 5014 non
624 4955 1000 5030 appetit,quid
1029 4955 1180 5011 aliud
1209 4971 1374 5028 quam
1395 4953 1640 5026 ejusdem
1668 4971 1699 5009 a
1729 4970 1784 5009 se
1800 4951 2089 5008 munditias

483 5056 761 5106 auctorem
779 5046 995 5120 repellit
1011 5047 1039 5103 ?
1055 5044 1208 5103 Unde
1221 5053 1274 5100 et
1283 5045 1474 5100 beatus
1489 5044 1516 5099 J
1520 5043 1590 5099 ob
1611 5043 1862 5116 protinus
1879 5042 2085 5100 subdit:

1105 5133 1332 5192 CAPUT
1371 5134 1466 5190 ΙΙΙ.

559 5224 728 5281 Vsus.
759 5227 812 5282 2.
842 5257 914 5270 —
944 5229 1116 5294 Quam
1145 5225 1280 5280 enim
1292 5229 1502 5295 partem
1530 5219 1670 5280 Dens
1698 5222 1907 5277 haberet
1932 5221 2090 5278 inme

487 5311 724 5383 desuper,
750 5316 1160 5370 ethtereditatem
1193 5313 1526 5384 Omnipotens
1554 5312 1615 5365 de
1643 5310 1856 5364 arcelsis
1878 5312 1906 5365 ?

559 5401 610 5458 6.
651 5401 713 5457 Ut
741 5402 840 5457 Dei
873 5405 1146 5460 luereclitas
1192 5405 1376 5470 simus,
1416 5404 1469 5459 in
1503 5402 1648 5457 nobis
1690 5407 1955 5473 peccatum
1983 5417 2089 5455 non

563 5673 576 5706 ¹
611 5671 834 5726 llecent.
890 5667 1066 5733 Edit.,
1121 5667 1458 5723 adversarius
1491 5673 1931 5723 noster...secreta
1959 5667 2087 5734 pol-

489 5745 629 5797 luere
657 5739 984 5809 cogitationis
1042 5735 1276 5792 molitur.
1327 5740 1576 5794 Nostram
1622 5739 1824 5794 habent
1871 5737 2083 5808 antiqui

487 5813 622 5872 Cod.
658 5820 770 5868 tam
793 5809 980 5881 excusi
1013 5825 1176 5881 quam
1202 5811 1413 5881 exarati
1444 5827 1609 5864 manu
1634 5829 1646 5870 ;
1671 5809 1724 5881 isi
1759 5817 1940 5864 tamen
1973 5824 2080 5864 0x-

485 5885 655 5960 cipias
685 5880 848 5944 Corb.
883 5879 1094 5949 Gerui.,
1125 5879 1215 5937 cui
1247 5896 1352 5937 rec.
1387 5881 1491 5938 Ed.
1525 5880 1846 5938 concinunt.

2192 3408 2402 3465 tionem
2440 3407 2720 3480 subjugat.
2755 3411 2900 3468 Hinc
2946 3414 3152 3470 etenim
3203 3415 3537 3487 praedicator
3566 3418 3808 3491 egregius

2195 3496 2333 3554 dicit
2367 3513 2380 3554 :
2415 3499 2657 3556 Tentatio
2685 3517 2776 3556 vos
2805 3517 2914 3556 non
2941 3503 3326 3574 apprehendat,
3357 3505 3465 3562 nisi
3492 3507 3728 3564 humana
3754 3507 3812 3577 (Ι

2199 3595 2326 3654 Cor.
2358 3612 2417 3666 x,
2473 3596 2585 3668 l3).
2620 3597 2875 3655 Humana
2903 3599 3106 3672 quippe
3135 3601 3367 3659 tentatio
3396 3613 3504 3673 est,
3532 3601 3675 3660 681
3709 3619 3813 3678 qua

2195 3685 2524 3759 plerumque
2547 3687 2568 3721 ³
2591 3685 2650 3742 in
2680 3686 3026 3759 cogitatione
3050 3690 3510 3761 tangimuretiam
3543 3695 3808 3760 nolentes,

2197 3775 2327 3850 quia
2351 3783 2412 3832 ut
2440 3792 2842 3850 nonnunquam
2874 3785 2928 3834 et
2955 3779 3151 3836 illicita
3179 3781 3246 3837 ad
3276 3781 3532 3840 animum
3562 3784 3808 3849 veniant,

2197 3866 2306 3924 hoc
2331 3867 2525 3941 utique
2547 3867 2606 3923 in
2627 3868 2844 3925 nobism
2860 3869 3052 3942 etipsis
3065 3887 3137 3926 ex
3155 3871 3524 3932 humanitatis
3544 3874 3810 3948 corrupti-

2199 3954 2330 4011 bilis
2358 3955 2603 4027 pondere
2632 3955 2922 4014 habemus.
2950 3959 3070 4014 Jam
3101 3976 3235 4018 vero
3265 3960 3612 4022 daemoniaca
3639 3972 3742 4032 est,
3763 3970 3813 4018 et

2199 4059 2314 4100 non
2344 4043 2589 4100 humana
2617 4046 2876 4115 tentatio,
2915 4063 3042 4103 cum
3071 4047 3141 4105 ad
3169 4049 3276 4107 hoc
3303 4052 3452 4123 quod
3474 4053 3663 4110 carnis
3686 4069 3810 4109 cor-

2199 4132 2542 4206 ruptibilitas
2561 4135 2806 4205 suggerit
2820 4151 2916 4208 per
2935 4153 3262 4194 consensum
3289 4155 3345 4195 se
3365 4141 3592 4199 animus
3621 4141 3812 4198 astrin-

2202 4222 2298 4296 git.
2331 4222 2476 4280 Hinc
2502 4223 2704 4279 iterum
2725 4223 2868 4282 dicit
2900 4243 2912 4282 :
2945 4227 3066 4283 Non
3085 4235 3540 4301 regnetpeccatum
3571 4232 3630 4286 in
3647 4237 3812 4286 vestro

2199 4314 2420 4369 mortali
2447 4329 2666 4384 corpore
2694 4313 2870 4386 (Rom.
2903 4332 2984 4384 vr,
3022 4316 3136 4389 12).
3168 4317 3461 4376 Peccatum
3509 4321 3717 4394 quippe
3759 4319 3812 4375 in

2203 4401 2424 4457 mortali
2459 4419 2686 4474 corpore
2731 4419 3085 4478 nequaquam
3114 4422 3226 4462 non
3257 4393 3412 4476 'esse,
3445 4393 3546 4465 sed
3590 4423 3815 4482 regnare

2202 4489 2512 4563 prohibuit,
2544 4491 2674 4564 quia
2695 4491 2753 4548 in
2781 4509 2947 4550 carne
2971 4496 3325 4568 corruptibili
3347 4515 3460 4553 non
3480 4516 3714 4572 regnare
3732 4514 3819 4570 po-

2124 4623 2174 4683 Β
2201 4587 2328 4649 test,
2369 4581 2464 4638 sed
2492 4597 2604 4638 non
2641 4599 2756 4638 esse
2788 4600 2902 4640 non
2935 4593 3134 4658 potest.
3165 4587 3478 4659 Hocipsum
3506 4603 3750 4660 namque
3772 4584 3817 4639 ei

2203 4670 2271 4726 de
2306 4678 2529 4744 peccato
2572 4673 2777 4728 tentari
2821 4682 3106 4745 peccatum
3135 4683 3239 4745 est,
3270 4693 3380 4750 quo
3410 4677 3545 4749 quia
3575 4675 3820 4752 quandiu

2201 4762 2447 4818 vivimus
2492 4763 2733 4834 perfecte
2773 4765 3098 4820 omnimodo
3153 4782 3264 4822 non
3299 4783 3557 4824 caremus
3588 4786 3602 4835 ;
3637 4773 3819 4824 sancta

2200 4850 2520 4922 praedicatio
2552 4851 2817 4924 quoniam
2849 4852 2955 4909 hoc
2983 4854 3257 4926 expellere
3287 4857 3447 4928 plene
3468 4874 3588 4914 non
3619 4856 3819 4929 potuit,

2200 4941 2250 4996 ei
2283 4941 2350 4997 de
2380 4940 2554 4997 nostri
2585 4940 2768 4997 cordis
2797 4940 3116 5001 habitaculo
3145 4961 3376 5018 regnum
3407 4947 3636 5018 tulit,ut
3667 4961 3817 5017 appe-

2200 5031 2334 5086 titus
2362 5030 2590 5088 illicitus
2615 5030 2714 5086 etsi
2748 5031 3073 5106 plerumque
3087 5033 3250 5090 bonis
3281 5033 3490 5090 nostris
3521 5035 3820 5107 cogitatio-

2198 5119 2362 5175 nibus
2389 5121 2604 5177 occulte
2633 5135 2689 5175 se
2717 5121 2875 5193 quasi
2904 5120 2994 5177 fur
3020 5122 3230 5192 inierit,
3263 5124 3456 5179 saltem
3486 5124 3536 5179 si
3567 5122 3818 5197 ingredi-

2197 5219 2310 5281 tur,
2333 5229 2445 5268 non
2475 5212 2814 5270 dominetur.
2852 5213 2955 5270 Vir
2975 5215 3148 5286 igitur
3175 5223 3398 5272 sanctus
3427 5213 3628 5272 dicens
3658 5233 3669 5271 :
3714 5216 3818 5272 Pe-

2193 5302 2307 5372 pigi
2332 5301 2504 5370 foedus
2530 5317 2642 5355 cum
2673 5301 2837 5357 oculis
2865 5303 3012 5369 meis,
3043 5309 3178 5358 utne
3205 5304 3489 5375 cogitarem
3513 5304 3730 5374 quidem
3761 5302 3818 5355 de

2202 5391 2422 5462 virgine,
2456 5405 2808 5463 nequaquam
2839 5391 2959 5448 vult
2989 5391 3225 5464 intelligi
3255 5392 3386 5464 quia
3413 5389 3539 5463 ejus
3568 5393 3814 5448 animum

2270 5665 2290 5699 ³
2331 5665 2412 5719 Ita
2443 5679 2574 5719 cum
2609 5661 2778 5718 Corb.
2811 5661 3025 5732 Germ.,
3053 5662 3244 5720 Norm.
3280 5668 3334 5717 et
3352 5663 3424 5718 ali
3439 5660 3490 5718 is
3520 5661 3680 5731 Mss,
3717 5669 3817 5716 vet.

2195 5735 2346 5792 Edit.
2369 5737 2432 5790 In
2468 5741 2704 5798 recent,
2732 5734 2919 5788 habere
2953 5735 3004 5789 in
3033 5751 3130 5789 me.

2267 5809 2286 5841 ³
2326 5809 2548 5936 Ιέθςρηῑ.
2575 5805 2911 5862 addiderunt
2941 5806 3109 5878 turpi,
3136 5805 3579 5864 reclamantibus
3599 5808 3731 5864 Mss.
3767 5811 3812 5858 et

2269 5887 2306 5935 t.
2357 5880 2590 5936 ‘xcusns.

2197 5896 2220 5931 κ
2235 5887 2306 5935 et.
2336 5887 2590 5936 Excusw.
