3928 6378
173 300 259 359 193
953 303 1323 361 MORALIUM
1363 305 1497 365 LIB.
1539 305 1690 365 XXI.
1733 337 1752 349 -

1868 309 1910 367 N
1950 310 2178 370 CAPUT
2217 314 2405 372 χχχι
2444 299 2689 378 silos.

3364 329 3463 383 194

168 425 311 497 culpa
337 423 393 478 in
423 423 754 495 cogitatione
782 439 893 481 non
914 429 1167 501 contigit,
1197 430 1291 487 sed
1312 431 1441 506 quia
1461 449 1745 508 nunquam
1776 444 1826 503 Α
1854 437 2350 513 lerterinspiciant,
2366 441 2492 498 etin
2505 444 3039 505 cunctisactionibus
3049 449 3204 506 suisa
3219 452 3462 508 Domino

169 517 299 571 hunc
339 529 407 569 ex
448 529 719 570 consensu
760 517 1058 588 superavit.
1103 520 1240 576 Nam
1282 522 1436 579 velut
1464 523 1749 598 integerri-

167 620 293 661 mam
326 602 724 675 possessionem
753 606 854 661 Dei
884 615 1123 664 mentem
1153 627 1307 667 suam
1338 622 1529 670 contra
1558 617 1748 672 adver-

166 692 278 751 sarii
309 692 770 764 depradationem
788 694 1054 766 vindicat,
1072 700 1167 771 qui
1189 701 1443 772 protinus
1462 703 1744 777 adjungit:

168 786 316 852 Quam
343 782 476 837 enim
515 789 728 855 partem
766 786 977 842 haberet
1021 789 1163 843 Deus
1204 790 1261 845 in
1295 811 1373 847 me
1413 794 1656 866 desuper,
1702 804 1751 852 et

161 876 491 933 [nereditatem
517 878 853 949 Omnipotens
882 880 945 936 de
972 884 1227 942 excelsis?
1258 885 1337 941 Ac
1365 886 1409 942 si
1440 896 1623 959 aperte
1653 888 1750 944 di-

159 976 262 1025 cat:
305 966 476 1025 Carne
526 968 751 1041 quidem
782 973 1002 1028 mortali
1034 977 1407 1047 corruptionis
1433 978 1748 1034 conditioni

157 1055 413 1129 subjaceo,
456 1055 552 1112 sed
595 1059 808 1115 auctori
839 1061 984 1117 unde
1026 1064 1229 1131 servio,
1259 1066 1306 1122 si
1336 1066 1386 1123 ei
1416 1067 1691 1141 integrum
1716 1085 1750 1126 a

155 1162 407 1205 consensu
432 1146 611 1219 culpa
639 1148 889 1207 animum
918 1168 1033 1209 non
1060 1154 1297 1213 defendo
1314 1157 1343 1214 ?
1370 1158 1633 1232 Sequitur
1659 1175 1672 1215 :

474 1272 705 1331 CAPUT
733 1277 811 1335 IV
845 1276 985 1353 [Vet.
1044 1287 1092 1337 et
1121 1284 1241 1340 Rec.
1272 1285 1308 1341 Ι
1314 1281 1405 1358 ν].

215 1382 377 1440 Vsus.
408 1382 461 1438 3.
510 1414 584 1427 —
624 1385 901 1458 Numquid
930 1404 1037 1444 non
1069 1391 1302 1462 perditio
1348 1399 1422 1450 est
1450 1393 1657 1466 iniquo,
1701 1400 1751 1451 et

150 1472 387 1530 alienatio
411 1476 757 1548 operantibus
780 1477 1117 1550 iniquitatem
1134 1483 1163 1539 i’

210 1579 261 1637 8.
289 1580 427 1637 Iusti
437 1599 539 1654 per
559 1599 811 1655 asperum
823 1585 926 1640 iter
952 1587 1025 1642 ad
1043 1588 1235 1645 salutis
1248 1590 1509 1663 patriam,
1534 1591 1749 1665 reprobi

142 1685 233 1739 per
276 1687 482 1727 amama
506 1678 675 1743 prata
715 1673 788 1729 ad
824 1674 1033 1745 foveam
1074 1678 1307 1735 tendunt.
1339 1710 1411 1722 —
1458 1683 1474 1716 ί
1523 1680 1748 1738 Festina

148 1761 435 1819 consolatio
468 1762 741 1821 bonorum
770 1772 857 1822 est
884 1767 1263 1826 consideratus
1291 1769 1420 1826 ﬁnis
1449 1772 1742 1830 malorum.

147 1852 278 1908 Dum
298 1851 445 1908 enim
466 1867 537 1909 ex
558 1870 748 1911 eorum
764 1854 993 1913 interitu
1010 1859 1216 1915 malum
1233 1860 1585 1933 conspiciunt
1598 1862 1747 1935 quod

150 1942 396 2012 evadunt,
428 1943 556 2000 leve
585 1944 911 2004 existimant
934 1948 1209 2023 quidquid
1224 1951 1442 2008 adversi
1462 1951 1522 2008 in
1543 1951 1647 2008 hac
1666 1952 1747 2007 vi-

147 2038 196 2088 ta
221 2031 528 2105 patiuntur.
559 2035 705 2090 Eant
732 2053 861 2110 ergo
889 2054 1039 2095 nunc
1067 2040 1307 2112 reprobi,
1337 2048 1393 2097 et
1418 2040 1749 2099 delectatio—

150 2138 271 2178 num
296 2138 528 2179 suarum
557 2123 831 2183 desideria
866 2130 1199 2202 compleant,
1230 2130 1290 2187 in
1315 2131 1445 2187 ﬁnis
1470 2130 1558 2188 sui
1583 2130 1750 2187 dam-

153 2214 358 2271 natione
410 2216 635 2272 sensuri
683 2225 814 2273 sunt
855 2220 985 2293 quia
1026 2228 1261 2277 mortem
1309 2222 1452 2277 male
1498 2222 1749 2277 viventes

150 2313 488 2362 amaverunt.
529 2305 870 2363 Transitorio
916 2316 1099 2366 autem
1155 2310 1382 2367 verbere
1436 2310 1751 2383 afﬂigantur

147 2394 311 2461 electi,
354 2402 417 2451 ut
446 2411 485 2451 a
510 2396 780 2468 pravitate
809 2396 1023 2470 ﬂagella
1051 2400 1331 2472 corrigant
1358 2417 1497 2474 quos
1525 2407 1752 2472 paterna

148 2483 304 2556 pietas
329 2484 400 2541 ad
428 2484 820 2542 hareditatem
849 2496 1050 2545 servat.
1081 2489 1240 2546 Nunc
1262 2490 1471 2555 etenim
1500 2489 1752 2563 ﬂagella-

146 2580 227 2629 tur
244 2572 461 2645 justus,
492 2582 548 2631 et
576 2576 802 2632 verbere
840 2577 1149 2651 disciplina
1178 2580 1495 2652 corrigitur,
1525 2580 1656 2653 quia
1682 2578 1753 2637 ad

148 2670 347 2721 aeterna
377 2665 728 2724 haereditatis
754 2669 1152 2742 patrimonium
1173 2679 1528 2745 praparatur.
1553 2672 1617 2728 In
1635 2660 1753 2729 suis

147 2761 310 2811 autem
343 2757 740 2829 voluptatibus
770 2760 1051 2817 relaxatur
1071 2761 1336 2834 injustus,
1358 2762 1489 2835 quia
1515 2769 1672 2818 tanto
1699 2760 1753 2818 ei

148 2846 464 2919 temporalia
490 2846 637 2902 bona
663 2856 984 2920 suppetunt,
1015 2859 1223 2923 quanto
1253 2859 1457 2907 aeterna
1483 2851 1752 2921 denegan-

148 2939 244 2991 tur.
270 2933 530 3008 Injustus
562 2934 632 2991 ad
660 2934 902 2992 debitam
932 2946 1165 2995 mortem
1194 2955 1444 3005 currens,
1474 2938 1753 2996 effrenatis

149 3024 525 3097 voluptatibus
553 3025 751 3095 utitur,
775 3026 905 3100 quia
923 3036 978 3084 et
1007 3028 1169 3085 vituli
1192 3028 1288 3103 qui
1317 3029 1597 3087 mactandi
1624 3036 1756 3086 sunt

147 3112 197 3169 in
229 3114 420 3172 liberis
454 3114 707 3187 pastibus
735 3116 1147 3190 relinquuntur.
1196 3121 1272 3175 At
1298 3127 1490 3177 contra
1511 3118 1696 3192 justus
1723 3135 1756 3176 a

147 3202 526 3263 delectationis
559 3206 891 3262 transitoria
936 3208 957 3242 ²
992 3207 1343 3281 jucunditate
1382 3210 1753 3283 restringitur,

151 3295 269 3367 quia
296 3303 350 3351 et
379 3295 653 3351 nimirum
674 3296 887 3353 vitulus
912 3298 982 3354 ad
1012 3299 1216 3355 laboris
1245 3317 1410 3357 usum
1438 3301 1566 3357 vita
1586 3299 1756 3372 depu-

149 3391 286 3441 tatus
313 3386 419 3442 sub
442 3384 580 3457 jugo
611 3387 901 3444 retinetur.
932 3390 1212 3461 Negantur
1231 3391 1418 3448 electis
1445 3390 1504 3446 in
1521 3390 1624 3447 hac
1640 3391 1758 3447 vita

150 3472 286 3530 bona
315 3482 558 3545 terrena,
582 3477 713 3549 quia
741 3486 794 3533 et
816 3479 997 3551 aegris,
1019 3480 1223 3553 quibus
1250 3498 1373 3553 spes
1403 3479 1629 3537 vivendi
1651 3487 1754 3549 est,

149 3582 491 3639 nequaquam
518 3583 549 3622 a
568 3568 783 3625 medico
802 3578 1003 3626 cuncta
1022 3586 1141 3643 qua
1163 3578 1429 3643 appetunt
1447 3571 1757 3639 concedun_

144 3664 248 3723 tur.
279 3658 503 3712 Dantur
530 3666 714 3714 autem
740 3660 990 3732 reprobis
1008 3660 1153 3717 bona
1176 3678 1299 3734 qua
1319 3662 1379 3717 in
1404 3662 1508 3718 hac
1529 3662 1645 3717 vita
1664 3677 1757 3734 ap.

146 3754 355 3818 petunt,
393 3748 530 3821 quia
558 3757 612 3805 et
640 3750 944 3823 desperatis
976 3752 1134 3824 aegris
1161 3769 1325 3809 omne
1354 3753 1503 3825 quod
1531 3751 1757 3809 deside-

148 3845 263 3894 rant
308 3855 427 3895 non
465 3847 717 3911 negatur.
750 3840 1098 3912 Perpendant
1125 3842 1300 3915 igitur
1320 3842 1458 3915 justi
1486 3860 1607 3916 qua
1643 3842 1758 3899 sint

148 3929 303 3998 mala,
337 3944 467 4001 qua
500 3930 521 3963 ³
571 3928 792 4001 iniquos
835 3939 1080 4000 manent,
1109 3938 1164 3988 et
1192 3948 1536 4006 nequaquam
1565 3950 1757 3990 eorum

148 4014 402 4075 felicitati
458 4015 747 4074 invideant
788 4036 910 4094 qua
943 4021 1235 4094 percurrit.
1285 4021 1431 4091 Quid
1476 4030 1561 4079 est
1606 4022 1758 4079 enim

150 4107 290 4178 quod
305 4106 378 4165 de
394 4122 589 4163 eorum
606 4108 823 4180 gaudiis
850 4110 1214 4181 admirentur,
1232 4111 1452 4187 quando
1467 4120 1522 4168 et
1540 4112 1646 4185 ipsi
1661 4127 1759 4184 per

151 4190 247 4251 iter
276 4200 431 4261 682
452 4211 710 4269 asperum
730 4196 800 4255 ad
819 4199 1012 4257 salutis
1028 4192 1285 4274 patriam,
1307 4209 1363 4257 et
1388 4200 1473 4257 illi
1490 4201 1645 4274 quasi
1661 4216 1759 4274 per

149 4313 359 4356 amana
403 4304 563 4372 prata
608 4297 680 4355 ad
719 4297 938 4356 foveam
979 4301 1257 4359 tendunt?
1294 4302 1456 4360 Dicat
1499 4317 1628 4375 ergo
1669 4302 1759 4358 vir

149 4394 365 4446 sanctus
388 4404 402 4445 :
437 4386 698 4458 Nunquid
722 4404 830 4443 non
852 4389 1082 4460 perditio
1110 4396 1186 4446 est
1202 4390 1408 4461 iniquo,
1438 4396 1487 4445 et
1504 4390 1759 4447 alienatio

150 4477 487 4548 operantibus
515 4475 846 4548 iniquitatem
862 4478 891 4535 ‘l
927 4478 1087 4547 Quod
1116 4478 1378 4536 videlicet
1405 4478 1761 4536 alienationis

151 4566 377 4623 verbum
395 4566 593 4624 durius
609 4575 849 4640 sonaret,
870 4569 917 4625 si
937 4568 1044 4627 hoc
1061 4570 1332 4642 interpres
1345 4570 1406 4625 in
1425 4587 1537 4626 sua
1556 4570 1760 4644 lingua

153 4672 279 4714 voce
307 4658 599 4716 tenuisset.
644 4659 804 4726 Quod
842 4660 990 4716 enim
1032 4661 1179 4733 apud
1208 4678 1310 4718 nos
1339 4662 1622 4731 alienatio,
1651 4661 1760 4721 hoc

153 4746 293 4819 apud
324 4748 586 4805 Hebraeos
614 4748 907 4805 anathema
926 4749 1151 4807 dicitur.
1177 4751 1332 4808 Tunc
1350 4767 1478 4824 ergo
1498 4752 1758 4809 alienatio

154 4836 256 4894 erit
277 4838 551 4912 reprobis,
583 4856 709 4897 cum
739 4840 808 4896 ab
850 4840 1170 4897 haereditate
1199 4842 1441 4900 districti
1464 4842 1671 4915 judicis
1698 4860 1757 4899 se

155 4928 443 4985 anathema
480 4945 598 4986 esse
644 4930 1018 5003 conspiciunt,
1049 4933 1177 5004 quia
1206 4932 1299 4990 hic
1328 4949 1454 4989 eum
1484 4933 1757 5006 perversis

158 5019 400 5078 moribus
414 5029 882 5096 contempserunt.
907 5022 1165 5079 Floreant
1178 5023 1348 5097 igitur
1367 5023 1569 5097 iniqui,
1582 5023 1755 5081 aﬂore

158 5115 367 5169 aterna
397 5111 737 5173 hareditatis
763 5112 965 5183 alieni;
987 5111 1127 5186 justi
1148 5130 1280 5171 vero
1309 5114 1632 5187 semetipsos
1671 5131 1754 5172 so-

228 5315 245 5349 ⁸
275 5314 425 5371 Hinc
450 5315 782 5391 amovimus,
816 5318 861 5373 0
885 5324 1087 5388 quanta
1130 5318 1419 5374 consolatio
1443 5318 1687 5391 aegrotis,
1710 5323 1759 5373 et

158 5393 383 5461 quantus
407 5404 602 5444 mceror
624 5389 750 5461 (aL,
766 5391 963 5461 metus)
981 5391 1147 5458 sanis,
1164 5406 1285 5461 qua
1303 5390 1361 5446 in
1380 5389 1508 5448 Mss.
1541 5406 1653 5447 non
1673 5389 1758 5445 in-

160 5458 479 5535 veniuntur,
525 5468 580 5535 et
625 5458 696 5517 ex
734 5458 978 5535 margine
1025 5458 1223 5535 procul
1241 5461 1422 5535 dubio
1454 5462 1515 5518 in
1541 5469 1756 5535 textum

159 5526 503 5607 Excusorum
528 5526 904 5607 irrepserunt.
924 5526 1076 5607 ASane
1102 5534 1400 5607 explicatio
1441 5533 1758 5595 textusJob

160 5598 224 5655 ab
268 5601 393 5679 istis
430 5604 613 5661 verbis
639 5598 874 5679 incipit:
906 5604 1099 5677 festina
1127 5598 1435 5679 consolatio,
1465 5614 1596 5677 etc.,
1636 5621 1758 5679 qua

161 5685 267 5752 non
287 5674 579 5752 cohaerent
597 5692 725 5734 cum
756 5674 863 5752 iis:
897 5674 928 5732 ὸ
955 5684 1176 5749 quanta,
1208 5685 1313 5736 etc.
1346 5674 1503 5737 Hanc
1527 5674 1760 5737 senten-

163 5746 290 5828 tiam
330 5746 538 5828 aliquis
565 5748 624 5805 in
670 5748 917 5828 margine
947 5746 1337 5828 annotaverat,
1377 5767 1543 5824 quam
1570 5757 1759 5824 postea

164 5814 415 5879 Editores
425 5814 629 5881 ‘minus
653 5814 819 5884 caute
843 5821 1023 5882 textui
1051 5814 1424 5886 inseruerunt.

1857 546 1915 589 se
1941 531 2121 589 videri
2151 533 2559 605 pertimescant.
2590 536 2744 595 Unde
2764 544 2819 593 et
2845 546 2971 611 apte
3003 557 3134 597 mox
3158 542 3418 600 subditur
3447 560 3458 596 :

2490 661 2720 720 CAPUT
2776 664 2847 722 V.

1929 767 2099 826 Vens.
2119 768 2172 825 4.
2196 770 2460 828 -Νοηηε
2481 771 2590 844 ipse
2603 772 2902 828 considerat
2920 773 3036 829 vias
3061 791 3221 845 meas,
3243 783 3291 831 et
3316 795 3464 832 cune-

1860 864 1937 914 tos
1971 876 2181 930 gressus
2206 878 2345 915 meos
2374 861 2721 919 dinumerat?

1927 970 1981 1024 9.
2014 969 2383 1029 Minuta-simia
2402 972 2757 1043 cogitationes,
2788 974 3154 1030 ettenuissinm
3180 975 3337 1031 verba
3350 993 3467 1046 qua:

1850 1058 2015 1129 parvi
2040 1061 2340 1131 pendimus,
2386 1062 2439 1117 in
2459 1062 2667 1133 judicio
2705 1064 2805 1119 Dei
2831 1082 2937 1119 non
2972 1065 3463 1137 praetennittentur.

1856 1148 1966 1205 Per
1988 1151 2192 1221 gradus
2219 1152 2406 1222 culpa,
2436 1152 2619 1206 crescit
2636 1152 2768 1207 ordo
2797 1153 3061 1209 sententia:
3087 1154 3467 1211 condemnato-

1855 1238 1973 1294 riaz.
2004 1269 2077 1280 —
2096 1238 2242 1307 Quid
2262 1239 2479 1297 viarum
2500 1240 2725 1298 nomine
2740 1241 2848 1298 nisi
2868 1242 3113 1301 actiones
3131 1242 3468 1319 denuntiat?
3502 1302 3515 1315 ,

1856 1329 2001 1387 Hinc
2040 1330 2190 1386 enim
2236 1347 2334 1404 per
2360 1331 2650 1388 Jeremiam
2683 1330 2919 1392 dicitur:
2960 1331 3142 1390 Bonas
3168 1332 3329 1405 facite
3354 1334 3469 1390 vias

1856 1429 2057 1479 vestras
2104 1429 2152 1477 et
2191 1424 2369 1480 studia
2410 1431 2587 1480 vestra
2623 1424 2839 1497 (Jerem.
2882 1441 2985 1495 vu,
3021 1424 3103 1498 3).
3144 1425 3293 1493 Quid
3335 1441 3468 1481 vero

1856 1529 2142 1585 gressuum
2173 1512 2563 1586 appellatione,
2585 1513 2694 1570 nisi
2724 1516 2813 1572 vel
2842 1522 3026 1571 motus
3038 1502 3342 1584 mentium,
3374 1514 3463 1569 vel

1855 1602 2134 1675 profectus
2179 1603 2486 1676 accipimus
2533 1605 2863 1663 meritorum
2884 1606 2912 1663 7
2957 1604 3171 1674 Quibus
3218 1604 3467 1679 profecto

1856 1693 2130 1764 gressibus
2166 1693 2235 1750 ad
2264 1695 2613 1767 semetipsam
2639 1713 2739 1752 nos
2768 1696 2989 1753 Veritas
3018 1702 3202 1764 vocat,
3232 1694 3425 1751 dicens
3450 1712 3460 1751 :

1864 1781 2037 1841 Venite
2077 1783 2149 1838 ad
2176 1800 2276 1851 me,
2319 1801 2495 1839 omnes
2539 1785 2633 1855 qui
2682 1784 2959 1849 laboratis,
3008 1790 3057 1839 et
3098 1782 3307 1839 onerati
3348 1783 3469 1839 estis

1855 1872 2076 1943 (Matth.
2124 1888 2205 1940 x1,
2243 1871 2359 1945 28).
2393 1871 2481 1929 Ad
2522 1889 2578 1928 se
2606 1872 2809 1946 quippe
2839 1872 3029 1929 venire
3068 1887 3169 1929 nos
3199 1872 3471 1930 Dominus

1858 1959 2130 2033 praecipit,
2160 1961 2428 2017 nimirum
2459 1978 2570 2018 non
2600 1962 2876 2034 gressibus
2904 1962 3171 2034 corporis,
3206 1961 3302 2018 sed
3332 1979 3470 2034 pro-

1858 2052 2094 2110 fectibus
2112 2052 2315 2110 cordis.
2340 2054 2460 2126 Ipse
2480 2069 2719 2127 namque
2747 2053 2826 2110 ait
2850 2071 2861 2110 :
2906 2054 3082 2113 Veniet
3107 2054 3241 2110 hora
3256 2054 3470 2125 quando

1858 2159 2021 2214 neque
2049 2144 2107 2198 in
2134 2150 2305 2199 monte
2349 2145 2464 2211 hoc,
2493 2162 2657 2216 neque
2684 2144 2742 2199 in
2784 2144 3126 2216 Jerosolymis
3170 2144 3470 2200 adorabitis

1858 2231 2077 2288 Patrem
2103 2234 2292 2303 (Joan.
2325 2250 2406 2302 rv,
2436 2234 2553 2307 21).
2585 2235 2658 2290 Et
2685 2232 2849 2307 paulo
2879 2241 3033 2307 post:
3077 2233 3196 2293 Veri
3222 2235 3472 2291 adorato-

1859 2335 1943 2375 res
1971 2321 2274 2377 adorabunt
2292 2323 2508 2379 Patrem
2523 2322 2581 2377 in
2597 2323 2792 2395 spiritu
2810 2329 2859 2379 et
2888 2322 3127 2391 veritate,
3147 2340 3274 2379 nam
3301 2329 3349 2379 et
3368 2324 3474 2380 Pa-

1862 2424 1941 2474 ter
1965 2420 2094 2475 tates
2122 2420 2426 2491 quwritqui
2449 2420 2673 2476 adorent
2698 2438 2815 2477 eum
2842 2422 3040 2490 (Ibid.,
3067 2419 3184 2492 23).
3215 2420 3279 2478 In
3308 2419 3473 2476 corde

1860 2525 1989 2582 ergo
2017 2524 2133 2565 esse
2180 2526 2393 2582 gressus
2430 2509 2696 2578 insinuat,
2725 2510 2947 2592 quando
2983 2515 3039 2566 et
3079 2516 3143 2566 ut
3184 2508 3475 2568 veniamus

1860 2608 2022 2657 vocat
2050 2606 2104 2656 et
2132 2606 2316 2656 tamen
2333 2607 2489 2656 motu
2506 2599 2754 2673 corporis
2772 2615 3123 2673 nequaquam
3144 2615 3246 2657 nos
3274 2600 3344 2656 ad
3366 2599 3475 2656 alia

1861 2690 2093 2746 transire
2147 2689 2458 2747 denuntiat.
2508 2689 2647 2764 [Vet.
2700 2688 2787 2763 Κ]
2839 2689 2931 2746 Sic
2972 2696 3156 2745 autem
3201 2687 3475 2745 Dominus

1860 2778 2297 2853 uniuscujusque
2317 2779 2629 2837 considerat
2639 2779 2780 2851 vias,
2802 2780 2883 2837 sic
2897 2779 3214 2837 dinumerat
3234 2793 3472 2850 gressus,

1861 2876 1926 2924 ut
1957 2885 2026 2924 ne
2055 2868 2444 2925 minutissima
2468 2869 2694 2943 quidem
2724 2868 3084 2941 cogitationes
3112 2867 3233 2941 ejus
3254 2867 3473 2941 judicio

1861 2972 1927 3014 ac
1955 2955 2123 3011 verba
2159 2956 2505 3027 tenuissima,
2555 2974 2675 3029 qua
2714 2958 2860 3029 apud
2888 2974 2991 3014 nos
3030 2973 3137 3013 usu
3165 2955 3473 3026 viluerunt,

1862 3045 2173 3104 indiscussa
2200 3054 2538 3103 remaneant.
2562 3046 2706 3103 Hinc
2725 3045 2873 3101 enim
2895 3045 3068 3103 dicit:
3096 3046 3200 3113 Qui
3217 3044 3475 3099 irascitur

1863 3135 2033 3207 fratri
2073 3153 2189 3203 suo,
2218 3153 2342 3193 reus
2371 3136 2471 3193 erit
2490 3134 2720 3206 judicio.
2756 3134 2860 3202 Qui
2886 3133 3089 3189 dixerit
3126 3132 3299 3205 fratri
3337 3148 3473 3189 suo:

1864 3225 2065 3295 Racha,
2096 3243 2217 3281 reus
2244 3226 2347 3282 erit
2373 3225 2613 3281 concilio.
2648 3224 2751 3292 Qui
2771 3223 2968 3279 dixerit
2990 3241 3007 3278 :
3029 3224 3216 3289 Fatue,
3245 3240 3368 3279 reus
3396 3239 3474 3294 ge-

1864 3315 2046 3371 hennae
2072 3316 2209 3387 ignis
2236 3316 2456 3386 (Matth.
2485 3331 2543 3383 v,
2575 3314 2692 3386 22).
2721 3312 2907 3370 Racha
2924 3313 3128 3386 quippe
3156 3312 3216 3368 in
3246 3311 3477 3368 Hebrao

1864 3404 2087 3478 eloquio
2117 3406 2138 3441 ⁴
2162 3422 2273 3461 vox
2302 3404 2708 3478 interjectionis
2723 3410 2826 3473 est,
2843 3419 2965 3477 qua
2982 3400 3205 3475 quidem
3222 3401 3473 3459 animum

1865 3495 2154 3553 irascentis
2182 3496 2448 3565 ostendit,
2478 3512 2582 3553 nec
2610 3504 2793 3551 tamen
2836 3494 3063 3567 plenum
3094 3492 3326 3549 verbum
3355 3492 3477 3549 ira-

1865 3587 2084 3644 cundia
2114 3587 2398 3660 exprimit.
2430 3586 2591 3643 Prius
2635 3602 2763 3659 ergo
2791 3584 2874 3641 ira
2904 3581 3327 3656 reprehenditur
3355 3581 3477 3639 sine

1865 3693 2024 3748 voce,
2055 3676 2406 3751 postmodum
2450 3691 2582 3731 vero
2629 3675 2712 3731 ira
2753 3691 2881 3732 cum
2928 3689 3084 3743 voce,
3114 3671 3210 3728 sed
3237 3671 3473 3730 necdum

1864 3768 2030 3841 pleno
2058 3767 2229 3824 verbo
2258 3767 2525 3834 formata;
2558 3765 2628 3822 ad
2655 3772 2968 3822 extremum
2989 3778 3207 3838 quoque
3236 3778 3364 3820 cum
3396 3762 3476 3819 di-

1865 3857 2047 3916 citur:
2081 3858 2251 3913 Fatue
2280 3855 2362 3913 ira
2391 3855 2761 3928 redarguitur,
2792 3870 2913 3927 qua
2942 3869 3070 3909 cum
3107 3868 3335 3909 excessu
3363 3868 3477 3909 vo—

1866 3946 1947 4005 cis
1973 3946 2229 4019 expletur
2275 3946 2439 4002 etiam
2475 3944 2812 4018 perfectione
2838 3941 3129 3999 sermonis.
3162 3942 3235 3996 Et
3263 3946 3477 3996 notan-

1865 4035 2000 4092 dum
2030 4034 2177 4108 quod
2206 4034 2266 4089 in
2287 4034 2370 4090 ira
2396 4032 2650 4106 perhibet
2668 4048 2823 4088 reum
2850 4046 2965 4087 esse
2977 4027 3227 4102 judicio;
3252 4026 3312 4083 in
3341 4043 3477 4085 voce

1865 4124 1984 4194 ira,
2014 4124 2163 4197 quod
2191 4130 2274 4179 est
2301 4122 2488 4191 racha,
2518 4137 2676 4178 reum
2715 4118 2986 4187 concilio;
3020 4118 3081 4174 in
3109 4114 3282 4173 verbo
3323 4116 3477 4175 vocis

1866 4210 2016 4287 quod
2041 4220 2125 4270 est
2151 4212 2325 4283 fatue,
2352 4226 2511 4269 reum
2532 4209 2796 4285 gehennae
2816 4207 2982 4281 ignis.
3004 4207 3109 4263 Per
3135 4205 3339 4281 gradus
3364 4212 3476 4262 ete-

1865 4302 1984 4361 nim
2012 4303 2189 4377 culpa
2218 4301 2395 4360 crevit
2421 4299 2557 4358 ordo
2586 4298 2894 4368 sententia,
2917 4301 3049 4372 quia
3067 4297 3127 4353 in
3149 4295 3367 4371 judicio
3384 4294 3477 4353 ad-

1865 4391 1980 4451 huc
2003 4409 2168 4451 causa
2210 4392 2529 4462 discutitur,
2576 4390 2637 4449 in
2664 4390 2903 4449 concilio
2933 4396 3117 4446 autem
3151 4386 3269 4460 jam
3296 4402 3476 4446 causa

1867 4482 2142 4541 sententia
2171 4482 2459 4553 deﬁnitur,
2490 4482 2548 4538 in
2580 4480 2831 4553 gehenna
2856 4495 2988 4535 vero
3016 4477 3163 4553 ignis
3181 4493 3246 4534 ea
3263 4494 3386 4551 qua
3406 4475 3477 4533 de

1867 4574 2108 4631 concilio
2123 4572 2404 4647 egreditur
2424 4571 2697 4629 sententia
2723 4570 2997 4643 expletur.
3024 4565 3166 4636 Quia
3188 4566 3361 4639 igitur
3375 4565 3480 4622 hu-

1869 4682 2160 4723 manorum
2193 4674 2419 4723 actuum
2448 4665 2721 4722 Dominus
2746 4660 2939 4719 subtili
2968 4660 3224 4716 examine
3263 4672 3480 4731 gressus

1866 4767 2173 4829 enumerat,
2195 4759 2277 4816 ira
2295 4758 2415 4815 sine
2434 4773 2591 4826 voce,
2607 4754 2842 4828 judicio;
2862 4753 2945 4809 ira
2958 4753 3018 4809 in
3038 4768 3196 4821 voce,
3213 4748 3475 4815 concilio;

1866 4848 1949 4905 ira
1983 4866 2115 4905 vero
2154 4849 2214 4905 in
2256 4865 2391 4907 voce
2430 4855 2596 4921 atque
2636 4859 2912 4913 sermone,
2953 4843 3216 4915 gehennae
3255 4836 3479 4913 ignibus

1865 4940 2231 5012 mancipatur.
2278 4939 2432 4997 Hanc
2460 4937 2825 4994 subtilitatem
2862 4928 3324 4992 considerationis
3358 4923 3479 4996 ejus

1863 5029 2132 5102 propheta
2158 5035 2467 5101 aspexerat,
2485 5044 2612 5084 cum
2631 5025 2851 5083 dicebat
2873 5043 2884 5081 :
2919 5020 3254 5085 Fortissime,
3267 5030 3477 5088 magne,

1865 5120 1885 5155 ⁵
1925 5125 2111 5193 potens
2154 5118 2413 5176 Dominus
2453 5118 2779 5174 exercituum
2807 5132 2829 5181 ;
2873 5126 3061 5169 nomen
3097 5107 3213 5174 tibi,
3253 5121 3479 5179 magnus

1936 5319 1959 5354 ²
1989 5319 2183 5392 ᾼιιιὶᾳ.
2229 5317 2456 5392 Excusi
2479 5324 2603 5388 post
2630 5316 2759 5392 Mss.
2785 5312 3105 5392 plergsque,
3127 5308 3474 5392 fecunditate.

1939 5392 1960 5426 ³
1990 5381 2203 5471 Genii,
2234 5385 2398 5471 Corb.
2417 5381 2854 5471 Gérm.,_Laud.,
2885 5381 3013 5443 Val:
3042 5381 3155 5453 CL,
3184 5381 3391 5440 Turon.
3423 5389 3477 5438 et

1863 5462 2082 5544 Ν⁰.¹“.Ψ;›
2119 5461 2677 5544 δηίθιέίίθλπντπέιψί·
2852 5528 2885 5544 ..
3009 5529 3070 5544 ,Α
3222 5472 3235 5483 “

1938 5536 1960 5569 ⁴
1977 5526 2082 5590 Εᾶζ
2093 5576 2107 5602 ,
2122 5526 2228 5588 van
2242 5526 2606 5604 indignantis.
2624 5532 2685 5604 In
2700 5528 2973 5604 omnibus
2991 5526 3475 5604 Anglic.,_Norm.,

1865 5605 2029 5688 glorb.
2063 5597 2275 5674 Germ.,
2297 5597 2549 5688 .Turon,
2570 5602 2834 5688 Vindoc.,
2867 5597 3311 5670 Germ.,'Laud.,
3341 5604 3474 5667 etc.,

1864 5677 2122 5752 legimus,
2154 5694 2259 5732 eoa:
2285 5677 2689 5745 interjectionis.

1937 5748 2440 5831 {Deestpomgnus
2466 5747 2527 5831 in
2554 5755 2761 5831 recent.
2792 5745 2998 5819 Editis,
3028 5744 3134 5808 etsi
3169 5745 3231 5809 in
3257 5744 3388 5809 Mss.
3420 5745 3475 5796 et

1866 5819 2276 5897 antiquioribus
2299 5819 2540 5890 Eleusis
2563 5820 2851 5885 habeatur.
3345 5877 3349 5881 _
3418 5874 3421 5877 λ
