3928 6384
497 322 601 382 195

1703 337 1952 400 SANCTI
1989 341 2328 405 GREGORII
2364 345 2592 410 MAGNI

3589 345 3596 348 ’
3695 377 3790 435 196

493 449 733 561 consilio,
759 451 1297 561 incomprehensibilis
1320 461 1568 561 cpqitatu,
1589 465 1742 561 cujus
1768 469 1908 526 oculi
1918 469 2092 544 aperti
2126 475 2178 535 A
2209 475 2230 510 ‘
2259 474 2410 534 Scire
2435 477 2582 536 Deus
2607 478 2816 542 dicitur
2840 485 2980 544 scire
3013 501 3114 545 nos
3142 489 3339 558 facere,
3370 494 3571 555 usitato
3600 511 3787 561 nostrae

494 544 639 604 383
667 545 793 598 sunt
813 557 974 614 super
997 562 1172 602 omnes
1191 550 1310 605 vias
1329 549 1571 622 ﬁliorum
1596 553 1791 626 Adam,
1822 565 1880 615 ut
1900 563 2093 620 reddas

494 640 774 715 unicuique
809 647 1091 704 secundum
1119 649 1236 708 vias
1261 670 1408 724 suas,
1450 663 1498 712 et
1540 660 1820 716 secundum
1855 659 2093 731 fructum

496 741 511 774 ¹
543 739 978 798 adinventionum
1005 739 1121 812 ejus
1147 742 1372 812 (Jerem.
1405 760 1590 816 xxxn,
1623 747 1736 821 18).

564 828 652 886 10.
684 829 856 886 Nulla
883 829 996 886 sine
1019 832 1252 888 mercede
1271 831 1426 900 bona,
1445 836 1601 892 nulla
1619 837 1766 894 mala
1794 838 2088 914 sineptena.

490 948 561 962 -—
603 919 694 976 Sic
721 919 938 976 easdem
979 919 1100 978 vias
1141 922 1413 980 Dominus
1453 923 1646 982 subtili
1683 930 2091 989 examinatione

491 1007 822 1079 considerat,
855 1016 918 1066 ut
962 1009 1019 1066 in
1069 1027 1400 1086 unoquoque
1446 1023 1696 1073 nostrum
1744 1035 1844 1077 nec
1881 1037 1944 1076 ea
1971 1038 2090 1096 qum

491 1109 804 1158 renumeret
829 1100 976 1158 bona
1019 1110 1321 1175 praetereat,
1351 1120 1454 1163 nec
1481 1108 1646 1178 mala,
1685 1125 1806 1184 quae
1834 1111 2094 1171 videlicet

491 1191 809 1265 displicent,
839 1190 957 1248 sine
999 1190 1373 1265 increpatione
1407 1193 1776 1272 derelinquat.
1823 1200 1966 1261 Hinc
2010 1209 2094 1260 est

491 1281 640 1338 enim
670 1279 820 1355 quod
847 1280 1103 1354 angelum
1131 1281 1391 1340 Ecclesiae
1418 1283 1670 1359 Pergami
1699 1295 1754 1344 et
1780 1288 1840 1346 in
1867 1290 2091 1364 quibus-

489 1368 618 1427 dam
648 1369 857 1440 laudat,
885 1377 940 1427 et
966 1369 1025 1426 in
1055 1369 1386 1444 quibusdam
1414 1373 1694 1449 redarguit
1722 1376 1947 1437 dicens:
1975 1381 2092 1438 Scio

487 1458 579 1515 ubi
603 1458 832 1526 habitas,
855 1459 946 1516 ubi
965 1459 1108 1516 sedes
1121 1466 1196 1516 est
1213 1467 1436 1529 satanas,
1458 1469 1510 1520 et
1534 1470 1669 1523 tenes
1693 1483 1882 1525 nomen
1898 1487 2090 1541 meum,

484 1554 534 1606 et
556 1565 664 1606 non
681 1547 882 1622 negasti
909 1549 1066 1623 ﬁdem
1081 1567 1252 1608 meam
1283 1552 1475 1628 (Apoc.
1501 1571 1566 1627 ιι,
1591 1556 1676 1627 13,
1701 1558 1815 1633 14).
1836 1559 1910 1618 Et
1927 1560 2092 1634 paulo

485 1645 642 1713 post:
678 1638 780 1698 Sed
824 1639 984 1697 habeo
1017 1640 1306 1699 adversum
1334 1649 1380 1701 te
1398 1661 1598 1718 pauca,
1635 1647 1766 1720 quia
1799 1649 1954 1708 habes
1980 1651 2093 1710 illic

485 1733 707 1784 temntes
752 1727 1050 1786 doctrinam
1089 1730 1342 1789 Balaam.
1387 1733 1532 1793 Hinc
1560 1735 1583 1772 ³
1610 1737 1804 1810 angelo
1831 1740 2092 1800 Ecclesiae

2201 568 2500 627 locutionis
2546 571 2734 644 modo,
2778 575 2872 648 qui
2911 577 3098 635 laetum
3127 579 3274 638 diem
3304 581 3566 656 dicimus,
3593 607 3661 648 ex
3689 610 3790 668 quo

2200 658 2475 746 contingit
2505 669 2566 718 ut
2594 661 2864 721 laetemur.
2899 666 3042 724 Hinc
3069 676 3152 724 est
3179 669 3327 727 enim
3357 675 3506 746 quod
3533 679 3600 735 ad
3628 658 3791 742 Abra-

2200 745 2328 805 ham
2356 750 2628 810 Dominus
2655 752 2829 812 dicit:
2861 756 3016 814 Nunc
3042 762 3260 832 cognovi
3279 745 3421 834 quod
3439 765 3616 826 timeas
3632 773 3793 832 Deum

2203 839 2360 914 (Gen.
2393 857 2536 912 xxu,
2567 842 2674 936 12).
2707 845 2892 918 Neque
2918 845 3067 904 enim
3088 857 3302 908 creator
3315 859 3624 928 temporum
3644 862 3792 936 quid-

2201 949 2364 1007 quam
2393 933 2653 1006 cognovit
2681 949 2750 989 ex
2779 941 3057 1009 tempore;
3099 939 3194 995 sed
3223 958 3548 1015 cognoscere
3577 933 3694 1023 ejus
3719 963 3795 1011 est

2200 1041 2270 1080 ex
2310 1025 2604 1100 cujuslibet
2645 1043 2820 1084 causa)
2863 1029 3190 1101 emergentis
3230 1033 3465 1094 articulo
3501 1041 3659 1098 nobis
3698 1062 3795 1102 co-

2201 1115 2505 1189 gnitionem
2534 1117 2794 1190 praebere.
2827 1117 2964 1188 Quis
3006 1137 3138 1178 vero
3179 1131 3393 1183 staterae
3439 1130 3665 1190 nomine
3695 1137 3794 1194 nisi

2199 1204 2466 1263 Mediator
2493 1204 2594 1262 Dei
2622 1215 2676 1264 et
2703 1206 2998 1300 hominum
3028 1209 3390 1286 designatur?
3417 1219 3480 1275 In
3512 1237 3620 1296 quo
3649 1240 3797 1300 aequa

2200 1294 2356 1354 lance
2383 1295 2572 1354 omnia
2615 1297 2814 1356 merita
2855 1307 3044 1358 nostra
3084 1313 3405 1378 pensantur,
3453 1316 3510 1366 et
3527 1294 3609 1368 in
3647 1294 3799 1389 cujus

2200 1386 2488 1460 praeceptis
2513 1388 2860 1461 agnoscimus
2885 1389 3020 1464 quid
3049 1391 3109 1449 in
3136 1402 3325 1454 nostra
3352 1398 3470 1456 vita
3499 1401 3685 1462 minus
3711 1386 3798 1464 ha-

2199 1473 2448 1534 beamus.
2491 1477 2555 1535 In
2593 1476 2698 1536 hac
2725 1486 2908 1568 autem
2936 1487 3139 1541 statera
3165 1486 3557 1562 appendimur,
3593 1495 3802 1568 quoties

2201 1564 2270 1623 ad
2317 1566 2449 1625 vita:
2495 1567 2613 1641 ejus
2656 1563 2910 1645 exempla
2953 1588 3340 1646 provocamur.
3379 1580 3528 1641 Hinc
3569 1563 3799 1662 namque

2199 1659 2469 1735 scriptum
2496 1667 2612 1719 est:
2668 1661 2916 1720 Christus
2944 1665 2966 1701 ⁵
2991 1683 3094 1739 pro
3131 1669 3280 1727 nobis
3313 1688 3512 1746 passus
3540 1681 3636 1744 est,
3665 1659 3802 1736 vobis

2199 1752 2503 1825 relinquens
2551 1753 2868 1826 exmplum,
2924 1761 2985 1812 ut
3031 1759 3326 1830 sequamini
3387 1767 3542 1828 684
3594 1770 3799 1843 vestigia

481 1816 764 1928 Thyatira
1043 1821 1184 1922 N.ovi
1195 1828 1483 1928 operati-ta,
1581 1827 1896 1928 “utrium?
1918 1837 2085 1904 “tam.
2120 1845 2169 1910 B
2199 1853 2332 1926 ejus,
2346 1816 2456 1926 qui
2476 1816 2746 1927 peccatum
2903 1854 3048 1928 fecit,
3069 1816 3162 1914 nec
3187 1858 3428 1918 inventus
3443 1816 3545 1920 1;:
3571 1816 3803 1924 dolust

481 1915 530 1968 et
555 1910 734 1984 ﬁdem,
765 1916 816 1966 et
837 1909 1212 1980 ministerium,
1241 1918 1290 1971 et
1311 1914 1628 1988 patientiam
1657 1925 1823 1988 tuam,
1852 1926 1900 1978 et
1925 1939 2088 1997 opera

482 2005 578 2058 tua
599 2001 892 2060 novissima
909 2004 1078 2077 plura
1100 2003 1422 2078 prioribus;
1441 2009 1530 2066 sed
1555 2009 1717 2070 habeo
1744 2013 2026 2072 adversum
2042 2021 2088 2072 te

481 2091 505 2127 ³
526 2107 728 2164 pauca,
747 2091 877 2165 quia
903 2092 1166 2167 permittis
1187 2095 1464 2155 mulierem
1488 2098 1721 2168 Iezabel,
1745 2119 1865 2174 qua:
1890 2121 1943 2161 se
1961 2103 2089 2161 dicit

473 2183 784 2257 prophetat,
815 2182 998 2241 docere
1024 2189 1073 2241 et
1098 2184 1337 2243 seducere
1355 2204 1534 2246 servos
1557 2207 1718 2262 meos,
1737 2198 1787 2248 et
1797 2192 2084 2267 fornicari,

477 2277 528 2329 et
576 2273 906 2330 manducare
942 2273 1293 2349 idolothytum
1335 2278 1532 2351 (Ibid,
1580 2280 1696 2354 19).
1743 2281 1886 2340 Ecce
1941 2283 2088 2343 bona

478 2367 767 2432 memorat,
798 2377 902 2420 nec
931 2369 1117 2421 tamen
1145 2364 1441 2424 resecanda
1461 2367 1607 2424 mala
1624 2367 1743 2426 sine
1761 2371 2087 2443 poenitentia

475 2452 708 2524 relaxat,
739 2453 870 2528 quia
900 2453 1114 2514 scilicet
1140 2455 1223 2516 sic
1250 2457 1595 2532 singulorum
1612 2460 1732 2519 vias
1751 2463 2085 2537 considerat,

474 2542 559 2602 sic
601 2561 818 2618 gressus
851 2563 1182 2608 enumerans
1226 2557 1440 2624 pensat,
1487 2559 1552 2610 ut
1591 2552 1786 2612 subtili
1831 2555 2086 2616 examine

475 2633 782 2710 perpendat
808 2639 897 2695 vel
924 2646 1194 2712 quantum
1224 2639 1456 2715 quisque
1502 2642 1573 2699 ad
1618 2643 1766 2700 bona
1811 2647 2082 2721 proﬁciat,

474 2723 565 2780 vel
594 2732 866 2799 quantum
894 2725 964 2784 ad
990 2729 1136 2786 mala
1163 2727 1392 2786 devians
1419 2727 1536 2788 suis
1577 2733 1914 2805 profectibus
1941 2754 2084 2796 con-

473 2811 729 2874 tradicat.
752 2815 1160 2876 Incrementum
1175 2817 1378 2893 quippe
1393 2820 1739 2892 meritorum,
1759 2823 1901 2898 quod
1923 2823 2080 2884 bonae

474 2904 604 2964 vitae
633 2906 835 2965 studiis
860 2916 1112 2982 augetur,
1144 2911 1466 2984 plerumque
1485 2911 1616 2968 mali
1637 2911 1970 2974 admistione
1998 2935 2078 2976 re-

471 2994 742 3065 trahitur;
776 3005 831 3054 et
841 2996 1052 3055 bonum
1075 2997 1222 3072 quod
1247 2999 1468 3057 animus
1489 3001 1768 3074 operando
1783 3007 2077 3078 construit,

469 3084 575 3144 hoc
621 3084 730 3144 alia
776 3085 1141 3160 perpetrando
1190 3088 1477 3161 pervertit.
1529 3089 1684 3148 Unde
1734 3095 1909 3152 sancti
1966 3096 2075 3154 viri

466 3183 622 3234 tanto
650 3190 708 3234 se
727 3174 990 3234 subtilius
1010 3176 1071 3234 in
1091 3176 1424 3251 cogitatione
1443 3179 1848 3256 constringunt,
1869 3193 2076 3260 quanto

467 3283 499 3324 a
528 3281 768 3339 superno
791 3263 982 3338 judice
1010 3263 1317 3324 districtius
1335 3267 1670 3327 considerari
1697 3273 2066 3347 conspiciunt.

464 3357 707 3417 Mentem
735 3356 938 3432 quippe
957 3356 1286 3431 discutiunt,
1307 3360 1558 3418 invenire
1571 3363 1618 3420 si
1633 3380 1740 3438 qua
1767 3363 2068 3441 derelique-

466 3447 582 3506 rint
609 3453 885 3524 quierunt,
915 3455 979 3506 ut
1001 3456 1161 3508 tanto
1183 3449 1846 3526 ﬁantirreprehensibiles
1865 3455 2067 3529 judici,

465 3544 674 3613 quanto
705 3537 1026 3613 semetipsos
1054 3540 1301 3615 quotidie
1335 3550 1390 3598 et
1415 3541 1533 3601 sine
1561 3547 1862 3605 cessatione
1890 3564 2068 3623 repre-

465 3627 738 3689 hendunt.
769 3631 881 3690 Nec
906 3639 1093 3690 tamen
1120 3631 1224 3690 hac
1238 3632 1304 3691 de
1320 3650 1378 3692 re
1399 3633 1516 3708 jam
1544 3637 1742 3710 gaudia
1758 3639 2071 3698 securitatis

463 3728 716 3794 sumunt,
747 3721 877 3796 quia
903 3722 1088 3782 abillo
1117 3739 1174 3782 se
1202 3723 1382 3783 videri
1401 3727 1755 3786 considerant
1777 3729 1875 3805 qui
1910 3731 1969 3788 in
1989 3730 2070 3789 eis

463 3817 519 3869 et
547 3810 646 3870 illa
672 3811 827 3870 videt
847 3830 968 3888 quae
989 3813 1176 3872 videre
1196 3815 1302 3890 ipsi
1319 3815 1379 3874 in
1398 3817 1708 3893 semetipsis
1727 3835 1839 3877 non
1858 3819 2064 3880 valent.

461 3901 536 3960 Et
563 3901 789 3978 quidem
817 3903 1012 3963 beatus
1043 3904 1146 3964 Job
1174 3906 1530 3980 perfectionis
1555 3909 1729 3968 vitam
1753 3909 1901 3968 inter
1921 3917 2068 3972 vete-

458 4007 546 4050 res
573 3994 755 4053 tenuit
774 4017 790 4067 ς
823 3995 924 4054 sed
951 3995 1084 4072 quia
1101 3996 1222 4072 ejus
1239 3998 1476 4058 intentio
1495 3999 1565 4058 ad
1582 3999 1963 4077 Redemptoris
1975 4003 2066 4062 ad-

459 4092 688 4145 ventum
715 4088 1040 4162 prophetico
1068 4089 1272 4165 spiritu
1300 4092 1544 4168 erumpit
1571 4091 1632 4150 in
1669 4093 1824 4152 illius
1853 4112 2068 4170 prisce-

459 4174 592 4249 ptis,
635 4183 827 4250 pensat
867 4177 984 4252 ipse
1009 4195 1178 4254 quam
1205 4181 1384 4239 multa
1421 4181 1490 4241 de
1517 4183 1853 4259 perfectione
1879 4186 2067 4247 minus

460 4263 680 4324 habeat.
712 4265 869 4325 Unde
897 4273 953 4325 et
989 4265 1212 4328 subdit:

777 4373 1008 4434 CAPUT
1046 4376 1123 4436 v1
1194 4369 1336 4454 [νει.
1376 4377 1466 4454 VI,
1492 4379 1613 4442 Rec.
1653 4379 1742 4459 η.

529 4478 702 4542 Vnus.
733 4477 790 4554 ὅ,
820 4479 875 4540 6.
905 4510 978 4526 -—-
1006 4480 1067 4542 Si
1091 4485 1363 4546 ambulavi
1405 4487 1465 4546 in
1490 4489 1745 4558 vanitate,
1772 4492 1822 4547 et
1845 4484 2062 4562 festina-

2197 1961 2288 2003 ore
2317 1945 2452 2019 ejus.
2500 1943 2604 2012 Qui
2629 1961 2748 2001 cum
2784 1946 3206 2017 malediceretur,
3239 1951 3261 1989 ⁸
3287 1969 3394 2008 non
3420 1955 3803 2024 maledicebat;

2195 2054 2314 2094 cum
2333 2041 2628 2111 pateretur,
2647 2055 2756 2094 non
2775 2039 3194 2098 comminabatur
3217 2041 3276 2116 (Ι
3293 2043 3406 2102 Pet.
3437 2061 3506 2114 II,
3526 2043 3646 2120 2i).
3668 2045 3806 2106 Hinc

2195 2143 2292 2202 per
2336 2129 2566 2186 Paulum
2601 2128 2839 2188 dicitur:
2888 2131 2996 2188 Per
3033 2134 3350 2207 patientiam
3369 2138 3390 2173 ⁷
3421 2155 3712 2197 curramus
3738 2141 3807 2198 ad

2190 2221 2524 2293 propositum
2568 2220 2718 2276 nobis
2745 2227 3028 2290 certamen,
3056 2223 3362 2298 aspicientes
3385 2227 3408 2264 ⁸
3455 2228 3515 2284 in
3542 2237 3807 2289 auctorem

2195 2311 2319 2385 ﬁdei
2330 2318 2379 2368 et
2391 2318 2857 2369 consummatorem
2875 2313 3074 2385 Iesum,
3091 2316 3185 2388 qui
3191 2317 3473 2392 proposito
3493 2319 3600 2378 sibi
3615 2322 3805 2395 gaudio

2194 2402 2446 2460 sustinuit
2471 2420 2692 2470 crucem,
2723 2403 3028 2477 confusione
3054 2413 3343 2482 contempta
3376 2410 3572 2483 (Hebr.
3605 2428 3711 2484 xu,
3730 2414 3804 2489 1).

2194 2493 2282 2552 Ad
2312 2492 2420 2552 hoc
2444 2492 2628 2568 itaque
2655 2493 2925 2554 Dominus
2943 2498 3198 2570 apparuit
3215 2499 3274 2556 in
3299 2517 3491 2572 carne,
3523 2508 3590 2560 ut
3619 2502 3807 2562 huma-

2193 2599 2322 2640 nam
2353 2583 2524 2640 vitam
2545 2583 2895 2644 admonendo
2913 2588 3202 2660 excitaret,
3230 2593 3492 2666 exempla
3511 2593 3806 2667 praebendo

2192 2671 2532 2744 accenderet,
2564 2673 2851 2733 moriendo
2880 2676 3193 2750 redimeret,
3225 2681 3575 2755 resurgendo
3597 2701 3804 2758 repara-

2191 2770 2294 2821 ret.
2325 2763 2463 2822 Cum
2511 2780 2639 2839 ergo
2675 2766 2830 2824 nulla
2875 2766 2935 2824 in
2981 2784 3038 2826 se
3079 2769 3271 2828 beatus
3313 2771 3415 2828 Job
3457 2769 3594 2846 jure
3623 2774 3804 2833 redar-

2190 2853 2406 2928 guenda
2447 2855 2670 2929 reperit,
2703 2855 2773 2914 ad
2801 2857 3155 2917 excedentem
3187 2860 3374 2918 omnia
3409 2862 3804 2939 Redemptoris

2189 2943 2362 3002 vitam
2393 2945 2596 3003 mentis
2622 2947 2810 3006 oculos
2837 2947 3036 3019 tendit,
3067 2957 3130 3008 ut
3158 2950 3218 3008 in
3238 2951 3336 3008 illa
3361 2962 3672 3026 cognoscat
3694 2955 3817 3036 ipse.

2186 3035 2320 3111 quid
2332 3035 2518 3094 minus
2536 3036 2754 3108 habeat,
2775 3055 2902 3096 cum
2919 3039 3075 3097 dicit:
3105 3041 3165 3097 Si
3177 3042 3450 3099 ambulavi
3465 3043 3528 3100 in
3547 3046 3801 3115 vanitate,

2184 3130 2233 3181 et
2258 3125 2532 3198 festinavit
2560 3127 2620 3182 in
2646 3127 2768 3184 dolo
2790 3143 2884 3200 pes
2908 3144 3074 3198 meus,
3105 3131 3372 3203 appendat
3397 3151 3482 3192 me
3511 3134 3576 3192 in
3604 3143 3803 3196 statera

2104 3220 2148 3283 ί]
2173 3213 2349 3286 justa,
2377 3221 2426 3272 et
2451 3214 2583 3272 sciat
2617 3215 2761 3272 Deus
2788 3215 3174 3289 simplicitatem
3199 3237 3388 3279 meam.
3422 3225 3513 3283 Ac
3544 3226 3596 3284 si
3623 3235 3804 3302 aperte

2177 3307 2348 3367 dicat:
2380 3308 2557 3382 Siqua
2572 3324 2816 3383 unquam
2840 3309 3058 3381 leviter,
3076 3310 3122 3368 si
3153 3328 3259 3387 qua
3273 3314 3595 3388 perniciose
3616 3337 3803 3394 perpe-

2177 3397 2345 3468 travi,
2374 3397 2476 3455 Dei
2494 3406 2550 3455 et
2575 3397 2869 3456 hominum
2897 3399 3167 3460 Mediator
3194 3411 3482 3478 appareat,
3505 3415 3574 3466 ut
3603 3409 3666 3466 in
3687 3409 3805 3484 ejus

2178 3488 2295 3545 vita
2313 3504 2637 3561 cognoscam
2656 3505 2728 3548 an
2760 3506 2860 3565 ego
2879 3491 3148 3549 veraciter
3165 3491 3405 3566 simplex
3425 3495 3666 3557 fuerim.
3698 3498 3800 3568 Qui

2177 3578 2349 3650 enim,
2366 3587 2429 3637 ut
2442 3579 2712 3654 diximus,
2727 3598 2950 3640 suorum
2967 3588 3276 3658 temporum
3292 3585 3448 3646 viros
3459 3597 3802 3661 excesserat,

2175 3668 2532 3728 Mediatorem
2551 3671 2652 3730 Dei
2673 3679 2727 3730 et
2745 3671 3035 3730 hominum
3057 3674 3354 3748 quaerebat,
3376 3683 3444 3735 ut
3464 3678 3530 3736 in
3553 3679 3660 3738 illo
3676 3697 3803 3755 pen-

2175 3766 2325 3819 satus
2352 3769 2672 3836 agnosceret
2698 3763 2746 3820 si
2774 3763 2947 3821 vitam
2984 3765 3293 3838 simplicem
3333 3781 3470 3826 vere
3501 3770 3800 3829 tenuisset.

2174 3849 2335 3909 Dicat
2351 3868 2498 3926 ergo:
2527 3853 2900 3926 Appendatme
2917 3854 2977 3911 in
3003 3860 3202 3913 statera
3221 3856 3398 3928 justa,
3430 3865 3484 3916 et
3499 3861 3644 3918 sciat
3661 3863 3804 3919 Deus

2176 3938 2566 4012 simplicitatem
2591 3959 2778 4001 meam.
2798 3943 2958 4012 Quod
2985 3951 3087 4015 est,
3117 3944 3256 4004 scire
3285 3962 3373 4004 me
3407 3948 3612 4008 faciat.
3647 3951 3732 4011 Ac
3759 3951 3804 4010 si

2174 4037 2426 4104 patenter
2452 4032 2710 4104 fateatur,
2730 4033 2948 4092 dicens:
2973 4034 3250 4104 Quantum
3279 4036 3346 4094 ad
3365 4036 3648 4098 humanae
3673 4041 3802 4098 vitae

2174 4119 2426 4193 modum,
2457 4123 2480 4159 °
2505 4123 2686 4181 'nulla
2731 4123 2792 4181 in
2821 4140 2910 4182 me
2937 4125 3389 4200 reprehendenda
3429 4127 3560 4202 jam
3591 4131 3799 4199 video;

2172 4212 2268 4271 sed
2282 4213 2391 4272 nisi
2408 4213 2678 4272 Mediator
2685 4215 2786 4274 Dei
2803 4223 2858 4274 et
2869 4215 3160 4275 hominum
3175 4234 3303 4276 cum
3321 4217 3659 4280 subtilioris
3672 4222 3803 4280 vita:

2172 4306 2458 4380 praeceptis
2475 4313 2752 4381 appareat,
2781 4314 3049 4382 quantum
3078 4307 3260 4367 adhuc
3282 4324 3315 4366 ει
3342 4325 3484 4368 vera
3509 4310 3806 4387 simplici-

2169 4401 2283 4452 tate
2310 4395 2639 4469 discrepem,
2662 4412 2776 4454 non
2805 4414 3098 4470 cognosco.
3124 4398 3327 4457 Rectus
3349 4415 3496 4458 vero
3527 4401 3678 4460 ordo
3696 4417 3806 4458 ser-

2170 4489 2354 4558 vatur,
2383 4485 2432 4544 si
2459 4485 2614 4560 prius
2641 4485 2700 4544 in
2714 4483 2978 4559 vanitate,
3007 4496 3062 4546 et
3085 4487 3444 4563 postmodum
3465 4507 3572 4564 pes
3587 4492 3652 4550 in
3673 4491 3804 4550 dolo

453 4571 532 4631 cit
565 4573 626 4630 in
653 4574 774 4632 dolo
800 4591 896 4649 pes
911 4592 1078 4646 meus,
1105 4581 1376 4653 appendat
1393 4597 1476 4640 me
1499 4581 1560 4638 in
1587 4587 1788 4640 statera
1807 4581 1982 4654 justa,
2011 4589 2062 4640 et
2084 4591 2135 4652 Π
2169 4575 2458 4634 festinasse
2485 4576 2719 4636 dicatur.
2747 4577 2977 4637 Vanitas
3003 4577 3204 4653 quippe
3229 4577 3299 4636 ad
3327 4578 3661 4653 levitatem,
3693 4581 3803 4640 do-

453 4664 589 4723 sciat
613 4665 757 4724 Deus
783 4662 1168 4742 simplicitatem
1193 4686 1385 4734 meam.
2160 4665 2247 4726 lus
2277 4677 2408 4759 vero
2437 4665 2804 4759 adAmalitiam
2840 4668 3099 4759 pertinet.
3129 4671 3203 4728 Et
3228 4670 3501 4727 nonnulli
3522 4672 3803 4759 plerum-

525 4755 614 4815 11.
647 4752 832 4814 Sancti
855 4758 1048 4817 merita
1065 4757 1242 4819 suain
1265 4759 1478 4820 Christo
1500 4765 1754 4835 tanquam
1775 4762 1832 4822 in
1855 4769 2052 4824 διαιενα
2160 4770 2266 4832 que
2282 4750 2353 4814 ad
2375 4753 2625 4830 quaedam
2646 4765 2771 4832 post
2787 4758 3064 4816 malitiosa
3081 4759 3442 4837 perveniunt,
3469 4756 3617 4838 quia
3639 4763 3796 4840 prius

447 4849 633 4905 curent
663 4847 979 4922 appendere,
1007 4854 1070 4907 ut
1095 4849 1236 4923 quod
1247 4849 1426 4908 minus
1447 4849 1656 4924 habent,
1674 4861 2053 4929 agnoscant.-—
2162 4846 2311 4906 levia
2342 4861 2457 4906 non
2486 4845 2785 4908 declinant.
2814 4847 3110 4924 Sequitur:

521 5129 539 5173 ¹
568 5133 812 5230 Additur
841 5135 903 5224 in
934 5135 1226 5230 Germhet
1262 5131 1323 5196 in
1359 5138 1566 5230 recent.
1613 5133 1744 5230 Ed,
1761 5153 2048 5230 manuum.
2160 5143 2327 5215 vobis,
2361 5143 2467 5230 etc.
2494 5135 2558 5202 In
2571 5141 3181 5230 textufhaecolegitur:
3207 5126 3798 5230 Christusbpropobis,

445 5206 567 5264 Non
613 5219 794 5268 exstat
837 5211 897 5268 in
941 5219 1063 5270 cast.
1113 5211 1243 5271 Mss.
1291 5219 1388 5270 aut
1429 5221 1540 5271 vet.
1591 5206 1847 5290 vulgatis.
1881 5218 2053 5276 Abest

445 5279 613 5364 etiam
641 5284 1182 5364 μαῖαι-ρι’θωὶξῆ
1241 5356 1257 5364 _
1321 5355 1333 5364 _
1545 5357 1602 5364 __
1678 5358 1690 5364 Δ
1840 5361 1851 5364 _

2192 5206 2347 5276 assus
2375 5223 2470 5285 est,
2498 5219 2648 5275 nobis
2675 5219 2868 5290 relinq.
2895 5237 2978 5276 ex.
3011 5206 3071 5276 ἷιι
3097 5219 3417 5290 sequamini.
3453 5206 3799 5290 Quod-ver:-

2192 5309 2292 5350 .um
2337 5290 2582 5364 flagitare
2627 5289 2848 5364 videtur
2873 5299 2947 5364 ut
2962 5291 3118 5364 prius
3157 5291 3394 5364 legatur,
3423 5295 3588 5351 vobis
3616 5299 3798 5354 relin-

444 5284 613 5335 etiam
641 5295 674 5336 a
698 5288 854 5340 textu
881 5284 1152 5342 Ieremia.
1695 5284 1716 5290 ⁷

444 5349 1105 5444 ηξρξιιξεξθξξιιξξὶξοιιεί
1127 5355 1397 5444 Ecclesia,
1418 5357 1568 5444 quod
1587 5358 1821 5434 legimus
1835 5361 1896 5420 in
1913 5365 2044 5426 Mss.

2192 5309 2292 5350 num
2337 5284 2582 5362 ﬂagitare
2627 5284 2848 5348 videtur
2873 5299 2936 5348 ut
2962 5291 3118 5364 prius
3157 5284 3394 5364 legatur,

2195 5362 2609 5444 uenaJConsule
2637 5363 2858 5444 criticos
2887 5363 2955 5421 ad
2985 5363 3136 5422 hunc
3163 5363 3368 5444 locum,

441 5427 640 5524 ρτςξι·
667 5438 832 5524 qpam
860 5425 920 5480 in
947 5427 1132 5524 Germ.
1162 5437 1218 5524 et
1243 5425 1408 5524 Clorb’L.
1433 5425 1669 5524 Serm.“
1699 5505 1786 5524 "ﬂ
1885 5509 1927 5524 ἣ
2225 5435 2450 5524 θρύου
2481 5435 2640 5524 Becc.
2663 5443 2717 5524 et
2744 5436 2865 5524 alii,
2884 5454 3002 5520 ,που
3020 5435 3457 5524 remaledicebat.
3485 5437 3662 5524 Quod
3676 5448 3800 5524 tex-

515 5494 538 5530 ³
561 5494 732 5590 Deest
749 5511 927 5568 pauca
953 5495 1012 5554 in
1039 5500 1238 5571 Land.,
1267 5500 1432 5561 Corb.
1464 5503 1678 5578 Germ.,
1699 5505 1868 5578 Utic.,
1885 5509 2044 5570 Becc.
2154 5507 2242 5566 tui
2269 5494 2458 5567 Graeco
2475 5507 2772 5590 respondet
2791 5494 2899 5566 nisi
2927 5507 3188 5566 malueris
3206 5515 3431 5566 vertere
3460 5494 3800 5572 εἶηῖιῖἆῶἱα

443 5571 500 5624 et
527 5564 655 5624 aliis
683 5564 878 5626 Norm.
1221 5564 1235 5571 '
1660 5564 1677 5578 ι

511 5637 537 5726 ξ
564 5636 730 5726 garb.
764 5639 950 5726 germ.
981 5648 1036 5726 et
1057 5641 1260 5726 haud,
1287 5645 1423 5706 scire
1448 5646 1569 5726 Dei,
1610 5724 1617 5726 Α
1711 5721 1723 5726 Δ
1873 5721 1885 5726 Δ
1973 5724 1985 5726 Α

2192 5586 2683 5723 Ὗέεξξῗιῗεέοὼ.
2715 5653 2926 5726 Germ.,
2955 5653 3130 5713 Laud.
3157 5661 3212 5712 et
3239 5651 3477 5725 Germ.,
3499 5673 3801 5716 curramus

509 5708 740 5799 ξεστὴ..
761 5709 947 5799 Germ.
977 5721 1034 5774 et
1062 5708 1262 5789 Laud,
1275 5736 1382 5799 pro
1400 5708 1568 5780 vobis;
1587 5721 1956 5799 Antiquarius
1972 5724 2044 5782 le-

437 5797 597 5868 gens,
617 5783 770 5868 vobis
803 5786 1107 5868 relinquens
1144 5783 1442 5868 exemplum
1481 5799 1542 5868 ut
1566 5783 1882 5868 sequamini,
1910 5803 2042 5868 etc.,

2227 5795 2530 5884 {gerique
2566 5795 2784 5884 Norm.,
2813 5797 2873 5858 in
2911 5803 3216 5884 auctpre...._
3237 5805 3288 5883 et
3311 5808 3794 5884 consumme-

434 5855 778 5920 éxistimavit
794 5855 1136 5934 prins'etiam
1149 5879 1270 5924 esse
1283 5855 1664 5940 scribendum,
1683 5855 1929 5930 Christus
1940 5855 2046 5943 pro

2223 5870 2248 5908 ’
2274 5868 2538 5942 Vindoc.,
2565 5871 2749 5932 nullus
2767 5868 2855 5932 me
2870 5871 3219 5948 reprehendat
3233 5871 3354 5947 jam
3398 5871 3593 5937 video.
