3928 6378
156 330 241 393 197

562 449 793 509 CAPUT
820 448 923 507 v11
953 446 1093 523 [Vet.
1131 447 1282 525 VII].

212 546 369 605 Vnus.
404 543 453 600 7.
483 572 553 584 —
584 541 643 598 Si
669 539 952 597 declinavit
975 556 1183 612 gressus
1209 555 1354 596 meus
1380 538 1442 595 de
1467 538 1575 595 via.

216 637 291 694 l2.
320 634 362 690 A
389 632 475 688 via
494 632 839 695 declinamus,
858 630 1058 701 quoties
1072 630 1248 686 errori
1262 629 1628 685 consentimus.
1653 658 1739 675 —.

153 725 316 783 Toties
346 737 556 796 gressus
600 720 667 776 de
698 720 789 776 via
818 720 1078 790 declinat,
1109 720 1323 794 quoties
1352 728 1538 776 nostra
1567 719 1725 793 cogi—

154 817 268 874 tatio
293 814 393 871 iter
418 810 769 870 rectitudinis
796 828 893 885 per
921 829 1251 869 consensum
1283 811 1547 885 relinquit
1573 828 1724 867 erro-

150 907 233 962 ris.
262 903 419 973 Quasi
450 920 581 958 vero
604 908 684 958 tot
701 918 917 975 gressus
937 911 1093 959 extra
1114 902 1263 957 viam
1286 902 1567 975 ponimus,
1590 908 1725 974 quot

151 994 397 1070 perversis
422 992 712 1050 desideriis
740 1010 771 1049 a
799 992 1037 1049 cmlestis
1082 994 1210 1049 vitm
1240 992 1603 1051 delectatione
1633 1008 1729 1047 se—

150 1102 402 1161 paramur.
434 1087 503 1143 Ut
531 1084 681 1141 enim
710 1085 924 1158 prmfati
956 1102 1167 1153 sumus,
1199 1084 1381 1141 adhuc
1409 1083 1589 1139 carnis
1610 1100 1728 1140 cor-

148 1178 405 1253 ruptibilis
431 1175 674 1250 pondere
705 1177 937 1250 gravati,
976 1193 1327 1251 nequaquam
1365 1176 1614 1232 valemus
1650 1174 1730 1231 sic

150 1270 338 1338 vivere,
364 1274 426 1326 ut
452 1268 611 1324 nulla
641 1284 743 1325 nos
772 1268 946 1341 possit
971 1268 1147 1340 culpae
1177 1266 1469 1324 delectatio
1488 1265 1726 1339 pulsare.

148 1359 242 1419 Sed
266 1358 413 1418 aliud
440 1366 525 1417 est
571 1359 853 1416 nolentem
895 1358 1070 1433 tangi,
1102 1358 1257 1416 aliud
1294 1357 1730 1415 consentientem

147 1452 377 1510 animum
405 1449 625 1524 perimi.
658 1449 846 1507 Sancti
875 1456 1060 1507 autem
1080 1448 1190 1506 viri
1210 1455 1366 1506 tanto
1385 1447 1731 1521 vigilantiori

146 1559 197 1604 se
221 1539 705 1616 circumspectione
738 1539 1083 1610 custodiunt,
1112 1546 1319 1615 quanto
1347 1555 1404 1596 se
1431 1537 1641 1613 pulsari
1662 1538 1732 1595 si-

146 1631 321 1691 nistris
351 1634 366 1669 ¹
397 1629 644 1689 motibus
671 1630 763 1688 vel
791 1629 1124 1688 transitoria
1153 1628 1537 1688 delectationis
1564 1626 1732 1685 dedi-

146 1731 385 1795 gnantur.
414 1721 572 1781 Unde
600 1728 656 1779 et
682 1720 866 1780 adhuc
892 1718 1185 1779 subditur:

555 1848 784 1909 CAPUT
826 1848 955 1908 VIII
985 1846 1131 1923 [Rec.
1182 1845 1299 1920 νη.

207 1957 334 2019 Iam.
355 1988 425 2002 —
445 1958 510 2017 Si
535 1964 739 2016 secutus
767 1963 843 2015 est
859 1959 1044 2014 oculus
1071 1973 1215 2014 meus
1244 1972 1337 2013 cor
1361 1971 1553 2012 meum.

210 2050 288 2108 13.
323 2049 489 2109 Cordi
515 2048 708 2107 illicita
726 2047 1106 2122 concupiscenti
1133 2048 1315 2106 oculus
1344 2043 1611 2119 famulari
1635 2044 1735 2103 de-

144 2147 288 2213 neget.
327 2139 566 2199 Tentatio
608 2138 902 2211 aliquando
943 2155 1044 2211 per
1087 2138 1266 2194 oculos
1318 2138 1577 2206 trahitur,
1618 2137 1737 2196 ali-

146 2230 338 2303 quando
376 2230 697 2287 intrinsecus
742 2228 1058 2302 concipitur.
1117 2228 1223 2298 Qui
1266 2228 1524 2285 exteriori
1558 2229 1736 2302 negli-

146 2330 303 2395 genter
356 2324 555 2390 utitur,
611 2321 862 2379 interiori
919 2324 1071 2379 oculo
1127 2321 1271 2393 juste
1333 2328 1581 2380 creentur.
1664 2353 1737 2366 —

146 2413 273 2471 Ecce
311 2413 518 2471 iterum
564 2428 663 2486 per
703 2411 986 2469 interioris
1029 2410 1239 2485 vigoris
1282 2411 1599 2470 custodiam
1664 2410 1736 2469 ad

146 2503 465 2561 exteriorum
486 2502 865 2561 membrorum
886 2501 1241 2575 disciplinam
1262 2502 1428 2572 redit,
1448 2509 1510 2559 ut
1524 2502 1571 2559 si
1600 2501 1735 2575 quid

146 2593 353 2652 fortasse
397 2611 497 2652 cor
537 2594 800 2652 illicitum
830 2591 1265 2665 concupisceret,
1299 2609 1518 2666 pressus
1555 2591 1738 2650 disci-

147 2683 294 2756 plina:
314 2683 633 2757 magisterio
662 2683 857 2741 oculus
878 2682 1065 2739 videre
1086 2691 1380 2740 recusaret.
1412 2683 1565 2741 Sicut
1584 2682 1735 2740 enim
1824 2698 1829 2701 ‘

148 2790 270 2847 sepe
297 2774 537 2831 tentatio
567 2790 665 2847 per
694 2775 888 2831 oculos
917 2773 1180 2844 trahitur,
1208 2774 1291 2831 sic
1330 2790 1735 2847 nonnunquam

147 2872 389 2940 concepta
416 2864 759 2922 intrinsecus
788 2864 1073 2936 compellit
1100 2863 1207 2920 sibi
1236 2864 1580 2921 extrinsecus
1606 2880 1737 2920 ocu-

147 2953 219 3012 los
232 2954 529 3013 deservire.
558 2954 696 3011 Nam
712 2953 1038 3027 plerumque
1052 2969 1141 3009 res
1161 2952 1424 3027 quaelibet
1450 2950 1738 3009 innocenti

147 3049 312 3101 mente
341 3041 665 3118 respicitur,
698 3042 792 3099 sed
821 3043 943 3115 ipso
961 3050 1261 3115 conspectu
1287 3041 1509 3099 animus
1536 3054 1739 3099 concuo

146 3134 410 3208 piscentiae
455 3132 639 3208 gladio
668 3131 1007 3191 confoditur.
1049 3133 1172 3189 Non
1200 3130 1373 3201 enim,
1402 3137 1467 3187 ut
1494 3129 1737 3204 exempli

145 3250 294 3293 causa
318 3234 436 3309 jam
460 3234 732 3304 diximus,
756 3228 902 3289 685
924 3230 1104 3291 David
1123 3230 1267 3290 Uriae
1292 3229 1583 3304 conjugem
1613 3228 1740 3287 ideo

149 3325 381 3384 studiose
412 3324 679 3400 respexit,
710 3324 842 3399 quia
866 3324 1244 3398 concupierat,
1274 3322 1370 3380 sed
1398 3322 1583 3396 potius
1613 3320 1739 3378 ideo

144 3416 458 3491 concupivit
487 3416 618 3490 quia
644 3415 868 3473 incaute
895 3415 1160 3489 respexit.
1183 3413 1275 3471 Fit
1298 3430 1431 3471 vero
1450 3420 1615 3472 rectae
1642 3429 1741 3470 re-

144 3505 456 3564 tributionis
479 3504 736 3565 examine
753 3507 774 3543 ²
791 3512 853 3563 ut
873 3506 969 3581 qui
990 3503 1255 3562 exteriori
1269 3503 1613 3577 negligenter
1634 3503 1744 3561 uti-

145 3602 245 3665 tur,
272 3595 527 3653 interiori
548 3597 712 3654 oculo
732 3612 845 3653 non
867 3594 1073 3669 injuste
1092 3600 1347 3653 caecetur.
1376 3593 1529 3665 Saepe
1556 3600 1741 3651 autem

144 3682 468 3745 intrinsecus
486 3683 935 3760 concupiscentia
953 3684 1293 3752 dominatur,
1311 3691 1365 3739 et
1394 3682 1745 3741 illecebratus

143 3773 353 3836 animus
383 3776 456 3835 ad
469 3793 605 3835 usus
623 3792 753 3833 suos
770 3792 965 3833 sensus
992 3790 1284 3847 corporeos
1302 3772 1562 3830 famulari
1590 3789 1744 3831 more

144 3866 453 3939 tyrannidis
480 3865 677 3938 exigit,
694 3864 917 3938 suisque
933 3862 1312 3937 voluptatibus
1325 3863 1514 3920 oculos
1533 3862 1745 3922 servire

144 3959 443 4031 compellit,
461 3963 648 4029 atque,
663 3962 727 4011 ut
741 3954 819 4011 ita
833 3954 1036 4023 dicam,
1047 3953 1311 4012 fenestras
1331 3952 1561 4011 luminis
1576 3954 1647 4011 ad
1664 3962 1745 4013 te-

147 4045 328 4104 nebras
358 4044 540 4119 aperit
558 4043 840 4103 caecitatis.
873 4043 1028 4102 Unde
1042 4044 1219 4102 sancti
1239 4043 1349 4101 viri
1368 4060 1495 4103 cum
1518 4044 1746 4104 sinistra

147 4136 345 4208 pulsari
374 4134 744 4193 delectatione
771 4151 828 4193 se
848 4136 1117 4206 sentiunt,
1134 4135 1253 4209 ipsa
1279 4151 1379 4209 per
1391 4151 1515 4209 quae
1545 4135 1743 4195 forma

148 4227 341 4299 species
368 4224 441 4284 ad
470 4233 712 4283 mentem
742 4224 1052 4300 ingreditur
1078 4225 1388 4300 disciplinae
1417 4224 1740 4300 magisterio

149 4312 350 4374 lumina
377 4314 742 4389 restringunt,
770 4332 839 4373 ne
866 4331 1049 4390 prava:
1074 4314 1399 4391 cogitationi
1422 4316 1567 4373 visio
1584 4316 1748 4375 leno-

148 4404 318 4464 cinata
343 4405 665 4464 famuletur.
688 4405 820 4475 Quae
844 4406 891 4463 si
909 4422 1154 4481 unquam
1175 4406 1454 4465 subtiliter
1471 4405 1744 4465 custodiri

150 4494 458 4571 negligitur,
489 4493 840 4569 cogitationis
867 4496 1225 4554 immunditia
1253 4497 1504 4571 protinus
1530 4497 1601 4555 ad
1620 4512 1746 4573 ope-

151 4587 410 4647 rationem
440 4588 663 4648 transit.
694 4587 851 4647 Unde
878 4596 933 4645 et
960 4605 1094 4646 mox
1119 4586 1380 4647 subditur
1413 4607 1427 4648 :

568 4709 799 4775 CAPUT
839 4712 919 4772 Ix
959 4712 1102 4790 [Rec.
1152 4712 1304 4790 VII].

216 4819 350 4887 Isin.
377 4858 451 4871 —
478 4823 554 4885 Et
579 4826 628 4883 si
654 4824 712 4883 in
727 4822 971 4883 manibus
992 4822 1119 4881 meis
1136 4820 1360 4881 adhwsit
1382 4821 1620 4882 macula.

221 4918 302 4977 14.
332 4920 412 4979 Ne
439 4920 599 4992 culpa
624 4916 697 4974 ad
732 4933 865 4989 opus
903 4915 1153 4989 prodeat,
1186 4914 1330 4970 intus
1365 4913 1458 4969 ubi
1484 4910 1747 4980 nascitur,

158 5006 537 5083 exstinguatur.
578 5034 649 5051 -
677 5007 912 5066 Sanctus
939 5021 1067 5078 ergo
1100 5003 1189 5060 vir
1216 5003 1397 5061 sciens
1428 5002 1577 5077 quod
1618 5001 1750 5076 ple-

158 5113 379 5175 rumque
394 5110 564 5174 prava
577 5094 838 5172 cogitatio
858 5112 956 5171 per
978 5095 1169 5153 oculos
1182 5093 1371 5150 veniat
1389 5091 1459 5149 ad
1482 5099 1748 5164 mentem,

160 5190 313 5259 paulo
340 5189 593 5265 superius
618 5188 794 5245 dixit:
827 5185 1015 5260 Pepigi
1041 5184 1217 5258 fwdus
1253 5200 1372 5241 cum
1401 5181 1571 5240 oculis
1598 5181 1749 5250 meis,

230 5351 246 5388 ¹
277 5349 510 5421 Turon.,
536 5348 773 5421 moribus
813 5352 895 5408 uel
925 5347 1235 5408 transitorie
1262 5344 1638 5421 dedignantur.
1671 5345 1753 5403 Ita

163 5423 317 5483 etiam
332 5419 538 5483 habent
562 5426 688 5487 Val.
710 5419 821 5495 CL,
847 5424 1093 5482 Germ.et
1110 5424 1325 5491 Norm.,
1341 5419 1554 5478 retenta
1566 5426 1753 5477 tamen

166 5511 290 5555 voce
315 5500 561 5557 motibus.

231 5570 254 5644 ξ
283 5571 545 5644 Vindoc.,
566 5577 626 5628 ut
644 5570 738 5644 qui
751 5569 1016 5629 exteriora
1035 5564 1351 5641 negligenter
1376 5562 1636 5634 intuetur,
1656 5560 1754 5621 in—

168 5641 341 5717 teriori
366 5641 669 5702 oculo'non
682 5641 883 5717 injuste
908 5649 1144 5717 ccecetur.

231 5715 251 5750 ³
279 5716 360 5773 Ita
386 5732 515 5774 cum
542 5706 758 5787 Norm.;
793 5718 1026 5783 Turon.,
1055 5713 1255 5785 Laud.,
1276 5711 1409 5787 Val.
1442 5710 1553 5781 αι,
1583 5706 1751 5787 Qorb.

168 5784 320 5846 Germ
329 5832 367 5864 .A,
388 5796 502 5847 vet.
532 5788 720 5857 Editi;
743 5783 812 5864 in
832 5787 1034 5864 quibus
1057 5783 1476 5864 tamenjegitur
1497 5783 1751 5864 oculus...

167 5855 489 5931 constrictus,
517 5875 621 5935 pro
663 5855 1196 5921 oculos'constrictos.
1238 5855 1592 5918 Recentiores
1628 5859 1755 5928 post

913 318 1290 383 MORALIUM
1330 319 1463 379 LIB.
1506 316 1664 380 XXI.
1703 343 1775 363 -
1812 316 1885 378 IN
1921 316 2151 379 CAPUT
2188 314 2377 379 XXXI
2418 321 2483 379 Β.
2523 316 2670 381 JOB.

1775 4578 1826 4639 D

3325 324 3426 382 198

1749 448 1801 508 Α
1834 450 1894 502 ut
1917 462 1983 502 ne
2009 444 2295 519 cogitarem
2321 444 2532 517 quidem
2550 444 2613 503 de
2894 445 3243 522 Perpendens
3271 449 3439 507 etiam

1832 537 1981 611 quod
2009 554 2410 612 nonnunquam
2432 536 2491 595 in
2512 545 2695 596 mente
2720 537 2919 609 oritur,
2947 540 3042 596 sed
3062 540 3197 599 huic
3224 540 3436 599 obortae

1834 630 1980 689 oculi
2011 646 2264 703 perverse
2291 630 2654 699 famulantur,
2684 629 2791 686 ait:
2830 630 2887 685 Si
2916 637 3118 686 secutus
3145 638 3219 687 est
3246 634 3440 689 oculus

1832 737 1977 777 meus
2004 737 2096 778 cor
2121 738 2311 778 meum.
2344 721 2425 777 Ac
2462 719 2509 776 si
2538 727 2723 793 aperte
2753 719 2931 776 dicat:
2964 721 3076 776 Nec
3104 722 3307 793 passim
3337 722 3440 777 vi-

1835 810 1963 867 dere
1989 811 2142 868 volui
2175 828 2295 886 quae
2317 810 2785 884 concupiscerem,
2816 826 2917 867 nec
2934 809 3176 867 videndo
3195 826 3440 884 unquam

1835 910 2057 958 secutus
2084 919 2205 959 sum
2229 920 2350 976 quae
2380 901 2697 975 concupivi.
2740 900 2899 958 Dicat
2927 916 3091 973 ergo:
3153 900 3212 957 Si
3240 906 3443 955 secutus

1837 999 1910 1048 est
1936 995 2119 1049 oculus
2146 1011 2290 1047 naeus
2334 1010 2426 1047 cor
2458 1009 2652 1058 meum,
2682 990 2813 1065 quia
2853 998 2907 1045 et
2953 991 2997 1047 si
3031 990 3165 1064 quid
3197 1005 3438 1063 unquam

1838 1084 2099 1141 illicitum
2130 1102 2287 1141 mens
2318 1083 2458 1157 ejus,
2489 1091 2553 1141 ut
2584 1082 2844 1141 videlicet
2871 1083 3135 1151 humana,
3166 1081 3443 1154 concepit,

1838 1178 2053 1239 altioris
2090 1178 2401 1254 disciplinae
2432 1176 2749 1251 magisterio
2769 1176 2793 1214 ³
2823 1175 3155 1235 constrictos
3192 1175 3348 1250 sequi
3384 1193 3442 1233 se

1839 1285 1936 1343 per
1953 1269 2152 1328 illicita
2181 1268 2398 1344 sibique
2418 1267 2678 1325 famulari
2698 1268 2891 1326 oculos
2914 1266 3117 1324 noluit.
3147 1266 3446 1325 Pensemus

1839 1359 1910 1417 ad
1938 1358 2058 1417 haec
2084 1359 2455 1418 conscientias
2484 1366 2723 1430 nostras,
2750 1366 2805 1416 et
2836 1357 3031 1433 quanti
3059 1356 3323 1416 culminis
3353 1357 3443 1414 vir

1840 1447 1946 1507 iste
1991 1449 2182 1521 fuerit,
2222 1467 2292 1508 ex
2346 1448 2526 1507 nostri
2555 1448 2743 1507 cordis
2770 1447 3080 1522 dejectione
3130 1445 3439 1504 videamus.

1841 1542 1983 1600 Ecce
2011 1543 2057 1601 si
2086 1559 2195 1618 qua
2221 1541 2422 1601 illicita
2448 1539 2752 1616 aliquando
2781 1538 3067 1614 cogitavit,
3102 1537 3236 1613 quia
3262 1552 3329 1596 ea
3354 1536 3447 1596 ci-

1842 1631 1953 1689 tius
1981 1631 2128 1690 intra
2155 1648 2355 1691 arcana
2381 1629 2566 1690 cordis
2594 1629 2777 1704 gladio
2797 1628 2974 1687 sancti
3002 1627 3211 1701 vigoris
3238 1626 3445 1684 exstin-

1840 1722 2240 1797 xit,pervenire
2261 1722 2358 1779 illa
2372 1738 2546 1795 usque
2561 1719 2630 1777 ad
2646 1735 2812 1793 opera
2834 1734 2948 1776 non
2971 1716 3244 1791 permisit.
3262 1715 3443 1785 Unde,

1760 1824 1807 1886 B
1840 1820 1903 1870 ut
1917 1812 2309 1887 praemisimus,
2328 1811 2481 1870 illico
2499 1809 2805 1883 subjungit:
2829 1808 2905 1866 Et
2927 1806 3043 1864 siin
3056 1805 3303 1864 manibus
3320 1806 3448 1863 meis

1842 1902 2068 1960 adhaesit
2093 1903 2326 1959 macula.
2350 1898 2583 1971 Quando
2597 1898 2748 1956 enim
2769 1896 2989 1955 macula
3005 1894 3065 1953 in
3088 1894 3366 1966 manibus,
3389 1892 3445 1951 id

1843 2000 1926 2049 est
1952 1993 2116 2067 culpa
2135 1991 2451 2051 actionibus
2480 1989 2738 2060 inhaeret,
2755 2004 2923 2063 quam
2944 2002 3176 2045 censura
3194 1984 3447 2059 discipli-

1844 2100 1929 2141 nae
1982 2100 2097 2141 non
2143 2082 2360 2142 sinebat
2404 2081 2466 2139 in
2513 2079 2847 2155 cogitatione
2888 2077 3155 2153 proficere
3192 2076 3222 2134 ?
3261 2075 3448 2151 Neque

1844 2175 1993 2232 enim
2025 2176 2187 2249 culpa
2215 2174 2285 2233 ad
2313 2190 2456 2249 opus
2477 2172 2700 2248 prodire
2721 2170 3087 2247 permittitur,
3108 2168 3156 2227 si
3180 2167 3332 2226 intus
3350 2167 3449 2225 ubi

1843 2267 2091 2324 nascitur
2121 2266 2527 2339 exstinguatur.
2561 2264 2619 2323 Si
2647 2271 2832 2321 autem
2868 2260 3164 2320 tentationi
3195 2259 3254 2317 in
3283 2257 3449 2318 corde

1844 2357 2094 2415 nascenti
2124 2357 2324 2415 festiue
2366 2373 2480 2413 non
2510 2354 2809 2424 resistitur,
2839 2352 2946 2412 hac
2972 2350 3164 2411 eadem
3198 2366 3306 2425 qua
3332 2365 3449 2407 nu-

1843 2446 2014 2504 tritur
2042 2463 2196 2503 mora
2222 2446 2533 2513 roboratur;
2556 2445 2580 2483 ⁸
2605 2452 2661 2501 et
2675 2442 2919 2501 existens
2934 2441 3071 2499 foris
3090 2440 3149 2497 in
3167 2439 3448 2513 operibus,

1844 2536 1997 2594 vinci
2027 2537 2127 2593 vix
2155 2536 2440 2610 praevalet,
2472 2534 2603 2610 quia
2645 2534 2823 2607 ipsam
2871 2531 3025 2589 intus
3072 2529 3450 2587 membrorum

1843 2625 2131 2685 dominam
2176 2634 2419 2684 mentem
2463 2623 2741 2699 captivam
2783 2627 2953 2679 tenet.
3003 2619 3144 2690 Quia
3177 2634 3312 2677 vero
3362 2617 3452 2674 vir

1843 2725 2066 2775 sanctus
2094 2717 2379 2790 superiora
2430 2713 2620 2773 omnia
2659 2712 2763 2771 sub
2791 2710 3111 2771 conditione
3158 2708 3373 2779 intulit,
3404 2708 3452 2766 si

1844 2806 1963 2865 haec
1976 2823 2221 2881 unquam
2236 2803 2655 2881 perpetraverit,
2667 2802 2943 2862 sententia
2969 2818 3025 2861 se
3046 2798 3454 2860 maledictionis

1843 2895 2123 2969 astringit,
2151 2895 2375 2953 dicens:

2302 2981 2532 3041 CAPUT
2551 2981 2606 3038 x
2638 2979 2783 3055 [Rec.
2823 2978 3007 3058 VIII].

1917 3073 2090 3135 Vnus.
2126 3073 2181 3131 8.
2229 3101 2300 3115 -
2338 3072 2545 3142 Seram,
2575 3076 2624 3129 et
2648 3070 2792 3131 alius
2821 3070 3076 3137 comedat,
3106 3075 3156 3128 et
3175 3065 3453 3145 progenies

1773 3202 1818 3265 α
1847 3184 1964 3225 mea
1982 3165 2300 3265 eradicetur.

1925 3256 2161 3315 i5.Serit
2168 3254 2388 3325 jejunus
2402 3252 2809 3327 praedicator,et
2819 3249 2963 3308 alius
2983 3249 3223 3317 comedit,
3237 3250 3452 3322 quando

1851 3365 1969 3422 qua:
1987 3348 2133 3403 docet
2157 3362 2264 3401 non
2293 3349 2568 3417 operatur.
2608 3373 2679 3384 —
2706 3342 2858 3399 More
2878 3340 3018 3399 sacri
3039 3340 3248 3415 eloquii
3277 3355 3455 3397 serere

1852 3437 2113 3505 dicimus,
2130 3434 2299 3492 verba
2312 3435 2441 3493 vitae
2462 3431 2780 3509 praedicare.
2800 3431 2943 3491 Hinc
2964 3430 3170 3489 etenim
3190 3429 3459 3505 propheta

1853 3530 1967 3588 ait:
2026 3527 2182 3587 Beati
2234 3527 2327 3600 qui
2364 3525 2635 3583 seminatis
2680 3540 2841 3598 super
2885 3540 3061 3581 omnes
3090 3539 3262 3595 aquas
3289 3521 3454 3595 (Isai.

1852 3638 2041 3691 xxxn,
2070 3618 2152 3693 2).
2198 3619 2220 3655 ⁸
2268 3617 2482 3675 Sanctae
2520 3614 2724 3690 quippe
2766 3612 3028 3672 Ecclesia;
3069 3610 3457 3686 praedicatores

1854 3728 2018 3786 super
2046 3723 2238 3767 omnes
2284 3718 2454 3783 aquas
2496 3704 2767 3763 seminare
2796 3699 3108 3777 conspexit,
3150 3700 3280 3776 quia
3306 3716 3457 3758 cun-

1855 3802 1960 3861 ctis
2006 3801 2116 3859 late
2170 3796 2391 3874 populis
2421 3794 2591 3853 verba
2630 3794 2783 3864 vitae,
2828 3791 2985 3868 quasi
3013 3790 3254 3849 coalestis
3297 3789 3458 3864 panis

1856 3909 2044 3969 grana,
2072 3890 2442 3949 tradiderunt.
2476 3884 2775 3946 Comedere
2816 3890 3000 3941 autem
3026 3888 3110 3939 est
3134 3880 3298 3939 bonis
3324 3896 3460 3954 ope-

1854 3986 2011 4044 ribus
2038 3982 2250 4042 sat‘iari.
2301 3980 2457 4039 Unde
2484 3995 2582 4054 per
2627 3975 2976 4049 semetipsam
3018 3972 3238 4030 Veritas
3271 3970 3411 4029 dicit
3442 3988 3457 4029 :

1854 4077 2005 4139 Meus
2031 4074 2178 4131 cibus
2202 4078 2280 4128 est
2297 4077 2357 4127 ut
2377 4070 2580 4143 faciam
2604 4068 2929 4125 voluntatem
2954 4060 3067 4133 ejus
3091 4060 3187 4134 qui
3209 4059 3356 4117 misit
3376 4075 3459 4118 me

1855 4166 2047 4241 (Joan.
2084 4181 2165 4234 ιν,
2186 4159 2305 4237 34).
2339 4159 2397 4217 Si
2430 4175 2561 4234 ergo
2589 4173 2652 4215 ea
2681 4171 2803 4231 quae
2831 4151 3067 4229 protulit
3093 4150 3275 4211 facere
3303 4166 3457 4225 prai-

1856 4254 2116 4326 termisit,
2146 4253 2261 4311 ait:
2296 4253 2503 4322 Seram,
2541 4255 2590 4307 et
2617 4248 2760 4306 alius
2788 4245 3042 4304 comedat.
3074 4244 3157 4302 Ac
3200 4242 3248 4300 si
3275 4249 3461 4317 aperte

1857 4348 2041 4407 dicat:
2074 4342 2235 4416 Quod
2262 4360 2324 4402 os
2352 4357 2539 4399 meum
2581 4338 2852 4415 loquitur,
2881 4353 2996 4395 non
3024 4351 3146 4411 ego,
3182 4332 3278 4391 sed
3321 4332 3461 4389 alter

1856 4446 2132 4515 operetur.
2150 4435 2486 4495 Praedicator
2511 4432 2716 4508 quippe
2736 4433 2883 4497 686
2912 4427 3065 4505 quia
3084 4425 3198 4485 suis
3226 4423 3459 4482 vocibus

1857 4536 2108 4597 moribus
2134 4534 2436 4609 discrepat,
2455 4530 2683 4607 jejunus
2710 4529 2845 4589 serit
2863 4525 3014 4604 quod
3040 4525 3183 4584 alius
3210 4522 3462 4582 mandu—

1855 4638 1963 4701 cet,
2012 4627 2145 4704 quia
2189 4643 2291 4685 suo
2333 4624 2544 4683 semine
2577 4623 2693 4697 ipse
2731 4637 2846 4678 non
2883 4618 3150 4693 pascitur,
3176 4613 3400 4704 quando
3427 4627 3460 4670 a

1854 4719 2011 4779 verbi
2027 4702 2126 4777 sui
2172 4713 2509 4776 rectitudine
2540 4727 2711 4787 prava
2742 4710 2959 4769 actione
2987 4714 3274 4766 vacuatur.
3310 4702 3458 4779 [νει.

1864 4812 1940 4874 VI
1937 4810 2003 4870 II
2005 4810 2126 4887 .]Et
2144 4807 2275 4885 quia
2294 4806 2619 4882 plerumque
2633 4801 2896 4877 discipuli
2909 4801 3188 4861 incassum
3206 4796 3353 4855 bona
3366 4808 3461 4853 au-

1855 4886 2172 4972 diunt,cum
2186 4914 2256 4957 ex
2267 4896 2517 4971 magistri
2532 4895 2649 4952 vita
2658 4908 2888 4967 operum
2900 4890 3155 4964 exemplo
3170 4886 3467 4944 destruun.

1855 4990 1977 5062 tur,
1997 4998 2144 5049 recte
2172 4987 2562 5061 subjungitur:
2596 4987 2673 5042 Et
2686 4982 2963 5057 progenies
2990 4996 3108 5036 mea
3135 4974 3457 5034 eradicatur.

1932 5083 2018 5142 i6.
2052 5083 2193 5154 Ejus
2211 5078 2485 5155 progenies
2500 5076 2830 5143 eradicatur,
2850 5071 2979 5145 quia
2991 5085 3121 5142 quos
3134 5081 3235 5140 per
3252 5062 3468 5122 verbum

1857 5174 2045 5250 gignit,
2061 5191 2163 5249 per
2190 5170 2490 5245 exmplum
2509 5172 2679 5226 necat.
2701 5194 2773 5209 —
2798 5158 3054 5221 Doctoris
3080 5155 3231 5216 enim
3258 5170 3468 5233 proge-

1862 5340 2055 5414 Germ.
2078 5336 2304 5414 proprio
2331 5330 2615 5414 marte‘sic
2639 5323 3036 5414 locumuhunc'
3052 5329 3420 5414 mutaverunt
3432 5339 3463 5414 _:

1861 5396 2171 5472 constrictus
2183 5396 2246 5468 se
2255 5426 2356 5483 per
2368 5405 2560 5466 illicita
2579 5398 2989 5472 ducere,sibique
3000 5396 3269 5472 famulari
3283 5397 3469 5455 oculus

1860 5486 2110 5617 "oiuiiii.
2142 5551 2252 5624 CL,
2295 5558 2344 5610 et
2369 5550 2549 5624 exiens
2576 5545 2737 5620 foris.
2767 5542 2935 5606 Corb.
2977 5539 3191 5616 Germ.,
3236 5539 3466 5602 Ebroic.

1860 5648 1926 5691 ac
1954 5631 2129 5699 Prat.,
2160 5623 2408 5703 etexieus
2432 5623 2609 5703 foras.
2688 5691 2734 5703 __
2794 5690 2810 5703 _
2872 5689 2885 5703 ,
3103 5686 3143 5703 ,,

1932 5686 2158 5772 “FPratZ,
2200 5700 2396 5772 Sancta
2432 5686 2634 5772 quippe
2680 5689 2920 5756 Ecclesia
2964 5686 3466 5768 praedicatores..."

1863 5769 2433 5846 seminareconspea‘it.
