3928 6378
473 296 574 355 199

1677 285 1924 345 SANCTI
1962 283 2300 346 GREGORII
2335 285 2562 345 MAGNI

3659 291 3755 347 200

473 420 593 476 nies
622 415 932 475 eradicatur
960 411 1182 487 quando
1211 413 1258 469 is
1305 413 1401 486 qui
1430 428 1526 486 per
1554 412 1787 470 verbum
1817 412 2064 470 nascitur
2091 413 2145 472 A
2174 413 2262 469 nis
2287 412 2486 485 gaudia
2520 419 2956 488 consequuntur.
2991 411 3118 468 Haec
3151 412 3339 484 paucis
3369 425 3466 483 per
3493 427 3764 476 excessum

471 524 570 582 per
595 505 911 576 exemplum
959 510 1206 572 necatur,
1237 501 1367 576 quia
1407 518 1570 576 quem
1613 502 1803 574 lingua
1832 502 2070 574 vigilans

471 595 667 671 gignit,
697 593 828 650 vitae
849 592 1180 666 negligentia
1201 593 1426 650 occidit.
1445 593 1632 666 Neque
1652 593 1802 648 enim
1823 588 2068 664 torpenti

469 685 632 743 nobis
661 691 743 740 est
759 689 940 738 mente
966 682 1366 738 transeundum
1391 681 1540 755 quod
1555 682 1702 753 apud
1717 683 2067 737 Salomonem

470 775 673 832 mulier
700 772 901 840 ﬁlium,
957 788 1119 844 quem
1164 771 1402 844 vigilans
1452 771 1654 828 lactare
1684 777 2070 840 consueverat,

470 863 752 920 dormiens
781 859 1061 916 interemit
1093 861 1212 933 (III
1227 863 1349 933 Reg.
1379 879 1466 930 III,
1501 863 1616 934 19),
1645 860 1775 933 quia
1803 860 2072 916 nimirum

472 952 719 1024 magistri
768 950 1060 1022 vigilantes
1105 949 1328 1023 quidem
1362 951 1615 1020 scientia,
1646 950 1742 1006 sed
1787 950 1904 1006 vita
1931 949 2073 1006 dor-

469 1042 728 1110 mientes,
750 1039 1028 1097 auditores
1053 1056 1182 1096 suos
1207 1057 1344 1113 quos
1359 1056 1456 1112 per
1482 1040 1704 1112 vigilias
1729 1039 2072 1114 praedicatio-

469 1131 558 1188 nis
585 1129 863 1198 nutriunt,
889 1128 1022 1185 dum
1056 1128 1204 1202 quod
1231 1127 1428 1186 dicunt
1445 1129 1622 1186 facere
1653 1129 1960 1203 negligant,
1977 1144 2074 1201 per

469 1236 728 1278 somnum
757 1217 1000 1292 torporis
1027 1218 1308 1288 occidunt,
1331 1226 1386 1275 et
1404 1219 1732 1292 negligendo
1748 1219 2074 1292 opprimunt

472 1326 610 1384 quos
637 1310 781 1366 alere
801 1307 1098 1365 verborum
1119 1308 1258 1365 lacte
1277 1307 1632 1366 videbantur.
1655 1307 1812 1366 Unde
1832 1309 2071 1381 plerum-

471 1415 577 1473 que
605 1397 739 1456 dum
769 1397 874 1472 ipsi
903 1397 1414 1470 reprehensibiliter
1435 1397 1659 1468 vivunt,
1676 1405 1730 1454 et
1759 1396 1961 1454 habere
1991 1395 2072 1453 di-

475 1489 716 1562 scipulos
757 1486 889 1544 vitai
933 1487 1230 1544 laudabilis
1261 1495 1562 1562 nequeunt,
1613 1495 1669 1544 et
1723 1487 1934 1544 alienos
1963 1486 2071 1543 sibi
2159 1494 2178 1510 '

469 1577 744 1636 attrahere
788 1585 1086 1649 conantur,
1124 1586 1394 1652 quatenus
1421 1577 1554 1635 dum
1573 1577 1752 1635 bonos
1782 1593 1839 1634 se
1867 1576 2070 1633 habere

469 1685 734 1742 sequaces
752 1669 1072 1737 ostendunt,
1099 1668 1245 1740 apud
1259 1667 1471 1740 judicia
1489 1668 1782 1725 hominum
1805 1675 2071 1725 excusent

2177 505 2446 574 diximus,
2475 513 2538 562 ut
2565 505 2874 563 auditorem
2901 504 3189 578 progenies
3221 505 3236 537 ¹
3269 517 3366 574 per
3385 501 3671 561 doctorum
3684 523 3769 563 ne-

2180 595 2498 668 gligentiam
2528 596 2767 668 qualiter
2790 593 3164 666 exstinguitur
3179 597 3626 660 monstraremus,
3650 595 3772 668 quia

2181 685 2433 758 quisquis
2454 684 2620 756 juxta
2647 685 2755 742 hoc
2799 683 2946 758 quod
2989 683 3235 756 loquitur
3283 697 3396 737 non
3432 682 3596 751 vivit,
3642 700 3773 756 quos

2181 773 2350 830 verbo
2379 775 2568 846 genuit
2595 792 2628 830 a
2658 773 2965 830 stabilitate
2997 769 3347 829 rectitudinis
3377 787 3540 842 opere
3570 773 3770 830 evellit.

2181 875 2286 933 Sed
2328 875 2521 932 beatus
2551 870 2696 929 687
2725 875 2847 942 Job,
2909 890 3046 946 quos
3103 869 3493 942 praedicatione
3552 869 3776 938 vigilans

2181 966 2379 1035 edidit,
2403 981 2748 1038 nequaquam
2762 965 2980 1022 actione
3002 961 3284 1017 dormiens
3313 959 3606 1026 exstinxit,
3625 966 3778 1032 atque

2181 1055 2306 1112 ideo
2327 1056 2562 1112 ﬁdenter
2580 1054 2720 1112 dicit
2746 1073 2758 1111 :
2793 1053 2850 1110 Si
2871 1051 3171 1126 quominus
3195 1049 3465 1123 praedicta
3490 1049 3778 1120 complevi,

2183 1147 2392 1212 Seram,
2417 1150 2466 1200 et
2497 1144 2640 1202 alius
2675 1143 2930 1208 comedat,
2954 1147 3003 1198 et
3025 1139 3302 1214 progenies
3324 1155 3441 1194 mea
3467 1137 3780 1194 eradicetur.

2180 1236 2287 1304 Qui
2310 1235 2495 1294 adhuc
2514 1233 2655 1308 sejde
2675 1233 3062 1308 inquinatione
3076 1229 3235 1306 pravi
3253 1229 3439 1304 operis
3461 1227 3780 1297 discutiens,

2181 1326 2371 1388 subdit
2408 1343 2420 1383 :

2524 1413 2754 1474 CAPUT
2785 1413 2866 1472 XI
2915 1410 3058 1486 [νει.
3091 1416 3141 1467 et
3162 1412 3285 1470 Res.
3313 1407 3442 1484 IX].

2250 1509 2424 1567 Vnus.
2452 1506 2506 1565 9.
2539 1537 2610 1548 —
2634 1505 2694 1562 Si
2717 1504 2982 1576 deceptum
3021 1507 3098 1559 est
3125 1518 3217 1557 cor
3257 1515 3432 1555 meum
3476 1512 3638 1571 super
3664 1513 3787 1553 mu-

2184 1601 2329 1668 liere,
2359 1606 2408 1656 et
2434 1599 2482 1655 si
2509 1599 2581 1655 ad
2607 1595 2804 1654 ostium
2836 1595 2860 1632 ²
2886 1593 3046 1650 amici
3079 1592 3182 1649 mei
3210 1591 3502 1646 insidiatus
3529 1606 3667 1646 sum.

2255 1693 2341 1750 18.
2366 1693 2432 1750 In
2444 1690 2613 1747 sacris
2632 1688 2821 1745 litteris
2839 1685 3164 1742 adulterium
3182 1691 3230 1740 et
3243 1682 3534 1755 fornicatio
3553 1681 3788 1752 aliquau-

472 1758 617 1852 mf‘la
643 1773 766 1831 quae
785 1765 974 1828 agunt,
1002 1757 1231 1852 ίῖηδξί
1251 1756 1712 1852 Ρθτῗξῡῖἀίξῗῗιιω
1730 1757 2069 1852 νξῗδωξῖξοθ
2105 1777 2152 1838 Β
2182 1783 2252 1838 do
2281 1781 2708 1852 distinguuntur,
2739 1775 3032 1847 aliquando
3068 1774 3206 1830 idem
3255 1777 3472 1829 sonant.
3514 1773 3792 1842 Utrumque

471 1847 692 1905 tiferam
708 1855 894 1920 tegant
912 1845 1324 1918 negligentiam.
1357 1845 1512 1904 Unde
1531 1846 1649 1905 illic
1669 1847 1867 1904 mulier
1893 1847 2074 1904 ﬁlium

473 1937 605 2013 quia
633 1935 906 1994 exstinxit
933 1935 1242 2009 proprium,
1271 1935 1529 2009 quaesivit
1555 1937 1817 1993 alienum.
1851 1937 1957 1994 Sed
1983 1945 2076 1993 ta-

471 2043 601 2084 men
629 2043 817 2083 veram
843 2032 1072 2082 matrem
1101 2024 1412 2082 Salomonis
1439 2025 1652 2098 gladius
1673 2026 1912 2096 invenit,
1945 2026 2076 2100 quia

471 2116 736 2175 videlicet
763 2117 923 2190 cujus
950 2117 1163 2172 fructus
1191 2115 1366 2183 vivat,
1397 2115 1485 2172 vel
1516 2115 1680 2190 cujus
1706 2115 1960 2186 intereat,
1981 2133 2074 2174 ex-

470 2215 649 2265 tremo
677 2207 933 2264 examine
961 2205 1044 2262 ira
1069 2204 1310 2262 districti
1333 2203 1545 2278 judicis
1571 2204 1936 2264 demonstrat.
1967 2206 2074 2264 Ubi

470 2301 527 2353 et
553 2295 696 2352 illud
723 2304 805 2354 est
839 2296 1072 2352 solerter
1118 2293 1474 2363 intuendum,
1517 2293 1667 2366 quod
1695 2295 1894 2352 vivens
1921 2293 2076 2352 ﬁlius

469 2386 630 2460 prius
657 2385 836 2443 dividi
866 2385 1205 2458 praecipitur,
1233 2391 1296 2441 ut
1353 2383 1457 2440 soli
1508 2383 1862 2456 postmodum
1909 2385 2075 2441 matri

469 2475 753 2545 reddatur,
787 2474 918 2550 quia
961 2475 1022 2532 in
1053 2475 1156 2532 hac
1183 2474 1302 2531 vita
1329 2471 1484 2547 quasi
1527 2472 1722 2546 partiri
1752 2473 2076 2531 conceditur

471 2565 589 2622 vita
614 2563 898 2638 discipuli,
927 2565 1061 2622 dum
1089 2579 1160 2620 ex
1188 2563 1286 2618 illa
1313 2577 1716 2636 nonnunquam
1759 2562 1902 2619 alter
1929 2563 2076 2636 apud

471 2656 651 2712 Deum
697 2655 982 2724 meritum,
1034 2654 1174 2711 alter
1200 2669 1332 2710 vero
1379 2651 1526 2726 apud
1567 2650 1825 2710 homines
1854 2652 2074 2710 laudem

479 2742 682 2801 habere
718 2742 1080 2817 permittitur.

543 2853 632 2910 i7.
661 2853 889 2928 Amissis
906 2851 1145 2926 propriis
1171 2851 1324 2926 ﬁliis,
1351 2851 1558 2908 alienos
1579 2849 1756 2907 vivere
1769 2851 1986 2909 invidet.
2004 2883 2076 2896 —

479 2941 587 2999 Sed
614 2941 752 3000 falsa
779 2950 954 2999 mater
979 2959 1106 2999 eum
1153 2957 1315 3015 quem
1361 2957 1474 2998 non
1508 2939 1721 3012 genuit,
1751 2941 1931 2998 occidi
1961 2959 2074 2999 non

474 3033 694 3104 metuit,
719 3033 850 3108 quia
877 3038 1194 3106 arrogantes
1221 3031 1472 3104 magistri
1491 3039 1546 3088 et
1565 3030 1853 3090 charitatis
1873 3031 2072 3104 ignari,

2181 1873 2530 1947 prohibitum.
2562 1869 2644 1926 Ab
2670 1867 2910 1939 utrisque
2933 1867 3013 1922 vel
3045 1864 3354 1936 cogitatione
3384 1863 3490 1920 Job
3524 1862 3788 1918 abstinuit.

2184 1993 2256 2004 —
2269 1960 2531 2028 Quamvis
2547 1972 2944 2030 nonnunquam
2961 1971 2992 2012 a
3007 1963 3159 2012 reatu
3173 1953 3434 2010 adulterii
3453 1965 3790 2025 nequaquam

2184 2049 2456 2122 discrepet
2474 2047 2636 2118 culpa
2654 2043 3058 2110 fornicationis,
3083 2058 3211 2100 cum
3231 2041 3458 2099 Veritas
3481 2039 3633 2097 dicat
3658 2057 3670 2095 :
3697 2038 3794 2096 Cui

2181 2139 2376 2195 viderit
2402 2138 2496 2210 (D.
2517 2137 2608 2202 32,
2635 2131 2697 2207 ᾳ]
2715 2135 2772 2200 5,
2795 2150 2912 2206 cap.
2932 2131 3022 2204 13)
3042 2130 3316 2186 mulierem
3339 2129 3410 2185 ad
3440 2127 3793 2201 concupiscen-

2183 2231 2310 2287 dum
2337 2246 2472 2294 eam,
2493 2227 2613 2298 jam
2640 2225 2923 2282 machatus
2951 2229 3026 2278 est
3048 2239 3163 2278 eam
3196 2223 3254 2277 in
3271 2223 3427 2278 corde
3457 2240 3555 2278 suo
3587 2221 3790 2293 (Matth.

2183 2337 2241 2390 v,
2278 2318 2395 2391 28).
2430 2317 2477 2390 (³
2505 2317 2647 2385 Quia
2689 2315 2839 2372 enim
2881 2313 3072 2370 Graeco
3099 2312 3270 2368 verbo
3300 2311 3560 2369 moechus
3588 2311 3794 2368 adulter

2183 2411 2410 2481 dicitur,
2457 2425 2584 2468 cum
2619 2424 2732 2464 non
2768 2406 2948 2464 aliena
2977 2403 3204 2476 conjux,
3257 2403 3354 2460 sed
3383 2404 3596 2460 mulier
3625 2399 3794 2458 videri

2184 2501 2532 2574 prohibetur,
2573 2504 2757 2570 aperte
2786 2495 3004 2553 Veritas
3033 2492 3277 2550 ostendit
3318 2493 3456 2567 quia
3486 2493 3657 2549 etiam
3685 2492 3794 2548 solo

2184 2593 2310 2649 visu
2339 2606 2468 2648 cum
2490 2588 2730 2662 turpiter
2756 2587 2846 2642 vel
2866 2585 3100 2657 innupta
3119 2583 3562 2656 concupiscitur,
3591 2582 3793 2639 adulte-

2184 2681 2331 2738 rium
2375 2677 2767 2753 perpetratur.)
2821 2677 3022 2732 Tamen
3066 2675 3389 2746 plerumque
3419 2689 3498 2729 ex
3535 2673 3676 2740 loco,
3708 2671 3793 2727 vel

2184 2771 2380 2830 ordine
2410 2765 2852 2841 concupiscentis
2880 2763 3236 2832 discernitur,
3286 2762 3417 2836 quia
3465 2762 3687 2820 scilicet
3717 2761 3792 2818 sic

2183 2861 2336 2919 hunc
2366 2860 2424 2916 in
2459 2875 2614 2916 sacro
2649 2855 2843 2914 ordine
2873 2854 3120 2911 studiosa
3145 2851 3629 2925 concupiscentia,
3659 2849 3795 2908 sicut

2183 2951 2345 3008 illum
2365 2947 2627 3006 adulterii
2649 2947 2905 3020 inquinat
2918 2944 3100 3016 culpa.
3123 2943 3187 2998 In
3208 2941 3466 3014 personis
3479 2949 3668 2998 tamen
3690 2954 3791 2996 non

2181 3037 2554 3097 dissimilibus
2599 3036 2749 3092 idem
2786 3033 3024 3090 luxuria;
3067 3029 3433 3101 distinguitur
3487 3037 3694 3097 reatus,
3737 3029 3790 3084 in

469 3121 516 3180 si
545 3122 932 3196 plenissimum
976 3137 1181 3178 nomen
1221 3119 1414 3212 laudis
1455 3135 1526 3175 ex
1555 3119 1765 3212 alienis
1779 3118 2070 3212 discipulis
2105 3141 2150 3204 ο
2181 3133 2387 3212 quibus
2411 3125 2796 3212 fornicationis
2835 3123 3018 3212 culpa,
3065 3120 3196 3194 quia
3344 3119 3614 3212 adulterii
3643 3127 3788 3177 reatu

471 3212 735 3284 consequi
779 3216 1084 3282 nequeunt,
1142 3224 1334 3264 eorum
1361 3207 1534 3264 vitam
1581 3209 1882 3266 crudeliter
1909 3208 2070 3266 inse-

469 3307 740 3374 quuntur.
795 3297 1028 3354 Invidiae
1057 3295 1208 3352 enim
1254 3296 1372 3352 face
1397 3297 1670 3366 succensi,
1712 3299 1912 3355 nolunt
1939 3297 2068 3354 aliis

471 3389 683 3457 vivere,
713 3403 852 3460 quos
911 3402 968 3442 se
1022 3385 1372 3458 conspiciunt
1424 3403 1536 3443 non
1565 3403 1720 3460 posse
1766 3388 2065 3461 possidere.

471 3477 626 3536 Unde
647 3477 766 3534 illic
793 3492 1047 3550 perversa
1075 3475 1275 3530 mulier
1301 3476 1530 3532 clamat:
1563 3477 1668 3534 Nec
1695 3495 1836 3534 meus
1863 3477 1952 3542 sit,
1979 3493 2070 3532 nec

466 3567 624 3624 istius
647 3567 834 3640 (Ibid.,
853 3566 968 3640 26).
993 3567 1063 3624 Ut
1082 3565 1230 3622 enim
1250 3565 1518 3637 diximus,
1541 3584 1682 3641 quos
1710 3567 1818 3624 sibi
1839 3565 2068 3638 obsequi

468 3673 582 3714 non
609 3656 802 3714 vident
819 3655 885 3714 ad
905 3655 1136 3729 gloriam
1155 3655 1536 3729 temporalem,
1554 3672 1646 3713 eos
1669 3655 1798 3712 aliis
1813 3655 2069 3712 invident

467 3749 658 3806 vivere
685 3765 782 3821 per
809 3748 1117 3805 veritatem.
1153 3747 1298 3806 Vera
1341 3756 1525 3805 autem
1577 3754 1753 3804 mater
1781 3746 1979 3820 satagit
2005 3754 2069 3804 ut

467 3837 587 3912 ejus
616 3837 768 3895 ﬁlius
794 3839 986 3894 saltem
1015 3836 1160 3910 apud
1187 3845 1505 3894 extraneam
1535 3836 1607 3893 sit
1636 3843 1690 3892 et
1727 3835 1906 3904 vivat,
1937 3835 2068 3908 quia

465 3928 778 3987 concedunt
806 3944 1028 3986 veraces
1055 3926 1305 4000 magistri
1335 3933 1396 3984 ut
1441 3942 1513 3982 ex
1554 3941 1747 3982 eorum
1776 3923 2068 3998 discipulis

463 4017 561 4074 alii
589 4019 814 4092 quidem
845 4016 1148 4092 magisterii
1167 4015 1387 4073 laudem
1413 4014 1674 4085 habeant,
1695 4014 1742 4072 si
1770 4021 1956 4071 tamen
1983 4012 2067 4069 in-

464 4105 779 4176 tegritatem
807 4107 938 4164 vita;
967 4107 1138 4187 iidem
1167 4105 1430 4178 discipuli
1473 4118 1585 4162 non
1630 4104 1912 4160 amittant.
1965 4102 2070 4158 Per

465 4209 588 4266 qua:
615 4193 838 4266 pietatis
864 4195 1077 4250 viscera
1103 4193 1223 4250 haec
1249 4193 1440 4250 eadem
1469 4209 1600 4250 vera
1614 4201 1790 4250 mater
1804 4191 2068 4264 agnosci-

463 4289 579 4352 tur,
610 4282 740 4354 quia
767 4295 932 4336 omne
975 4279 1353 4352 magisterium
1400 4281 1462 4336 in
1495 4280 1751 4337 examine
1779 4279 2068 4338 charitatis

463 4370 828 4445 approbatur;
847 4377 903 4426 et
929 4369 1046 4426 sola
1058 4369 1301 4442 recipere
1315 4375 1496 4425 totum
1517 4370 1744 4439 meruit,
1767 4386 1889 4444 quae
1909 4369 2067 4444 quasi

462 4468 646 4518 totum
674 4459 970 4530 concessit,
1002 4459 1134 4532 quia
1158 4457 1348 4515 ﬁdeles
1363 4459 1666 4531 praepositi,
1695 4475 1795 4532 pro
1822 4477 1888 4518 eo
1917 4461 2066 4534 quod

461 4568 533 4610 ex
561 4552 724 4610 bonis
751 4550 1042 4624 discipulis
1070 4549 1184 4607 suis
1212 4565 1324 4606 non
1351 4549 1532 4606 solum
1561 4549 1686 4606 aliis
1719 4551 1935 4608 laudem
1952 4569 2066 4610 non

461 4642 741 4713 invident,
773 4641 868 4698 sed
895 4640 1193 4698 utilitatem
1217 4640 1296 4698 eis
1315 4639 1480 4697 etiam
1507 4641 1787 4714 profectus
1805 4651 2062 4714 exorant,

462 4731 571 4806 ipsi
586 4739 642 4788 et
668 4732 914 4802 integros
933 4737 988 4786 et
1015 4731 1264 4787 viventes
1283 4731 1428 4788 ﬁlios
1443 4731 1741 4804 recipiunt,
1765 4733 1987 4806 quando
2001 4733 2062 4790 in

457 4836 716 4898 supremo
745 4821 999 4878 examine
1023 4836 1094 4877 ex
1121 4836 1310 4878 eorum
1331 4819 1448 4878 vita
1465 4821 1718 4894 perfectae
1747 4822 2062 4881 retributio-

532 5061 552 5142 ξ
579 5059 704 5142 Yal.
734 5057 844 5142 Cl_.,
869 5057 1486 5142 perndoctorumvita‘m.

528 5128 552 5164 ³
580 5127 938 5204 Corruptein
967 5129 1241 5204 Germ.‘et
1278 5129 1338 5204 in
1355 5129 1490 5204 _Ed.
1521 5135 1757 5204 recent”
1787 5137 1908 5204 tum
1950 5127 2058 5186 hoc

455 5197 602 5273 loco,
630 5197 946 5273 tum'infra,
977 5200 1322 5273 inimici
1354 5200 1416 5273 In
1446 5208 1605 5256 textu
1634 5199 1801 5273 Hebr.
1834 5199 2061 5273 ejusque

457 5269 815 5344 versionibus
824 5269 1083 5344 omnibus
1102 5272 1304 5344 legitur
1321 5271 1394 5328 ad
1411 5273 1602 5344 ostium
1619 5272 1778 5344 amici
1802 5269 1890 5327 vel
1905 5269 2056 5342 socii,

457 5346 553 5420 aut
576 5341 817 5420 proximi
841 5345 962 5420 mei.
995 5341 1426 5420 Idemjhabetur
1447 5343 1511 5420 in_
1535 5342 1749 5420 omnib.
1779 5343 1910 5420 Mss.
1941 5344 2054 5399 An-

492 5410 856 5495 lic.,nl§orm..,
886 5413 1366 5495 Laud_._,‘Vi‘n_doc._,
1389 5415 1553 5495 Gorb.
1568 5415 1798 5495 Germ.,
1821 5416 2056 5484 Turon.,

510 5481 582 5536 al.
607 5481 692 5538 Cl'.
724 5489 779 5536 et
805 5481 866 5536 in
885 5491 995 5538 vet.
1031 5485 1138 5539 Ed.
1165 5481 1359 5542 Mirari
1383 5486 1533 5543 subit
1559 5493 1672 5542 tam
1700 5481 1945 5544 crassum
1976 5481 2058 5543 er-

457 5566 639 5629 rorem
668 5551 750 5629 sic
775 5562 1133 5629 propagatum
1164 5555 1354 5629 fuisse,
1386 5565 1580 5615 contra
1605 5557 1872 5616 Codicum
1900 5559 2056 5629 Mss,

454 5623 573 5680 sive
602 5623 659 5680 S.
690 5622 1008 5694 Scripturae,
1038 5624 1156 5680 sive
1190 5622 1481 5686 Moralium
1509 5630 1698 5686 ﬁdem.

521 5696 550 5777 3’
581 5693 686 5752 Ηίο
713 5693 1000 5777 Hisdem
1025 5694 1348 5777 obscuritati
1375 5707 1584 5777 textus.
1616 5717 1855 5776 eumque
1884 5700 2059 5777 resti-

455 5766 666 5828 tuimus
703 5765 953 5827 adhibita
1007 5766 1343 5842 parenthesi,
1395 5779 1449 5832 et
1489 5765 1734 5834 detracta
1763 5765 2057 5847 'particula

2177 3208 2534 3286 discernitur,
2621 3210 2996 3286 praedicatoris
3086 3208 3289 3281 egregii
3352 3208 3550 3282 lingua
3617 3217 3789 3268 testa.

2176 3321 2289 3382 tur,
2353 3308 2450 3382 qui
2514 3305 2660 3362 inter
2738 3308 2934 3358 caetera
3007 3299 3220 3368 asserit,
3294 3297 3490 3357 dicens
3548 3318 3562 3358 :
3619 3301 3789 3371 Neque

2177 3395 2488 3475 fornicarii,
2516 3409 2680 3464 neque
2707 3391 2870 3447 idolis
2906 3390 3204 3457 servientes,
3234 3405 3398 3460 neque
3422 3390 3686 3456 adulteri,
3713 3406 3787 3444 re-

2175 3508 2336 3566 gnum
2374 3486 2474 3545 Dei
2509 3481 2850 3557 possidebunt
2889 3481 2954 3551 (Ι
3001 3479 3126 3535 Cor.
3156 3495 3235 3547 vr,
3267 3479 3347 3550 9).
3384 3481 3406 3514 ‘
3435 3479 3604 3548 Quod
3644 3479 3787 3536 enim

2177 3581 2460 3654 disjuncto
2506 3572 2681 3630 reatui
2718 3571 3046 3627 sententiam
3087 3569 3294 3637 subdit,
3327 3585 3497 3642 quam
3546 3569 3710 3627 valde
3759 3585 3790 3625 a

2175 3691 2233 3730 se
2261 3671 2527 3728 dissideat
2571 3665 2834 3726 ostendit.
2871 3665 2980 3727 Per
3026 3663 3133 3722 hoc
3161 3679 3291 3736 ergo
3335 3663 3490 3736 quod
3535 3662 3784 3720 dicitur:

2179 3763 2240 3821 Si
2263 3763 2533 3833 deceptum
2568 3763 2644 3814 est
2661 3773 2754 3812 cor
2779 3771 2952 3811 meum
2979 3769 3139 3826 super
3164 3752 3408 3820 muliere,
3439 3768 3625 3826 neque
3648 3751 3788 3824 cogi-

2175 3859 2318 3910 tasse
2335 3851 2426 3907 vir
2444 3855 2666 3907 sanctus
2692 3847 2760 3903 de
2783 3843 3169 3902 fornicationis
3191 3842 3411 3900 macula
3429 3842 3788 3900 demonstra-

2175 3949 2286 4000 tur.
2321 3940 2423 3997 Per
2454 3938 2562 3996 hoc
2609 3944 2793 3994 autem
2823 3934 2969 4008 quod
3019 3932 3248 4005 subjicit
3275 3949 3290 3992 :
3319 3934 3396 3988 Et
3426 3933 3477 3988 si
3499 3933 3575 3990 ad
3600 3931 3788 3988 ostium

2175 4029 2335 4088 amici
2365 4029 2468 4084 mei
2493 4025 2786 4082 insidiatus
2811 4041 2950 4090 sum,
2975 4029 3226 4096 patenter
3250 4022 3554 4080 innotescit
3583 4019 3733 4096 quod
3759 4035 3789 4076 a

2177 4127 2332 4177 reatu
2363 4116 2624 4175 adulterii
2644 4115 2786 4172 liber
2804 4113 2932 4170 fuit.
2953 4112 3058 4170 Sed
3091 4111 3160 4169 ad
3181 4111 3300 4170 haec
3329 4111 3568 4169 fortasse
3588 4109 3788 4184 aliquis

2176 4209 2360 4268 dicat:
2395 4206 2541 4277 Quid
2564 4206 2634 4264 de
2661 4221 2720 4263 se
2746 4205 2952 4262 mirum
2971 4209 3194 4261 sanctus
3220 4202 3310 4258 vir
3339 4203 3561 4272 asserit,
3596 4203 3647 4270 si
3679 4214 3787 4257 non

2175 4301 2356 4358 solum
2389 4297 2459 4356 ab
2485 4295 2745 4354 adulterii
2773 4293 3026 4363 crimine,
3057 4307 3252 4349 verum
3279 4292 3450 4348 etiam
3475 4309 3508 4349 a
3537 4290 3788 4348 fornica-

2174 4389 2345 4446 tionis
2368 4386 2752 4461 inquinatione
2778 4401 2836 4442 se
2865 4384 3101 4442 liberum
3130 4382 3374 4439 servavit
3393 4382 3424 4440 ?
3449 4383 3585 4440 Haic
3606 4388 3787 4438 autem

2095 4505 2146 4566 D
2175 4475 2657 4566 parvipendimus,
2697 4475 2744 4532 si
2775 4475 3046 4566 virtutum
3089 4471 3221 4566 ejus-
3252 4479 3507 4566 tempora
3556 4471 3788 4566 minime

2176 4583 2488 4644 pensamus.
2514 4564 2760 4624 Necdum
2790 4564 2938 4620 enim
2971 4561 3041 4618 ad
3066 4560 3472 4618 restrictionem
3502 4560 3692 4619 carnis
3711 4574 3786 4615 re-

2174 4659 2368 4717 velatze
2399 4657 2584 4729 gratiae
2635 4651 2940 4710 districtior
2986 4667 3218 4710 censura
3267 4658 3634 4722 processerat,
3668 4663 3785 4722 quze

2173 4765 2286 4804 non
2307 4747 2490 4804 solum
2511 4744 2778 4817 corporis,
2801 4741 2894 4799 sed
2915 4749 2970 4800 et
2983 4740 3165 4798 cordis
3187 4741 3474 4798 lasciviam
3492 4737 3786 4812 reprehen-

2171 4837 2276 4896 dit.
2311 4833 2557 4894 Necdum
2586 4833 2888 4891 multorum
2906 4830 3314 4890 continentium
3343 4829 3624 4888 castitatis
3642 4827 3785 4886 bona

2172 5053 2333 5128 quod,
2362 5062 2517 5128 ante,
2543 5059 2714 5111 tamen
2735 5053 3066 5125 plerumque,
3089 5067 3211 5126 quas
3241 5047 3492 5128 abundat
3512 5050 3578 5128 in
3597 5045 3780 5128 Germ,

2171 5121 2330 5258 ἓξ
2369 5121 2573 5196 Editis,
2631 5133 2687 5183 et
2715 5121 2835 5199 qua
2887 5121 3080 5184 contra
3105 5121 3253 5184 ἐκεῖ.
3307 5123 3441 5181 Mss.
3502 5121 3677 5180 ﬁdem
3706 5122 3784 5176 est

2285 5215 2382 5255 ia.

2285 5200 2382 5255 ita.

2240 5273 2262 5308 ⁴
2302 5269 2630 5327 Sanavimus
2661 5268 2828 5324 etiam
2858 5267 3008 5324 hunc
3037 5267 3222 5324 locum
3268 5267 3326 5324 in
3363 5266 3590 5336 Germ.,
3619 5260 3782 5324 Corb.

2169 5343 2354 5400 Germ.
2407 5347 2462 5397 et
2514 5340 2572 5396 in
2619 5339 2803 5396 Editis
2836 5338 3340 5410 corruptissimum,
3385 5339 3648 5394 maxime
3689 5349 3786 5407 ope

2166 5415 2295 5472 Mss.
2335 5413 2525 5471 Norm.
2558 5411 2784 5469 Nullum
2813 5428 2943 5468 sane
2975 5411 3284 5482 legitimum
3311 5425 3561 5482 sensum,
3584 5416 3786 5482 extun:

2167 5485 2296 5543 dere
2325 5484 2608 5558 potuimus
2635 5499 2706 5539 ex
2743 5483 2832 5558 his
2862 5499 2983 5556 quas
3029 5477 3298 5558 exhibent
3327 5481 3566 5558 Vulgat_i
3599 5499 3614 5538 :
3649 5477 3786 5558 quod

2166 5558 2304 5614 enim
2326 5553 2608 5625 disiuncta
2641 5554 2818 5612 reatui
2847 5553 3112 5609 sententiae
3143 5555 3336 5622 subdit,
3369 5553 3482 5610 etcf.
3515 5554 3566 5609 E
3594 5557 3783 5625 contra

2167 5636 2318 5703 patet
2343 5621 2544 5703 nostra:
2563 5628 2690 5703 _lect.
2721 5621 3523 5703 sensus,scilicetfornicarios
3550 5632 3606 5682 et
3627 5621 3778 5681 adul-

2165 5695 2315 5784 teros
2344 5699 2402 5756 in
2423 5697 2608 5757 verbis
2635 5697 2886 5773 Apostoli
2913 5695 3201 5768 distingui.
