3928 6380
108 304 196 364 εοι
866 292 1241 350 MORALIUM
1273 294 1407 350 LIB.
1450 294 1602 350 XXI.
1642 323 1712 335 —
1748 295 1820 351 IN
1858 296 2083 352 CAPUT
2122 296 2309 354 XXXI
2347 299 2408 355 B.
2450 299 2591 357 JOB.

3260 300 3367 358 202

108 422 350 488 imitanda
394 418 730 493 prodierant,
758 422 812 471 et
856 423 1041 473 tamen
1070 418 1260 474 beatus
1289 420 1392 475 Job
1419 421 1671 491 exempla
1696 421 1749 481 A
1779 426 1995 488 terram,
2028 423 2050 457 ⁸
2088 428 2138 477 et
2179 424 2447 478 nascentia
2474 424 2587 492 ejus
2630 424 2809 496 (Deut.
2857 441 3042 495 mn,
3071 426 3188 499 22).
3218 427 3366 498 Ignis

109 512 390 577 munditias,
424 526 542 580 quae
586 522 696 561 non
743 514 1040 577 acceperat,
1080 508 1345 563 tradebat.
1394 511 1445 565 A
1482 509 1672 565 multis

107 614 265 664 autem
292 615 438 656 nunc
467 597 629 651 etiam
660 602 782 666 post
802 595 1229 666 prohibitionem
1251 596 1347 652 Dei
1369 599 1549 653 carnis
1570 600 1669 655 im-

107 688 352 752 munditia
392 691 751 758 perpetratur.
786 684 926 740 Hinc
963 700 1090 755 ergo
1118 685 1485 757 colligendum
1513 695 1615 756 est,
1648 689 1667 722 ¹

105 798 212 839 cum
239 784 386 833 tanta
414 776 577 845 culpa
606 788 753 828 nunc
780 773 943 828 etiam
966 782 1086 845 post
1116 784 1445 846 praeceptum
1468 777 1525 831 in
1554 792 1670 846 gra-

105 871 245 928 vibus
270 863 630 935 delinquitur,
659 878 783 917 cum
815 870 1018 933 quanta
1046 863 1205 917 laude
1236 872 1393 919 antea
1421 882 1453 920 a
1481 865 1673 937 gravi--

105 962 191 1018 bus
202 952 589 1011 abstinebatur.
610 949 713 1016 Qui
736 950 782 1004 si
800 949 905 1006 hoc
926 967 1169 1023 unquam
1192 953 1401 1020 fecerit,
1423 954 1671 1009 eamdem

101 1049 295 1119 culpam
324 1041 467 1096 verti
491 1039 597 1095 sibi
626 1038 835 1110 expetit
864 1038 921 1094 in
952 1056 1191 1111 poenam,
1222 1040 1410 1097 dicens
1442 1059 1455 1097 ε

676 1144 903 1203 CAPUT
950 1146 1074 1202 XII.

158 1260 318 1316 Vnus.
352 1256 435 1311 10.
465 1284 537 1297 --
569 1253 809 1309 Scortum
841 1254 1064 1308 alterius
1093 1255 1162 1308 sit
1187 1270 1331 1309 uxor
1358 1272 1493 1323 mea,
1520 1262 1567 1310 et
1588 1272 1672 1310 su-

94 1366 178 1421 per
199 1347 344 1402 illam
372 1343 719 1397 incurventur
745 1340 864 1396 alii.

160 1454 238 1509 19.
283 1448 544 1507 Luxuria:
587 1447 782 1501 crimen
827 1463 989 1517 usque
1031 1448 1102 1501 ad
1126 1446 1469 1518 perditionem
1498 1455 1671 1515 vorat,

98 1556 348 1609 omnesque
376 1536 595 1591 virtutes
641 1536 880 1589 destruit.
914 1536 1074 1589 Nemo
1104 1536 1185 1589 hic
1214 1536 1323 1589 sine
1346 1544 1570 1606 peccato.
1603 1567 1674 1579 —

100 1631 160 1686 Et
185 1627 308 1702 quia
334 1626 657 1698 plerumque
684 1623 789 1679 hoc
810 1623 956 1696 quod
988 1623 1235 1679 faciendo
1256 1640 1366 1679 non
1388 1624 1675 1695 perpendi-

96 1735 203 1775 mus
248 1732 407 1789 quam
452 1730 615 1786 grave
664 1714 758 1781 sit,
792 1713 1050 1785 patiendo
1099 1729 1389 1784 pensamus
1429 1713 1673 1784 ejusdem

1779 511 1980 583 quippe
2023 518 2224 567 terram
2272 518 2434 584 atque
2476 510 2594 583 ejus
2631 514 2907 569 nascentia
2945 515 3202 584 comedit,
3238 532 3366 572 cum

1777 598 1953 656 libido
1978 616 2223 675 carnem,
2252 608 2414 671 atque
2440 616 2540 671 per
2567 598 2711 657 hanc
2737 603 2924 656 omnia
2941 602 3079 657 bene
3099 612 3216 659 acta
3238 620 3363 660 con-

1777 690 1966 745 sumit.
1997 691 2135 746 Nam
2178 689 2449 763 quidquid
2487 689 2669 761 prodit
2707 706 2777 746 ex
2804 690 2960 761 fruge
2996 692 3363 759 rectitudinis,

1779 778 1885 834 hoc
1912 778 2177 834 nimirum
2206 785 2517 833 concremet
2546 777 2766 833 ﬂamma
2794 780 3181 850 corruptionis.
3214 779 3367 832 Dicat

1780 883 1906 937 ergo
1956 885 1967 922 :
2014 867 2158 935 Ignis
2204 874 2278 920 est
2320 883 2479 935 usque
2523 866 2595 921 ad
2635 868 2982 938 perditionem
3016 869 3293 931 devorans,
3323 873 3369 919 et

1780 954 1958 1009 omnia
1982 956 2259 1008 erudimus
2286 954 2567 1024 genimina,
2599 955 2727 1026 quia
2756 956 2801 1010 si
2829 956 3198 1026 corruptionis
3226 954 3369 1009 malo

1782 1060 1893 1097 non
1924 1042 2215 1109 resistitur,
2243 1050 2296 1096 et
2328 1043 2419 1097 illa
2439 1043 2627 1113 procul
2648 1042 2820 1098 dubio
2840 1052 3067 1113 pereunt
3089 1060 3207 1114 qure
3228 1042 3371 1096 bona

1781 1130 2129 1185 videbantur.
2148 1130 2252 1184 Sed
2269 1130 2753 1186 solentnonnullos
2766 1131 2835 1187 ad
2851 1132 3219 1187 humilitatem
3236 1148 3259 1183 ι
3274 1129 3372 1183 itia

1781 1227 2042 1286 sternere,
2069 1227 2229 1289 atque
2259 1219 2325 1273 ad
2359 1228 2625 1274 tumorem
2657 1222 2857 1276 mentis
2886 1222 3118 1277 virtutes
3136 1223 3367 1276 elevare.

1784 1307 1924 1382 [Vet.
1955 1308 2051 1381 X.]
2084 1309 2449 1375 Quaerendum
2490 1328 2615 1379 ergo
2658 1312 2816 1367 nobis
2847 1321 2947 1379 est,
2978 1312 3022 1365 si
3056 1312 3243 1366 beatus
3270 1309 3372 1365 Job

1782 1397 1841 1453 in
1896 1405 2044 1452 tanta
2090 1398 2357 1453 castitatis
2414 1398 2685 1453 munditia
2740 1400 2903 1454 etiam
2961 1399 3189 1454 humilis
3242 1398 3366 1452 fuit.

1782 1485 1887 1541 Sed
1916 1494 2135 1540 sanctus
2162 1486 2251 1540 vir
2277 1504 2399 1541 cum
2442 1488 2551 1540 alta
2580 1487 2846 1541 virtutum
2878 1495 3079 1553 teneat,
3113 1502 3274 1558 quam
3302 1484 3370 1540 de

1781 1588 1840 1629 se
1881 1572 2114 1628 humilia
2143 1574 2363 1641 sentiat,
2396 1583 2614 1645 repente
2654 1576 2847 1646 aperit,
2876 1592 3003 1631 cum
3032 1574 3315 1646 subjungit
3352 1588 3365 1626 :

2372 1680 2599 1736 CAPUT
2636 1683 2785 1737 XIII.

96 1809 193 1863 vim
222 1806 476 1862 facinoris
500 1803 648 1876 quod
670 1820 725 1859 se
748 1804 881 1875 pati,
904 1803 949 1857 si
972 1820 1095 1857 reus
1116 1803 1207 1870 sit,
1239 1802 1433 1857 debere
1462 1802 1671 1858 denun-

1850 1789 2019 1845 VEns.
2055 1788 2139 1845 13.
2164 1820 2233 1829 -
2254 1788 2311 1842 Si
2339 1791 2619 1859 contempsi
2627 1790 2894 1857 judicium
2910 1790 3086 1844 subire
3098 1806 3213 1844 cum
3226 1804 3373 1842 servo

95 1897 201 1962 tiat,
220 1893 582 1967 exprimendo
610 1892 947 1957 manifestat,
977 1892 1166 1947 dicens
1195 1909 1206 1947 :

150 1985 309 2042 Vnus.
344 1985 429 2052 11,
471 1983 558 2039 12.
589 2013 660 2025 -
687 1983 797 2038 Hoc
841 1983 976 2036 enim
1024 1981 1174 2050 nefas
1222 1987 1297 2036 est
1340 1987 1389 2036 et
1418 1981 1672 2050 iniquitas

92 2077 345 2139 maxima;
372 2074 516 2146 ignis
546 2080 620 2128 est
650 2090 809 2142 usque
835 2073 907 2127 ad
943 2072 1291 2143 perditionem
1319 2071 1597 2135 devorans,
1627 2078 1675 2125 et

93 2165 245 2222 omnia
270 2162 558 2218 eradicans
589 2161 874 2233 genimina.

160 2258 291 2317 688
320 2263 439 2317 Hoc
474 2260 619 2315 inter
666 2264 949 2330 peccatum
981 2257 1149 2313 distat
1182 2265 1235 2313 et
1263 2256 1493 2325 crimen,
1524 2256 1671 2328 quod

94 2366 230 2407 omne
256 2348 475 2405 crimen
504 2353 787 2420 peccatum
815 2353 916 2415 est,
947 2362 1058 2401 non
1088 2354 1270 2401 tamen
1300 2361 1461 2402 omne
1489 2360 1673 2416 pecca-

96 2447 190 2494 tum
218 2438 422 2494 crimen
478 2444 579 2492 est.
609 2438 681 2491 Et
718 2436 775 2491 in
806 2435 909 2491 hac
936 2436 1050 2490 vita
1080 2435 1239 2490 multi
1271 2435 1388 2489 sine
1417 2433 1669 2501 crimine,

95 2526 255 2583 nullus
291 2543 423 2581 vero
462 2541 577 2581 esse
608 2525 724 2580 sine
754 2521 991 2595 peccatis
1019 2524 1183 2579 valet.
1217 2522 1371 2578 Unde
1399 2529 1453 2577 et
1481 2521 1672 2593 praedi-

95 2625 221 2671 cator
246 2623 499 2683 sanctus,
521 2630 647 2670 cum
677 2614 859 2667 virum
891 2613 1119 2682 dignum
1150 2613 1321 2683 gratia
1349 2610 1671 2667 sacerdotali

100 2703 422 2770 describeret,
466 2718 811 2773 nequaquam
842 2700 986 2755 dixit
1012 2718 1023 2754 :
1048 2700 1103 2754 Si
1134 2702 1257 2772 quis
1285 2700 1400 2754 sine
1418 2706 1668 2770 peccato;

96 2790 190 2858 sed,
222 2792 408 2861 Siquis
446 2791 560 2843 sine
578 2790 797 2843 crimine
825 2796 898 2841 est
917 2789 1048 2857 (Tit.
1072 2805 1113 2855 ι,
1143 2790 1223 2858 6).
1252 2787 1386 2854 Quis
1401 2804 1530 2842 vero
1559 2802 1673 2841 esse

96 2879 191 2935 sine
216 2888 442 2951 peccato
474 2877 676 2944 valeat,
705 2892 831 2932 cum
870 2876 1105 2930 Joannes
1152 2874 1298 2929 dicat
1331 2891 1341 2927 :
1378 2875 1435 2930 Si
1462 2873 1676 2927 dixeri-

96 2986 192 3023 mus
232 2969 353 3043 quia
390 2972 669 3039 peccatum
708 2982 813 3019 non
854 2964 1120 3027 habemus,
1152 2964 1486 3033 nosmetipsos
1514 2962 1677 3016 sedu-

93 3057 253 3125 δίπαις,
282 3065 329 3112 et
356 3056 565 3111 veritas
594 3055 651 3107 in
668 3054 816 3107 nobis
832 3069 935 3105 non
966 3057 1037 3106 est
1062 3050 1119 3121 (I
1142 3053 1299 3107 Joan.
1324 3069 1363 3118 l,
1386 3053 1466 3121 8).
1491 3052 1551 3106 In
1569 3066 1677 3121 qua

1779 1893 1890 1931 meo
1919 1879 1940 1912 ⁵
1975 1884 2024 1931 et
2052 1878 2251 1932 ancilla
2277 1894 2413 1942 mea,
2444 1894 2560 1932 cum
2593 1878 2942 1947 disceptarent
2967 1878 3248 1933 adversum
3270 1893 3369 1930 me.

1852 1983 1941 2040 20.
1973 1984 2119 2040 Mira
2148 1984 2244 2039 Job
2266 1986 2321 2039 in
2350 1990 2497 2040 tanta
2525 1984 2643 2039 vita
2670 1984 2967 2037 innocentia
2995 1982 3282 2036 humilitas.
3304 2011 3375 2023 —

1781 2070 1888 2140 Qui
1916 2072 2062 2127 enim
2087 2072 2327 2143 judicari
2357 2090 2481 2130 cum
2498 2074 2673 2129 servis
2698 2073 3021 2145 ancillisque
3044 2088 3151 2127 non
3169 2071 3371 2138 renuit,

1781 2160 1994 2233 liquido
2006 2161 2211 2217 indicat
2222 2162 2367 2235 quod
2380 2170 2565 2219 contra
2580 2164 2796 2219 nullum
2806 2178 3046 2234 unquam
3062 2160 3376 2232 proximum

1781 2249 1925 2321 apud
1955 2266 2010 2305 se
2039 2251 2288 2306 tumidus
2316 2253 2440 2307 fuit.
2474 2254 2622 2307 Inter
2650 2252 2767 2307 hzec
2794 2260 2975 2307 autem
2999 2251 3129 2305 libet
3151 2248 3373 2317 intueri,

1783 2338 1952 2393 vitam
1971 2356 2122 2394 suam
2146 2340 2202 2394 in
2220 2342 2477 2396 omnibus
2495 2350 2697 2413 quanta
2713 2341 2800 2395 vir
2815 2348 3033 2395 sanctus
3047 2338 3375 2395 discretione

1780 2428 2101 2483 custodivit.
2125 2431 2246 2484 Non
2285 2430 2431 2485 enim
2460 2431 2616 2499 longe
2648 2429 2901 2500 superius
2917 2429 3094 2483 dixit:
3126 2427 3375 2488 Videbunt

1780 2534 1859 2570 me
1895 2516 2135 2586 juvenes,
2184 2526 2231 2572 et
2275 2519 2747 2582 abscondebantur,
2778 2524 2825 2571 et
2865 2534 3006 2571 senes
3050 2520 3376 2585 assurgentes

1782 2607 2027 2672 stabant;
2050 2608 2315 2679 principes
2344 2609 2610 2663 cessabant
2638 2608 2801 2677 loqui,
2832 2615 2879 2661 et
2897 2608 3375 2676 digitumsuperpo-

1781 2697 1972 2750 nebant
1998 2697 2082 2751 ori
2102 2714 2195 2751 suo
2212 2715 2233 2761 ;
2263 2715 2432 2751 vorem
2448 2714 2596 2750 suam
2622 2697 2918 2750 rohibebant
2938 2697 3112 2759 duces,
3130 2701 3177 2748 et
3198 2694 3376 2763 lingua

1782 2800 1963 2838 eorum
2006 2786 2213 2856 gutturi
2253 2805 2345 2841 suo
2394 2788 2710 2841 adluerebat.
2750 2786 2891 2859 [Rea
2934 2784 3031 2857 X.]
3062 2786 3221 2841 Nunc
3247 2799 3377 2838 vero

1783 2870 1861 2925 ait
1893 2888 1904 2924 :
1939 2873 1998 2925 Si
2037 2874 2318 2941 contempsi
2349 2873 2619 2941 judicium
2664 2874 2839 2927 subire
2875 2892 2989 2927 cum
3023 2891 3170 2928 servo
3197 2890 3305 2929 meo
3330 2877 3378 2926 et

1783 2965 1983 3018 ancilla
2028 2982 2165 3029 mea,
2210 2981 2327 3018 cum
2362 2963 2506 3019 689
2552 2970 2899 3037 disceptarent
2941 2971 3222 3023 adversum
3273 2985 3373 3023 me.

1785 3052 1919 3118 Quis
1947 3052 2109 3123 digne
2138 3054 2485 3108 considerare
2513 3055 2691 3108 valeat
2722 3054 2886 3124 hujus
2917 3056 3022 3108 viri
3052 3063 3162 3109 tam
3192 3054 3378 3110 subli-

95 3145 327 3201 videlicet
366 3150 724 3216 peccatorum
755 3148 807 3195 et
842 3140 1139 3197 criminum
1170 3139 1524 3195 distinctione
1552 3154 1679 3208 pen-
1708 3135 1752 3194 Ο
1788 3141 2177 3196 miavirtutum
2195 3142 2605 3197 moderamina?
2623 3145 2683 3198 In
2700 3160 2808 3214 quo
2823 3151 2973 3197 tanta
2988 3152 3067 3197 est
3081 3144 3377 3200 auctoritas

94 3235 301 3289 tandum
323 3240 406 3289 est
426 3232 565 3303 quia
584 3230 850 3286 nonnulla
878 3236 1098 3301 peccata
1124 3228 1364 3283 animam
1394 3227 1670 3298 polluunt,

95 3321 115 3358 ²
130 3338 278 3393 quam
299 3320 543 3378 crimina
563 3319 941 3389 exstinguunt.
966 3316 1119 3372 Unde
1139 3316 1328 3372 beatus
1346 3315 1447 3370 Job
1461 3315 1671 3369 crimen

96 3408 307 3466 luxuriae
328 3409 624 3477 definiens,
642 3409 717 3463 ait
742 3425 752 3462 :
787 3406 933 3478 Ignis
952 3413 1026 3461 est
1054 3423 1216 3475 usque
1243 3405 1314 3459 ad
1328 3403 1673 3475 perditionem

98 3497 354 3566 devorans,
386 3498 519 3570 quia
562 3496 825 3551 nimirum
869 3502 1050 3549 reatus
1079 3493 1245 3564 hujus
1272 3491 1531 3548 facinoris
1563 3505 1675 3545 non

96 3586 256 3640 solum
287 3602 462 3657 usque
511 3583 579 3639 ad
624 3582 1061 3655 inquinationem
1092 3582 1350 3645 maculat,
1381 3580 1474 3635 sed
1504 3593 1677 3649 usque

96 3673 151 3727 ad
179 3674 541 3745 perditionem
571 3680 747 3727 vorat.
769 3671 839 3725 Et
868 3670 996 3742 quia
1012 3668 1315 3741 quamlibet
1341 3668 1450 3722 alia
1471 3665 1679 3721 fuerint

98 3758 224 3816 bona
250 3777 437 3833 opera,
469 3760 516 3814 si
547 3758 781 3813 luxuriae
813 3758 989 3813 scelus
1017 3772 1129 3811 non
1159 3755 1421 3821 abluitur,
1449 3754 1678 3808 immen-

97 3848 237 3905 sitate
279 3850 454 3921 hujus
496 3844 747 3902 criminis
775 3844 1104 3911 obruuntur,
1131 3850 1349 3900 secutus
1375 3842 1631 3915 adjunxit
1661 3857 1677 3898 :

99 3937 160 3992 Et
183 3940 359 3994 omnia
389 3936 670 3992 eradicans
697 3934 976 4005 genimina.
1007 3933 1297 3990 Genimina
1325 3933 1524 4005 quippe
1551 3939 1679 3988 sunt

100 4027 274 4085 anima:
308 4023 660 4098 operationes
680 4023 857 4078 bonae.
891 4022 994 4079 Cui
1030 4030 1208 4077 tamen
1236 4022 1282 4077 si
1312 4038 1566 4093 perverso
1594 4037 1679 4076 or-

102 4113 212 4171 dine
238 4132 366 4172 caro
398 4111 738 4179 dominatur,
762 4112 886 4183 igne
917 4112 1152 4167 luxuriae
1179 4110 1366 4166 omnia
1392 4112 1529 4167 bene
1559 4128 1678 4181 pro-

100 4201 194 4258 lata
222 4208 666 4260 concremantur.
699 4201 860 4256 Nulla
889 4200 1090 4272 quippe
1126 4208 1252 4255 ante
1284 4199 1682 4271 omnipotentis

100 4292 186 4347 Dei
212 4293 401 4349 oculos
425 4290 656 4362 justitiae
686 4289 1011 4361 pietatisque
1048 4298 1177 4345 sunt
1205 4306 1389 4361 opera,
1418 4305 1537 4360 qum
1565 4306 1680 4345 cor-

100 4380 356 4451 ruptionis
371 4379 627 4449 contagio
647 4385 1022 4433 monstrantur
1040 4378 1344 4433 immunda.
1369 4379 1513 4446 Quid
1533 4380 1679 4433 enim

1782 3228 2088 3298 regiminis,
2112 3228 2255 3283 utad
2278 3229 2561 3284 silentium
2582 3230 2984 3299 restringantur
3004 3231 3170 3285 duces
3191 3249 3201 3285 :
3227 3239 3378 3286 tanta

1783 3316 2344 3385 humilitascordis,ut
2354 3334 2424 3372 ex
2434 3335 2590 3390 aequo
2601 3320 2668 3374 ad
2675 3320 2948 3391 judicium
2962 3322 3148 3375 venire
3160 3320 3375 3391 permit.

1782 3412 1970 3460 tantur
1993 3406 2225 3461 ancillae.
2252 3408 2391 3461 Ecce
2418 3416 2640 3478 apparet
2670 3408 2811 3464 miro
2836 3408 3000 3464 modo
3030 3409 3087 3463 in
3118 3416 3379 3479 potestate

1784 3492 2127 3564 principibus
2156 3494 2178 3528 ⁶
2207 3493 2409 3563 potior,
2433 3493 2488 3548 in
2520 3495 2817 3549 certamine
2846 3495 3020 3550 servis
3040 3496 3294 3567 aequalis;
3320 3496 3379 3551 in

1785 3590 1929 3637 cmtu
1950 3579 2262 3651 principum
2280 3596 2490 3635 memor
2510 3582 2878 3652 regiminis,in
2894 3584 3189 3639 certamine
3207 3586 3382 3641 famu-

1786 3668 1965 3723 lorum
1988 3685 2197 3723 memor
2212 3668 2644 3724 conditionis.Se
2665 3669 2864 3742 quippe
2886 3671 2987 3726 sub
3010 3687 3137 3726 vero
3152 3672 3379 3730 domino

1786 3756 2053 3812 famulum
2077 3758 2608 3830 conspicit,ideoque
2628 3758 2808 3814 cordis
2830 3759 3122 3815 altitudine
3142 3778 3197 3815 se
3216 3778 3381 3834 super

1786 3844 2023 3904 famulos
2052 3862 2164 3902 non
2190 3847 2428 3902 extollit.
2464 3847 2617 3903 Unde
2647 3855 2700 3901 et
2728 3847 2979 3918 protinus
3004 3848 3192 3904 subdit
3223 3868 3235 3904 :

2381 3935 2608 3992 CAPUT
2636 3937 2785 3992 XIV.

1858 4025 2027 4083 VERS.
2063 4024 2147 4079 14.
2178 4053 2250 4064 -
2282 4024 2419 4089 Quid
2447 4024 2582 4077 enim
2609 4023 2807 4093 faciam
2834 4042 2951 4080 cum
2978 4028 3276 4081 surrexerit
3306 4027 3380 4085 ad

1783 4114 2133 4187 iudicandum
2178 4112 2361 4166 Deus?
2410 4117 2459 4165 et
2503 4128 2620 4166 cum
2665 4113 2952 4182 quaesierit,
2995 4115 3124 4184 quid
3166 4133 3379 4187 respon-

1788 4203 1913 4257 debo
1942 4201 2027 4255 illi
2048 4201 2075 4255 "?

1858 4292 1947 4347 21.
1984 4287 2087 4357 Qui
2112 4288 2237 4344 aliis
2266 4294 2525 4359 praesunt,
2556 4288 2663 4344 Deo
2693 4306 2745 4344 se
2770 4291 2972 4345 subesse
2998 4309 3199 4363 semper
3214 4302 3380 4351 atten-

1789 4376 2121 4443 dant.—Qui
2149 4384 2443 4431 venturum
2466 4375 2710 4446 judicem
2756 4379 2980 4449 cogitat,
3008 4380 3382 4443 indesinenter

101 4471 304 4539 prodest
330 4470 378 4526 si
410 4470 496 4540 pie
530 4468 815 4540 quisquam
846 4468 1155 4524 necessitati
1186 4468 1518 4538 compatitur
1545 4484 1682 4538 pro—
1708 4482 1759 4541 D
1790 4468 2035 4541 quotidie
2083 4468 2358 4523 rationum
2402 4484 2623 4523 suarum
2664 4469 2721 4522 in
2753 4470 2949 4525 melius
2977 4488 3163 4529 causas
3190 4485 3373 4546 parat;

100 4553 247 4620 ximi,
275 4555 497 4628 quando
526 4554 693 4625 impie
715 4556 735 4588 ³
767 4554 1117 4624 semetipsum
1135 4553 1366 4609 destruit
1387 4554 1675 4609 habitatio-

100 4656 213 4699 nem
253 4646 393 4701 Dei?
440 4644 497 4699 Si
535 4659 662 4713 ergo
705 4659 800 4713 per
844 4643 1024 4699 cordis
1062 4643 1391 4698 munditiam
1430 4644 1677 4698 libidinis

102 4729 307 4789 ﬂamma
323 4750 437 4790 non
456 4732 847 4803 exstinguitur,
870 4732 1141 4788 incassum
1174 4732 1429 4804 quaelibet
1449 4733 1681 4788 virtutes

105 4819 364 4889 oriuntur,
394 4821 540 4876 sicut
564 4837 659 4892 per
690 4821 917 4892 Moysen
947 4819 1185 4876 dicitur:
1216 4821 1360 4889 Ignis
1387 4820 1589 4874 exarsit
1614 4822 1680 4875 ab

103 4904 183 4963 ira
198 4925 330 4979 mea,
345 4916 396 4965 et
416 4908 622 4966 ardebit
640 4925 802 4980 usque
819 4910 891 4968 ad
916 4908 1117 4980 inferos
1147 4908 1392 4964 deorsum
1411 4928 1434 4974 ;
1460 4911 1684 4965 comedet

177 5137 195 5171 ¹
210 5136 412 5209 Laud.,
432 5137 556 5195 Val.
580 5138 663 5196 Cl.
688 5146 742 5194 et
755 5138 944 5195 Norm.
957 5136 1049 5209 sic
1066 5134 1299 5207 habent;
1323 5143 1378 5193 at
1398 5137 1456 5192 in
1473 5137 1684 5209 Germ.,

112 5202 264 5265 Corb.
298 5202 481 5265 Germ.
505 5216 558 5265 et
589 5209 648 5265 in
667 5210 848 5266 Editis
864 5208 1065 5280 legitur
1082 5225 1094 5264 :
1112 5224 1229 5262 cum
1246 5202 1447 5277 quanta
1460 5202 1684 5282 culpa":

109 5290 215 5332 cum
243 5285 412 5344 tanta,
442 5288 546 5337 etc.

175 5348 197 5382 ’
224 5348 431 5418 Germ.,
461 5350 657 5424 Laud.,
688 5350 1086 5424 Corb.Germ.,
1106 5349 1230 5407 Val.
1262 5348 1346 5407 Cl.
1368 5356 1424 5405 et
1441 5351 1688 5424 plerique

111 5415 309 5492 Norm.,
339 5415 465 5492 nam
487 5415 710 5477 crimina
733 5415 1090 5492 exstinguunt'.

176 5491 196 5523 ³
238 5492 297 5545 ln
332 5491 493 5565 Περι-1).
544 5492 753 5560 Germ.,
790 5491 979 5565 prima
1000 5510 1195 5565 manu,
1226 5494 1459 5561 Turon.,
1488 5492 1687 5562 Laud.,

117 5556 313 5634 Germ.,
359 5563 575 5632 Norm.,
624 5556 756 5631 etc.,
786 5556 861 5618 ita
908 5564 1125 5634 legitur,
1158 5556 1319 5622 Corb.
1353 5556 1564 5633 Germ.,
1594 5556 1693 5619 se;

115 5631 323 5758 333%
328 5649 496 5691 manu
532 5631 590 5690 et
635 5635 887 5706 Vulgatis
929 5631 1260 5694 habentibus
1309 5635 1370 5693 in
1420 5631 1691 5707 semetipso

378 5800 619 5860 PATROL.
651 5802 901 5861 LXXVI.

1785 4560 1805 4593 ⁷
1839 4559 1933 4629 qui
1963 4566 2228 4611 aeternum
2259 4555 2557 4610 Dominum
2600 4562 2833 4611 tremore
2883 4558 3065 4614 cordis
3111 4560 3377 4631 intuetur,

1783 4643 1907 4717 jura
1952 4642 2265 4716 temporalis
2312 4642 2546 4698 dominii
2591 4660 2752 4714 super
2793 4645 3067 4717 subjectos
3108 4650 3378 4710 moderari

1787 4735 2154 4808 compellitur.
2186 4732 2478 4804 Perpendit
2507 4732 2655 4787 enim
2684 4734 2763 4788 nil
2791 4749 2905 4789 esse
2926 4739 3072 4808 quod
3100 4747 3381 4812 tempora-

1788 4822 1916 4878 liter
1943 4831 2137 4894 praeest
2164 4822 2395 4888 caeteris,
2425 4819 2643 4891 quando
2664 4820 2746 4875 illi
2768 4822 2838 4877 ad
2858 4824 3187 4881 reddendam
3217 4829 3379 4883 ratio-

1790 4928 1917 4969 nem
1949 4912 2135 4967 subest
2163 4910 2259 4983 qui
2304 4908 2423 4965 sine
2452 4906 2560 4962 line
2598 4906 2933 4967 dominatur.
2966 4912 3118 4984 Saepe
3145 4930 3381 4986 namque

1866 5143 1890 5177 ⁸
1917 5140 2079 5220 C_orb.
2113 5140 2295 5196 Germ.
2328 5146 2384 5194 et
2408 5138 2607 5208 Laud.,
2638 5146 2687 5195 et
2710 5141 3028 5203 nascentias,
3061 5137 3207 5211 quod
3236 5137 3384 5197 infra

1794 5219 2087 5361 regeiiiig,
2330 5281 2566 5361 (leniet,
2600 5286 2660 5361 et-
2673 5278 2884 5361 ancillis
3116 5289 3278 5355 atque
3306 5283 3386 5341 ita

1796 5369 2009 5478 semqer
2038 5352 2237 5422 legitur
2270 5352 2328 5405 in
2360 5351 2527 5419 hujus
2550 5356 2735 5430 textus
2763 5351 3169 5407 retractatione.
3187 5351 3207 5355 ”

1868 5426 1890 5460 θ
1968 5421 2122 5480 aud..
2152 5422 2314 5477 Corb.
2347 5420 2556 5480 Germ.,
2590 5420 2711 5474 Val.
2745 5418 3101 5480 Cl.,Turon..
3122 5423 3339 5480 Vindoc

1797 5461 2122 5561 Norr‘n‘ri‘ta
2145 5461 2383 5563 habent;
2423 5462 2583 5558 cujtis
2611 5488 2765 5563 vpcis
2793 5461 2914 5563 lo,co
2940 5461 3389 5563 legitur,

1796 5583 1897 5620 nus
1926 5563 2207 5636 potentior,
2236 5562 2294 5636 in
2324 5560 2506 5616 Germ.
2534 5566 2589 5614 et
2617 5560 2886 5636 Vulgatis.

1870 5638 1890 5671 ⁷
1920 5631 2092 5702 Editi,
2113 5634 2240 5705 quia
2259 5632 2384 5705 dum
2402 5636 2671 5705 ceter-num.
2691 5631 2984 5704 Sequimur
3011 5636 3141 5695 Mss.
3172 5641 3383 5705 Germ.,

1799 5707 1926 5764 Val.
1957 5700 2311 5785 Cl.,'l\"orm.,
2342 5700 2505 5759 Corb.
2538 5702 2748 5769 Germ.,
2777 5700 2891 5761 'etc.

3069 5804 3101 5860 7
