3928 6378
571 315 682 383 203

1769 311 2016 372 SANCTI
2052 312 2388 371 GBEGORII
2423 307 2652 371 MAGNI
3735 315 3828 373 204

565 445 880 509 transitoria
919 449 1156 518 potestas
1198 439 1444 501 animum
1489 453 1588 515 per
1619 435 1847 515 abrupta
1889 437 2143 498 elationis
2171 444 2226 505 Α
2255 443 2468 514 petunt,
2489 440 2584 497 sed
2610 438 2826 513 quando
2841 437 2909 495 ab
2929 437 3131 495 eisdem
3160 435 3392 494 subditis
3408 435 3582 496 Deum
3610 437 3814 498 minime

565 537 728 610 rapit.
777 534 849 590 Et
897 533 1027 606 quia
1069 545 1134 589 eo
1178 529 1408 606 quisque
1451 525 1759 597 extollitur,
1788 543 1896 602 quo
1939 545 1996 586 se
2033 543 2148 586 esse

563 641 728 698 super
773 621 986 694 aliquos
1032 619 1204 688 videt,
1233 619 1392 676 illum
1421 625 1636 692 oportet
1675 617 1770 690 qui
1799 631 1960 690 super
1985 631 2041 674 se
2066 623 2150 674 est

562 730 778 788 semper
821 711 1067 785 aspiciat,
1096 718 1159 766 ut
1203 703 1321 782 ejus
1365 716 1516 766 metu
1543 705 1638 780 qui
1667 723 1832 779 supra
1859 707 2045 764 omnia
2067 713 2150 765 est

564 805 896 862 crescentem
923 797 1254 856 intrinsecus
1274 798 1446 855 animi
1463 804 1732 853 tumorem
1762 803 1992 869 premat.
2016 797 2031 834 ¹
2063 797 2148 852 In-

563 899 752 949 tuetur
787 889 932 945 enim
975 885 1072 961 qui
1114 885 1218 943 sub
1262 885 1382 960 ipso
1427 886 1561 953 sint,
1598 884 1692 940 sed
1719 883 2025 940 consideret
2049 884 2150 941 sub

566 997 675 1054 quo
729 979 842 1051 ipse
895 975 988 1046 sit,
1043 981 1108 1032 ut
1155 991 1229 1032 ex
1279 973 1718 1054 consideratione
1758 973 1877 1030 veri
1914 971 2150 1042 domini,

565 1069 837 1126 decrescat
881 1073 1064 1121 tumor
1109 1061 1259 1120 falsa
1304 1061 1718 1119 dominationis.
1765 1060 1920 1118 Unde
1963 1059 2154 1116 beatus

562 1155 686 1225 Job,
717 1153 847 1228 quia
873 1151 992 1226 ejus
1012 1147 1284 1225 judicium
1313 1151 1407 1224 qui
1433 1165 1598 1224 super
1624 1148 1810 1206 omnia
1835 1157 1918 1206 est
1935 1149 2152 1220 metuit,

562 1245 658 1302 hic
700 1243 768 1300 ad
807 1239 1106 1315 temporale
1141 1239 1414 1315 judicium
1458 1239 1682 1295 famulis
1725 1239 1950 1312 aequalis
1977 1238 2152 1303 venit,

564 1332 753 1390 dicens
785 1350 798 1388 :
833 1332 895 1388 Si
933 1329 1214 1402 contempsi
1232 1327 1498 1399 judicium
1520 1325 1696 1384 subire
1721 1342 1835 1382 cum
1864 1342 2012 1382 servo
2043 1339 2154 1381 meo

2254 530 2437 586 timeri
2475 528 2910 602 deprehendunt,
2940 535 3002 584 ut
3039 527 3278 582 humana
3319 527 3508 583 saltem
3541 525 3815 586 formidine

2254 635 2476 693 peccare
2518 627 2786 689 metuant,
2847 617 2942 692 qui
2997 619 3186 674 divina
3229 616 3440 689 judicia
3481 633 3588 672 non
3632 619 3816 675 formi-

2257 709 2408 766 dant.
2451 709 2804 782 Nequaquam
2853 724 2980 780 ergo
3031 706 3306 778 praepositi
3353 721 3421 760 ex
3463 705 3566 762 hoc
3609 710 3818 778 quaesito

2253 797 2454 854 timore
2496 796 2838 869 superbiunt,
2879 795 2936 851 in
2977 812 3086 868 quo
3122 811 3232 850 non
3273 809 3429 850 suam
3470 794 3711 864 gloriam,
3737 798 3820 853 sed

2259 885 2602 941 subditorum
2621 883 2892 955 justitiam
2926 890 3196 955 quaerunt.
3221 883 3281 937 In
3310 897 3374 936 eo
3403 881 3547 936 enim
3569 883 3708 954 quod
3725 901 3822 939 me.

2257 981 2377 1029 tum
2408 973 2510 1028 sibi
2541 990 2572 1028 a
2599 988 2848 1044 perverse
2877 971 3190 1027 viventibus
3219 971 3468 1040 exigunt,
3498 971 3648 1042 quasi
3675 987 3702 1026 a
3723 989 3823 1028 non

2259 1061 2601 1130 hominibus,
2631 1061 2722 1116 sed
2752 1061 2930 1116 brutis
2957 1059 3285 1114 animalibus
3313 1058 3685 1128 dominantur,
3711 1061 3826 1132 quia

2263 1150 2518 1206 videlicet
2554 1157 2628 1205 ex’
2671 1166 2778 1222 qua
2815 1157 2967 1223 parte
2995 1149 3248 1205 bestiales
3276 1156 3406 1203 sunt
3433 1147 3659 1217 subditi,
3686 1165 3751 1204 ex
3773 1165 3827 1204 ea

2259 1240 2424 1298 etiam
2455 1239 2654 1296 debent
2679 1240 2962 1297 formidini
2989 1239 3168 1310 jacere
3199 1237 3480 1294 substrati.

2332 1327 2422 1385 24.
2453 1329 2620 1383 Nulla
2657 1336 2855 1398 cogente
2885 1328 3003 1382 vitii
3029 1327 3328 1397 corrigendi
3354 1325 3671 1392 necessitate,
3693 1343 3831 1398 prte-

563 1429 613 1480 et
644 1423 844 1480 ancilla
871 1439 1004 1488 mea,
1029 1437 1146 1476 cum
1185 1419 1541 1491 disceptarent
1575 1417 1858 1474 adversum
1883 1431 1980 1471 me.
2016 1411 2158 1482 Quid
2265 1415 2363 1472 lati
2387 1417 2547 1470 metui
2571 1416 2860 1486 refugiant,
2889 1421 2938 1470 et
2959 1415 3136 1486 pluris
3163 1415 3438 1470 wstimari.
3456 1444 3526 1456 --
3555 1414 3689 1471 Cum
3716 1431 3830 1470 vero

561 1510 698 1568 enim
739 1509 936 1582 faciam
958 1525 1076 1565 cum
1103 1506 1396 1564 surrexerit
1421 1506 1496 1562 ad
1521 1505 1874 1576 judicandum
1900 1505 2082 1560 Deus?
2109 1507 2158 1558 et
2262 1501 2415 1560 deest
2459 1504 2657 1560 vitium
2708 1504 2854 1578 quod
2897 1504 3221 1575 corrigatur,
3253 1521 3364 1560 non
3414 1503 3483 1559 de
3529 1503 3834 1560 excellentia

561 1615 680 1657 cum
720 1597 1002 1670 quctsierit,
1031 1595 1161 1668 quid
1197 1593 1514 1668 respondebo
1546 1592 1675 1649 illi?
1713 1590 1818 1660 Qui
1857 1597 1920 1646 ut
1945 1597 2160 1662 semper
2263 1593 2566 1665 potestatis,
2583 1591 2678 1648 sed
2706 1592 2773 1648 de
2801 1592 3108 1666 aequalitate
3136 1593 3476 1649 conditionis
3506 1592 3758 1663 gaudent;
3788 1599 3836 1647 et

563 1701 660 1744 oor
703 1685 763 1739 in
802 1683 1116 1738 humilitate
1157 1681 1450 1752 deprimat,
1489 1693 1833 1751 nequaquam
1862 1678 1920 1734 in
1951 1677 2156 1734 eisdem
2263 1694 2375 1738 non
2403 1680 2580 1735 solum
2605 1679 2673 1736 ab
2701 1681 2780 1736 eis
2809 1681 3000 1750 metui,
3030 1680 3125 1736 sed
3153 1681 3314 1737 etiam
3345 1682 3471 1752 plus
3491 1697 3653 1753 quam
3671 1697 3836 1736 neces-

563 1774 789 1833 famulis
837 1771 1127 1842 conspicit,
1157 1769 1304 1842 quod
1347 1769 1455 1825 sibi
1502 1775 1676 1824 status
1719 1775 1802 1823 est
1828 1766 2034 1840 dispar,
2061 1766 2156 1824 sed
2184 1787 2232 1850 Β
2263 1783 2320 1825 se
2351 1777 2432 1825 est
2474 1769 2731 1825 honorari
2762 1771 3060 1840 refugiunt.
3093 1772 3278 1842 Neque
3306 1772 3457 1826 enim
3491 1771 3691 1854 lex-coss
3718 1788 3835 1844 per-

564 1863 716 1940 quod
739 1869 940 1920 natura
963 1859 1294 1919 communis.
1325 1857 1481 1916 Unde
1516 1859 1681 1916 etiam
1709 1858 1896 1917 subdit
1923 1875 1939 1918 :

1000 1967 1228 2029 CAPUT
1265 1967 1372 2028 xv
1399 1965 1540 2042 [νει.
1574 1965 1706 2042 x1].

633 2071 806 2138 Vsus.
840 2076 926 2135 18.
952 2105 1024 2119 —
1045 2073 1297 2145 Nunquid
1320 2088 1428 2130 non
1452 2073 1513 2128 in
1538 2079 1690 2130 utero
1716 2073 1842 2144 fecit
1863 2089 1964 2140 me,
1984 2071 2082 2145 qui
2105 2078 2157 2131 et

559 2167 720 2228 illum
741 2171 988 2241 operatus
1014 2168 1109 2231 est,
1138 2169 1189 2220 et
1211 2162 1467 2235 formavit
1487 2162 1544 2218 in
1569 2165 1731 2220 vulva
1758 2179 1897 2220 unus
1913 2165 1942 2219 Ῡ

631 2273 725 2334 22.
751 2273 982 2346 Cogitant
998 2270 1348 2343 aequalitatem
1365 2269 1697 2336 conditionis,
1716 2286 1824 2326 non
1854 2274 2156 2342 potestatem

562 2362 770 2420 ordinis
787 2363 816 2418 ?
855 2367 904 2416 et
935 2361 1063 2432 plus
1086 2359 1332 2431 prodesse
1359 2375 1520 2430 quam
1541 2373 1769 2431 praesse
1795 2358 2055 2414 studeant.
2083 2388 2154 2401 —

561 2450 886 2510 Potentibus
912 2449 1050 2504 viris
1074 2463 1269 2520 magna
1294 2455 1377 2504 est
1403 2447 1581 2504 virtus
1609 2445 1961 2514 humilitatis,
1977 2447 2154 2504 consi-

561 2525 748 2599 derata
775 2537 1052 2611 aequalitas
1080 2533 1436 2593 conditionis.
1469 2534 1672 2592 Omnes
1698 2551 1934 2608 namque
1963 2535 2155 2591 homi-

563 2643 664 2687 nes
688 2635 884 2685 natura
909 2627 1142 2700 aequales
1169 2641 1392 2692 sumus;
1424 2624 1518 2681 sed
1547 2625 1774 2682 accessit
1801 2623 2152 2698 dispensato-

561 2715 650 2774 rio
669 2714 884 2784 ordine,
903 2721 966 2770 ut
985 2713 1310 2786 quibusdam
1338 2712 1549 2784 praelati
1579 2712 1883 2769 videamur.
1908 2713 1964 2770 Si
1983 2713 2153 2784 igitur

561 2800 672 2862 hoc
711 2819 746 2860 a
783 2809 964 2858 mente
991 2800 1352 2874 deprimimus
1378 2796 1525 2873 quod
1563 2799 1936 2872 temporaliter
1962 2817 2151 2856 acces-

559 2892 657 2963 sit,
684 2892 996 2950 invenimus
1041 2891 1208 2948 citius
1235 2887 1381 2964 quod
1411 2889 1740 2946 naturaliter
1775 2903 1983 2946 sumus.
2016 2890 2150 2946 Ple-

559 2993 796 3056 rumque
820 2981 966 3039 enim
995 2996 1052 3037 se
1071 2979 1256 3036 animo
1274 2984 1494 3050 accepta
1511 2985 1748 3050 potestas
1767 2977 1980 3050 objicit,
2001 2993 2148 3034 eum-

557 3083 666 3148 que
684 3067 910 3128 tumidis
925 3065 1354 3141 cogitationibus
1372 3063 1537 3121 fallit.
1570 3065 1736 3122 Manu
1751 3081 1879 3138 ergo
1899 3064 2146 3122 humilli-

557 3173 665 3218 ma
682 3157 1138 3216 considerationis
1156 3153 1547 3226 deprimendus
1572 3162 1654 3210 est
1671 3162 1856 3212 tumor
1871 3155 2144 3213 elationis.
2177 3149 2222 3210 ϐ

554 3243 622 3308 Si
646 3248 794 3305 enim
823 3245 968 3317 apud
1001 3243 1344 3312 semetipsam
1373 3257 1526 3297 mens
1553 3239 1834 3301 descendit
1857 3243 1924 3300 de
1943 3245 2150 3301 vertice

556 3335 843 3402 culminis,
863 3331 1028 3389 citius
1054 3332 1338 3403 planitiem
1358 3327 1571 3388 invenit
1590 3330 1853 3390 naturalis
1871 3333 2148 3406 aequalita-

558 3423 655 3482 tis.
692 3423 850 3492 Nam,
876 3429 940 3478 ut
967 3419 1178 3493 praefati
1207 3435 1420 3488 sumus,
1449 3437 1638 3480 omnes
1670 3422 1923 3482 homines
1936 3427 2148 3478 ‘natura

558 3511 795 3586 mquales
823 3510 1031 3584 genuit,
1051 3507 1146 3567 sed
1166 3509 1412 3566 variante
1434 3513 1753 3568 meritorum
1775 3510 1988 3579 ordine,
2011 3511 2148 3567 alios

555 3599 684 3660 aliis
709 3598 1042 3672 dispensatio
1071 3599 1287 3656 occulta
1305 3599 1601 3673 postponit.
1625 3601 1747 3672 Ipsa
1765 3607 1947 3655 autem
1968 3599 2147 3655 diver-

555 3684 711 3756 sitas,
740 3702 860 3760 quae
888 3686 1116 3744 accessit
1133 3701 1205 3744 ex
1232 3687 1392 3755 vitio,
1421 3694 1567 3744 recte
1595 3694 1678 3744 est
1693 3686 1901 3744 divinis
1919 3687 2148 3760 judiciis

556 3773 833 3846 ordinata,
863 3783 926 3832 ut
953 3775 1083 3849 quia
1109 3777 1288 3833 omnis
1317 3775 1487 3834 homo
1523 3776 1629 3833 iter
1673 3775 1803 3832 vitae
1838 3792 1991 3850 teque
2034 3791 2146 3836 non

555 3861 824 3937 graditur,
849 3864 987 3920 alter
1023 3862 1090 3920 ab
1137 3863 1310 3925 altero
1338 3869 1575 3936 regatur.
1605 3863 1788 3920 Sancti
1818 3872 2001 3920 autem
2038 3864 2146 3921 viri

551 3966 681 4012 cum
728 3960 988 4025 praesunt,
1037 3967 1148 4008 non
1207 3952 1267 4008 in
1311 3966 1366 4009 se
1403 3957 1724 4024 potestatem
1769 3951 2000 4021 ordinis,
2051 3949 2148 4009 sed

553 4041 919 4114 aequalitatem
935 4039 1276 4098 conditionis
1295 4037 1606 4110 attendunt,
1637 4056 1738 4098 nec
1763 4055 1992 4114 praeesse
2021 4057 2147 4112 gau-

553 4123 689 4182 dent
716 4125 1058 4194 hominibus,
1087 4127 1185 4185 sed
1207 4125 1482 4200 prodesse.
1509 4128 1706 4185 Sciunt
1723 4129 1869 4186 enim
1892 4127 2040 4203 quod
2052 4144 2147 4184 an.

553 4211 697 4283 tiqui
742 4221 924 4286 patres
964 4216 1161 4282 nostri,
1189 4229 1302 4270 non
1341 4223 1452 4271 tam
1483 4231 1636 4288 reges
1662 4216 1954 4272 hominum
1981 4232 2146 4289 quam

555 4305 800 4373 pastores
817 4313 1078 4372 pecorum
1095 4297 1266 4356 fuisse
1280 4311 1674 4360 memorantur.
1687 4304 1758 4359 Et
1773 4319 1898 4360 cum
1910 4305 2023 4361 Noe
2041 4306 2146 4362 Do-

555 4393 743 4450 minus
759 4389 996 4467 ﬁliisque
1010 4392 1130 4467 ejus
1149 4392 1356 4452 diceret
1378 4413 1390 4451 :
1415 4393 1558 4452 B90
1578 4397 1801 4454 Crescite
1826 4403 1875 4454 et
1891 4398 2146 4470 multipli-

554 4480 751 4537 camini
771 4480 795 4516 ³
815 4486 864 4536 et
878 4481 1086 4554 implete
1105 4488 1324 4552 terram,
1349 4482 1537 4540 subdit
1566 4502 1578 4541 :
1608 4486 1683 4543 Et
1711 4491 1884 4542 terror
1907 4494 2148 4542 vesterac
2172 4495 2224 4559 ι)

554 4573 753 4624 tremor
769 4569 838 4625 sit
855 4584 1016 4643 super
1032 4575 1217 4626 cuncta
1229 4570 1488 4628 animalia
1504 4579 1656 4628 teme
1677 4573 1882 4646 (Genes.
1901 4589 1983 4644 Ix,
1998 4573 2140 4647 με).

551 4655 676 4718 Non
703 4655 851 4716 enim
878 4659 958 4716 ait
987 4677 1000 4716 :
1031 4659 1116 4716 Sit
1148 4675 1314 4732 super
1339 4660 1612 4742 homines,
1643 4663 1739 4738 qui
1765 4663 1938 4722 futuri
1974 4669 2141 4732 sunt;

549 4745 670 4817 sed,
702 4747 784 4804 Sit
800 4762 960 4822 super
984 4753 1168 4804 cuncta
1196 4747 1461 4806 animalia
1490 4757 1662 4808 terra.

621 4833 712 4894 23.
753 4833 923 4892 Homo
975 4836 1383 4894 irrationalibus
1426 4839 1802 4909 animantibus,
1831 4856 1938 4895 non
1971 4845 2145 4896 autem

547 4923 750 4980 steteris
775 4924 1072 4980 hominibus
1099 4931 1297 4980 natura
1314 4932 1388 4980 est
1401 4927 1930 4996 praelatus—Homo
1944 4929 2144 5002 quippe

547 5012 886 5070 animalibus
915 5012 1407 5083 irrationabilibus,
1438 5031 1550 5071 non
1581 5024 1765 5073 autem
1795 5018 2003 5074 caeteris
2030 5016 2170 5073 ho-'

548 5100 798 5159 minibus
809 5109 1010 5160 natura
1022 5103 1279 5174 praelatus
1297 5110 1409 5170 est;
1439 5109 1497 5159 et
1522 5101 1732 5162 idcirco
1759 5105 1811 5161 ei
1839 5105 2064 5174 dicitur,
2079 5113 2143 5162 ut

549 5187 622 5242 ab
635 5190 969 5248 animalibus
984 5198 1040 5247 et
1057 5206 1169 5246 non
1189 5191 1257 5246 ab
1274 5189 1499 5246 homine
1518 5191 1934 5265 timeatur,quia
1951 5199 2143 5250 conm

549 5280 804 5332 naturam
833 5279 1115 5352 superbire
1130 5285 1232 5348 est,
1249 5277 1319 5335 ab
1337 5279 1533 5354 aequali
1553 5281 1694 5336 velle
1710 5280 1916 5352 timeri,
1937 5296 2143 5354 quam-

551 5356 641 5415 vis
665 5361 986 5438 plerumque
1008 5381 1046 5423 a
1071 5365 1308 5426 subditis
1335 5368 1502 5426 etiam
1521 5370 1696 5427 sancti
1718 5370 1827 5426 viri
1845 5369 2033 5428 timeri
2049 5385 2142 5442 ap-

586 5634 600 5650 _
626 5566 646 5604 1
660 5565 842 5650 Edita
852 5568 1014 5650 male,
1035 5570 1347 5650 iptueatur;
1365 5583 1668 5650 repugnant
1693 5578 1841 5634 enim
1870 5574 2142 5650 exempla-

586 5634 600 5648 .
627 5595 646 5604 -
674 5595 1014 5637 mammam,
1041 5595 1308 5630 Incusum?
1323 5595 1347 5640 ,.'
1365 5595 1668 5650 repugnant
1693 5595 1841 5634 enim
1870 5595 2025 5636 exem
2067 5595 2141 5636 1a-

549 5633 790 5724 ria‘
822 5645 876 5693 et
903 5639 1078 5724 sancti
1094 5640 1344 5724 Gregorzii
1368 5651 1742 5724 praepositum,
1876 5658 1939 5706 ut
1955 5595 2141 5724 adgu-

552 5707 845 5765 militatem
873 5724 976 5766 nos
993 5707 1270 5780 provocet,
1290 5707 1543 5775 hortatur
1561 5719 1634 5776 ad
1659 5707 2138 5791 considerandum,

2264 1856 2375 1929 peti
2405 1856 2665 1911 damnum
2696 1855 3028 1913 humilitatis
3059 1858 3312 1927 credunt,
3340 1857 3386 1914 si
3416 1859 3489 1914 ab
3519 1859 3597 1914 eis
3623 1877 3716 1930 pro
3744 1875 3838 1916 me-

2263 1942 2374 2001 rito
2391 1943 2616 2000 fortasse
2641 1943 2852 2002 ordinis
2868 1946 3040 2018 pluris
3055 1947 3412 2003 aestimentur.
3450 1947 3593 2002 Hinc
3612 1955 3691 2002 est
3707 1948 3837 2004 enim

2263 2032 2413 2107 quod
2466 2033 2676 2107 primus
2730 2041 2914 2106 pastor
2966 2035 3249 2101 Ecclesiae,
3299 2053 3457 2103 cum,
3497 2037 3752 2093 adorante
3790 2054 3839 2094 se

2264 2121 2540 2193 Cornelio,
2569 2139 2731 2196 super
2757 2141 2813 2180 se
2841 2124 2945 2180 sibi
2977 2125 3240 2181 honorem
3272 2125 3490 2182 videret
3519 2127 3754 2184 oblatum
3781 2127 3841 2184 ad

2264 2213 2628 2286 aequalitatem
2658 2214 2995 2271 conditionis
3023 2231 3132 2270 suae
3152 2215 3317 2271 citius
3349 2217 3610 2285 recurrit,
3641 2217 3836 2274 dicens:

2267 2303 2450 2373 Surge,
2479 2307 2529 2357 et
2548 2302 2657 2374 ipse
2691 2320 2778 2374 ego
2807 2303 2957 2358 homo
2985 2320 3102 2359 sum
3132 2304 3273 2375 (Act.
3305 2321 3363 2372 Χ,
3393 2305 3517 2378 26).
3552 2305 3684 2372 Quis
3709 2306 3837 2360 enim

2263 2391 2469 2448 nesciat
2497 2391 2641 2464 quod
2662 2392 2934 2448 conditori
2962 2409 3061 2449 suo
3077 2392 3244 2449 homo
3268 2392 3468 2450 debeat
3489 2403 3540 2450 et
3561 2393 3840 2450 nonhomi-

2264 2481 2324 2538 ni
2352 2483 2664 2554 prosterni?
2692 2483 2831 2551 Quia
2849 2484 3287 2556 ergo-humiliari
3308 2485 3412 2540 sibi
3451 2485 3575 2556 plus
3591 2502 3744 2557 quam
3765 2483 3838 2538 de-

2262 2569 2384 2627 buit
2398 2571 2712 2642 proximum
2733 2571 2968 2640 vidit,ne
2985 2574 3129 2628 ultra
3145 2571 3515 2628 humanitatis
3531 2582 3696 2628 metas
3707 2587 3840 2626 mens

2263 2658 2667 2727 intumesceret,
2688 2676 2803 2716 esse
2828 2678 2884 2716 se
2909 2661 3187 2716 hominem
3220 2660 3569 2733 recognovit,
3597 2669 3840 2735 quatenus

2261 2746 2402 2802 illati
2430 2747 2534 2804 sibi
2564 2747 2790 2805 honoris
2817 2749 3109 2805 elationem
3140 2749 3413 2820 frangeret
3449 2765 3522 2806 ex
3560 2749 3840 2827 considera-

2259 2842 2318 2890 ta
2340 2835 2648 2908 aequalitate
2667 2836 3023 2893 conditionis.
3047 2837 3187 2893 Hinc
3205 2854 3236 2892 a
3255 2838 3472 2893 Joanne
3493 2838 3716 2910 angelus
3733 2836 3839 2890 adoo

2260 2931 2431 2991 ratus,
2460 2932 2764 2981 creaturam
2811 2941 2867 2981 se
2907 2942 3021 2981 esse
3053 2925 3334 2996 cognovit,
3364 2923 3602 2982 dicens:
3646 2927 3761 2984 Vide
3784 2942 3836 2978 ne

2259 3009 2442 3078 feceris
2463 3029 2483 3075 ;
2506 3029 2781 3066 conservus
2804 3019 2922 3066 tuus
2942 3029 3080 3080 sum,
3103 3019 3149 3066 et
3163 3013 3400 3080 fratrum
3429 3019 3645 3070 tuorum
3669 3012 3833 3084 (Apoc.

2259 3113 2380 3166 xxx,
2403 3099 2468 3155 10
2491 3117 2504 3166 ;
2537 3115 2682 3166 χχιι,
2706 3102 2938 3172 9).Hinc
2958 3099 3241 3172 propheta,
3263 3117 3386 3156 cum
3411 3102 3483 3158 ad
3509 3103 3738 3158 videnda
3757 3119 3833 3158 su-

2257 3185 2449 3242 blimia
2465 3187 2692 3258 rapitur,
2715 3187 2862 3243 filius
2878 3187 3121 3246 hominis
3142 3197 3370 3244 vocatur
3394 3191 3582 3258 (Ezec.
3602 3211 3682 3253 ιιι,
3699 3195 3768 3262 1),
3784 3197 3835 3245 ut

2255 3271 2452 3330 ductus
2471 3274 2539 3330 ad
2559 3276 2818 3343 ccclestia,
2841 3275 3121 3334 hominem
3143 3293 3198 3332 se
3219 3293 3332 3332 esse
3352 3281 3690 3336 meminerit.
3715 3282 3785 3334 Ac
3795 3277 3834 3332 si

2253 3376 2379 3419 eum
2401 3361 2591 3418 divina
2608 3380 2718 3420 vox
2735 3364 2914 3420 verbis
2930 3365 3292 3435 apertioribus
3313 3365 3614 3424 admoneat
3632 3369 3832 3425 dicens:

2252 3449 2523 3507 Memento
2545 3451 2677 3524 quid
2701 3452 2798 3519 sis,
2823 3467 2891 3508 ne
2919 3451 2986 3508 de
3012 3451 3098 3508 his
3125 3452 3194 3508 ad
3223 3469 3343 3526 qua;
3374 3457 3588 3527 raperis
3615 3456 3838 3512 extolla-

2253 3537 2350 3606 ris,
2384 3539 2479 3594 sed
2514 3539 2865 3595 altitudinem
2913 3541 3263 3597 revelationis
3305 3549 3557 3615 tempera
3591 3544 3838 3600 memoria

2253 3625 2608 3684 conditionis.
2631 3629 2800 3684 Exeo
2828 3645 2956 3700 ergo
2981 3629 3351 3701 colligendum
3378 3639 3463 3687 est
3485 3640 3691 3706 quanta
3709 3646 3838 3688 com-

2253 3715 2438 3770 munis
2466 3723 2675 3773 naturae.
2706 3719 2970 3774 memoria
2998 3718 3056 3774 in
3078 3717 3239 3774 corde
3269 3719 3511 3791 deprimi
3529 3721 3723 3778 debeat
3746 3728 3838 3777 ter-

2253 3821 2396 3862 renas
2439 3809 2724 3880 potestatis
2751 3816 2956 3878 tumor,
2995 3810 3043 3866 si
3088 3827 3158 3866 ex
3186 3809 3558 3870 humanitatis
3590 3811 3838 3870 vocabulo

2252 3895 2453 3966 agitur,
2483 3913 2552 3953 ne
2596 3899 2946 3970 cogitationis
2987 3900 3154 3957 elatio
3183 3917 3253 3956 ex
3280 3903 3511 3958 secretis
3543 3901 3840 3959 caelestibus

2253 3989 2557 4054 generetur.
2601 3984 2770 4057 Cujus
2797 3987 3056 4044 videlicet
3084 3989 3452 4046 humanitatis
3482 3991 3624 4047 bene
3666 3991 3839 4047 beatus

2251 4069 2354 4126 Job
2379 4086 2592 4144 semper
2617 4073 3049 4131 recordationem
3079 4077 3280 4147 tenuit,
3305 4078 3402 4149 qui
3442 4079 3524 4136 ait
3559 4096 3572 4135 :
3601 4074 3841 4150 Nunquid

2249 4174 2358 4216 non
2382 4159 2442 4215 in
2467 4168 2612 4216 utero
2639 4162 2761 4232 fecit
2786 4181 2885 4230 me,
2907 4165 2998 4236 qui
3018 4171 3067 4220 et
3092 4166 3245 4221 illum
3264 4173 3520 4238 operatus
3547 4173 3646 4233 est,
3671 4174 3718 4223 et
3742 4166 3839 4236 for.

2250 4250 2414 4306 mavit
2453 4251 2509 4306 in
2534 4253 2694 4308 vulva
2735 4256 2914 4309 unus?
2943 4255 3024 4310 Ac
3051 4254 3097 4311 si
3139 4263 3322 4327 aperte
3351 4254 3509 4312 dicat
3542 4273 3556 4314 :
3594 4255 3710 4314 Cur
3740 4267 3839 4310 non

2251 4352 2405 4410 atque
2433 4337 2726 4396 debeamus
2753 4341 2812 4397 in
2849 4341 3143 4413 cujuslibet
3165 4343 3370 4414 negotii
3385 4342 3610 4414 judicio
3627 4339 3838 4408 discuti,

2251 4424 2348 4496 qui
2375 4439 2472 4497 per
2497 4427 2799 4486 conditoris
2829 4430 3128 4501 potentiam
3159 4447 3348 4487 sumus
3369 4432 3662 4504 aequaliter
3679 4427 3838 4486 facti?

2251 4513 2356 4570 Sed
2383 4513 2511 4586 quia
2537 4516 2802 4572 castitatis
2831 4517 2947 4588 ejus
2975 4525 3134 4590 atque
3155 4517 3492 4576 humilitatis
3511 4527 3634 4576 acta
3653 4532 3837 4586 cogno-

2251 4602 2604 4673 vimus,nunc
2613 4607 2958 4664 liberalitatis
2971 4624 3133 4681 opera
3144 4610 3674 4682 cognoscamus.Seq
3681 4609 3836 4664 uitur:

2535 4714 2764 4773 CAPUT
2790 4717 2922 4776 XVI
2953 4714 3092 4790 [Vet.
3114 4718 3250 4784 χιι,
3276 4718 3397 4776 Rea.
3430 4717 3568 4794 ΧΠ.

2324 4818 2496 4877 Vsus.
2527 4819 2750 4878 lii—Si
2776 4820 2960 4892 negavi
2984 4821 3125 4892 quod
3154 4822 3396 4879 uolebant
3416 4823 3775 4896 pauperibus,
3795 4823 3840 4875 et

2251 4908 2430 4963 oculos
2453 4907 2626 4962 vidua:
2649 4916 2944 4979 exspectare
2963 4909 3082 4978 feci.

2323 5014 2411 5070 25.
2443 5014 2758 5070 Liberalitas
2785 5015 2882 5072 Job
2897 5015 3224 5088 pauperibus
3247 5016 3428 5072 dantis
3461 5018 3539 5073 ad
3563 5033 3746 5073 eorum
3763 5029 3837 5068 co-

2255 5109 2382 5159 tum.
2407 5103 2510 5172 Qui
2530 5109 2684 5160 extra
2711 5111 2872 5160 melas
2891 5105 3085 5177 inopia:
3113 5112 3321 5177 petunt,
3352 5105 3596 5162 obtinere
3623 5124 3730 5161 non
3753 5119 3840 5158 nic-

2249 5196 2459 5248 rentur.
2477 5219 2544 5232 -
2561 5191 2665 5248 Per
2695 5191 2812 5248 haec
2839 5191 2987 5248 dicta
3014 5192 3102 5248 vir
3120 5201 3342 5250 sanctus
3369 5195 3717 5261 ostenditur,
3743 5203 3843 5250 non

2252 5276 2430 5331 solum
2458 5276 2527 5332 ad
2548 5277 2791 5349 inopiam
2812 5279 3165 5351 pauperibus,
3186 5279 3281 5336 sed
3309 5279 3488 5336 etiam
3517 5282 3588 5337 ad
3620 5275 3844 5336 habendi

2250 5371 2583 5431 desiderium
2607 5373 2928 5433 deservisse.
2966 5375 3072 5433 Sed
3099 5375 3234 5449 quid
3260 5376 3308 5433 si
3335 5376 3467 5450 ipsa
3491 5377 3702 5434 vellent
3719 5368 3843 5428 691

2250 5587 2364 5658 non
2374 5581 2485 5658 qui
2502 5583 2761 5658 ‘subsint,
2775 5583 2875 5658 sed
2901 5585 2996 5658 qui
3024 5586 3211 5658 praeit
3236 5587 3432 5644 nobis.

2321 5653 2347 5691 ³
2374 5653 2636 5726 Vindoc.,
2665 5653 2791 5716 vn.
2817 5653 2992 5716 CL'et
3019 5653 3229 5727 Gem,
3257 5665 3307 5714 et
3336 5658 3564 5729 replete.
