3928 6378
90 366 173 425 205

828 359 1198 416 MORALIUM
1239 360 1372 417 LIB.
1415 360 1568 418 XXI.
1610 391 1681 404 —
1718 363 1792 418 IN
1830 362 2057 420 CAPUT
2096 365 2284 422 XXXI
2321 368 2384 424 B.
2424 368 2570 427 JOB.

3222 370 3329 428 206

89 500 312 562 pauperes
336 497 455 556 qum
481 481 711 537 fortasse
753 481 997 552 accipere
1038 500 1151 540 non
1194 484 1520 555 expediret?
1542 488 1630 541 An
1659 488 1714 549 Α
1743 488 1976 559 metipso
1995 488 2268 556 habuerit,
2299 506 2368 545 an
2398 490 2703 547 conditoris
2727 491 2814 548 sui
2842 493 3013 562 gratia
3038 493 3110 550 sit
3131 510 3326 553 conse-

88 576 193 649 quia
216 575 266 630 in
293 571 569 642 Scriptura
597 586 749 625 sacra
776 570 885 625 dici
907 587 1169 642 pauperes
1186 572 1422 628 humiles
1436 574 1633 643 solent,

91 672 103 702 ¹
126 682 179 723 ea
199 664 303 721 sola
329 660 648 718 aestimanda
678 667 805 714 sunt
837 677 956 733 qua:
985 662 1231 733 accipere
1259 678 1521 733 pauperes
1542 677 1634 716 vo-

86 757 202 821 lunt,
228 769 339 825 quae
368 750 604 806 humiles
636 750 875 819 petunt?
910 752 979 805 Et
1008 752 1197 821 procul
1228 750 1396 806 dubio
1424 758 1637 821 oportet

85 852 133 901 ut
155 844 514 899 incunctanter
534 839 696 895 detur
717 838 990 910 quidquid
1017 856 1142 894 cum
1176 856 1305 895 vera
1324 840 1636 895 humilitate

85 932 360 1006 requiritur;
384 929 439 985 id
455 936 556 996 est,
587 928 734 1000 quod
768 944 877 983 non
908 945 977 983 ex
1001 928 1294 995 desiderio,
1327 929 1419 984 sed
1448 946 1517 984 ex
1546 945 1635 984 ne-

82 1020 293 1077 cessitate
326 1018 646 1089 postulatur.
680 1016 815 1071 Nam
848 1016 1005 1070 valde
1044 1015 1158 1087 jam
1207 1018 1489 1087 superbire
1534 1028 1635 1088 est,

82 1118 208 1165 extra
234 1115 394 1161 metas
422 1105 624 1176 inopiae
656 1105 867 1177 aliquid
899 1106 1226 1162 desiderare.
1264 1108 1418 1163 Unde
1437 1116 1489 1163 et
1533 1126 1637 1165 su-

82 1197 215 1268 perbe
246 1193 550 1265 petentibus
578 1192 782 1247 dicitur
814 1209 825 1246 :
859 1194 1042 1248 Petitis
1070 1200 1117 1248 et
1158 1212 1265 1249 non.
1292 1196 1549 1265 accipitis,
1580 1213 1636 1250 eo

80 1287 194 1357 quod
218 1286 345 1340 male
366 1282 557 1354 petatis
588 1282 725 1351 (Jac.
758 1298 837 1348 Iv,
868 1280 950 1351 3).
985 1283 1124 1349 Quia
1140 1300 1267 1353 ergo
1298 1284 1378 1339 illi
1404 1293 1535 1340 sunt
1551 1302 1637 1340 ve-

78 1375 246 1430 raciter
271 1387 552 1443 pauperes,
586 1369 681 1441 qui
732 1369 906 1424 inllati
948 1386 1041 1439 per
1069 1374 1336 1442 superbiae
1382 1374 1637 1444 spiritum

79 1479 166 1519 non
192 1468 331 1528 sunt,
360 1475 498 1532 quos
528 1466 711 1529 aperte
742 1458 959 1513 Veritas
991 1460 1274 1530 exprimit,
1306 1479 1429 1517 cum
1461 1462 1596 1517 dicit
1621 1477 1632 1516 :

78 1550 203 1605 Beati
224 1564 479 1619 pauperes
507 1547 702 1617 spiritu
735 1546 948 1616 (Matth.
981 1564 1038 1614 ν,
1069 1548 1126 1619 3)
1155 1566 1168 1614 ;
1202 1558 1347 1606 recte
1378 1566 1526 1605 nunc
1547 1567 1639 1621 per

76 1644 293 1695 sanctum
321 1635 504 1689 virum
535 1632 740 1689 dicitur
760 1650 770 1688 :
792 1633 850 1689 Si
877 1634 1063 1703 negavi
1087 1637 1227 1705 quod
1242 1637 1477 1692 volebant
1495 1655 1635 1707 pau-

72 1728 277 1801 peribus,
305 1723 561 1798 quoniam
594 1723 687 1795 qui
719 1740 782 1779 ea
812 1724 1009 1779 volunt
1040 1742 1160 1797 quae
1190 1729 1433 1798 profecto
1469 1730 1640 1800 liquet

1743 586 1923 646 cutus,
1952 579 2274 636 innotescat.
2316 581 2574 654 Sequitur
2597 600 2608 637 :

2122 671 2348 727 CAPUT
2377 671 2555 726 XVIII
2589 669 2731 742 [Rec.
2763 672 2956 747 XIII].

1814 757 1984 814 Vnus.
2019 760 2104 815 18.
2134 790 2206 802 -
2236 761 2375 826 Quia
2421 760 2485 814 ab
2514 760 2745 828 infantia
2782 780 2895 817 mea
2934 765 3094 818 crevit
3136 783 3330 823 mecum

1744 847 2033 915 miseratio,
2064 856 2111 903 et
2137 850 2199 903 de
2242 856 2391 903 utero
2418 849 2607 904 matris
2640 865 2761 904 mete
2780 868 2982 918 egressa
3010 861 3083 907 est
3111 873 3327 912 mecum.

1817 935 1904 990 28.
1928 937 2105 991 Sancti
2134 938 2265 991 bona
2292 953 2389 991 sua
2418 954 2522 990 non
2548 937 2668 1002 sibi,
2685 939 2773 992 sed
2791 941 2899 995 Deo
2919 942 3172 997 tribuunt.
3207 946 3330 1011 Qui-

1746 1023 1869 1078 dam
1892 1024 2016 1078 dum
2044 1032 2191 1079 (etate
2216 1032 2469 1091 crescunt,
2494 1027 2560 1081 ab
2589 1026 2882 1084 innocentia
2909 1031 3221 1087 decrescunt.
3261 1064 3333 1075 —

1746 1113 2022 1168 Miseratio
2056 1114 2258 1168 etenim
2289 1114 2392 1169 etsi
2416 1114 2533 1184 ejus
2552 1114 2719 1169 fuerit
2738 1116 3189 1185 arbitrii,utcum
3214 1122 3332 1193 ipso

1748 1202 2053 1274 proﬁceret,
2101 1202 2271 1273 liquet
2291 1210 2471 1257 tamen
2520 1203 2648 1274 quia
2676 1202 2793 1273 ejus
2832 1206 3047 1262 arbitrii
3086 1226 3196 1264 non
3228 1211 3333 1265 fuit

1746 1298 1808 1344 ut
1836 1307 1958 1345 cum
1988 1290 2104 1360 ipso
2132 1290 2197 1344 de
2228 1298 2382 1345 utero
2437 1289 2630 1345 exiret.
2663 1290 2887 1348 Constat
2907 1312 3033 1367 ergo
3064 1299 3192 1369 quia
3222 1316 3332 1353 sure

1746 1379 1937 1434 virtuti
1971 1381 2048 1434 nil
2079 1380 2293 1447 tribuit,
2340 1380 2431 1451 qui
2473 1382 2715 1451 profecto
2744 1390 2976 1439 testatur
3023 1388 3151 1457 quia
3181 1388 3284 1441 hoc
3309 1390 3330 1423 ⁵

1746 1483 1814 1521 ex
1844 1468 2176 1523 conditionis
2197 1484 2416 1522 munere
2444 1470 2669 1539 accepit.
2703 1472 2916 1527 Bonum
2940 1473 3108 1543 igitur
3129 1476 3271 1546 quod
3301 1491 3333 1529 a

1746 1556 2060 1611 conditione
2100 1556 2351 1612 habuisse
2389 1574 2444 1628 se
2473 1557 2713 1625 intimat,
2748 1560 2917 1631 liquet
2947 1563 3133 1632 procul
3164 1562 3333 1618 dubio

1746 1644 1874 1713 quia
1902 1644 1969 1698 ad
2001 1645 2214 1698 laudem
2258 1644 2560 1699 conditoris
2590 1654 2793 1713 narrat,
2828 1648 3078 1704 indicans
3119 1650 3184 1703 ab
3217 1651 3333 1720 ipso

1748 1746 1802 1784 se
1830 1732 2099 1802 accepisse
2142 1740 2206 1786 ut
2234 1732 2357 1801 pius
2400 1739 2560 1797 esset,
2594 1748 2624 1785 a
2673 1750 2783 1802 quo
2818 1736 3027 1805 accepit
3065 1744 3131 1789 ut
3172 1745 3333 1804 esset,

76 1816 199 1891 quod
239 1814 314 1871 eis
356 1829 470 1869 ῐιοη
520 1811 820 1882 expediunt
844 1854 859 1879 ,
907 1828 971 1868 ΘΟ
1016 1813 1135 1883 ipso
1180 1814 1326 1884 quod
1374 1816 1639 1886 superbiai
1668 1841 1714 1900 Β
1750 1822 1878 1894 quia
1902 1822 2045 1877 sicut
2088 1839 2186 1877 suo
2216 1839 2376 1892 opere
2399 1822 2456 1875 in
2487 1830 2643 1875 utero
2668 1823 2923 1877 conditus
2952 1841 3063 1879 non
3104 1825 3232 1892 fuit,
3262 1825 3337 1881 ita

75 1904 321 1963 abundant
344 1901 569 1975 spiritu,
595 1900 709 1971 jam
741 1916 1001 1971 pauperes
1030 1917 1141 1955 non
1192 1910 1339 1957 sunt.
1373 1903 1478 1958 Sed
1518 1904 1638 1960 bea-

74 2004 145 2051 tus
165 1993 258 2050 Job
279 1992 405 2049 dum
428 2006 693 2062 pauperes
724 1990 964 2045 humiles
994 1991 1253 2060 appellat,
1285 1992 1639 2064 quidquidab

75 2101 125 2143 eo
145 2083 370 2154 accipere
398 2096 610 2153 pauper
638 2080 838 2146 voluit,
870 2096 982 2134 non
1030 2080 1272 2150 negavit,
1305 2081 1434 2152 quia
1477 2098 1642 2138 vera-

75 2174 186 2230 citer
208 2172 440 2245 quisque
482 2168 713 2227 humilis
740 2169 762 2203 ²
792 2168 939 2241 quod
984 2184 1095 2223 non
1143 2169 1325 2239 potuit
1368 2177 1638 2241 oportere,

75 2280 156 2318 nec
179 2261 362 2317 voluit.

129 2352 204 2408 26.
232 2346 597 2420 Muniﬁcentia
638 2348 735 2403 Job
761 2364 869 2403 non
898 2350 1069 2404 solum
1096 2365 1160 2403 ex
1199 2364 1433 2412 munere,
1462 2350 1550 2404 sed
1576 2366 1640 2403 ea:

77 2439 209 2495 dandi
252 2440 517 2495 celeritate
558 2437 850 2510 pensanda.
884 2469 955 2480 —
983 2437 1090 2493 Sed
1148 2454 1277 2492 cum
1331 2438 1639 2507 largitatem

78 2528 241 2584 mentis
282 2543 390 2583 suae
456 2527 684 2595 indicat,
716 2528 846 2599 quia
890 2526 957 2581 ad
1007 2533 1199 2581 votum
1232 2542 1287 2581 se
1316 2527 1642 2597 pauperibus

78 2616 373 2672 concurrisse
403 2617 747 2684 manifestat,
780 2633 995 2671 necesse
1027 2624 1107 2670 est
1150 2623 1209 2671 ut
1239 2633 1544 2687 quaeramus
1572 2633 1640 2672 ne

78 2707 227 2762 lumen
279 2705 679 2762 misericordiae
738 2705 976 2759 dationis
1024 2704 1276 2759 tarditate
1322 2704 1636 2761 fuscaverit.

80 2794 200 2850 Unde
231 2794 523 2865 subjungit
556 2811 567 2847 :
603 2796 623 2827 ³
659 2794 733 2848 Et
779 2794 953 2846 oculos
996 2792 1170 2844 vidum
1196 2799 1492 2861 exspectare
1518 2792 1635 2860 feci.

80 2884 315 2939 Petentem
345 2901 403 2939 se
424 2882 654 2936 viduam
671 2888 984 2950 exspectare
1016 2880 1217 2945 noluit,
1249 2886 1440 2935 utnon
1461 2881 1639 2936 solum

77 2992 129 3031 ex
152 2990 381 3041 munere,
417 2971 520 3026 sed
561 2971 725 3025 etiam
757 2986 824 3023 ex
858 2969 1133 3024 celeritate
1166 2968 1427 3036 muneris,
1458 2968 1640 3024 hono-

78 3078 419 3133 rumoperum
476 3058 671 3113 merita
716 3048 954 3127 augeret.
1007 3056 1161 3111 Unde
1208 3057 1341 3111 alias
1376 3056 1639 3125 scriptum

1750 1929 1849 1969 nec
1878 1928 1974 1967 sua
2023 1912 2224 1967 virtute
2272 1912 2340 1966 ab
2384 1920 2540 1966 utero
2567 1916 2708 1972 692
2740 1913 2861 1983 pius
2894 1914 3019 1968 fuit.
3062 1914 3164 1969 Sed
3196 1931 3338 1985 pen-

1748 2009 1979 2064 sandum
2022 2007 2178 2062 nobis
2209 2014 2309 2074 est,
2339 2007 2483 2078 quod
2507 2008 2729 2062 asserit:
2768 2008 2943 2063 Crevit
2962 2011 3338 2065 mecum.N0n-

1750 2099 1891 2153 nulli
1932 2098 2077 2152 enim
2121 2096 2301 2168 quoad
2339 2105 2548 2151 aetatem
2579 2106 2852 2161 crescunt,
2908 2099 2975 2152 ab
3026 2098 3340 2154 innocentia

1750 2187 2091 2243 decrescunt.
2148 2186 2350 2243 Electis
2401 2202 2533 2243 vero
2563 2204 2688 2242 cum
2736 2188 2871 2242 foris
2914 2195 3043 2241 aetas
3072 2187 3336 2257 corporis,

1750 2275 1922 2344 intus,
1956 2274 2001 2331 si
2032 2274 2142 2330 dici
2171 2274 2352 2341 liceat,
2382 2274 2577 2331 crescit
2607 2284 2735 2330 tetas
2764 2275 3006 2330 virtutis.
3039 2274 3335 2346 Sequitur:

1963 2362 2188 2419 CAPUT
2228 2363 2360 2417 XIX
2406 2362 2542 2434 [Vet.
2577 2365 2737 2429 XIII,
2783 2367 2900 2421 Rec.
2934 2362 3109 2435 XIV].

1820 2451 1991 2508 Vens.
2028 2453 2113 2516 19,
2136 2451 2223 2507 20.
2255 2482 2326 2492 —
2360 2452 2415 2505 Si
2449 2452 2660 2522 despexi
2688 2460 3101 2523 prwtereuntem,
3132 2470 3188 2507 eo
3202 2453 3343 2521 quod

1750 2557 1855 2595 non
1879 2541 2119 2594 habuerit
2135 2540 2509 2607 indumentum,
2534 2546 2579 2593 et
2598 2542 2791 2609 absque
2817 2542 3131 2611 operimento
3146 2558 3342 2611 paupe-

1752 2646 1860 2683 rem
1882 2647 1900 2693 ;
1928 2630 1973 2683 si
2000 2646 2105 2682 non
2124 2629 2495 2683 benedicerunt
2512 2629 2822 2683 mihilatera
2841 2629 2974 2697 ejus,
2992 2630 3113 2683 etde
3140 2629 3344 2684 velleri-

1751 2715 1845 2769 bus
1874 2716 2047 2768 ovium
2080 2732 2315 2769 mearum
2345 2714 2627 2783 calefactus
2656 2721 2748 2770 est.

1821 2804 1908 2859 29.
1939 2805 2361 2859 Misericordiam
2390 2805 2446 2857 in
2465 2821 2722 2874 pauperes
2752 2804 3024 2859 comitetur
3052 2807 3341 2861 humilitas.

1752 2891 1854 2957 Qui
1858 2890 2119 2960 prcemissi
2123 2909 2145 2943 s
2153 2892 2365 2959 probris
2374 2894 2744 2961 eleemosynam
2755 2892 2856 2945 trib
2864 2893 3110 2959 uunt,ui.c
3116 2912 3150 2963 p
3158 2912 3215 2947 ro
3229 2895 3266 2948 il
3273 2896 3351 2950 la.

1753 2985 1805 3033 ta
1819 2980 2022 3048 injuria
2038 2978 2633 3045 satisfaciunt—Quod
2650 2994 2937 3048 pauperem
2952 2996 3061 3034 non
3075 2982 3345 3051 despexit,

1749 3068 2009 3123 virtutem
2024 3065 2353 3121 humilitatis
2364 3065 2791 3136 exhibuitquod
2804 3074 2983 3119 autem
2996 3068 3349 3136 operuit,pie-

78 3155 139 3202 est
166 3164 176 3201 ε
206 3149 278 3202 Ne
304 3147 458 3202 dicas
476 3143 642 3198 amico
675 3148 783 3207 tuo,
814 3141 941 3195 vade
974 3146 1021 3193 et
1050 3146 1324 3204 revertere,
1355 3157 1474 3194 cras
1507 3140 1640 3194 dabo

367 3233 463 3247 ...
674 3231 681 3239 .
759 3231 771 3247 ,
856 3228 1052 3247 enm
1227 3228 1316 3247 αα.
1380 3226 1615 3247 (μμ-ω

1772 3156 2035 3211 atis.Duze
2053 3154 2250 3226 quippe
2265 3154 2379 3207 ista)
2393 3154 2623 3207 virtutes
2639 3154 2713 3206 ita
2729 3154 2946 3207 sibimet
2960 3169 3073 3208 esse
3086 3172 3348 3211 connexa

81 3234 174 3299 tibi,
197 3253 303 3290 cum
333 3233 517 3289 statim
542 3231 708 3301 possis
738 3231 867 3284 dare
890 3228 1076 3298 (Prov.
1107 3244 1190 3294 IlI,
1227 3228 1343 3297 28).
1380 3226 1486 3282 Sed
1514 3243 1648 3281 non.

82 3323 193 3379 nulli
221 3324 395 3379 solent
425 3320 670 3376 exterius
700 3318 873 3373 multa
901 3316 1112 3387 largiri,
1135 3316 1448 3373 communis
1468 3324 1649 3371 autem

80 3412 185 3467 vitae
228 3411 458 3481 gratiam
489 3408 813 3478 repellentes
846 3405 1043 3461 habere
1081 3420 1341 3475 pauperes
1388 3404 1564 3459 socios
1593 3403 1651 3459 in

81 3498 347 3555 domestica
367 3495 787 3554 conversatione
815 3494 1117 3565 refugiunt.
1142 3492 1292 3549 Unde
1315 3492 1509 3548 beatus
1527 3492 1649 3560 Job,

79 3597 247 3645 utnon
275 3589 457 3645 solum
481 3602 537 3640 se
565 3585 807 3640 insinuet
835 3584 1080 3639 exterius
1113 3583 1283 3638 multa
1334 3581 1651 3652 praebuisse,

79 3677 155 3734 sed
178 3678 316 3750 apud
341 3692 399 3733 se
429 3690 674 3748 quosque
699 3674 889 3744 inopes
918 3673 1085 3727 etiam
1114 3672 1174 3727 in
1204 3670 1508 3727 domestica
1526 3685 1653 3726 con-

78 3767 359 3823 versatione
386 3762 678 3834 recepisse,
711 3762 966 3833 protinus
995 3758 1246 3831 adjungit
1277 3774 1290 3813 :

439 3864 668 3926 CAPUT
708 3867 865 3923 XVII
897 3866 1039 3940 [Rea
1077 3865 1235 3939 XII].

133 3981 290 4038 Vens.
327 3978 420 4034 17.
450 4006 521 4017 -
563 3977 620 4031 Si
645 3974 841 4030 comedi
869 3974 1150 4029 buccele
1202 3989 1371 4028 meam
1419 3973 1584 4038 solus,
1613 3988 1662 4037 et

83 4086 165 4125 non
188 4067 407 4125 comedit
443 4064 682 4135 pupillus
722 4080 784 4117 ea:
814 4080 892 4118 ea.
1207 4060 1225 4077 ⁶

137 4158 214 4214 27.
243 4158 434 4226 Inopes
480 4151 701 4222 hospitio
732 4150 1018 4222 recipiendi
1064 4157 1111 4205 et
1153 4151 1224 4206 ad
1252 4166 1484 4204 mensam
1511 4149 1660 4204 adhi-

84 4246 228 4301 bendi.
259 4276 330 4287 —
360 4242 585 4300 Scilicet
615 4240 802 4313 pietati
834 4256 889 4295 se
934 4238 1316 4312 przejudicium
1348 4237 1523 4293 facere
1552 4252 1662 4293 aes-

81 4333 279 4402 timans,
310 4332 358 4388 si
383 4331 537 4387 solus
566 4328 874 4384 comederet
906 4328 1053 4401 quod
1096 4327 1364 4383 Dominus
1411 4326 1660 4381 omnium

83 4419 428 4476 communiter
499 4424 751 4473 creasset.
823 4416 953 4483 Qum
1024 4416 1275 4487 profecto
1348 4414 1663 4471 communio

84 4508 495 4566 conversationis
551 4523 665 4563 esse
698 4523 823 4562 cum
882 4504 1085 4560 talibus
1141 4504 1287 4559 intra
1331 4503 1662 4559 domesticos

85 4599 294 4668 parietes
336 4598 520 4661 debet,
552 4613 619 4651 ex
650 4596 850 4669 quibus
880 4602 1095 4649 aeternae
1147 4592 1435 4664 proficiant
1466 4594 1662 4649 merita

85 4687 463 4745 retributionis.
501 4685 655 4741 Unde
684 4690 907 4739 sanctus
935 4682 1022 4736 vir
1051 4697 1164 4735 non
1194 4680 1515 4752 quemlibet,
1566 4681 1662 4736 sed

88 4776 146 4830 ad
169 4773 605 4831 manducandum
634 4772 845 4828 socium
874 4769 1145 4841 pupillum
1177 4784 1231 4822 se
1263 4766 1517 4823 habuisse
1546 4783 1662 4839 per-

87 4860 243 4919 hibet.
272 4866 293 4899 ⁴
322 4863 430 4919 Sed
456 4870 610 4917 tanta
638 4860 756 4916 haec
797 4858 1018 4931 pietatis
1046 4858 1256 4913 viscera
1295 4864 1481 4912 utrum
1513 4870 1545 4911 a
1572 4869 1666 4911 se-

156 5024 172 5058 ί
201 5023 289 5080 Sic
315 5024 551 5095 legimus
581 5023 637 5077 in
667 5029 779 5077 vet.
804 5019 912 5095 Ed,
931 5018 1064 5095 etin
1102 5019 1228 5095 Mss.
1261 5016 1423 5072 Corb.
1456 5017 1667 5095 G‘eri‘n”

96 5092 310 5162 Turon.,
340 5087 782 5160 Lﬁaud.,.Germ.,
813 5092 935 5162 Val.
972 5090 1078 5162 CL,
1123 5090 1308 5162 Norm.
1350 5094 1404 5140 et
1426 5087 1523 5162 _pl.
1558 5088 1672 5162 Re-

95 5156 344 5220 centiores
373 5156 629 5220 Editores
657 5180 725 5217 ex
749 5156 853 5216 levi
877 5159 1191 5230 conjectura
1220 5158 1398 5212 locum
1426 5156 1572 5230 hunc
1592 5157 1672 5230 sic

97 5243 394 5291 mutarunt:
422 5254 481 5290 ea
516 5237 628 5289 sola
663 5228 1316 5298 wstimandd(Gustanv.,
1352 5228 1668 5301 cestimandi)

98 5307 459 5378 suntaccipere
484 5321 762 5378 pauperes,
793 5301 1157 5378 qure‘humiles
1184 5305 1387 5378 petunt.

162 5376 183 5410 ³
210 5370 420 5432 Placuit
449 5370 997 5443 Editéribquverho
1028 5370 1271 5443 oportere
1307 5370 1543 5436 sublato,
1570 5384 1675 5443 ac-

104 5460 296 5504 cersere
342 5448 401 5503 in
449 5446 566 5519 ejus
623 5440 803 5519 locum
851 5440 1099 5519 obtinere,
1133 5442 1297 5519 quod_
1319 5458 1447 5496 sane
1480 5440 1677 5519 melius

106 5527 264 5574 sonat.
297 5511 503 5574 Verum
552 5533 619 5573 ne
665 5518 799 5587 ipsis
846 5511 1226 5587 obsequantur;
1250 5512 1468 5587 obstant
1524 5511 1675 5578 Mss.,

109 5590 393 5661 praesertim
426 5589 619 5657 Laud.,
652 5584 860 5655 G'erm.,
886 5584 1073 5643 Narin.
1106 5593 1160 5640 et
1190 5584 1350 5641 Corb.
1385 5584 1567 5638 Germ.

170 5662 189 5695 ³
219 5660 279 5715 In
309 5662 520 5716 Germ..
553 5662 762 5716 Norm..
794 5657 991 5716 Laud..
1023 5656 1183 5712 Corb.
1218 5656 1401 5710 Germ.
1434 5662 1487 5708 et
1532 5650 1657 5707 aliis

174 5693 186 5695 ἡ
220 5693 279 5715 ιιι
309 5693 494 5716 υῠιιιι.
553 5693 735 5714 uunu.
794 5693 964 5711 uuuu.
1024 5693 1115 5712 υυι
1132 5693 1183 5710 υ.
1219 5693 1314 5710 uua
1330 5693 1401 5709 ιιι.
1434 5693 1487 5708 vv
1532 5693 1657 5707 ιιιιιυ

112 5733 154 5810 gl
174 5730 227 5810 si
243 5734 419 5810 oculos
435 5749 456 5794 ;
474 5704 646 5810 .s'iipra
665 5701 848 5810 tamen
876 5700 1141 5810 ubi’idem
1167 5734 1353 5783 textus
1380 5693 1678 5797 profertur;

102 5797 300 5875 {legitur
324 5797 672 5874 simpliciter,
698 5806 748 5858 et
770 5800 969 5858 oculos.

1761 3246 2007 3311 debent,6
2025 3251 2086 3298 ut
2106 3243 2314 3298 vicario
2326 3258 2537 3311 semper
2556 3257 2717 3311 opere
2733 3242 3050 3306 fulciantnr;
3082 3252 3351 3313 quatenus

1761 3351 1861 3389 nec
1878 3332 2608 3397 humilitas,cumveneratur
2622 3330 2935 3399 proximum
2947 3330 3351 3399 ,largitutisgra-

1762 3424 1894 3478 tiam
1936 3421 2167 3487 deserat,
2220 3436 2320 3475 nec
2362 3419 2533 3490 pietas
2576 3434 2699 3473 cum
2734 3416 2962 3487 largitur
3004 3416 3350 3476 intumescat.

1763 3515 1904 3583 Erga
1926 3510 2288 3582 indigentiam
2308 3510 2491 3580 itaque
2520 3508 2757 3579 proximi
2790 3507 3159 3563 humilitatem
3183 3509 3356 3578 pietas

1762 3602 1977 3663 fulciat,
2001 3599 2286 3653 humilitas
2304 3598 2582 3669 pietatem,
2605 3604 2667 3650 ut
2685 3612 2809 3651 cum
2836 3595 3171 3665 indigentem
3196 3596 3355 3649 rebus

1764 3691 2082 3749 neces<ariis
2147 3698 2355 3744 natura:
2425 3696 2530 3742 tum
2604 3694 2915 3741 consortem
2971 3684 3196 3752 videris,
3254 3701 3358 3740 nec

1763 3797 1861 3855 per
1894 3779 2233 3851 impietatem
2286 3776 2504 3831 desinas
2548 3783 2747 3845 tegere,
2784 3789 2885 3829 nec
2926 3790 3021 3845 per
3046 3775 3356 3844 superbiam

1766 3870 2009 3941 negligas
2028 3865 2277 3924 venerari
2304 3881 2465 3937 quem
2494 3865 2647 3933 tegis.
2682 3864 2815 3917 Nam
2832 3870 2960 3916 sunt
2980 3862 3230 3915 nonnulli
3261 3859 3358 3933 qui

1768 3974 1899 4014 mox
1936 3964 1997 4012 ut
2034 3955 2101 4010 ab
2128 3954 2312 4024 egenis
2346 3952 2607 4005 fratribus
2635 3951 2840 4005 fuerint
2897 3948 3197 4005 necessaria
3223 3966 3359 4018 pos-

1767 4046 1951 4112 tulati,
1975 4050 2097 4115 post
2117 4042 2261 4096 dona
2292 4039 2561 4109 largituri,
2594 4038 2651 4092 in
2671 4052 2763 4091 eos
2786 4035 2939 4107 prius
2964 4036 3360 4093 contumeliosa

1769 4133 1937 4188 verba
1948 4131 2281 4202 jaculantur.
2307 4127 2411 4193 Qui
2447 4125 2544 4179 etsi
2566 4123 2732 4179 rebus
2752 4124 3119 4178 ministerium
3144 4123 3361 4194 pietatis

1771 4222 2083 4295 perﬁciunt,
2102 4218 2284 4271 verbis
2305 4224 2485 4270 tamen
2501 4213 2729 4285 gratiam
2746 4212 3077 4267 humilitatis
3093 4214 3355 4283 perdunt;

1772 4313 1850 4367 ita
1876 4317 1936 4365 ut
1985 4309 2307 4380 plerumque
2346 4306 2601 4361 videatur
2625 4304 2754 4376 quia
2809 4303 2979 4357 illatae
3000 4302 3111 4372 jam
3144 4303 3361 4374 injuriae

1773 4398 2198 4457 satisfactionem
2229 4397 2472 4463 solvunt,
2503 4411 2629 4450 cum
2661 4400 2783 4465 post
2827 4392 3186 4447 contumelias
3219 4394 3363 4449 dona

1773 4492 2099 4563 largiuntur.
2145 4488 2253 4543 Nec
2302 4485 2480 4557 magni
2543 4494 2623 4541 est
2687 4483 2866 4556 operis
2906 4482 3050 4554 quod
3095 4485 3366 4553 postulata

1770 4580 2044 4645 tribuunt,
2073 4576 2202 4648 quia
2222 4577 2340 4647 ipso
2356 4574 2596 4630 dationis
2617 4586 2726 4629 sua:
2750 4588 2975 4627 munere
2990 4572 3085 4626 vix
3111 4573 3364 4627 eumdem

1775 4684 2056 4726 excessum
2087 4664 2356 4721 sermonis
2385 4669 2589 4734 tegunt.
2635 4662 2846 4729 Quibus
2875 4660 3011 4715 bene
3043 4677 3138 4731 per
3166 4662 3352 4716 Ecclea

1775 4761 2054 4818 siasticum
2101 4757 2303 4812 librum
2329 4754 2533 4810 dicitur
2571 4770 2583 4808 :
2621 4752 2776 4808 Omni
2806 4752 2927 4805 dato
2956 4765 3060 4803 non
3089 4752 3175 4805 des
3190 4749 3369 4805 tristi-

1776 4850 1905 4907 tiam
1932 4848 2075 4904 verbi
2102 4846 2231 4901 mali
2253 4845 2445 4917 (Eccli.
2476 4858 2638 4908 xvm,
2673 4841 2786 4912 15).
2818 4840 2887 4895 Et
2908 4855 3129 4895 rursum
3154 4857 3166 4894 :
3189 4841 3209 4874 ⁷
3237 4841 3369 4895 Ecce

1848 5013 1872 5047 ⁴
1908 5010 2122 5074 Norm.,
2151 5006 2240 5061 sed
2270 5012 2440 5060 tamen
2465 5002 2638 5058 hac...
2658 5017 2731 5056 an
2758 5018 2793 5056 a
2812 4999 3100 5056 conditoris
3125 4997 3209 5052 sui
3231 5013 3369 5067 gra-

1783 5084 1876 5137 tia.
1889 5124 1900 5137 .
1913 5123 1925 5135 .
1990 5080 2288 5133 im'iotescat.

1851 5136 1872 5187 δ
1910 5150 2039 5217 Ed.,
2068 5165 2133 5202 ea:
2178 5142 2855 5217 conditoris._Lectionem_
2883 5146 3120 5217 nostram
3168 5136 3371 5217 habent

1781 5225 1989 5289 Germ.,
2018 5208 2204 5275 Norm.
2239 5232 2448 5289 omnes,
2473 5213 2703 5289 Turon.,
2734 5210 2895 5289 Corb..
2929 5208 3369 5289 Cerm_.,‘Laud.,

1781 5278 1911 5360 etc.,
1943 5278 1996 5346 et
2026 5291 2189 5355 infra,
2220 5287 2361 5360 quod
2387 5278 2767 5347 aconditione,
2797 5280 2891 5334 ubi
2931 5279 2989 5333 in
3018 5278 3122 5332 Ed.
3150 5279 3375 5350 legeba—

1781 5373 1874 5421 tur
1898 5359 2038 5433 unod
2058 5380 2092 5415 a
2121 5359 2403 5433 conditore.

1856 5437 1878 5470 δ
1910 5419 2129 5497 ⁸Νοι·ηι.,
2160 5436 2216 5482 ut
2246 5426 2444 5482 vicaria
2471 5438 2677 5497 semper:
2696 5436 2790 5497 ope
2806 5437 2867 5497 se
2892 5419 3102 5497 fulciat.
3120 5422 3202 5497 Ita
3228 5438 3377 5494 quo-

1786 5491 2298 5579 queALaudv'Corb.
2331 5497 2514 5579 Germ.
2547 5500 2599 5573 et
2632 5492 2751 5546 Val.
2798 5491 2906 5559 CL,
2951 5492 3055 5579 sed"
3076 5491 3368 5579 inTuron.

1786 5564 1843 5633 έῐ
1869 5576 2051 5631 Germ.
2078 5564 2295 5641 legitur,
2315 5574 2384 5641 ut
2412 5564 2616 5641 uicaria
2639 5579 2997 5641 seper_o_pera
3024 5564 3269 5641 fulciant.

1861 5650 1880 5684 ⁷
1922 5648 1983 5702 ΙΙΙ
2013 5634 2179 5699 (ἓίιοὶ.
2199 5648 2251 5693 et
2280 5637 2402 5691 aliis
2419 5634 2765 5689 recentiorib.
2792 5635 2963 5700 Edit.,
2994 5636 3128 5689 adde
3145 5636 3373 5688 verbum.

1790 5718 2017 5779 Veteres
2024 5716 2130 5773 Ed.
2147 5709 2499 5771 consentiunt
2511 5707 2666 5775 Mss,
2681 5705 3014 5777 habentque,
3024 5722 3131 5761 ecce
3143 5705 3375 5762 verbum.
