3928 6376
513 376 634 434 ο207

1749 361 1999 418 SANCTI
2037 359 2374 415 GREGORII
2409 355 2636 413 MAGNI

3713 349 3822 404 208

530 497 742 552 verbum
769 509 928 564 super
955 493 1140 548 datum
1169 493 1382 559 bonum,
1411 497 1460 544 et
1508 495 1732 557 utraque
1760 501 1874 539 cum
1921 482 2122 537 hom-ine
2151 485 2201 543 Α
2229 482 2349 552 ipso
2381 479 2618 536 deterior
2652 478 2770 546 ﬁat,
2798 492 2908 550 quo
2935 491 2992 532 se
3021 474 3290 546 indigenti
3337 472 3594 545 proximo
3630 475 3822 530 melio-

521 583 816 657 justiﬁcato
858 581 1047 652 (Ibid.,
1079 582 1194 653 17),
1245 580 1522 646 videlicet,
1553 583 1618 633 ut
1645 576 1830 630 datum
1877 567 2131 627 exhiberi

533 671 725 728 debeat
754 687 848 742 per
891 671 1172 742 pietatem,
1223 678 1279 725 et
1308 671 1516 726 bonum
1556 666 1784 720 verbum
1829 659 2005 718 tribui
2037 673 2132 729 per

534 757 926 814 humilitatem.
945 760 1018 813 At
1032 765 1243 826 contra,
1260 758 1355 812 alii
1373 772 1570 826 egenos
1584 754 1778 808 fratres
1791 767 1900 806 non
1913 747 2134 805 student

535 847 700 903 rebus
727 847 920 902 fulcire
953 863 1076 901 cum
1109 847 1341 918 possint,
1385 843 1477 901 sed
1505 841 1723 898 blandis
1767 846 1982 894 tantum
2010 851 2134 890 ser-

537 935 827 1008 monibus‘
861 935 1066 990 fovere.
1101 935 1248 1001 Quos
1277 933 1629 988 vehementer
1645 927 1830 984 Jacobi
1864 925 2136 998 praedica-

529 1017 590 1100 t‘
613 1029 830 1078 Csancta
859 1021 1229 1093 reprehendit,
1279 1021 1501 1076 dicens:
1551 1019 1610 1074 Si
1645 1024 1817 1072 autem
1845 1015 2016 1086 frater
2042 1015 2139 1066 aut

524 1099 696 1164 moror
711 1110 844 1164 nudi
871 1115 1012 1176 sunt,
1043 1116 1089 1164 et
1107 1110 1338 1178 indigent
1366 1109 1501 1162 victu
1529 1105 1856 1177 quotidiana,
1886 1103 2135 1156 dicatqu-

559 1206 657 1254 tem
676 1199 872 1268 aliquis
899 1215 966 1253 ea:
992 1199 1136 1254 vobis
1155 1199 1266 1254 illis
1290 1216 1306 1252 :
1339 1201 1415 1255 Ite
1444 1201 1498 1252 in
1526 1214 1672 1267 pace,
1701 1191 2052 1263 calefactmini
2089 1193 2141 1243 et

541 1287 860 1343 saturamini
879 1304 1017 1352 ;non
1034 1287 1280 1342 dederitis
1300 1294 1474 1340 autem
1493 1287 1565 1340 eis
1579 1303 1695 1356 qua:
1713 1280 1998 1337 iwcessaria
2015 1284 2138 1332 sunt

543 1376 776 1446 corpori,
804 1377 931 1444 quid
954 1376 1098 1430 vobis
1121 1377 1405 1447 proderit?
1438 1376 1460 1409 ²
1486 1376 1632 1441 Quos
1661 1374 1895 1428 Joannes
1923 1381 2136 1440 quoque

544 1465 840 1536 Apostolus
859 1464 1138 1531 admonet,
1177 1463 1367 1519 dicens
1393 1481 1405 1517 :
1440 1463 1624 1518 Filioli
1651 1461 1772 1524 mei,
1800 1476 1905 1512 non
1935 1457 2138 1524 diliga-

543 1569 663 1608 mus
687 1554 862 1620 verbo,
890 1570 980 1607 nec
1025 1553 1225 1622 lingua,
1262 1552 1352 1606 sed
1396 1568 1547 1621 opere
1574 1557 1621 1603 et
1647 1549 1861 1601 veritate
1906 1545 1962 1614 (Ι
1977 1543 2134 1598 Joan.

545 1656 633 1708 m,
668 1643 780 1708 18).
830 1642 1066 1696 Dilectio
1100 1657 1342 1711 namque
1376 1647 1562 1694 nostra
1590 1652 1802 1706 semper
1829 1629 2140 1688 exhibenda

549 1732 633 1779 est
649 1733 702 1778 et
720 1727 1071 1780 veneratione
1098 1725 1390 1790 sermonis,
1413 1733 1467 1778 et
1497 1723 1806 1777 ministerio
1850 1717 2135 1789 largitatis.

2241 583 2356 624 rem
2388 574 2562 641 putat.
2597 568 2780 623 Minus
2807 565 3007 636 quippe
3034 564 3192 634 inops
3237 569 3318 617 est
3346 561 3441 633 qui
3471 570 3678 617 vestem
3711 581 3826 622 non

2241 655 2406 713 habet
2431 673 2594 730 quam
2625 655 2718 728 qui
2770 653 3155 710 humilitatem.
3200 649 3352 706 Unde
3403 667 3619 707 necesse
3651 663 3734 709 est
3764 663 3827 712 ut

2243 763 2369 802 cum
2398 755 2603 801 natura:
2644 751 2840 799 nostrae
2868 748 3146 797 consortes
3183 737 3454 792 exteriora
3482 756 3593 795 non
3624 739 3830 800 habere

2245 839 2634 910 conspicimus,
2661 851 2824 908 quam
2867 834 3040 888 multa
3077 831 3235 887 nobis
3273 831 3454 886 desint
3499 832 3644 888 bona
3689 834 3830 890 inte-

2246 927 2392 982 riora
2418 941 2744 998 pensemus;
2779 930 3047 995 quatenus
3073 936 3186 975 sese
3215 936 3376 990 super
3405 920 3595 991 inopes
3624 923 3834 994 cogita-

2245 1015 2325 1069 tio
2353 1031 2462 1070 non
2507 1015 2702 1078 elevet,
2731 1026 2857 1067 cum
2906 1007 3132 1063 solerter
3170 1007 3322 1062 videt
3367 1007 3496 1078 quia
3538 1025 3640 1064 nos
3675 1019 3837 1071 tanto

2247 1103 2433 1158 verius
2462 1109 2665 1174 quanto
2694 1106 2746 1154 et
2774 1097 3003 1153 interius
3031 1095 3336 1165 indigentes
3363 1113 3574 1153 sumus.

2319 1193 2406 1248 31.
2450 1191 2631 1246 Etiam
2669 1187 2944 1258 incognitis
2984 1191 3222 1253 erogatur
3261 1186 3598 1255 eleemosyna,
3641 1219 3716 1232 -.
3762 1191 3840 1249 Et

2249 1288 2378 1360 quia
2405 1292 2533 1341 sunt
2562 1283 2816 1340 nonnulli
2846 1281 2940 1354 qui
2971 1279 3190 1352 pietatis
3232 1295 3341 1334 suae
3370 1280 3579 1335 viscera
3606 1284 3841 1340 tendere

2248 1390 2419 1445 usque
2446 1373 2513 1428 ad
2534 1371 2840 1443 incognitos
2869 1367 3141 1434 nesciunt,
3171 1365 3265 1421 sed
3292 1366 3424 1422 solis
3452 1385 3589 1440 quos
3610 1386 3706 1441 per
3737 1389 3842 1428 as—

2247 1463 2559 1516 siduitatem
2590 1459 2801 1515 notitiae
2832 1457 3127 1513 didicerint
3144 1455 3490 1523 miserentur,
3530 1458 3676 1527 apud
3697 1476 3845 1530 quos

2249 1549 2512 1604 nimirum
2543 1549 2666 1620 plus
2694 1543 3040 1601 familiaritas
3070 1559 3230 1614 quam
3275 1551 3471 1598 natura
3500 1545 3668 1611 valet,
3700 1548 3842 1605 dum

2251 1637 2576 1708 quibusdam
2607 1633 2904 1690 necessaria
2934 1647 3042 1686 non
3075 1631 3203 1702 quia
3246 1630 3517 1699 homines,
3567 1634 3662 1690 sed
3709 1637 3846 1707 quia

2251 1727 2366 1781 noti
2396 1734 2546 1792 sunt,
2579 1725 2904 1795 largiuntur,
2924 1721 3062 1776 bene
3078 1737 3224 1776 nunc
3253 1737 3348 1792 per
3376 1721 3592 1778 beatum
3623 1726 3728 1780 Job
3746 1727 3846 1782 di-

623 1812 763 1886 [Vet.
794 1814 876 1868 XI
885 1812 968 1884 V.]
1001 1813 1087 1867 30.
1103 1812 1434 1880 Pauperibus
1451 1813 1818 1876 eleemosynam
1833 1809 2033 1873 dantes,
2048 1823 2140 1876 pa-

2264 1816 2396 1870 :itur
2426 1833 2437 1870 :
2475 1815 2533 1870 Si
2559 1813 2770 1884 despexi
2779 1817 3198 1882 prietereuntem,
3224 1827 3279 1864 eo
3310 1813 3450 1880 quod
3478 1829 3582 1864 non
3598 1815 3848 1880 habuerit

556 1903 724 1957 tronis
749 1918 972 1956 munera
1001 1901 1286 1970 o/ferimus.
1323 1899 1648 1954 Seminamus
1685 1914 1798 1966 qme
1821 1903 1999 1966 postea
2027 1911 2142 1949 cum

553 2005 743 2060 magno
756 1988 936 2059 fenore
948 1986 1530 2042 metamus—Multum
1547 2000 1676 2038 vero
1691 1983 1758 2037 ad
1784 1982 2139 2037 edomandam

556 2075 738 2134 dantis
765 2076 1074 2147 superbiam
1105 2075 1271 2141 valet,
1301 2075 1348 2127 si
1374 2091 1497 2129 eum
1533 2081 1743 2128 terrena
1760 2071 1957 2126 tribuit
1979 2071 2144 2124 verba

555 2165 791 2222 sollicite
821 2165 1064 2235 magistri
1094 2163 1330 2220 cmlestis
1351 2169 1560 2234 penset,
1591 2160 1687 2232 qui
1715 2160 1824 2215 ait:
1861 2159 2034 2215 Facite
2058 2176 2144 2213 vo-

557 2255 638 2309 bis
661 2254 854 2309 amicos
873 2255 935 2308 de
948 2271 1246 2308 mammona
1272 2251 1591 2320 iniquitatis,
1624 2258 1681 2304 ut
1700 2267 1815 2304 cum
1834 2248 2142 2318 defecerit-is,

557 2341 813 2412 recipiant
839 2359 928 2396 vos
955 2341 1011 2394 in
1035 2348 1230 2395 (eterna
1261 2337 1594 2393 tabernacula
1635 2339 1782 2408 (Luc.
1816 2354 1933 2405 xvr,
1975 2336 2055 2406 9).
2086 2334 2146 2391 Si

557 2429 704 2484 enim
723 2444 910 2482 eorum
931 2428 1192 2482 amicitiis
1209 2433 1409 2480 aeterna
1425 2426 1772 2479 tabernacula
1787 2423 2143 2494 acquirimus,
2215 2471 2220 2476 .

557 2513 749 2569 dantes
779 2513 970 2584 procul
993 2511 1164 2567 dubio
1192 2527 1417 2582 pensare
1445 2511 1726 2578 debemus,
1749 2511 1876 2580 quia
1901 2507 2146 2580 patronis

558 2603 742 2673 potius
757 2618 985 2656 munera
1002 2601 1284 2656 offerimus
1298 2617 1462 2672 quam
1483 2602 1670 2672 egenis
1690 2601 1835 2656 dona
1852 2602 2136 2672 largimur.

559 2689 703 2746 Hinc
728 2706 822 2760 per
851 2691 1077 2744 Paulum
1107 2687 1340 2744 dicitur:
1382 2689 1562 2744 Vestra
1587 2691 1915 2744 abundantia
1928 2691 2148 2745 illorum

558 2778 794 2848 inopiam
807 2777 1066 2846 suppleat,
1088 2783 1146 2830 ut
1169 2782 1216 2830 et
1233 2776 1450 2830 illorum
1469 2777 1799 2831 abundantia
1828 2783 2012 2831 vestra:
2037 2776 2148 2830 ino-

553 2867 663 2940 pia;
687 2866 756 2919 sit
772 2867 1179 2936 supplementum
1219 2863 1306 2935 (ΙΙ
1326 2865 1450 2920 Cor.
1481 2881 1605 2932 vm,
1642 2865 1752 2935 14).
1795 2865 1864 2921 Ut
1891 2865 2148 2920 videlicet

559 2955 792 3012 sollicite
820 2955 1215 3026 perpendamus
1243 2955 1371 3026 quia
1391 2961 1445 3010 et
1472 2972 1562 3010 eos
1591 2973 1728 3028 quos
1757 2972 1906 3012 nunc
1933 2956 2143 3027 inopes,

558 3044 852 3111 cernimus,
911 3043 1249 3098 abundantes
1309 3043 1634 3116 quandoque
1684 3045 2029 3111 videbimus;
2093 3051 2148 3098 et

2247 1905 2625 1959 indumentum.
2660 1903 2852 1973 Ignoto
2881 1899 3028 1956 enim
3051 1899 3304 1970 proximo
3337 1899 3624 1957 misertum
3657 1920 3712 1958 se
3745 1905 3850 1960 in-

2249 1993 2416 2059 dicat,
2445 2007 2605 2063 quem
2627 1997 3040 2062 przetereuntem
3067 1995 3246 2054 vocat,
3270 1987 3398 2059 quia
3418 1989 3680 2048 videlicet
3695 1993 3849 2064 apud

2250 2082 2395 2154 piam
2426 2089 2662 2136 mentem
2690 2081 2813 2151 plus
2841 2086 3035 2132 natura
3065 2077 3213 2132 valet
3259 2093 3420 2148 quam
3451 2079 3670 2135 notitia.
3705 2083 3848 2137 Nam

2251 2175 2306 2223 et
2333 2167 2704 2238 unusquisque
2752 2165 2847 2236 qui
2902 2163 3132 2234 indiget,
3161 2179 3227 2218 eo
3255 2163 3374 2234 ipso
3403 2180 3512 2237 quo
3541 2165 3712 2223 homo
3742 2176 3850 2236 est,

2251 2263 2306 2312 et
2326 2255 2441 2327 jam
2472 2253 2782 2325 incognitus
2812 2269 2924 2307 non
2953 2259 3052 2307 est.
3087 2251 3352 2323 Sequitur
3384 2267 3397 2306 :

2667 2340 2893 2397 CAPUT
2931 2339 3038 2394 XX
3078 2339 3220 2411 [Rec.
3262 2338 3404 2412 XV].

2324 2433 2495 2489 Vens.
2528 2431 2615 2485 21.
2665 2459 2736 2470 -
2794 2428 2851 2484 Si
2911 2427 3075 2482 levavi
3102 2444 3260 2498 super
3303 2427 3572 2499 pupillum
3619 2448 3848 2488 manum

2252 2537 2440 2586 meam,
2472 2521 2493 2553 ‘
2521 2518 2677 2572 etiam
2705 2534 2820 2572 cum
2859 2517 3091 2571 viderem
3116 2533 3195 2571 me
3221 2517 3279 2570 in
3303 2524 3464 2587 porta
3493 2522 3847 2590 superiorem.

2324 2607 2410 2662 32.
2452 2606 2629 2661 Sancti
2658 2606 2872 2660 libenter
2896 2605 3156 2674 injuriam
3195 2605 3496 2674 patiuntur,
3527 2615 3576 2662 et
3603 2626 3722 2678 quis
3750 2610 3854 2664 sibi

2255 2695 2502 2750 debentur
2527 2700 2708 2749 cavent
2735 2692 3026 2747 districtius
3054 2692 3276 2762 exigere.
3294 2723 3364 2734 -—
3383 2695 3498 2749 Mos
3525 2696 3673 2765 apud
3703 2706 3852 2752 vete-

2256 2799 2341 2837 res
2375 2782 2482 2838 fuit
2511 2790 2572 2837 ut
2609 2781 2679 2837 ad
2708 2789 2920 2853 portam
2955 2781 3195 2836 seniores
3216 2781 3486 2849 sederent,
3516 2783 3610 2854 qui
3636 2793 3852 2840 certan-

2255 2870 2395 2926 tium
2413 2870 2594 2942 jurgia
2617 2869 2910 2941 judiciaria
2950 2869 3354 2924 examinatione
3383 2871 3404 2904 ⁵
3436 2869 3847 2940 discernerent;

2256 2969 2523 3034 quatenus
2543 2959 2755 3025 urbem,
2770 2959 2828 3013 in
2850 2974 2956 3030 qua
2980 2958 3325 3013 concorditer
3338 2967 3614 3029 oporteret
3635 2961 3849 3030 vivere,

2256 3046 2531 3103 discordes
2555 3046 2782 3100 minime
2802 3045 3088 3099 intrarent.
3128 3043 3278 3100 Unde
3307 3053 3360 3098 et
3398 3062 3492 3116 per
3521 3049 3852 3120 prophetam

560 3137 705 3196 693
737 3133 830 3204 qui
861 3131 1202 3186 abundantes
1248 3128 1567 3200 aspicimur,
1593 3131 1640 3184 si
1681 3132 1868 3204 largiri
1908 3133 2148 3204 negligi-
2177 3168 2222 3228 Ο
2256 3133 2524 3190 Dominus
2544 3131 2680 3186 dicit
2713 3147 2724 3184 :
2761 3131 3071 3184 Constituite
3101 3131 3159 3184 in
3183 3138 3342 3200 porta
3363 3132 3630 3201 judicium
3663 3137 3854 3208 (Amos

561 3243 687 3282 mus
701 3225 1027 3297 quandoque
1051 3223 1242 3293 inopes
1263 3223 1486 3279 erimus.
1515 3224 1617 3291 Qui
1640 3225 1823 3299 itaque
1842 3240 1990 3282 nunc
2015 3235 2150 3281 tem-

561 3313 748 3387 porale
791 3310 1097 3366 subsidium
1123 3309 1344 3380 pauperi
1363 3309 1573 3379 tribuit,
1601 3313 1669 3368 ab
1695 3329 1759 3368 eo
1803 3313 2149 3384 postmodum

563 3406 828 3474 perpetua
862 3405 1202 3470 recepturus,
1231 3405 1289 3452 ut
1320 3399 1396 3452 ita
1428 3398 1628 3467 dicam,
1658 3401 1812 3472 quasi
1841 3401 1910 3456 ad
1935 3401 2147 3470 frugem

564 3501 764 3548 terram
793 3489 1016 3558 excolit,
1053 3505 1172 3562 quae
1217 3489 1364 3561 quod
1391 3491 1664 3561 acceperit
1697 3489 1922 3545 uberius
1947 3488 2146 3544 reddit.

563 3583 749 3638 Restat
801 3596 928 3650 ergo
981 3585 1044 3633 ut
1075 3594 1356 3650 nunquam
1385 3578 1550 3633 elatio
1580 3585 1768 3648 surgat
1809 3593 1879 3632 ex
1926 3591 2151 3632 munere

565 3669 783 3745 quando
821 3668 1077 3724 videlicet
1116 3667 1270 3722 dives
1307 3684 1376 3722 ex
1403 3684 1469 3723 eo
1500 3667 1646 3738 quod
1690 3666 1912 3738 pauperi
1957 3665 2153 3722 tribuit

566 3762 680 3831 agit
702 3758 844 3813 utin
871 3765 1191 3828 perpetuum
1221 3772 1424 3828 pauper
1467 3770 1578 3810 non
1621 3754 1712 3809 sit.
1751 3755 1949 3808 Beatus
1985 3754 2152 3825 igitur

566 3847 669 3904 Job
695 3853 758 3900 ut
792 3845 1079 3916 diligenter
1105 3845 1416 3900 ostenderet
1445 3841 1731 3896 humilitas
1757 3850 1918 3914 atque
1946 3843 2153 3898 miseri-

564 3935 753 3993 cordia
779 3940 980 4005 quanta
1005 3932 1058 3987 in
1083 3947 1147 3986 eo
1173 3929 1340 3985 fuerit
1366 3929 1802 3986 consideratione
1821 3929 2026 3985 sociata
2038 3930 2115 3985 ait
2139 3949 2150 3987 :

568 4025 628 4082 Si
645 4022 856 4094 despexi
875 4024 1296 4092 praetereuntem,
1325 4035 1382 4072 eo
1417 4017 1557 4086 quod
1583 4034 1688 4072 non
1714 4018 1953 4072 habuerit
1988 4017 2159 4072 indu-

564 4117 814 4177 mentum,
842 4116 890 4163 et
915 4109 1108 4178 absque
1136 4108 1452 4178 operimento
1475 4123 1764 4178 pauperem
1785 4124 1808 4170 ;
1835 4106 1883 4159 si
1907 4121 2012 4158 non
2042 4106 2062 4138 ³
2081 4104 2157 4158 be-

568 4197 881 4252 neditverunt
897 4194 1030 4248 mihi
1054 4196 1221 4249 latera
1240 4195 1375 4264 ejus,
1401 4200 1450 4248 et
1463 4194 1526 4248 de
1542 4195 1823 4248 velleribus
1835 4193 2009 4248 ovium
2022 4209 2157 4247 mea-

567 4300 692 4337 rum
718 4280 1001 4349 calefactus
1040 4286 1133 4334 est.
1166 4282 1246 4336 Ac
1292 4280 1341 4336 si
1367 4287 1552 4350 aperte
1596 4280 1832 4336 diceret:
1885 4282 1946 4335 In
1975 4295 2158 4334 amore

571 4369 811 4446 proximi
838 4383 950 4422 uno
995 4365 1294 4438 eodemque
1332 4367 1526 4422 ordine
1553 4375 1607 4422 et
1642 4369 1906 4440 superbia:
1936 4368 2156 4436 vitium,

570 4469 626 4516 et
647 4456 946 4530 impietatis
995 4469 1266 4524 premens,
1311 4462 1728 4526 praetereuntem
1755 4457 2063 4529 quempiam
2106 4463 2160 4510 et

569 4547 856 4604 humiliter
899 4542 1170 4614 aspiciens
1207 4559 1318 4598 non
1365 4543 1610 4614 despexi,
1649 4552 1704 4599 et
1732 4545 2157 4600 misericorditer

570 4636 811 4694 calefeci.
836 4630 1098 4704 Quisquis
1120 4631 1265 4686 enim
1295 4648 1457 4704 super
1479 4648 1604 4688 eum
1620 4634 1709 4688 cui
1725 4633 1933 4706 aliquid
1954 4633 2151 4690 tribuit

567 4727 714 4784 fastu
740 4739 796 4780 se
826 4721 1080 4778 elationis
1125 4722 1361 4790 extollit,
1402 4721 1661 4793 majorem
1693 4725 1908 4794 culpam
1938 4724 2152 4779 intrin-

569 4832 724 4872 secus
751 4810 1115 4885 superbiendo
1171 4812 1397 4882 peragit,
1453 4827 1616 4884 quam
1659 4813 2001 4869 extrinsecus
2030 4814 2150 4868 lar-

568 4903 789 4977 giendo,
811 4899 1138 4966 mercedem,
1164 4899 1332 4972 ﬁtque
1355 4901 1470 4972 ipse
1490 4900 1651 4956 bonis
1671 4901 2026 4957 interioribus
2051 4917 2152 4957 nu-

565 4994 692 5062 dus,
715 5009 841 5048 cum
867 4989 1079 5046 nudum
1109 4987 1342 5060 despicit
1371 4990 1640 5055 vestiens;
1671 5005 1844 5062 eoque
1875 4991 1986 5062 agit
2012 4997 2076 5046 ut
2096 5005 2154 5046 se

640 5187 658 5218 ¹
697 5183 962 5250 Vindoc.,
995 5180 1196 5251 fave-re.

573 5253 906 5375 ἀίὲεΝοτωη
961 5253 1101 5322 quod
1153 5253 1400 5308 Joannes.
1449 5251 1658 5320 Germ.,
1715 5251 1903 5321 quibus
1930 5253 2158 5308 Joannes

661 5339 676 5374 ι
706 5363 717 5375 .

611 5337 717 5376 ιοιῑ.

643 5391 668 5427 3
707 5389 1077 5456 Gemet.,bene
1115 5393 1368 5449 dixerunt
1397 5410 1490 5448 me.

644 5459 666 5534 ξ
705 5461 864 5534 peest
893 5461 1046 5534 etiam
1072 5463 1141 5534 in,
1161 5465 1329 5518 Laud.
1362 5471 1415 5517 et
1450 5464 1585 5534 pler.
1617 5463 1807 5521 Norm.

645 5529 882 5604 l‘_Logus
913 5529 1003 5604 hic
1032 5532 1178 5604 varie
1207 5529 1491 5604 torquetur
1522 5534 1576 5587 in
1631 5536 1758 5589 Mss.
1822 5534 2058 5590 Vindoc.
2107 5541 2161 5588 et

577 5597 738 5676 C_orb.
773 5598 954 5676 Germ.
990 5599 1210 5676 habent,
1231 5597 1624 5676 (lisliuguerent.
1657 5606 1860 5659 Turon.
1893 5613 1947 5660 et
1975 5606 2160 5672 Germ,

576 5668 962 5746 distringerent.
1023 5671 1244 5740 l’i‘atel.,
1278 5668 1455 5741 Decii,
1489 5676 1626 5732 Utic.
1657 5683 1712 5728 et
1755 5677 1889 5744 pler.
1945 5668 2159 5743 Norm.,

578 5739 680 5810 disj
685 5746 948 5810 ungerent.

2189 4507 2240 4566 D

2257 3241 2315 3291 v,
2343 3224 2452 3293 i5).
2487 3222 2602 3275 Hoc
2622 3219 2804 3290 itaque
2826 3219 2946 3274 loco
2967 3219 3096 3290 quid
3136 3228 3304 3291 portae
3333 3223 3558 3280 nomine
3586 3227 3856 3296 exprimi-

2257 3318 2350 3365 tur
2377 3308 2482 3363 nisi
2512 3307 2567 3362 id
2596 3305 2741 3378 quod
2762 3305 3020 3375 agebatur
3045 3307 3102 3360 in
3128 3315 3281 3378 porta
3302 3308 3330 3364 ?
3359 3309 3511 3366 Sicut
3537 3312 3691 3368 enim
3719 3330 3857 3386 pug-

2259 3413 2388 3454 nare
2415 3404 2590 3452 castra
2616 3393 2872 3461 dicimus,
2897 3410 2994 3464 pro
3015 3410 3078 3450 eo
3108 3395 3252 3467 quod
3283 3405 3556 3467 pugnatur
3586 3400 3608 3434 ⁶
3637 3416 3710 3455 ex
3737 3418 3858 3457 cas-

2259 3485 2390 3550 tris;
2423 3483 2499 3538 ita
2533 3481 2828 3553 judicium,
2860 3480 3002 3552 quod
3052 3481 3110 3536 in
3141 3490 3294 3553 porta
3335 3483 3418 3554 agi
3467 3495 3858 3555 consueverat,

2259 3579 2415 3644 porta
2439 3569 2772 3625 nominatur.
2805 3571 2867 3624 In
2900 3576 3056 3639 porta
3076 3585 3202 3641 ergo
3227 3587 3284 3626 se
3311 3571 3648 3642 superiorem
3677 3575 3860 3642 videt,

2261 3662 2353 3734 qui
2375 3678 2429 3716 se
2447 3659 2687 3715 melioris
2705 3659 2874 3730 partis
2891 3674 3004 3713 esse
3027 3658 3084 3713 in
3107 3657 3322 3730 judicio
3362 3659 3636 3731 aequitatis
3657 3666 3863 3720 merito

2260 3748 2546 3820 conspicit.
2597 3748 2792 3801 Beatus
2821 3743 2989 3816 igitur
3033 3745 3155 3814 Job,
3187 3748 3315 3818 quia
3353 3764 3454 3804 nec
3501 3757 3634 3806 tunc
3662 3761 3864 3812 contra

2265 3838 2532 3910 pupillum
2562 3839 2582 3871 ⁷
2617 3851 2837 3891 manum
2868 3834 3104 3903 exeruit,
3134 3852 3259 3892 cum
3289 3853 3345 3892 se
3374 3839 3535 3892 etiam
3567 3839 3866 3911 perjusﬁ-

2261 3928 2353 3982 tiae
2395 3925 2649 3980 meritum
2680 3925 2946 3996 potiorem
2974 3925 3136 3992 vidit,
3166 3926 3325 3982 nobis
3364 3927 3582 3982 timoris
3610 3933 3864 4000 regulam

2265 4015 2572 4080 insinuans,
2593 4013 2729 4068 dicit
2761 4029 2772 4068 :
2813 4013 2871 4068 Si
2890 4013 3057 4068 levavi
3082 4030 3242 4084 super
3260 4014 3532 4086 pupillum
3557 4020 3708 4078 694
3736 4038 3868 4076 map

2264 4129 2391 4167 num
2409 4109 2759 4176 meam,etiam
2777 4125 2894 4162 cum
2912 4109 3141 4164 viderem
3165 4126 3245 4163 me
3259 4109 3316 4163 in
3331 4118 3492 4180 porta
3510 4116 3863 4184 superiorem.

2266 4201 2348 4256 Ac
2373 4199 2418 4254 si
2447 4205 2694 4270 patenter
2707 4196 2855 4252 dicat
2875 4213 2886 4250 :
2905 4197 3090 4268 Neque
3105 4203 3239 4252 tunc
3249 4197 3507 4253 utilitatis
3529 4216 3663 4256 meae
3686 4219 3870 4274 nego-

2266 4285 2344 4341 tia
2369 4285 2576 4339 virtute
2603 4290 2792 4340 contra
2812 4281 3086 4354 pupillum
3102 4283 3328 4355 exsequi
3351 4285 3758 4357 volui,quando
3783 4307 3867 4345 me

2268 4374 2326 4428 iu
2341 4371 2552 4442 judicio
2567 4371 2731 4426 etiam
2747 4387 2817 4425 ex
2827 4369 3044 4440 justitia
3071 4371 3339 4442 potiorem
3357 4371 3498 4429 vidi.
3525 4374 3666 4447 [Vet.
3698 4379 3753 4432 Χ
3765 4379 3803 4434 ι’
3823 4377 3864 4451 .]

2267 4459 2452 4517 Sancti
2479 4458 2680 4515 etenim
2711 4457 2818 4512 viri
2845 4457 3062 4530 quando
3102 4476 3227 4514 cum
3277 4461 3526 4532 personis
3551 4463 3868 4522 minoribus

2265 4547 2680 4605 contentionum
2711 4545 2928 4616 negotia
2955 4546 3214 4614 subeunt,
3249 4547 3382 4604 dum
3413 4566 3643 4620 gravare
3683 4555 3773 4608 vel
3811 4556 3867 4607 in

2263 4635 2511 4690 minimis
2529 4634 2749 4700 timent,
2770 4633 2873 4705 ipsi
2903 4641 3092 4689 contra
3113 4633 3388 4704 justitiam
3422 4640 3640 4709 gravari
3664 4657 3868 4714 nequa-

2262 4739 2426 4797 quam
2455 4722 2751 4793 refugiunt.
2785 4721 2978 4777 Sciunt
3004 4723 3209 4802 quippe
3247 4725 3376 4795 quia
3414 4726 3598 4782 omnis
3621 4726 3870 4783 humana

2260 4811 2473 4884 justitia
2525 4809 2798 4880 injustitia
2843 4827 2960 4865 esse
2991 4812 3011 4845 ⁸
3041 4812 3483 4884 reprehenditur,
3514 4815 3560 4870 si
3592 4815 3870 4871 divinitus

2267 4899 2514 4956 districte
2538 4897 2838 4969 judicetur.
2864 4899 3015 4954 Unde
3049 4900 3154 4956 hoc
3183 4901 3330 4974 quod
3359 4902 3464 4958 sibi
3495 4906 3866 4975 competitca-

2268 4995 2401 5046 vent
2427 4985 2779 5042 vehementer
2804 4986 3042 5058 exigere,
3071 5004 3141 5043 ne
3169 5005 3361 5045 eorum
3387 4997 3545 5046 actus
3568 5007 3866 5064 supernam

2342 5187 2364 5221 ⁶
2392 5185 2606 5250 Norm.,
2633 5183 2691 5238 in
2709 5183 2916 5239 castris.

2340 5257 2362 5290 ⁷
2389 5256 2472 5326 Ita
2515 5253 2676 5326 Corb.
2703 5254 2910 5326 Germ,
2943 5253 3098 5310 Laud
3123 5262 3178 5310 et
3220 5255 3296 5326 pl.
3327 5257 3544 5326 Norm.,
3574 5257 3673 5315 ubi
3721 5256 3868 5314 Editi

2271 5341 2396 5407 cum
2422 5325 2604 5407 Germ.
2653 5324 2865 5407 habent.
2885 5324 3398 5407 manumea‘ercuit;
3436 5324 3695 5407 etpaulo
3713 5335 3868 5407 post,

2267 5396 2609 5476 potentiorem
2632 5411 2730 5483 pro
2751 5395 3029 5466 potiorem,
3059 5403 3120 5450 ut
3151 5397 3349 5466 legitur
3359 5395 3580 5522 apassiin
3619 5400 3679 5456 in
3713 5395 3866 5464 Mss,

2274 5473 2573 5522 praesertim
2621 5466 2782 5522 Lorb.
2843 5465 3051 5522 Germ..
3095 5466 3309 5522 Norm..
3405 5485 3593 5522 uron..
3655 5470 3866 5522 Germ.

2312 5465 2792 5538 raisertideorb.
2843 5465 3051 5531 Germ.,
3095 5465 3309 5535 Norm.,
3359 5465 3593 5538 Turon.,
3655 5470 3866 5535 Germ,

2319 5538 2471 5604 aud.,
2501 5544 2554 5592 et
2581 5536 2702 5592 Val.
2735 5537 2818 5592 Cl.

2399 5607 2512 5733 Ag!”
2541 5606 2946 5678 deprehenditur
2973 5613 3035 5662 ut
3054 5614 3134 5663 est
3163 5607 3223 5662 in
3252 5616 3456 5666 recent.
3489 5611 3765 5684 Excusis,
3791 5615 3870 5667 in-

2320 5695 2334 5731 ι
2365 5694 2410 5731 lS
2492 5695 2563 5733 ss.

2277 5693 2410 5734 Ἦιιδ
2437 5693 2563 5733 MSS.
