3928 6416
143 397 250 458 209

949 394 1323 452 MORALIUM
1360 396 1494 454 LIB.
1536 396 1690 454 XXI.
1730 427 1802 440 —
1837 397 1912 456 IN
1947 398 2174 457 CAPUT
2209 400 2399 456 XXXI
2435 400 2499 456 B.
2539 400 2684 460 10B.

3346 401 3452 458 210

139 522 545 584 rectitudinem
572 522 855 593 contingat
880 521 1158 578 subtiliter
1183 522 1519 579 examinare.
1553 513 1750 578 Sed'ut
1774 527 1825 583 A
1852 540 1978 580 cum
2008 524 2345 598 quibuslibet
2368 524 2623 581 videatur
2649 541 2766 585 esse
2786 531 2810 567 ι
2841 529 3163 596 virtutibus,
3188 529 3446 595 solvitur,

139 612 390 672 inveniri
411 611 556 683 justi
585 612 643 666 in
673 610 864 666 divino
891 610 1147 666 examine
1167 611 1406 679 valeant,
1432 612 1754 684 plerumque

140 701 285 776 apud
314 701 570 756 humana
591 699 804 772 judicia
830 699 1044 771 gravari
1070 715 1127 755 se
1146 707 1201 755 et
1222 698 1425 771 injuste
1444 700 1748 772 patiuntur.

140 793 339 849 Beatus
367 799 562 846 autem
591 790 693 846 Job
720 789 850 844 vitae
869 805 982 844 sua:
1011 789 1397 846 celsitudinem
1428 805 1678 857 narrans,
1699 795 1754 843 et

141 881 315 940 multa
331 891 473 939 sunt
489 885 542 938 et
560 881 701 936 mira
719 896 838 952 quae
859 880 1022 936 dixit.
1043 879 1148 936 Sed
1165 879 1293 952 quia
1314 881 1636 952 plerumque
1653 879 1752 934 hu-

141 988 302 1027 mana
328 987 499 1027 mens
525 970 712 1026 renuit
739 969 883 1024 bona
901 968 1142 1037 credere,
1169 985 1289 1041 quae
1313 968 1490 1024 nescit
1515 967 1750 1040 operari,

140 1060 432 1119 maledicti
479 1058 584 1115 sibi
629 1057 957 1113 sententiam
1000 1058 1254 1130 protinus
1294 1057 1540 1128 subjicit,
1571 1057 1617 1112 si
1647 1072 1754 1128 qua

139 1149 344 1207 horum
375 1165 504 1220 quae
536 1146 753 1202 dixerat
780 1161 942 1218 opere
969 1161 1083 1201 non
1110 1145 1386 1218 implevit,
1416 1144 1639 1201 dicens:

545 1233 773 1292 CAPUT
811 1234 945 1290 XXI
985 1231 1129 1306 [Rec.
1171 1232 1351 1307 XVI].

211 1327 392 1384 Vens.
427 1325 522 1381 22.
545 1355 617 1365 —
635 1325 899 1378 Humerus
925 1339 1069 1377 meus
1105 1340 1139 1377 a
1159 1322 1421 1391 junctura
1449 1339 1548 1378 sua
1576 1323 1750 1391 cadat,

139 1422 188 1471 et
213 1415 502 1470 brachium
525 1431 693 1468 meum
721 1429 837 1468 cum
862 1411 1063 1466 ossibus
1089 1412 1201 1466 suis
1227 1418 1547 1468 conteratur.

211 1505 300 1561 33.
340 1501 646 1560 Concordia
665 1502 722 1556 in
740 1501 998 1568 societate,
1021 1499 1131 1554 sine
1144 1499 1409 1570 patientia
1418 1517 1754 1570 perseverare

138 1611 246 1649 non
279 1599 478 1665 potest.
510 1623 581 1632 —
609 1589 747 1659 Quia
774 1587 1020 1660 operatio
1047 1605 1308 1661 corporea
1337 1605 1432 1660 per
1461 1589 1752 1646 humerum

139 1701 206 1741 ac
232 1683 536 1740 brachium
565 1681 765 1753 agitur,
791 1680 936 1737 bona
964 1696 1085 1752 quat
1113 1696 1206 1736 ore
1235 1681 1488 1752 protulit,
1520 1681 1565 1736 si
1592 1695 1754 1751 opere

141 1791 254 1830 non
283 1773 569 1844 implevit,
599 1771 793 1828 cadere
822 1769 928 1826 sibi
967 1769 1259 1825 humerum
1294 1778 1348 1826 et
1375 1769 1583 1826 conteri
1619 1767 1756 1824 bra-

141 1861 333 1920 chium
361 1868 614 1934 exoptat.
647 1862 727 1917 Ac
753 1861 798 1916 si
829 1867 1012 1932 aperte
1041 1858 1218 1915 dicat:
1255 1861 1274 1895 ¹
1305 1859 1362 1915 Si
1393 1875 1454 1913 ea
1484 1875 1604 1931 quae
1633 1855 1754 1912 dixi

145 1951 360 2024 cperari
381 1949 570 2018 renui,
593 1948 774 2020 ipsum
797 1947 945 2022 quod
960 1948 1099 2004 mihi
1120 1947 1188 2003 ad
1208 1945 1544 2018 operandam
1565 1946 1754 2002 datum

147 2050 226 2098 est
251 2041 511 2114 corporis
542 2041 851 2097 membrum
881 2038 1126 2111 perdam,
1158 2045 1221 2093 ut
1249 2037 1509 2094 videlicet
1539 2037 1697 2094 cadat
1723 2051 1756 2092 a

148 2147 398 2202 corpore,
433 2129 586 2202 quod
611 2143 863 2184 exercere
890 2127 1047 2184 nolui
1074 2127 1143 2182 ad
1175 2126 1492 2182 utilitatem.
1539 2126 1594 2182 Si
1624 2141 1756 2182 vero

148 2222 262 2277 haec
281 2220 576 2276 maledicti
598 2219 868 2276 sententia
888 2217 956 2274 ad
984 2217 1325 2289 spiritualem
1347 2223 1429 2271 est
1448 2215 1754 2286 intelligen-

144 2309 274 2365 tiam
303 2309 624 2376 referenda,
657 2307 831 2380 liquet
858 2306 1103 2379 profecto
1133 2305 1281 2378 quod
1308 2303 1596 2360 brachium
1623 2319 1757 2360 cor-

144 2397 259 2470 pori
289 2413 390 2470 per
420 2397 723 2452 humerum
749 2394 1023 2467 jungitur.
1054 2395 1126 2449 Et
1153 2393 1298 2450 sicut
1341 2409 1436 2466 per
1463 2392 1754 2449 brachium

143 2484 282 2540 bona
311 2485 594 2558 operatio,
624 2485 703 2540 ita
745 2499 841 2556 per
869 2482 1162 2538 humerum
1190 2481 1410 2538 socialis
1438 2481 1567 2536 vitae
1612 2496 1756 2536 con-

143 2571 353 2645 junctio
383 2573 732 2645 designatur.
779 2571 932 2629 Unde
980 2571 1245 2644 propheta
1286 2585 1507 2642 quoque
1535 2569 1758 2624 intuens

149 2670 360 2719 sanctos
384 2661 726 2718 universalis
753 2657 1012 2717 Ecclesiae
1042 2660 1273 2732 populos
1304 2661 1416 2714 Deo
1458 2655 1757 2712 concordi-

147 2759 224 2806 ter
265 2751 607 2819 servituros,
651 2751 764 2807 ait:
812 2752 886 2807 Et
922 2750 1150 2804 servient
1175 2749 1224 2803 ei
1260 2748 1283 2782 ⁸
1320 2765 1380 2802 in
1407 2748 1622 2802 humero
1650 2763 1756 2800 uno

151 2837 404 2911 (Sophon.
436 2857 529 2906 ιιι,
551 2840 632 2910 9).
665 2841 727 2894 In
757 2854 822 2894 eo
851 2854 978 2908 ergo
1007 2836 1156 2908 quod
1185 2835 1354 2891 dicit:
1389 2836 1447 2890 Si
1477 2834 1645 2888 levavi
1671 2850 1757 2888 su-

146 2946 238 3000 per
259 2930 551 3002 pupillum
575 2944 792 2981 manum
809 2943 998 2992 meam,
1021 2925 1178 2979 etiam
1200 2941 1317 2978 cum
1339 2923 1568 2976 viderem
1594 2937 1674 2976 me
1699 2922 1758 2976 in

148 3021 299 3086 porta
321 3015 684 3087 superiorem,
711 3013 906 3068 miram
937 3011 1200 3066 virtutem
1219 3009 1494 3082 patientiae
1516 3023 1758 3062 servasse

151 3118 204 3158 se
241 3105 468 3172 asserit,
519 3102 615 3175 qui
658 3101 872 3172 gravari
914 3115 970 3154 se
1012 3117 1044 3154 a
1072 3096 1320 3170 personis
1349 3097 1618 3163 minimis,
1656 3111 1760 3150 nec

155 3200 343 3247 contra
371 3191 486 3248 hoc
513 3189 660 3262 quod
689 3187 794 3244 sibi
817 3188 966 3260 juste
994 3193 1306 3257 competere
1336 3192 1570 3256 poterat,
1593 3181 1758 3238 decli-

159 3281 329 3338 navit.
354 3281 522 3348 Quod
551 3286 737 3335 tamen
766 3278 813 3334 si
842 3276 1071 3332 minime
1100 3273 1314 3342 fecerit,
1345 3272 1623 3344 adjungit:
1650 3272 1758 3325 Hu-

156 3383 330 3423 merus
356 3383 506 3424 meus
533 3385 569 3422 a
587 3367 846 3436 junctura
875 3383 974 3420 sua
1001 3365 1176 3420 cadat.
1207 3361 1348 3430 Quia
1376 3360 1643 3416 nimirum
1665 3357 1760 3430 qui

157 3463 485 3535 patientiam
514 3477 731 3519 servare
759 3459 1068 3516 contemnit
1095 3457 1353 3514 socialem
1394 3456 1566 3510 vitam
1595 3454 1762 3510 citius

157 3570 252 3628 per
278 3555 692 3628 impatientiam
721 3550 942 3610 deserit.
975 3553 1025 3608 A
1047 3550 1313 3623 junctura
1340 3547 1542 3604 etenim
1573 3546 1760 3601 hume-

155 3658 248 3700 rus
272 3645 448 3713 cadit,
473 3661 599 3700 cum
619 3641 969 3698 adversitatis
993 3638 1204 3711 aliquid
1234 3638 1374 3693 ferre
1403 3637 1622 3691 animus
1651 3649 1762 3689 non

159 3732 372 3800 valens,
414 3732 718 3788 fraternam
759 3725 1112 3786 concordiam
1151 3724 1417 3796 relinquit
1451 3741 1461 3778 :
1510 3731 1565 3777 et
1609 3721 1765 3794 quasi

159 3822 476 3877 membrum
516 3825 799 3891 separatur
837 3832 872 3871 a
909 3829 1160 3885 corpore,
1195 3827 1320 3868 cum
1351 3811 1398 3865 is
1429 3811 1522 3882 qui
1552 3809 1767 3878 operari

159 3907 299 3966 bona
321 3916 545 3983 poterat
563 3924 595 3962 a
613 3907 888 3962 bonorum
915 3903 1166 3960 omnium
1187 3899 1530 3956 abscinditur
1547 3898 1766 3954 univer-

163 3998 341 4054 sitate.
395 3999 583 4068 Neque
625 3994 771 4050 enim
814 4006 1057 4064 unquam
1101 3987 1310 4046 servari
1337 3985 1632 4044 concordia
1658 3985 1768 4042 nisi

162 4099 251 4154 per
275 4085 458 4140 solam
481 4081 802 4156 patientiam
825 4079 990 4134 valet.
1014 4077 1218 4136 Crebro
1238 4091 1474 4149 namque
1501 4075 1558 4130 in
1574 4073 1767 4130 huma-

164 4187 233 4228 na
259 4172 483 4229 actione
503 4169 773 4236 nascitur,
796 4165 942 4222 unde
973 4170 1184 4220 mentes
1203 4163 1496 4219 hominum
1518 4161 1766 4216 vicissim

167 4261 190 4296 ³
214 4277 246 4316 a
272 4278 374 4317 sua
403 4259 618 4316 unitate
647 4273 709 4312 ac
737 4253 1032 4311 dilectione
1062 4259 1420 4325 separentur:
1468 4257 1524 4306 et
1551 4247 1658 4304 nisi
1696 4246 1767 4304 ad

170 4349 396 4408 adversa
423 4345 710 4404 toleranda
738 4360 794 4400 se
823 4343 1041 4399 animus
1069 4347 1354 4414 praeparet,
1386 4337 1578 4410 procul
1597 4335 1766 4392 dubio

169 4434 432 4495 humerus
468 4435 686 4508 corpori
715 4449 827 4490 non
857 4431 1109 4488 inhaeret.
1142 4429 1284 4486 Hinc
1330 4426 1534 4483 etenim
1564 4425 1768 4480 Paulus

171 4525 274 4582 ait:
319 4528 549 4584 Invicem
581 4541 746 4579 onera
780 4527 953 4577 vestra
977 4525 1209 4592 portate,
1237 4524 1290 4573 et
1314 4515 1388 4572 sic
1415 4513 1768 4585 adimptebitis

176 4614 325 4686 legem
374 4613 578 4673 Christi
623 4612 829 4683 (Galat.
869 4626 951 4676 vr,
985 4608 1066 4677 2).
1108 4607 1251 4662 Hinc
1287 4620 1385 4676 per
1419 4601 1766 4672 semetipsam

174 4697 386 4758 Veritas
412 4699 588 4756 dicit:
621 4699 688 4754 In
711 4694 972 4768 patientia
999 4697 1175 4748 vestra
1196 4689 1530 4762 possidebitis
1559 4687 1768 4742 animas

177 4793 369 4844 uestras
403 4787 557 4860 (Luc.
592 4801 714 4852 xxx,
749 4783 862 4853 19).

247 4874 382 4950 [νει.
428 4874 609 4948 XVI.]
647 4873 736 4930 34.
781 4873 902 4930 Sine
929 4868 1189 4942 patientia
1217 4866 1467 4922 charitati
1491 4864 1767 4933 conjuncta

183 4962 306 5020 bona
327 4983 489 5038 opera
502 4968 819 5036 pereunt.—
832 4961 996 5016 Recte
1025 4963 1229 5022 autem,
1258 4953 1490 5009 humero
1517 4951 1764 5020 cadente,

185 5050 526 5128 subjungitur
547 5069 558 5107 :
588 5051 662 5107 Et
680 5047 952 5105 brachium
968 5061 1140 5100 meum
1157 5057 1274 5097 cum
1291 5041 1494 5095 ossibus
1506 5041 1617 5094 suis
1635 5056 1767 5094 con-

189 5126 414 5196 teratur}
447 5142 592 5202 695
619 5137 751 5210 quia
776 5133 1042 5190 nimirum
1070 5135 1270 5187 cuncta
1287 5132 1474 5182 nostra
1501 5126 1765 5198 operatio,

254 5329 274 5365 ί
301 5327 544 5394 Ebroic.,
573 5326 784 5384 Gemet.
813 5319 1013 5394 ac_ali_i_
1030 5317 1248 5394 Norm.,_
1271 5313 1320 5369 si
1345 5313 1482 5369 bona
1509 5329 1647 5384 quae,
1675 5311 1770 5370 hic

195 5385 550 5468 Laud.habe't
575 5397 734 5468 ipsud
759 5392 900 5466 quod
919 5389 1071 5458 mihi,
1101 5403 1202 5461 pro
1226 5385 1420 5458 ipsum.

261 5467 284 5540 ξ
317 5471 430 5540 AL,
457 5467 674 5526 humero
701 5483 836 5540 uno;

261 5539 283 5575 ³
320 5537 554 5610 Gemet.,
583 5558 619 5594 a
647 5537 922 5610 suavitate.

263 5610 287 5647 ⁴
321 5593 477 5669 Εᾶἧῖ
487 5593 816 5667 addiderunt
833 5604 996 5678 fulta,
1017 5599 1165 5678 quod
1186 5597 1343 5678 abest
1366 5613 1398 5678 a
1572 5593 1771 5663 Laud.,

203 5676 318 5736 Val.
349 5682 455 5752 CL,
497 5683 712 5749 Norm.,
755 5669 863 5752 etc.
891 5669 1073 5752 Germ.
1112 5670 1299 5752 habet,
1328 5669 1609 5724 virtutibus
1639 5682 1774 5720 con-

200 5765 346 5810 nexa.
377 5745 538 5812 Cdrb.
571 5745 781 5818 Germ.,
810 5745 1093 5818 virtutibus
1115 5745 1300 5814 plena.
1477 5809 1507 5818 μ
1740 5805 1752 5817 ,

255 5824 290 5862 ⁵
325 5825 616 5891 Gussanv.,
644 5814 824 5881 Vatic.
854 5825 910 5876 et
949 5815 1024 5874 al.
1063 5819 1296 5880 recent.,
1333 5814 1510 5882 pergit
1535 5814 1770 5880 operari.

1863 615 1971 668 nisi
2014 631 2110 686 per
2149 614 2434 672 charitatis
2461 616 2746 672 vinculum
2782 619 3044 690 patientia
3072 625 3444 672 conservetur.

1863 701 1971 756 Sua
1997 703 2144 758 enim
2174 702 2318 758 bona
2344 704 2366 737 ⁵
2397 702 2576 774 perdit
2603 705 2820 774 operari
2858 705 2954 777 qui
2974 706 3154 760 aliena
3182 705 3325 758 mala
3352 718 3447 758 re—

1862 791 1985 846 nuit
2014 791 2240 862 perpeti.
2292 792 2526 848 Fervore
2556 795 2757 866 quippe
2795 791 3046 850 iracundi
3088 793 3316 863 spiritus
3343 792 3447 846 lae-

1861 894 1954 936 sus
1981 882 2211 954 quisque
2239 897 2271 936 a
2309 880 2604 938 dilectione
2635 883 2830 950 resilit,
2874 889 2928 937 et
2956 897 3082 938 cum
3121 895 3177 934 se
3205 879 3448 934 exterius

1862 971 2073 1041 gravari
2115 987 2228 1026 non
2263 973 2480 1038 tolerat,
2521 971 2670 1026 intus
2711 986 2766 1026 se
2795 986 2891 1042 per
2916 969 3179 1025 amissum
3209 969 3230 1002 ⁸
3261 967 3446 1021 lumen

1861 1058 2146 1115 charitatis
2181 1059 2471 1126 obscurat;
2519 1076 2619 1116 nec
2660 1059 2812 1115 videt
2847 1058 2962 1131 jam
2991 1074 3101 1130 quo
3129 1055 3317 1112 tendat
3345 1070 3449 1125 pe-

1861 1146 1985 1202 dem
2031 1149 2162 1203 boni
2198 1148 2400 1220 operis,
2442 1149 2536 1220 qui
2580 1149 2802 1206 oculum
2831 1147 3072 1220 perdidit
3113 1143 3442 1202 dilectionis.

1861 1235 1966 1292 Sed
1996 1237 2170 1292 sancti
2217 1237 2326 1292 viri
2372 1235 2636 1292 humerus
2671 1253 2703 1292 a
2723 1235 2986 1308 junctura
3012 1250 3111 1290 sua
3140 1248 3251 1289 non
3277 1231 3446 1298 cadit,

1863 1326 1991 1398 quia
2020 1325 2276 1382 videlicet
2303 1323 2421 1396 ejus
2449 1325 2672 1381 dilectio
2701 1342 2732 1380 a
2760 1326 2978 1381 socialis
3007 1325 3137 1378 vitaa
3156 1320 3449 1378 concordia

1862 1432 1959 1489 per
2001 1415 2398 1486 impatientiam
2440 1430 2551 1469 non
2599 1414 2822 1469 recedit.
2871 1413 3111 1484 Ejusque
3155 1409 3447 1466 brachium

1862 1505 2090 1560 minime
2113 1505 2406 1575 frangitur,
2435 1503 2563 1576 quia
2591 1504 2773 1560 omnis
2799 1502 2916 1574 ejus
2944 1501 3186 1573 operatio
3217 1501 3275 1554 in
3301 1514 3448 1554 con-

1855 1592 2142 1664 junctione
2180 1593 2419 1659 humeri,
2468 1591 2525 1647 id
2564 1599 2645 1646 est
2689 1591 2746 1644 in
2792 1589 3074 1646 charitatis
3101 1586 3446 1644 connexione

1862 1681 2189 1737 custoditur.
2222 1681 2328 1738 Sed
2363 1697 2469 1752 qua
2496 1677 2930 1736 consideratione
2959 1678 3101 1732 bona
3135 1675 3252 1730 hac
3293 1680 3448 1728 tanta

1861 1771 2051 1841 egerit,
2081 1777 2243 1842 atque
2277 1785 2311 1825 a
2339 1769 2497 1824 malis
2524 1767 2782 1823 omnibus
2809 1782 2924 1822 sese
2965 1762 3313 1828 abstinuerit,
3339 1759 3448 1815 ad-

1781 1882 1829 1942 B
1855 1858 2040 1932 jungit
2066 1857 2292 1916 dicens:

2237 1964 2464 2026 CAPUT
2499 1964 2659 2020 xxn
2687 1961 2831 2037 meo.
2864 1960 3072 2034 xm].
3415 2017 3444 2040 ,

1932 2076 2105 2134 Vnus.
2136 2075 2309 2132 23.—
2330 2075 2540 2145 Semper
2569 2074 2706 2128 enim
2732 2072 2886 2142 quasi
2915 2073 3161 2125 tumentes
3187 2081 3345 2137 super
3367 2080 3450 2120 me

1862 2171 2049 2239 ﬂuctus
2078 2166 2230 2221 timui
2256 2166 2444 2230 Deum,
2463 2170 2512 2219 et
2533 2165 2744 2236 pondus
2768 2163 2880 2232 ejus
2909 2159 3051 2230 ferre
3075 2175 3180 2212 non
3201 2155 3374 2228 potui.

1933 2255 2022 2312 35.
2063 2255 2288 2311 Timoris
2315 2254 2415 2310 Dei
2441 2259 2641 2322 quanta
2663 2253 2740 2306 vis
2758 2251 2830 2306 ad
2845 2248 3078 2304 omnium
3105 2249 3450 2314 contemptum

1856 2344 2301 2416 persuadendum.
2322 2342 2568 2398 Extremi
2578 2340 2774 2412 judicii
2791 2340 2940 2409 sig-na
2955 2335 3178 2408 praevia.
3201 2364 3271 2374 —
3286 2334 3336 2388 A
3359 2347 3447 2404 pa-

1863 2451 1995 2492 vore
2039 2443 2205 2492 tantae
2249 2431 2634 2490 similitudinis
2677 2444 2997 2502 pensemus,
3045 2427 3092 2482 si
3137 2439 3446 2496 possumus,

1865 2533 2068 2599 quanta
2095 2525 2154 2580 in
2173 2530 2362 2581 sancto
2391 2523 2513 2578 viro
2536 2521 2702 2577 fuerit
2731 2521 2816 2575 vis
2841 2517 3075 2573 timoris.
3099 2517 3324 2570 Fluctus
3339 2519 3447 2566 ete-

1863 2617 1980 2671 nim
2009 2631 2136 2670 cum
2168 2619 2444 2668 tumentes
2472 2609 2702 2680 desuper
2731 2606 3046 2668 imminent,
3065 2616 3298 2672 cumque
3326 2615 3448 2654 eam

1863 2719 2026 2777 quam
2044 2703 2299 2758 deferunt
2315 2706 2544 2754 mortem
2567 2693 3023 2762 minantur,nulla
3039 2699 3176 2746 tunc
3191 2687 3448 2759 navigan-

1861 2791 2012 2846 tibus
2039 2807 2221 2846 rerum
2252 2805 2383 2846 cura
2415 2785 2824 2859 temporalium,
2846 2783 2999 2838 nulla
3019 2779 3200 2836 carnis
3218 2777 3450 2832 delecta-

1861 2878 1943 2932 tio
1988 2877 2057 2931 ad
2097 2885 2334 2931 mentem
2377 2873 2691 2938 reducitur;
2737 2886 2801 2925 ea
2840 2871 2956 2940 ipsa
2982 2881 3197 2939 quoque
3225 2879 3294 2918 ex
3319 2864 3451 2918 navi

1864 2964 2185 3036 projicinnt,
2215 2979 2313 3034 pro
2360 2962 2563 3032 quibus
2602 2961 2763 3029 longa
2804 2957 3024 3027 navigia
3061 2961 3447 3025 sumpserunt;

1863 3060 2075 3110 cunctae
2103 3067 2189 3105 res
2218 3051 2275 3105 in
2304 3049 2620 3118 despectum
2651 3046 2851 3100 mentis
2879 3046 3131 3108 veniunt,
3152 3059 3336 3096 amore
3358 3041 3452 3094 vi-

1866 3141 2051 3196 vendi.
2083 3139 2251 3206 Quasi
2281 3154 2408 3207 ergo
2446 3142 2719 3190 tumentes
2745 3148 2909 3204 super
2949 3148 3006 3186 se
3048 3131 3248 3186 ﬂuctus
3276 3131 3450 3184 Deum

1793 3227 1838 3287 C
1870 3234 2086 3299 metuit,
2115 3233 2210 3304 qui
2237 3231 2371 3286 dum
2401 3244 2586 3284 veram
2611 3227 2780 3281 vitam
2808 3224 3099 3289 desiderat,
3121 3222 3308 3276 omnia
3334 3220 3453 3276 des-

1868 3322 2004 3394 picit
2025 3337 2145 3392 quae
2167 3320 2257 3374 hic
2275 3317 2559 3389 possidens
2580 3322 2776 3387 portat.
2800 3314 2936 3368 Nam
2965 3313 3118 3366 velut
3137 3316 3454 3380 tempestate

1868 3408 2192 3481 deprehensi
2220 3405 2435 3478 pondus
2463 3404 2621 3460 navis
2650 3401 2962 3474 abjicimus,
2991 3397 3210 3472 quando
3251 3397 3320 3451 ab
3346 3413 3456 3468 op-

1867 3513 2051 3570 pressa
2093 3503 2274 3551 mente
2301 3492 2572 3550 desideria
2610 3498 2826 3546 terrena
2854 3504 3218 3544 removemus.
3259 3487 3458 3557 Fitque

1867 3594 1933 3643 ut
1950 3589 1970 3623 7
1993 3585 2281 3642 sublevata
2298 3583 2456 3638 navis
2479 3588 2684 3649 enatet,
2707 3596 2825 3651 qum
2849 3576 3192 3648 mergebatur
3210 3581 3454 3641 onerata,

1870 3676 2001 3748 quia
2027 3675 2293 3729 nimirum
2322 3688 2465 3728 curae
2485 3686 2606 3742 quae
2634 3670 2694 3725 in
2713 3667 2817 3724 hac
2836 3667 2950 3721 vita
2973 3665 3291 3736 deprimunt
3308 3677 3456 3717 men-

1871 3771 1982 3819 tem
2003 3763 2060 3817 in
2079 3761 2413 3833 profundum
2435 3759 2680 3813 trahunt.
2705 3755 2835 3822 Quae
2855 3754 3112 3810 videlicet
3132 3767 3285 3806 mens
3303 3757 3458 3804 tanto

1871 3853 2039 3908 altius
2051 3852 2195 3906 inter
2213 3850 2577 3905 tentationum
2599 3847 2798 3902 ﬂuctus
2815 3844 3108 3910 attollitur,
3129 3848 3334 3914 quanto
3353 3839 3459 3896 sol-

1873 3942 2082 3998 licitius
2099 3939 2168 3995 ab
2188 3938 2354 4010 hujus
2375 3937 2560 3992 saeculi
2583 3934 2913 4006 cogitatione
2934 3939 3219 3988 vacuatur.
3239 3931 3340 3984 Est
3368 3943 3458 3982 ve-

1873 4046 1944 4087 ro-
1962 4037 2016 4085 et
2059 4027 2208 4084 aliud
2237 4025 2383 4098 quod
2424 4025 2492 4080 de
2539 4023 2706 4077 maris
2751 4019 3109 4076 concussione
3141 4015 3334 4071 debeat
3359 4030 3460 4068 so-

1873 4119 2038 4176 lerter
2079 4115 2304 4172 intueri.
2335 4114 2649 4183 Tempestas
2681 4109 2884 4181 quippe
2921 4121 3046 4162 cum
3077 4105 3275 4169 oritur,
3307 4101 3461 4174 prius

1871 4206 2022 4262 lenes
2049 4204 2232 4272 undae,
2256 4209 2310 4258 et
2337 4197 2685 4273 postmodum
2715 4195 3000 4251 volumina
3031 4190 3237 4263 majora
3265 4193 3462 4248 conci—

1872 4302 2095 4359 tantur;
2135 4291 2202 4347 ad
2243 4297 2551 4346 extremum
2581 4286 2782 4342 ﬂuctus
2810 4299 2868 4339 se
2910 4283 2966 4338 in
3001 4282 3112 4336 alta
3139 4281 3377 4351 erigunt,
3407 4289 3463 4338 et

1873 4385 2190 4454 navigantes
2218 4394 2460 4452 quosque
2483 4379 2504 4411 ⁸
2524 4378 2641 4448 ipsa
2668 4391 2768 4432 sua
2792 4371 3086 4429 altitudine
3106 4370 3457 4428 subvertunt.

1873 4474 1964 4531 Sic
1989 4472 2067 4528 sic
2096 4470 2362 4526 nimirum
2391 4473 2636 4521 extrema
2666 4463 2761 4518 illa
2787 4469 3062 4534 properat,
3093 4477 3213 4533 quae
3241 4461 3464 4515 univer-

1793 4577 1844 4635 D
1871 4578 1993 4619 sum
2039 4557 2307 4615 mundum
2350 4559 2492 4617 696
2536 4553 2764 4609 subruat
2791 4557 3082 4622 tempestas
3127 4549 3458 4605 animarum.

1875 4661 2035 4718 Nunc
2055 4657 2204 4712 enim
2233 4653 2394 4710 bellis
2413 4659 2466 4707 et
2493 4649 2744 4706 cladibus
2772 4648 2926 4720 quasi
2949 4646 3277 4720 quibusdam
3297 4645 3464 4702 undis

1874 4765 1972 4804 sua
2001 4747 2160 4803 nobis
2186 4742 2412 4799 exordia
2434 4738 2696 4806 ostendit,
2711 4745 2766 4791 et
2792 4744 2998 4808 quanto
3024 4735 3093 4790 ad
3122 4735 3286 4790 ﬁnem
3317 4751 3463 4806 quo-

1879 4837 2014 4892 tidie
2035 4833 2454 4908 propinquiores
2480 4827 2771 4892 eﬂicimur,
2799 4831 2954 4879 tanto
2975 4824 3227 4894 graviora
3257 4825 3463 4879 irruere

1878 4925 2300 4982 tribulationum
2320 4917 2606 4973 volumina
2619 4914 2889 4970 videmus.
2909 4911 2992 4966 Ad
3005 4920 3311 4966 extremum
3333 4928 3360 4962 ιν
3371 4926 3463 4966 ero

1879 5011 2170 5076 commotis
2184 5007 2440 5064 omnibus
2455 5003 2761 5069 elementis,
2775 5015 3044 5071 supernus
3052 4997 3225 5068 jndex
3241 4997 3467 5052 veniens

1880 5099 2045 5156 ﬁnem
2075 5097 2324 5152 omnium
2350 5099 2621 5164 apportat,
2643 5090 2771 5162 quia
2801 5086 3058 5142 videlicet
3085 5091 3217 5138 tunc
3236 5090 3466 5154 tempes-

1879 5194 1965 5243 tas
1992 5184 2193 5240 ﬂuctus
2220 5182 2278 5237 in
2306 5179 2505 5236 caelum
2535 5177 2698 5231 levat.
2737 5173 2888 5230 Unde
2917 5177 2970 5225 et
2996 5169 3238 5224 dicitur:
3279 5166 3469 5223 Adhuc

1885 5380 1990 5438 Sed
2010 5386 2202 5437 contra
2223 5377 2399 5432 sancti
2418 5370 2666 5442 Gregorii
2687 5372 2947 5442 mentem,
2970 5365 3066 5437 qui
3087 5363 3246 5420 docet
3269 5381 3470 5442 cessare

1886 5435 2032 5508 at...
2048 5448 2261 5520 opemri
2288 5447 2400 5520 qui
2416 5435 2590 5498 αιίεῆα
2612 5439 2728 5510 pati
2754 5435 3060 5520 Naevia?
3088 5443 3279 5520 θοιητέι.
3305 5435 3470 5490 ﬁdem

1883 5506 2012 5578 Mss.
2037 5506 2328 5590 A'nglic.et
2357 5506 2798 5590 Norm.,_ijecnon
2820 5506 2982 5588 Corb.
3006 5509 3214 5574 Germ,
3238 5508 3469 5590 Tyron”

1887 5595 2097 5659 Germ.,
2119 5578 2315 5651 baud,
2345 5595 2475 5652 etc.,
2501 5582 2700 5659 quibus
2727 5580 3079 5659 consentiunt
3109 5586 3218 5634 vet.
3248 5578 3398 5632 Edit.

1960 5665 1982 5699 ⁸
2020 5653 2142 5718 val.
2176 5659 2282 5726 CL,
2317 5660 2489 5714 lumen
2515 5653 2795 5726 etaritatis.

1958 5735 1980 5772 ’⁸
2016 5735 2251 5798 Gemet.,
2269 5723 2622 5798 'aliiquepl.,
2648 5725 2879 5798 relevata
2902 5723 3075 5798 navis.

1962 5805 1986 5844 ⁸
2021 5803 2193 5862 Laud.
2225 5793 2280 5857 et
2309 5793 2431 5858 Val.
2464 5793 2573 5864 CL,
2603 5796 2721 5868 ipsa
2750 5793 3056 5849 valitudine.
