3928 6422
495 346 600 406 211

1697 345 1945 403 SANCTI
1982 347 2319 404 GREGOBII
2357 346 2582 404 MAGNI

3676 355 3786 412 ΜΞ

497 477 774 540 modicum,
803 481 853 532 et
875 491 965 548 ego
992 477 1200 534 movebo
1228 494 1336 535 non
1362 480 1532 536 solum
1563 486 1782 545 terram,
1812 480 1899 534 sed
1926 479 2083 535 etiam
2111 488 2166 548 Α
2195 481 2367 536 vescit
2399 481 2692 538 invenisse.
2725 480 2830 538 Sed
2859 481 3003 538 inter
3031 481 3150 537 haec
3177 481 3517 553 pensandum
3547 491 3629 540 est
3657 484 3790 556 quia

495 571 674 623 cretum
706 565 888 639 (Aggw
913 585 976 638 ιι,
1000 569 1077 640 7).
1113 571 1286 637 Quam
1311 573 1522 629 scilicet
1551 580 1924 644 tempestatem
1955 572 2084 644 quia

493 658 668 712 sancti
698 657 803 712 viri
835 658 1129 727 vigilanter
1155 661 1430 732 aspiciunt
1450 662 1603 734 quasi
1627 669 1900 717 tumentes
1922 676 2084 732 super

493 761 550 801 se
575 745 818 818 quotidie
848 745 1046 804 ﬂuctus
1073 759 1466 820 expavescunt,
1495 759 1656 822 atque
1685 767 1753 805 ex
1783 751 1870 806 his
1897 751 2086 806 tribu-

494 835 791 892 lationibus
821 836 838 870 ί
883 851 1004 910 quas
1049 840 1319 894 mundum
1365 839 1572 894 feriunt
1617 839 1922 910 praevident
1963 855 2083 912 quae

493 930 811 995 sequantur.

561 1011 648 1068 36.
688 1013 956 1068 Iudicium
993 1019 1285 1072 extremum
1320 1014 1488 1069 sancti
1523 1013 1854 1084 formulam:
1887 1020 2082 1085 quanto

491 1101 658 1170 magis
675 1119 1013 1173 expavescere
1031 1103 1210 1157 debent
1223 1109 1536 1174 peccatores.
1557 1105 1702 1160 Bene
1731 1112 1912 1160 autem
1943 1105 2084 1160 sub-

492 1187 672 1245 ditur:
705 1195 774 1246 Et
797 1192 1004 1262 pondus
1049 1191 1160 1260 ejus
1188 1192 1331 1261 ferre
1357 1209 1464 1246 non
1491 1192 1663 1262 potui,
1695 1193 1954 1263 quoniam
1988 1191 2082 1264 qui

493 1277 724 1332 extremi
749 1277 948 1349 judicii
969 1279 1265 1335 adventum
1296 1281 1510 1335 intenta
1537 1288 1721 1336 mente
1751 1280 2081 1346 considerat,

494 1365 736 1434 profecto
765 1367 916 1423 videt
946 1369 1072 1440 quia
1102 1375 1285 1423 tantus
1315 1384 1484 1438 pavor
1514 1368 1787 1432 imminet,
1815 1377 2081 1438 quantum

492 1468 603 1508 non
632 1456 806 1512 solum
840 1466 971 1512 tunc
992 1458 1198 1525 videre,
1221 1457 1312 1512 sed
1341 1473 1395 1512 se
1423 1459 1587 1512 etiam
1613 1473 1760 1512 nunc
1783 1457 2082 1528 praevidere

491 1544 854 1613 pertimescat.
903 1546 1351 1602 Consideratione
1395 1562 1630 1617 namque
1678 1545 1816 1598 tanti
1861 1545 2082 1598 terroris

488 1640 640 1687 metu
666 1636 884 1690 animus
913 1638 1159 1708 palpitat,
1185 1645 1238 1692 et
1268 1637 1594 1692 intentionis
1623 1653 1732 1690 suae
1759 1635 1948 1689 oculos
1978 1635 2081 1688 de—

489 1721 726 1790 clinans,
774 1725 974 1780 intueri
1022 1725 1169 1796 quod
1209 1725 1472 1796 praevidet
1508 1732 1741 1779 recusat.
1784 1725 1926 1779 Bene
1954 1739 2082 1794 ergo

2193 569 2382 626 beatus
2411 571 2511 626 Job
2541 573 2645 627 ista
2671 571 2738 626 de
2767 589 2822 627 se
2851 572 3090 644 loquitur
3117 571 3367 626 laudatus
3387 571 3787 643 etﬂagellatus.

2194 662 2251 718 Si
2284 664 2450 734 igitur
2478 666 2668 718 saltem
2694 662 2764 718 ad
2786 663 3103 717 meritorum
3137 661 3442 731 profectum
3470 661 3547 716 ita
3568 678 3787 734 percus-

2193 767 2285 806 sus
2323 759 2405 806 est
2438 752 2533 824 qui
2577 752 2656 808 sic
2696 751 2906 817 timuit,
2953 749 3229 822 quomodo
3259 750 3538 805 feriendus
3569 758 3652 806 est
3692 753 3788 823 qui

2193 844 2496 898 contemnit
2518 844 2545 898 ‘l
2565 841 2850 909 Quomodo
2867 841 3187 912 depressura
3201 849 3329 896 sunt
3349 841 3447 896 Dei
3462 839 3677 912 judicia
3697 857 3790 898 eos

2193 932 2287 1004 qui
2333 948 2388 986 se
2423 934 2659 995 elevant,
2685 930 2729 985 si
2769 938 2821 984 et
2860 930 2982 984 illos
3008 929 3075 984 ad
3105 937 3319 1000 tempus
3348 929 3667 1001 deprimunt
3693 929 3792 1002 qui

2193 1019 2312 1076 haec
2331 1037 2542 1091 semper
2570 1021 2626 1074 in
2647 1018 2958 1073 humilitate
2980 1017 3280 1072 formidant
3297 1018 3324 1073 ?
3344 1017 3631 1085 Quomodo
3653 1032 3790 1087 pon-

2193 1109 2295 1164 dus
2327 1109 2425 1164 Dei
2458 1107 2658 1178 poterit
2685 1106 2824 1160 ferre
2865 1105 2958 1176 qui
2999 1104 3252 1175 despicit,
3287 1106 3333 1161 si
3374 1104 3480 1162 hoc
3517 1113 3570 1160 et
3601 1106 3700 1160 ille
3733 1104 3792 1160 in

2194 1197 2416 1253 verbere
2458 1197 2681 1268 pertulit
2723 1195 2817 1267 qui
2867 1210 2959 1264 per
2999 1195 3253 1247 timorem
3296 1193 3601 1265 przevidit?
3633 1193 3792 1250 Unde

2193 1303 2537 1357 summopere
2566 1283 2974 1341 formidandum
3007 1283 3164 1337 nobis
3186 1291 3268 1338 est
3298 1283 3436 1338 illud
3464 1291 3632 1338 tanta
3664 1282 3793 1338 dis-

2192 1376 2466 1430 trictionis
2513 1391 2761 1430 examen.
2797 1372 3018 1428 Constat
3048 1379 3229 1426 autem
3269 1373 3398 1444 quia
3436 1371 3494 1426 in
3538 1370 3641 1426 hac
3675 1371 3795 1425 vita

2193 1480 2317 1520 cum
2363 1465 2620 1534 percutit,
2659 1463 2705 1516 si
2751 1461 3154 1532 percussionem
3201 1461 3468 1516 correctio
3513 1459 3792 1531 sequitur,

2193 1551 2482 1622 disciplina
2512 1550 2680 1622 patris
2705 1556 2809 1616 est,
2829 1564 2938 1602 non
2965 1547 3045 1601 ira
3055 1545 3261 1617 judicis
3284 1567 3297 1614 ;
3329 1564 3483 1602 amor
3511 1547 3792 1617 corrigen-

2192 1644 2262 1698 tis
2278 1651 2378 1710 est,
2398 1659 2506 1698 non
2528 1639 2800 1697 districtio
2827 1638 3123 1710 punientis.
3149 1640 3235 1693 Ex
3260 1639 3377 1709 ipso
3397 1655 3525 1709 ergo
3555 1653 3794 1708 praesen-

2190 1734 2234 1789 ti
2264 1731 2487 1788 verbere
2520 1730 2730 1802 judicia
2766 1735 2966 1784 aeterna
2997 1727 3270 1797 pensanda
3307 1734 3456 1782 sunt.
3491 1727 3634 1781 Hinc
3665 1733 3792 1782 ete-

493 1805 731 1862 dicitur:
778 1813 851 1865 Et
890 1814 1098 1881 pondus
1143 1812 1254 1879 ejus
1281 1813 1423 1880 ferre
1467 1829 1571 1865 non
1594 1813 1765 1882 potui,
1793 1813 1919 1884 quia
1953 1829 2071 1868 cum

2191 1824 2306 1878 nim
2341 1820 2672 1894 perpendere
2702 1832 3045 1888 summOpere
3066 1817 3327 1872 debemus
3347 1815 3626 1890 quomodo
3649 1815 3792 1869 fera-

449 1949 456 1957 ,
492 1908 740 1965 supernas
761 1898 1058 1968 majestatis
1077 1899 1192 1953 vim
1213 1899 1276 1953 ad
1305 1899 1580 1970 judicium
1605 1900 1874 1954 venientis
1893 1907 2081 1954 terro-

489 1995 716 2056 remque
743 1987 882 2040 tanti
913 1987 1182 2041 examinis
1203 1986 1596 2042 considerando
1617 1989 1834 2044 animus
1855 1998 2084 2044 conatur

493 2069 800 2144 exquirere,
836 2091 965 2130 mox
986 2075 1055 2131 ad
1085 2078 1436 2148 semetipsum
1459 2076 1754 2148 refugiens,
1784 2092 1898 2132 sese
1923 2091 2089 2149 expa-

563 2214 584 2251 ¹
614 2214 741 2274 ναι.
769 2215 879 2286 CL,
901 2234 1017 2289 qua:
1042 2220 1274 2274 nondum
1300 2217 1523 2290 feriunt.

2190 1923 2281 1970 tur
2322 1913 2418 1966 illa
2450 1925 2569 1982 quae
2599 1907 2873 1979 reprobat,
2913 1904 2961 1960 si
3001 1902 3133 1961 ferri
3174 1905 3338 1962 modo
3367 1905 3467 1962 vix
3493 1905 3642 1960 valet
3670 1901 3792 1975 ejus

2192 2004 2276 2062 ira
2307 2018 2427 2076 quas
2457 2007 2670 2072 purgat.

487 2339 3772 2366 mw

1231 2499 1568 2585 LIBER
1677 2495 2288 2587 VIGESIMUS
2407 2491 3026 2580 SECUNDUS.

499 2656 682 2736 Quod
717 2667 1054 2740 supererat
1090 2661 1322 2739 capitis
1363 2677 1513 2722 xxxi
1577 2659 1722 2721 libri
1762 2659 1874 2722 Job
1931 2656 2321 2740 emplieatur,
2389 2651 3066 2740 commendanturque

3171 2651 3486 2712 raisertim
3557 2651 3789 2714 animi

811 2741 1110 2802 demissio
1151 2731 1213 2802 et
1254 2741 1631 2814 moderatio,
1676 2731 2029 2820 patientia;
2066 2738 2381 2808 charitas,
2429 2740 2489 2794 et
2523 2751 2678 2810 erga
2719 2733 3002 2792 subditos
3044 2731 3430 2792 sollicitudo.

1004 2871 1230 2929 CAPUT
1267 2871 1558 2929 PRIMUM.
1571 2865 1585 2882 ’

557 2962 611 3020 1.
641 2958 730 3018 Ad
754 2961 1034 3016 cavendam
1061 2961 1491 3032 desperationem,
1527 2961 1645 3015 licet
1671 2965 1802 3015 recte
1827 2977 1864 3014 a
1890 2976 1942 3013 se
1967 2973 2073 3030 ges-

486 3055 659 3107 torum
690 3049 982 3105 recordari.
1027 3079 1098 3090 —
1124 3051 1140 3083 ¹
1173 3048 1330 3116 Quod
1362 3065 1394 3103 a
1420 3065 1505 3104 me
1543 3065 1683 3120 saepe
1711 3047 1825 3118 jam
1864 3047 2073 3102 dictum

482 3148 584 3210 est,
614 3140 718 3196 hoc
752 3157 837 3195 me
865 3139 1057 3196 crebro
1086 3145 1326 3209 repetere
1355 3155 1645 3194 onerosum
1677 3155 1784 3193 non
1817 3145 1916 3203 est,
1947 3136 2076 3209 quia

481 3237 538 3287 et
579 3230 903 3301 praedicator
940 3229 1184 3297 egregius
1222 3227 1394 3282 dicit:
1429 3229 1628 3282 Eadem
1665 3228 1808 3283 vobis
1855 3227 2077 3281 scribere

480 3319 613 3374 mihi
651 3319 858 3386 quidem
885 3317 906 3350 ³
946 3333 1052 3368 ηοη
1082 3316 1315 3384 pigrum,
1359 3315 1500 3368 vobis
1527 3321 1697 3370 autem
1729 3316 2077 3371 necessarium

487 3405 655 3481 (Phil.
687 3421 772 3472 ιιι,
799 3405 879 3473 1).
909 3402 1105 3458 Beatus
1131 3402 1230 3458 Job
1258 3402 1462 3459 idcirco
1488 3411 1659 3474 gestas
1696 3406 1928 3459 virtutes
1953 3418 2071 3456 nar-

2182 2864 2308 2921 dam
2367 2863 2521 2937 quasi
2572 2861 2972 2930 misericordes,
3019 2861 3110 2918 sed
3164 2878 3508 2936 nequaquam
3563 2861 3786 2935 justas;

2181 2953 2446 3028 quosdam
2477 2969 2606 3007 vero
2633 2953 2789 3024 quasi
2812 2950 3010 3021 justus,
3034 2951 3127 3006 sed
3157 2952 3213 3005 in
3243 2967 3299 3005 se
3329 2953 3511 3022 potius
3533 2969 3702 3026 quam
3727 2951 3787 3008 in

2182 3044 2418 3098 Domino
2450 3041 2806 3097 conﬁdentes.
2829 3042 2902 3095 Et
2930 3049 3138 3094 certum
3159 3047 3240 3094 est
3270 3041 3398 3111 quia
3428 3059 3528 3098 nec
3559 3043 3788 3099 castitas

2184 3131 2242 3187 in
2282 3131 2400 3202 ejus
2441 3131 2604 3187 corde
2645 3145 2772 3184 vera
2800 3136 2900 3195 est,
2931 3129 3020 3182 cui
3057 3126 3342 3183 humilitas
3371 3129 3543 3198 deest,
3576 3133 3788 3204 quippe

2185 3220 2208 3254 ³
2233 3220 2362 3290 quia
2393 3218 2646 3289 superbia
2675 3235 2730 3272 se
2763 3217 3089 3272 intrinsecus
3119 3227 3500 3288 corrumpente
3535 3220 3788 3277 fornica-

2185 3317 2297 3377 tur,
2324 3309 2370 3363 si
2397 3307 2747 3377 semetipsum
2779 3304 3032 3376 diligens,
3063 3321 3093 3358 a
3121 3304 3312 3360 divino
3335 3308 3543 3363 recedit
3569 3325 3785 3368 amore.

2182 3398 2292 3454 Nec
2320 3395 2606 3450 humilitas
2630 3411 2759 3448 vera
2799 3401 2878 3448 est
2907 3394 2994 3448 cui
3039 3394 3411 3451 misericordia
3439 3395 3636 3468 juncta
3668 3415 3790 3458 non

483 3501 589 3561 rat,
635 3493 762 3565 quia
797 3491 941 3546 inter
979 3490 1370 3562 increpationis
1415 3491 1581 3547 verba
1617 3499 1672 3548 et
1710 3490 2074 3563 percussionis
2107 3519 2150 3580 ο
2182 3492 2283 3552 est,
2305 3483 2434 3557 quia
2452 3482 2739 3580 nec‘debet
2761 3481 3044 3536 humilitas
3065 3482 3196 3549 dici,
3221 3501 3339 3555 qua)
3361 3485 3426 3539 ad
3448 3489 3790 3558 compassio-

481 3579 709 3642 verbera
743 3579 1133 3652 deprehensus,
1172 3597 1204 3636 a
1243 3583 1357 3652 spei
1399 3581 1599 3638 ﬁducia
1643 3587 1880 3636 mentem
1919 3591 2071 3631 suam

480 3671 795 3729 labefactari
823 3669 1150 3726 considerat.
1181 3670 1356 3725 Multa
1385 3670 1585 3742 quippe
1615 3676 1668 3724 et
1689 3669 1858 3738 egisse
1877 3683 1933 3721 se
1963 3680 2071 3720 ma-

481 3761 536 3816 la
561 3759 628 3814 ab
647 3757 1055 3828 increpantibus
1084 3759 1277 3815 amicis
1307 3758 1576 3823 audierat,
1607 3763 1661 3810 et
1691 3772 1757 3810 ne
1779 3755 1956 3810 verbis
1982 3768 2070 3824 pa-

479 3847 615 3903 riter
644 3853 697 3901 et
735 3845 962 3917 flagellis
992 3862 1171 3917 pressa
1207 3845 1264 3900 in
1297 3845 1728 3916 desperationem
1760 3858 1911 3897 mens
1940 3857 2072 3898 cor-

477 3945 622 4006 ruat,
645 3935 786 3994 hanc
817 3953 912 4008 per
941 3953 1162 3992 suarum
1180 3935 1450 3990 virtutum
1479 3932 1797 3988 memoriam
1827 3933 1895 3987 ad
1919 3948 2068 4002 spem

475 4029 757 4095 reformat,
791 4035 851 4082 ut
882 4039 1224 4098 nequaquam
1257 4039 1313 4079 se
1343 4022 1535 4079 debeat
1559 4023 1614 4076 in
1643 4022 1951 4078 calamitate
1979 4021 2069 4077 de-

469 4115 661 4188 jicere,
691 4131 810 4187 quae
839 4112 1256 4185 tranquillitatis
1294 4129 1404 4167 suae
1434 4120 1677 4183 tempore
1703 4127 1758 4166 se
1797 4110 2072 4166 memine-

475 4210 563 4260 rat
589 4209 702 4255 tam
733 4201 993 4255 sublimia
1020 4201 1212 4270 egisse.
1241 4199 1381 4266 Quia
1403 4201 1572 4272 igitur
1602 4199 1925 4256 intentionis
1953 4197 2070 4271 ejus

477 4295 619 4354 897
645 4301 863 4344 causam
890 4287 1160 4353 diximus,
1191 4294 1361 4343 restat
1387 4295 1450 4342 ut
1485 4286 1700 4342 auditas
1731 4289 1961 4344 virtutes
1990 4288 2070 4342 il—

473 4385 584 4443 lius
610 4381 887 4440 subtiliter
913 4379 1330 4451 perpendamus.

543 4475 597 4532 2.
636 4473 750 4529 Una
764 4470 934 4524 virtus
948 4469 1060 4522 sine
1079 4469 1226 4532 aliis,
1247 4468 1508 4526 autnulla
1526 4476 1620 4536 est,
1635 4469 1978 4529 autm-inima.
1997 4503 2068 4516 --

473 4561 590 4620 Hoc
616 4567 798 4616 autem
821 4559 1061 4629 primum
1095 4555 1377 4612 sciendum
1409 4564 1510 4626 est,
1535 4558 1660 4630 quia
1686 4559 1930 4631 quisquis
1957 4558 2064 4616 vir-

469 4657 590 4708 tute
629 4648 813 4720 aliqua
856 4647 1060 4718 pollere
1103 4640 1367 4712 creditur,
1408 4652 1541 4702 tunc
1575 4648 1838 4702 veraciter
1875 4650 2061 4720 pollet,

469 4755 598 4800 cum
617 4737 770 4792 vitiis
791 4751 860 4791 ex
890 4735 998 4790 alia
1024 4741 1177 4806 parte
1196 4749 1306 4789 non
1336 4731 1598 4806 subjacet.
1627 4736 1762 4792 Nam
1788 4735 1835 4792 si
1857 4752 1926 4792 ex
1953 4739 2062 4793 alio

468 4829 627 4887 vitiis
652 4825 927 4893 subditur,
960 4841 1058 4882 nec
1088 4823 1194 4881 hoc
1223 4831 1306 4880 est
1333 4823 1594 4893 solidum,
1627 4825 1722 4882 ubi
1752 4834 1894 4882 stare
1912 4836 2062 4898 puta-

467 4917 648 4977 batur.
692 4916 1039 4987 Unaquzeque
1092 4913 1241 4970 enim
1293 4913 1473 4970 virtus
1523 4922 1676 4970 tanto
1729 4916 1911 4972 minor
1958 4925 2058 4986 est,

466 5013 672 5084 quanto
699 5005 896 5062 desunt
923 5011 1129 5060 caeteras
1156 5019 1168 5058 :
1205 5019 1332 5058 nam
1367 5021 1508 5074 saepe
1539 5003 1801 5077 quosdam
1834 5005 2060 5076 pudicos

465 5097 686 5172 quidem
713 5095 915 5152 vidisse
935 5111 1034 5151 nos
1063 5091 1318 5166 contigit,
1341 5093 1435 5149 sed
1462 5109 1572 5148 non
1605 5093 1872 5161 humiles;
1901 5111 2058 5167 quos-

467 5185 594 5242 dam
607 5201 736 5242 vero
753 5184 910 5258 quasi
925 5182 1192 5249 humiles,
1209 5181 1304 5238 sed
1320 5198 1431 5236 non
1457 5181 1834 5238 misericordes
1858 5200 1871 5248 ;
1900 5197 2058 5255 quos-

540 5327 560 5362 ι
589 5325 814 5380 Recent.
844 5325 974 5394 Ed.,
1015 5324 1156 5395 quod
1181 5330 1303 5379 ante
1341 5340 1494 5394 saepe.
1527 5323 1817 5395 Sequimur
1836 5323 1964 5380 Mss.
2005 5331 2060 5381 et

469 5403 582 5453 vet.
615 5396 751 5450 Exc.

541 5467 564 5502 ³
591 5465 813 5520 Pratell.
838 5463 1021 5518 Codex
1041 5465 1477 5535 elegantissimus
1493 5474 1545 5522 et
1559 5465 2054 5533 emendatissimus,

472 5536 615 5609 Utic.
654 5551 719 5609 ac
751 5535 909 5609 Becc.
951 5535 1170 5609 optimas
1209 5553 1422 5609 quoque
1465 5545 1629 5605 notze,
1673 5554 1778 5592 non
1816 5539 2056 5608 piguum,

471 5605 927 5681 quod__derivatur
958 5620 994 5681 a_
1019 5605 1176 5672 piget.

542 5679 564 5712 ³
581 5677 752 5732 Hicin
772 5675 924 5730 varia
947 5673 1150 5729 abeunt
1170 5691 1298 5731 mss.
1324 5675 1456 5734 Cod.
1476 5677 1538 5734 In
1566 5678 1769 5734 Turon.
1794 5685 1847 5734 et
1872 5679 2052 5736 Germ.

469 5749 696 5823 legitur:
729 5747 856 5817 quia
883 5745 1129 5816 superbia
1165 5763 1218 5802 se
1249 5746 1564 5804 intrinsecus
1591 5755 1954 5819 corrumpant:
1980 5765 2055 5805 se-

2182 3589 2306 3628 nem
2325 3566 2576 3627 fraternaé
2597 3571 2828 3625 miseriae
2849 3572 3019 3626 nescit
3045 3573 3318 3628 inclinari.
3344 3576 3450 3630 Nec
3470 3577 3790 3634 misericor-

2181 3659 2273 3715 dia
2301 3676 2428 3715 vera
2455 3667 2536 3715 est
2564 3676 2683 3732 quae
2703 3659 3079 3715 arectitudine
3102 3658 3330 3730 justitia:
3361 3664 3549 3720 existit
3575 3665 3790 3738 aliena,

2179 3753 2307 3825 quia
2327 3769 2444 3824 quae
2476 3757 2650 3822 potest
2680 3766 2773 3821 per
2805 3748 3131 3818 injustitiam
3165 3751 3359 3822 pollui,
3385 3754 3556 3809 nescit
3585 3756 3790 3826 procul

2179 3841 2348 3898 dubio
2375 3839 2702 3910 sibimetipsi
2729 3838 2994 3893 misereri.
3018 3840 3126 3894 Nec
3143 3837 3360 3909 justitia
3382 3857 3511 3896 vera
3539 3852 3622 3898 est
3657 3861 3791 3918 qua

2179 3931 2434 3987 ﬁduciam
2467 3946 2620 3985 suam
2655 3946 2763 3984 non
2795 3931 2852 3984 in
2895 3931 3180 3987 conditore
3211 3935 3484 4004 omnium,
3511 3937 3604 3992 sed
3639 3939 3696 3994 in
3724 3956 3792 3997 se

2179 4018 2428 4091 fortasse,
2470 4025 2564 4072 aut
2605 4017 2663 4073 in
2708 4017 2868 4073 rebus
2914 4018 3150 4074 conditis
3195 4023 3370 4092 ponit,
3403 4026 3534 4095 quia
3576 4025 3710 4082 dum
3753 4043 3792 4086 α

2177 4115 2416 4165 creatore
2436 4122 2584 4178 spem
2610 4106 2906 4174 subtrahit,
2936 4108 3048 4178 ipse
3075 4108 3179 4163 sibi
3205 4109 3526 4182 principalis
3542 4113 3790 4184 justitia

2176 4197 2424 4253 ordinem
2455 4196 2736 4268 pervertit.
2770 4197 2885 4252 Una
2917 4196 3097 4270 itaque
3128 4198 3306 4254 virtus
3350 4199 3470 4256 sine
3507 4202 3657 4272 aliis,
3686 4215 3790 4262 aut

2176 4287 2402 4342 omnino
2424 4285 2574 4340 nulla
2589 4292 2689 4353 est,
2713 4293 2807 4340 aut
2834 4285 3171 4356 imperfecta.
3206 4287 3276 4344 Ut
3297 4288 3468 4358 enim,
3493 4291 3639 4348 sicut
3661 4295 3790 4367 qui-

2173 4377 2404 4434 busdam
2432 4377 2611 4432 visum
2644 4384 2746 4445 est,
2779 4377 2846 4432 de
2878 4377 3072 4448 primis
3100 4387 3336 4451 quatuor
3364 4381 3672 4441 virtutibus
3705 4386 3787 4444 lo-

2174 4482 2332 4540 quar,
2379 4467 2401 4500 ⁴
2443 4465 2755 4538 prudentia,
2800 4468 3181 4538 temperantia,
3221 4467 3571 4540 fortitudine,
3613 4482 3787 4549 atque

2167 4555 2414 4644 justitia;
2436 4563 2592 4611 tanto
2620 4555 2870 4626 perfectae
2888 4563 3014 4610 sunt
3029 4557 3280 4629 singulae,
3303 4567 3506 4631 quanto
3527 4562 3783 4621 vicissim

2171 4643 2391 4700 sibimet
2428 4643 2756 4717 conjunctae.
2802 4643 3104 4716 Disjunctte
3145 4655 3327 4703 autem
3372 4649 3626 4720 perfectae
3660 4669 3783 4711 esse

2170 4751 2511 4808 nequaquam
2543 4743 2790 4805 possunt,
2811 4735 2939 4806 quia
2960 4752 3060 4792 nec
3081 4737 3370 4808 prudentia
3391 4755 3519 4795 vera
3548 4751 3632 4798 est
3653 4761 3778 4816 quas

2161 4823 2331 4895 justa,
2364 4831 2672 4892 temperans
2698 4830 2751 4878 et
2781 4823 2939 4878 fortis
2974 4840 3083 4879 non
3105 4833 3206 4894 est,
3228 4842 3327 4883 nec
3353 4829 3594 4900 perfecta
3625 4840 3780 4888 tem-

2170 4911 2415 4986 perantia
2442 4928 2562 4984 quae
2592 4912 2770 4980 fortis,
2801 4911 2952 4983 justa
3004 4920 3057 4968 et
3091 4914 3328 4985 prudens
3376 4931 3488 4971 non
3538 4926 3645 4987 est,
3677 4937 3779 4979 nec

2169 5001 2437 5057 fortitudo
2465 5001 2677 5073 integra
2719 5017 2840 5074 quae
2882 5001 3142 5072 prudens,
3173 5009 3482 5076 temperans
3531 5015 3586 5063 et
3623 5009 3779 5080 justa

2169 5107 2281 5148 non
2307 5100 2409 5161 est,
2430 5108 2532 5149 nec
2551 5108 2680 5149 vera
2702 5090 2925 5164 justitia
2946 5109 3066 5165 quae
3093 5094 3352 5166 prudens,
3369 5095 3534 5152 fortis
3561 5107 3620 5156 et
3638 5107 3775 5157 tem-

2169 5197 2362 5252 perans
2389 5198 2500 5236 non
2533 5189 2632 5237 est.

2167 5323 2440 5402 utetipsum
2468 5323 2688 5402 diligens
2717 5341 2751 5378 a
2779 5324 2889 5402 diu,
2927 5323 3111 5402 timore
3145 5323 3466 5402 fornicatur.
3497 5327 3770 5402 Yal.7Cl.,

2168 5395 2470 5472 fornicatur
2487 5395 2812 5472 semetipsmn
2835 5395 3070 5472 diuiti-ens
3089 5413 3124 5449 a
3148 5395 3476 5472 diutamore.
3501 5395 3768 5472 Vindoc.,

2167 5467 2495 5548 seruet-ipsum
2531 5468 2753 5548 diligens
2797 5484 2832 5520 a
2871 5467 2976 5548 (llic.
3005 5484 3202 5548 ‘ampre
3240 5467 3577 5539 fornicatur;
3621 5467 3769 5548 quod

2169 5537 2332 5593 etiam
2363 5537 2564 5592 habent
2595 5540 2782 5592 Noun.
2813 5545 2865 5592 et
2897 5536 3057 5592 Corb.
3093 5538 3276 5594 Germ.

2239 5609 2262 5644 ‘
2293 5607 2453 5686 βοή).
2489 5610 2910 5686 Germ.,_i\lorm.
2945 5615 2996 5686 et
3027 5610 3178 5686 plur,
3201 5627 3324 5686 cum
3350 5612 3768 5686 vet.AEd.,pru-

2167 5678 2366 5750 davnia,
2411 5681 2773 5750 temperantia,
2822 5678 3107 5750 fortitudo,
3151 5680 3308 5750 atque
3340 5678 3770 5749 justitiagt‘anto

2161 5749 2408 5825 perfecta:
2434 5749 2559 5805 sunt
2586 5751 2824 5820 singulm.
