  <div class='ocr_page' id='page_1' title='image "/cluster/home/n/w/nwhite01/storage/ocr_20150623/76/umn.31951002477369g/114.png"; bbox 0 0 3928 6376; ppageno 0'>
   <div class='ocr_carea' id='block_1_1' title="bbox 116 395 207 462">
    <p class='ocr_par' dir='ltr' id='par_1_1' title="bbox 116 395 207 462">
     <span class='ocr_line' id='line_1_1' title="bbox 116 395 207 462; baseline -0.044 0"><span class='ocrx_word' id='word_1_1' title='bbox 116 395 207 462; x_wconf 71' lang='grc'><strong>113</strong></span> 
     </span>
    </p>
   </div>
   <div class='ocr_carea' id='block_1_2' title="bbox 837 386 2587 449">
    <p class='ocr_par' dir='ltr' id='par_1_2' title="bbox 837 386 2587 449">
     <span class='ocr_line' id='line_1_2' title="bbox 837 386 2587 449; baseline 0.002 -4"><span class='ocrx_word' id='word_1_2' title='bbox 837 386 1209 446; x_wconf 82' lang='lat' dir='ltr'><strong>MORALIUM</strong></span> <span class='ocrx_word' id='word_1_3' title='bbox 1246 387 1379 446; x_wconf 90' lang='lat' dir='ltr'><strong>LIB.</strong></span> <span class='ocrx_word' id='word_1_4' title='bbox 1421 387 1600 446; x_wconf 80' lang='lat' dir='ltr'><strong>XXII.</strong></span> <span class='ocrx_word' id='word_1_5' title='bbox 1638 416 1711 432; x_wconf 89' lang='lat'><strong>--</strong></span> <span class='ocrx_word' id='word_1_6' title='bbox 1743 387 1817 446; x_wconf 86' lang='lat' dir='ltr'><strong>IN</strong></span> <span class='ocrx_word' id='word_1_7' title='bbox 1848 386 2079 447; x_wconf 84' lang='lat' dir='ltr'><strong>CAPUT</strong></span> <span class='ocrx_word' id='word_1_8' title='bbox 2114 390 2306 448; x_wconf 78' lang='lat' dir='ltr'><strong>XXXI</strong></span> <span class='ocrx_word' id='word_1_9' title='bbox 2341 392 2404 447; x_wconf 93' lang='lat' dir='ltr'><strong>B.</strong></span> <span class='ocrx_word' id='word_1_10' title='bbox 2443 392 2587 449; x_wconf 79' lang='lat' dir='ltr'><strong>JOB.</strong></span> 
     </span>
    </p>
   </div>
   <div class='ocr_carea' id='block_1_3' title="bbox 3256 388 3365 449">
    <p class='ocr_par' dir='ltr' id='par_1_3' title="bbox 3256 388 3365 449">
     <span class='ocr_line' id='line_1_3' title="bbox 3256 388 3365 449; baseline -0.018 0"><span class='ocrx_word' id='word_1_11' title='bbox 3256 388 3365 449; x_wconf 72' lang='lat' dir='ltr'><strong>2M</strong></span> 
     </span>
    </p>
   </div>
   <div class='ocr_carea' id='block_1_4' title="bbox 164 512 3360 587">
    <p class='ocr_par' dir='ltr' id='par_1_4' title="bbox 164 512 3360 587">
     <span class='ocr_line' id='line_1_4' title="bbox 164 512 3360 587; baseline -0.003 -4"><span class='ocrx_word' id='word_1_12' title='bbox 164 523 211 582; x_wconf 89' lang='lat'><strong>3.</strong></span> <span class='ocrx_word' id='word_1_13' title='bbox 236 519 410 580; x_wconf 64' lang='lat' dir='ltr'><strong>Omnes</strong></span> <span class='ocrx_word' id='word_1_14' title='bbox 424 516 484 572; x_wconf 77' lang='lat' dir='ltr'><strong>in</strong></span> <span class='ocrx_word' id='word_1_15' title='bbox 499 515 597 572; x_wconf 82' lang='lat' dir='ltr'><strong>Job</strong></span> <span class='ocrx_word' id='word_1_16' title='bbox 609 520 974 571; x_wconf 74' lang='lat' dir='ltr'><strong>convenerunt.</strong></span> <span class='ocrx_word' id='word_1_17' title='bbox 1004 543 1075 556; x_wconf 94' lang='lat'><strong>—</strong></span> <span class='ocrx_word' id='word_1_18' title='bbox 1104 514 1303 570; x_wconf 88' lang='lat' dir='ltr'><strong>Beatus</strong></span> <span class='ocrx_word' id='word_1_19' title='bbox 1328 512 1512 587; x_wconf 81' lang='lat' dir='ltr'><strong>itaque</strong></span> <span class='ocrx_word' id='word_1_20' title='bbox 1530 514 1652 584; x_wconf 84' lang='lat' dir='ltr'><strong>Job,</strong></span> <span class='ocrx_word' id='word_1_21' title='bbox 1680 518 1735 579; x_wconf 72' lang='grc' dir='ltr'><strong>Α</strong></span> <span class='ocrx_word' id='word_1_22' title='bbox 1760 514 1866 583; x_wconf 87' lang='lat' dir='ltr'><strong>Qui</strong></span> <span class='ocrx_word' id='word_1_23' title='bbox 1894 516 2044 573; x_wconf 87' lang='lat' dir='ltr'><strong>enim</strong></span> <span class='ocrx_word' id='word_1_24' title='bbox 2073 516 2237 574; x_wconf 91' lang='lat' dir='ltr'><strong>rebus</strong></span> <span class='ocrx_word' id='word_1_25' title='bbox 2259 515 2575 574; x_wconf 83' lang='lat' dir='ltr'><strong>labentibus</strong></span> <span class='ocrx_word' id='word_1_26' title='bbox 2592 515 2850 586; x_wconf 63' lang='lat' dir='ltr'><strong>inberet,</strong></span> <span class='ocrx_word' id='word_1_27' title='bbox 2864 516 2965 575; x_wconf 92' lang='lat' dir='ltr'><strong>illo</strong></span> <span class='ocrx_word' id='word_1_28' title='bbox 2979 517 3241 576; x_wconf 78' lang='lat' dir='ltr'><strong>videlicet</strong></span> <span class='ocrx_word' id='word_1_29' title='bbox 3252 524 3360 574; x_wconf 83' lang='lat' dir='ltr'><strong>tra-</strong></span> 
     </span>
    </p>
   </div>
   <div class='ocr_carea' id='block_1_5' title="bbox 112 602 1651 690">
    <p class='ocr_par' dir='ltr' id='par_1_5' title="bbox 112 602 1651 690">
     <span class='ocr_line' id='line_1_5' title="bbox 112 602 1651 690; baseline -0.016 -22"><span class='ocrx_word' id='word_1_30' title='bbox 112 611 232 690; x_wconf 86' lang='lat' dir='ltr'><strong>quod</strong></span> <span class='ocrx_word' id='word_1_31' title='bbox 255 624 356 666; x_wconf 91' lang='lat' dir='ltr'><strong>non</strong></span> <span class='ocrx_word' id='word_1_32' title='bbox 383 621 547 663; x_wconf 90' lang='lat' dir='ltr'><strong>unam</strong></span> <span class='ocrx_word' id='word_1_33' title='bbox 565 604 683 660; x_wconf 92' lang='lat' dir='ltr'><strong>sine</strong></span> <span class='ocrx_word' id='word_1_34' title='bbox 703 603 830 671; x_wconf 88' lang='lat' dir='ltr'><strong>alia,</strong></span> <span class='ocrx_word' id='word_1_35' title='bbox 860 603 955 661; x_wconf 91' lang='lat' dir='ltr'><strong>sed</strong></span> <span class='ocrx_word' id='word_1_36' title='bbox 983 602 1307 674; x_wconf 75' lang='lat' dir='ltr'><strong>conjunctae</strong></span> <span class='ocrx_word' id='word_1_37' title='bbox 1329 602 1388 659; x_wconf 92' lang='lat' dir='ltr'><strong>in</strong></span> <span class='ocrx_word' id='word_1_38' title='bbox 1407 618 1465 659; x_wconf 88' lang='lat' dir='ltr'><strong>se</strong></span> <span class='ocrx_word' id='word_1_39' title='bbox 1479 603 1651 660; x_wconf 87' lang='lat' dir='ltr'><strong>virtu.</strong></span> 
     </span>
    </p>
   </div>
   <div class='ocr_carea' id='block_1_6' title="bbox 112 690 1654 763">
    <p class='ocr_par' dir='ltr' id='par_1_6' title="bbox 112 690 1654 763">
     <span class='ocr_line' id='line_1_6' title="bbox 112 690 1654 763; baseline -0.009 -2"><span class='ocrx_word' id='word_1_40' title='bbox 112 713 181 762; x_wconf 85' lang='lat' dir='ltr'><strong>tes</strong></span> <span class='ocrx_word' id='word_1_41' title='bbox 202 696 453 763; x_wconf 75' lang='lat' dir='ltr'><strong>habuerit,</strong></span> <span class='ocrx_word' id='word_1_42' title='bbox 483 691 855 750; x_wconf 90' lang='lat' dir='ltr'><strong>enumerando</strong></span> <span class='ocrx_word' id='word_1_43' title='bbox 900 692 1144 763; x_wconf 88' lang='lat' dir='ltr'><strong>singulas</strong></span> <span class='ocrx_word' id='word_1_44' title='bbox 1173 690 1488 749; x_wconf 88' lang='lat' dir='ltr'><strong>innotescit.</strong></span> <span class='ocrx_word' id='word_1_45' title='bbox 1517 692 1654 748; x_wconf 86' lang='lat' dir='ltr'><strong>Nam</strong></span> 
     </span>
    </p>
   </div>
   <div class='ocr_carea' id='block_1_7' title="bbox 1766 603 3360 679">
    <p class='ocr_par' dir='ltr' id='par_1_7' title="bbox 1766 603 3360 679">
     <span class='ocr_line' id='line_1_7' title="bbox 1766 603 3360 679; baseline 0.002 -19"><span class='ocrx_word' id='word_1_46' title='bbox 1766 603 1938 674; x_wconf 91' lang='lat' dir='ltr'><strong>hitur,</strong></span> <span class='ocrx_word' id='word_1_47' title='bbox 1960 619 2070 678; x_wconf 90' lang='lat' dir='ltr'><strong>quo</strong></span> <span class='ocrx_word' id='word_1_48' title='bbox 2096 604 2275 662; x_wconf 88' lang='lat' dir='ltr'><strong>tendit</strong></span> <span class='ocrx_word' id='word_1_49' title='bbox 2299 605 2449 678; x_wconf 90' lang='lat' dir='ltr'><strong>quod</strong></span> <span class='ocrx_word' id='word_1_50' title='bbox 2466 612 2635 662; x_wconf 87' lang='lat' dir='ltr'><strong>tenet.</strong></span> <span class='ocrx_word' id='word_1_51' title='bbox 2652 604 2814 662; x_wconf 86' lang='lat' dir='ltr'><strong>Prius</strong></span> <span class='ocrx_word' id='word_1_52' title='bbox 2839 605 3024 679; x_wconf 86' lang='lat' dir='ltr'><strong>itaque</strong></span> <span class='ocrx_word' id='word_1_53' title='bbox 3051 606 3360 663; x_wconf 89' lang='lat' dir='ltr'><strong>curandum</strong></span> 
     </span>
    </p>
   </div>
   <div class='ocr_carea' id='block_1_8' title="bbox 1766 692 3360 767">
    <p class='ocr_par' dir='ltr' id='par_1_8' title="bbox 1766 692 3360 767">
     <span class='ocr_line' id='line_1_8' title="bbox 1766 692 3360 767; baseline 0.002 -19"><span class='ocrx_word' id='word_1_54' title='bbox 1766 700 1848 749; x_wconf 87' lang='lat' dir='ltr'><strong>est</strong></span> <span class='ocrx_word' id='word_1_55' title='bbox 1865 709 1933 750; x_wconf 92' lang='lat' dir='ltr'><strong>ne</strong></span> <span class='ocrx_word' id='word_1_56' title='bbox 1946 696 2070 767; x_wconf 85' lang='lat' dir='ltr'><strong>quis</strong></span> <span class='ocrx_word' id='word_1_57' title='bbox 2084 694 2406 767; x_wconf 77' lang='lat' dir='ltr'><strong>temporalia</strong></span> <span class='ocrx_word' id='word_1_58' title='bbox 2432 693 2649 766; x_wconf 77' lang='lat' dir='ltr'><strong>diligat,</strong></span> <span class='ocrx_word' id='word_1_59' title='bbox 2683 710 2750 751; x_wconf 87' lang='lat' dir='ltr'><strong>ac</strong></span> <span class='ocrx_word' id='word_1_60' title='bbox 2761 692 2962 751; x_wconf 88' lang='lat' dir='ltr'><strong>deinde</strong></span> <span class='ocrx_word' id='word_1_61' title='bbox 2981 708 3051 751; x_wconf 90' lang='lat' dir='ltr'><strong>ne</strong></span> <span class='ocrx_word' id='word_1_62' title='bbox 3077 694 3137 750; x_wconf 92' lang='lat' dir='ltr'><strong>in</strong></span> <span class='ocrx_word' id='word_1_63' title='bbox 3154 694 3360 752; x_wconf 90' lang='lat' dir='ltr'><strong>eisdem</strong></span> 
     </span>
    </p>
   </div>
   <div class='ocr_carea' id='block_1_9' title="bbox 110 778 3364 858">
    <p class='ocr_par' dir='ltr' id='par_1_9' title="bbox 110 778 3364 858">
     <span class='ocr_line' id='line_1_9' title="bbox 110 778 3364 858; baseline -0.001 -12"><span class='ocrx_word' id='word_1_64' title='bbox 110 790 227 847; x_wconf 87' lang='lat' dir='ltr'><strong>bona</strong></span> <span class='ocrx_word' id='word_1_65' title='bbox 249 780 515 858; x_wconf 77' lang='lat' dir='ltr'><strong>pudicitiae</strong></span> <span class='ocrx_word' id='word_1_66' title='bbox 544 780 850 847; x_wconf 83' lang='lat' dir='ltr'><strong>insinuans,</strong></span> <span class='ocrx_word' id='word_1_67' title='bbox 879 778 1017 835; x_wconf 89' lang='lat' dir='ltr'><strong>dicit</strong></span> <span class='ocrx_word' id='word_1_68' title='bbox 1047 796 1059 834; x_wconf 91' lang='lat'>:</span> <span class='ocrx_word' id='word_1_69' title='bbox 1090 779 1149 835; x_wconf 83' lang='lat' dir='ltr'><strong>Si</strong></span> <span class='ocrx_word' id='word_1_70' title='bbox 1175 780 1439 850; x_wconf 80' lang='lat' dir='ltr'><strong>deceptum</strong></span> <span class='ocrx_word' id='word_1_71' title='bbox 1464 786 1540 835; x_wconf 83' lang='lat' dir='ltr'><strong>est</strong></span> <span class='ocrx_word' id='word_1_72' title='bbox 1563 795 1657 834; x_wconf 82' lang='lat' dir='ltr'><strong>cor</strong></span> <span class='ocrx_word' id='word_1_73' title='bbox 1762 783 2158 854; x_wconf 56' lang='lat' dir='ltr'><strong>temporalibus</strong></span> <span class='ocrx_word' id='word_1_74' title='bbox 2183 800 2303 858; x_wconf 72' lang='lat' dir='ltr'><strong>qum</strong></span> <span class='ocrx_word' id='word_1_75' title='bbox 2331 799 2445 842; x_wconf 88' lang='lat' dir='ltr'><strong>non</strong></span> <span class='ocrx_word' id='word_1_76' title='bbox 2465 783 2535 839; x_wconf 88' lang='lat' dir='ltr'><strong>ad</strong></span> <span class='ocrx_word' id='word_1_77' title='bbox 2555 783 2971 841; x_wconf 82' lang='lat' dir='ltr'><strong>delectationem</strong></span> <span class='ocrx_word' id='word_1_78' title='bbox 3009 781 3139 852; x_wconf 82' lang='lat' dir='ltr'><strong>sibi,</strong></span> <span class='ocrx_word' id='word_1_79' title='bbox 3169 782 3364 858; x_wconf 58' lang='lat' dir='ltr'><strong>sedati</strong></span> 
     </span>
    </p>
   </div>
   <div class='ocr_carea' id='block_1_10' title="bbox 107 868 1655 944">
    <p class='ocr_par' dir='ltr' id='par_1_10' title="bbox 107 868 1655 944">
     <span class='ocr_line' id='line_1_10' title="bbox 107 868 1655 944; baseline -0.002 -17"><span class='ocrx_word' id='word_1_80' title='bbox 107 892 247 934; x_wconf 71' lang='lat' dir='ltr'><strong>meum</strong></span> <span class='ocrx_word' id='word_1_81' title='bbox 270 888 419 944; x_wconf 81' lang='lat' dir='ltr'><strong>super</strong></span> <span class='ocrx_word' id='word_1_82' title='bbox 444 870 715 925; x_wconf 80' lang='lat' dir='ltr'><strong>mulierem</strong></span> <span class='ocrx_word' id='word_1_83' title='bbox 738 869 899 939; x_wconf 88' lang='lat' dir='ltr'><strong>(Cap.</strong></span> <span class='ocrx_word' id='word_1_84' title='bbox 919 884 1079 935; x_wconf 79' lang='lat' dir='ltr'><strong>xxxi,</strong></span> <span class='ocrx_word' id='word_1_85' title='bbox 1095 868 1179 939; x_wconf 89' lang='grc'><strong>9).</strong></span> <span class='ocrx_word' id='word_1_86' title='bbox 1200 868 1381 940; x_wconf 86' lang='lat' dir='ltr'><strong>Atque</strong></span> <span class='ocrx_word' id='word_1_87' title='bbox 1400 876 1463 924; x_wconf 94' lang='lat' dir='ltr'><strong>ut</strong></span> <span class='ocrx_word' id='word_1_88' title='bbox 1477 868 1655 924; x_wconf 91' lang='lat' dir='ltr'><strong>eidem</strong></span> 
     </span>
    </p>
   </div>
   <div class='ocr_carea' id='block_1_11' title="bbox 106 957 1655 1039">
    <p class='ocr_par' dir='ltr' id='par_1_11' title="bbox 106 957 1655 1039">
     <span class='ocr_line' id='line_1_11' title="bbox 106 957 1655 1039; baseline -0.006 -17"><span class='ocrx_word' id='word_1_89' title='bbox 106 962 351 1039; x_wconf 65' lang='lat' dir='ltr'><strong>pudicitiae</strong></span> <span class='ocrx_word' id='word_1_90' title='bbox 378 960 774 1015; x_wconf 83' lang='lat' dir='ltr'><strong>demonstraret</strong></span> <span class='ocrx_word' id='word_1_91' title='bbox 802 957 1133 1013; x_wconf 84' lang='lat' dir='ltr'><strong>humilitatis</strong></span> <span class='ocrx_word' id='word_1_92' title='bbox 1162 958 1390 1028; x_wconf 84' lang='lat' dir='ltr'><strong>gratiam</strong></span> <span class='ocrx_word' id='word_1_93' title='bbox 1426 958 1655 1013; x_wconf 86' lang='lat' dir='ltr'><strong>nullate-</strong></span> 
     </span>
    </p>
   </div>
   <div class='ocr_carea' id='block_1_12' title="bbox 104 1045 1660 1120">
    <p class='ocr_par' dir='ltr' id='par_1_12' title="bbox 104 1045 1660 1120">
     <span class='ocr_line' id='line_1_12' title="bbox 104 1045 1660 1120; baseline -0.006 -9"><span class='ocrx_word' id='word_1_94' title='bbox 104 1069 190 1111; x_wconf 89' lang='lat' dir='ltr'><strong>nus</strong></span> <span class='ocrx_word' id='word_1_95' title='bbox 214 1050 457 1116; x_wconf 82' lang='lat' dir='ltr'><strong>defuisse,</strong></span> <span class='ocrx_word' id='word_1_96' title='bbox 496 1055 620 1120; x_wconf 91' lang='lat' dir='ltr'><strong>post</strong></span> <span class='ocrx_word' id='word_1_97' title='bbox 665 1054 859 1105; x_wconf 66' lang='lat' dir='ltr'><strong>uetera</strong></span> <span class='ocrx_word' id='word_1_98' title='bbox 902 1045 1187 1117; x_wconf 88' lang='lat' dir='ltr'><strong>subjungit</strong></span> <span class='ocrx_word' id='word_1_99' title='bbox 1226 1062 1239 1101; x_wconf 92' lang='lat'>:</span> <span class='ocrx_word' id='word_1_100' title='bbox 1286 1047 1345 1102; x_wconf 93' lang='lat' dir='ltr'><strong>Si</strong></span> <span class='ocrx_word' id='word_1_101' title='bbox 1379 1046 1660 1117; x_wconf 72' lang='lat' dir='ltr'><strong>contempsi</strong></span> 
     </span>
    </p>
   </div>
   <div class='ocr_carea' id='block_1_13' title="bbox 102 1134 1658 1209">
    <p class='ocr_par' dir='ltr' id='par_1_13' title="bbox 102 1134 1658 1209">
     <span class='ocr_line' id='line_1_13' title="bbox 102 1134 1658 1209; baseline -0.007 -8"><span class='ocrx_word' id='word_1_102' title='bbox 102 1142 248 1202; x_wconf 74' lang='lat' dir='ltr'><strong>subire</strong></span> <span class='ocrx_word' id='word_1_103' title='bbox 264 1140 519 1209; x_wconf 73' lang='lat' dir='ltr'><strong>judicium</strong></span> <span class='ocrx_word' id='word_1_104' title='bbox 539 1153 655 1191; x_wconf 88' lang='lat' dir='ltr'><strong>cum</strong></span> <span class='ocrx_word' id='word_1_105' title='bbox 682 1153 829 1191; x_wconf 88' lang='lat' dir='ltr'><strong>servo</strong></span> <span class='ocrx_word' id='word_1_106' title='bbox 850 1152 957 1189; x_wconf 86' lang='lat' dir='ltr'><strong>meo</strong></span> <span class='ocrx_word' id='word_1_107' title='bbox 991 1136 1167 1205; x_wconf 88' lang='lat' dir='ltr'><strong>(Vers.</strong></span> <span class='ocrx_word' id='word_1_108' title='bbox 1205 1134 1317 1206; x_wconf 86' lang='grc'><strong>13).</strong></span> <span class='ocrx_word' id='word_1_109' title='bbox 1349 1134 1456 1203; x_wconf 89' lang='lat' dir='ltr'><strong>Qui</strong></span> <span class='ocrx_word' id='word_1_110' title='bbox 1483 1143 1545 1190; x_wconf 91' lang='lat' dir='ltr'><strong>ut</strong></span> <span class='ocrx_word' id='word_1_111' title='bbox 1558 1134 1658 1191; x_wconf 86' lang='lat' dir='ltr'><strong>hu-</strong></span> 
     </span>
    </p>
   </div>
   <div class='ocr_carea' id='block_1_14' title="bbox 103 1221 1658 1294">
    <p class='ocr_par' dir='ltr' id='par_1_14' title="bbox 103 1221 1658 1294">
     <span class='ocr_line' id='line_1_14' title="bbox 103 1221 1658 1294; baseline -0.004 -9"><span class='ocrx_word' id='word_1_112' title='bbox 103 1228 293 1287; x_wconf 83' lang='lat' dir='ltr'><strong>militati</strong></span> <span class='ocrx_word' id='word_1_113' title='bbox 319 1242 428 1282; x_wconf 61' lang='lat' dir='ltr'><strong>suae</strong></span> <span class='ocrx_word' id='word_1_114' title='bbox 451 1224 764 1280; x_wconf 84' lang='lat' dir='ltr'><strong>ostenderet</strong></span> <span class='ocrx_word' id='word_1_115' title='bbox 782 1222 1217 1278; x_wconf 84' lang='lat' dir='ltr'><strong>misericordiam</strong></span> <span class='ocrx_word' id='word_1_116' title='bbox 1244 1223 1411 1278; x_wconf 84' lang='lat' dir='ltr'><strong>fuisse</strong></span> <span class='ocrx_word' id='word_1_117' title='bbox 1429 1221 1658 1294; x_wconf 87' lang='lat' dir='ltr'><strong>conjun-</strong></span> 
     </span>
    </p>
   </div>
   <div class='ocr_carea' id='block_1_15' title="bbox 101 1311 1658 1387">
    <p class='ocr_par' dir='ltr' id='par_1_15' title="bbox 101 1311 1658 1387">
     <span class='ocr_line' id='line_1_15' title="bbox 101 1311 1658 1387; baseline -0.005 -13"><span class='ocrx_word' id='word_1_118' title='bbox 101 1325 239 1385; x_wconf 87' lang='lat' dir='ltr'><strong>ctam,</strong></span> <span class='ocrx_word' id='word_1_119' title='bbox 263 1315 419 1387; x_wconf 85' lang='lat' dir='ltr'><strong>paulo</strong></span> <span class='ocrx_word' id='word_1_120' title='bbox 438 1320 563 1385; x_wconf 89' lang='lat' dir='ltr'><strong>post</strong></span> <span class='ocrx_word' id='word_1_121' title='bbox 585 1312 722 1368; x_wconf 83' lang='lat' dir='ltr'><strong>dicit</strong></span> <span class='ocrx_word' id='word_1_122' title='bbox 757 1329 770 1367; x_wconf 87' lang='lat'><em>:</em></span> <span class='ocrx_word' id='word_1_123' title='bbox 812 1313 870 1368; x_wconf 91' lang='lat' dir='ltr'><strong>Si</strong></span> <span class='ocrx_word' id='word_1_124' title='bbox 893 1312 1078 1382; x_wconf 80' lang='lat' dir='ltr'><strong>negavi</strong></span> <span class='ocrx_word' id='word_1_125' title='bbox 1106 1311 1247 1381; x_wconf 85' lang='lat' dir='ltr'><strong>quod</strong></span> <span class='ocrx_word' id='word_1_126' title='bbox 1272 1312 1512 1367; x_wconf 82' lang='lat' dir='ltr'><strong>volebant</strong></span> <span class='ocrx_word' id='word_1_127' title='bbox 1524 1329 1658 1382; x_wconf 87' lang='lat' dir='ltr'><strong>pau-</strong></span> 
     </span>
    </p>
   </div>
   <div class='ocr_carea' id='block_1_16' title="bbox 97 1401 1656 1481">
    <p class='ocr_par' dir='ltr' id='par_1_16' title="bbox 97 1401 1656 1481">
     <span class='ocr_line' id='line_1_16' title="bbox 97 1401 1656 1481; baseline -0.003 -20"><span class='ocrx_word' id='word_1_128' title='bbox 97 1407 284 1481; x_wconf 84' lang='lat' dir='ltr'><strong>peribus</strong></span> <span class='ocrx_word' id='word_1_129' title='bbox 323 1406 348 1474; x_wconf 95' lang='lat'><strong><em>(</em></strong></span> <span class='ocrx_word' id='word_1_130' title='bbox 364 1404 504 1461; x_wconf 81' lang='lat' dir='ltr'><strong>Vers.</strong></span> <span class='ocrx_word' id='word_1_131' title='bbox 554 1403 665 1473; x_wconf 86' lang='grc'><strong>16).</strong></span> <span class='ocrx_word' id='word_1_132' title='bbox 704 1404 885 1474; x_wconf 84' lang='lat' dir='ltr'><strong>Atque</strong></span> <span class='ocrx_word' id='word_1_133' title='bbox 934 1409 997 1458; x_wconf 89' lang='lat' dir='ltr'><strong>ut</strong></span> <span class='ocrx_word' id='word_1_134' title='bbox 1034 1401 1463 1457; x_wconf 89' lang='lat' dir='ltr'><strong>misericordiam</strong></span> <span class='ocrx_word' id='word_1_135' title='bbox 1502 1417 1656 1456; x_wconf 90' lang='lat' dir='ltr'><strong>suam</strong></span> 
     </span>
    </p>
   </div>
   <div class='ocr_carea' id='block_1_17' title="bbox 98 1489 1662 1563">
    <p class='ocr_par' dir='ltr' id='par_1_17' title="bbox 98 1489 1662 1563">
     <span class='ocr_line' id='line_1_17' title="bbox 98 1489 1662 1563; baseline -0.004 -12"><span class='ocrx_word' id='word_1_136' title='bbox 98 1492 371 1552; x_wconf 84' lang='lat' dir='ltr'><strong>ostenderet</strong></span> <span class='ocrx_word' id='word_1_137' title='bbox 398 1491 465 1547; x_wconf 92' lang='lat' dir='ltr'><strong>de</strong></span> <span class='ocrx_word' id='word_1_138' title='bbox 500 1489 732 1563; x_wconf 64' lang='lat' dir='ltr'><strong>justitias</strong></span> <span class='ocrx_word' id='word_1_139' title='bbox 770 1490 951 1547; x_wconf 88' lang='lat' dir='ltr'><strong>radice</strong></span> <span class='ocrx_word' id='word_1_140' title='bbox 980 1490 1334 1558; x_wconf 88' lang='lat' dir='ltr'><strong>descendere,</strong></span> <span class='ocrx_word' id='word_1_141' title='bbox 1366 1490 1528 1562; x_wconf 91' lang='lat' dir='ltr'><strong>paulo</strong></span> <span class='ocrx_word' id='word_1_142' title='bbox 1556 1507 1662 1546; x_wconf 82' lang='lat' dir='ltr'><strong>su-</strong></span> 
     </span>
    </p>
   </div>
   <div class='ocr_carea' id='block_1_18' title="bbox 96 1580 1662 1659">
    <p class='ocr_par' dir='ltr' id='par_1_18' title="bbox 96 1580 1662 1659">
     <span class='ocr_line' id='line_1_18' title="bbox 96 1580 1662 1659; baseline -0.002 -21"><span class='ocrx_word' id='word_1_143' title='bbox 96 1584 256 1659; x_wconf 86' lang='lat' dir='ltr'><strong>perius</strong></span> <span class='ocrx_word' id='word_1_144' title='bbox 281 1580 563 1654; x_wconf 59' lang='lat' dir='ltr'><strong>praemisit,</strong></span> <span class='ocrx_word' id='word_1_145' title='bbox 593 1580 783 1637; x_wconf 86' lang='lat' dir='ltr'><strong>dicens</strong></span> <span class='ocrx_word' id='word_1_146' title='bbox 812 1596 825 1635; x_wconf 86' lang='lat'><strong><em>:</em></strong></span> <span class='ocrx_word' id='word_1_147' title='bbox 855 1580 914 1636; x_wconf 90' lang='lat' dir='ltr'><strong>Si</strong></span> <span class='ocrx_word' id='word_1_148' title='bbox 950 1580 1219 1635; x_wconf 78' lang='lat' dir='ltr'><strong>ambulavi</strong></span> <span class='ocrx_word' id='word_1_149' title='bbox 1238 1580 1296 1634; x_wconf 78' lang='lat' dir='ltr'><strong>in</strong></span> <span class='ocrx_word' id='word_1_150' title='bbox 1332 1580 1584 1645; x_wconf 75' lang='lat' dir='ltr'><strong>vanitate,</strong></span> <span class='ocrx_word' id='word_1_151' title='bbox 1610 1585 1662 1635; x_wconf 84' lang='lat' dir='ltr'><strong>et</strong></span> 
     </span>
    </p>
   </div>
   <div class='ocr_carea' id='block_1_19' title="bbox 93 1668 1658 1745">
    <p class='ocr_par' dir='ltr' id='par_1_19' title="bbox 93 1668 1658 1745">
     <span class='ocr_line' id='line_1_19' title="bbox 93 1668 1658 1745; baseline -0.004 -17"><span class='ocrx_word' id='word_1_152' title='bbox 93 1670 334 1745; x_wconf 75' lang='lat' dir='ltr'><strong>festinauit</strong></span> <span class='ocrx_word' id='word_1_153' title='bbox 365 1671 419 1724; x_wconf 81' lang='lat' dir='ltr'><strong>in</strong></span> <span class='ocrx_word' id='word_1_154' title='bbox 446 1670 678 1740; x_wconf 79' lang='lat' dir='ltr'><strong>dolopes</strong></span> <span class='ocrx_word' id='word_1_155' title='bbox 714 1685 859 1723; x_wconf 82' lang='lat' dir='ltr'><strong>meus</strong></span> <span class='ocrx_word' id='word_1_156' title='bbox 890 1669 1065 1740; x_wconf 82' lang='lat' dir='ltr'><strong>(Vers.</strong></span> <span class='ocrx_word' id='word_1_157' title='bbox 1096 1668 1178 1739; x_wconf 82' lang='lat'><strong>5).</strong></span> <span class='ocrx_word' id='word_1_158' title='bbox 1210 1668 1389 1740; x_wconf 85' lang='lat' dir='ltr'><strong>Atque</strong></span> <span class='ocrx_word' id='word_1_159' title='bbox 1418 1675 1480 1723; x_wconf 90' lang='lat' dir='ltr'><strong>ut</strong></span> <span class='ocrx_word' id='word_1_160' title='bbox 1505 1682 1658 1723; x_wconf 83' lang='lat' dir='ltr'><strong>mon-</strong></span> 
     </span>
    </p>
   </div>
   <div class='ocr_carea' id='block_1_20' title="bbox 93 1756 1659 1829">
    <p class='ocr_par' dir='ltr' id='par_1_20' title="bbox 93 1756 1659 1829">
     <span class='ocr_line' id='line_1_20' title="bbox 93 1756 1659 1829; baseline -0.004 -11"><span class='ocrx_word' id='word_1_161' title='bbox 93 1767 329 1818; x_wconf 81' lang='lat' dir='ltr'><strong>straretnr</strong></span> <span class='ocrx_word' id='word_1_162' title='bbox 356 1773 518 1829; x_wconf 85' lang='lat' dir='ltr'><strong>quam</strong></span> <span class='ocrx_word' id='word_1_163' title='bbox 550 1756 718 1812; x_wconf 89' lang='lat' dir='ltr'><strong>fuerit</strong></span> <span class='ocrx_word' id='word_1_164' title='bbox 744 1757 813 1813; x_wconf 89' lang='lat' dir='ltr'><strong>ad</strong></span> <span class='ocrx_word' id='word_1_165' title='bbox 839 1765 1034 1813; x_wconf 88' lang='lat' dir='ltr'><strong>cuncta</strong></span> <span class='ocrx_word' id='word_1_166' title='bbox 1064 1757 1315 1829; x_wconf 82' lang='lat' dir='ltr'><strong>pavidus,</strong></span> <span class='ocrx_word' id='word_1_167' title='bbox 1344 1766 1399 1813; x_wconf 92' lang='lat' dir='ltr'><strong>et</strong></span> <span class='ocrx_word' id='word_1_168' title='bbox 1434 1757 1505 1812; x_wconf 92' lang='lat' dir='ltr'><strong>ad</strong></span> <span class='ocrx_word' id='word_1_169' title='bbox 1529 1773 1659 1812; x_wconf 87' lang='lat' dir='ltr'><strong>om-</strong></span> 
     </span>
    </p>
   </div>
   <div class='ocr_carea' id='block_1_21' title="bbox 1766 852 3363 946">
    <p class='ocr_par' dir='ltr' id='par_1_21' title="bbox 1766 852 3363 946">
     <span class='ocr_line' id='line_1_21' title="bbox 1766 852 3363 946; baseline -0.005 -12"><span class='ocrx_word' id='word_1_170' title='bbox 1766 852 1929 934; x_wconf 82' lang='lat' dir='ltr'><strong>usum</strong></span> <span class='ocrx_word' id='word_1_171' title='bbox 1953 876 2172 942; x_wconf 87' lang='lat' dir='ltr'><strong>retinet,</strong></span> <span class='ocrx_word' id='word_1_172' title='bbox 2200 852 2461 931; x_wconf 82' lang='lat' dir='ltr'><strong>ﬁduciam</strong></span> <span class='ocrx_word' id='word_1_173' title='bbox 2503 879 2692 946; x_wconf 90' lang='lat' dir='ltr'><strong>ponat,</strong></span> <span class='ocrx_word' id='word_1_174' title='bbox 2723 872 2986 946; x_wconf 87' lang='lat' dir='ltr'><strong>quoniam</strong></span> <span class='ocrx_word' id='word_1_175' title='bbox 3032 852 3363 943; x_wconf 69' lang='lat' dir='ltr'><strong>conjuncius</strong></span> 
     </span>
    </p>
   </div>
   <div class='ocr_carea' id='block_1_22' title="bbox 1769 960 3361 1033">
    <p class='ocr_par' dir='ltr' id='par_1_22' title="bbox 1769 960 3361 1033">
     <span class='ocr_line' id='line_1_22' title="bbox 1769 960 3361 1033; baseline -0.006 -11"><span class='ocrx_word' id='word_1_176' title='bbox 1769 962 2184 1021; x_wconf 83' lang='lat' dir='ltr'><strong>decurrentibus</strong></span> <span class='ocrx_word' id='word_1_177' title='bbox 2202 979 2331 1018; x_wconf 87' lang='lat' dir='ltr'><strong>mox</strong></span> <span class='ocrx_word' id='word_1_178' title='bbox 2347 969 2551 1018; x_wconf 89' lang='lat' dir='ltr'><strong>statum</strong></span> <span class='ocrx_word' id='word_1_179' title='bbox 2571 976 2732 1018; x_wconf 88' lang='lat' dir='ltr'><strong>suum</strong></span> <span class='ocrx_word' id='word_1_180' title='bbox 2760 961 2979 1018; x_wconf 86' lang='lat' dir='ltr'><strong>animus</strong></span> <span class='ocrx_word' id='word_1_181' title='bbox 3006 960 3205 1033; x_wconf 88' lang='lat' dir='ltr'><strong>perdit.</strong></span> <span class='ocrx_word' id='word_1_182' title='bbox 3224 960 3361 1015; x_wconf 89' lang='lat' dir='ltr'><strong>Nam</strong></span> 
     </span>
    </p>
   </div>
   <div class='ocr_carea' id='block_1_23' title="bbox 1769 1048 3362 1125">
    <p class='ocr_par' dir='ltr' id='par_1_23' title="bbox 1769 1048 3362 1125">
     <span class='ocr_line' id='line_1_23' title="bbox 1769 1048 3362 1125; baseline -0.003 -16"><span class='ocrx_word' id='word_1_183' title='bbox 1769 1054 1899 1110; x_wconf 61' lang='lat' dir='ltr'><strong>vita</strong></span> <span class='ocrx_word' id='word_1_184' title='bbox 1927 1052 2208 1125; x_wconf 66' lang='lat' dir='ltr'><strong>praesentis</strong></span> <span class='ocrx_word' id='word_1_185' title='bbox 2260 1052 2461 1109; x_wconf 85' lang='lat' dir='ltr'><strong>ﬂuctus</strong></span> <span class='ocrx_word' id='word_1_186' title='bbox 2505 1051 2679 1107; x_wconf 83' lang='lat' dir='ltr'><strong>trahit</strong></span> <span class='ocrx_word' id='word_1_187' title='bbox 2723 1066 2888 1125; x_wconf 91' lang='lat' dir='ltr'><strong>quem</strong></span> <span class='ocrx_word' id='word_1_188' title='bbox 2918 1053 3087 1120; x_wconf 90' lang='lat' dir='ltr'><strong>levat,</strong></span> <span class='ocrx_word' id='word_1_189' title='bbox 3117 1058 3171 1106; x_wconf 91' lang='lat' dir='ltr'><strong>et</strong></span> <span class='ocrx_word' id='word_1_190' title='bbox 3198 1048 3362 1105; x_wconf 88' lang='lat' dir='ltr'><strong>valde</strong></span> 
     </span>
    </p>
   </div>
   <div class='ocr_carea' id='block_1_24' title="bbox 1771 1138 3363 1214">
    <p class='ocr_par' dir='ltr' id='par_1_24' title="bbox 1771 1138 3363 1214">
     <span class='ocr_line' id='line_1_24' title="bbox 1771 1138 3363 1214; baseline -0.004 -15"><span class='ocrx_word' id='word_1_191' title='bbox 1771 1142 1995 1200; x_wconf 90' lang='lat' dir='ltr'><strong>demens</strong></span> <span class='ocrx_word' id='word_1_192' title='bbox 2021 1148 2104 1198; x_wconf 90' lang='lat' dir='ltr'><strong>est</strong></span> <span class='ocrx_word' id='word_1_193' title='bbox 2130 1140 2226 1214; x_wconf 92' lang='lat' dir='ltr'><strong>qui</strong></span> <span class='ocrx_word' id='word_1_194' title='bbox 2255 1141 2313 1197; x_wconf 91' lang='lat' dir='ltr'><strong>in</strong></span> <span class='ocrx_word' id='word_1_195' title='bbox 2338 1140 2487 1197; x_wconf 83' lang='lat' dir='ltr'><strong>ubda</strong></span> <span class='ocrx_word' id='word_1_196' title='bbox 2512 1140 2781 1209; x_wconf 83' lang='lat' dir='ltr'><strong>volvitur,</strong></span> <span class='ocrx_word' id='word_1_197' title='bbox 2810 1148 2866 1197; x_wconf 88' lang='lat' dir='ltr'><strong>et</strong></span> <span class='ocrx_word' id='word_1_198' title='bbox 2910 1141 3154 1214; x_wconf 83' lang='lat' dir='ltr'><strong>plantam</strong></span> <span class='ocrx_word' id='word_1_199' title='bbox 3196 1138 3363 1209; x_wconf 92' lang='lat' dir='ltr'><strong>ﬁgere</strong></span> 
     </span>
    </p>
   </div>
   <div class='ocr_carea' id='block_1_25' title="bbox 1772 1229 3360 1304">
    <p class='ocr_par' dir='ltr' id='par_1_25' title="bbox 1772 1229 3360 1304">
     <span class='ocr_line' id='line_1_25' title="bbox 1772 1229 3360 1304; baseline -0.003 -16"><span class='ocrx_word' id='word_1_200' title='bbox 1772 1241 2018 1289; x_wconf 88' lang='lat' dir='ltr'><strong>conatur.</strong></span> <span class='ocrx_word' id='word_1_201' title='bbox 2052 1232 2155 1288; x_wconf 90' lang='lat' dir='ltr'><strong>Sed</strong></span> <span class='ocrx_word' id='word_1_202' title='bbox 2202 1238 2331 1287; x_wconf 90' lang='lat' dir='ltr'><strong>sunt</strong></span> <span class='ocrx_word' id='word_1_203' title='bbox 2358 1229 2605 1303; x_wconf 89' lang='lat' dir='ltr'><strong>plerique</strong></span> <span class='ocrx_word' id='word_1_204' title='bbox 2632 1231 2727 1304; x_wconf 89' lang='lat' dir='ltr'><strong>qui</strong></span> <span class='ocrx_word' id='word_1_205' title='bbox 2756 1229 2859 1287; x_wconf 89' lang='lat' dir='ltr'><strong>etsi</strong></span> <span class='ocrx_word' id='word_1_206' title='bbox 2896 1230 2957 1287; x_wconf 90' lang='lat' dir='ltr'><strong>in</strong></span> <span class='ocrx_word' id='word_1_207' title='bbox 2985 1229 3148 1286; x_wconf 85' lang='lat' dir='ltr'><strong>rebus</strong></span> <span class='ocrx_word' id='word_1_208' title='bbox 3185 1234 3360 1285; x_wconf 84' lang='lat' dir='ltr'><strong>trans-</strong></span> 
     </span>
    </p>
   </div>
   <div class='ocr_carea' id='block_1_26' title="bbox 1771 1318 3363 1393">
    <p class='ocr_par' dir='ltr' id='par_1_26' title="bbox 1771 1318 3363 1393">
     <span class='ocr_line' id='line_1_26' title="bbox 1771 1318 3363 1393; baseline -0.001 -16"><span class='ocrx_word' id='word_1_209' title='bbox 1771 1323 2029 1379; x_wconf 90' lang='lat' dir='ltr'><strong>euntibus</strong></span> <span class='ocrx_word' id='word_1_210' title='bbox 2048 1321 2308 1378; x_wconf 86' lang='lat' dir='ltr'><strong>ﬁduciam</strong></span> <span class='ocrx_word' id='word_1_211' title='bbox 2327 1336 2671 1393; x_wconf 85' lang='lat' dir='ltr'><strong>nequaquam</strong></span> <span class='ocrx_word' id='word_1_212' title='bbox 2691 1328 2925 1393; x_wconf 92' lang='lat' dir='ltr'><strong>ponunt,</strong></span> <span class='ocrx_word' id='word_1_213' title='bbox 2940 1336 3068 1377; x_wconf 90' lang='lat' dir='ltr'><strong>cum</strong></span> <span class='ocrx_word' id='word_1_214' title='bbox 3087 1328 3271 1377; x_wconf 88' lang='lat' dir='ltr'><strong>tamen</strong></span> <span class='ocrx_word' id='word_1_215' title='bbox 3290 1318 3363 1375; x_wconf 87' lang='lat' dir='ltr'><strong>si-</strong></span> 
     </span>
    </p>
   </div>
   <div class='ocr_carea' id='block_1_27' title="bbox 1770 1409 3371 1478">
    <p class='ocr_par' dir='ltr' id='par_1_27' title="bbox 1770 1409 3371 1478">
     <span class='ocr_line' id='line_1_27' title="bbox 1770 1409 3371 1478; baseline -0.002 -10"><span class='ocrx_word' id='word_1_216' title='bbox 1770 1411 1943 1468; x_wconf 90' lang='lat' dir='ltr'><strong>bimet</strong></span> <span class='ocrx_word' id='word_1_217' title='bbox 1970 1411 2038 1467; x_wconf 91' lang='lat' dir='ltr'><strong>ad</strong></span> <span class='ocrx_word' id='word_1_218' title='bbox 2058 1427 2190 1467; x_wconf 90' lang='lat' dir='ltr'><strong>usus</strong></span> <span class='ocrx_word' id='word_1_219' title='bbox 2228 1410 2559 1467; x_wconf 88' lang='lat' dir='ltr'><strong>necessarios</strong></span> <span class='ocrx_word' id='word_1_220' title='bbox 2587 1410 2802 1465; x_wconf 89' lang='lat' dir='ltr'><strong>abunde</strong></span> <span class='ocrx_word' id='word_1_221' title='bbox 2822 1409 3042 1478; x_wconf 87' lang='lat' dir='ltr'><strong>adsunt,</strong></span> <span class='ocrx_word' id='word_1_222' title='bbox 3073 1418 3254 1466; x_wconf 87' lang='lat' dir='ltr'><strong>mente</strong></span> <span class='ocrx_word' id='word_1_223' title='bbox 3279 1415 3371 1465; x_wconf 87' lang='lat' dir='ltr'><strong>ta-.</strong></span> 
     </span>
    </p>
   </div>
   <div class='ocr_carea' id='block_1_28' title="bbox 1771 1499 3360 1573">
    <p class='ocr_par' dir='ltr' id='par_1_28' title="bbox 1771 1499 3360 1573">
     <span class='ocr_line' id='line_1_28' title="bbox 1771 1499 3360 1573; baseline -0.002 -14"><span class='ocrx_word' id='word_1_224' title='bbox 1771 1506 1880 1560; x_wconf 88' lang='lat' dir='ltr'><strong>cita</strong></span> <span class='ocrx_word' id='word_1_225' title='bbox 1909 1504 2183 1559; x_wconf 62' lang='lat' dir='ltr'><strong>laetantur.</strong></span> <span class='ocrx_word' id='word_1_226' title='bbox 2215 1502 2333 1569; x_wconf 91' lang='lat' dir='ltr'><strong>Qua</strong></span> <span class='ocrx_word' id='word_1_227' title='bbox 2360 1502 2419 1557; x_wconf 92' lang='lat' dir='ltr'><strong>in</strong></span> <span class='ocrx_word' id='word_1_228' title='bbox 2447 1516 2505 1557; x_wconf 91' lang='lat' dir='ltr'><strong>re</strong></span> <span class='ocrx_word' id='word_1_229' title='bbox 2524 1500 2756 1557; x_wconf 90' lang='lat' dir='ltr'><strong>dubium</strong></span> <span class='ocrx_word' id='word_1_230' title='bbox 2778 1516 2890 1556; x_wconf 92' lang='lat' dir='ltr'><strong>non</strong></span> <span class='ocrx_word' id='word_1_231' title='bbox 2914 1508 3015 1568; x_wconf 91' lang='lat' dir='ltr'><strong>est,</strong></span> <span class='ocrx_word' id='word_1_232' title='bbox 3050 1499 3180 1573; x_wconf 91' lang='lat' dir='ltr'><strong>quia</strong></span> <span class='ocrx_word' id='word_1_233' title='bbox 3206 1506 3360 1557; x_wconf 91' lang='lat' dir='ltr'><strong>tanto</strong></span> 
     </span>
    </p>
   </div>
   <div class='ocr_carea' id='block_1_29' title="bbox 1771 1588 3360 1665">
    <p class='ocr_par' dir='ltr' id='par_1_29' title="bbox 1771 1588 3360 1665">
     <span class='ocr_line' id='line_1_29' title="bbox 1771 1588 3360 1665; baseline -0.001 -19"><span class='ocrx_word' id='word_1_234' title='bbox 1771 1592 2001 1665; x_wconf 86' lang='lat' dir='ltr'><strong>quisque</strong></span> <span class='ocrx_word' id='word_1_235' title='bbox 2047 1591 2232 1647; x_wconf 90' lang='lat' dir='ltr'><strong>minus</strong></span> <span class='ocrx_word' id='word_1_236' title='bbox 2276 1590 2425 1646; x_wconf 88' lang='lat' dir='ltr'><strong>dolet</strong></span> <span class='ocrx_word' id='word_1_237' title='bbox 2470 1588 2617 1662; x_wconf 90' lang='lat' dir='ltr'><strong>quod</strong></span> <span class='ocrx_word' id='word_1_238' title='bbox 2666 1589 2847 1646; x_wconf 91' lang='lat' dir='ltr'><strong>desint</strong></span> <span class='ocrx_word' id='word_1_239' title='bbox 2884 1598 3105 1656; x_wconf 72' lang='lat' dir='ltr'><strong>aeterna,</strong></span> <span class='ocrx_word' id='word_1_240' title='bbox 3154 1594 3360 1662; x_wconf 88' lang='lat' dir='ltr'><strong>quanto</strong></span> 
     </span>
    </p>
   </div>
   <div class='ocr_carea' id='block_1_30' title="bbox 1771 1679 3361 1754">
    <p class='ocr_par' dir='ltr' id='par_1_30' title="bbox 1771 1679 3361 1754">
     <span class='ocr_line' id='line_1_30' title="bbox 1771 1679 3361 1754; baseline -0.003 -16"><span class='ocrx_word' id='word_1_241' title='bbox 1771 1684 1942 1754; x_wconf 85' lang='lat' dir='ltr'><strong>magis</strong></span> <span class='ocrx_word' id='word_1_242' title='bbox 1970 1681 2167 1753; x_wconf 84' lang='lat' dir='ltr'><strong>gaudet</strong></span> <span class='ocrx_word' id='word_1_243' title='bbox 2193 1680 2340 1753; x_wconf 88' lang='lat' dir='ltr'><strong>quod</strong></span> <span class='ocrx_word' id='word_1_244' title='bbox 2368 1679 2551 1735; x_wconf 90' lang='lat' dir='ltr'><strong>adsint</strong></span> <span class='ocrx_word' id='word_1_245' title='bbox 2576 1679 2934 1750; x_wconf 89' lang='lat' dir='ltr'><strong>temporalia;</strong></span> <span class='ocrx_word' id='word_1_246' title='bbox 2967 1687 3021 1735; x_wconf 92' lang='lat' dir='ltr'><strong>et</strong></span> <span class='ocrx_word' id='word_1_247' title='bbox 3048 1680 3143 1752; x_wconf 87' lang='lat' dir='ltr'><strong>qui</strong></span> <span class='ocrx_word' id='word_1_248' title='bbox 3173 1679 3361 1735; x_wconf 89' lang='lat' dir='ltr'><strong>minus</strong></span> 
     </span>
    </p>
   </div>
   <div class='ocr_carea' id='block_1_31' title="bbox 1772 1768 3363 1844">
    <p class='ocr_par' dir='ltr' id='par_1_31' title="bbox 1772 1768 3363 1844">
     <span class='ocr_line' id='line_1_31' title="bbox 1772 1768 3363 1844; baseline -0.003 -16"><span class='ocrx_word' id='word_1_249' title='bbox 1772 1772 1919 1828; x_wconf 87' lang='lat' dir='ltr'><strong>dolet</strong></span> <span class='ocrx_word' id='word_1_250' title='bbox 1966 1772 2114 1844; x_wconf 89' lang='lat' dir='ltr'><strong>quod</strong></span> <span class='ocrx_word' id='word_1_251' title='bbox 2164 1770 2346 1825; x_wconf 89' lang='lat' dir='ltr'><strong>desint</strong></span> <span class='ocrx_word' id='word_1_252' title='bbox 2384 1768 2727 1839; x_wconf 87' lang='lat' dir='ltr'><strong>temporalia,</strong></span> <span class='ocrx_word' id='word_1_253' title='bbox 2762 1768 2964 1823; x_wconf 84' lang='lat' dir='ltr'><strong>certius</strong></span> <span class='ocrx_word' id='word_1_254' title='bbox 2993 1774 3270 1838; x_wconf 85' lang='lat' dir='ltr'><strong>exspectat</strong></span> <span class='ocrx_word' id='word_1_255' title='bbox 3297 1774 3363 1824; x_wconf 91' lang='lat' dir='ltr'><strong>ut</strong></span> 
     </span>
    </p>
   </div>
   <div class='ocr_carea' id='block_1_32' title="bbox 93 1846 1667 1937">
    <p class='ocr_par' dir='ltr' id='par_1_32' title="bbox 93 1846 1661 1918">
     <span class='ocr_line' id='line_1_32' title="bbox 93 1846 1661 1918; baseline -0.003 -13"><span class='ocrx_word' id='word_1_256' title='bbox 93 1848 169 1905; x_wconf 89' lang='lat' dir='ltr'><strong>nia</strong></span> <span class='ocrx_word' id='word_1_257' title='bbox 199 1847 619 1918; x_wconf 88' lang='lat' dir='ltr'><strong>circumspectus</strong></span> <span class='ocrx_word' id='word_1_258' title='bbox 645 1847 881 1902; x_wconf 85' lang='lat' dir='ltr'><strong>inferius</strong></span> <span class='ocrx_word' id='word_1_259' title='bbox 926 1847 1138 1913; x_wconf 89' lang='lat' dir='ltr'><strong>asserit,</strong></span> <span class='ocrx_word' id='word_1_260' title='bbox 1181 1846 1369 1901; x_wconf 88' lang='lat' dir='ltr'><strong>dicens</strong></span> <span class='ocrx_word' id='word_1_261' title='bbox 1402 1863 1413 1901; x_wconf 91' lang='lat'><strong>:</strong></span> <span class='ocrx_word' id='word_1_262' title='bbox 1448 1846 1661 1915; x_wconf 85' lang='lat' dir='ltr'><strong>Semper</strong></span> 
     </span>
    </p>
   </div>
   <div class='ocr_carea' id='block_1_33' title="bbox 1785 1846 3360 1937">
    <p class='ocr_par' dir='ltr' id='par_1_33' title="bbox 1785 1855 3360 1930">
     <span class='ocr_line' id='line_1_33' title="bbox 1785 1855 3360 1930; baseline -0.004 -11"><span class='ocrx_word' id='word_1_263' title='bbox 1785 1863 1952 1920; x_wconf 74' lang='lat' dir='ltr'><strong>tdsint</strong></span> <span class='ocrx_word' id='word_1_264' title='bbox 1980 1868 2200 1917; x_wconf 67' lang='lat' dir='ltr'><strong>azterna.</strong></span> <span class='ocrx_word' id='word_1_265' title='bbox 2235 1859 2350 1915; x_wconf 86' lang='lat' dir='ltr'><strong>Hoc</strong></span> <span class='ocrx_word' id='word_1_266' title='bbox 2368 1858 2551 1930; x_wconf 89' lang='lat' dir='ltr'><strong>itaque</strong></span> <span class='ocrx_word' id='word_1_267' title='bbox 2570 1856 2637 1912; x_wconf 92' lang='lat' dir='ltr'><strong>de</strong></span> <span class='ocrx_word' id='word_1_268' title='bbox 2664 1855 2891 1913; x_wconf 89' lang='lat' dir='ltr'><strong>terrenis</strong></span> <span class='ocrx_word' id='word_1_269' title='bbox 2918 1857 3079 1913; x_wconf 89' lang='lat' dir='ltr'><strong>rebus</strong></span> <span class='ocrx_word' id='word_1_270' title='bbox 3100 1856 3360 1928; x_wconf 85' lang='lat' dir='ltr'><strong>gaudium</strong></span> 
     </span>
    </p>
   </div>
   <div class='ocr_carea' id='block_1_34' title="bbox 93 1933 1662 2007">
    <p class='ocr_par' dir='ltr' id='par_1_34' title="bbox 93 1933 1662 2007">
     <span class='ocr_line' id='line_1_34' title="bbox 93 1933 1662 2007; baseline -0.004 -14"><span class='ocrx_word' id='word_1_271' title='bbox 93 1936 207 1993; x_wconf 75' lang='lat' dir='ltr'><strong>enim</strong></span> <span class='ocrx_word' id='word_1_272' title='bbox 230 1935 375 2006; x_wconf 86' lang='lat' dir='ltr'><strong>quasi</strong></span> <span class='ocrx_word' id='word_1_273' title='bbox 403 1942 654 1990; x_wconf 84' lang='lat' dir='ltr'><strong>tumentes</strong></span> <span class='ocrx_word' id='word_1_274' title='bbox 681 1951 839 2007; x_wconf 83' lang='lat' dir='ltr'><strong>super</strong></span> <span class='ocrx_word' id='word_1_275' title='bbox 864 1952 944 1990; x_wconf 88' lang='lat' dir='ltr'><strong>me</strong></span> <span class='ocrx_word' id='word_1_276' title='bbox 986 1938 1172 2005; x_wconf 79' lang='lat' dir='ltr'><strong>ﬂuctus</strong></span> <span class='ocrx_word' id='word_1_277' title='bbox 1201 1934 1351 1989; x_wconf 86' lang='lat' dir='ltr'><strong>timui</strong></span> <span class='ocrx_word' id='word_1_278' title='bbox 1377 1933 1662 1989; x_wconf 80' lang='lat' dir='ltr'><strong>Dominum</strong></span> 
     </span>
    </p>
   </div>
   <div class='ocr_carea' id='block_1_35' title="bbox 96 2023 1661 2097">
    <p class='ocr_par' dir='ltr' id='par_1_35' title="bbox 96 2023 1661 2097">
     <span class='ocr_line' id='line_1_35' title="bbox 96 2023 1661 2097; baseline -0.002 -15"><span class='ocrx_word' id='word_1_279' title='bbox 96 2024 246 2097; x_wconf 71' lang='lat' dir='ltr'><strong>(Vera.</strong></span> <span class='ocrx_word' id='word_1_280' title='bbox 275 2024 389 2095; x_wconf 80' lang='lat'><strong>25).</strong></span> <span class='ocrx_word' id='word_1_281' title='bbox 423 2023 535 2091; x_wconf 89' lang='lat' dir='ltr'><strong>Qui</strong></span> <span class='ocrx_word' id='word_1_282' title='bbox 577 2024 788 2079; x_wconf 88' lang='lat' dir='ltr'><strong>scilicet</strong></span> <span class='ocrx_word' id='word_1_283' title='bbox 834 2024 895 2079; x_wconf 91' lang='lat' dir='ltr'><strong>in</strong></span> <span class='ocrx_word' id='word_1_284' title='bbox 935 2025 1210 2097; x_wconf 85' lang='lat' dir='ltr'><strong>prosperis</strong></span> <span class='ocrx_word' id='word_1_285' title='bbox 1239 2024 1469 2096; x_wconf 88' lang='lat' dir='ltr'><strong>positus,</strong></span> <span class='ocrx_word' id='word_1_286' title='bbox 1498 2031 1661 2096; x_wconf 90' lang='lat' dir='ltr'><strong>atque</strong></span> 
     </span>
    </p>
   </div>
   <div class='ocr_carea' id='block_1_36' title="bbox 102 2112 1662 2186">
    <p class='ocr_par' dir='ltr' id='par_1_36' title="bbox 102 2112 1662 2186">
     <span class='ocr_line' id='line_1_36' title="bbox 102 2112 1662 2186; baseline -0.002 -15"><span class='ocrx_word' id='word_1_287' title='bbox 102 2113 412 2172; x_wconf 82' lang='lat' dir='ltr'><strong>abundantia</strong></span> <span class='ocrx_word' id='word_1_288' title='bbox 438 2128 627 2170; x_wconf 89' lang='lat' dir='ltr'><strong>rerum</strong></span> <span class='ocrx_word' id='word_1_289' title='bbox 656 2114 852 2181; x_wconf 81' lang='lat' dir='ltr'><strong>fultus,</strong></span> <span class='ocrx_word' id='word_1_290' title='bbox 897 2115 913 2148; x_wconf 79' lang='grc' dir='ltr'>ί</span> <span class='ocrx_word' id='word_1_291' title='bbox 944 2114 991 2169; x_wconf 89' lang='lat' dir='ltr'><strong>si</strong></span> <span class='ocrx_word' id='word_1_292' title='bbox 1011 2131 1162 2186; x_wconf 91' lang='lat' dir='ltr'><strong>spem</strong></span> <span class='ocrx_word' id='word_1_293' title='bbox 1188 2120 1283 2169; x_wconf 91' lang='lat' dir='ltr'><strong>aut</strong></span> <span class='ocrx_word' id='word_1_294' title='bbox 1310 2115 1369 2168; x_wconf 90' lang='lat' dir='ltr'><strong>in</strong></span> <span class='ocrx_word' id='word_1_295' title='bbox 1392 2112 1506 2169; x_wconf 87' lang='lat' dir='ltr'><strong>suis</strong></span> <span class='ocrx_word' id='word_1_296' title='bbox 1528 2112 1662 2168; x_wconf 88' lang='lat' dir='ltr'><strong>acti-</strong></span> 
     </span>
    </p>
   </div>
   <div class='ocr_carea' id='block_1_37' title="bbox 101 2202 1661 2275">
    <p class='ocr_par' dir='ltr' id='par_1_37' title="bbox 101 2202 1661 2275">
     <span class='ocr_line' id='line_1_37' title="bbox 101 2202 1661 2275; baseline -0.003 -13"><span class='ocrx_word' id='word_1_297' title='bbox 101 2202 187 2262; x_wconf 86' lang='lat' dir='ltr'><strong>bus</strong></span> <span class='ocrx_word' id='word_1_298' title='bbox 212 2203 375 2261; x_wconf 91' lang='lat' dir='ltr'><strong>autin</strong></span> <span class='ocrx_word' id='word_1_299' title='bbox 405 2202 924 2260; x_wconf 89' lang='lat' dir='ltr'><strong>circumﬂuentibus</strong></span> <span class='ocrx_word' id='word_1_300' title='bbox 961 2203 1123 2259; x_wconf 90' lang='lat' dir='ltr'><strong>rebus</strong></span> <span class='ocrx_word' id='word_1_301' title='bbox 1152 2210 1396 2275; x_wconf 90' lang='lat' dir='ltr'><strong>poneret,</strong></span> <span class='ocrx_word' id='word_1_302' title='bbox 1418 2202 1661 2275; x_wconf 85' lang='lat' dir='ltr'><strong>profecto</strong></span> 
     </span>
    </p>
   </div>
   <div class='ocr_carea' id='block_1_38' title="bbox 96 2291 1663 2368">
    <p class='ocr_par' dir='ltr' id='par_1_38' title="bbox 96 2291 1663 2368">
     <span class='ocr_line' id='line_1_38' title="bbox 96 2291 1663 2368; baseline -0.001 -17"><span class='ocrx_word' id='word_1_303' title='bbox 96 2293 249 2368; x_wconf 86' lang='lat' dir='ltr'><strong>justus</strong></span> <span class='ocrx_word' id='word_1_304' title='bbox 273 2308 384 2349; x_wconf 88' lang='lat' dir='ltr'><strong>non</strong></span> <span class='ocrx_word' id='word_1_305' title='bbox 409 2300 576 2350; x_wconf 88' lang='lat' dir='ltr'><strong>esset.</strong></span> <span class='ocrx_word' id='word_1_306' title='bbox 616 2293 721 2350; x_wconf 91' lang='lat' dir='ltr'><strong>Sed</strong></span> <span class='ocrx_word' id='word_1_307' title='bbox 749 2293 969 2367; x_wconf 87' lang='lat' dir='ltr'><strong>quando</strong></span> <span class='ocrx_word' id='word_1_308' title='bbox 998 2294 1100 2349; x_wconf 90' lang='lat' dir='ltr'><strong>iste</strong></span> <span class='ocrx_word' id='word_1_309' title='bbox 1128 2291 1216 2348; x_wconf 92' lang='lat' dir='ltr'><strong>vir</strong></span> <span class='ocrx_word' id='word_1_310' title='bbox 1256 2300 1477 2349; x_wconf 89' lang='lat' dir='ltr'><strong>sanctus</strong></span> <span class='ocrx_word' id='word_1_311' title='bbox 1507 2293 1566 2348; x_wconf 93' lang='lat' dir='ltr'><strong>in</strong></span> <span class='ocrx_word' id='word_1_312' title='bbox 1603 2306 1663 2349; x_wconf 88' lang='lat' dir='ltr'><strong>se</strong></span> 
     </span>
    </p>
   </div>
   <div class='ocr_carea' id='block_1_39' title="bbox 101 2383 1664 2457">
    <p class='ocr_par' dir='ltr' id='par_1_39' title="bbox 101 2383 1664 2457">
     <span class='ocr_line' id='line_1_39' title="bbox 101 2383 1664 2457; baseline -0.003 -15"><span class='ocrx_word' id='word_1_313' title='bbox 101 2399 226 2457; x_wconf 86' lang='lat' dir='ltr'><strong>spem</strong></span> <span class='ocrx_word' id='word_1_314' title='bbox 255 2384 456 2456; x_wconf 85' lang='lat' dir='ltr'><strong>posuit,</strong></span> <span class='ocrx_word' id='word_1_315' title='bbox 489 2384 586 2456; x_wconf 89' lang='lat' dir='ltr'><strong>qui</strong></span> <span class='ocrx_word' id='word_1_316' title='bbox 613 2392 798 2457; x_wconf 90' lang='lat' dir='ltr'><strong>aperte</strong></span> <span class='ocrx_word' id='word_1_317' title='bbox 818 2384 956 2441; x_wconf 88' lang='lat' dir='ltr'><strong>dicit</strong></span> <span class='ocrx_word' id='word_1_318' title='bbox 981 2402 993 2440; x_wconf 90' lang='lat'><strong>:</strong></span> <span class='ocrx_word' id='word_1_319' title='bbox 1022 2387 1153 2441; x_wconf 84' lang='lat' dir='ltr'><strong>Ecce</strong></span> <span class='ocrx_word' id='word_1_320' title='bbox 1179 2401 1285 2438; x_wconf 82' lang='lat' dir='ltr'><strong>non</strong></span> <span class='ocrx_word' id='word_1_321' title='bbox 1311 2383 1664 2439; x_wconf 78' lang='lat' dir='ltr'><strong>estaua-ilium</strong></span> 
     </span>
    </p>
   </div>
   <div class='ocr_carea' id='block_1_40' title="bbox 98 2471 1664 2548">
    <p class='ocr_par' dir='ltr' id='par_1_40' title="bbox 98 2471 1664 2548">
     <span class='ocr_line' id='line_1_40' title="bbox 98 2471 1664 2548; baseline -0.003 -20"><span class='ocrx_word' id='word_1_322' title='bbox 98 2474 202 2529; x_wconf 74' lang='lat' dir='ltr'><strong>mihi</strong></span> <span class='ocrx_word' id='word_1_323' title='bbox 225 2475 279 2530; x_wconf 74' lang='lat' dir='ltr'><strong>iu</strong></span> <span class='ocrx_word' id='word_1_324' title='bbox 301 2492 379 2531; x_wconf 86' lang='lat' dir='ltr'><strong>me</strong></span> <span class='ocrx_word' id='word_1_325' title='bbox 405 2476 539 2544; x_wconf 82' lang='lat' dir='ltr'><strong>(Job</strong></span> <span class='ocrx_word' id='word_1_326' title='bbox 567 2490 649 2540; x_wconf 77' lang='lat' dir='ltr'><strong>vr,</strong></span> <span class='ocrx_word' id='word_1_327' title='bbox 676 2475 773 2546; x_wconf 81' lang='grc'><strong>13)</strong></span> <span class='ocrx_word' id='word_1_328' title='bbox 793 2477 820 2531; x_wconf 73' lang='grc' dir='ltr'><strong><em>Ϋ</em></strong></span> <span class='ocrx_word' id='word_1_329' title='bbox 846 2474 984 2548; x_wconf 73' lang='grc' dir='ltr'><strong>[νει.</strong></span> <span class='ocrx_word' id='word_1_330' title='bbox 1013 2481 1065 2530; x_wconf 83' lang='lat' dir='ltr'><strong>et</strong></span> <span class='ocrx_word' id='word_1_331' title='bbox 1105 2476 1224 2530; x_wconf 85' lang='lat' dir='ltr'><strong>Rec.</strong></span> <span class='ocrx_word' id='word_1_332' title='bbox 1243 2472 1349 2545; x_wconf 89' lang='grc' dir='ltr'><strong>ΙΙ.]</strong></span> <span class='ocrx_word' id='word_1_333' title='bbox 1380 2471 1523 2539; x_wconf 87' lang='lat' dir='ltr'><strong>Quid</strong></span> <span class='ocrx_word' id='word_1_334' title='bbox 1536 2485 1664 2543; x_wconf 90' lang='lat' dir='ltr'><strong>ergo</strong></span> 
     </span>
    </p>
   </div>
   <div class='ocr_carea' id='block_1_41' title="bbox 101 2561 1667 2636">
    <p class='ocr_par' dir='ltr' id='par_1_41' title="bbox 101 2561 1667 2636">
     <span class='ocr_line' id='line_1_41' title="bbox 101 2561 1667 2636; baseline -0.002 -18"><span class='ocrx_word' id='word_1_335' title='bbox 101 2577 222 2620; x_wconf 88' lang='lat' dir='ltr'><strong>nunc</strong></span> <span class='ocrx_word' id='word_1_336' title='bbox 245 2571 515 2636; x_wconf 85' lang='lat' dir='ltr'><strong>superest,</strong></span> <span class='ocrx_word' id='word_1_337' title='bbox 567 2565 676 2620; x_wconf 91' lang='lat' dir='ltr'><strong>nisi</strong></span> <span class='ocrx_word' id='word_1_338' title='bbox 723 2571 787 2620; x_wconf 91' lang='lat' dir='ltr'><strong>ut</strong></span> <span class='ocrx_word' id='word_1_339' title='bbox 841 2564 985 2635; x_wconf 89' lang='lat' dir='ltr'><strong>ipsas</strong></span> <span class='ocrx_word' id='word_1_340' title='bbox 1038 2577 1259 2636; x_wconf 90' lang='lat' dir='ltr'><strong>quoque</strong></span> <span class='ocrx_word' id='word_1_341' title='bbox 1305 2561 1531 2617; x_wconf 84' lang='lat' dir='ltr'><strong>divitias</strong></span> <span class='ocrx_word' id='word_1_342' title='bbox 1557 2572 1667 2632; x_wconf 88' lang='lat' dir='ltr'><strong>qua</strong></span> 
     </span>
    </p>
   </div>
   <div class='ocr_carea' id='block_1_42' title="bbox 100 2651 1310 2725">
    <p class='ocr_par' dir='ltr' id='par_1_42' title="bbox 100 2651 1310 2725">
     <span class='ocr_line' id='line_1_42' title="bbox 100 2651 1310 2725; baseline 0 -19"><span class='ocrx_word' id='word_1_343' title='bbox 100 2659 250 2707; x_wconf 88' lang='lat' dir='ltr'><strong>mente</strong></span> <span class='ocrx_word' id='word_1_344' title='bbox 275 2652 581 2725; x_wconf 87' lang='lat' dir='ltr'><strong>possederit</strong></span> <span class='ocrx_word' id='word_1_345' title='bbox 608 2652 912 2710; x_wconf 87' lang='lat' dir='ltr'><strong>innotescat</strong></span> <span class='ocrx_word' id='word_1_346' title='bbox 940 2653 969 2709; x_wconf 78' lang='lat' dir='ltr'><strong>‘l</strong></span> <span class='ocrx_word' id='word_1_347' title='bbox 1000 2653 1095 2708; x_wconf 85' lang='lat' dir='ltr'><strong>Ait</strong></span> <span class='ocrx_word' id='word_1_348' title='bbox 1115 2651 1263 2707; x_wconf 91' lang='lat' dir='ltr'><strong>enim</strong></span> <span class='ocrx_word' id='word_1_349' title='bbox 1298 2667 1310 2706; x_wconf 89' lang='lat'>:</span> 
     </span>
    </p>
   </div>
   <div class='ocr_carea' id='block_1_43' title="bbox 161 2745 1668 2818">
    <p class='ocr_par' dir='ltr' id='par_1_43' title="bbox 161 2745 1668 2818">
     <span class='ocr_line' id='line_1_43' title="bbox 161 2745 1668 2818; baseline -0.002 -16"><span class='ocrx_word' id='word_1_350' title='bbox 161 2745 289 2803; x_wconf 84' lang='lat'><strong>698</strong></span> <span class='ocrx_word' id='word_1_351' title='bbox 308 2748 441 2806; x_wconf 78' lang='lat' dir='ltr'><strong>CAP.</strong></span> <span class='ocrx_word' id='word_1_352' title='bbox 475 2765 641 2817; x_wconf 72' lang='lat' dir='ltr'><strong>xxxx,</strong></span> <span class='ocrx_word' id='word_1_353' title='bbox 670 2749 841 2806; x_wconf 75' lang='lat' dir='ltr'><strong>VBRS.</strong></span> <span class='ocrx_word' id='word_1_354' title='bbox 864 2748 952 2806; x_wconf 65' lang='lat'><strong>24.</strong></span> <span class='ocrx_word' id='word_1_355' title='bbox 987 2779 1051 2791; x_wconf 91' lang='lat'><strong>-</strong></span> <span class='ocrx_word' id='word_1_356' title='bbox 1080 2748 1140 2804; x_wconf 88' lang='lat' dir='ltr'><strong>Si</strong></span> <span class='ocrx_word' id='word_1_357' title='bbox 1164 2746 1668 2818; x_wconf 77' lang='lat' dir='ltr'><strong>putauiaurmnro—</strong></span> 
     </span>
    </p>
   </div>
   <div class='ocr_carea' id='block_1_44' title="bbox 98 2835 1237 2908">
    <p class='ocr_par' dir='ltr' id='par_1_44' title="bbox 98 2835 1237 2908">
     <span class='ocr_line' id='line_1_44' title="bbox 98 2835 1237 2908; baseline -0.003 -14"><span class='ocrx_word' id='word_1_358' title='bbox 98 2835 180 2893; x_wconf 77' lang='lat' dir='ltr'><strong>bur</strong></span> <span class='ocrx_word' id='word_1_359' title='bbox 199 2854 383 2905; x_wconf 83' lang='lat' dir='ltr'><strong>meum,</strong></span> <span class='ocrx_word' id='word_1_360' title='bbox 412 2844 463 2893; x_wconf 85' lang='lat' dir='ltr'><strong>et</strong></span> <span class='ocrx_word' id='word_1_361' title='bbox 491 2838 686 2908; x_wconf 77' lang='lat' dir='ltr'><strong>obryzo</strong></span> <span class='ocrx_word' id='word_1_362' title='bbox 714 2836 853 2901; x_wconf 69' lang='lat' dir='ltr'><strong>dixi,</strong></span> <span class='ocrx_word' id='word_1_363' title='bbox 883 2835 1079 2907; x_wconf 80' lang='lat' dir='ltr'><strong>ﬁducia</strong></span> <span class='ocrx_word' id='word_1_364' title='bbox 1108 2850 1237 2891; x_wconf 81' lang='lat' dir='ltr'><strong>mea.</strong></span> 
     </span>
    </p>
   </div>
   <div class='ocr_carea' id='block_1_45' title="bbox 715 2941 1030 2998">
    <p class='ocr_par' dir='ltr' id='par_1_45' title="bbox 715 2941 1030 2998">
     <span class='ocr_line' id='line_1_45' title="bbox 715 2941 1030 2998; baseline 0 0"><span class='ocrx_word' id='word_1_365' title='bbox 715 2941 941 2998; x_wconf 82' lang='lat' dir='ltr'><strong>CAPUT</strong></span> <span class='ocrx_word' id='word_1_366' title='bbox 961 2941 1030 2998; x_wconf 87' lang='lat' dir='ltr'><strong>II.</strong></span> 
     </span>
    </p>
   </div>
   <div class='ocr_carea' id='block_1_46' title="bbox 150 3024 1670 3099">
    <p class='ocr_par' dir='ltr' id='par_1_46' title="bbox 150 3024 1670 3099">
     <span class='ocr_line' id='line_1_46' title="bbox 150 3024 1670 3099; baseline -0.002 -11"><span class='ocrx_word' id='word_1_367' title='bbox 150 3029 197 3088; x_wconf 65' lang='grc'><strong>4.</strong></span> <span class='ocrx_word' id='word_1_368' title='bbox 223 3033 338 3091; x_wconf 86' lang='lat' dir='ltr'><strong>Non</strong></span> <span class='ocrx_word' id='word_1_369' title='bbox 366 3033 426 3086; x_wconf 80' lang='lat' dir='ltr'><strong>in</strong></span> <span class='ocrx_word' id='word_1_370' title='bbox 455 3031 744 3085; x_wconf 76' lang='lat' dir='ltr'><strong>labentibus</strong></span> <span class='ocrx_word' id='word_1_371' title='bbox 772 3030 994 3095; x_wconf 83' lang='lat' dir='ltr'><strong>divitiis,</strong></span> <span class='ocrx_word' id='word_1_372' title='bbox 1025 3030 1113 3085; x_wconf 85' lang='lat' dir='ltr'><strong>sed</strong></span> <span class='ocrx_word' id='word_1_373' title='bbox 1140 3028 1197 3084; x_wconf 86' lang='lat' dir='ltr'><strong>in</strong></span> <span class='ocrx_word' id='word_1_374' title='bbox 1233 3027 1341 3085; x_wconf 87' lang='lat' dir='ltr'><strong>Deo</strong></span> <span class='ocrx_word' id='word_1_375' title='bbox 1370 3028 1480 3084; x_wconf 88' lang='lat' dir='ltr'><strong>solo</strong></span> <span class='ocrx_word' id='word_1_376' title='bbox 1512 3024 1670 3099; x_wconf 79' lang='lat' dir='ltr'><strong>conﬁ.</strong></span> 
     </span>
    </p>
   </div>
   <div class='ocr_carea' id='block_1_47' title="bbox 97 3119 1671 3192">
    <p class='ocr_par' dir='ltr' id='par_1_47' title="bbox 97 3119 1671 3192">
     <span class='ocr_line' id='line_1_47' title="bbox 97 3119 1671 3192; baseline -0.004 -14"><span class='ocrx_word' id='word_1_377' title='bbox 97 3120 669 3192; x_wconf 78' lang='lat' dir='ltr'><strong>dendum.—Obryzum</strong></span> <span class='ocrx_word' id='word_1_378' title='bbox 687 3120 922 3175; x_wconf 89' lang='lat' dir='ltr'><strong>dicimus</strong></span> <span class='ocrx_word' id='word_1_379' title='bbox 936 3121 955 3153; x_wconf 74' lang='grc'>³</span> <span class='ocrx_word' id='word_1_380' title='bbox 978 3119 1183 3174; x_wconf 87' lang='lat' dir='ltr'><strong>obrude</strong></span> <span class='ocrx_word' id='word_1_381' title='bbox 1199 3134 1414 3173; x_wconf 88' lang='lat' dir='ltr'><strong>aurum.</strong></span> <span class='ocrx_word' id='word_1_382' title='bbox 1439 3119 1671 3172; x_wconf 88' lang='lat' dir='ltr'><strong>Sanctus</strong></span> 
     </span>
    </p>
   </div>
   <div class='ocr_carea' id='block_1_48' title="bbox 1768 1946 3359 2023">
    <p class='ocr_par' dir='ltr' id='par_1_48' title="bbox 1768 1946 3359 2023">
     <span class='ocr_line' id='line_1_48' title="bbox 1768 1946 3359 2023; baseline -0.002 -14"><span class='ocrx_word' id='word_1_383' title='bbox 1768 1954 1959 2009; x_wconf 88' lang='lat' dir='ltr'><strong>beatus</strong></span> <span class='ocrx_word' id='word_1_384' title='bbox 1986 1951 2088 2008; x_wconf 86' lang='lat' dir='ltr'><strong>Job</strong></span> <span class='ocrx_word' id='word_1_385' title='bbox 2121 1967 2235 2008; x_wconf 94' lang='lat' dir='ltr'><strong>non</strong></span> <span class='ocrx_word' id='word_1_386' title='bbox 2262 1965 2319 2007; x_wconf 90' lang='lat' dir='ltr'><strong>se</strong></span> <span class='ocrx_word' id='word_1_387' title='bbox 2344 1947 2603 2006; x_wconf 87' lang='lat' dir='ltr'><strong>habuisse</strong></span> <span class='ocrx_word' id='word_1_388' title='bbox 2631 1947 2953 2019; x_wconf 84' lang='lat' dir='ltr'><strong>testiﬁcans,</strong></span> <span class='ocrx_word' id='word_1_389' title='bbox 2982 1947 3266 2023; x_wconf 88' lang='lat' dir='ltr'><strong>subjungit</strong></span> <span class='ocrx_word' id='word_1_390' title='bbox 3278 1946 3359 2006; x_wconf 89' lang='lat' dir='ltr'><strong>di-</strong></span> 
     </span>
    </p>
   </div>
   <div class='ocr_carea' id='block_1_49' title="bbox 1768 2058 1940 2103">
    <p class='ocr_par' dir='ltr' id='par_1_49' title="bbox 1768 2058 1940 2103">
     <span class='ocr_line' id='line_1_49' title="bbox 1768 2058 1940 2103; baseline -0.017 0"><span class='ocrx_word' id='word_1_391' title='bbox 1768 2058 1940 2103; x_wconf 72' lang='lat'><strong>08118:</strong></span> 
     </span>
    </p>
   </div>
   <div class='ocr_carea' id='block_1_50' title="bbox 2236 2129 2930 2206">
    <p class='ocr_par' dir='ltr' id='par_1_50' title="bbox 2236 2129 2930 2206">
     <span class='ocr_line' id='line_1_50' title="bbox 2236 2129 2930 2206; baseline -0.003 -16"><span class='ocrx_word' id='word_1_392' title='bbox 2236 2131 2462 2190; x_wconf 83' lang='lat' dir='ltr'><strong>CAPUT</strong></span> <span class='ocrx_word' id='word_1_393' title='bbox 2499 2133 2574 2190; x_wconf 89' lang='lat' dir='ltr'><strong>III</strong></span> <span class='ocrx_word' id='word_1_394' title='bbox 2612 2130 2751 2206; x_wconf 74' lang='grc' dir='ltr'><strong>[νει.</strong></span> <span class='ocrx_word' id='word_1_395' title='bbox 2792 2129 2930 2206; x_wconf 82' lang='lat' dir='ltr'><strong>Im.</strong></span> 
     </span>
    </p>
   </div>
   <div class='ocr_carea' id='block_1_51' title="bbox 1842 2217 3361 2292">
    <p class='ocr_par' dir='ltr' id='par_1_51' title="bbox 1842 2217 3361 2292">
     <span class='ocr_line' id='line_1_51' title="bbox 1842 2217 3361 2292; baseline -0.003 -12"><span class='ocrx_word' id='word_1_396' title='bbox 1842 2220 2009 2280; x_wconf 73' lang='lat' dir='ltr'><strong>Vens.</strong></span> <span class='ocrx_word' id='word_1_397' title='bbox 2041 2219 2131 2279; x_wconf 79' lang='lat'><strong>25.</strong></span> <span class='ocrx_word' id='word_1_398' title='bbox 2157 2250 2228 2264; x_wconf 92' lang='lat'><strong>—-</strong></span> <span class='ocrx_word' id='word_1_399' title='bbox 2257 2222 2316 2278; x_wconf 92' lang='lat' dir='ltr'><strong>Si</strong></span> <span class='ocrx_word' id='word_1_400' title='bbox 2347 2224 2551 2279; x_wconf 69' lang='lat' dir='ltr'><strong>laetatus</strong></span> <span class='ocrx_word' id='word_1_401' title='bbox 2579 2237 2694 2276; x_wconf 83' lang='lat' dir='ltr'><strong>sum</strong></span> <span class='ocrx_word' id='word_1_402' title='bbox 2738 2238 2896 2292; x_wconf 83' lang='lat' dir='ltr'><strong>super</strong></span> <span class='ocrx_word' id='word_1_403' title='bbox 2938 2219 3120 2276; x_wconf 88' lang='lat' dir='ltr'><strong>multis</strong></span> <span class='ocrx_word' id='word_1_404' title='bbox 3161 2217 3361 2276; x_wconf 75' lang='lat' dir='ltr'><strong>divitiis</strong></span> 
     </span>
    </p>
   </div>
   <div class='ocr_carea' id='block_1_52' title="bbox 1769 2311 3001 2384">
    <p class='ocr_par' dir='ltr' id='par_1_52' title="bbox 1769 2311 3001 2384">
     <span class='ocr_line' id='line_1_52' title="bbox 1769 2311 3001 2384; baseline -0.003 -14"><span class='ocrx_word' id='word_1_405' title='bbox 1769 2313 1919 2379; x_wconf 83' lang='lat' dir='ltr'><strong>meis,</strong></span> <span class='ocrx_word' id='word_1_406' title='bbox 1947 2318 1997 2367; x_wconf 89' lang='lat' dir='ltr'><strong>et</strong></span> <span class='ocrx_word' id='word_1_407' title='bbox 2019 2312 2146 2384; x_wconf 87' lang='lat' dir='ltr'><strong>quia</strong></span> <span class='ocrx_word' id='word_1_408' title='bbox 2167 2311 2409 2383; x_wconf 85' lang='lat' dir='ltr'><strong>plurima</strong></span> <span class='ocrx_word' id='word_1_409' title='bbox 2434 2311 2630 2383; x_wconf 87' lang='lat' dir='ltr'><strong>reperit</strong></span> <span class='ocrx_word' id='word_1_410' title='bbox 2654 2326 2843 2367; x_wconf 84' lang='lat' dir='ltr'><strong>manus</strong></span> <span class='ocrx_word' id='word_1_411' title='bbox 2868 2328 3001 2366; x_wconf 89' lang='lat' dir='ltr'><strong>mea.</strong></span> 
     </span>
    </p>
   </div>
   <div class='ocr_carea' id='block_1_53' title="bbox 1844 2398 3362 2471">
    <p class='ocr_par' dir='ltr' id='par_1_53' title="bbox 1844 2398 3362 2471">
     <span class='ocr_line' id='line_1_53' title="bbox 1844 2398 3362 2471; baseline -0.001 -15"><span class='ocrx_word' id='word_1_412' title='bbox 1844 2403 1897 2457; x_wconf 71' lang='grc' dir='ltr'>ὅ.</span> <span class='ocrx_word' id='word_1_413' title='bbox 1933 2401 2110 2456; x_wconf 83' lang='lat' dir='ltr'><strong>Sancti</strong></span> <span class='ocrx_word' id='word_1_414' title='bbox 2137 2401 2393 2456; x_wconf 85' lang='lat' dir='ltr'><strong>bonorum</strong></span> <span class='ocrx_word' id='word_1_415' title='bbox 2420 2401 2793 2471; x_wconf 86' lang='lat' dir='ltr'><strong>temporalium</strong></span> <span class='ocrx_word' id='word_1_416' title='bbox 2820 2416 2953 2455; x_wconf 83' lang='lat' dir='ltr'><strong>onus</strong></span> <span class='ocrx_word' id='word_1_417' title='bbox 2971 2406 3067 2455; x_wconf 89' lang='lat' dir='ltr'><strong>aut</strong></span> <span class='ocrx_word' id='word_1_418' title='bbox 3089 2398 3362 2470; x_wconf 80' lang='lat' dir='ltr'><strong>largime</strong></span> 
     </span>
    </p>
   </div>
   <div class='ocr_carea' id='block_1_54' title="bbox 1770 2489 3362 2564">
    <p class='ocr_par' dir='ltr' id='par_1_54' title="bbox 1770 2489 3362 2564">
     <span class='ocr_line' id='line_1_54' title="bbox 1770 2489 3362 2564; baseline -0.002 -18"><span class='ocrx_word' id='word_1_419' title='bbox 1770 2492 2105 2564; x_wconf 79' lang='lat' dir='ltr'><strong>partiuntur,</strong></span> <span class='ocrx_word' id='word_1_420' title='bbox 2124 2496 2219 2546; x_wconf 87' lang='lat' dir='ltr'><strong>aut</strong></span> <span class='ocrx_word' id='word_1_421' title='bbox 2237 2491 2603 2546; x_wconf 80' lang='lat' dir='ltr'><strong>contemnendo</strong></span> <span class='ocrx_word' id='word_1_422' title='bbox 2626 2494 2786 2545; x_wconf 88' lang='lat' dir='ltr'><strong>totum</strong></span> <span class='ocrx_word' id='word_1_423' title='bbox 2814 2490 3093 2562; x_wconf 82' lang='lat' dir='ltr'><strong>deponunt.</strong></span> <span class='ocrx_word' id='word_1_424' title='bbox 3124 2520 3194 2531; x_wconf 96' lang='lat'>—</span> <span class='ocrx_word' id='word_1_425' title='bbox 3214 2489 3362 2545; x_wconf 90' lang='lat' dir='ltr'><strong>San-</strong></span> 
     </span>
    </p>
   </div>
   <div class='ocr_carea' id='block_1_55' title="bbox 1774 2578 3359 2653">
    <p class='ocr_par' dir='ltr' id='par_1_55' title="bbox 1774 2578 3359 2653">
     <span class='ocr_line' id='line_1_55' title="bbox 1774 2578 3359 2653; baseline -0.002 -16"><span class='ocrx_word' id='word_1_426' title='bbox 1774 2581 1851 2637; x_wconf 89' lang='lat' dir='ltr'><strong>cti</strong></span> <span class='ocrx_word' id='word_1_427' title='bbox 1904 2580 2105 2653; x_wconf 86' lang='lat' dir='ltr'><strong>quippe</strong></span> <span class='ocrx_word' id='word_1_428' title='bbox 2160 2579 2269 2637; x_wconf 89' lang='lat' dir='ltr'><strong>viri</strong></span> <span class='ocrx_word' id='word_1_429' title='bbox 2309 2578 2369 2637; x_wconf 90' lang='lat' dir='ltr'><strong>in</strong></span> <span class='ocrx_word' id='word_1_430' title='bbox 2399 2579 2565 2652; x_wconf 87' lang='lat' dir='ltr'><strong>hujus</strong></span> <span class='ocrx_word' id='word_1_431' title='bbox 2594 2579 3049 2651; x_wconf 82' lang='lat' dir='ltr'><strong>peregrinationis</strong></span> <span class='ocrx_word' id='word_1_432' title='bbox 3092 2595 3359 2649; x_wconf 69' lang='lat' dir='ltr'><strong>aerumna,</strong></span> 
     </span>
    </p>
   </div>
   <div class='ocr_carea' id='block_1_56' title="bbox 1776 2666 3363 2743">
    <p class='ocr_par' dir='ltr' id='par_1_56' title="bbox 1776 2666 3363 2743">
     <span class='ocr_line' id='line_1_56' title="bbox 1776 2666 3363 2743; baseline -0.001 -18"><span class='ocrx_word' id='word_1_433' title='bbox 1776 2669 2037 2743; x_wconf 90' lang='lat' dir='ltr'><strong>quoniam</strong></span> <span class='ocrx_word' id='word_1_434' title='bbox 2067 2685 2186 2726; x_wconf 88' lang='lat' dir='ltr'><strong>eam</strong></span> <span class='ocrx_word' id='word_1_435' title='bbox 2237 2684 2402 2742; x_wconf 92' lang='lat' dir='ltr'><strong>quam</strong></span> <span class='ocrx_word' id='word_1_436' title='bbox 2450 2677 2715 2741; x_wconf 89' lang='lat' dir='ltr'><strong>appetunt</strong></span> <span class='ocrx_word' id='word_1_437' title='bbox 2754 2669 2936 2724; x_wconf 89' lang='lat' dir='ltr'><strong>adhuc</strong></span> <span class='ocrx_word' id='word_1_438' title='bbox 2982 2669 3242 2724; x_wconf 89' lang='lat' dir='ltr'><strong>creatoris</strong></span> <span class='ocrx_word' id='word_1_439' title='bbox 3275 2666 3363 2724; x_wconf 91' lang='lat' dir='ltr'><strong>sui</strong></span> 
     </span>
    </p>
   </div>
   <div class='ocr_carea' id='block_1_57' title="bbox 1776 2757 3363 2829">
    <p class='ocr_par' dir='ltr' id='par_1_57' title="bbox 1776 2757 3363 2829">
     <span class='ocr_line' id='line_1_57' title="bbox 1776 2757 3363 2829; baseline -0.001 -17"><span class='ocrx_word' id='word_1_440' title='bbox 1776 2758 2010 2829; x_wconf 90' lang='lat' dir='ltr'><strong>speciem</strong></span> <span class='ocrx_word' id='word_1_441' title='bbox 2040 2758 2399 2829; x_wconf 89' lang='lat' dir='ltr'><strong>contemplari</strong></span> <span class='ocrx_word' id='word_1_442' title='bbox 2429 2758 2659 2813; x_wconf 89' lang='lat' dir='ltr'><strong>minime</strong></span> <span class='ocrx_word' id='word_1_443' title='bbox 2679 2757 2958 2826; x_wconf 87' lang='lat' dir='ltr'><strong>sinuntur,</strong></span> <span class='ocrx_word' id='word_1_444' title='bbox 2988 2772 3209 2812; x_wconf 91' lang='lat' dir='ltr'><strong>omnem</strong></span> <span class='ocrx_word' id='word_1_445' title='bbox 3230 2771 3363 2828; x_wconf 76' lang='lat' dir='ltr'><strong>prae-</strong></span> 
     </span>
    </p>
   </div>
   <div class='ocr_carea' id='block_1_58' title="bbox 1777 2844 3366 2918">
    <p class='ocr_par' dir='ltr' id='par_1_58' title="bbox 1777 2844 3366 2918">
     <span class='ocr_line' id='line_1_58' title="bbox 1777 2844 3366 2918; baseline 0 -17"><span class='ocrx_word' id='word_1_446' title='bbox 1777 2846 1946 2901; x_wconf 89' lang='lat' dir='ltr'><strong>sentis</strong></span> <span class='ocrx_word' id='word_1_447' title='bbox 1962 2846 2088 2901; x_wconf 82' lang='lat' dir='ltr'><strong>vitae</strong></span> <span class='ocrx_word' id='word_1_448' title='bbox 2112 2846 2325 2916; x_wconf 89' lang='lat' dir='ltr'><strong>copiam</strong></span> <span class='ocrx_word' id='word_1_449' title='bbox 2351 2845 2595 2915; x_wconf 77' lang='lat' dir='ltr'><strong>impiam</strong></span> <span class='ocrx_word' id='word_1_450' title='bbox 2633 2844 2915 2918; x_wconf 88' lang='lat' dir='ltr'><strong>deputant,</strong></span> <span class='ocrx_word' id='word_1_451' title='bbox 2947 2844 3077 2917; x_wconf 90' lang='lat' dir='ltr'><strong>quia</strong></span> <span class='ocrx_word' id='word_1_452' title='bbox 3105 2844 3366 2901; x_wconf 87' lang='lat' dir='ltr'><strong>videlicet</strong></span> 
     </span>
    </p>
   </div>
   <div class='ocr_carea' id='block_1_59' title="bbox 1778 2933 3365 3005">
    <p class='ocr_par' dir='ltr' id='par_1_59' title="bbox 1778 2933 3365 3005">
     <span class='ocr_line' id='line_1_59' title="bbox 1778 2933 3365 3005; baseline 0.001 -18"><span class='ocrx_word' id='word_1_453' title='bbox 1778 2934 1856 2988; x_wconf 90' lang='lat' dir='ltr'><strong>nil</strong></span> <span class='ocrx_word' id='word_1_454' title='bbox 1892 2941 2047 2988; x_wconf 90' lang='lat' dir='ltr'><strong>extra</strong></span> <span class='ocrx_word' id='word_1_455' title='bbox 2074 2935 2247 2988; x_wconf 88' lang='lat' dir='ltr'><strong>Deum</strong></span> <span class='ocrx_word' id='word_1_456' title='bbox 2278 2933 2481 2988; x_wconf 83' lang='lat' dir='ltr'><strong>suﬁicit</strong></span> <span class='ocrx_word' id='word_1_457' title='bbox 2526 2938 2695 2988; x_wconf 84' lang='lat' dir='ltr'><strong>menti</strong></span> <span class='ocrx_word' id='word_1_458' title='bbox 2728 2950 2848 3005; x_wconf 65' lang='lat' dir='ltr'><strong>quas</strong></span> <span class='ocrx_word' id='word_1_459' title='bbox 2886 2935 3153 2989; x_wconf 87' lang='lat' dir='ltr'><strong>veraciter</strong></span> <span class='ocrx_word' id='word_1_460' title='bbox 3188 2936 3365 2990; x_wconf 89' lang='lat' dir='ltr'><strong>Deum</strong></span> 
     </span>
    </p>
   </div>
   <div class='ocr_carea' id='block_1_60' title="bbox 1778 3020 3368 3096">
    <p class='ocr_par' dir='ltr' id='par_1_60' title="bbox 1778 3020 3368 3096">
     <span class='ocr_line' id='line_1_60' title="bbox 1778 3020 3368 3096; baseline 0.001 -20"><span class='ocrx_word' id='word_1_461' title='bbox 1778 3022 2005 3096; x_wconf 82' lang='lat' dir='ltr'><strong>quaerit;</strong></span> <span class='ocrx_word' id='word_1_462' title='bbox 2030 3029 2084 3076; x_wconf 91' lang='lat' dir='ltr'><strong>et</strong></span> <span class='ocrx_word' id='word_1_463' title='bbox 2112 3022 2432 3094; x_wconf 90' lang='lat' dir='ltr'><strong>plerumque</strong></span> <span class='ocrx_word' id='word_1_464' title='bbox 2449 3020 2528 3075; x_wconf 90' lang='lat' dir='ltr'><strong>eis</strong></span> <span class='ocrx_word' id='word_1_465' title='bbox 2556 3021 2670 3092; x_wconf 90' lang='lat' dir='ltr'><strong>ipsa</strong></span> <span class='ocrx_word' id='word_1_466' title='bbox 2699 3036 2798 3076; x_wconf 90' lang='lat' dir='ltr'><strong>sua</strong></span> <span class='ocrx_word' id='word_1_467' title='bbox 2824 3020 3162 3077; x_wconf 90' lang='lat' dir='ltr'><strong>abundantia</strong></span> <span class='ocrx_word' id='word_1_468' title='bbox 3185 3023 3247 3077; x_wconf 89' lang='lat' dir='ltr'><strong>ﬁt</strong></span> <span class='ocrx_word' id='word_1_469' title='bbox 3274 3037 3368 3079; x_wconf 88' lang='lat' dir='ltr'><strong>ve-</strong></span> 
     </span>
    </p>
   </div>
   <div class='ocr_carea' id='block_1_61' title="bbox 1777 3109 3364 3182">
    <p class='ocr_par' dir='ltr' id='par_1_61' title="bbox 1777 3109 3364 3182">
     <span class='ocr_line' id='line_1_61' title="bbox 1777 3109 3364 3182; baseline 0 -16"><span class='ocrx_word' id='word_1_470' title='bbox 1777 3110 2061 3167; x_wconf 70' lang='lat' dir='ltr'><strong>hementer</strong></span> <span class='ocrx_word' id='word_1_471' title='bbox 2086 3125 2333 3178; x_wconf 89' lang='lat' dir='ltr'><strong>onerosa,</strong></span> <span class='ocrx_word' id='word_1_472' title='bbox 2354 3109 2484 3182; x_wconf 88' lang='lat' dir='ltr'><strong>quia</strong></span> <span class='ocrx_word' id='word_1_473' title='bbox 2511 3110 2617 3165; x_wconf 92' lang='lat' dir='ltr'><strong>hoc</strong></span> <span class='ocrx_word' id='word_1_474' title='bbox 2634 3109 2814 3181; x_wconf 90' lang='lat' dir='ltr'><strong>ipsum</strong></span> <span class='ocrx_word' id='word_1_475' title='bbox 2843 3109 3080 3181; x_wconf 79' lang='lat' dir='ltr'><strong>graviter</strong></span> <span class='ocrx_word' id='word_1_476' title='bbox 3107 3110 3364 3182; x_wconf 89' lang='lat' dir='ltr'><strong>tolerant,</strong></span> 
     </span>
    </p>
   </div>
   <div class='ocr_carea' id='block_1_62' title="bbox 101 3196 3364 3291">
    <p class='ocr_par' dir='ltr' id='par_1_62' title="bbox 101 3196 3364 3291">
     <span class='ocr_line' id='line_1_62' title="bbox 101 3196 3364 3291; baseline -0.002 -26"><span class='ocrx_word' id='word_1_477' title='bbox 101 3224 207 3282; x_wconf 86' lang='lat' dir='ltr'><strong>ergo</strong></span> <span class='ocrx_word' id='word_1_478' title='bbox 235 3212 317 3265; x_wconf 84' lang='lat' dir='ltr'><strong>vir</strong></span> <span class='ocrx_word' id='word_1_479' title='bbox 347 3227 452 3265; x_wconf 89' lang='lat' dir='ltr'><strong>nec</strong></span> <span class='ocrx_word' id='word_1_480' title='bbox 483 3226 676 3263; x_wconf 89' lang='lat' dir='ltr'><strong>aurum</strong></span> <span class='ocrx_word' id='word_1_481' title='bbox 720 3209 909 3274; x_wconf 88' lang='lat' dir='ltr'><strong>robur,</strong></span> <span class='ocrx_word' id='word_1_482' title='bbox 953 3223 1055 3264; x_wconf 88' lang='lat' dir='ltr'><strong>nec</strong></span> <span class='ocrx_word' id='word_1_483' title='bbox 1094 3206 1198 3262; x_wconf 91' lang='lat' dir='ltr'><strong>sibi</strong></span> <span class='ocrx_word' id='word_1_484' title='bbox 1238 3223 1351 3261; x_wconf 87' lang='lat' dir='ltr'><strong>esse</strong></span> <span class='ocrx_word' id='word_1_485' title='bbox 1381 3205 1667 3278; x_wconf 86' lang='lat' dir='ltr'><strong>obryzum,</strong></span> <span class='ocrx_word' id='word_1_486' title='bbox 1699 3226 1744 3291; x_wconf 71' lang='grc' dir='ltr'>ο</span> <span class='ocrx_word' id='word_1_487' title='bbox 1779 3200 1923 3271; x_wconf 88' lang='lat' dir='ltr'><strong>quod</strong></span> <span class='ocrx_word' id='word_1_488' title='bbox 1944 3197 2266 3255; x_wconf 82' lang='lat' dir='ltr'><strong>festinantes</strong></span> <span class='ocrx_word' id='word_1_489' title='bbox 2280 3196 2348 3253; x_wconf 90' lang='lat' dir='ltr'><strong>ad</strong></span> <span class='ocrx_word' id='word_1_490' title='bbox 2368 3197 2599 3270; x_wconf 89' lang='lat' dir='ltr'><strong>patriam</strong></span> <span class='ocrx_word' id='word_1_491' title='bbox 2621 3197 2678 3252; x_wconf 91' lang='lat' dir='ltr'><strong>in</strong></span> <span class='ocrx_word' id='word_1_492' title='bbox 2701 3196 2897 3252; x_wconf 90' lang='lat' dir='ltr'><strong>itinere</strong></span> <span class='ocrx_word' id='word_1_493' title='bbox 2918 3198 3093 3253; x_wconf 89' lang='lat' dir='ltr'><strong>multa</strong></span> <span class='ocrx_word' id='word_1_494' title='bbox 3119 3206 3364 3270; x_wconf 88' lang='lat' dir='ltr'><strong>portant.</strong></span> 
     </span>
    </p>
   </div>
   <div class='ocr_carea' id='block_1_63' title="bbox 99 3295 1665 3368">
    <p class='ocr_par' dir='ltr' id='par_1_63' title="bbox 99 3295 1665 3368">
     <span class='ocr_line' id='line_1_63' title="bbox 99 3295 1665 3368; baseline -0.005 -12"><span class='ocrx_word' id='word_1_495' title='bbox 99 3298 146 3356; x_wconf 89' lang='lat' dir='ltr'><strong>id</strong></span> <span class='ocrx_word' id='word_1_496' title='bbox 171 3309 242 3355; x_wconf 89' lang='lat' dir='ltr'><strong>est</strong></span> <span class='ocrx_word' id='word_1_497' title='bbox 259 3299 413 3355; x_wconf 89' lang='lat' dir='ltr'><strong>rudis</strong></span> <span class='ocrx_word' id='word_1_498' title='bbox 443 3299 562 3353; x_wconf 89' lang='lat' dir='ltr'><strong>auri</strong></span> <span class='ocrx_word' id='word_1_499' title='bbox 583 3299 780 3353; x_wconf 89' lang='lat' dir='ltr'><strong>molem</strong></span> <span class='ocrx_word' id='word_1_500' title='bbox 805 3298 1063 3354; x_wconf 86' lang='lat' dir='ltr'><strong>ﬁduciam</strong></span> <span class='ocrx_word' id='word_1_501' title='bbox 1091 3296 1349 3363; x_wconf 89' lang='lat' dir='ltr'><strong>credidit,</strong></span> <span class='ocrx_word' id='word_1_502' title='bbox 1371 3295 1499 3368; x_wconf 89' lang='lat' dir='ltr'><strong>quia</strong></span> <span class='ocrx_word' id='word_1_503' title='bbox 1514 3311 1665 3365; x_wconf 87' lang='lat' dir='ltr'><strong>spem</strong></span> 
     </span>
    </p>
   </div>
   <div class='ocr_carea' id='block_1_64' title="bbox 97 3383 1667 3461">
    <p class='ocr_par' dir='ltr' id='par_1_64' title="bbox 97 3383 1667 3461">
     <span class='ocr_line' id='line_1_64' title="bbox 97 3383 1667 3461; baseline -0.004 -18"><span class='ocrx_word' id='word_1_504' title='bbox 97 3388 116 3423; x_wconf 87' lang='grc'>³</span> <span class='ocrx_word' id='word_1_505' title='bbox 136 3396 282 3461; x_wconf 89' lang='lat' dir='ltr'><strong>atque</strong></span> <span class='ocrx_word' id='word_1_506' title='bbox 312 3388 731 3445; x_wconf 85' lang='lat' dir='ltr'><strong>delectationem</strong></span> <span class='ocrx_word' id='word_1_507' title='bbox 755 3404 907 3443; x_wconf 87' lang='lat' dir='ltr'><strong>suam</strong></span> <span class='ocrx_word' id='word_1_508' title='bbox 936 3389 994 3443; x_wconf 91' lang='lat' dir='ltr'><strong>in</strong></span> <span class='ocrx_word' id='word_1_509' title='bbox 1025 3386 1195 3442; x_wconf 90' lang='lat' dir='ltr'><strong>solius</strong></span> <span class='ocrx_word' id='word_1_510' title='bbox 1224 3385 1395 3458; x_wconf 88' lang='lat' dir='ltr'><strong>gratia</strong></span> <span class='ocrx_word' id='word_1_511' title='bbox 1421 3383 1667 3440; x_wconf 88' lang='lat' dir='ltr'><strong>condito-</strong></span> 
     </span>
    </p>
   </div>
   <div class='ocr_carea' id='block_1_65' title="bbox 96 3472 1667 3550">
    <p class='ocr_par' dir='ltr' id='par_1_65' title="bbox 96 3472 1667 3550">
     <span class='ocr_line' id='line_1_65' title="bbox 96 3472 1667 3550; baseline -0.003 -17"><span class='ocrx_word' id='word_1_512' title='bbox 96 3475 158 3533; x_wconf 87' lang='lat' dir='ltr'><strong>ris</strong></span> <span class='ocrx_word' id='word_1_513' title='bbox 180 3478 365 3549; x_wconf 86' lang='lat' dir='ltr'><strong>ﬁgens,</strong></span> <span class='ocrx_word' id='word_1_514' title='bbox 395 3493 573 3548; x_wconf 89' lang='lat' dir='ltr'><strong>neque</strong></span> <span class='ocrx_word' id='word_1_515' title='bbox 599 3477 665 3532; x_wconf 88' lang='lat' dir='ltr'><strong>de</strong></span> <span class='ocrx_word' id='word_1_516' title='bbox 696 3477 998 3550; x_wconf 85' lang='lat' dir='ltr'><strong>quantitate</strong></span> <span class='ocrx_word' id='word_1_517' title='bbox 1028 3476 1171 3546; x_wconf 88' lang='lat' dir='ltr'><strong>auri,</strong></span> <span class='ocrx_word' id='word_1_518' title='bbox 1191 3490 1367 3547; x_wconf 90' lang='lat' dir='ltr'><strong>neque</strong></span> <span class='ocrx_word' id='word_1_519' title='bbox 1395 3473 1461 3529; x_wconf 91' lang='lat' dir='ltr'><strong>de</strong></span> <span class='ocrx_word' id='word_1_520' title='bbox 1490 3472 1667 3545; x_wconf 89' lang='lat' dir='ltr'><strong>specie</strong></span> 
     </span>
    </p>
   </div>
   <div class='ocr_carea' id='block_1_66' title="bbox 95 3564 1666 3639">
    <p class='ocr_par' dir='ltr' id='par_1_66' title="bbox 95 3564 1666 3639">
     <span class='ocr_line' id='line_1_66' title="bbox 95 3564 1666 3639; baseline -0.003 -17"><span class='ocrx_word' id='word_1_521' title='bbox 95 3566 334 3637; x_wconf 71' lang='lat' dir='ltr'><strong>peccavit.</strong></span> <span class='ocrx_word' id='word_1_522' title='bbox 354 3568 432 3621; x_wconf 91' lang='lat' dir='ltr'><strong>De</strong></span> <span class='ocrx_word' id='word_1_523' title='bbox 461 3574 700 3621; x_wconf 88' lang='lat' dir='ltr'><strong>creatore</strong></span> <span class='ocrx_word' id='word_1_524' title='bbox 722 3567 922 3639; x_wconf 88' lang='lat' dir='ltr'><strong>quippe</strong></span> <span class='ocrx_word' id='word_1_525' title='bbox 951 3567 1262 3638; x_wconf 86' lang='lat' dir='ltr'><strong>desperasse</strong></span> <span class='ocrx_word' id='word_1_526' title='bbox 1290 3564 1488 3632; x_wconf 87' lang='lat' dir='ltr'><strong>fuerat,</strong></span> <span class='ocrx_word' id='word_1_527' title='bbox 1514 3579 1666 3634; x_wconf 86' lang='lat' dir='ltr'><strong>spem</strong></span> 
     </span>
    </p>
   </div>
   <div class='ocr_carea' id='block_1_67' title="bbox 95 3652 1667 3726">
    <p class='ocr_par' dir='ltr' id='par_1_67' title="bbox 95 3652 1667 3726">
     <span class='ocr_line' id='line_1_67' title="bbox 95 3652 1667 3726; baseline 0 -17"><span class='ocrx_word' id='word_1_528' title='bbox 95 3653 141 3709; x_wconf 87' lang='lat' dir='ltr'><strong>in</strong></span> <span class='ocrx_word' id='word_1_529' title='bbox 166 3665 405 3711; x_wconf 85' lang='lat' dir='ltr'><strong>creatura</strong></span> <span class='ocrx_word' id='word_1_530' title='bbox 456 3656 717 3726; x_wconf 86' lang='lat' dir='ltr'><strong>posuisse.</strong></span> <span class='ocrx_word' id='word_1_531' title='bbox 761 3657 822 3710; x_wconf 89' lang='lat' dir='ltr'><strong>In</strong></span> <span class='ocrx_word' id='word_1_532' title='bbox 868 3656 1029 3711; x_wconf 89' lang='lat' dir='ltr'><strong>rebus</strong></span> <span class='ocrx_word' id='word_1_533' title='bbox 1070 3662 1250 3710; x_wconf 87' lang='lat' dir='ltr'><strong>autem</strong></span> <span class='ocrx_word' id='word_1_534' title='bbox 1295 3652 1477 3709; x_wconf 90' lang='lat' dir='ltr'><strong>dubiis</strong></span> <span class='ocrx_word' id='word_1_535' title='bbox 1518 3669 1667 3725; x_wconf 89' lang='lat' dir='ltr'><strong>spem</strong></span> 
     </span>
    </p>
   </div>
   <div class='ocr_carea' id='block_1_68' title="bbox 96 3741 1671 3814">
    <p class='ocr_par' dir='ltr' id='par_1_68' title="bbox 96 3741 1671 3814">
     <span class='ocr_line' id='line_1_68' title="bbox 96 3741 1671 3814; baseline -0.003 -15"><span class='ocrx_word' id='word_1_536' title='bbox 96 3743 267 3799; x_wconf 85' lang='lat' dir='ltr'><strong>ﬁxerat</strong></span> <span class='ocrx_word' id='word_1_537' title='bbox 293 3744 453 3799; x_wconf 88' lang='lat' dir='ltr'><strong>dives</strong></span> <span class='ocrx_word' id='word_1_538' title='bbox 481 3743 593 3811; x_wconf 89' lang='lat' dir='ltr'><strong>ille,</strong></span> <span class='ocrx_word' id='word_1_539' title='bbox 624 3742 719 3814; x_wconf 87' lang='lat' dir='ltr'><strong>qui</strong></span> <span class='ocrx_word' id='word_1_540' title='bbox 749 3743 964 3799; x_wconf 88' lang='lat' dir='ltr'><strong>dicebat</strong></span> <span class='ocrx_word' id='word_1_541' title='bbox 1014 3760 1025 3797; x_wconf 95' lang='lat'>:</span> <span class='ocrx_word' id='word_1_542' title='bbox 1076 3743 1294 3809; x_wconf 80' lang='lat' dir='ltr'><strong>Anima,</strong></span> <span class='ocrx_word' id='word_1_543' title='bbox 1323 3741 1474 3797; x_wconf 81' lang='lat' dir='ltr'><strong>habes</strong></span> <span class='ocrx_word' id='word_1_544' title='bbox 1500 3743 1671 3796; x_wconf 85' lang='lat' dir='ltr'><strong>multa</strong></span> 
     </span>
    </p>
   </div>
   <div class='ocr_carea' id='block_1_69' title="bbox 100 3829 1670 3903">
    <p class='ocr_par' dir='ltr' id='par_1_69' title="bbox 100 3829 1670 3903">
     <span class='ocr_line' id='line_1_69' title="bbox 100 3829 1670 3903; baseline -0.001 -16"><span class='ocrx_word' id='word_1_545' title='bbox 100 3831 212 3887; x_wconf 69' lang='lat' dir='ltr'><strong>bella</strong></span> <span class='ocrx_word' id='word_1_546' title='bbox 238 3836 258 3867; x_wconf 69' lang='lat'><strong>‘</strong></span> <span class='ocrx_word' id='word_1_547' title='bbox 290 3833 525 3903; x_wconf 86' lang='lat' dir='ltr'><strong>reposita</strong></span> <span class='ocrx_word' id='word_1_548' title='bbox 554 3832 611 3885; x_wconf 85' lang='lat' dir='ltr'><strong>in</strong></span> <span class='ocrx_word' id='word_1_549' title='bbox 638 3848 804 3885; x_wconf 85' lang='lat' dir='ltr'><strong>annos</strong></span> <span class='ocrx_word' id='word_1_550' title='bbox 833 3830 1118 3901; x_wconf 86' lang='lat' dir='ltr'><strong>plurimos,</strong></span> <span class='ocrx_word' id='word_1_551' title='bbox 1145 3831 1420 3901; x_wconf 81' lang='lat' dir='ltr'><strong>requiesce,</strong></span> <span class='ocrx_word' id='word_1_552' title='bbox 1449 3829 1670 3896; x_wconf 80' lang='lat' dir='ltr'><strong>comede,</strong></span> 
     </span>
    </p>
   </div>
   <div class='ocr_carea' id='block_1_70' title="bbox 98 3918 1670 3992">
    <p class='ocr_par' dir='ltr' id='par_1_70' title="bbox 98 3918 1670 3992">
     <span class='ocr_line' id='line_1_70' title="bbox 98 3918 1670 3992; baseline 0 -17"><span class='ocrx_word' id='word_1_553' title='bbox 98 3919 204 3985; x_wconf 81' lang='lat' dir='ltr'><strong>bibe,</strong></span> <span class='ocrx_word' id='word_1_554' title='bbox 230 3924 475 3992; x_wconf 85' lang='lat' dir='ltr'><strong>epulare.</strong></span> <span class='ocrx_word' id='word_1_555' title='bbox 514 3919 614 3973; x_wconf 86' lang='lat' dir='ltr'><strong>Sed</strong></span> <span class='ocrx_word' id='word_1_556' title='bbox 641 3918 775 3971; x_wconf 86' lang='lat' dir='ltr'><strong>hunc</strong></span> <span class='ocrx_word' id='word_1_557' title='bbox 800 3934 1031 3989; x_wconf 80' lang='lat' dir='ltr'><strong>superna</strong></span> <span class='ocrx_word' id='word_1_558' title='bbox 1054 3936 1158 3974; x_wconf 71' lang='lat' dir='ltr'><strong>vos:</strong></span> <span class='ocrx_word' id='word_1_559' title='bbox 1176 3920 1431 3991; x_wconf 86' lang='lat' dir='ltr'><strong>increpat,</strong></span> <span class='ocrx_word' id='word_1_560' title='bbox 1458 3920 1633 3975; x_wconf 81' lang='lat' dir='ltr'><strong>dicens</strong></span> <span class='ocrx_word' id='word_1_561' title='bbox 1650 3936 1670 3975; x_wconf 90' lang='lat'><strong><em>:</em></strong></span> 
     </span>
    </p>
   </div>
   <div class='ocr_carea' id='block_1_71' title="bbox 101 4007 1673 4079">
    <p class='ocr_par' dir='ltr' id='par_1_71' title="bbox 101 4007 1673 4079">
     <span class='ocr_line' id='line_1_71' title="bbox 101 4007 1673 4079; baseline -0.002 -13"><span class='ocrx_word' id='word_1_562' title='bbox 101 4008 263 4078; x_wconf 82' lang='lat' dir='ltr'><strong>Stulte,</strong></span> <span class='ocrx_word' id='word_1_563' title='bbox 281 4012 382 4063; x_wconf 81' lang='lat' dir='ltr'><strong>hac</strong></span> <span class='ocrx_word' id='word_1_564' title='bbox 397 4013 543 4061; x_wconf 80' lang='lat' dir='ltr'><strong>nocte</strong></span> <span class='ocrx_word' id='word_1_565' title='bbox 556 4007 789 4061; x_wconf 85' lang='lat' dir='ltr'><strong>animam</strong></span> <span class='ocrx_word' id='word_1_566' title='bbox 806 4013 948 4062; x_wconf 87' lang='lat' dir='ltr'><strong>tuam</strong></span> <span class='ocrx_word' id='word_1_567' title='bbox 964 4014 1200 4078; x_wconf 78' lang='lat' dir='ltr'><strong>repetunt</strong></span> <span class='ocrx_word' id='word_1_568' title='bbox 1216 4026 1249 4063; x_wconf 89' lang='lat' dir='ltr'><strong>a</strong></span> <span class='ocrx_word' id='word_1_569' title='bbox 1267 4015 1311 4062; x_wconf 89' lang='lat' dir='ltr'><strong>te</strong></span> <span class='ocrx_word' id='word_1_570' title='bbox 1327 4026 1347 4073; x_wconf 88' lang='lat'><strong>;</strong></span> <span class='ocrx_word' id='word_1_571' title='bbox 1366 4023 1483 4079; x_wconf 62' lang='lat' dir='ltr'><strong>qua!</strong></span> <span class='ocrx_word' id='word_1_572' title='bbox 1498 4012 1673 4063; x_wconf 81' lang='lat' dir='ltr'><strong>autem</strong></span> 
     </span>
    </p>
   </div>
   <div class='ocr_carea' id='block_1_72' title="bbox 95 4095 1670 4169">
    <p class='ocr_par' dir='ltr' id='par_1_72' title="bbox 95 4095 1670 4169">
     <span class='ocr_line' id='line_1_72' title="bbox 95 4095 1670 4169; baseline -0.002 -15"><span class='ocrx_word' id='word_1_573' title='bbox 95 4099 298 4169; x_wconf 83' lang='lat' dir='ltr'><strong>parasti,</strong></span> <span class='ocrx_word' id='word_1_574' title='bbox 338 4095 495 4164; x_wconf 66' lang='lat' dir='ltr'><strong>cujus</strong></span> <span class='ocrx_word' id='word_1_575' title='bbox 518 4101 673 4149; x_wconf 82' lang='lat' dir='ltr'><strong>erunt</strong></span> <span class='ocrx_word' id='word_1_576' title='bbox 699 4096 859 4167; x_wconf 90' lang='lat' dir='ltr'><strong>(Luc.</strong></span> <span class='ocrx_word' id='word_1_577' title='bbox 877 4111 983 4162; x_wconf 83' lang='lat' dir='ltr'><strong>xu,</strong></span> <span class='ocrx_word' id='word_1_578' title='bbox 1018 4096 1106 4161; x_wconf 79' lang='grc'><strong>19,</strong></span> <span class='ocrx_word' id='word_1_579' title='bbox 1122 4096 1213 4168; x_wconf 90' lang='lat'><strong>20)</strong></span> <span class='ocrx_word' id='word_1_580' title='bbox 1246 4097 1276 4154; x_wconf 77' lang='lat' dir='ltr'><strong>‘l</strong></span> <span class='ocrx_word' id='word_1_581' title='bbox 1303 4096 1507 4152; x_wconf 87' lang='lat' dir='ltr'><strong>Eadem</strong></span> <span class='ocrx_word' id='word_1_582' title='bbox 1520 4096 1670 4153; x_wconf 86' lang='lat' dir='ltr'><strong>enim</strong></span> 
     </span>
    </p>
   </div>
   <div class='ocr_carea' id='block_1_73' title="bbox 98 4183 1675 4257">
    <p class='ocr_par' dir='ltr' id='par_1_73' title="bbox 98 4183 1675 4257">
     <span class='ocr_line' id='line_1_73' title="bbox 98 4183 1675 4257; baseline -0.001 -14"><span class='ocrx_word' id='word_1_583' title='bbox 98 4196 234 4253; x_wconf 83' lang='lat' dir='ltr'><strong>nocte</strong></span> <span class='ocrx_word' id='word_1_584' title='bbox 259 4187 514 4246; x_wconf 89' lang='lat' dir='ltr'><strong>sublatus</strong></span> <span class='ocrx_word' id='word_1_585' title='bbox 563 4190 668 4250; x_wconf 91' lang='lat' dir='ltr'><strong>est,</strong></span> <span class='ocrx_word' id='word_1_586' title='bbox 701 4185 795 4257; x_wconf 89' lang='lat' dir='ltr'><strong>qui</strong></span> <span class='ocrx_word' id='word_1_587' title='bbox 847 4185 908 4241; x_wconf 91' lang='lat' dir='ltr'><strong>in</strong></span> <span class='ocrx_word' id='word_1_588' title='bbox 957 4200 1141 4242; x_wconf 89' lang='lat' dir='ltr'><strong>rerum</strong></span> <span class='ocrx_word' id='word_1_589' title='bbox 1196 4185 1303 4242; x_wconf 86' lang='lat' dir='ltr'><strong>sibi</strong></span> <span class='ocrx_word' id='word_1_590' title='bbox 1336 4183 1675 4242; x_wconf 84' lang='lat' dir='ltr'><strong>abundantia</strong></span> 
     </span>
    </p>
   </div>
   <div class='ocr_carea' id='block_1_74' title="bbox 101 4274 1674 4348">
    <p class='ocr_par' dir='ltr' id='par_1_74' title="bbox 101 4274 1674 4348">
     <span class='ocr_line' id='line_1_74' title="bbox 101 4274 1674 4348; baseline 0 -16"><span class='ocrx_word' id='word_1_591' title='bbox 101 4278 254 4335; x_wconf 85' lang='lat' dir='ltr'><strong>multa</strong></span> <span class='ocrx_word' id='word_1_592' title='bbox 282 4284 537 4347; x_wconf 89' lang='lat' dir='ltr'><strong>tempora</strong></span> <span class='ocrx_word' id='word_1_593' title='bbox 564 4274 744 4331; x_wconf 87' lang='lat' dir='ltr'><strong>fuerat</strong></span> <span class='ocrx_word' id='word_1_594' title='bbox 776 4276 1137 4346; x_wconf 60' lang='lat' dir='ltr'><strong>praestolatus,</strong></span> <span class='ocrx_word' id='word_1_595' title='bbox 1167 4283 1231 4331; x_wconf 91' lang='lat' dir='ltr'><strong>ut</strong></span> <span class='ocrx_word' id='word_1_596' title='bbox 1260 4275 1471 4331; x_wconf 89' lang='lat' dir='ltr'><strong>scilicet</strong></span> <span class='ocrx_word' id='word_1_597' title='bbox 1495 4274 1592 4348; x_wconf 88' lang='lat' dir='ltr'><strong>qui</strong></span> <span class='ocrx_word' id='word_1_598' title='bbox 1613 4275 1674 4332; x_wconf 85' lang='lat' dir='ltr'><strong>in</strong></span> 
     </span>
    </p>
   </div>
   <div class='ocr_carea' id='block_1_75' title="bbox 100 4361 1673 4438">
    <p class='ocr_par' dir='ltr' id='par_1_75' title="bbox 100 4361 1673 4438">
     <span class='ocr_line' id='line_1_75' title="bbox 100 4361 1673 4438; baseline 0 -17"><span class='ocrx_word' id='word_1_599' title='bbox 100 4361 299 4438; x_wconf 84' lang='lat' dir='ltr'><strong>longum</strong></span> <span class='ocrx_word' id='word_1_600' title='bbox 336 4364 447 4422; x_wconf 86' lang='lat' dir='ltr'><strong>sibi</strong></span> <span class='ocrx_word' id='word_1_601' title='bbox 478 4363 727 4420; x_wconf 86' lang='lat' dir='ltr'><strong>subsidia</strong></span> <span class='ocrx_word' id='word_1_602' title='bbox 752 4364 1060 4436; x_wconf 90' lang='lat' dir='ltr'><strong>colligendo</strong></span> <span class='ocrx_word' id='word_1_603' title='bbox 1088 4365 1442 4437; x_wconf 87' lang='lat' dir='ltr'><strong>prospiceret,</strong></span> <span class='ocrx_word' id='word_1_604' title='bbox 1471 4364 1673 4421; x_wconf 88' lang='lat' dir='ltr'><strong>subse—</strong></span> 
     </span>
    </p>
   </div>
   <div class='ocr_carea' id='block_1_76' title="bbox 99 4453 1673 4527">
    <p class='ocr_par' dir='ltr' id='par_1_76' title="bbox 99 4453 1673 4527">
     <span class='ocr_line' id='line_1_76' title="bbox 99 4453 1673 4527; baseline -0.002 -16"><span class='ocrx_word' id='word_1_605' title='bbox 99 4463 335 4527; x_wconf 83' lang='lat' dir='ltr'><strong>quentem</strong></span> <span class='ocrx_word' id='word_1_606' title='bbox 371 4454 521 4511; x_wconf 85' lang='lat' dir='ltr'><strong>diem</strong></span> <span class='ocrx_word' id='word_1_607' title='bbox 558 4453 644 4507; x_wconf 88' lang='lat' dir='ltr'><strong>vel</strong></span> <span class='ocrx_word' id='word_1_608' title='bbox 673 4467 847 4508; x_wconf 92' lang='lat' dir='ltr'><strong>unum</strong></span> <span class='ocrx_word' id='word_1_609' title='bbox 883 4453 1112 4509; x_wconf 89' lang='lat' dir='ltr'><strong>minime</strong></span> <span class='ocrx_word' id='word_1_610' title='bbox 1150 4454 1381 4509; x_wconf 89' lang='lat' dir='ltr'><strong>videret.</strong></span> <span class='ocrx_word' id='word_1_611' title='bbox 1418 4453 1584 4521; x_wconf 89' lang='lat' dir='ltr'><strong>Quasi</strong></span> <span class='ocrx_word' id='word_1_612' title='bbox 1612 4453 1673 4509; x_wconf 88' lang='lat' dir='ltr'><strong>in</strong></span> 
     </span>
    </p>
   </div>
   <div class='ocr_carea' id='block_1_77' title="bbox 1780 3283 3368 3357">
    <p class='ocr_par' dir='ltr' id='par_1_77' title="bbox 1780 3283 3368 3357">
     <span class='ocr_line' id='line_1_77' title="bbox 1780 3283 3368 3357; baseline 0 -14"><span class='ocrx_word' id='word_1_613' title='bbox 1780 3288 1944 3344; x_wconf 85' lang='lat' dir='ltr'><strong>Unde</strong></span> <span class='ocrx_word' id='word_1_614' title='bbox 1962 3286 2024 3341; x_wconf 88' lang='lat' dir='ltr'><strong>ﬁt</strong></span> <span class='ocrx_word' id='word_1_615' title='bbox 2050 3294 2111 3341; x_wconf 91' lang='lat' dir='ltr'><strong>ut</strong></span> <span class='ocrx_word' id='word_1_616' title='bbox 2153 3285 2269 3341; x_wconf 63' lang='lat' dir='ltr'><strong>haec</strong></span> <span class='ocrx_word' id='word_1_617' title='bbox 2297 3301 2421 3341; x_wconf 91' lang='lat' dir='ltr'><strong>cum</strong></span> <span class='ocrx_word' id='word_1_618' title='bbox 2471 3283 2846 3355; x_wconf 85' lang='lat' dir='ltr'><strong>indigentibus</strong></span> <span class='ocrx_word' id='word_1_619' title='bbox 2875 3286 3143 3357; x_wconf 89' lang='lat' dir='ltr'><strong>proximis</strong></span> <span class='ocrx_word' id='word_1_620' title='bbox 3170 3286 3368 3345; x_wconf 87' lang='lat' dir='ltr'><strong>devote</strong></span> 
     </span>
    </p>
   </div>
   <div class='ocr_carea' id='block_1_78' title="bbox 1776 3370 3365 3448">
    <p class='ocr_par' dir='ltr' id='par_1_78' title="bbox 1776 3370 3365 3448">
     <span class='ocr_line' id='line_1_78' title="bbox 1776 3370 3365 3448; baseline 0 -17"><span class='ocrx_word' id='word_1_621' title='bbox 1776 3374 2102 3448; x_wconf 90' lang='lat' dir='ltr'><strong>partiantur,</strong></span> <span class='ocrx_word' id='word_1_622' title='bbox 2120 3380 2388 3446; x_wconf 90' lang='lat' dir='ltr'><strong>quatenus</strong></span> <span class='ocrx_word' id='word_1_623' title='bbox 2403 3370 2534 3427; x_wconf 91' lang='lat' dir='ltr'><strong>dum</strong></span> <span class='ocrx_word' id='word_1_624' title='bbox 2566 3371 2735 3428; x_wconf 91' lang='lat' dir='ltr'><strong>sumit</strong></span> <span class='ocrx_word' id='word_1_625' title='bbox 2764 3370 2865 3428; x_wconf 89' lang='lat' dir='ltr'><strong>iste</strong></span> <span class='ocrx_word' id='word_1_626' title='bbox 2887 3371 3033 3445; x_wconf 91' lang='lat' dir='ltr'><strong>quod</strong></span> <span class='ocrx_word' id='word_1_627' title='bbox 3051 3390 3162 3431; x_wconf 89' lang='lat' dir='ltr'><strong>non</strong></span> <span class='ocrx_word' id='word_1_628' title='bbox 3182 3373 3365 3444; x_wconf 89' lang='lat' dir='ltr'><strong>habet,</strong></span> 
     </span>
    </p>
   </div>
   <div class='ocr_carea' id='block_1_79' title="bbox 1778 3460 3371 3537">
    <p class='ocr_par' dir='ltr' id='par_1_79' title="bbox 1778 3460 3371 3537">
     <span class='ocr_line' id='line_1_79' title="bbox 1778 3460 3371 3537; baseline 0 -17"><span class='ocrx_word' id='word_1_629' title='bbox 1778 3465 2014 3537; x_wconf 91' lang='lat' dir='ltr'><strong>deponat</strong></span> <span class='ocrx_word' id='word_1_630' title='bbox 2041 3464 2134 3519; x_wconf 90' lang='lat' dir='ltr'><strong>ille</strong></span> <span class='ocrx_word' id='word_1_631' title='bbox 2179 3462 2326 3535; x_wconf 91' lang='lat' dir='ltr'><strong>quod</strong></span> <span class='ocrx_word' id='word_1_632' title='bbox 2358 3461 2595 3535; x_wconf 90' lang='lat' dir='ltr'><strong>amplius</strong></span> <span class='ocrx_word' id='word_1_633' title='bbox 2641 3460 2908 3530; x_wconf 90' lang='lat' dir='ltr'><strong>habebat;</strong></span> <span class='ocrx_word' id='word_1_634' title='bbox 2943 3479 3044 3521; x_wconf 89' lang='lat' dir='ltr'><strong>nec</strong></span> <span class='ocrx_word' id='word_1_635' title='bbox 3082 3463 3371 3521; x_wconf 88' lang='lat' dir='ltr'><strong>conviator</strong></span> 
     </span>
    </p>
   </div>
   <div class='ocr_carea' id='block_1_80' title="bbox 1777 3549 3369 3624">
    <p class='ocr_par' dir='ltr' id='par_1_80' title="bbox 1777 3549 3369 3624">
     <span class='ocr_line' id='line_1_80' title="bbox 1777 3549 3369 3624; baseline 0 -17"><span class='ocrx_word' id='word_1_636' title='bbox 1777 3570 1984 3610; x_wconf 89' lang='lat' dir='ltr'><strong>vacuus</strong></span> <span class='ocrx_word' id='word_1_637' title='bbox 2011 3550 2275 3620; x_wconf 88' lang='lat' dir='ltr'><strong>ambulet,</strong></span> <span class='ocrx_word' id='word_1_638' title='bbox 2297 3567 2399 3607; x_wconf 89' lang='lat' dir='ltr'><strong>nec</strong></span> <span class='ocrx_word' id='word_1_639' title='bbox 2418 3566 2543 3606; x_wconf 89' lang='lat' dir='ltr'><strong>eum</strong></span> <span class='ocrx_word' id='word_1_640' title='bbox 2574 3566 2735 3623; x_wconf 89' lang='lat' dir='ltr'><strong>quem</strong></span> <span class='ocrx_word' id='word_1_641' title='bbox 2770 3549 3045 3606; x_wconf 89' lang='lat' dir='ltr'><strong>retardare</strong></span> <span class='ocrx_word' id='word_1_642' title='bbox 3075 3551 3134 3607; x_wconf 92' lang='lat' dir='ltr'><strong>in</strong></span> <span class='ocrx_word' id='word_1_643' title='bbox 3155 3552 3245 3607; x_wconf 88' lang='lat' dir='ltr'><strong>via</strong></span> <span class='ocrx_word' id='word_1_644' title='bbox 3276 3568 3369 3624; x_wconf 92' lang='lat' dir='ltr'><strong>po-</strong></span> 
     </span>
    </p>
   </div>
   <div class='ocr_carea' id='block_1_81' title="bbox 1777 3638 3369 3712">
    <p class='ocr_par' dir='ltr' id='par_1_81' title="bbox 1777 3638 3369 3712">
     <span class='ocr_line' id='line_1_81' title="bbox 1777 3638 3369 3712; baseline -0.001 -15"><span class='ocrx_word' id='word_1_645' title='bbox 1777 3647 1919 3697; x_wconf 90' lang='lat' dir='ltr'><strong>terat</strong></span> <span class='ocrx_word' id='word_1_646' title='bbox 1945 3640 2179 3697; x_wconf 90' lang='lat' dir='ltr'><strong>nimium</strong></span> <span class='ocrx_word' id='word_1_647' title='bbox 2210 3656 2349 3696; x_wconf 91' lang='lat' dir='ltr'><strong>onus</strong></span> <span class='ocrx_word' id='word_1_648' title='bbox 2364 3639 2751 3712; x_wconf 89' lang='lat' dir='ltr'><strong>gravet.Electi</strong></span> <span class='ocrx_word' id='word_1_649' title='bbox 2771 3656 2898 3711; x_wconf 87' lang='lat' dir='ltr'><strong>ergo</strong></span> <span class='ocrx_word' id='word_1_650' title='bbox 2918 3638 2984 3695; x_wconf 90' lang='lat' dir='ltr'><strong>de</strong></span> <span class='ocrx_word' id='word_1_651' title='bbox 3012 3640 3184 3695; x_wconf 89' lang='lat' dir='ltr'><strong>multa</strong></span> <span class='ocrx_word' id='word_1_652' title='bbox 3199 3640 3369 3696; x_wconf 89' lang='lat' dir='ltr'><strong>abun-</strong></span> 
     </span>
    </p>
   </div>
   <div class='ocr_carea' id='block_1_82' title="bbox 1778 3726 3371 3801">
    <p class='ocr_par' dir='ltr' id='par_1_82' title="bbox 1778 3726 3371 3801">
     <span class='ocr_line' id='line_1_82' title="bbox 1778 3726 3371 3801; baseline -0.001 -15"><span class='ocrx_word' id='word_1_653' title='bbox 1778 3726 1968 3787; x_wconf 86' lang='lat' dir='ltr'><strong>dantia</strong></span> <span class='ocrx_word' id='word_1_654' title='bbox 1998 3728 2227 3783; x_wconf 88' lang='lat' dir='ltr'><strong>minime</strong></span> <span class='ocrx_word' id='word_1_655' title='bbox 2275 3733 2420 3792; x_wconf 84' lang='lat'><strong>699</strong></span> <span class='ocrx_word' id='word_1_656' title='bbox 2451 3727 2729 3796; x_wconf 69' lang='lat' dir='ltr'><strong>laetantur,</strong></span> <span class='ocrx_word' id='word_1_657' title='bbox 2775 3744 2938 3801; x_wconf 89' lang='lat' dir='ltr'><strong>quam</strong></span> <span class='ocrx_word' id='word_1_658' title='bbox 2987 3727 3243 3783; x_wconf 88' lang='lat' dir='ltr'><strong>videlicet</strong></span> <span class='ocrx_word' id='word_1_659' title='bbox 3270 3744 3371 3801; x_wconf 90' lang='lat' dir='ltr'><strong>pro</strong></span> 
     </span>
    </p>
   </div>
   <div class='ocr_carea' id='block_1_83' title="bbox 1779 3825 3368 3901">
    <p class='ocr_par' dir='ltr' id='par_1_83' title="bbox 1779 3825 3368 3901">
     <span class='ocr_line' id='line_1_83' title="bbox 1779 3825 3368 3901; baseline -0.001 -14"><span class='ocrx_word' id='word_1_660' title='bbox 1779 3844 1965 3887; x_wconf 82' lang='lat' dir='ltr'><strong>amore</strong></span> <span class='ocrx_word' id='word_1_661' title='bbox 1993 3827 2228 3885; x_wconf 74' lang='lat' dir='ltr'><strong>cmlestis</strong></span> <span class='ocrx_word' id='word_1_662' title='bbox 2257 3826 2576 3898; x_wconf 90' lang='lat' dir='ltr'><strong>patrimonii</strong></span> <span class='ocrx_word' id='word_1_663' title='bbox 2603 3835 2699 3883; x_wconf 90' lang='lat' dir='ltr'><strong>aut</strong></span> <span class='ocrx_word' id='word_1_664' title='bbox 2727 3826 3007 3899; x_wconf 89' lang='lat' dir='ltr'><strong>largiendo</strong></span> <span class='ocrx_word' id='word_1_665' title='bbox 3027 3825 3368 3901; x_wconf 89' lang='lat' dir='ltr'><strong>dispergunt,</strong></span> 
     </span>
    </p>
   </div>
   <div class='ocr_carea' id='block_1_84' title="bbox 1780 3915 2895 3990">
    <p class='ocr_par' dir='ltr' id='par_1_84' title="bbox 1780 3915 2895 3990">
     <span class='ocr_line' id='line_1_84' title="bbox 1780 3915 2895 3990; baseline -0.002 -14"><span class='ocrx_word' id='word_1_666' title='bbox 1780 3926 1876 3976; x_wconf 78' lang='lat' dir='ltr'><strong>aut</strong></span> <span class='ocrx_word' id='word_1_667' title='bbox 1895 3916 2247 3990; x_wconf 80' lang='lat' dir='ltr'><strong>despicienda</strong></span> <span class='ocrx_word' id='word_1_668' title='bbox 2275 3915 2553 3972; x_wconf 88' lang='lat' dir='ltr'><strong>deserunt.</strong></span> <span class='ocrx_word' id='word_1_669' title='bbox 2585 3916 2846 3988; x_wconf 88' lang='lat' dir='ltr'><strong>Sequitur</strong></span> <span class='ocrx_word' id='word_1_670' title='bbox 2879 3933 2895 3974; x_wconf 87' lang='lat'><strong>:</strong></span> 
     </span>
    </p>
   </div>
   <div class='ocr_carea' id='block_1_85' title="bbox 2398 4002 2759 4060">
    <p class='ocr_par' dir='ltr' id='par_1_85' title="bbox 2398 4002 2759 4060">
     <span class='ocr_line' id='line_1_85' title="bbox 2398 4002 2759 4060; baseline 0 0"><span class='ocrx_word' id='word_1_671' title='bbox 2398 4002 2625 4060; x_wconf 84' lang='lat' dir='ltr'><strong>CAPUT</strong></span> <span class='ocrx_word' id='word_1_672' title='bbox 2663 4003 2759 4060; x_wconf 86' lang='lat' dir='ltr'><strong>IV.</strong></span> 
     </span>
    </p>
   </div>
   <div class='ocr_carea' id='block_1_86' title="bbox 1852 4090 3372 4163">
    <p class='ocr_par' dir='ltr' id='par_1_86' title="bbox 1852 4090 3372 4163">
     <span class='ocr_line' id='line_1_86' title="bbox 1852 4090 3372 4163; baseline -0.003 -8"><span class='ocrx_word' id='word_1_673' title='bbox 1852 4095 2024 4155; x_wconf 74' lang='lat' dir='ltr'><strong>Vnus.</strong></span> <span class='ocrx_word' id='word_1_674' title='bbox 2042 4092 2229 4153; x_wconf 80' lang='lat'><strong>26-28.</strong></span> <span class='ocrx_word' id='word_1_675' title='bbox 2244 4122 2315 4134; x_wconf 93' lang='lat'><strong><em>—</em></strong></span> <span class='ocrx_word' id='word_1_676' title='bbox 2339 4091 2400 4150; x_wconf 91' lang='lat' dir='ltr'><strong>Si</strong></span> <span class='ocrx_word' id='word_1_677' title='bbox 2424 4090 2534 4146; x_wconf 75' lang='lat' dir='ltr'><strong>vidi</strong></span> <span class='ocrx_word' id='word_1_678' title='bbox 2558 4092 2716 4147; x_wconf 80' lang='lat' dir='ltr'><strong>solem</strong></span> <span class='ocrx_word' id='word_1_679' title='bbox 2727 4108 2844 4148; x_wconf 88' lang='lat' dir='ltr'><strong>cum</strong></span> <span class='ocrx_word' id='word_1_680' title='bbox 2862 4090 3105 4163; x_wconf 80' lang='lat' dir='ltr'><strong>fulgeret,</strong></span> <span class='ocrx_word' id='word_1_681' title='bbox 3126 4099 3174 4149; x_wconf 87' lang='lat' dir='ltr'><strong>et</strong></span> <span class='ocrx_word' id='word_1_682' title='bbox 3190 4094 3372 4151; x_wconf 84' lang='lat' dir='ltr'><strong>lunam</strong></span> 
     </span>
    </p>
   </div>
   <div class='ocr_carea' id='block_1_87' title="bbox 1779 4181 3374 4245">
    <p class='ocr_par' dir='ltr' id='par_1_87' title="bbox 1779 4181 3374 4245">
     <span class='ocr_line' id='line_1_87' title="bbox 1779 4181 3374 4245; baseline -0.004 -2"><span class='ocrx_word' id='word_1_683' title='bbox 1779 4186 2093 4243; x_wconf 80' lang='lat' dir='ltr'><strong>incedentem</strong></span> <span class='ocrx_word' id='word_1_684' title='bbox 2140 4184 2317 4245; x_wconf 86' lang='lat' dir='ltr'><strong>clare;</strong></span> <span class='ocrx_word' id='word_1_685' title='bbox 2353 4187 2401 4238; x_wconf 91' lang='lat' dir='ltr'><strong>et</strong></span> <span class='ocrx_word' id='word_1_686' title='bbox 2455 4181 2686 4237; x_wconf 60' lang='lat' dir='ltr'><strong>lentatum</strong></span> <span class='ocrx_word' id='word_1_687' title='bbox 2725 4187 2799 4236; x_wconf 87' lang='lat' dir='ltr'><strong>est</strong></span> <span class='ocrx_word' id='word_1_688' title='bbox 2841 4181 2899 4236; x_wconf 78' lang='lat' dir='ltr'><strong>in</strong></span> <span class='ocrx_word' id='word_1_689' title='bbox 2930 4181 3228 4237; x_wconf 82' lang='lat' dir='ltr'><strong>abscondito</strong></span> <span class='ocrx_word' id='word_1_690' title='bbox 3279 4198 3374 4238; x_wconf 88' lang='lat' dir='ltr'><strong>cor</strong></span> 
     </span>
    </p>
   </div>
   <div class='ocr_carea' id='block_1_88' title="bbox 1781 4273 3370 4344">
    <p class='ocr_par' dir='ltr' id='par_1_88' title="bbox 1781 4273 3370 4344">
     <span class='ocr_line' id='line_1_88' title="bbox 1781 4273 3370 4344; baseline -0.001 -12"><span class='ocrx_word' id='word_1_691' title='bbox 1781 4292 1973 4341; x_wconf 84' lang='lat' dir='ltr'><strong>meum,</strong></span> <span class='ocrx_word' id='word_1_692' title='bbox 2001 4280 2049 4329; x_wconf 87' lang='lat' dir='ltr'><strong>et</strong></span> <span class='ocrx_word' id='word_1_693' title='bbox 2073 4273 2339 4329; x_wconf 84' lang='lat' dir='ltr'><strong>osculatus</strong></span> <span class='ocrx_word' id='word_1_694' title='bbox 2367 4288 2484 4327; x_wconf 83' lang='lat' dir='ltr'><strong>sum</strong></span> <span class='ocrx_word' id='word_1_695' title='bbox 2509 4288 2726 4327; x_wconf 83' lang='lat' dir='ltr'><strong>manum</strong></span> <span class='ocrx_word' id='word_1_696' title='bbox 2765 4288 2934 4327; x_wconf 88' lang='lat' dir='ltr'><strong>meam</strong></span> <span class='ocrx_word' id='word_1_697' title='bbox 2958 4289 3048 4327; x_wconf 82' lang='lat' dir='ltr'><strong>ore</strong></span> <span class='ocrx_word' id='word_1_698' title='bbox 3074 4289 3207 4339; x_wconf 86' lang='lat' dir='ltr'><strong>meo,</strong></span> <span class='ocrx_word' id='word_1_699' title='bbox 3249 4288 3370 4344; x_wconf 63' lang='lat' dir='ltr'><strong>qua</strong></span> 
     </span>
    </p>
   </div>
   <div class='ocr_carea' id='block_1_89' title="bbox 1782 4360 3374 4436">
    <p class='ocr_par' dir='ltr' id='par_1_89' title="bbox 1782 4360 3374 4436">
     <span class='ocr_line' id='line_1_89' title="bbox 1782 4360 3374 4436; baseline -0.003 -14"><span class='ocrx_word' id='word_1_700' title='bbox 1782 4372 1856 4422; x_wconf 79' lang='lat' dir='ltr'><strong>est</strong></span> <span class='ocrx_word' id='word_1_701' title='bbox 1880 4364 2133 4436; x_wconf 79' lang='lat' dir='ltr'><strong>iniquitas</strong></span> <span class='ocrx_word' id='word_1_702' title='bbox 2162 4360 2422 4427; x_wconf 70' lang='lat' dir='ltr'><strong>mxima,</strong></span> <span class='ocrx_word' id='word_1_703' title='bbox 2452 4366 2501 4417; x_wconf 90' lang='lat' dir='ltr'><strong>et</strong></span> <span class='ocrx_word' id='word_1_704' title='bbox 2525 4361 2730 4432; x_wconf 83' lang='lat' dir='ltr'><strong>negatio</strong></span> <span class='ocrx_word' id='word_1_705' title='bbox 2757 4367 2942 4418; x_wconf 79' lang='lat' dir='ltr'><strong>contra</strong></span> <span class='ocrx_word' id='word_1_706' title='bbox 2963 4362 3135 4419; x_wconf 83' lang='lat' dir='ltr'><strong>Deum</strong></span> <span class='ocrx_word' id='word_1_707' title='bbox 3160 4360 3374 4419; x_wconf 82' lang='lat' dir='ltr'><strong>altissi-</strong></span> 
     </span>
    </p>
   </div>
   <div class='ocr_carea' id='block_1_90' title="bbox 1781 4470 1945 4510">
    <p class='ocr_par' dir='ltr' id='par_1_90' title="bbox 1781 4470 1945 4510">
     <span class='ocr_line' id='line_1_90' title="bbox 1781 4470 1945 4510; baseline -0.006 0"><span class='ocrx_word' id='word_1_708' title='bbox 1781 4470 1945 4510; x_wconf 84' lang='lat' dir='ltr'><strong>mum.</strong></span> 
     </span>
    </p>
   </div>
   <div class='ocr_carea' id='block_1_91' title="bbox 100 4540 3377 4640">
    <p class='ocr_par' dir='ltr' id='par_1_91' title="bbox 100 4540 3377 4640">
     <span class='ocr_line' id='line_1_91' title="bbox 100 4540 3377 4640; baseline -0 -40"><span class='ocrx_word' id='word_1_709' title='bbox 100 4542 237 4615; x_wconf 73' lang='lat' dir='ltr'><strong>aquis</strong></span> <span class='ocrx_word' id='word_1_710' title='bbox 262 4544 412 4600; x_wconf 88' lang='lat' dir='ltr'><strong>enim</strong></span> <span class='ocrx_word' id='word_1_711' title='bbox 442 4541 813 4599; x_wconf 90' lang='lat' dir='ltr'><strong>deﬂuentibus</strong></span> <span class='ocrx_word' id='word_1_712' title='bbox 839 4541 1261 4597; x_wconf 90' lang='lat' dir='ltr'><strong>fundamentum</strong></span> <span class='ocrx_word' id='word_1_713' title='bbox 1293 4556 1493 4614; x_wconf 89' lang='lat' dir='ltr'><strong>ponere</strong></span> <span class='ocrx_word' id='word_1_714' title='bbox 1512 4550 1594 4598; x_wconf 89' lang='lat' dir='ltr'><strong>est</strong></span> <span class='ocrx_word' id='word_1_715' title='bbox 1612 4542 1672 4597; x_wconf 92' lang='lat' dir='ltr'><strong>in</strong></span> <span class='ocrx_word' id='word_1_716' title='bbox 1698 4576 1752 4640; x_wconf 64' lang='grc' dir='ltr'><strong><em>Β</em></strong></span> <span class='ocrx_word' id='word_1_717' title='bbox 1852 4543 1906 4602; x_wconf 83' lang='grc'><strong>6.</strong></span> <span class='ocrx_word' id='word_1_718' title='bbox 1936 4544 2129 4601; x_wconf 77' lang='lat' dir='ltr'><strong>Sensus</strong></span> <span class='ocrx_word' id='word_1_719' title='bbox 2153 4547 2407 4607; x_wconf 81' lang='lat' dir='ltr'><strong>coercent,</strong></span> <span class='ocrx_word' id='word_1_720' title='bbox 2430 4546 2480 4597; x_wconf 90' lang='lat' dir='ltr'><strong>et</strong></span> <span class='ocrx_word' id='word_1_721' title='bbox 2502 4541 2746 4597; x_wconf 83' lang='lat' dir='ltr'><strong>continuo</strong></span> <span class='ocrx_word' id='word_1_722' title='bbox 2773 4540 2951 4598; x_wconf 86' lang='lat' dir='ltr'><strong>studio</strong></span> <span class='ocrx_word' id='word_1_723' title='bbox 2986 4541 3133 4598; x_wconf 79' lang='lat' dir='ltr'><strong>intra</strong></span> <span class='ocrx_word' id='word_1_724' title='bbox 3158 4548 3377 4599; x_wconf 83' lang='lat' dir='ltr'><strong>mentem</strong></span> 
     </span>
    </p>
   </div>
   <div class='ocr_carea' id='block_1_92' title="bbox 100 4630 3377 4704">
    <p class='ocr_par' dir='ltr' id='par_1_92' title="bbox 100 4630 3377 4704">
     <span class='ocr_line' id='line_1_92' title="bbox 100 4630 3377 4704; baseline 0 -17"><span class='ocrx_word' id='word_1_725' title='bbox 100 4630 243 4689; x_wconf 84' lang='lat' dir='ltr'><strong>rebus</strong></span> <span class='ocrx_word' id='word_1_726' title='bbox 270 4632 585 4689; x_wconf 86' lang='lat' dir='ltr'><strong>labentibus</strong></span> <span class='ocrx_word' id='word_1_727' title='bbox 613 4632 727 4702; x_wconf 91' lang='lat' dir='ltr'><strong>spei</strong></span> <span class='ocrx_word' id='word_1_728' title='bbox 748 4630 1006 4687; x_wconf 87' lang='lat' dir='ltr'><strong>ﬁduciam</strong></span> <span class='ocrx_word' id='word_1_729' title='bbox 1038 4632 1176 4686; x_wconf 90' lang='lat' dir='ltr'><strong>velle</strong></span> <span class='ocrx_word' id='word_1_730' title='bbox 1203 4631 1458 4687; x_wconf 85' lang='lat' dir='ltr'><strong>solidare.</strong></span> <span class='ocrx_word' id='word_1_731' title='bbox 1484 4631 1674 4687; x_wconf 88' lang='lat' dir='ltr'><strong>Stante</strong></span> <span class='ocrx_word' id='word_1_732' title='bbox 1699 4630 1746 4640; x_wconf 78' lang='lat'>&quot;</span> <span class='ocrx_word' id='word_1_733' title='bbox 1782 4648 1933 4688; x_wconf 72' lang='lat' dir='ltr'><strong>sitam</strong></span> <span class='ocrx_word' id='word_1_734' title='bbox 1957 4648 2009 4687; x_wconf 83' lang='lat' dir='ltr'><strong>ss</strong></span> <span class='ocrx_word' id='word_1_735' title='bbox 2034 4632 2303 4701; x_wconf 85' lang='lat' dir='ltr'><strong>colligunt.</strong></span> <span class='ocrx_word' id='word_1_736' title='bbox 2321 4661 2392 4671; x_wconf 97' lang='lat'>—</span> <span class='ocrx_word' id='word_1_737' title='bbox 2417 4632 2695 4687; x_wconf 89' lang='lat' dir='ltr'><strong>Incertum</strong></span> <span class='ocrx_word' id='word_1_738' title='bbox 2724 4647 2836 4688; x_wconf 92' lang='lat' dir='ltr'><strong>non</strong></span> <span class='ocrx_word' id='word_1_739' title='bbox 2865 4638 2947 4687; x_wconf 83' lang='lat' dir='ltr'><strong>est</strong></span> <span class='ocrx_word' id='word_1_740' title='bbox 2974 4630 3119 4704; x_wconf 88' lang='lat' dir='ltr'><strong>quod</strong></span> <span class='ocrx_word' id='word_1_741' title='bbox 3146 4638 3377 4703; x_wconf 88' lang='lat' dir='ltr'><strong>utraque</strong></span> 
     </span>
    </p>
   </div>
   <div class='ocr_carea' id='block_1_93' title="bbox 99 4714 1675 4791">
    <p class='ocr_par' dir='ltr' id='par_1_93' title="bbox 99 4714 1675 4791">
     <span class='ocr_line' id='line_1_93' title="bbox 99 4714 1675 4791; baseline -0.001 -16"><span class='ocrx_word' id='word_1_742' title='bbox 99 4717 229 4774; x_wconf 77' lang='lat' dir='ltr'><strong>enim</strong></span> <span class='ocrx_word' id='word_1_743' title='bbox 268 4720 328 4775; x_wconf 89' lang='lat' dir='ltr'><strong>in</strong></span> <span class='ocrx_word' id='word_1_744' title='bbox 370 4726 699 4791; x_wconf 88' lang='lat' dir='ltr'><strong>perpetuum</strong></span> <span class='ocrx_word' id='word_1_745' title='bbox 740 4719 876 4785; x_wconf 92' lang='lat' dir='ltr'><strong>Deo,</strong></span> <span class='ocrx_word' id='word_1_746' title='bbox 907 4725 1197 4773; x_wconf 89' lang='lat' dir='ltr'><strong>transeunt</strong></span> <span class='ocrx_word' id='word_1_747' title='bbox 1240 4718 1445 4775; x_wconf 88' lang='lat' dir='ltr'><strong>omnia.</strong></span> <span class='ocrx_word' id='word_1_748' title='bbox 1476 4720 1499 4755; x_wconf 81' lang='grc'><strong><em>⁵</em></strong></span> <span class='ocrx_word' id='word_1_749' title='bbox 1527 4714 1675 4786; x_wconf 89' lang='lat' dir='ltr'><strong>Quid</strong></span> 
     </span>
    </p>
   </div>
   <div class='ocr_carea' id='block_1_94' title="bbox 100 4804 1674 4878">
    <p class='ocr_par' dir='ltr' id='par_1_94' title="bbox 100 4804 1674 4878">
     <span class='ocr_line' id='line_1_94' title="bbox 100 4804 1674 4878; baseline -0.001 -15"><span class='ocrx_word' id='word_1_750' title='bbox 100 4815 211 4878; x_wconf 72' lang='lat' dir='ltr'><strong>ergo</strong></span> <span class='ocrx_word' id='word_1_751' title='bbox 227 4824 260 4863; x_wconf 90' lang='lat' dir='ltr'><strong>a</strong></span> <span class='ocrx_word' id='word_1_752' title='bbox 283 4815 463 4863; x_wconf 82' lang='lat' dir='ltr'><strong>stante</strong></span> <span class='ocrx_word' id='word_1_753' title='bbox 492 4807 682 4878; x_wconf 86' lang='lat' dir='ltr'><strong>fugere</strong></span> <span class='ocrx_word' id='word_1_754' title='bbox 712 4812 815 4873; x_wconf 89' lang='lat' dir='ltr'><strong>est,</strong></span> <span class='ocrx_word' id='word_1_755' title='bbox 836 4804 944 4859; x_wconf 90' lang='lat' dir='ltr'><strong>nisi</strong></span> <span class='ocrx_word' id='word_1_756' title='bbox 966 4806 1380 4861; x_wconf 89' lang='lat' dir='ltr'><strong>transeuntibus</strong></span> <span class='ocrx_word' id='word_1_757' title='bbox 1407 4806 1569 4862; x_wconf 90' lang='lat' dir='ltr'><strong>rebus</strong></span> <span class='ocrx_word' id='word_1_758' title='bbox 1592 4806 1674 4862; x_wconf 88' lang='lat' dir='ltr'><strong>in-</strong></span> 
     </span>
    </p>
   </div>
   <div class='ocr_carea' id='block_1_95' title="bbox 105 4887 1679 4967">
    <p class='ocr_par' dir='ltr' id='par_1_95' title="bbox 105 4887 1679 4967">
     <span class='ocr_line' id='line_1_95' title="bbox 105 4887 1679 4967; baseline -0.003 -13"><span class='ocrx_word' id='word_1_759' title='bbox 105 4887 287 4953; x_wconf 60' lang='lat' dir='ltr'><strong>buere</strong></span> <span class='ocrx_word' id='word_1_760' title='bbox 318 4900 345 4954; x_wconf 68' lang='grc' dir='ltr'>τ</span> <span class='ocrx_word' id='word_1_761' title='bbox 376 4894 515 4965; x_wconf 86' lang='lat' dir='ltr'><strong>Quis</strong></span> <span class='ocrx_word' id='word_1_762' title='bbox 541 4909 777 4967; x_wconf 89' lang='lat' dir='ltr'><strong>namque</strong></span> <span class='ocrx_word' id='word_1_763' title='bbox 799 4908 1041 4965; x_wconf 89' lang='lat' dir='ltr'><strong>unquam</strong></span> <span class='ocrx_word' id='word_1_764' title='bbox 1071 4894 1474 4950; x_wconf 89' lang='lat' dir='ltr'><strong>decurrentiam</strong></span> <span class='ocrx_word' id='word_1_765' title='bbox 1497 4894 1679 4951; x_wconf 82' lang='lat' dir='ltr'><strong>ﬁumi-</strong></span> 
     </span>
    </p>
   </div>
   <div class='ocr_carea' id='block_1_96' title="bbox 102 4984 1680 5057">
    <p class='ocr_par' dir='ltr' id='par_1_96' title="bbox 102 4984 1680 5057">
     <span class='ocr_line' id='line_1_96' title="bbox 102 4984 1680 5057; baseline 0.001 -16"><span class='ocrx_word' id='word_1_766' title='bbox 102 4987 465 5043; x_wconf 86' lang='lat' dir='ltr'><strong>numtumidis</strong></span> <span class='ocrx_word' id='word_1_767' title='bbox 498 4989 520 5024; x_wconf 78' lang='grc'>⁸</span> <span class='ocrx_word' id='word_1_768' title='bbox 549 4986 852 5042; x_wconf 89' lang='lat' dir='ltr'><strong>vorticibus</strong></span> <span class='ocrx_word' id='word_1_769' title='bbox 880 4991 1067 5055; x_wconf 87' lang='lat' dir='ltr'><strong>raptus</strong></span> <span class='ocrx_word' id='word_1_770' title='bbox 1111 4999 1333 5041; x_wconf 89' lang='lat' dir='ltr'><strong>manere</strong></span> <span class='ocrx_word' id='word_1_771' title='bbox 1373 4987 1488 5057; x_wconf 89' lang='lat' dir='ltr'><strong>ipse</strong></span> <span class='ocrx_word' id='word_1_772' title='bbox 1533 4984 1680 5042; x_wconf 89' lang='lat' dir='ltr'><strong>ﬁxus</strong></span> 
     </span>
    </p>
   </div>
   <div class='ocr_carea' id='block_1_97' title="bbox 101 5072 1681 5146">
    <p class='ocr_par' dir='ltr' id='par_1_97' title="bbox 101 5072 1681 5146">
     <span class='ocr_line' id='line_1_97' title="bbox 101 5072 1681 5146; baseline -0.002 -13"><span class='ocrx_word' id='word_1_773' title='bbox 101 5075 280 5146; x_wconf 78' lang='lat' dir='ltr'><strong>potuit,</strong></span> <span class='ocrx_word' id='word_1_774' title='bbox 308 5076 567 5133; x_wconf 87' lang='lat' dir='ltr'><strong>deorsum</strong></span> <span class='ocrx_word' id='word_1_775' title='bbox 589 5075 737 5132; x_wconf 89' lang='lat' dir='ltr'><strong>unda</strong></span> <span class='ocrx_word' id='word_1_776' title='bbox 766 5073 1039 5130; x_wconf 88' lang='lat' dir='ltr'><strong>deﬂuente</strong></span> <span class='ocrx_word' id='word_1_777' title='bbox 1070 5072 1099 5130; x_wconf 70' lang='lat' dir='ltr'><strong>‘i</strong></span> <span class='ocrx_word' id='word_1_778' title='bbox 1126 5073 1390 5146; x_wconf 88' lang='lat' dir='ltr'><strong>Quisquis</strong></span> <span class='ocrx_word' id='word_1_779' title='bbox 1417 5088 1547 5145; x_wconf 88' lang='lat' dir='ltr'><strong>ergo</strong></span> <span class='ocrx_word' id='word_1_780' title='bbox 1571 5074 1681 5130; x_wconf 88' lang='lat' dir='ltr'><strong>de-</strong></span> 
     </span>
    </p>
   </div>
   <div class='ocr_carea' id='block_1_98' title="bbox 99 5155 1680 5237">
    <p class='ocr_par' dir='ltr' id='par_1_98' title="bbox 99 5155 1680 5237">
     <span class='ocr_line' id='line_1_98' title="bbox 99 5155 1680 5237; baseline -0.002 -17"><span class='ocrx_word' id='word_1_781' title='bbox 99 5155 253 5220; x_wconf 74' lang='lat' dir='ltr'><strong>ﬂuere</strong></span> <span class='ocrx_word' id='word_1_782' title='bbox 276 5165 508 5233; x_wconf 86' lang='lat' dir='ltr'><strong>devitat,</strong></span> <span class='ocrx_word' id='word_1_783' title='bbox 530 5171 778 5237; x_wconf 88' lang='lat' dir='ltr'><strong>superest</strong></span> <span class='ocrx_word' id='word_1_784' title='bbox 804 5170 866 5219; x_wconf 91' lang='lat' dir='ltr'><strong>ut</strong></span> <span class='ocrx_word' id='word_1_785' title='bbox 886 5162 1034 5235; x_wconf 90' lang='lat' dir='ltr'><strong>quod</strong></span> <span class='ocrx_word' id='word_1_786' title='bbox 1063 5161 1257 5217; x_wconf 89' lang='lat' dir='ltr'><strong>deﬂuit</strong></span> <span class='ocrx_word' id='word_1_787' title='bbox 1286 5162 1481 5234; x_wconf 84' lang='lat' dir='ltr'><strong>fugiat,</strong></span> <span class='ocrx_word' id='word_1_788' title='bbox 1501 5177 1568 5217; x_wconf 91' lang='lat' dir='ltr'><strong>ne</strong></span> <span class='ocrx_word' id='word_1_789' title='bbox 1583 5174 1680 5233; x_wconf 87' lang='lat' dir='ltr'><strong>per</strong></span> 
     </span>
    </p>
   </div>
   <div class='ocr_carea' id='block_1_99' title="bbox 103 5240 1675 5326">
    <p class='ocr_par' dir='ltr' id='par_1_99' title="bbox 103 5240 1675 5326">
     <span class='ocr_line' id='line_1_99' title="bbox 103 5240 1675 5326; baseline -0.003 -15"><span class='ocrx_word' id='word_1_790' title='bbox 103 5240 201 5311; x_wconf 70' lang='lat' dir='ltr'><strong>ille</strong></span> <span class='ocrx_word' id='word_1_791' title='bbox 218 5254 363 5326; x_wconf 81' lang='lat' dir='ltr'><strong>quod</strong></span> <span class='ocrx_word' id='word_1_792' title='bbox 390 5261 540 5311; x_wconf 85' lang='lat' dir='ltr'><strong>amat</strong></span> <span class='ocrx_word' id='word_1_793' title='bbox 560 5255 619 5311; x_wconf 91' lang='lat' dir='ltr'><strong>in</strong></span> <span class='ocrx_word' id='word_1_794' title='bbox 634 5253 741 5310; x_wconf 90' lang='lat' dir='ltr'><strong>hoc</strong></span> <span class='ocrx_word' id='word_1_795' title='bbox 755 5260 981 5325; x_wconf 86' lang='lat' dir='ltr'><strong>cogatur</strong></span> <span class='ocrx_word' id='word_1_796' title='bbox 997 5251 1282 5324; x_wconf 89' lang='lat' dir='ltr'><strong>pervenire</strong></span> <span class='ocrx_word' id='word_1_797' title='bbox 1308 5252 1327 5286; x_wconf 76' lang='grc'>⁷</span> <span class='ocrx_word' id='word_1_798' title='bbox 1359 5250 1508 5324; x_wconf 88' lang='lat' dir='ltr'><strong>quod</strong></span> <span class='ocrx_word' id='word_1_799' title='bbox 1517 5249 1675 5307; x_wconf 88' lang='lat' dir='ltr'><strong>vitat.</strong></span> 
     </span>
    </p>
   </div>
   <div class='ocr_carea' id='block_1_100' title="bbox 167 5446 1683 5520">
    <p class='ocr_par' dir='ltr' id='par_1_100' title="bbox 167 5446 1683 5520">
     <span class='ocr_line' id='line_1_100' title="bbox 167 5446 1683 5520; baseline -0.005 -11"><span class='ocrx_word' id='word_1_800' title='bbox 167 5448 189 5488; x_wconf 83' lang='grc'>¹</span> <span class='ocrx_word' id='word_1_801' title='bbox 219 5451 436 5511; x_wconf 88' lang='lat' dir='ltr'><strong>Pratell.</strong></span> <span class='ocrx_word' id='word_1_802' title='bbox 468 5460 525 5509; x_wconf 93' lang='lat' dir='ltr'><strong>et</strong></span> <span class='ocrx_word' id='word_1_803' title='bbox 550 5453 648 5508; x_wconf 87' lang='lat' dir='ltr'><strong>alii</strong></span> <span class='ocrx_word' id='word_1_804' title='bbox 676 5452 889 5519; x_wconf 89' lang='lat' dir='ltr'><strong>Norm.,</strong></span> <span class='ocrx_word' id='word_1_805' title='bbox 910 5450 1113 5520; x_wconf 85' lang='lat' dir='ltr'><strong>sispem</strong></span> <span class='ocrx_word' id='word_1_806' title='bbox 1138 5448 1199 5503; x_wconf 77' lang='lat' dir='ltr'><strong>in</strong></span> <span class='ocrx_word' id='word_1_807' title='bbox 1226 5446 1336 5503; x_wconf 84' lang='lat' dir='ltr'><strong>suis</strong></span> <span class='ocrx_word' id='word_1_808' title='bbox 1362 5447 1564 5503; x_wconf 86' lang='lat' dir='ltr'><strong>actibus</strong></span> <span class='ocrx_word' id='word_1_809' title='bbox 1584 5463 1683 5519; x_wconf 83' lang='lat' dir='ltr'><strong>po-</strong></span> 
     </span>
    </p>
   </div>
   <div class='ocr_carea' id='block_1_101' title="bbox 106 5524 1030 5596">
    <p class='ocr_par' dir='ltr' id='par_1_101' title="bbox 106 5524 1030 5596">
     <span class='ocr_line' id='line_1_101' title="bbox 106 5524 1030 5596; baseline -0.005 -16"><span class='ocrx_word' id='word_1_810' title='bbox 106 5529 254 5596; x_wconf 61' lang='grc' dir='ltr'><strong>ποῖος,</strong></span> <span class='ocrx_word' id='word_1_811' title='bbox 278 5525 512 5596; x_wconf 82' lang='lat' dir='ltr'><strong>profecto</strong></span> <span class='ocrx_word' id='word_1_812' title='bbox 533 5524 848 5596; x_wconf 62' lang='lat' dir='ltr'><strong>justusan</strong></span> <span class='ocrx_word' id='word_1_813' title='bbox 873 5528 1030 5596; x_wconf 56' lang='lat' dir='ltr'><strong>esset.</strong></span> 
     </span>
    </p>
   </div>
   <div class='ocr_carea' id='block_1_102' title="bbox 168 5590 1682 5665">
    <p class='ocr_par' dir='ltr' id='par_1_102' title="bbox 168 5590 1682 5665">
     <span class='ocr_line' id='line_1_102' title="bbox 168 5590 1682 5665; baseline -0.003 -15"><span class='ocrx_word' id='word_1_814' title='bbox 168 5590 438 5665; x_wconf 14' lang='lat' dir='ltr'><strong>&#39;gTu-ron&#39;”</strong></span> <span class='ocrx_word' id='word_1_815' title='bbox 470 5590 667 5663; x_wconf 79' lang='lat' dir='ltr'><strong>Laud.,</strong></span> <span class='ocrx_word' id='word_1_816' title='bbox 708 5592 831 5649; x_wconf 87' lang='lat' dir='ltr'><strong>Val.</strong></span> <span class='ocrx_word' id='word_1_817' title='bbox 864 5591 971 5660; x_wconf 82' lang='lat' dir='ltr'><strong>CL,</strong></span> <span class='ocrx_word' id='word_1_818' title='bbox 1000 5593 1216 5661; x_wconf 82' lang='lat' dir='ltr'><strong>Norm.,</strong></span> <span class='ocrx_word' id='word_1_819' title='bbox 1248 5590 1390 5661; x_wconf 78' lang='lat' dir='ltr'><strong>rude</strong></span> <span class='ocrx_word' id='word_1_820' title='bbox 1414 5600 1682 5646; x_wconf 73' lang='lat' dir='ltr'><strong>eum...</strong></span> 
     </span>
    </p>
   </div>
   <div class='ocr_carea' id='block_1_103' title="bbox 110 5664 1576 5742">
    <p class='ocr_par' dir='ltr' id='par_1_103' title="bbox 110 5664 1576 5742">
     <span class='ocr_line' id='line_1_103' title="bbox 110 5664 1576 5742; baseline 0.001 -20"><span class='ocrx_word' id='word_1_821' title='bbox 110 5664 276 5742; x_wconf 61' lang='lat' dir='ltr'><strong>fidem</strong></span> <span class='ocrx_word' id='word_1_822' title='bbox 302 5664 429 5723; x_wconf 75' lang='lat' dir='ltr'><strong>auri</strong></span> <span class='ocrx_word' id='word_1_823' title='bbox 682 5737 727 5742; x_wconf 94' lang='lat'>__</span> <span class='ocrx_word' id='word_1_824' title='bbox 1026 5734 1068 5742; x_wconf 86' lang='lat'>__</span> <span class='ocrx_word' id='word_1_825' title='bbox 1371 5737 1381 5742; x_wconf 28' lang='grc' dir='ltr'><strong>Α</strong></span> <span class='ocrx_word' id='word_1_826' title='bbox 1539 5728 1576 5742; x_wconf 53' lang='grc' dir='ltr'>η</span> 
     </span>
    </p>
   </div>
   <div class='ocr_carea' id='block_1_104' title="bbox 141 5730 1689 5814">
    <p class='ocr_par' dir='ltr' id='par_1_104' title="bbox 141 5730 1689 5814">
     <span class='ocr_line' id='line_1_104' title="bbox 141 5730 1689 5814; baseline -0.006 -19"><span class='ocrx_word' id='word_1_827' title='bbox 141 5735 191 5814; x_wconf 45' lang='grc'><strong>,³</strong></span> <span class='ocrx_word' id='word_1_828' title='bbox 217 5737 422 5796; x_wconf 89' lang='lat' dir='ltr'><strong>Gemet.</strong></span> <span class='ocrx_word' id='word_1_829' title='bbox 449 5740 654 5809; x_wconf 91' lang='lat' dir='ltr'><strong>aliique</strong></span> <span class='ocrx_word' id='word_1_830' title='bbox 680 5737 868 5793; x_wconf 88' lang='lat' dir='ltr'><strong>Norm.</strong></span> <span class='ocrx_word' id='word_1_831' title='bbox 920 5749 986 5790; x_wconf 86' lang='lat' dir='ltr'><strong>ac</strong></span> <span class='ocrx_word' id='word_1_832' title='bbox 1026 5734 1231 5791; x_wconf 87' lang='lat' dir='ltr'><strong>Turon.</strong></span> <span class='ocrx_word' id='word_1_833' title='bbox 1268 5750 1283 5799; x_wconf 90' lang='lat'><strong>;</strong></span> <span class='ocrx_word' id='word_1_834' title='bbox 1324 5737 1483 5803; x_wconf 84' lang='lat' dir='ltr'><strong>atque</strong></span> <span class='ocrx_word' id='word_1_835' title='bbox 1516 5730 1689 5787; x_wconf 79' lang='lat' dir='ltr'><strong>dilec-</strong></span> 
     </span>
    </p>
   </div>
   <div class='ocr_carea' id='block_1_105' title="bbox 1785 4718 3377 4791">
    <p class='ocr_par' dir='ltr' id='par_1_105' title="bbox 1785 4718 3377 4791">
     <span class='ocr_line' id='line_1_105' title="bbox 1785 4718 3377 4791; baseline -0.003 -13"><span class='ocrx_word' id='word_1_836' title='bbox 1785 4722 1903 4778; x_wconf 69' lang='lat' dir='ltr'><strong>hzec</strong></span> <span class='ocrx_word' id='word_1_837' title='bbox 1931 4721 2227 4777; x_wconf 89' lang='lat' dir='ltr'><strong>luminaria</strong></span> <span class='ocrx_word' id='word_1_838' title='bbox 2277 4718 2535 4775; x_wconf 88' lang='lat' dir='ltr'><strong>humanis</strong></span> <span class='ocrx_word' id='word_1_839' title='bbox 2580 4718 2905 4775; x_wconf 88' lang='lat' dir='ltr'><strong>ministeriis</strong></span> <span class='ocrx_word' id='word_1_840' title='bbox 2945 4719 3222 4791; x_wconf 85' lang='lat' dir='ltr'><strong>deputata,</strong></span> <span class='ocrx_word' id='word_1_841' title='bbox 3249 4718 3377 4776; x_wconf 77' lang='lat' dir='ltr'><strong>cceli</strong></span> 
     </span>
    </p>
   </div>
   <div class='ocr_carea' id='block_1_106' title="bbox 1786 4807 3375 4880">
    <p class='ocr_par' dir='ltr' id='par_1_106' title="bbox 1786 4807 3375 4880">
     <span class='ocr_line' id='line_1_106' title="bbox 1786 4807 3375 4880; baseline -0.001 -16"><span class='ocrx_word' id='word_1_842' title='bbox 1786 4808 1999 4864; x_wconf 65' lang='lat' dir='ltr'><strong>militiae</strong></span> <span class='ocrx_word' id='word_1_843' title='bbox 2016 4816 2300 4865; x_wconf 90' lang='lat' dir='ltr'><strong>vocantur.</strong></span> <span class='ocrx_word' id='word_1_844' title='bbox 2322 4808 2385 4863; x_wconf 91' lang='lat' dir='ltr'><strong>In</strong></span> <span class='ocrx_word' id='word_1_845' title='bbox 2402 4822 2634 4880; x_wconf 89' lang='lat' dir='ltr'><strong>quorum</strong></span> <span class='ocrx_word' id='word_1_846' title='bbox 2647 4808 2857 4863; x_wconf 87' lang='lat' dir='ltr'><strong>cultum</strong></span> <span class='ocrx_word' id='word_1_847' title='bbox 2875 4807 3078 4863; x_wconf 90' lang='lat' dir='ltr'><strong>multos</strong></span> <span class='ocrx_word' id='word_1_848' title='bbox 3098 4808 3375 4873; x_wconf 86' lang='lat' dir='ltr'><strong>novimus,</strong></span> 
     </span>
    </p>
   </div>
   <div class='ocr_carea' id='block_1_107' title="bbox 1786 4895 3374 4971">
    <p class='ocr_par' dir='ltr' id='par_1_107' title="bbox 1786 4895 3374 4971">
     <span class='ocr_line' id='line_1_107' title="bbox 1786 4895 3374 4971; baseline -0.004 -17"><span class='ocrx_word' id='word_1_849' title='bbox 1786 4896 2065 4971; x_wconf 88' lang='lat' dir='ltr'><strong>Scriptura</strong></span> <span class='ocrx_word' id='word_1_850' title='bbox 2079 4905 2234 4965; x_wconf 89' lang='lat' dir='ltr'><strong>teste,</strong></span> <span class='ocrx_word' id='word_1_851' title='bbox 2257 4896 2537 4965; x_wconf 87' lang='lat' dir='ltr'><strong>cecidisse,</strong></span> <span class='ocrx_word' id='word_1_852' title='bbox 2558 4895 2702 4953; x_wconf 88' lang='lat' dir='ltr'><strong>sicut</strong></span> <span class='ocrx_word' id='word_1_853' title='bbox 2712 4896 2981 4968; x_wconf 88' lang='lat' dir='ltr'><strong>scriptum</strong></span> <span class='ocrx_word' id='word_1_854' title='bbox 3011 4903 3094 4952; x_wconf 86' lang='lat' dir='ltr'><strong>est</strong></span> <span class='ocrx_word' id='word_1_855' title='bbox 3113 4912 3124 4950; x_wconf 95' lang='lat'>:</span> <span class='ocrx_word' id='word_1_856' title='bbox 3148 4895 3374 4950; x_wconf 82' lang='lat' dir='ltr'><strong>Adera-</strong></span> 
     </span>
    </p>
   </div>
   <div class='ocr_carea' id='block_1_108' title="bbox 1785 4983 3378 5057">
    <p class='ocr_par' dir='ltr' id='par_1_108' title="bbox 1785 4983 3378 5057">
     <span class='ocr_line' id='line_1_108' title="bbox 1785 4983 3378 5057; baseline -0.001 -17"><span class='ocrx_word' id='word_1_857' title='bbox 1785 4986 2289 5040; x_wconf 80' lang='lat' dir='ltr'><strong>veruntuniversam</strong></span> <span class='ocrx_word' id='word_1_858' title='bbox 2320 4984 2569 5039; x_wconf 84' lang='lat' dir='ltr'><strong>militiam</strong></span> <span class='ocrx_word' id='word_1_859' title='bbox 2600 4985 2714 5040; x_wconf 67' lang='lat' dir='ltr'><strong>caeli</strong></span> <span class='ocrx_word' id='word_1_860' title='bbox 2736 4984 2844 5057; x_wconf 85' lang='lat' dir='ltr'><strong>(IV</strong></span> <span class='ocrx_word' id='word_1_861' title='bbox 2862 4987 2983 5057; x_wconf 81' lang='lat' dir='ltr'><strong>Reg.</strong></span> <span class='ocrx_word' id='word_1_862' title='bbox 3013 5001 3156 5051; x_wconf 82' lang='lat' dir='ltr'><strong>xvn,</strong></span> <span class='ocrx_word' id='word_1_863' title='bbox 3178 4983 3378 5048; x_wconf 74' lang='lat' dir='ltr'><strong>16).Et</strong></span> 
     </span>
    </p>
   </div>
   <div class='ocr_carea' id='block_1_109' title="bbox 1787 5069 3378 5148">
    <p class='ocr_par' dir='ltr' id='par_1_109' title="bbox 1787 5069 3378 5148">
     <span class='ocr_line' id='line_1_109' title="bbox 1787 5069 3378 5148; baseline -0.002 -18"><span class='ocrx_word' id='word_1_864' title='bbox 1787 5073 1919 5148; x_wconf 91' lang='lat' dir='ltr'><strong>quia</strong></span> <span class='ocrx_word' id='word_1_865' title='bbox 1945 5074 2025 5130; x_wconf 88' lang='lat' dir='ltr'><strong>sol</strong></span> <span class='ocrx_word' id='word_1_866' title='bbox 2053 5080 2107 5129; x_wconf 89' lang='lat' dir='ltr'><strong>et</strong></span> <span class='ocrx_word' id='word_1_867' title='bbox 2136 5072 2267 5129; x_wconf 89' lang='lat' dir='ltr'><strong>luna</strong></span> <span class='ocrx_word' id='word_1_868' title='bbox 2309 5071 2469 5128; x_wconf 91' lang='lat' dir='ltr'><strong>aliter</strong></span> <span class='ocrx_word' id='word_1_869' title='bbox 2498 5072 2758 5128; x_wconf 85' lang='lat' dir='ltr'><strong>videntur</strong></span> <span class='ocrx_word' id='word_1_870' title='bbox 2786 5072 2854 5128; x_wconf 91' lang='lat' dir='ltr'><strong>ad</strong></span> <span class='ocrx_word' id='word_1_871' title='bbox 2895 5089 3077 5140; x_wconf 88' lang='lat' dir='ltr'><strong>usum,</strong></span> <span class='ocrx_word' id='word_1_872' title='bbox 3107 5071 3267 5125; x_wconf 88' lang='lat' dir='ltr'><strong>aliter</strong></span> <span class='ocrx_word' id='word_1_873' title='bbox 3307 5069 3378 5127; x_wconf 89' lang='lat' dir='ltr'><strong>ad</strong></span> 
     </span>
    </p>
   </div>
   <div class='ocr_carea' id='block_1_110' title="bbox 1790 5157 3380 5233">
    <p class='ocr_par' dir='ltr' id='par_1_110' title="bbox 1790 5157 3380 5233">
     <span class='ocr_line' id='line_1_110' title="bbox 1790 5157 3380 5233; baseline -0.003 -15"><span class='ocrx_word' id='word_1_874' title='bbox 1790 5162 2221 5230; x_wconf 89' lang='lat' dir='ltr'><strong>venerationem,</strong></span> <span class='ocrx_word' id='word_1_875' title='bbox 2247 5176 2311 5218; x_wconf 89' lang='lat' dir='ltr'><strong>eo</strong></span> <span class='ocrx_word' id='word_1_876' title='bbox 2339 5177 2489 5218; x_wconf 86' lang='lat' dir='ltr'><strong>more</strong></span> <span class='ocrx_word' id='word_1_877' title='bbox 2516 5177 2623 5233; x_wconf 91' lang='lat' dir='ltr'><strong>quo</strong></span> <span class='ocrx_word' id='word_1_878' title='bbox 2653 5177 2684 5216; x_wconf 92' lang='lat' dir='ltr'><strong>a</strong></span> <span class='ocrx_word' id='word_1_879' title='bbox 2711 5159 3015 5217; x_wconf 91' lang='lat' dir='ltr'><strong>cultoribus</strong></span> <span class='ocrx_word' id='word_1_880' title='bbox 3055 5157 3171 5214; x_wconf 90' lang='lat' dir='ltr'><strong>suis</strong></span> <span class='ocrx_word' id='word_1_881' title='bbox 3199 5173 3380 5214; x_wconf 90' lang='lat' dir='ltr'><strong>vene-</strong></span> 
     </span>
    </p>
   </div>
   <div class='ocr_carea' id='block_1_111' title="bbox 1788 5246 3377 5323">
    <p class='ocr_par' dir='ltr' id='par_1_111' title="bbox 1788 5246 3377 5323">
     <span class='ocr_line' id='line_1_111' title="bbox 1788 5246 3377 5323; baseline -0.003 -13"><span class='ocrx_word' id='word_1_882' title='bbox 1788 5252 1900 5310; x_wconf 89' lang='lat' dir='ltr'><strong>rari</strong></span> <span class='ocrx_word' id='word_1_883' title='bbox 1928 5252 2128 5321; x_wconf 90' lang='lat' dir='ltr'><strong>solent,</strong></span> <span class='ocrx_word' id='word_1_884' title='bbox 2158 5249 2330 5308; x_wconf 88' lang='lat' dir='ltr'><strong>solem</strong></span> <span class='ocrx_word' id='word_1_885' title='bbox 2348 5257 2405 5308; x_wconf 90' lang='lat' dir='ltr'><strong>et</strong></span> <span class='ocrx_word' id='word_1_886' title='bbox 2449 5251 2638 5308; x_wconf 86' lang='lat' dir='ltr'><strong>lunam</strong></span> <span class='ocrx_word' id='word_1_887' title='bbox 2683 5249 2875 5305; x_wconf 87' lang='lat' dir='ltr'><strong>beatus</strong></span> <span class='ocrx_word' id='word_1_888' title='bbox 2902 5246 3005 5305; x_wconf 85' lang='lat' dir='ltr'><strong>Job</strong></span> <span class='ocrx_word' id='word_1_889' title='bbox 3034 5263 3377 5323; x_wconf 88' lang='lat' dir='ltr'><strong>nequaquam</strong></span> 
     </span>
    </p>
   </div>
   <div class='ocr_carea' id='block_1_112' title="bbox 1862 5447 2087 5516">
    <p class='ocr_par' dir='ltr' id='par_1_112' title="bbox 1862 5447 2087 5516">
     <span class='ocr_line' id='line_1_112' title="bbox 1862 5447 2087 5516; baseline -0.004 -13"><span class='ocrx_word' id='word_1_890' title='bbox 1862 5447 1889 5487; x_wconf 69' lang='grc'>⁴</span> <span class='ocrx_word' id='word_1_891' title='bbox 1911 5448 2087 5516; x_wconf 84' lang='lat' dir='ltr'><strong>Plur.,</strong></span> 
     </span>
    </p>
   </div>
   <div class='ocr_carea' id='block_1_113' title="bbox 1864 5513 3386 5589">
    <p class='ocr_par' dir='ltr' id='par_1_113' title="bbox 1864 5513 3386 5589">
     <span class='ocr_line' id='line_1_113' title="bbox 1864 5513 3386 5589; baseline -0.003 -14"><span class='ocrx_word' id='word_1_892' title='bbox 1864 5519 1888 5555; x_wconf 79' lang='grc'>⁸</span> <span class='ocrx_word' id='word_1_893' title='bbox 1914 5513 2133 5587; x_wconf 63' lang='lat' dir='ltr'><strong>Norm.,</strong></span> <span class='ocrx_word' id='word_1_894' title='bbox 2157 5518 2319 5577; x_wconf 87' lang='lat' dir='ltr'><strong>Corb.</strong></span> <span class='ocrx_word' id='word_1_895' title='bbox 2354 5518 2543 5576; x_wconf 86' lang='lat' dir='ltr'><strong>Germ.</strong></span> <span class='ocrx_word' id='word_1_896' title='bbox 2568 5523 2626 5573; x_wconf 87' lang='lat' dir='ltr'><strong>et</strong></span> <span class='ocrx_word' id='word_1_897' title='bbox 2653 5516 2864 5589; x_wconf 80' lang='lat' dir='ltr'><strong>Germ.,</strong></span> <span class='ocrx_word' id='word_1_898' title='bbox 2893 5513 3024 5587; x_wconf 69' lang='lat' dir='ltr'><strong>quid</strong></span> <span class='ocrx_word' id='word_1_899' title='bbox 3050 5531 3171 5589; x_wconf 76' lang='lat' dir='ltr'><strong>ergo</strong></span> <span class='ocrx_word' id='word_1_900' title='bbox 3214 5514 3324 5571; x_wconf 77' lang='lat' dir='ltr'><strong>nisi</strong></span> <span class='ocrx_word' id='word_1_901' title='bbox 3348 5531 3386 5571; x_wconf 92' lang='lat' dir='ltr'><strong>a</strong></span> 
     </span>
    </p>
   </div>
   <div class='ocr_carea' id='block_1_114' title="bbox 1792 5587 3012 5661">
    <p class='ocr_par' dir='ltr' id='par_1_114' title="bbox 1792 5587 3012 5661">
     <span class='ocr_line' id='line_1_114' title="bbox 1792 5587 3012 5661; baseline -0.002 -16"><span class='ocrx_word' id='word_1_902' title='bbox 1792 5595 1961 5661; x_wconf 68' lang='lat' dir='ltr'><strong>stante</strong></span> <span class='ocrx_word' id='word_1_903' title='bbox 1988 5590 2169 5661; x_wconf 72' lang='lat' dir='ltr'><strong>fugere</strong></span> <span class='ocrx_word' id='word_1_904' title='bbox 2192 5596 2287 5659; x_wconf 85' lang='lat' dir='ltr'><strong>est,</strong></span> <span class='ocrx_word' id='word_1_905' title='bbox 2320 5589 2709 5661; x_wconf 77' lang='lat' dir='ltr'><strong>transeuntibus</strong></span> <span class='ocrx_word' id='word_1_906' title='bbox 2736 5587 3012 5661; x_wconf 55' lang='lat' dir='ltr'><strong>Merere.</strong></span> 
     </span>
    </p>
   </div>
   <div class='ocr_carea' id='block_1_115' title="bbox 1869 5656 3384 5730">
    <p class='ocr_par' dir='ltr' id='par_1_115' title="bbox 1869 5656 3384 5730">
     <span class='ocr_line' id='line_1_115' title="bbox 1869 5656 3384 5730; baseline -0.001 -13"><span class='ocrx_word' id='word_1_907' title='bbox 1869 5660 1891 5697; x_wconf 82' lang='grc'>⁶</span> <span class='ocrx_word' id='word_1_908' title='bbox 1916 5656 2125 5729; x_wconf 61' lang='lat' dir='ltr'><strong>cena,</strong></span> <span class='ocrx_word' id='word_1_909' title='bbox 2154 5656 2345 5716; x_wconf 89' lang='lat' dir='ltr'><strong>omnes</strong></span> <span class='ocrx_word' id='word_1_910' title='bbox 2385 5661 2600 5730; x_wconf 90' lang='lat' dir='ltr'><strong>Norm.,</strong></span> <span class='ocrx_word' id='word_1_911' title='bbox 2648 5657 2849 5729; x_wconf 89' lang='lat' dir='ltr'><strong>Laud.,</strong></span> <span class='ocrx_word' id='word_1_912' title='bbox 2899 5657 3062 5718; x_wconf 89' lang='lat' dir='ltr'><strong>Corb.</strong></span> <span class='ocrx_word' id='word_1_913' title='bbox 3112 5656 3299 5717; x_wconf 88' lang='lat' dir='ltr'><strong>Germ.</strong></span> <span class='ocrx_word' id='word_1_914' title='bbox 3328 5662 3384 5715; x_wconf 82' lang='lat' dir='ltr'><strong>et</strong></span> 
     </span>
    </p>
   </div>
   <div class='ocr_carea' id='block_1_116' title="bbox 1794 5730 2463 5799">
    <p class='ocr_par' dir='ltr' id='par_1_116' title="bbox 1794 5730 2463 5799">
     <span class='ocr_line' id='line_1_116' title="bbox 1794 5730 2463 5799; baseline -0.007 -8"><span class='ocrx_word' id='word_1_915' title='bbox 1794 5730 1921 5791; x_wconf 75' lang='lat' dir='ltr'><strong>Val.</strong></span> <span class='ocrx_word' id='word_1_916' title='bbox 1951 5733 2058 5799; x_wconf 83' lang='lat' dir='ltr'><strong>CL,</strong></span> <span class='ocrx_word' id='word_1_917' title='bbox 2088 5740 2142 5787; x_wconf 91' lang='lat' dir='ltr'><strong>et</strong></span> <span class='ocrx_word' id='word_1_918' title='bbox 2168 5732 2463 5787; x_wconf 82' lang='lat' dir='ltr'><strong>verticibus.</strong></span> 
     </span>
    </p>
   </div>
   <div class='ocr_carea' id='block_1_117' title="bbox 1869 5803 2549 5875">
    <p class='ocr_par' dir='ltr' id='par_1_117' title="bbox 1869 5803 2549 5875">
     <span class='ocr_line' id='line_1_117' title="bbox 1869 5803 2549 5875; baseline 0.001 -15"><span class='ocrx_word' id='word_1_919' title='bbox 1869 5804 1892 5839; x_wconf 86' lang='grc'><strong>⁷</strong></span> <span class='ocrx_word' id='word_1_920' title='bbox 1927 5803 2189 5871; x_wconf 84' lang='lat' dir='ltr'><strong>Vindoc.,</strong></span> <span class='ocrx_word' id='word_1_921' title='bbox 2219 5803 2360 5875; x_wconf 80' lang='lat' dir='ltr'><strong>quod</strong></span> <span class='ocrx_word' id='word_1_922' title='bbox 2383 5806 2549 5861; x_wconf 76' lang='lat' dir='ltr'><strong>nocet.</strong></span> 
     </span>
    </p>
   </div>
   <div class='ocr_carea' id='block_1_118' title="bbox 2115 5448 2311 5519">
    <p class='ocr_par' dir='ltr' id='par_1_118' title="bbox 2115 5448 2311 5519">
     <span class='ocr_line' id='line_1_118' title="bbox 2115 5448 2311 5519; baseline 0.01 -18"><span class='ocrx_word' id='word_1_923' title='bbox 2115 5448 2311 5519; x_wconf 82' lang='lat' dir='ltr'><strong>posita.</strong></span> 
     </span>
    </p>
   </div>
  </div>
