3928 6416
498 407 605 464 215

1692 395 1941 454 SANCTI
1976 395 2310 452 GREGORII
2345 393 2571 450 MAGNI

3690 391 3808 450 216

499 526 700 582 vidisse
725 541 783 582 se
810 525 1081 596 perhibet,
1127 541 1228 583 nec
1263 527 1506 582 laetatum
1551 523 1721 578 fuisse
1756 537 1850 576 cor
1894 533 2077 586 suum,
2105 524 2159 582 Α
2188 519 2483 575 novatione
2509 518 2759 574 fervoris.
2793 518 2974 573 Nescit
2999 517 3146 571 enim
3174 531 3327 571 mens
3378 531 3474 588 per
3506 525 3806 590 torporem

496 629 598 669 nec
621 615 928 668 osculatum
949 629 1172 669 manum
1201 630 1293 670 ore
1317 630 1434 670 suo.
1469 613 1530 668 In
1561 629 1668 683 qua
1707 609 1961 665 videlicet
1980 623 2079 662 os-

494 703 790 768 culatione,
819 702 954 774 quid
986 702 1134 757 aliud
1179 719 1342 774 quam
1373 702 1543 774 gratia
1571 699 1937 755 venerationis
1973 712 2080 752 ex-

495 789 796 862 primitur?
816 790 973 858 Quod
993 791 1038 845 si
1075 790 1288 846 fecisset
1317 806 1578 862 unquam,
1603 789 1707 844 hoc
1735 787 2081 859 iniquitatem

497 871 792 934 maritimam
849 885 903 932 et
930 877 1030 932 Dei
1059 879 1403 948 negationem
1434 883 1612 930 vocat.
1664 874 1769 930 Sed
1799 883 2082 946 postquam

496 973 648 1020 tanta
673 966 739 1020 de
767 981 822 1020 se
841 965 975 1021 locis
995 966 1371 1038 superioribus
1399 965 1675 1020 virtutum
1698 964 1944 1018 culmina
1966 979 2084 1016 nar-

496 1057 658 1124 ravit,
682 1059 695 1090 ¹
715 1055 848 1128 quid
866 1071 1014 1112 nunc
1033 1057 1234 1110 mirum
1255 1063 1542 1121 memorat,
1561 1055 1605 1110 si
1630 1055 1801 1108 solem
1823 1068 1884 1106 ac
1899 1051 2086 1105 lunam

495 1159 609 1200 non
657 1161 714 1200 se
762 1143 1012 1198 adorasse
1043 1145 1406 1200 manifestat?
1437 1143 1590 1199 Unde
1639 1140 1977 1213 pensandum
2008 1144 2090 1191 est

496 1230 643 1302 quod
669 1239 955 1302 postquam
987 1231 1044 1284 in
1071 1247 1204 1286 auro
1234 1247 1344 1285 non
1374 1229 1630 1284 habuisse
1680 1227 1960 1292 fiduciam,
1992 1239 2093 1278 nec

495 1321 557 1378 in
585 1322 774 1377 multis
818 1321 1032 1377 divitiis
1063 1323 1303 1376 laetatum
1354 1337 1408 1375 se
1437 1321 1605 1375 fuisse
1637 1327 1884 1385 testatur,
1915 1315 2092 1370 adhuc

497 1409 565 1464 ad
589 1409 910 1464 sublimiora
959 1409 1203 1476 ducitur,
1235 1417 1296 1463 ut
1329 1416 1481 1462 tanto
1528 1424 1628 1462 nos
1658 1407 1827 1476 magis
1855 1404 2089 1469 erudiat,

498 1506 702 1567 quanto
729 1498 796 1553 de
825 1514 881 1553 se
911 1499 1093 1570 aliqua
1139 1497 1399 1552 subtilius
1447 1503 1646 1551 narrat.
1684 1495 1778 1548 Ait
1807 1494 1953 1546 enim
1991 1509 2001 1544 :
2038 1491 2096 1546 Si

495 1584 612 1639 vidi
633 1589 790 1640 solem
819 1603 934 1639 cum
961 1585 1206 1654 fulgeret,
1237 1590 1285 1638 et
1313 1586 1494 1638 lunam
1522 1583 1829 1636 incedentem
1859 1582 2019 1645 clare,
2049 1585 2096 1632 et

499 1673 729 1727 lactatum
755 1679 830 1726 est
857 1674 913 1725 in
941 1673 1240 1728 abscondito
1261 1690 1351 1725 cor
1371 1690 1556 1725 meum.
1581 1669 1726 1736 Quid
1756 1668 1859 1722 hoc
1890 1669 1946 1722 in
1975 1668 2096 1722 loco

499 1760 688 1816 videre
712 1760 938 1826 dicitur,
969 1760 1076 1814 nisi
1105 1758 1480 1812 desideranter
1511 1756 1758 1810 intueri?
1789 1755 1939 1810 Unde
1956 1755 2097 1809 Psal-

503 1848 667 1903 mista
684 1847 793 1901 ait:
819 1847 1160 1916 Iniquitatem
1179 1847 1198 1878 ²
1218 1846 1263 1899 si
1293 1845 1538 1914 conspexi
1568 1844 1619 1896 in
1655 1845 1804 1897 corde
1832 1862 1962 1908 meo,
1994 1861 2100 1898 non
2129 1881 2175 1940 Β

502 1935 758 1992 exaudiat
781 1935 920 1990 Deus
951 1935 1125 2004 (Psal.
1157 1949 1288 1999 va,
1313 1934 1575 2003 18).Qu1e
1605 1933 1865 1986 nimirum
1890 1932 2095 2004 iniqui-

501 2031 588 2079 tas
612 2023 669 2077 in
697 2039 788 2078 ore
819 2021 1054 2094 exprimi
1091 2037 1202 2076 non
1234 2027 1435 2091 posset,
1469 2020 1514 2074 si
1548 2037 1657 2074 non
1690 2020 2097 2090 conspiceretur

504 2111 565 2168 in
584 2111 764 2166 corde.
789 2111 894 2167 Sed
913 2109 1062 2164 aliud
1091 2117 1173 2163 est
1191 2109 1378 2162 videre
1401 2125 1495 2178 per
1509 2107 1804 2178 judicium,
1823 2105 1972 2164 aliud
2004 2123 2098 2177 per

503 2200 829 2272 appetitum.
850 2201 1047 2253 Beatus
1069 2214 1192 2269 ergo
1213 2197 1314 2251 Job
1329 2197 1628 2268 fulgentem
1659 2197 1852 2262 solem,
1883 2205 1934 2250 et
1955 2196 2097 2250 clare

505 2288 842 2344 incedentem
865 2289 1048 2342 lunam
1083 2301 1430 2356 nequaquam
1447 2285 1650 2339 vidisse
1666 2301 1720 2338 se.
1744 2283 2018 2354 perhibet,
2037 2291 2100 2338 ut

503 2393 560 2432 se
613 2378 946 2432 demonstret
1002 2376 1282 2448 przesentis
1337 2375 1476 2430 lucis
1521 2375 1756 2444 speciem
1801 2391 1910 2429 non
1941 2390 2098 2444 appe-

501 2469 650 2524 tisse.
683 2470 760 2522 Ac
790 2469 834 2522 si
867 2477 985 2540 post
1015 2467 1329 2537 despectum
1361 2475 1589 2520 terrenae
1618 2483 1727 2520 suae
1747 2463 2097 2519 abundantiae

501 2565 747 2628 patenter
777 2556 1017 2611 insinuet
1049 2575 1059 2611 :
1096 2555 1240 2622 Quid
1270 2555 1472 2622 dicam,
1503 2555 1633 2626 quia
1658 2569 2004 2625 nequaquam
2040 2553 2095 2606 in

503 2660 637 2698 auro
665 2645 876 2698 laetatus
905 2661 1048 2710 sum,
1081 2643 1174 2714 qui
1204 2643 1258 2696 in
1291 2643 1402 2712 ipsa
1430 2659 1647 2714 quoque
1696 2643 1813 2696 luce
1843 2656 2099 2710 corporea

503 2731 801 2786 delectatus
829 2747 938 2785 non
983 2731 1150 2785 sum?
1199 2730 1381 2784 Sancti
1413 2730 1615 2785 etenim
1663 2729 1768 2783 viri
1813 2735 2095 2800 postquam

503 2819 692 2875 omnia
720 2819 1000 2889 prtes1nitis
1029 2818 1154 2871 vitae
1203 2817 1600 2872 oblectamenta
1629 2816 1957 2888 despiciunt,
1990 2831 2097 2886 prae

504 2905 658 2960 illius
687 2905 828 2960 lucis
853 2905 1079 2959 interna)
1110 2904 1420 2970 dulcedine,
1450 2903 1517 2958 ab
1548 2903 1648 2958 hac
1681 2903 1938 2957 exteriori
1969 2901 2102 2956 ani-

506 3011 657 3049 mum
687 2995 804 3049 luce
826 2994 980 3065 quasi
1009 3011 1038 3048 a
1065 2993 1305 3048 tenebris
1325 3001 1580 3048 avertunt
1610 3009 1620 3046 :
1656 2993 1999 3063 multumque
2020 3007 2096 3045 se-

503 3099 628 3139 cum
657 3083 986 3138 intrinsecus
1015 3080 1377 3148 contendunt,
1401 3099 1467 3135 ne
1488 3080 1654 3151 hujus
1685 3081 1844 3146 lucis,
1863 3097 1982 3150 qua}
1996 3079 2098 3132 ful-

505 3179 593 3242 get
621 3171 985 3236 extrinsecus,
1017 3171 1377 3224 delectatione
1409 3171 1706 3240 rapiantur.
1742 3170 1861 3223 Lux
1901 3169 2099 3239 quippe

504 3259 748 3314 visibilis
776 3258 821 3312 si
850 3258 1066 3312 incaute
1097 3257 1416 3326 diligitur,a
1438 3260 1554 3313 luce
1579 3259 1846 3314 invisibili
1879 3273 1972 3311 cor
1999 3271 2096 3309 oze-

505 3355 680 3414 catur,
703 3345 832 3416 quia
844 3353 1048 3416 quanto
1077 3351 1231 3398 extra
1255 3361 1308 3399 se
1328 3345 1548 3401 inhians
1569 3347 1789 3400 animus
1823 3343 2096 3408 funditur,

507 3444 661 3492 tanto
715 3434 952 3504 amplius
991 3433 1047 3488 in
1093 3432 1323 3489 internis
1368 3434 1650 3490 obtutibus
1695 3431 2093 3488 reverberatur.

507 3521 661 3578 Unde
688 3521 911 3576 solertes
941 3519 1143 3591 quique
1173 3537 1240 3574 ne
1269 3522 1547 3592 corporeis
1574 3519 1826 3575 sensibus
1847 3515 2013 3570 nimis
2029 3513 2098 3568 ad

507 3609 778 3666 exteriora
804 3608 1138 3676 dilabantur,
1169 3609 1435 3664 continuo
1464 3608 1648 3663 studio
1679 3606 1822 3660 intra
1860 3610 2096 3658 mentem

507 3698 897 3756 suamocculta
952 3695 1213 3752 custodiae
1270 3695 1565 3765 disciplina
1614 3710 1669 3748 se
1718 3691 2007 3762 colligunt,
2038 3695 2100 3743 ut

507 3795 662 3845 tanto
688 3785 860 3855 magis
895 3784 1251 3840 inveniantur
1280 3781 1748 3851 interiusintegri,
1767 3785 1972 3851 quanto
2001 3775 2098 3831 mi-

510 3890 616 3932 nus
641 3881 768 3927 sunt
797 3871 1040 3928 exterius
1083 3871 1213 3926 fusi.
1248 3871 1364 3924 Hoc
1391 3868 1540 3923 enim
1570 3868 1759 3937 vigore
1792 3861 2100 3934 disciplinas

508 3964 653 4019 intra
683 3961 882 4016 mentis
909 3976 1018 4016 suae
1039 3976 1096 4014 se
1134 3975 1332 4015 arcana
1359 3955 1782 4021 constrinxerat,
1813 3953 1906 4024 qui
1937 3959 2101 4006 exte-

507 4053 808 4110 riorisvitze
831 4051 1132 4122 appetitum
1163 4045 1625 4120 fugiens,dicebat
1649 4062 1660 4100 :
1686 4045 1839 4098 Diem
1867 4041 2101 4097 hominis

508 4156 615 4194 non
639 4138 929 4208 Concupivi,
957 4141 978 4172 ³
1011 4145 1065 4192 tu
1093 4137 1192 4192 scis
1223 4137 1436 4207 (Jerem.
1469 4151 1610 4197 xvn,
1644 4132 1756 4202 16).
1788 4129 1945 4196 Quod
1973 4143 2100 4198 ergo

510 4227 654 4299 apud
667 4227 986 4297 prophetam
1006 4225 1210 4282 dicitur
1236 4243 1247 4280 :
1269 4227 1422 4280 Diem
1447 4223 1672 4278 hominis
1687 4239 1793 4276 non
1811 4219 2099 4290 concupiui,

511 4321 572 4369 tu
583 4311 813 4379 scis,hoc
831 4311 898 4365 de
927 4311 1218 4381 semetipso
1246 4311 1437 4365 beatus
1465 4309 1566 4364 Job
1586 4307 1768 4363 verbis
1797 4305 1922 4361 aliis
1947 4321 2102 4361 asse—

510 4401 750 4472 rit,quia
776 4399 1079 4468 fulgentem
1103 4398 1272 4452 solem
1301 4405 1356 4452 et
1386 4398 1572 4452 lunam
1603 4396 1940 4452 incedentem
1959 4396 2101 4451 clare

511 4506 624 4546 non
651 4487 874 4550 viderit,
903 4493 1066 4556 atque
1095 4502 1163 4540 ex
1191 4485 1279 4539 his
1317 4485 1375 4540 in
1413 4483 1596 4541 cordis
1641 4484 1840 4540 abditis
1887 4485 2100 4538 la3tatus

510 4593 624 4633 non
655 4576 748 4643 sit,
781 4571 910 4646 quia
939 4572 1204 4628 nimirum
1235 4572 1466 4643 gaudere
1509 4587 1619 4626 non
1659 4578 1870 4642 poterat
1911 4571 1978 4626 de
2008 4570 2096 4626 his
2123 4568 2174 4628 D

511 4683 630 4740 quae
659 4683 754 4738 per
778 4663 1154 4720 delectationis
1182 4662 1517 4718 desiderium
1546 4678 1656 4718 non
1687 4661 1926 4718 videbat.

581 4754 720 4829 [Vet.
742 4754 866 4826 IV.)
893 4753 942 4808 7.
972 4753 1168 4808 Carent
1184 4769 1246 4807 ne
1265 4769 1373 4806 suae
1382 4752 1680 4822 prudentia:
1692 4752 2010 4805 innituntur.
2029 4779 2100 4790 —

509 4843 566 4901 Si
595 4861 724 4899 vero
751 4849 948 4899 cuncta
985 4841 1100 4896 haec
1143 4857 1262 4913 quae
1287 4840 1450 4912 juxta
1499 4839 1788 4895 historiam
1817 4836 2100 4893 tractando
2124 4846 2144 4858 ‘

509 4941 652 4998 700
703 4928 1065 4986 discurrimus
1119 4945 1214 5000 per
1259 4928 1532 5000 allegoria;
1577 4943 1795 5000 quoque
1841 4925 2101 4997 mysteria

505 5035 930 5102 perscrutemur,
955 5022 1088 5095 quid
1102 5023 1208 5079 hoc
1227 5024 1286 5078 in
1303 5024 1424 5079 loco
1445 5037 1641 5077 aurum
1661 5020 1979 5091 accipimus,
1993 5021 2100 5076 nisi

505 5118 749 5190 praeclari
782 5113 1095 5169 intellectus
1145 5112 1465 5182 ingenium;
1519 5108 1654 5180 quid
1697 5109 1962 5180 obryzum
1993 5109 2102 5164 nisi

507 5205 924 5272 mentem‘lquae
946 5199 1077 5254 dum
1109 5197 1234 5268 igne
1274 5196 1476 5251 amoris
1505 5197 1850 5266 excoquitur,
1891 5211 2101 5266 semper

510 5292 570 5346 in
595 5308 650 5346 se
678 5297 857 5346 servat
885 5287 1190 5342 claritatem
1219 5282 1656 5357 pulchritudinis
1685 5284 2003 5356 quotidiana
2019 5283 2101 5338 in-

584 5537 605 5574 ί
631 5535 830 5603 Laud.,
859 5535 1000 5604 quod
1024 5551 1162 5589 nunc
1188 5537 1443 5592 nimirum
1469 5545 1743 5594 memorat.

583 5608 607 5643 ³
660 5609 803 5662 Prat.
833 5612 888 5660 et
915 5605 1011 5659 alii
1052 5607 1266 5672 Norm.,
1296 5609 1342 5664 si
1387 5609 1639 5680 aspexi...
1691 5625 1798 5664 non
1852 5607 2100 5665 exaudiet

512 5697 676 5754 Deus.

585 5788 606 5821 ³
633 5787 795 5842 Deest
823 5784 994 5839 tuscis
1023 5783 1081 5838 in
1113 5784 1278 5853 Utic.,
1308 5785 1504 5841 Pratel.
1535 5803 1597 5842 ac
1623 5786 1766 5858 plur.

2188 609 2212 644 ι
2243 616 2600 674 veterascere,
2631 623 2751 679 qua:
2779 607 2960 661 studet
2987 622 3082 677 per
3110 605 3440 661 desiderium
3470 625 3695 680 semper
3717 610 3807 665 in.

2188 696 2404 754 choare.
2438 696 2581 750 Hinc
2609 710 2842 766 namque
2871 710 2965 765 per
2992 693 3222 749 Paulum
3251 693 3456 750 dicitur
3487 715 3498 750 :
3534 699 3807 754 Renova—

2189 785 2320 839 mini
2347 785 2543 855 spiritu
2562 785 2745 838 mentis
2774 790 2954 838 vestra:
2985 783 3201 853 (Ephes.
3235 799 3315 848 ιν,
3338 782 3454 853 23).
3482 785 3627 841 Hinc
3647 787 3804 842 Psal-

2195 875 2377 940 mista,
2407 875 2500 946 qui
2531 873 2599 928 ad
2636 873 2985 944 perfectionis
3024 868 3138 942 jam
3170 872 3387 926 culmen
3440 884 3802 945 pervenerat,

2194 965 2350 1036 quasi
2373 963 2636 1018 inchoans
2655 963 2870 1018 dicebat
2893 980 2903 1016 :
2928 962 3079 1027 Dixi,
3097 963 3368 1032 nuncerrpi
3389 965 3569 1031 (Psal.
3595 983 3804 1032 Lxxvr,

2201 1054 2313 1124 11-),
2344 1053 2472 1124 quia
2501 1051 2756 1106 videlicet
2804 1053 2850 1105 si
2898 1051 3182 1105 lassescere
3211 1051 3277 1104 ab
3330 1052 3602 1109 inchoatis
3631 1055 3804 1110 bonis

2153 1183 2166 1194 .
2197 1141 2476 1205 nolumus,
2508 1140 2666 1194 valde
2688 1155 2904 1195 necesse
2929 1147 3009 1193 est
3041 1147 3100 1193 ut
3126 1139 3381 1194 inchoare
3415 1157 3514 1196 nos
3543 1145 3804 1214 quotidie

2199 1229 2502 1284 credamus.
2534 1230 2643 1284 Nec
2663 1230 2920 1284 abhorret
2949 1245 2980 1283 a
3007 1229 3238 1283 rationis
3259 1229 3452 1284 ordine
3482 1232 3630 1302 quod
3659 1250 3803 1288 auro

2201 1318 2438 1374 dicimus
2469 1319 2750 1388 ingenium
2769 1318 3206 1388 designari,quia
3220 1319 3361 1372 sicut
3397 1319 3449 1372 in
3466 1331 3803 1376 ornamento

2201 1421 2394 1460 aurum
2425 1407 2771 1476 supponitur,
2799 1414 2859 1460 ut
2899 1421 3229 1475 gen’imaruni
3263 1406 3496 1478 desuper
3525 1409 3665 1464 ordo
3703 1411 3805 1464 di—

2202 1504 2483 1566 sponatur,
2506 1496 2580 1548 ita
2609 1493 2755 1548 clara.
2783 1501 3092 1548 sanctorum
3125 1495 3341 1563 ingenia
3371 1495 3578 1552 divinis
3607 1515 3803 1554 mune-

2203 1586 2356 1640 ribus
2388 1584 2672 1639 humiliter
2699 1584 3138 1651 substernuntur,
3181 1591 3235 1638 et
3263 1583 3521 1641 distincta
3545 1605 3715 1658 super
3743 1606 3803 1644 se

2206 1674 2501 1744 gratiarum
2517 1673 2659 1728 dona
2680 1674 3005 1744 percipiunt.
3031 1674 3101 1728 Et
3125 1674 3228 1728 nisi
3251 1675 3384 1745 quid
3401 1677 3580 1732 simile
3597 1694 3801 1734 aurum

2205 1779 2328 1820 cum
2351 1763 2614 1832 sapientia
2632 1762 2872 1827 haberet,
2895 1761 3114 1833 quidam
3137 1763 3352 1832 sapiens
3375 1767 3601 1820 minime
3625 1767 3801 1822 dixis-

2206 1859 2286 1906 set
2316 1869 2326 1904 :
2360 1850 2629 1920 Sapientia
2685 1851 2954 1915 absconsa,
2987 1857 3032 1902 et
3067 1851 3342 1904 thesaurus
3401 1853 3622 1919 incisus,
3683 1874 3804 1924 qum

2206 1938 2408 1990 utilitas
2442 1937 2495 1990 in
2525 1936 2795 2005 utri-usque
2824 1936 3012 2005 (Eccli.
3044 1952 3143 2003 xx,
3172 1937 3239 1992 32
3267 1955 3279 2004 ;
3304 1955 3418 2004 xm,
3454 1941 3542 2009 17)
3566 1943 3804 1998 Ῠὸίιῐιειί

2207 2033 2388 2080 autem
2419 2024 2526 2078 viri
2555 2023 2723 2078 robur
2767 2039 2927 2078 suum
2967 2039 3160 2079 aurum
3204 2041 3312 2079 non
3341 2027 3628 2097 deputant;
3669 2031 3806 2100 quia

2208 2112 2547 2185 quantolibet
2593 2113 2812 2184 ingenio
2854 2112 3291 2183 fulgeant,'nihil
3337 2132 3394 2170 se
3422 2132 3538 2170 esse
3570 2134 3642 2171 ex
3683 2117 3805 2173 suis

2209 2201 2420 2256 viribus
2451 2208 2696 2272 pensant.
2726 2202 2796 2255 Et
2823 2217 2945 2255 cum
2977 2203 3178 2256 sentire
3201 2205 3386 2258 omnia
3413 2206 3660 2259 valenter
3680 2223 3803 2276 pos-

2207 2297 2355 2356 sunt,
2389 2291 2538 2359 prius
2574 2289 2877 2358 intelligere
2904 2291 3220 2360 semetipsos
3247 2293 3497 2362 cupiunt,
3529 2302 3803 2365 quatenus

2210 2377 2393 2432 lumen
2421 2376 2626 2446 ingenii
2654 2391 2802 2430 more
2824 2376 2954 2430 solis
2975 2377 3379 2446 priusillustret
3404 2381 3586 2436 locum
3612 2384 3666 2436 in
3691 2400 3802 2454 quo

2209 2466 2406 2532 oritur,
2437 2472 2490 2519 et
2537 2464 2882 2536 postmodum
2937 2473 3148 2531 cratera,
3192 2467 3260 2521 ad
3295 2485 3413 2540 quae
3455 2471 3800 2540 procedendo

2210 2552 2491 2619 dilatatur,
2519 2569 2586 2607 ne
2613 2553 2658 2608 si
2685 2552 3020 2607 intendendo
3048 2557 3438 2624 cognoscendis
3461 2557 3586 2613 aliis
3605 2568 3802 2614 sen'iet-

2211 2642 2357 2711 ipsos
2386 2641 2653 2707 nesciant,
2680 2639 2754 2695 ibi
2777 2641 2908 2695 solis
2928 2642 3114 2695 radius
3139 2643 3228 2697 ubi
3260 2645 3436 2698 oritur
3454 2647 3801 2704 obtenehres-

2208 2737 2314 2785 cat.
2349 2729 2559 2799 Ingenii
2592 2729 2776 2800 itaque
2811 2729 3070 2784 virtutem
3105 2729 3171 2783 ad
3213 2733 3642 2801 cognoscendam
3681 2752 3802 2805 pro-

2211 2817 2384 2888 priam
2402 2816 2775 2871 inﬁrmitatem
2791 2817 3058 2886 dirigunt,
3080 2825 3241 2889 atque
3254 2836 3318 2874 ex
3332 2821 3385 2873 in
3395 2821 3674 2876 [inuitatis
3690 2841 3800 2878 sure

2211 2909 2406 2964 melius
2455 2909 2765 2979 cognitione
2793 2908 3201 2963 convalescunt.
3235 2913 3444 2965 Aurum
3477 2927 3605 2982 ergo
3633 2913 3803 2968 robur

2209 3015 2320 3053 non
2340 2998 2602 3065 creditur,
2622 2999 2668 3053 si
2700 2998 2758 3052 in
2787 3006 3008 3067 accepto
3034 2999 3252 3067 ingenio
3279 3001 3480 3054 fiducia
3503 3019 3612 3057 non
3639 3003 3801 3058 habe-

2208 3093 2319 3141 tur.
2353 3085 2509 3152 Quod
2535 3085 2671 3140 bene
2704 3086 2958 3140 Salomon
2991 3085 3308 3151 admonens,
3340 3088 3416 3141 ait
3449 3107 3460 3142 :
3494 3090 3639 3144 Habe
3665 3094 3800 3161 ﬁdu-

2208 3175 2343 3228 ciam
2363 3173 2419 3225 in
2451 3173 2672 3226 Domino
2702 3173 2722 3204 ⁵
2753 3172 2808 3225 in
2832 3178 2932 3225 toto
2953 3173 3105 3226 corde
3127 3180 3234 3237 tuo,
3256 3182 3301 3227 el
3323 3193 3380 3228 ne
3405 3178 3652 3233 innitaris
3672 3198 3802 3250 pru-

2209 3261 2394 3314 dentiae
2433 3266 2534 3312 tua:
2562 3260 2746 3328 (Prov.
2779 3277 2866 3325 Ill,
2900 3261 2980 3328 5).
3009 3261 3164 3316 Dicat
3192 3279 3317 3330 ergo
3353 3281 3362 3317 :
3399 3266 3456 3319 Si
3483 3269 3669 3334 μυί(ιυὶ
3704 3288 3804 3323 au-

2210 3364 2330 3401 rum
2363 3347 2530 3400 robur
2556 3364 2747 3411 meum,
2781 3353 2829 3401 et
2856 3347 3048 3416 obryzo
3081 3349 3217 3416 dixi,
3252 3352 3448 3419 ﬁducia
3475 3372 3608 3409 mea.
3645 3358 3726 3411 Ac
3757 3359 3802 3412 si

2210 3441 2396 3506 aperte
2425 3433 2681 3499 fateatur,
2704 3434 2890 3490 dicens
2925 3453 2936 3489 :
2969 3437 3075 3492 Nec
3098 3455 3215 3508 quae
3243 3441 3507 3498 veraciter
3526 3444 3802 3515 intellexi,

2211 3539 2332 3579 meo
2365 3522 2587 3593 ingenio
2605 3521 2798 3591 tribui,
2823 3539 2924 3580 nec
2944 3527 3114 3579 menti
3148 3529 3401 3598 propria),
3423 3532 3466 3584 si
3499 3549 3606 3603 qua
3631 3537 3806 3605 egisse

2211 3626 2298 3665 me
2347 3609 2494 3666 bona
2539 3611 2790 3681 contigit,
2822 3611 2938 3666 haec
2970 3614 3345 3683 principaliter
3382 3617 3664 3688 deputavi.
3697 3623 3807 3690 Qui

2210 3700 2390 3757 adhuc
2417 3700 2676 3756 subtilius
2705 3701 3075 3758 humilitatem
3113 3704 3271 3760 nobis
3301 3707 3387 3762 sui
3430 3709 3613 3765 cordis
3657 3712 3808 3769 insi-

2209 3804 2408 3857 nuans,
2438 3788 2690 3861 adjungit
2715 3789 2902 3845 dicens
2933 3807 2944 3845 :

2665 3893 2892 3950 CAPUT
2925 3896 2975 3952 v
3006 3894 3152 3970 [Ree.
3189 3899 3329 3974 111].

2282 3998 2452 4055 Vnus.
2491 4000 2580 4055 25.
2608 4029 2679 4042 —
2725 4002 2784 4057 Si
2831 4003 3034 4059 testatus
3064 4022 3180 4059 sum
3210 4023 3369 4077 super
3393 4009 3576 4065 multis
3606 4011 3808 4071 divitiis

2210 4086 2358 4150 meis,
2387 4093 2435 4140 et
2460 4087 2588 4156 quia
2611 4088 2851 4158 plurima
2871 4092 3066 4160 reperit
3084 4111 3270 4148 manus
3297 4113 3432 4152 mea.

2281 4175 2334 4230 8.
2366 4175 2540 4231 Multa
2569 4175 2626 4228 in
2671 4178 2838 4230 sacris
2883 4179 3072 4234 litteris
3117 4182 3403 4253 intelligere
3426 4188 3807 4258 periculosum,

2211 4263 2317 4317 nisi
2363 4265 2622 4318 intellecta
2660 4267 3042 4323 custodiantur.
3074 4299 3144 4310 —
3171 4271 3314 4336 Quid
3355 4275 3554 4330 multas
3584 4277 3808 4335 divitias

2213 4352 2506 4423 appellatas
2528 4368 2622 4422 per
2643 4354 3100 4424 signiﬁcationem
3132 4359 3154 4392 °
3179 4360 3475 4429 credimus,
3507 4364 3616 4420 nisi
3639 4367 3808 4423 abun-

2213 4443 2398 4498 dantia
2414 4444 2666 4497 acumina
2701 4445 3057 4499 consiliorum
3083 4446 3110 4500 ‘i‘
3131 4446 3260 4512 Quae
3296 4453 3592 4520 qurerentis
3613 4471 3807 4512 manus

2212 4531 2447 4599 invenit,
2478 4550 2602 4588 cum
2627 4533 2742 4589 haec
2769 4534 3026 4604 cogitatio
3049 4539 3328 4592 tractantis
3349 4539 3542 4610 gignit.
3568 4543 3680 4599 Has
3705 4554 3806 4602 ete-

2208 4619 2326 4672 nim
2359 4618 2618 4672 Salomon
2667 4619 2946 4688 sapientia:
2987 4619 3210 4674 divitias
3241 4626 3646 4695 contemplatus
3675 4631 3754 4686 ait
3791 4647 3803 4686 :

2213 4707 2426 4762 Corona
2451 4706 2769 4776 sapientium
2790 4707 2987 4760 divitite
3008 4725 3187 4761 eorum
3212 4710 3396 4779 (Prov.
3420 4729 3540 4778 xiv,
3563 4717 3683 4789 24).
3705 4719 3805 4786 Qui

2211 4793 2339 4866 quia
2380 4792 2602 4848 divitias
2653 4809 2762 4848 non
2803 4796 3019 4849 metalla
3048 4803 3280 4865 terrena,
3318 4800 3411 4854 sed
3459 4803 3804 4872 prudentiam

2211 4881 2480 4948 nominat,
2511 4880 2666 4936 illico
2697 4897 2792 4951 per
2819 4884 3261 4940 contrarietatem
3287 4887 3476 4944 subdit
3510 4907 3521 4945 :
3561 4893 3804 4950 Fatuitas

2212 4972 2494 5026 stultorum
2559 4970 2914 5040 imprudentia
2968 4971 3180 5044 (Ibid).
3233 4973 3292 5029 Si
3343 4977 3490 5032 enim
3547 4995 3801 5038 coronam

2211 5057 2537 5128 sapientium
2561 5065 2800 5112 terrenas
2826 5058 3050 5114 divitias
3070 5060 3296 5127 diceret,
3323 5067 3514 5134 procul
3539 5067 3714 5125 dubio
3733 5071 3801 5124 fa-

2208 5147 2460 5201 tuitatem
2491 5145 2784 5200 stultorum
2812 5155 3179 5218 paupertatem
3205 5152 3386 5220 potius
3407 5170 3572 5226 quam
3605 5157 3804 5229 impru-

2209 5235 2450 5290 dentiam
2482 5233 2758 5288 fateretur.
2785 5234 2888 5289 Sed
2909 5235 3038 5290 dum
3060 5236 3367 5292 fatuitatem
3391 5242 3688 5301 stultorum
3709 5247 3800 5302 im-

2208 5323 2556 5396 prudentiam
2585 5323 2851 5393 subdidit,
2881 5325 3191 5396 sapientum
3236 5327 3461 5384 divitias
3506 5333 3640 5404 quia,
3669 5351 3802 5407 pm—

2279 5578 2302 5650 ξ
2332 5577 2541 5650 Germ.,
2569 5576 2738 5633 Laud.
2775 5586 2829 5634 et
2857 5578 3018 5637 Corb.
3051 5583 3261 5650 Germ.,
3289 5588 3619 5641 veterescere.

2207 5648 2514 5774 ωἰάρίὲοιθῦ.
2563 5650 2770 5717 Germ.,
2821 5650 3018 5722 Laud.,
3051 5648 3252 5710 Germ.
3284 5661 3338 5706 et
3389 5655 3552 5724 pler.,
3605 5672 3672 5710 ea:
3704 5660 3796 5709 toto

2281 5789 2304 5825 ⁶
2326 5787 2587 5857 Vindoc.,
2617 5791 2856 5850 dicimus.
