3928 6426
1642 423 1889 485 SANCTI
1924 423 2261 483 GREGORII
2294 423 2521 483 MAGNI

440 557 730 617 mttunt.
748 550 1192 613 Non-absolvitur
1207 549 1412 611 debitor
1429 550 1524 625 qui
1537 551 1707 607 multa
1724 550 1921 615 reddit,
1939 549 2030 606 sed
2056 550 2109 612 Δ
2139 549 2331 606 bemus
2358 548 2626 621 inspicere
2651 562 2772 620 quae
2792 545 2937 602 bona
2954 542 3191 602 necdum
3209 542 3636 616 fecimus,quam
3657 556 3727 603 es

439 643 536 723 qui
553 641 951 705 omnim—Sol
980 641 1184 716 quippe
1210 642 1272 699 in
1305 640 1516 713 fulgore
1552 647 1635 697 est
1658 639 1863 697 bonum
1893 655 2032 711 opus

439 732 506 802 in
552 730 1016 795 manifestatione.
1060 729 1340 803 Scriptum
1384 743 1620 800 namque
1655 734 1739 784 est
1779 744 1794 785 :
1838 727 2034 784 Luceat

441 818 543 883 tu
571 827 748 879 eum
772 834 954 877 coram
991 816 1309 884 hominibus,
1339 822 1401 875 ut
1422 816 1636 873 uideant
1667 831 1833 888 opera
1856 819 2030 871 vestra

441 907 601 980 bona,
628 913 680 967 et
717 907 1011 982 gloriﬁcent
1045 907 1265 969 Patrem
1306 911 1539 963 uestrum
1574 904 1671 978 qui
1698 904 1758 960 in
1780 905 1922 963 caelis
1956 909 2033 963 est

443 995 659 1070 (unus.
689 1012 748 1067 ν,
781 995 896 1068 ιθ).
942 995 1018 1055 Et
1062 1010 1325 1052 rursum:
1361 993 1479 1051 seu
1520 993 1687 1051 lumbi
1712 992 1871 1048 uestri
1891 1009 2032 1064 pm.

439 1084 617 1152 cincti,
641 1089 693 1139 et
719 1083 946 1140 lucerna
973 1078 1218 1139 ardentes
1242 1081 1398 1153 (Luc.
1423 1097 1529 1150 xu,
1549 1079 1666 1153 35).
1696 1079 1854 1150 Quod
1881 1079 2030 1137 enim

439 1169 549 1231 hoc
583 1171 646 1231 in
683 1170 805 1231 loco
831 1169 1077 1244 fulgente
1112 1171 1250 1240 sole,
1281 1169 1341 1229 id
1379 1169 1439 1227 in
1466 1169 1769 1241 Evangelio
1791 1167 2032 1226 lucernis

439 1258 758 1317 ardentibus
785 1258 1122 1331 designatur.
1153 1258 1366 1317 Bonum
1396 1257 1599 1332 quippe
1635 1273 1773 1330 opus
1807 1273 1937 1315 cum
1971 1258 2032 1315 in

440 1347 627 1407 medio
646 1346 985 1423 perﬁdorum
1004 1348 1173 1416 lucet,
1194 1347 1419 1405 lucerna
1435 1346 1591 1404 ardet
1607 1347 1666 1403 in
1684 1353 1875 1413 nocte;
1901 1361 2030 1404 cum

441 1450 575 1493 vero
601 1436 660 1494 in
689 1437 937 1495 Ecclesia
964 1435 1295 1510 resplendet,
1311 1436 1394 1492 sol
1422 1435 1792 1507 fulgetindie.
1816 1435 2031 1491 Bonum

439 1537 578 1600 Opus
603 1524 651 1582 si
679 1525 861 1583 adhuc
885 1526 996 1582 tale
1018 1532 1121 1594 est,
1152 1525 1300 1599 quod
1329 1524 1434 1582 soli
1460 1525 1593 1581 mali
1615 1524 1907 1591 mirantur,
1932 1523 2033 1578 lu—

439 1626 603 1671 cerna
620 1610 882 1670 videlicet
904 1613 964 1669 in
983 1619 1144 1670 nocte
1167 1619 1284 1680 est;
1314 1612 1364 1669 si
1389 1619 1572 1669 autem
1600 1611 1677 1668 ita
1702 1609 1940 1684 proﬁcit,
1967 1615 2034 1667 ut

439 1700 633 1761 mirari
656 1716 693 1761 θ.
716 1700 880 1758 bonis
904 1717 968 1759 ac
992 1700 1410 1772 perfectioribus
1435 1700 1627 1772 possit,
1655 1698 1920 1755 nimirum
1947 1698 2032 1755 sol

440 1794 527 1844 est
548 1788 607 1843 in
632 1788 741 1844 die.
775 1789 990 1845 Bonum
1005 1805 1145 1860 opus
1158 1804 1286 1847 cum
1306 1804 1405 1861 per
1415 1791 1654 1846 activam
1685 1791 1703 1824 ¹
1725 1789 1895 1847 vitam
1914 1804 2033 1847 cor-

440 1873 593 1965 poris
640 1875 840 1965 lucet,~
860 1874 1016 1949 quasi
1062 1875 1323 1965 lucernae,
1345 1891 1516 1965 more,
1555 1877 1739 1935 lumen
1768 1892 1852 1932 .ex
1893 1884 2030 1965 testa
2059 1900 2110 1965 Β

440 1961 770 2037 resplendet.
802 1962 942 2021 Cum
965 1978 1098 2019 vero
1128 1978 1225 2037 per
1247 1963 1419 2020 solam
1451 1963 1711 2019 virtutem
1742 1963 1942 2020 mentis
1971 1965 2031 2022 in

439 2050 904 2123 contemplatione
941 2050 1240 2121 attollitur,
1267 2050 1423 2124 quasi
1455 2067 1607 2107 more
1639 2050 1771 2107 solis
1799 2051 1866 2107 de
1891 2051 2031 2110 coelo

439 2137 667 2196 veniens
708 2139 808 2197 lux
856 2138 1092 2199 videtur.
1133 2138 1273 2207 Quia
1304 2139 1472 2213 igitur
1498 2140 1673 2196 multa
1703 2139 1892 2197 beatus
1927 2139 2030 2199 Job

437 2223 832 2301 hospitalitatis
855 2243 922 2286 ac
949 2227 1340 2287 misericordia
1362 2227 1430 2285 de
1445 2243 1502 2285 se
1525 2227 1669 2285 bona
1693 2235 2028 2300 narraverat,

436 2329 560 2388 quae
588 2314 834 2388 profecto
859 2323 1014 2375 tanto
1041 2315 1222 2374 adhuc
1247 2316 1500 2387 minima,
1521 2323 1729 2390 quanto
1748 2323 1803 2372 et
1824 2332 2029 2388 corpo-

435 2403 628 2460 raliter
652 2412 881 2462 noverat
898 2411 1067 2479 gesta,
1085 2404 1156 2462 ad
1175 2404 1443 2463 virtutum
1460 2403 1793 2478 spiritalium
1807 2405 2030 2463 culmen

434 2491 638 2549 mentis
661 2492 885 2551 oculum
913 2508 1197 2564 revocans,
1224 2492 1576 2567 perfectionis
1605 2509 1718 2549 suae
1750 2492 2025 2563 meminit,

435 2586 493 2635 et
516 2581 697 2638 lucem
711 2582 1114 2659 exemplorum,
1136 2597 1300 2656 quam
1315 2581 1383 2639 de
1401 2597 1459 2638 se
1473 2580 1599 2637 aliis
1616 2576 1834 2651 tribuit,
1853 2582 2025 2637 solem

434 2668 676 2724 vocavit.
710 2666 856 2743 [Rec.
895 2667 984 2743 V.]
1001 2668 1141 2725 Sunt
1165 2684 1296 2725 vero
1321 2669 1577 2726 nonnulli
1606 2669 1703 2742 qui
1729 2684 1858 2726 cum
1881 2668 2027 2725 bona

435 2752 621 2830 aliqua
659 2755 894 2826 faciunt,
926 2756 1283 2830 iniquitatum
1322 2774 1546 2814 suarum
1593 2756 1845 2830 protinus
1872 2757 2028 2814 obli-

435 2840 749 2913 viscuntur,
768 2848 823 2898 et
847 2843 1030 2901 cordis
1054 2845 1275 2902 oculum
1301 2844 1360 2900 in
1389 2842 1827 2902 consideratione
1855 2844 2024 2901 bono-

432 2944 559 2989 rum
600 2946 827 3006 operum
870 2948 990 3006 qua
1017 2931 1283 2989 exhibent
1311 2931 1518 3006 ﬁgunt;
1551 2939 1713 3007 atque
1737 2948 1804 2989 eo
1828 2949 1884 2989 se
1905 2932 2022 3006 jam

432 3027 650 3078 sanctos
671 3020 1014 3090 existimant,
1034 3038 1144 3097 quo
1173 3022 1319 3078 inter
1347 3023 1492 3079 bona
1514 3039 1635 3097 quas
1661 3028 1833 3095 agunt
1856 3025 2023 3080 malo-

431 3125 557 3168 rum
596 3125 848 3181 suorum,
872 3109 933 3167 in
970 3109 1172 3186 quibus
1198 3117 1254 3168 et
1278 3110 1507 3167 fortasse
1546 3109 1729 3166 adhuc
1756 3109 2025 3183 implicati

431 3207 583 3273 sunt,
598 3199 922 3259 memoriam
947 3199 1248 3259 declinant.
1271 3197 1378 3267 Qui
1397 3198 1607 3254 scilicet
1636 3197 1683 3254 si
1713 3196 2027 3258 districtio-

431 3302 560 3346 nem
577 3286 787 3359 judicis
814 3286 1110 3359 vigilanter
1137 3283 1503 3353 attenderent,
1515 3284 1639 3357 plus
1653 3284 1719 3340 de
1738 3287 1894 3343 malis
1909 3289 2024 3347 suis

432 3379 743 3432 metuerent
770 3387 937 3444 quam
967 3368 1035 3427 de
1081 3370 1416 3443 imperfectis
1467 3371 1628 3431 bonis
1664 3377 2026 3447 exsultarent,

435 3467 582 3527 703
618 3470 743 3544 plus
778 3467 1117 3543 inspicerent
1162 3468 1308 3542 quod
1351 3467 1418 3525 de
1465 3469 1554 3526 his
1583 3487 1704 3546 quas
1732 3471 1916 3530 adhuc
1948 3471 2028 3529 eis

433 3560 644 3636 agenda
670 3568 801 3620 sunt
825 3559 1101 3617 debitores
1131 3567 1409 3628 tenentur,
1437 3577 1600 3636 quam
1627 3561 1775 3635 quod
1802 3577 2028 3635 operan-

432 3646 780 3725 tesquasdam
794 3647 912 3721 jam
940 3647 1113 3707 debiti
1145 3655 1352 3721 partem
1383 3649 1627 3709 solvunt.
1657 3650 1847 3724 Neque
1875 3651 2027 3709 enim

432 3736 716 3799 absolutus
733 3745 819 3795 est
832 3737 1048 3796 debitor
1066 3737 1161 3811 qui
1184 3738 1358 3796 multa
1378 3736 1679 3809 reddit,sed
1693 3739 1787 3813 qui
1803 3740 2024 3809 omnia;

431 3842 536 3886 nec
556 3824 628 3885 ad
654 3824 908 3885 brevium
929 3826 1176 3886 victoriae
1194 3827 1446 3901 pervenit
1465 3825 1561 3905 qui
1579 3827 1636 3882 in
1659 3843 1855 3903 magna
1877 3835 2029 3900 parte

431 3914 730 3989 spectaculi
759 3915 1020 3973 velociter
1055 3914 1253 3987 currit,
1284 3914 1308 3984 ἓ
1337 3913 1383 3970 si
1407 3912 1570 3987 juxta
1600 3921 1774 3972 metas
1801 3915 2029 3974 veniens

429 4007 492 4061 in
530 4002 638 4063 hoc
676 4003 825 4081 quod
867 4011 949 4061 est
977 4004 1253 4079 reliquum
1293 4001 1501 4061 deﬁcit.
1531 4003 1643 4063 Nec
1673 4003 1745 4063 ad
1771 4005 2030 4079 quaelibet

431 4092 702 4153 destinata
715 4094 832 4153 loca
849 4092 1200 4171 pergentibus
1227 4092 1541 4153 inchoando
1566 4093 1786 4166 prodest
1803 4097 2029 4168 longum

433 4183 539 4241 iter
586 4198 829 4253 carpere,
874 4185 923 4244 si
960 4199 1072 4243 non
1113 4183 1281 4241 etiam
1309 4190 1487 4245 totum
1517 4184 1738 4247 valeant
1773 4201 2027 4245 consum-

433 4285 604 4329 mare.
632 4269 741 4339 Qui
760 4285 888 4341 ergo
904 4277 1164 4329 aeternam
1192 4271 1367 4331 vitam
1393 4272 1715 4349 quaerimus,
1743 4274 1838 4348 qui
1873 4271 2029 4333 aliud

433 4374 599 4434 quam
623 4356 872 4435 quedam
904 4357 1104 4415 itinera
1130 4358 1366 4435 agimus,
1403 4377 1498 4435 per
1528 4379 1650 4439 qua:
1692 4361 1763 4419 ad
1793 4363 2028 4434 patriam

432 4446 800 4509 featiuamus?
839 4445 947 4505 Sed
983 4445 1118 4523 quid
1163 4446 1385 4520 prodest
1418 4450 1567 4527 quod
1595 4450 1873 4523 carpimus
1910 4457 2028 4507 tam

433 4537 631 4606 multa,
659 4534 709 4593 si
734 4549 798 4595 ea
823 4551 944 4612 quas
969 4535 1041 4599 ad
1066 4537 1499 4613 perveniendum
1525 4545 1755 4611 restant,
1782 4538 2029 4615 negligi-

431 4641 558 4684 mus
582 4625 792 4699 reliqua
806 4625 839 4682 7

502 4715 590 4772 12.
618 4714 740 4773 Non
765 4714 895 4791 quid
920 4713 1131 4770 itineris
1144 4713 1267 4784 jam
1291 4719 1570 4786 peractum
1595 4714 1686 4778 sit,
1716 4714 2020 4771 considere-

427 4821 568 4872 mus,
591 4804 680 4861 sed
704 4802 836 4876 quid
850 4804 1088 4875 supersit
1093 4803 1696 4875 peragendum—More
1712 4802 1893 4877 itaque
1908 4803 2022 4860 via-

427 4901 635 4962 torum,
664 4906 1006 4964 nequaquam
1047 4889 1309 4945 debemus
1336 4888 1578 4961 aspicere
1615 4897 1882 4964 quantum
1905 4888 2020 4962 jam

430 4983 535 5040 iter
565 4981 800 5054 egimus,
835 4977 934 5034 sed
962 4985 1229 5051 quantum
1260 4984 1508 5050 superest
1537 4979 1559 5013 ³
1589 4986 1652 5035 ut
1682 4995 2021 5052 peragamus,

430 5078 494 5128 ut
530 5070 809 5144 paulisper
853 5066 951 5124 ﬁat
994 5065 1338 5139 praeteritum
1379 5067 1529 5140 quod
1557 5067 1932 5127 indesinenter
1966 5077 2025 5128 et

431 5157 624 5216 timide
647 5154 833 5217 adhuc
854 5154 1162 5216 attenditur
1182 5152 1457 5215 futurum.
1474 5156 1735 5231 Amplius
1747 5157 1918 5231 igitur
1931 5157 2025 5216 de-

509 5460 530 5497 ¹
559 5459 641 5520 Ita
676 5458 849 5540 Corb.‘
869 5461 1078 5540 Germ,
1104 5463 1321 5540 Norm,,
1346 5463 1578 5540 Tui-om,
1604 5460 1790 5523 Germ.
1792 5505 1835 5540 ,-
1846 5461 2020 5540 Laud.

436 5526 499 5615 In
529 5505 1583 5615 _1;B'Eexfu§§ibiiﬁf5§’c§§5’£iiu}"iﬁei
1607 5505 2028 5595 “ν”ἑίῗ’ὲῖἑίἰ“εἷῖἐ

437 5600 729 5661 lectionem
758 5602 886 5661 Mss.
919 5600 1306 5661 retinentibus.

505 5670 533 5711 ⁸
570 5670 851 5756 νημαι,
886 5673 975 5756 sed
1009 5672 1102 5747 qui
1123 5672 1288 5756 juxta
1314 5681 1494 5756 metas,
1527 5676 1611 5737 Ita
1643 5672 1810 5730 etiam
1858 5670 2024 5735 Corb.

437 5743 648 5812 Germ.,
677 5743 892 5813 Norm.,
923 5743 1140 5813 Germ;
1159 5744 1362 5802 omisso
1390 5746 1503 5816 qui.

507 5816 530 5852 ³
567 5814 694 5874 Val.
725 5813 810 5874 Cl.
841 5821 898 5873 et
924 5813 1124 5884 Laud.,
1151 5821 1212 5872 ut
1231 5831 1514 5886 pergamus

678 5856 694 5874 ο
726 5856 810 5874 νυ
842 5856 898 5873 νυ
924 5856 1124 5884 ψυιιο,
1156 5856 1314 5884 πνμνι
1329 5856 1534 5884 υυυυυυυυνο

2138 654 2258 712 quae
2290 636 2404 709 jam
2450 654 2550 695 nos
2579 636 2770 692 fecisse
2800 633 3115 706 gaudemus.
3145 631 3251 690 Sed
3278 630 3443 688 habet
3471 631 3580 688 hoc
3604 631 3731 688 hu-

2139 743 2299 784 mana
2334 727 2628 784 inﬁrmitas
2665 725 2969 798 proprium,
2998 731 3061 780 ut
3087 723 3209 796 plus
3238 721 3290 779 ei
3320 720 3523 777 intueri
3552 720 3728 778 libeat

2137 815 2285 891 quod
2311 815 2419 873 sibi
2448 815 2508 871 in
2534 831 2590 872 se
2610 815 2787 886 placet
2811 829 2977 886 quam
2991 811 3140 885 quod
3158 810 3267 867 sibi
3295 811 3352 866 in
3370 825 3427 866 se
3441 808 3727 880 displicet.

2136 905 2304 977 Eger
2327 904 2529 978 quippe
2556 903 2747 959 oculus
2778 901 2983 970 cordis,
3011 900 3144 957 dum
3175 898 3422 956 laborare
3449 897 3509 954 in
3545 897 3731 956 consi-

2138 993 2417 1051 deratione
2448 1009 2547 1050 sua
2574 991 2790 1060 metuit,
2814 991 2967 1064 quasi
3006 988 3280 1062 quoddam
3318 994 3552 1044 stratum
3582 987 3733 1044 dele.

2137 1083 2394 1140 ctationis
2409 1082 2467 1138 in
2482 1079 2788 1149 animo,ubi
2807 1079 3048 1135 molliter
3058 1076 3526 1148 jaceat,requirit;
3561 1083 3733 1148 atque

2137 1169 2346 1228 idcirco
2373 1186 2494 1243 quas
2522 1167 2810 1226 commoda
2829 1167 2898 1224 de
2916 1166 3145 1238 peractis
3167 1164 3329 1222 bonis
3353 1164 3426 1220 sit
3443 1172 3734 1223 assecutus

2139 1256 2518 1330 intelligit,sed
2537 1273 2657 1329 quas
2677 1256 2876 1312 damna
2895 1257 2918 1290 ‘
2937 1253 3006 1310 de
3023 1253 3283 1325 neglectis
3305 1253 3512 1325 patitur
3526 1254 3729 1312 nescit.

2138 1346 2465 1419 Plerumque
2512 1345 2660 1401 enim
2699 1344 2805 1403 hoc
2844 1343 2984 1400 vitio
3024 1349 3308 1399 tentantur
3337 1343 3505 1399 etiam
3540 1342 3732 1400 electi.

2140 1434 2466 1506 Plerumque
2490 1451 2679 1490 eorum
2702 1433 2855 1491 cordi
2887 1432 3196 1503 suggeritur
3231 1439 3294 1487 ut
3327 1431 3473 1488 bona
3496 1449 3739 1506 qumque

2140 1539 2261 1596 qum
2288 1523 2536 1580 fecerunt
2560 1522 2629 1578 ad
2653 1523 2898 1578 animum
2920 1528 3197 1589 revocent,
3215 1528 3271 1576 et
3289 1521 3598 1578 securitatis
3611 1519 3738 1594 jam

2141 1611 2333 1669 laetitia
2372 1613 2667 1669 exsultent.
2712 1610 2821 1668 Sed
2857 1611 2906 1666 si
2953 1625 3080 1665 vere
3106 1609 3268 1666 electi
3293 1616 3445 1678 sunt,
3473 1609 3545 1666 ab
3568 1625 3637 1667 eo
3673 1610 3739 1666 in

2140 1715 2250 1772 quo
2273 1698 2382 1757 sibi
2410 1700 2627 1772 placent
2652 1699 2851 1756 mentis
2869 1699 3058 1756 oculos
3089 1698 3395 1767 divertunt,
3419 1715 3646 1755 omnem
3672 1699 3740 1757 in

2138 1805 2197 1846 se
2215 1787 2283 1845 de
2302 1788 2531 1860 peractis
2549 1788 2708 1845 bonis
2721 1788 2968 1844 laetitiam
2988 1787 3325 1858 deprimunt,
3345 1793 3400 1842 et
3413 1786 3481 1843 de
3500 1787 3590 1845 bis
3608 1804 3740 1862 qua

2141 1893 2199 1933 se
2228 1877 2411 1932 minus
2433 1877 2604 1948 egisse
2622 1877 2942 1946 intelligunt
2956 1875 3234 1930 tristitiam
3261 1876 3570 1948 requirunt,
3588 1875 3743 1933 indi-

2144 1983 2278 2038 gnos
2306 1981 2362 2021 se
2390 1966 2684 2032 aestimant,
2701 1971 2756 2019 et
2786 1980 2919 2035 pene
2947 1965 3051 2020 soli
3080 1963 3221 2019 bona
3249 1981 3348 2020 sua
3372 1981 3484 2022 non
3512 1965 3740 2037 vident,

2139 2070 2261 2128 qua
2289 2055 2348 2110 in
2376 2070 2434 2110 se
2466 2053 2702 2110 videnda
2739 2053 2997 2110 omnibus
3024 2052 3094 2109 ad
3121 2054 3435 2126 exemplum
3460 2055 3738 2128 praebent.

2140 2143 2282 2200 Hinc
2309 2149 2392 2198 est
2415 2141 2561 2214 quod
2593 2141 2812 2209 Paulus,
2839 2141 2971 2196 dum
2996 2143 3214 2214 expleta
3241 2142 3300 2198 in
3336 2160 3394 2200 se
3417 2144 3563 2201 bona
3586 2153 3742 2218 post-

2138 2239 2383 2304 poneret,
2413 2237 2469 2287 et
2498 2230 2613 2286 sola
2647 2229 2828 2285 adhuc
2855 2230 3065 2302 reliqua
3091 2246 3213 2304 quae
3252 2240 3432 2289 essent
3458 2234 3746 2306 explenda

2137 2320 2420 2391 cogitaret,
2445 2318 2592 2374 dixit
2627 2335 2640 2372 :
2673 2319 2791 2388 Ego
2819 2334 2900 2373 me
2926 2335 3034 2374 non
3059 2319 3301 2375 arbitror
3326 2323 3745 2393 apprehendisse

2141 2406 2364 2478 (Philip.
2396 2423 2481 2475 ιη,
2513 2405 2624 2478 13).
2648 2405 2791 2462 Hinc
2819 2413 2901 2461 est
2927 2406 3075 2478 quod
3105 2414 3168 2463 ut
3192 2417 3374 2479 posset
3396 2425 3453 2465 se
3480 2410 3551 2466 de
3571 2410 3742 2469 bonis

2135 2510 2256 2568 qua
2279 2494 2470 2566 agebat
2499 2493 2816 2562 humiliare,
2854 2494 3110 2551 studebat
3137 2494 3206 2551 ad
3244 2497 3493 2554 animum
3524 2506 3747 2570 praete-

2134 2582 2242 2639 rita
2267 2585 2410 2640 mala
2437 2582 2716 2651 reducere,
2732 2582 2954 2639 dicens:
2974 2583 3079 2652 Qui
3098 2585 3256 2655 prius
3281 2584 3727 2658 fuiblasphemus

2132 2677 2182 2727 et
2200 2677 2524 2743 persecutor,
2552 2677 2603 2726 et
2626 2671 3029 2727 contumeliosus
3060 2673 3119 2743 (Ι
3149 2673 3283 2731 Tim.
3314 2688 3358 2739 ι,
3389 2672 3505 2744 13).

2205 2759 2344 2832 [γει.
2396 2757 2543 2831 VII.]
2585 2758 2670 2815 13.
2718 2760 2943 2826 Quando
2969 2760 3103 2815 bona
3125 2778 3165 2816 a
3189 2777 3243 2816 se
3275 2760 3420 2831 facta
3449 2762 3509 2817 in
3538 2780 3744 2820 mento-

2130 2845 2274 2902 riam
2299 2847 2659 2912 revocari,aut
2683 2863 2916 2904 narrare
2936 2848 3285 2916 ἰᾶσθαι-Οιιὶ
3302 2857 3360 2907 et
3372 2851 3418 2908 si
3433 2851 3747 2924 aliquando

2131 2933 2278 2991 dixit
2309 2950 2322 2991 :
2353 2935 2562 2992 Bonum
2585 2941 2847 2991 certamen
2865 2936 3082 3001 certavi,
3104 2952 3321 2994 cursum
3346 2943 3745 3010 consummavi,

2131 3024 2287 3094 ﬁdem
2312 3024 2520 3080 seruaui
2550 3024 2639 3096 (II
2662 3025 2796 3080 Tim.
2813 3039 2895 3089 1v,
2911 3023 2967 3095 7)
2986 3025 3359 3081 ?Intuendum
3385 3043 3745 3102 summopere

2131 3120 2214 3169 est
2247 3111 2376 3186 quia
2403 3111 2548 3168 illud
2575 3127 2642 3168 eo
2660 3119 2904 3183 tempore
2930 3111 3121 3167 intulit
3136 3128 3245 3184 quo
3266 3112 3382 3184 jam
3406 3131 3480 3172 ex
3502 3134 3743 3191 corpore

2133 3202 2503 3260 discessurum
2546 3215 2604 3256 se
2644 3215 2762 3256 esse
2800 3201 3080 3271 cognovit.
3109 3201 3190 3257 lbi
3235 3204 3437 3277 quippe
3464 3211 3745 3279 prmmisit

2134 3290 2322 3348 dicens
2355 3306 2367 3344 :
2398 3290 2513 3359 Ego
2541 3288 2678 3343 enim
2693 3285 2813 3356 jam
2839 3287 3062 3353 delibor,
3086 3295 3136 3343 et
3162 3297 3359 3362 tempus
3380 3309 3508 3351 mea
3529 3300 3741 3354 resolu-

2138 3377 2292 3434 tionis
2319 3376 2484 3432 instat
2513 3374 2704 3447 (Ibid,
2724 3374 2806 3447 6).
2826 3374 2980 3432 Tunc
3005 3391 3134 3447 ergo
3159 3376 3229 3434 ad
3255 3383 3579 3440 memoriam
3614 3401 3743 3459 per-

2134 3466 2428 3523 fectionem
2466 3465 2691 3522 reduxit
2716 3466 2916 3538 operis,
2946 3484 3073 3524 cum
3097 3467 3213 3540 jam
3244 3474 3500 3543 praevidit
3528 3477 3602 3534 ad
3629 3478 3745 3536 lar-

2136 3556 2321 3628 gitatis
2347 3553 2584 3626 spatium
2616 3553 2844 3612 minime
2871 3555 3091 3613 subesse
3120 3565 3336 3631 tempus
3366 3565 3735 3634 operationis.

2135 3644 2292 3702 Sicut
2319 3643 2490 3712 enim,
2535 3642 2670 3700 dum
2699 3643 2965 3714 vivimus,
2997 3645 3260 3705 debemus
3300 3650 3446 3708 bona
3482 3662 3674 3711 nostra
3702 3670 3742 3713 ι

2137 3733 2400 3790 memoria
2428 3733 2708 3805 repellere,
2738 3748 2808 3789 ne
2834 3735 3124 3805 extollant,
3154 3738 3232 3794 ita
3258 3741 3747 3816 appropinquante

2135 3822 2310 3890 exitu,
2339 3823 2659 3895 plerumque
2685 3837 2749 3878 ea
2773 3821 2842 3878 ad
2878 3825 3200 3880 memoriam
3225 3827 3248 3863 ⁵
3280 3828 3478 3885 iterum
3506 3846 3743 3892 revoca-

2135 3926 2280 3979 mus,
2300 3916 2364 3965 ut
2390 3909 2649 3966 videlicet
2676 3908 2938 3966 ﬁduciam
2980 3912 3272 3983 praebeant,
3297 3922 3354 3972 et
3378 3916 3739 3991 desperatum

2133 3999 2390 4056 timorem
2418 4004 2685 4071 premant.
2715 3997 2821 4064 Qui
2844 3999 2945 4054 etsi
2975 3999 3279 4058 Corinthiis
3302 4003 3446 4061 bona
3470 4023 3573 4064 sua
3596 4024 3741 4069 enuo

2135 4094 2398 4153 merando
2440 4094 2708 4182 narravit,
2754 4092 2901 4150 704
2940 4097 3067 4154 illos
3115 4100 3442 4160 conﬁrmem
3490 4107 3736 4182 studuit,

2135 4200 2246 4241 non
2272 4199 2329 4240 se
2357 4181 2659 4240 ostendere.
2687 4182 2825 4239 Nam
2856 4185 2986 4256 quia
3007 4187 3194 4244 eadem
3220 4188 3364 4247 bona
3391 4192 3415 4228 ⁶
3440 4208 3555 4250 non
3583 4197 3643 4253 in
3674 4214 3739 4256 se

2134 4272 2458 4340 attenderet,
2487 4272 2758 4344 patefacta
2777 4271 3134 4331 tribulatione
3155 4279 3387 4349 propriae
3406 4284 3737 4346 tentationis

2135 4361 2355 4418 edocuit
2382 4374 2491 4433 qua
2512 4375 2766 4432 expressa
2788 4360 2908 4433 subj
2916 4363 3108 4420 unxit:
3129 4365 3358 4438 Propter
3381 4371 3524 4440 quod
3543 4375 3737 4444 placeo

2134 4448 2266 4505 mihi
2286 4449 2343 4504 in
2365 4448 2766 4520 inﬁrmitatibus
2795 4451 2925 4506 meis
2955 4451 3047 4524 (II
3070 4451 3196 4510 Cor.
3221 4470 3330 4526 ιη,
3358 4457 3473 4531 10).
3500 4460 3572 4518 Ut
3597 4478 3737 4536 ergo

2136 4537 2436 4609 discipulos
2457 4535 2774 4606 instrueret,
2796 4537 2863 4594 de
2878 4554 2935 4594 se
2959 4555 3173 4596 summa
3191 4542 3488 4614 referebat;
3510 4556 3575 4604 ut
3594 4535 3738 4611 vero

2054 4595 2107 4661 Β
2135 4642 2193 4683 se
2226 4624 2287 4682 in
2323 4624 2639 4680 humilitate
2667 4626 2988 4696 custodiret,
3016 4595 3488 4691 considerationis,
3499 4640 3734 4700 oculum

2131 4713 2318 4778 nonin
2346 4713 2649 4768 virtutibus
2676 4715 2812 4783 suis,
2845 4715 2940 4772 sed
2967 4716 3026 4772 in
3054 4718 3472 4779 inﬁrmitatibus
3503 4724 3730 4788 ﬁxerat.

2131 4802 2346 4862 Habent
2372 4801 2556 4874 itaque
2579 4803 2863 4874 proprium
2889 4806 3064 4862 sancti
3092 4806 3221 4877 viri,
3238 4816 3300 4865 ut
3326 4810 3471 4867 bona
3498 4814 3731 4886 quidem

2131 4909 2254 4967 quae
2295 4897 2464 4963 agunt
2495 4890 2752 4959 videant;
2797 4900 2852 4947 et
2889 4900 3075 4951 tamen
3120 4911 3247 4953 cum
3294 4902 3621 4972 peregerint,
3655 4905 3733 4963 ab

2131 4999 2322 5040 eorum
2353 4983 2616 5038 memoria
2635 4984 2825 5040 oculos
2844 4994 3111 5043 avertant.
3133 4988 3286 5044 Unde
3313 4999 3458 5047 recte
3477 5009 3574 5064 per
3600 4994 3730 5053 bea.

2129 5078 2251 5127 tum
2290 5070 2394 5127 Job
2431 5071 2638 5127 dicitur
2667 5089 2680 5130 :
2715 5072 2774 5129 Si
2814 5073 2926 5128 vidi
2963 5077 3127 5129 solem
3153 5092 3270 5133 cum
3293 5076 3543 5150 fulgeret.
3572 5085 3660 5139 Ac
3677 5084 3729 5141 si

2130 5166 2315 5235 aperte
2345 5159 2554 5218 diceret
2587 5178 2602 5218 :
2635 5162 2786 5235 Opus
2816 5178 3000 5221 meum
3033 5164 3199 5223 etiam
3231 5182 3363 5225 cum
3388 5167 3516 5226 aliis
3537 5185 3731 5231 exem-

2205 5465 2231 5540 ξ
2256 5465 2492 5540 furem,
2516 5466 2579 5522 de
2600 5469 2956 5540 negligentis}.

2204 5537 2227 5612 ξ
2255 5536 2982 5612 EditicumCorbfGerm”
3003 5540 3147 5612 juste
3170 5558 3493 5604 mactmus.
3530 5546 3723 5609 Germ.

2134 5603 2331 5688 abjecit
2353 5607 2694 5688 adverbium.
2726 5612 2853 5688 Mss.
2890 5603 3105 5688 Anglic.
3135 5623 3188 5670 et
3211 5616 3336 5671 aliis
3374 5603 3721 5678 nostris'ba:

2133 5675 2389 5763 bentle
2415 5679 2625 5750 iterum,
2652 5689 2706 5763 et
2741 5683 2960 5763 optimo
2973 5675 3193 5763 quidem
3223 5703 3405 5746 sensu.

2205 5748 2230 5784 ⁸
2254 5748 2486 5818 Turon.,
2510 5748 2617 5806 non
2642 5752 2699 5808 in
2725 5748 2798 5818 se;
2822 5757 2913 5812 sed
2939 5748 3007 5812 ἐπ’
3026 5757 3248 5813 Domino
3272 5760 3579 5823 attendant.
