3928 6374
134 382 221 441 ω
895 380 1265 439 MORALIUM
1307 384 1444 442 LIB.
1490 387 1671 447 XXII.
1707 418 1780 436 --
1814 391 1888 448 IN
1921 390 2153 449 CAPUT
2191 395 2380 452 XXXI
2416 397 2477 453 B.
2519 399 2661 457 10B.

3284 408 3400 467 »122

134 510 327 583 piorum
354 505 531 603 lucem
558 504 847 603 tribueret,
877 506 946 563 ad
989 510 1431 603 praesumptionis
1459 516 1687 585 gratiam
1714 518 1767 578 A
1797 516 1857 574 in
1876 516 1983 576 hoc
1999 519 2145 592 quod
2161 520 2228 576 de
2247 537 2303 577 se
2324 508 2671 583 extrinsecus
2690 523 2880 585 haberi
2900 530 3234 603 considerat,
3254 533 3398 593 illud

132 614 229 654 non
245 594 467 663 attendi,
489 595 618 668 quia
633 596 766 653 dum
781 597 847 652 de
874 613 939 653 eo
959 599 1151 656 extolli
1178 600 1365 671 timui,
1386 602 1454 659 ab
1480 603 1698 663 intuen-

133 686 195 744 do
218 701 274 743 eo
300 684 486 740 oculos
520 685 718 742 averti.
750 686 1007 759 Sequitur
1032 704 1047 744 :

707 794 933 853 CAPUT
970 796 1093 855 VII.

187 886 312 943 lem.
338 914 409 926 —
430 885 505 940 Et
536 884 715 940 lunam
744 885 1059 941 incedentem
1084 889 1245 945 clare.

190 972 265 1030 14.
292 974 456 1029 Fama
476 989 542 1028 ea:
557 973 704 1029 bonis
730 976 977 1045 operibus
990 993 1098 1032 non
1118 978 1456 1049 aucupanda.
1479 1009 1551 1023 —
1569 980 1698 1038 Post

125 1062 439 1136 pmmissum
497 1061 690 1131 solem,
736 1070 860 1135 apte
892 1081 1110 1138 quoque
1152 1067 1495 1124 incedentem
1551 1070 1695 1126 clare

126 1153 291 1208 lunam
316 1149 559 1233 subdidi,
580 1152 710 1223 quia
730 1152 991 1210 videlicet
1014 1163 1135 1226 post
1150 1173 1286 1228 opus
1305 1156 1532 1225 bonum,
1550 1158 1695 1214 fama

123 1240 391 1297 laudabilis
420 1241 695 1312 sequitur,
722 1258 819 1313 per
838 1258 1002 1314 quam
1029 1244 1240 1301 celebre
1270 1262 1470 1303 nomen
1501 1247 1557 1303 in
1591 1246 1694 1304 hac

120 1330 379 1403 praesentis
405 1329 536 1384 vitae
558 1336 718 1385 nocte
745 1330 1073 1401 possidetur.
1107 1333 1362 1391 Siautem
1392 1350 1583 1390 verum
1612 1344 1695 1391 est

119 1419 247 1492 quod
296 1418 521 1491 quidam
579 1427 795 1490 putant,
856 1420 1287 1479 illustrationem
1352 1426 1541 1480 lunam
1597 1441 1692 1495 per

117 1508 373 1565 occultum
408 1508 687 1565 circulum
714 1524 746 1564 a
778 1508 932 1569 radio
960 1511 1094 1566 solis
1127 1513 1395 1583 accipere,
1429 1520 1493 1569 ut
1521 1514 1690 1584 possit

116 1597 279 1654 lucem
304 1597 600 1653 nocturnis
618 1597 872 1653 cursibus
900 1598 1185 1667 exhibere,
1207 1600 1276 1656 ab
1301 1600 1466 1672 hujus
1486 1601 1691 1673 signiﬁ-

112 1687 330 1744 cationis
374 1684 569 1741 ordine
615 1685 734 1743 haec
761 1702 978 1758 quoque
1006 1688 1250 1757 suspicio
1268 1704 1380 1744 non
1412 1688 1687 1745 abhorret.

113 1776 265 1833 Fama
291 1776 487 1847 quippe
516 1792 547 1830 a
574 1774 720 1831 bono
747 1791 910 1847 opere
936 1777 1081 1833 vires
1101 1777 1322 1848 accipit,
1352 1780 1368 1813 ¹
1405 1786 1460 1833 et
1484 1778 1692 1835 favoris

1806 605 2156 667 obliviscitur
2180 609 2247 666 ad
2276 610 2425 686 quod
2454 612 2729 671 introrsus
2749 616 3065 677 anhelabat.

1878 695 2016 770 [νει.
2057 698 2236 772 VIII.]
2281 699 2366 757 15.
2413 702 2788 774 Intelligentia,
2816 704 2954 761 bona
2980 723 3163 779 opera,
3192 710 3395 783 laudes,

1804 784 2095 843 humilitati
2118 788 2216 844 Job
2237 787 2404 860 (quod
2427 806 2557 847 raro
2583 792 2794 864 accidit)
2824 792 2959 850 nihil
2988 802 3301 853 nocuerunt.
3324 826 3396 843 -—

1804 872 1947 941 Quia
1968 874 2137 947 igitur
2154 885 2402 936 sanctum
2422 880 2608 936 virum
2627 881 2995 955 intelligentia
3011 885 3267 943 scientias
3283 902 3396 943 non

1802 963 2070 1035 corrupit,
2116 964 2184 1020 de
2220 966 2410 1023 multis
2448 966 2663 1026 divitiis
2691 970 2924 1042 gaudere
2951 972 3223 1045 despexit.
3257 972 3398 1044 Quia

1804 1065 1935 1107 vero
1978 1067 2106 1109 eum
2157 1054 2477 1127 magnitudo
2527 1059 2709 1131 operis
2765 1075 2879 1117 non
2926 1060 3167 1130 inﬂavit,
3222 1061 3395 1119 solem

1800 1136 2102 1212 fulgentem
2131 1158 2242 1199 non
2266 1143 2428 1200 vidit.
2462 1144 2601 1212 Quia
2630 1154 2813 1204 autem
2843 1148 3006 1205 illum
3050 1151 3071 1186 ⁷
3120 1164 3223 1207 nec
3250 1149 3398 1206 fama

1803 1228 1981 1287 laudis
2012 1232 2233 1300 extulit,
2259 1232 2404 1290 clare
2440 1234 2783 1294 incedentem
2830 1238 3018 1295 lunam
3047 1239 3278 1297 minime
3303 1246 3398 1297 at-

1800 1318 1997 1377 tendit.
2029 1320 2169 1377 Sunt
2195 1320 2343 1379 enim
2362 1323 2617 1379 nonnulli
2640 1323 2737 1396 qui
2764 1340 2829 1381 eo
2857 1325 2917 1382 in
2958 1325 3251 1384 elationem
3277 1342 3395 1384 cor-

1800 1418 1991 1480 ruunt,
2021 1426 2131 1482 quo
2158 1426 2254 1482 per
2274 1408 2533 1469 subtilem
2560 1412 2985 1485 intelligentiam
3014 1416 3105 1475 vel
3134 1431 3255 1489 qua
3282 1430 3395 1477 non

1801 1497 2011 1555 faciunt
2034 1498 2178 1556 bona
2203 1507 2561 1570 cognoscunt.
2594 1501 2664 1557 Hi
2712 1502 2981 1560 nimirum
3007 1517 3172 1575 super
3201 1502 3394 1561 multis

1801 1586 2015 1644 divitiis
2043 1588 2321 1656 laetantur,
2354 1603 2479 1645 cum
2510 1588 2769 1661 quaelibet
2790 1605 3007 1647 summa
3036 1588 3393 1661 intelligendo

1802 1678 2101 1748 reperiunt,
2133 1686 2295 1750 atque
2323 1678 2382 1733 in
2410 1678 2646 1733 elatione
2681 1678 2813 1751 ipsis
2843 1678 3263 1737 inventionibus
3277 1693 3395 1735 cor-

1800 1773 2152 1837 rumpuntur.
2182 1766 2324 1821 Sunt
2374 1780 2506 1819 vero
2555 1765 2811 1821 nonnulli
2863 1782 3000 1839 quos
3030 1764 3397 1836 intelligentia

111 1866 321 1938 gratiam
341 1866 497 1938 quasi
514 1866 820 1921 claritatem
836 1866 1064 1922 luminis
1078 1867 1334 1938 aspergit.
1354 1868 1454 1924 Est
1474 1876 1528 1924 et
1541 1867 1694 1926 aliud
1720 1872 1768 1932 B
1800 1854 2023 1927 quidem
2053 1869 2165 1911 Ποη
2197 1853 2397 1920 elevat:
2436 1851 2531 1909 sed
2572 1852 2823 1910 “hibita
2868 1853 3114 1927 Operatio
3165 1853 3391 1911 exaltat-

110 1954 162 2011 in
186 1955 309 2011 luna
330 1953 480 2027 quod
512 1970 608 2026 per
621 1953 1047 2011 similitudinem
1067 1955 1213 2012 bona
1240 1958 1518 2028 spargenti
1535 1957 1693 2014 fama;

109 2042 395 2100 conveniat.
430 2042 555 2097 Lux
602 2057 840 2114 namque
881 2041 999 2114 ejus
1029 2042 1197 2099 etiam
1237 2042 1295 2099 in
1336 2043 1692 2101 tenebrarum

108 2136 327 2203 tempore
357 2130 464 2187 iter
494 2130 907 2188 ambulantibus
923 2131 1187 2200 ostendit,
1218 2132 1349 2205 quia
1374 2140 1429 2188 et
1459 2132 1592 2189 dum
1620 2131 1692 2188 de

109 2220 265 2275 aliena
300 2219 417 2275 vita
446 2220 549 2275 lux
582 2219 761 2276 laudis
804 2220 1025 2288 emicat,
1055 2220 1193 2276 alios
1224 2220 1246 2256 ³
1275 2219 1345 2277 ad
1366 2220 1693 2279 exercitium

109 2306 221 2365 boni
249 2309 426 2380 operis
462 2308 725 2374 illustrat;
755 2324 989 2379 cumque
1014 2308 1168 2365 illius
1188 2310 1383 2380 opinio
1411 2313 1562 2369 clara
1590 2328 1696 2369 co-

110 2398 386 2469 gnoscitur,
421 2396 562 2452 huic
617 2397 774 2469 quasi
827 2397 1071 2468 pergenti
1105 2396 1163 2452 in
1195 2397 1392 2454 itinere
1454 2402 1693 2473 exempl!

112 2485 270 2541 lumen
320 2485 616 2558 praebetur.
649 2483 754 2539 Sed
808 2499 1204 2557 nonnunquam
1255 2503 1392 2559 opus
1448 2488 1593 2560 quod
1623 2488 1692 2545 ab

110 2575 265 2631 aliena
296 2575 562 2647 opinione
600 2574 839 2629 sumitur
878 2573 1061 2630 minus
1091 2573 1302 2631 mundo
1332 2574 1606 2633 desiderio
1632 2576 1689 2633 in

111 2664 270 2718 animo
298 2663 595 2725 formatur.
626 2663 761 2719 Nam
792 2661 1024 2719 inﬁrmae
1058 2670 1271 2719 mentes
1298 2681 1425 2720 cum
1452 2665 1598 2721 bona
1624 2665 1692 2721 de

110 2750 215 2811 aliis
260 2751 522 2817 audiunt,
552 2750 850 2823 aliquando
880 2767 935 2805 se
964 2751 1033 2807 ad
1083 2752 1458 2822 Operationem
1487 2761 1691 2809 rectam

109 2854 202 2894 non
228 2854 410 2896 amore
464 2837 717 2904 virtutis,
748 2836 842 2893 sed
871 2836 1236 2893 delectatione
1284 2838 1461 2893 laudis
1490 2855 1693 2895 accen—

110 2925 247 2984 dunt.
273 2928 344 2984 Et
373 2916 626 2998 profecto
660 2924 834 2996 liquet
859 2926 989 2998 quia
1010 2926 1155 2981 sicut
1186 2927 1206 2959 ³
1235 2933 1432 2982 natura
1452 2927 1583 2982 solis
1612 2935 1693 2981 est

111 3025 165 3074 ut
188 3031 409 3091 quaeque
467 3014 715 3084 attigerit
747 3013 1007 3070 accendat
1034 3021 1090 3069 et
1130 3014 1319 3083 siccet,
1354 3015 1430 3070 ita
1486 3016 1692 3072 lunaris

115 3107 237 3178 ignis
261 3114 343 3161 est
368 3103 656 3177 proprium
678 3109 741 3158 ut
762 3101 1033 3175 quidquid
1053 3104 1349 3175 contigerit
1368 3112 1563 3161 exurat
1576 3105 1692 3177 qui-

106 3194 233 3264 dem,
261 3194 356 3251 sed
384 3191 669 3249 exurendo
698 3190 993 3247 humidum
1021 3191 1232 3247 reddat.
1266 3192 1352 3248 Ad
1380 3194 1549 3249 vitam
1597 3194 1694 3266 igi-
1721 3221 1766 3282 α

106 3300 187 3355 ιω*
212 3284 411 3341 bonam
428 3283 568 3339 alios
601 3283 623 3317 ⁴
645 3299 743 3354 pro
759 3298 946 3337 amore
964 3283 1064 3338 Dei
1088 3283 1314 3339 affectus
1331 3285 1465 3340 recti
1490 3286 1688 3357 operis,

104 3372 229 3431 alios
259 3389 390 3428 vero
447 3388 604 3428 amor
658 3370 837 3426 laudis
871 3370 1198 3427 inﬂammat.
1234 3372 1338 3428 Sed
1395 3389 1520 3428 cum
1551 3380 1696 3429 recta

103 3464 263 3532 operis
295 3463 497 3519 aﬂ‘ectu
539 3460 913 3529 accendimur,
942 3462 1097 3533 quasi
1142 3478 1238 3534 per
1263 3462 1444 3533 ignem
1482 3464 1612 3518 solis
1638 3475 1692 3515 a-
1776 3496 1783 3502 -

104 3551 347 3608 vitiorum
378 3550 607 3605 homore
625 3549 918 3605 siccamur.
950 3550 1092 3604 Eum
1120 3566 1251 3606 vero
1279 3566 1446 3623 quem
1471 3550 1541 3605 ad
1556 3568 1692 3623 opus

101 3636 289 3695 bonum
316 3639 499 3696 laudis
527 3653 680 3692 amor
710 3644 989 3707 provocat,
1021 3638 1316 3708 concupita
1337 3638 1507 3707 fama,
1530 3652 1686 3711 quasi

102 3728 234 3799 luna,
257 3730 504 3801 attingit,
531 3729 659 3800 quia
676 3727 935 3783 videlicet
954 3726 1073 3798 ejus
1093 3728 1339 3783 animum
1363 3736 1416 3783 et
1435 3730 1690 3787 accendit

102 3825 147 3877 et
172 3820 411 3877 resolvit.
464 3814 731 3872 Accendit
760 3814 974 3871 scilicet
1012 3815 1081 3871 ad
1130 3816 1456 3871 exercitium
1486 3819 1686 3899 operis,

100 3910 310 3969 resolvit
340 3922 476 3962 vero
492 3904 560 3961 ad
576 3903 1077 3975 concupiscentiam
1109 3903 1336 3960 favoris.
1360 3905 1688 3981 Plerumque

100 4002 261 4056 tamen
288 3996 362 4052 ad
412 3991 719 4049 exercenda
750 3990 895 4048 bona
918 4008 1083 4064 opera
1115 3993 1294 4049 aliena
1337 4010 1435 4049 nos
1476 3995 1689 4053 utiliter

101 4087 330 4159 exempla
355 4079 709 4156 persuadent.
738 4080 954 4135 Etcum
974 4087 1155 4137 mente
1172 4081 1374 4137 humili
1407 4082 1686 4154 opinionis

101 4173 271 4231 alienae
306 4173 457 4229 bona
487 4168 841 4239 suscipimus,
874 4176 1061 4225 nostra
1099 4170 1185 4225 vel
1218 4169 1287 4225 ad
1317 4170 1512 4227 melius
1540 4171 1685 4229 bona

102 4264 466 4336 producimus,
498 4261 586 4316 vel
615 4259 683 4314 ad
702 4259 910 4315 bonum
940 4260 1084 4315 mala
1105 4267 1500 4331 permutamus.
1520 4259 1680 4318 Cum-

102 4365 193 4426 que
216 4369 313 4409 nos
368 4352 438 4408 de
494 4350 610 4405 vita
638 4348 877 4420 proximi
930 4348 1091 4405 fama:
1146 4348 1404 4420 splendor
1430 4348 1677 4418 irradiat,

102 4453 239 4497 mens
263 4447 471 4507 nostra,
505 4445 569 4493 ut
598 4436 980 4509 praediximus,
1007 4437 1028 4471 ⁵
1069 4453 1189 4510 quae
1219 4436 1289 4492 ad
1315 4436 1676 4494 obtinendum

104 4527 305 4585 Virtutis
336 4529 441 4584 iter
467 4542 524 4582 se
550 4524 762 4596 dirigit,
786 4525 941 4597 quasi
962 4524 1021 4580 in
1051 4525 1196 4580 luna:
1226 4524 1434 4580 lumine
1464 4541 1677 4597 gressus

106 4618 259 4687 ponit.
314 4616 421 4677 Sed
446 4616 593 4673 sicut
619 4630 687 4670 ex
717 4613 899 4669 aliena
926 4612 1187 4684 opinione
1220 4612 1564 4685 proﬁcimus,
1596 4615 1676 4673 sic

108 4702 425 4779 plerumque,
443 4704 491 4761 si
512 4704 671 4759 fama:
701 4709 900 4758 nostrae
933 4703 954 4737 δ
988 4700 1239 4757 laudibus
1270 4701 1679 4773 intendimus,a

105 4791 289 4851 Virtute
314 4809 636 4861 vacuamur,
668 4797 811 4856 705
839 4790 969 4864 quia
1001 4805 1129 4847 cum
1147 4788 1678 4850 delectaturanimus

170 4980 189 5051 ἓ
223 4981 480 5051 Vindoc.,
510 4988 561 5036 et
586 4978 886 5051 splendoris
914 4976 1168 5051 gratiam.

172 5049 194 5086 ³
228 5053 306 5109 Ita
330 5043 627 5110 cum'Mss:
650 5048 812 5108 Cori).
844 5043 1054 5116 Germ.,
1083 5048 1298 5113 Norm.,
1326 5043 1524 5113 Laud.,
1553 5045 1678 5116 Val.

112 5115 185 5177 Cl.
212 5130 262 5179 et
288 5132 394 5181 vet.
430 5124 580 5179 Edit.
628 5123 688 5179 In
724 5127 925 5178 recent.
951 5115 1104 5186 vero,
1135 5117 1207 5172 ad
1235 5116 1519 5171 exercenda
1549 5115 1683 5171 bona

312 5196 496 5252 Germ.
524 5201 699 5267 totum
730 5194 878 5267 hunc
908 5189 1199 5267 locum__s_ic
1225 5186 1525 5267 contrahit,
1555 5186 1683 5267 quia

111 5259 153 5317 et
191 5266 305 5320 dum
341 5268 402 5321 de
428 5267 605 5323 aliena
631 5266 741 5319 vita
796 5266 890 5319 tua:
932 5278 1047 5332 qua;
1072 5262 1221 5317 illius
1250 5259 1492 5332 opinione
1534 5259 1685 5332 clara

110 5338 416 5407 cognoscitur
467 5338 781 5405 ostenditur,
812 5328 1114 5404 huic—quasi
1168 5328 1409 5403 pergenti
1434 5345 1500 5383 ea:
1526 5328 1684 5382 itine-

115 5417 183 5464 re.
211 5414 309 5464 etc.

170 5447 469 5547 vilescat,
494 5484 704 5533 naturae
730 5477 857 5532 solis
878 5481 971 5544 est,
991 5475 1119 5532 Mss.
1140 5481 1195 5529 et
1220 5470 1394 5542 antiq.
1425 5468 1531 5526 Ed.
1558 5486 1686 5526 con-

115 5548 514 5607 tradicentihus.

178 5621 198 5656 ὀ
234 5621 459 5691 Turon.,
492 5622 701 5689 Germ.,
732 5616 895 5676 Corb.
945 5618 1156 5687 Germ.,
1188 5631 1316 5673 cum
1364 5616 1440 5686 pl.
1469 5615 1685 5681 Norm.,

116 5702 492 5904 Ρήῗὶἓῖπιίιῗέἒῗί,
545 5780 661 5834 qua:
713 5763 788 5820 ad
829 5759 1135 5818 obtinendas
1155 5758 1378 5817 uirtutes
1402 5756 1485 5813 ita
1530 5771 1586 5813 se
1608 5753 1688 5813 di-

1800 1942 1908 2012 Qui
1935 1943 2068 2000 dum
2120 1942 2366 2000 actiones
2412 1957 2538 1998 suae
2586 1941 2911 2014 respiciunt,
2960 1940 3106 2014 apud
3155 1949 3393 1999 mentem

1800 2050 1955 2092 suam
1974 2032 2082 2090 sibi
2110 2039 2335 2089 caeteros
2354 2029 2703 2104 dedignanda
2722 2037 3079 2104 postponunt.
3107 2030 3177 2088 Hi
3203 2028 3395 2086 videli-

1798 2132 1888 2184 cet
1911 2124 2014 2181 etsi
2043 2123 2102 2180 in
2130 2122 2323 2179 multis
2349 2120 2566 2178 divitiis
2593 2137 2707 2179 non
2736 2121 2994 2194 gaudent,
3022 2120 3194 2177 solem
3208 2126 3392 2177 tamen

1800 2213 2099 2286 fulgentem
2119 2212 2313 2269 vident
2342 2211 2363 2248 ⁸
2392 2211 2522 2285 quia
2540 2209 2608 2267 de
2635 2210 2752 2267 sola
2769 2210 2902 2267 boni
2929 2210 3110 2284 operis
3125 2209 3394 2281 magnitu-

1800 2303 1931 2360 dine
1948 2303 2103 2376 quasi
2121 2302 2259 2361 alios
2277 2299 2631 2373 despicienda
2646 2306 2886 2357 tument.
2908 2301 2983 2357 Et
2994 2307 3124 2357 sunt
3138 2295 3394 2355 nonnulli

1800 2409 1938 2464 quos
1966 2407 2069 2449 nec
2094 2391 2339 2462 operatio
2366 2390 2589 2462 propria
2614 2390 2871 2457 extollit;
2911 2387 3007 2446 sed
3034 2404 3160 2445 cum
3180 2385 3393 2444 laudari

1799 2480 1867 2537 ab
1905 2479 2224 2537 hominibus
2251 2494 2352 2551 pro
2396 2477 2499 2535 hac
2540 2476 2731 2534 eadem
2758 2476 2904 2535 bona
2931 2478 3247 2548 operatione
3271 2491 3394 2533 cm—

1800 2569 2003 2643 perint,
2034 2569 2169 2642 ipsis
2197 2568 2488 2626 hominum
2516 2564 2801 2625 favoribus
2823 2564 3053 2633 devicti,
3084 2564 3242 2637 quasi
3266 2580 3394 2621 ma-

1764 2656 1777 2665 ’
1799 2673 1934 2731 gnos
1959 2673 2017 2715 se
2046 2656 2313 2732 quosdam
2339 2656 2397 2713 in
2424 2672 2524 2714 sua
2553 2654 2887 2727 cogitatione
2915 2653 3286 2726 conspiciunt,
3314 2657 3393 2709 at-

1800 2766 1904 2823 que
1930 2766 1963 2805 a
1988 2747 2171 2805 cordis
2197 2745 2449 2806 custodia
2485 2744 2886 2805 dissolvuntur.
2929 2743 2997 2801 Hi
3024 2743 3269 2816 profecto
3289 2741 3394 2801 etsi

1798 2838 2098 2908 fulgentem
2119 2836 2289 2893 solem
2306 2834 2494 2892 videre
2510 2835 2828 2902 noluerunt,
2847 2833 3035 2891 lunam
3054 2837 3236 2889 tamen
3247 2831 3395 2887 clare

1772 2940 1775 2945 ·
1801 2924 2141 2981 incedentem
2158 2922 2481 2995 respiciunt,
2502 2922 2633 2993 quia
2649 2922 2793 2979 inter
2814 2919 2983 2992 hujus
2997 2920 3125 2979 vita:
3143 2918 3393 2978 tenebras

1799 3012 1933 3068 dum
1959 3012 2018 3067 in
2063 3010 2342 3083 opinionis
2388 3023 2501 3065 sum
2542 3008 2792 3066 claritate
2839 3008 3087 3065 animum
3124 3007 3390 3079 deﬁgunt,

1800 3100 2134 3157 humilitatis
2158 3099 2387 3171 gratiam
2418 3096 2575 3169 quasi
2600 3112 2672 3155 ex
2700 3103 2972 3154 nocturno
2998 3096 3208 3155 lumine
3231 3095 3392 3153 amit-

1798 3195 1962 3254 tunt;
2000 3194 2055 3243 et
2079 3187 2353 3242 intuentes
2379 3185 2592 3250 lunam,
2622 3197 2680 3239 se
2704 3196 2815 3239 non
2842 3179 3054 3248 vident,
3080 3180 3178 3253 qui
3198 3186 3391 3245 semet-

1805 3278 1950 3348 ipsos
1969 3275 2180 3331 nescire
2208 3272 2505 3343 incipiunt,
2534 3269 2670 3328 dum
2687 3270 2889 3327 mentis
2906 3270 3098 3330 oculos
3116 3270 3177 3333 in
3195 3270 3391 3331 transi-

1804 3367 2010 3422 torium
2036 3365 2281 3421 favorem
2311 3362 2579 3433 deﬁgunt.

1875 3455 1961 3512 16.
2003 3453 2152 3513 Varii
2193 3450 2267 3507 ad
2309 3450 2557 3505 virtutem
2582 3465 2897 3520 progressus
2922 3455 2975 3506 et
3000 3449 3220 3521 gradu.
3252 3449 3396 3517 Quid

1798 3544 1859 3599 in
1876 3560 1981 3598 uno
2000 3557 2203 3613 quoque
2217 3539 2567 3595 metuendum.
2597 3565 2670 3581 -—
2694 3536 2787 3595 Sic
2813 3544 2996 3595 autem
3021 3537 3394 3610 profectuan

1800 3632 2115 3697 hominum,
2157 3630 2302 3686 sicut
2351 3629 2691 3684 incrementa
2721 3642 2838 3683 esse
2888 3626 3258 3699 conspicimus
3291 3641 3393 3683 sn-
3418 3670 3437 3689 .

1798 3722 2105 3777 bustorum.
2132 3718 2231 3775 Vis
2251 3718 2451 3790 quippe
2472 3716 2671 3771 futuras
2697 3714 2910 3771 arboris
2939 3715 3093 3787 prius
3110 3715 3168 3771 in
3182 3714 3393 3773 semina

1797 3818 1899 3878 est,
1929 3808 2278 3883 postmodum
2296 3807 2354 3862 in
2373 3813 2521 3874 ortu,
2541 3812 2705 3879 atque
2722 3804 2793 3861 ad
2811 3812 3121 3862 extremum
3139 3803 3394 3877 produci-

1794 3908 1889 3959 tur
1916 3902 1974 3957 in
2002 3914 2201 3956 ramos.
2230 3897 2323 3955 Sic
2350 3896 2618 3952 nimirum
2646 3895 2728 3951 sic
2754 3894 3189 3967 uniuscujusque
3211 3896 3391 3951 virtu

1794 3990 2089 4048 succrescit
2126 3986 2423 4059 cperantis.
2456 3985 2774 4041 Seminatur
2812 3998 3051 4055 namque
3075 3983 3136 4038 in
3170 3981 3390 4038 intelli-

1795 4081 1996 4152 gentia,
2024 4076 2207 4133 oritur
2232 4074 2291 4129 in
2315 4071 2655 4145 operatione,
2684 4078 2848 4142 atque
2873 4069 2944 4125 ad
2970 4069 3234 4133 ultimum
3258 4083 3387 4126 oon,

1792 4167 2019 4225 valescit
2048 4179 2219 4236 usque
2247 4161 2317 4218 ad
2345 4160 2624 4233 profectus
2662 4158 2848 4230 magni
2880 4157 3252 4214 latitudinem.
3282 4157 3388 4216 Sed

1788 4274 1915 4315 cum
1961 4252 2264 4328 quemlibet
2291 4266 2389 4307 sua
2416 4248 2784 4325 intelligentia
2811 4247 3056 4316 extollit,
3082 4246 3245 4303 arbor
3266 4262 3388 4320 qua

1789 4346 1924 4404 oriri
1952 4349 2165 4418 poterat
2191 4341 2249 4396 in
2304 4337 2515 4395 semine
2556 4336 2841 4408 putrescit.
2883 4335 3023 4393 Cum
3052 4342 3237 4398 autem
3266 4341 3389 4411 post

1786 4434 2156 4508 operationem
2224 4428 2428 4486 bonam
2483 4425 2737 4482 elationis
2787 4432 2938 4498 peste
2989 4424 3383 4507 corrumpitur,

1784 4524 1936 4599 quasi
1946 4522 2060 4596 jam
2082 4527 2202 4577 orta
2215 4518 2470 4575 siccatur.
2493 4513 2634 4572 Cum
2650 4530 2782 4570 vero
2796 4529 2975 4589 neque
2996 4513 3385 4586 intelligentia,

1784 4629 1961 4685 neque
1984 4610 2227 4683 operatio
2256 4604 2582 4676 corrumpit,
2615 4604 2638 4639 °
2662 4602 2757 4659 sed
2786 4607 3137 4659 excrescente
3164 4600 3388 4674 magni-

1783 4702 1999 4770 tudine,
2023 4698 2156 4756 dum
2176 4698 2333 4753 favor
2348 4691 2695 4751 laudantium
2716 4692 2988 4765 sequitur,
3008 4699 3172 4766 atque
3190 4709 3224 4748 a
3238 4699 3387 4751 statu

1787 4808 1886 4849 suo
1900 4789 2038 4846 bene
2057 4785 2335 4861 operantis
2352 4783 2603 4839 animum
2618 4782 2839 4851 evertit,
2863 4780 3177 4854 linguarum
3192 4786 3386 4837 ventos

1863 4971 1884 5005 ⁶
1915 4968 2067 5027 Editi
2098 4968 2211 5023 fere
2241 4980 2452 5032 omnes,
2477 4960 2723 5018 laudibus
2740 4958 3027 5032 inhiamus.
3060 4956 3387 5032 Inhmsimus

1789 5026 1923 5098 Mss.
1954 5038 2114 5096 Corb.
2150 5037 2360 5111 Germ.,
2390 5026 2622 5111 Turonp
2651 5031 2850 5111 Laud.,
2877 5031 3090 5111 Germ.)
3113 5026 3383 5111 _Vindoc.,

1789 5115 1978 5169 Norm.
2013 5118 2070 5165 et
2096 5109 2200 5165 Ed.
2232 5099 2421 5180 Paris._
2457 5104 2615 5180 tegi},
2652 5102 2752 5180 ubi
2796 5099 3381 5180 legitur,.isttgwlimm2

1862 5186 1882 5218 ⁷
1915 5181 2077 5241 Corb.
2111 5180 2347 5256 Germ.,_
2370 5169 2639 5256 vel._gll,
2675 5169 3067 5243 Ebroic.,_alii
3109 5169 3301 5245 Norm.
3331 5175 3389 5227 et

1793 5256 2003 5321 Germ.,
2036 5269 2127 5307 nec
2150 5251 2299 5320 fama
2331 5248 2636 5321 laudabilis:

1865 5327 1886 5360 ο
1916 5310 2096 5381 verba
2132 5310 2472 5391 limusque
2491 5316 2572 5391 in
2604 5310 2930 5391 despicienda
2973 5316 3174 5391 tument
3199 5310 3390 5391 inclu-

1791 5398 1930 5464 sive,
1958 5394 2159 5452 desunt
2176 5392 2238 5449 in
2255 5381 2474 5458 Germ.,
2491 5381 2753 5451 Vindoéa
2774 5381 2940 5441 Corb.
2966 5382 3152 5443 Germ.
3175 5388 3235 5443 et
3253 5384 3387 5441 Nor-

1791 5484 2130 5604 miniiorm”
2164 5534 2255 5592 sed
2293 5536 2611 5604 exorem“
2637 5525 3262 5604 maniimﬂudm
3288 5523 3391 5604 (“-

1792 5627 1891 5667 vor
1916 5594 1939 5676 ξ
1967 5609 2102 5666 olim
2116 5594 2318 5678 tamen;
2340 5603 2618 5678 legebatur
2648 5602 2706 5660 in
2726 5594 2877 5678 _Utic.
2904 5606 2959 5656 et
2986 5598 3169 5678 Becc.,
3205 5603 3269 5653 ut
3290 5594 3392 5678 hic

1794 5671 2012 5754 legitur.
2040 5681 2105 5754 In
2138 5685 2249 5754 vet.
2275 5675 2382 5732 Ed.
2399 5671 2582 5733 habes
2604 5690 2634 5754 ος,
2655 5671 2746 5735 sed
2775 5675 3150 5733 exornantem
3169 5671 3390 5738 magisi-

1799 5747 2029 5810 tudiuem
2049 5752 2177 5808 dum
2205 5747 2435 5821 favor...
2467 5747 2728 5816 sequitur.
