3928 6380
530 423 648 482 223

1742 416 1991 476 SANCTI
2031 415 2367 475 GREGORII
2404 415 2628 474 MAGNI

533 546 696 604 arbor
724 543 973 617 pertulit,
997 552 1054 601 et
1081 559 1244 602 omne
1273 544 1418 617 quod
1446 545 1504 601 iu
1533 560 1596 600 ea
1619 542 1902 600 robustum
1924 557 2122 599 creve-
2151 541 2213 610 At
2237 550 2420 615 specto
2451 543 2599 598 enim
2649 539 2859 598 honore
2905 537 3226 607 conditoris,
3286 536 3636 607 semetipsum
3693 536 3826 608 plus

525 641 612 690 rat
636 641 930 705 tempestas
970 632 1131 690 fame
1157 633 1426 690 radicitus
1455 633 1678 689 evulsit.
1710 632 1830 699 Quo
1857 631 2003 686 enim
2029 645 2121 687 ar-

525 719 629 778 bor
649 721 816 778 altius
847 719 916 777 ad
943 721 1226 792 superiora
1250 721 1570 788 surrexerit,
1600 735 1666 775 eo
1693 726 1986 774 ventorum
2006 719 2122 776 vim

527 805 908 862 vehementius
937 806 1125 874 sentit,
1157 807 1288 880 quia
1321 821 1430 878 quo
1459 805 1583 876 plus
1615 804 1848 877 quisque
1878 803 1935 858 in
1964 802 2124 859 bonis

527 894 786 968 operibus
813 893 1108 962 attollitur,
1137 908 1205 950 eo
1233 893 1491 964 ampliori
1539 891 1608 948 ab
1655 907 1753 948 ore
1780 890 2122 947 laudantium

527 980 662 1038 ﬂatu
689 982 964 1053 fatigatur.
996 982 1052 1038 Si
1085 983 1270 1055 itaque
1296 981 1478 1038 adhuc
1505 980 1670 1036 arbor
1703 980 1760 1036 in
1790 980 1998 1036 semine
2020 988 2123 1048 est,

527 1070 882 1128 metuendum
909 1078 994 1126 est
1011 1086 1078 1126 ne
1099 1071 1218 1143 ipsa
1238 1071 1484 1128 scientiae
1507 1069 1822 1140 cognitione
1848 1069 2120 1142 putreﬁat.

526 1156 584 1216 Si
599 1155 715 1230 jam
742 1157 813 1214 ad
842 1158 1145 1230 virgultum
1177 1157 1404 1230 prodiit,
1433 1156 1738 1216 curandum
1769 1163 1852 1212 est
1881 1172 1950 1212 ne
1982 1156 2126 1214 banc

525 1260 721 1302 manus
749 1245 1001 1300 elationis
1045 1252 1251 1316 tangat,
1282 1253 1444 1318 atque
1483 1259 1516 1300 a
1558 1241 1838 1299 viriditate
1875 1260 1986 1300 sue
2019 1259 2125 1299 ac—

525 1333 698 1390 tionis
747 1333 1024 1390 arefaciat.
1067 1333 1125 1391 Si
1181 1341 1363 1390 autem
1395 1331 1602 1388 valenti
1648 1331 1843 1388 robore
1886 1330 2000 1403 jam
2055 1330 2125 1386 ad

527 1419 639 1476 alta
685 1435 742 1477 se
784 1419 1060 1486 sublevat,
1090 1421 1250 1478 valde
1279 1418 1692 1476 formidandum
1729 1426 1831 1486 est,
1873 1435 1941 1474 ne
1983 1418 2127 1475 hanc

525 1506 759 1565 admotae
788 1507 966 1566 laudis
992 1515 1190 1565 ventus
1218 1508 1437 1580 gravior
1470 1505 1734 1563 radicitus
1761 1507 1980 1561 evellat.

599 1602 740 1678 [Vet.
768 1603 896 1678 IX.]
927 1602 1070 1660 706
1102 1605 1190 1662 17.
1219 1603 1468 1660 Pericula
1495 1619 1560 1657 ea:
1591 1599 1739 1670 fama
1790 1607 1838 1655 et
1881 1600 2126 1657 humanis

532 1691 800 1758 laudibus,
817 1693 957 1748 Deus
970 1692 1227 1764 permittit
1241 1692 1434 1762 opponi
1452 1691 1810 1746 detractiones.
1829 1719 1899 1731 —
1917 1690 2020 1746 Sed
2042 1690 2123 1745 in-

530 1784 620 1833 ter
647 1777 768 1834 hec
791 1779 1076 1836 sciendum
1104 1787 1186 1834 est
1201 1779 1329 1850 quia
1347 1793 1415 1833 ne
1433 1777 1803 1832 immoderatis
1829 1781 1844 1813 ι
1869 1777 2123 1834 laudibus

2230 647 2410 686 amare
2451 631 2822 696 convincitur,
2851 628 3009 700 cujus
3031 627 3316 700 preconiis
3345 627 3577 682 letatur.
3614 625 3825 693 Quam-

2230 720 2318 776 vis
2341 734 2733 790 nonnunquam
2762 717 2926 774 etiam
2965 716 3136 773 sancti
3172 715 3279 772 viri
3304 713 3372 770 de
3399 713 3543 770 bona
3565 729 3665 770 sua
3687 714 3827 786 opi-

2231 808 2396 866 nione
2423 807 2708 878 gaudeant;
2741 805 2834 862 sed
2861 821 2986 863 cum
3017 820 3112 876 per
3142 803 3284 859 hanc
3310 801 3380 858 ad
3423 800 3650 857 meliora
3679 817 3829 873 pro-

2231 895 2394 953 ﬁcere
2420 895 2700 951 audientes
2731 902 2980 966 pensant,
3009 909 3119 948 non
3144 891 3259 963 jam
3288 890 3356 946 de
3403 889 3663 962 opinione
3699 906 3829 958 sua,

2232 985 2326 1042 sed
2355 985 2422 1040 de
2451 986 2828 1057 proximorum
2857 981 3092 1054 gaudent
3135 979 3377 1035 utilitate
3404 979 3536 1051 quia
3561 977 3719 1034 aliud
3741 985 3834 1034 est

2231 1073 2446 1130 favores
2491 1088 2752 1146 quaerere,
2782 1080 2836 1127 et
2885 1069 3036 1126 aliud
3063 1069 3130 1125 de
3153 1067 3486 1140 profectibus
3519 1067 3828 1123 exsultare.

2232 1161 2352 1230 Qua
2379 1163 2437 1218 in
2457 1178 2514 1218 re
2537 1177 2750 1217 necesse
2765 1168 2846 1215 est
2869 1166 2932 1215 ut
2953 1174 3078 1216 cum
3095 1156 3436 1212 audientium
3457 1155 3688 1212 utilitati
3710 1171 3831 1212 non

2235 1249 2470 1322 proﬁcit,
2487 1257 2722 1304 mentem
2745 1255 2985 1302 nostram
3008 1245 3152 1300 fama
3172 1243 3466 1299 laudabilis
3487 1259 3596 1299 non
3620 1244 3830 1312 elevet,

2234 1337 2329 1394 sed
2354 1338 2560 1410 fatiget.
2589 1336 2726 1394 Cum
2755 1336 2902 1391 enim
2939 1335 3192 1390 humane
3242 1333 3443 1403 lingue
3471 1333 3833 1388 attestatione

2234 1424 2541 1493 laudamur,
2579 1427 2600 1460 ‘
2629 1424 2842 1480 occulta
2899 1422 3204 1494 pulsatione
3233 1421 3568 1492 requirimur
3591 1419 3736 1492 quid
3763 1419 3834 1476 de

2235 1514 2528 1586 nobisipsis
2579 1515 2894 1570 sentiamus.
2926 1511 3167 1583 Superba
3196 1511 3399 1566 etenim
3451 1524 3606 1565 mens
3653 1509 3832 1564 etiam

2231 1619 2360 1660 cum
2381 1603 2448 1658 de
2467 1620 2522 1657 se
2543 1602 2676 1657 falsa
2691 1599 2834 1657 bona
2851 1601 3112 1656 dicuntur
3126 1599 3384 1665 exsultat,
3398 1599 3527 1670 quia
3547 1614 3656 1653 non
3677 1595 3834 1668 apud

2232 1692 2403 1748 Deum
2433 1691 2667 1764 qualiter
2693 1691 2866 1757 vivat,
2896 1688 2988 1744 sed
3017 1688 3161 1760 apud
3192 1688 3444 1743 homines
3473 1687 3719 1759 qualiter
3750 1686 3832 1740 in-

2229 1788 2494 1848 notescat,
2551 1780 2840 1850 excogitat.
2871 1778 3149 1834 Judicium
3178 1777 3325 1832 enim
3355 1775 3422 1832 de
3476 1791 3532 1831 se
3557 1776 3834 1846 omnipo-

531 1877 812 1934 eruamur,
843 1868 1166 1938 plerumque
1211 1865 1352 1920 miro
1384 1865 1609 1920 rectoris
1639 1864 1810 1920 nostri
1863 1865 2121 1921 modera-
2147 1894 2196 1956 Β
2228 1869 2395 1926 tentis
2423 1870 2519 1926 Dei
2544 1869 2870 1940 despiciens,
2898 1875 2953 1922 et
2978 1865 3322 1923 solummodo
3348 1865 3636 1921 hominum
3664 1879 3834 1936 que-

531 1953 684 2009 mine
715 1955 880 2010 etiam
911 1953 1340 2010 detractionibus
1379 1953 1602 2008 lacerari
1636 1952 2027 2024 permittimur,
2057 1961 2124 2010 ut

530 2057 658 2101 cum
686 2059 788 2100 nos
810 2060 923 2100 vox
945 2044 1216 2100 laudantis
1244 2043 1442 2110 elevat,
1469 2042 1655 2112 lingua
1669 2041 2006 2098 detrahentis
2025 2041 2124 2098 hu-

532 2132 732 2200 miliet,
765 2133 894 2205 quia
919 2141 974 2188 et
1001 2132 1164 2188 arbor
1189 2146 1329 2202 sepe
1357 2146 1478 2202 quae
1508 2132 1675 2186 unius
1706 2131 1856 2185 venti
1885 2130 2126 2202 impulsu

530 2219 608 2277 ita
636 2221 963 2292 impellitur,
991 2229 1055 2276 ut
1082 2236 1214 2292 pene
1235 2219 1349 2290 jam
1379 2219 1494 2273 erui
1524 2234 1679 2290 posse
1704 2218 1975 2285 videatur,
1995 2219 2123 2274 alte-

527 2311 647 2366 rius
673 2327 703 2365 e
729 2310 948 2366 diverso
979 2310 1251 2366 venientis
1279 2309 1410 2363 ﬂatu
1440 2309 1690 2378 erigitur,
1716 2316 1771 2362 et
1789 2324 1908 2379 que
1931 2307 2032 2364 hac
2053 2323 2123 2364 ex

528 2405 678 2468 parte
711 2397 1066 2454 inﬂexionem
1099 2398 1344 2470 pertulit,
1375 2397 1443 2452 ab
1473 2399 1581 2453 alia
1627 2397 1696 2453 ad
1729 2405 1930 2453 statum
1959 2398 2120 2455 redit.

527 2483 681 2540 Unde
707 2491 760 2538 et
791 2484 886 2538 illa
905 2484 1069 2539 arbor
1093 2484 1201 2539 alte
1231 2483 1471 2540 radicata
1490 2485 1645 2557 quasi
1669 2485 1811 2540 inter
1835 2485 2122 2540 adversan-

527 2577 608 2625 tes
636 2578 830 2626 ventos
875 2570 989 2628 ﬁxa
1028 2578 1271 2638 steterat,
1315 2587 1435 2644 que
1465 2572 1683 2629 dicebat
1719 2589 1731 2628 :
1764 2574 1870 2628 Per
1896 2573 2124 2641 gloriam

528 2665 576 2713 et
601 2659 991 2728 ignobilitatem,
1017 2677 1116 2730 per
1141 2659 1422 2728 infamiam
1467 2667 1514 2715 et
1568 2661 1754 2715 bonam
1809 2659 2009 2729 famam
2039 2660 2130 2730 (II

533 2747 659 2802 Cor.
691 2763 770 2814 v1,
801 2747 881 2818 8).
915 2749 1065 2819 Sepe
1085 2748 1232 2803 enim
1254 2749 1372 2804 laus
1395 2748 1534 2804 bene
1557 2750 1766 2820 agentis
1795 2749 2021 2805 auribus
2041 2749 2122 2804 in-

526 2835 768 2888 solenter
796 2832 1038 2900 admota,
1077 2831 1208 2888 dum
1242 2832 1377 2888 foris
1419 2835 1766 2890 sermonibus
1809 2835 2119 2906 perstrepit,

529 2920 680 2976 intus
709 2920 1001 2992 quamdam
1033 2921 1202 2975 menti
1235 2919 1258 2956 ³
1287 2935 1381 2992 per
1407 2922 1658 2990 tacitum,
1689 2923 1942 2978 elationis
1970 2929 2120 2976 tem-

526 3014 788 3078 pestatem
819 3007 994 3081 gignit
1018 3024 1030 3062 :
1065 3006 1234 3080 fitque
1261 3015 1325 3062 ut
1344 3007 1470 3075 hoc,
1493 3009 1639 3081 quod
1665 3009 1882 3064 animus
1911 3007 1978 3062 de
2005 3006 2121 3060 hu-

524 3095 702 3150 manis
720 3094 1006 3150 favoribus
1021 3094 1240 3165 gaudet,
1256 3109 1368 3148 non
1399 3095 1556 3149 facile
1576 3097 1821 3150 exterius
1847 3093 2118 3160 ostendat,

521 3181 618 3237 sed
645 3188 832 3236 tamen
866 3180 1237 3251 corruptionis
1289 3181 1400 3233 vim
1453 3195 1563 3234 non
1604 3182 1842 3236 tenuiter
1887 3180 2122 3235 interius

525 3267 746 3322 sentiat.
774 3267 847 3321 Et
861 3273 991 3320 sunt
1004 3264 1261 3319 nonnulli
1287 3281 1423 3335 quos
1443 3265 1519 3319 ita
1539 3267 1657 3321 laus
1677 3267 1853 3333 inﬂat,
1870 3275 1933 3321 ut
1947 3282 2119 3337 usque

524 3352 596 3407 ad
623 3351 789 3406 verba
811 3351 1067 3406 elationis
1096 3348 1393 3421 pertrahat.
1436 3350 1670 3416 Quidam
1703 3367 1853 3420 vero,
1887 3360 1947 3406 ut
1981 3368 2120 3422 pre-

532 3438 797 3506 diximus,
831 3437 936 3493 hoc
964 3437 1143 3508 ipsum
1175 3436 1476 3508 patefacere
1505 3437 1652 3509 quod
1678 3439 1963 3496 elevantur
1987 3454 2120 3494 eru-

524 3526 775 3594 bescunt,
805 3533 969 3598 atque
996 3525 1200 3582 auditis
1245 3525 1359 3580 suis
1410 3527 1697 3596 preconiis
1729 3527 2072 3584 extolluntur
2102 3547 2115 3594 ;

524 3615 619 3672 sed
653 3623 837 3670 tamen
865 3629 1038 3686 usque
1065 3613 1134 3668 ad
1165 3613 1420 3668 elationis
1464 3613 1628 3669 verba
1667 3630 1776 3669 non
1809 3623 2035 3683 exeunt,
2064 3624 2119 3672 et

523 3704 756 3775 gaudere
781 3719 838 3759 se
868 3704 926 3758 in
978 3701 1182 3758 talibus
1233 3718 1345 3757 non
1383 3702 1694 3758 ostendunt.
1748 3703 1900 3758 Unde
1928 3703 2119 3758 beatus

523 3788 648 3854 Job,
695 3791 824 3862 quia
871 3797 1100 3845 noverat
1129 3796 1470 3860 arrogantem
1501 3805 1557 3845 se
1603 3806 1712 3844 non
1754 3790 1932 3846 solum
1965 3791 2117 3847 nullo

522 3879 688 3934 modo
733 3880 789 3935 in
832 3878 1038 3946 verbis,
1083 3877 1177 3933 sed
1219 3877 1383 3932 etiam
1425 3878 1483 3932 in
1527 3877 1856 3949 cogitatione
1901 3895 2118 3952 quoque

518 3967 687 4024 tacita
715 3968 944 4023 minime
972 3965 1162 4033 fuisse,
1193 3973 1480 4038 postquam
1506 3965 1655 4022 dixit
1685 3983 1700 4023 :
1734 3967 1793 4023 Si
1819 3967 1932 4021 uidi
1959 3971 2118 4024 solem

517 4069 636 4110 cum
660 4054 910 4128 fulgeret,
938 4061 991 4112 et
1017 4055 1202 4111 lunam
1224 4054 1540 4109 incedentem
1557 4054 1726 4122 clare,
1753 4053 1907 4112 illico
1933 4054 2118 4112 subdi-

518 4139 660 4199 dit:

1116 4261 1346 4320 CAPUT
1369 4263 1518 4320 VIII.

590 4368 765 4428 Vnus.
779 4367 871 4425 27.
900 4396 972 4410 -
994 4367 1071 4424 Et
1087 4369 1320 4423 laetatum
1339 4374 1412 4422 est
1431 4367 1488 4422 in
1501 4367 1798 4426 abscondito
1817 4387 1908 4427 cor
1923 4390 2114 4430 meum.

591 4474 679 4531 18.
708 4474 786 4530 De
818 4473 930 4528 suis
960 4472 1207 4527 laudibus
1244 4473 1325 4528 vel
1369 4473 1520 4528 tacite
1561 4475 1735 4530 talari
1771 4477 2004 4532 vetitum.
2044 4506 2118 4520 —

517 4561 638 4632 Qua
674 4561 931 4618 videlicet
963 4561 1312 4616 attestatione
1349 4559 1482 4634 quid
1511 4561 1671 4618 nobis
1702 4563 1974 4632 innuitur,
2005 4565 2111 4622 nisi
2139 4589 2190 4649 ι)

516 4651 664 4725 quod
690 4666 886 4722 magno
915 4657 1062 4704 metu
1090 4657 1144 4704 et
1177 4650 1670 4721 circumspectione
1716 4667 1854 4722 opus
1899 4660 2002 4720 est,
2041 4669 2110 4710 ne

515 4756 672 4798 mens
696 4746 879 4795 nostra
904 4753 1147 4810 unquam
1179 4737 1246 4792 de
1275 4738 1390 4793 suis
1427 4737 1681 4792 laudibus
1712 4738 1799 4792 vel
1831 4741 1996 4794 tacita
2023 4740 2110 4794 le-

513 4837 660 4887 tetur
681 4828 710 4885 ?
736 4827 995 4899 Quisquis
1018 4827 1166 4882 enim
1197 4827 1218 4862 ³
1249 4826 1403 4898 quasi
1439 4825 1746 4881 claritatem
1777 4825 1923 4882 lune
1945 4827 2108 4883 fame

511 4935 627 4976 sue
645 4915 1082 4988 magnitudinem
1104 4914 1393 4983 conspicit,
1411 4912 1625 4985 sibique
1644 4911 1702 4967 in
1722 4913 1940 4970 occulto
1959 4929 2107 4969 men-

513 5005 584 5062 tis
612 5003 873 5076 gaudium
903 5000 1058 5068 facit,
1080 4999 1171 5054 cui
1207 4999 1308 5054 iste
1361 4998 1469 5053 nisi
1520 4998 1731 5054 auctori
1761 5014 1818 5054 se
1844 5000 2107 5070 pretulit,

509 5091 668 5162 cujus
695 5091 842 5148 dono
888 5095 952 5144 ut
1000 5087 1139 5143 bene
1172 5093 1488 5156 operaretur
1535 5086 1793 5156 percepit,
1846 5093 1901 5140 et
1925 5093 2108 5141 tamen

515 5177 576 5234 in
602 5178 724 5250 ejus
750 5191 980 5236 munere
1006 5174 1074 5232 de
1103 5173 1280 5248 gratia
1306 5188 1420 5228 sue
1445 5172 1624 5230 laudis
1648 5173 1930 5232 hilarescit
1955 5175 1985 5232 ?
2006 5176 2108 5233 De-

591 5390 748 5463 !Pro
773 5407 1026 5463 mmur
1061 5393 1122 5448 in
1159 5388 1264 5448 Ed.
1306 5389 1506 5462 legitur
1531 5390 2109 5463 erigamur.iFortasse

519 5461 864 5542 antiquarius
891 5478 1081 5542 parum
1112 5479 1330 5542 gnarus,
1347 5461 1472 5542 cum
1504 5461 1718 5542 putaret
1746 5462 1912 5542 verbo
1931 5477 2113 5541 eruere

519 5530 820 5603 significari
848 5536 1072 5603 tantum
1091 5530 1307 5602 eripere,
1327 5530 1560 5588 mutavit
1574 5549 1828 5588 eruamur
1855 5533 1914 5603 in
1942 5533 2111 5603 eriga-

517 5599 662 5658 mur.
696 5601 942 5655 Primum
970 5599 1182 5670 legitur‘
1221 5603 1278 5656 in
1329 5605 1455 5659 Mss.
1495 5604 1725 5670 Turon.,
1756 5602 1954 5670 Laud.,
1986 5599 2109 5659 Val.

521 5671 930 5802 E‘léxindgc”
953 5670 1169 5740 Norm.,
1197 5671 1364 5730 duob.
1395 5676 1702 5746 Sangerm.,
1731 5672 1790 5728 id
1818 5680 1902 5728 est
1923 5673 2110 5729 Germ.

521 5752 577 5802 et
608 5752 772 5802 Corn.
805 5752 870 5796 ti.

599 5815 624 5852 ²
649 5814 734 5872 Ita
754 5811 866 5870 duo
890 5813 1423 5885 Sangerm.,Norm.,
1445 5813 1640 5882 Laud.,
1671 5813 1796 5871 Val.
1828 5811 1913 5870 Cl.
1943 5820 1997 5868 et
2012 5813 2113 5885 pl.,

2233 1973 2380 2026 rens,
2397 1958 2541 2014 inter
2559 1957 2772 2013 auditas
2792 1955 2976 2012 laudes
2987 1955 3294 2022 extollitur,
3309 1963 3363 2010 et
3382 1971 3501 2026 que
3515 1953 3621 2010 hoc
3642 1953 3832 2010 solum

2234 2046 2542 2119 quaesierat,
2569 2045 2722 2118 quasi
2739 2045 2804 2100 de
2829 2045 3022 2100 bravio
3049 2045 3230 2116 operis
3248 2045 3482 2098 letatur.
3515 2045 3590 2098 At
3606 2051 3828 2112 contra,

2233 2134 2281 2192 si
2308 2152 2403 2192 cor
2431 2135 2698 2191 veraciter
2749 2132 2958 2188 humile
2985 2139 3088 2199 est,
3119 2131 3262 2188 bona
3315 2149 3433 2204 que
3463 2131 3532 2187 de
3560 2147 3618 2187 se
3646 2131 3830 2201 audit,

2232 2231 2328 2281 aut
2355 2223 2582 2279 minime
2607 2223 2969 2293 recognoscit,
2999 2228 3054 2276 et
3081 2222 3210 2292 quia
3239 2221 3377 2276 falsa
3404 2219 3674 2276 dicuntur
3705 2235 3834 2276 me-

2231 2311 2359 2377 tuit;
2393 2318 2487 2367 aut
2514 2319 2659 2366 certe
2717 2311 2762 2365 si
2792 2309 2977 2365 adesse
3001 2324 3065 2363 ea
3110 2308 3215 2363 sibi
3271 2310 3539 2363 veraciter
3594 2309 3728 2374 scit,
3767 2325 3830 2367 eo

2234 2398 2352 2470 ipso
2401 2399 2660 2454 formidat
2715 2413 2783 2453 ne
2809 2397 2878 2452 ab
2932 2405 3134 2452 eterna
3159 2396 3256 2454 Dei
3293 2397 3660 2452 retributione
3715 2399 3833 2454 sint

2231 2486 2464 2558 perdita,
2509 2503 2620 2559 quo
2659 2485 2778 2542 hec
2806 2484 3114 2542 considerat
3153 2483 3474 2540 hominibus
3517 2484 3830 2556 divulgata,

2234 2581 2377 2638 707
2403 2583 2668 2647 pavetque
2695 2575 3048 2630 vehementer
3063 2589 3133 2629 ne
3151 2589 3272 2644 spes
3300 2573 3474 2630 futuri
3501 2577 3756 2632 muneris
3772 2576 3829 2632 in

2230 2672 2532 2730 mercedem
2559 2679 2899 2744 permutetur
2919 2670 3220 2726 transitorii
3251 2671 3477 2728 favoris.

2303 2780 2388 2836 19.
2418 2779 2596 2835 Sancti
2641 2780 2751 2833 suis
2783 2778 3028 2834 laudibus
3063 2777 3393 2834 cruciantur.
3423 2806 3496 2820 —
3515 2775 3640 2845 Qua
3671 2793 3745 2835 ex
3775 2797 3830 2838 ne

2229 2868 2409 2938 agitur
2444 2874 2506 2922 ut
2533 2867 2829 2924 electorum
2856 2867 3074 2921 animus
3117 2882 3315 2937 magno
3347 2865 3576 2922 laudum
3600 2884 3826 2926 suarum

2230 2956 2352 3026 igne
2375 2955 2672 3022 crucietur,
2702 2962 2862 3027 atque
2889 2954 2957 3009 ab
2986 2955 3136 3009 omni
3169 2955 3408 3026 torporis
3437 2956 3524 3010 sui
3566 2955 3828 3028 rubigine

2230 3059 2457 3097 maerore
2474 3043 2819 3112 cogitationis
2833 3050 3191 3114 excoquatur.
3215 3041 3384 3098 Cauta
3403 3044 3556 3098 enim
3576 3045 3827 3102 conside-

2227 3133 2436 3186 ratione
2452 3132 2777 3203 trepidat,ne
2795 3139 2888 3185 aut
2903 3129 3067 3185 dehis
3082 3129 3136 3184 in
3153 3129 3350 3202 quibus
3369 3131 3628 3188 laudatur
3646 3143 3703 3188 et
3717 3151 3827 3191 non

2154 3245 2197 3304 Ο
2231 3226 2363 3304 sunt
2382 3219 2556 3289 majus
2585 3219 2680 3274 Dei
2707 3217 2975 3288 judicium
3007 3216 3271 3284 inveniat,
3298 3224 3393 3272 aut
3412 3217 3479 3273 de
3505 3217 3595 3274 his
3621 3221 3680 3276 in
3709 3223 3828 3294 qui-

2231 3303 2330 3358 bus
2351 3305 2602 3360 laudatur
2616 3313 2670 3360 et
2688 3323 2787 3360 sun
2810 3314 3121 3376 competens
3139 3306 3422 3376 premium
3443 3306 3657 3376 perdat.
3676 3309 3828 3366 Unde

2230 3393 2548 3465 plerumque
2576 3392 2640 3448 ﬁt
2661 3401 2723 3448 ut
2750 3395 2894 3450 sicut
2922 3393 3156 3463 injustus
3185 3409 3252 3448 ex
3283 3392 3442 3448 laude
3471 3411 3572 3450 sua
3601 3398 3828 3467 pollui-

2229 3485 2341 3544 tur,
2373 3480 2448 3535 ita
2475 3480 2565 3535 vir
2613 3479 2796 3550 justus
2825 3481 3011 3536 audita
3039 3497 3134 3536 sua
3165 3481 3323 3536 laude
3355 3491 3639 3554 purgetur.
3688 3486 3827 3544 Nam

2229 3565 2359 3620 dum
2385 3566 2527 3622 bona
2554 3583 2675 3639 quae
2695 3568 2805 3638 egit
2824 3567 2892 3622 ab
2919 3566 3240 3622 hominibus
3266 3569 3496 3639 proferri
3519 3576 3817 3642 cognoscit

2229 3657 2426 3712 subtile
2453 3667 2645 3715 contra
2672 3675 2750 3726 se,
2781 3667 2842 3714 ut
2856 3659 3063 3714 dictum
3085 3667 3187 3726 est,
3205 3661 3437 3716 extremi
3459 3659 3662 3732 judicii
3698 3679 3829 3720 exa-

2229 3761 2351 3800 men
2383 3749 2598 3815 metuit,
2620 3764 2685 3804 ac
2711 3747 2956 3819 trepidus
2985 3748 3053 3802 ad
3073 3750 3464 3805 conscientiam
3485 3753 3749 3819 recurrit,
3777 3763 3829 3810 et

2227 3834 2497 3906 quidquid
2515 3836 2632 3892 illic
2645 3836 2788 3892 inest
2802 3837 3228 3908 reprehensibile
3238 3839 3484 3909 corrigit.
3503 3840 3651 3896 Dum
3671 3842 3826 3898 enim

2225 3923 2370 3980 bona
2394 3941 2492 3980 sua
2521 3927 2824 3981 innotuisse
2853 3926 3134 3994 formidat,
3183 3927 3544 3984 subtilitatem
3573 3932 3828 3988 secuturi

2225 4014 2496 4070 examinis
2516 4015 2922 4086 pertimescens,
2972 4015 3016 4070 si
3055 4031 3163 4087 qua
3219 4018 3275 4072 in
3301 4033 3358 4072 se
3407 4019 3550 4074 mala
3602 4023 3829 4079 occulta

2225 4111 2356 4158 sunt
2383 4111 2648 4176 amputat.
2681 4104 2850 4160 Pavet
2869 4120 3102 4176 namque
3133 4105 3177 4161 si
3199 4107 3388 4162 saltem
3417 4108 3543 4164 talis
3572 4109 3691 4166 Deo
3711 4125 3827 4168 non

2226 4192 2532 4249 ostenditur
2585 4193 2763 4266 qualis
2793 4192 2862 4249 ab
2904 4192 3223 4249 hominibus
3285 4202 3526 4266 putatur,
3557 4206 3614 4254 et
3643 4215 3826 4272 neque

2226 4289 2514 4337 contentus
2552 4290 2634 4337 est
2684 4289 2746 4337 ut
2775 4281 2831 4336 in
2861 4298 2970 4354 quo
2999 4283 3178 4354 potuit
3205 4282 3566 4352 innotescere,
3625 4286 3686 4342 in
3716 4288 3824 4348 hoc

2226 4367 2418 4424 debeat
2447 4385 2742 4425 remanere.
2764 4370 2882 4424 Jam
2913 4371 3058 4424 enim
3076 4369 3142 4424 de
3164 4369 3323 4426 bonis
3343 4372 3456 4426 suis
3477 4373 3634 4442 quasi
3661 4378 3819 4432 retri-

2223 4456 2506 4513 butionem
2533 4457 2638 4513 sibi
2663 4458 2863 4513 factam
2893 4459 3144 4526 aestimat,
3167 4457 3272 4514 nisi
3293 4460 3373 4516 eis
3399 4469 3455 4516 et
3478 4461 3586 4518 alia
3604 4479 3733 4535 que
3752 4465 3818 4522 ab

2225 4544 2542 4600 hominibus
2570 4545 2890 4600 nesciuntur
2915 4544 3196 4618 adjungat.
3217 4546 3370 4604 Unde
3395 4547 3534 4604 bene
3550 4567 3649 4622 per
3669 4553 3818 4610 Salo-

2220 4651 2435 4690 monem
2475 4634 2680 4690 dicitur
2702 4652 2714 4690 :
2754 4635 2898 4690 Sicut
2913 4635 3175 4706 probatur
3200 4635 3259 4690 in
3277 4639 3588 4707 conﬂatorio
3610 4657 3818 4713 argen-

2221 4727 2351 4787 tum,
2380 4728 2427 4775 et
2455 4723 2506 4775 in
2537 4722 2753 4790 fornace
2779 4739 2996 4790 aurum,
3029 4723 3102 4777 ita
3122 4723 3384 4793 probatur
3410 4725 3562 4781 homo
3589 4745 3684 4783 ore
3704 4732 3815 4788 lau-

2218 4811 2395 4867 dantis
2413 4814 2597 4884 (Prov.
2617 4829 2798 4881 xxvu,
2813 4815 2930 4886 21).
2949 4819 3248 4885 Argentum
3267 4816 3470 4888 quippe
3485 4817 3572 4872 vel
3589 4833 3813 4889 aurum,

2217 4901 2266 4957 si
2281 4902 2570 4972 reprobum
2587 4901 2817 4972 est,igne
2831 4903 3245 4969 consumitur;si
3265 4903 3496 4974 probum
3513 4921 3672 4976 vero,
3691 4909 3814 4981 igne

2218 4991 2544 5047 declaratur.
2567 4991 2658 5048 Sic
2676 4991 2937 5046 nimirum
2959 4999 3041 5047 est
3067 4999 3122 5047 et
3136 5008 3325 5049 sensus
3345 4997 3645 5065 operantis.
3674 4999 3810 5055 Nam

2218 5080 2394 5152 qualis
2427 5079 2518 5148 sit,
2559 5079 2615 5134 in
2645 5095 2709 5135 eo
2735 5079 2882 5152 quod
2924 5079 3178 5136 laudatur
3207 5080 3537 5139 ostenditur.
3573 5085 3630 5141 Si
3661 5087 3808 5142 enim

2216 5183 2276 5224 se
2293 5166 2496 5224 auditis
2509 5168 2622 5224 suis
2642 5167 2894 5225 laudibus
2909 5168 3149 5237 extollit,
3181 5167 3316 5242 quid
3343 5167 3445 5225 iste
3471 5171 3627 5229 aliud
3645 5190 3808 5248 quam

2219 5388 2288 5445 ad
2317 5404 2451 5460 quos
2478 5385 2705 5444 accedit.
2737 5387 2840 5442 Ed.
2863 5385 3034 5442 Paris.
3061 5385 3217 5460 1495,
3246 5385 3305 5441 ἱη
3327 5402 3434 5460 qua
3449 5387 3677 5460 legitur,
3712 5401 3806 5459 per

2223 5458 2432 5531 tacitam
2467 5459 2708 5514 elationis
2738 5463 3099 5528 tempestatem.
3131 5458 3432 5531 [niceteria
3460 5459 3673 5514 omisso
3687 5458 3805 5531 per,

2219 5529 2441 5601 legitur,
2472 5531 2747 5601 tacitam...
2789 5534 3129 5601 tempestatem
3156 5528 3337 5601 gignit.

2294 5598 2314 5635 ³
2355 5600 2523 5656 Laud.
2553 5609 2608 5655 et
2627 5600 2748 5655 Val.
2780 5598 2887 5665 CL,
2918 5599 3072 5667 quasi
3099 5600 3338 5653 claritate
3369 5599 3526 5654 (une.

2294 5673 2316 5748 ξ
2349 5671 2576 5748 'l‘uron_.,
2598 5672 2794 5725 occulta
2822 5670 3224 5748 dispensatione.
3256 5669 3318 5724 In
3343 5669 3559 5726 Gemet.
3591 5687 3702 5742 pro
3726 5684 3804 5726 re-

2219 5740 2493 5814 quirimur
2526 5742 2646 5812 lego
2679 5741 3020 5814 requirimus.
