3928 6418
145 295 248 354 225
952 300 1325 360 MORALIUM
1360 303 1494 363 LIB.
1538 307 1716 365 XXII.
1756 339 1826 354 —
1866 311 1939 369 IN
1976 313 2203 372 CAPUT
2241 317 2428 375 XXXI
2465 319 2528 377 Β.
2568 320 2712 379 JOB.
3349 329 3456 388 226

141 440 335 525 surum
366 426 465 525 vel
496 434 785 497 argentum
814 427 1105 525 reprobum
1135 429 1267 499 fuit,
1297 448 1459 525 quem
1485 433 1745 492 videlicet
1769 440 1824 501 Α
1855 454 1990 495 num
2018 456 2171 497 suam
2201 458 2296 498 ore
2326 460 2426 499 suo
2458 448 2763 504 osculatum
2791 447 2963 506 fuisse
2990 464 3049 508 se
3077 451 3328 525 denegat.
3368 456 3455 513 Ac

143 514 339 611 fornax
369 513 583 611 linguae
633 516 1017 611 consumpsit?
1047 517 1313 611 Si‘autem
1351 521 1566 577 favores
1616 540 1742 582 suos
1854 529 1901 586 si
1933 538 2178 601 patenter
2205 531 2383 588 dicat:
2418 534 2534 605 Ego
2564 552 2684 591 mea
2716 552 2879 607 opera
2905 546 3166 611 tanquam
3187 513 3309 599 mea
3336 559 3450 599 non

140 603 389 696 ιυάξθηξιξ
418 604 495 659 ad
525 604 959 696 supernillﬁicii
980 606 1467 696 considerationem
1497 610 1661 696 redit,
1678 628 1743 670 ac
1848 620 2090 691 profero,
2124 621 2255 693 quia
2284 603 2527 677 auctoris
2556 624 2638 677 sui
2663 603 2895 693 gratiam
2927 603 3125 696 negare
3153 631 3450 687 convinci-

143 711 212 752 ne
236 692 302 791 de
330 691 426 749 his
451 692 647 791 apud.1
665 693 944 791 occultum
959 694 1227 791 arbitrum
1246 706 1501 791 gravetur
1520 690 1735 770 metuit,
1846 690 1959 774 tur,
1989 690 2239 780 quisquis
2254 709 2361 765 sibi
2389 710 2589 791 tribuit
2603 690 2752 784 quod
2779 690 3055 785 operatur.
3079 716 3233 772 Unde
3252 726 3308 774 et
3325 736 3448 791 pro-

139 783 287 858 quasi
315 782 742 854 expurgationis
771 782 895 853 igne
922 783 992 839 ad
1020 785 1451 855 magnitudinem
1472 789 1738 847 claritatis
1843 796 1995 851 tinus
2023 797 2213 853 subdit
2242 815 2258 856 :
2456 784 2470 793 ’

139 872 429 946 excrescit,
461 879 522 927 et
549 871 696 927 unde
725 871 1040 928 incendium
1071 874 1453 945 trepidationis
1480 879 1737 948 sustinet,
2474 886 2703 947 CAPUT
2748 889 2823 947 Χ,

138 962 261 1019 inde
287 961 502 1018 clarius
532 960 726 1033 fulget.
784 961 982 1017 Beatus
1012 963 1181 1033 igitur
1208 963 1330 1033 Job,
1362 966 1491 1038 quia
1519 983 1735 1039 nequa-

135 1066 293 1125 quam
322 1049 393 1106 de
440 1049 764 1121 operatione
791 1065 847 1105 se
902 1052 1164 1121 praetulit,
1194 1050 1425 1108 ﬁdenter
1452 1053 1616 1111 dicit:
1679 1054 1739 1111 Si

134 1142 241 1196 vidi
266 1143 432 1196 solem
460 1157 586 1195 cum
612 1140 854 1211 fulgeret.
902 1141 1042 1208 Quia
1082 1158 1213 1197 vero
1238 1141 1388 1199 hunc
1416 1144 1439 1179 ³
1482 1160 1516 1200 a
1535 1142 1735 1216 judicii

134 1228 410 1284 interioris
441 1229 656 1283 intuitu
676 1228 821 1283 fama
842 1229 1131 1285 laudabilis
1148 1248 1256 1285 non
1276 1230 1523 1300 divertit,
1543 1232 1736 1305 adjun-

133 1318 235 1388 git:
266 1318 346 1373 Et
377 1318 571 1371 lunam
597 1316 912 1371 incedentem
941 1318 1100 1373 clare.
1134 1318 1273 1385 Quia
1301 1328 1480 1377 autem
1509 1324 1735 1394 opinio-

131 1407 213 1462 nis
232 1423 344 1462 suae
367 1406 552 1478 gratia
567 1406 815 1461 animum
835 1405 1075 1475 devinci,
1095 1424 1195 1464 nec
1221 1409 1387 1467 tacita
1405 1412 1736 1481 cogitatione

130 1496 401 1567 permisit,
462 1495 721 1566 protinus
749 1494 1025 1552 subdidit:
1074 1498 1149 1553 Et
1201 1497 1249 1551 si
1302 1499 1532 1554 laetatum
1576 1507 1651 1554 est
1676 1500 1735 1555 in

127 1585 428 1641 abscondito
459 1602 560 1640 cor
595 1602 804 1692 meum.‘
846 1584 1118 1677 [ηελλ]
1148 1588 1222 1643 Et
1250 1590 1380 1663 quia
1408 1589 1733 1663 plerumque

1866 1584 1877 1597 .
2290 1584 2301 1585 κ
2568 1584 2613 1603 -ε
2636 1584 3291 1605 τ-η--ηπη--ῄτ--νἿ
3317 1584 3439 1605 1m—

1866 1638 1873 1668 ι
1895 1631 2131 1685 superno
2152 1615 2344 1687 judice
2365 1618 2582 1674 veniam
2613 1619 2865 1691 requirit.
2883 1622 3242 1692 Presumptio
3255 1629 3439 1677 autem

126 1673 541 1779 ίίξῗξξθδίάθξᾶίξι
569 1689 743 1741 mensi
773 1672 905 1729 dum
930 1676 1246 1779 ῖτξιηξίφτίο
1286 1677 1464 1779 Ῐξίνξπί
1484 1694 1733 1779 ’ΠΨ-ΓΘ·
1838 1700 2064 1758 virtutis
2098 1672 2330 1775 prbpriaa
2362 1712 2519 1761 tanto
2544 1672 2766 1777 gravius
2792 1707 2852 1761 in
2907 1672 3284 1779 desperartione
3333 1716 3437 1777 est,

126 1762 347 1865 nititpf.
379 1762 451 1865 εξᾷ
501 1763 828 1865 11003qu
878 1763 1234 1862 pertrahittjlr,
1268 1773 1332 1821 ut
1356 1765 1560 1865 laude}
1616 1768 1732 1838 ipsa
1751 1788 1800 1850 Β
1828 1796 2036 1860 quanto
2065 1762 2282 1861 ldngius
2308 1791 2377 1847 ab
2396 1762 2729 1848 humilitate.
2762 1762 3313 1865 Cumque‘viressibi
3340 1762 3438 1860 tri:

127 1850 272 1924 quod
300 1850 457 1917 facit,
488 1849 803 1908 conditioni
832 1868 953 1926 quae
982 1852 1262 1924 praemissa
1289 1860 1375 1909 est
1398 1853 1553 1927 quasi
1581 1870 1726 1912 con-

1866 1879 1955 1934 »uit
2006 1880 2212 1950 operis,
2236 1878 2305 1935 ad
2346 1878 2684 1952 adjutorium
2726 1896 2839 1937 non
2880 1882 3117 1938 recurrit
3161 1882 3437 1951 auctoris;

1916 989 2085 1045 Vsus.
2119 991 2208 1048 28.
2234 1022 2307 1035 —
2340 993 2468 1061 ρυω
2488 999 2561 1048 est
2584 993 3111 1065 iniquitasmaxima,
3148 1005 3200 1054 et
3233 1001 3443 1072 negatio
3530 1002 3535 1005 ’

1842 1084 2027 1133 contra
2048 1079 2218 1134 Deum
2253 1082 2620 1139 altisssimum.

1915 1166 1973 1220 21
1988 1208 2003 1221 .
2026 1167 2195 1221 Deum
2221 1176 2375 1239 negat
2396 1170 2489 1239 qui
2510 1170 2572 1226 de
2592 1170 2794 1227 viribus
2812 1174 2923 1228 suis
2944 1176 3240 1245 presumit.
3258 1207 3331 1219 —
3358 1177 3449 1234 Li-

1843 1261 1973 1324 quet
1999 1256 2203 1310 etenim
2232 1256 2362 1329 quia
2391 1257 2551 1313 illu'm
2580 1267 2761 1331 negat,
2793 1259 2953 1332 cujus
2980 1262 3232 1334 despecta
3247 1265 3445 1336 gratia,

1843 1344 1950 1399 sibi
1978 1345 2122 1401 vires
2151 1348 2283 1403 boni
2313 1348 2492 1420 operis
2520 1359 2752 1423 arrogat.
2794 1352 2954 1420 Quod
2983 1361 3128 1411 recte
3148 1370 3364 1427 quoque
3389 1361 3447 1411 et

1841 1433 2107 1508 iniquitas
2135 1438 2377 1494 maxima
2394 1448 2644 1506 vocatur,
2676 1442 2937 1514 quoniam
2968 1461 3131 1501 omne
3158 1452 3442 1517 peccatum

1842 1524 1988 1597 quod
2020 1542 2091 1582 ex
2119 1527 2440 1586 inﬁrmitate
2455 1537 2538 1586 est
2563 1546 2714 1603 spem
2730 1548 3071 1605 nequaquam
3092 1533 3291 1605 perdit,
3312 1533 3443 1605 quia

125 1957 254 2015 grue
276 1941 672 2000 subinfertur:
758 2030 795 2042 Α
821 2032 984 2042 Μ.-
1010 2031 1086 2042 ___
1831 1964 2004 2038 ﬁtque
2042 1941 2108 2023 ut
2132 1941 2208 2024 eoi
2230 1941 2452 2039 gravius
2480 1976 2731 2041 peccator
2785 1977 2990 2042 pereat,
3022 1986 3133 2042 quo
3160 1978 3217 2026 et
3256 1941 3437 2042 ipsum

754 2030 984 2133 CAPUT
1010 2031 1110 2091 ῙΧο
1832 2030 1962 2125 hoc,
1991 2057 2124 2130 quia
2149 2030 2529 2132 estvpeccator,
2568 2030 2804 2131 ignorat:
2834 2030 3130 2133 Sequitur:

191 2119 327 2178 Iam.
363 2150 439 2167 —
469 2122 554 2179 Et
580 2122 846 2177 osculatus
872 2138 989 2177 sum
1021 2139 1237 2179 manum
1264 2139 1433 2181 meam
1459 2140 1551 2181 ore
1586 2140 1720 2183 meo.

190 2210 277 2267 20.
315 2210 458 2278 Deo,
482 2227 597 2266 non
614 2210 738 2276 sibi,
771 2227 869 2266 sua
897 2211 1034 2266 bona
1060 2228 1221 2283 opera
1246 2214 1504 2270 tribuunt.
1532 2213 1724 2271 Gratia
2296 2198 2525 2258 CAPUT
2553 2200 2632 2259 ΧῙ
2662 2199 2807 2275 [Βεοο
2842 2198 2963 2276 νη.

123 2299 469 2373 prwoeniens.
499 2328 575 2342 -—
602 2299 705 2355 Per
749 2315 972 2355 manum
1003 2300 1204 2373 quippe
1245 2303 1509 2374 operatio,
1540 2318 1635 2375 per
1660 2320 1723 2359 os
1902 2305 2075 2364 Vnus.
2106 2306 2197 2367 29.
2223 2338 2295 2352 —
2326 2310 2385 2367 Si
2408 2310 2619 2381 gavisus
2655 2326 2772 2365 sum
2810 2309 2884 2365 ad
2908 2308 3125 2365 ruinam
3170 2309 3286 2380 ejus
3340 2320 3437 2381 qui

130 2396 304 2446 autem
332 2389 554 2446 locutio
582 2389 927 2461 designatur;
950 2391 1093 2448 sicut
1107 2408 1204 2463 per
1223 2393 1567 2449 Salomonem
1588 2393 1723 2452 dici-
1829 2410 1912 2451 me
1937 2397 2143 2463 oderat,
2172 2404 2223 2453 et
2246 2399 2511 2454 exsultavi
2536 2399 2677 2469 quod
2698 2398 2976 2454 invenisset
2997 2416 3116 2453 eum
3127 2402 3349 2455 mlum.

129 2484 243 2535 tur:
272 2478 575 2535 Abscoudit
588 2479 741 2549 piger
755 2496 973 2534 manum
994 2496 1146 2535 suam
1173 2481 1196 2516 ³
1225 2481 1319 2536 sub
1334 2481 1509 2537 ouillo
1536 2499 1655 2547 sua,
1675 2489 1727 2538 et
1903 2483 1991 2539 22.
2012 2485 2104 2539 Dei
2122 2486 2410 2557 discipulos
2449 2503 2545 2542 nos
2563 2486 2699 2556 facit
2714 2488 2831 2541 sola
2846 2486 3097 2541 charitas.
3131 2484 3427 2542 Charitatis

132 2567 327 2623 laborat
354 2568 406 2622 si
427 2567 507 2623 ad
527 2584 584 2621 os
610 2584 767 2622 suum
794 2568 1045 2639 porrigat
1071 2585 1185 2624 eam
1224 2570 1419 2639 (Prov.
1452 2586 1573 2637 xxx,
1602 2570 1719 2642 24).
1832 2579 2144 2641 argumenta
2170 2580 2219 2628 et
2259 2574 2430 2645 signa.
2457 2604 2528 2617 —
2590 2572 2998 2644 Omnipotentis
3043 2574 3142 2630 Dei
3188 2591 3288 2630 nos
3317 2590 3434 2631 esse

128 2656 279 2729 Pigro
306 2658 470 2714 labor
500 2666 584 2714 est
639 2675 863 2715 manum
894 2675 1048 2716 suam
1077 2660 1146 2717 ad
1174 2677 1235 2716 os
1268 2661 1564 2731 porrigere,
1595 2663 1725 2734 quia
1832 2658 2153 2731 discipulos,
2185 2662 2302 2717 sola
2331 2661 2581 2719 custodia
2604 2661 2892 2719 charitatis
2923 2661 3137 2734 probat.
3184 2662 3327 2718 Hinc
3352 2669 3434 2718 est

130 2743 429 2803 desidiosus
460 2748 695 2819 quisque
724 2747 1049 2819 praedicator
1097 2764 1199 2803 nec
1226 2747 1333 2803 hoc
1359 2748 1483 2803 vult
1510 2751 1723 2819 operari
1832 2747 1980 2803 enim
2007 2749 2153 2821 quod
2182 2766 2278 2821 per
2304 2751 2655 2823 semetipsam
2682 2750 2898 2806 Veritas
2927 2750 3065 2806 dicit
3089 2768 3101 2807 :
3140 2752 3207 2808 In
3232 2752 3325 2806 hoc
3352 2767 3433 2805 co-

129 2836 262 2909 quod
289 2836 454 2894 dicit.
488 2838 711 2892 Manum
760 2837 960 2907 quippe
989 2836 1058 2891 ad
1087 2853 1148 2892 os
1176 2837 1452 2909 porrigere
1489 2847 1571 2895 est
1598 2840 1722 2895 voci
1831 2845 2073 2909 gnosceut
2098 2857 2293 2905 omnes,
2322 2841 2451 2911 quia
2475 2842 2577 2896 mei
2605 2840 2855 2911 discipuli
2876 2841 3022 2906 estis,
3046 2841 3093 2896 si
3111 2841 3434 2896 dilectionem

128 2941 230 2982 sum
253 2942 423 2998 opere
452 2924 805 2980 concordare.
850 2925 1077 2981 Manum
1111 2940 1239 2995 ergo
1266 2942 1420 2982 suam
1447 2928 1726 2983 osculatur
1831 2924 2122 2979 habueritis
2147 2928 2220 2981 ad
2245 2928 2459 2981 invicem
2485 2928 2674 2996 (Joan.
2703 2943 2829 2992 xm,
2859 2927 2974 2998 35).
3008 2928 3139 2994 Quae
3167 2927 3432 2983 nimirum

131 3029 216 3069 ore
241 3031 364 3081 suo,
386 3013 489 3084 qui
518 3009 709 3069 laudat
728 3012 873 3084 quod
903 3013 1057 3080 facit,
1078 3021 1134 3067 et
1158 3015 1476 3070 testimonio
1492 3015 1723 3087 pr0pria
1832 3009 2056 3067 dilectio
2078 3011 2124 3067 si
2153 3028 2249 3068 cor
2274 3020 2525 3067 nostrum
2556 3013 2825 3069 veraciter
2852 3015 3047 3084 replet,
3068 3014 3285 3070 duobus
3317 3032 3429 3070 mo-

130 3102 420 3157 locutionis
437 3100 545 3156 sibi
577 3100 839 3155 virtutem
866 3100 1064 3156 tribuit
1079 3102 1277 3171 operis.
1301 3102 1421 3169 Qua
1437 3102 1495 3157 in
1525 3119 1581 3158 re
1603 3103 1724 3175 quis
1752 3140 1797 3200 C
1832 3097 1917 3153 dis
1944 3098 2159 3154 ostendi
2206 3099 2366 3166 solet,
2382 3099 2595 3155 scilicet
2625 3099 2669 3154 si
2687 3105 2742 3152 et
2760 3099 2966 3153 amicos
2990 3099 3047 3153 in
3077 3101 3213 3165 Deo,
3245 3107 3299 3153 et
3321 3101 3425 3155 ini-

134 3187 453 3259 despicitur,
486 3187 591 3243 nisi
632 3188 680 3244 is
711 3188 805 3260 qui
832 3188 950 3260 ipsa
994 3189 1256 3259 operandi
1286 3205 1514 3245 munera
1549 3191 1726 3261 largi-
1754 3186 1797 3200 ν
1830 3187 2002 3244 micos
2050 3187 2335 3260 diligimus
2384 3196 2605 3259 propter
2630 3189 2827 3244 Deum.
2873 3187 2981 3243 Sed
3016 3186 3302 3243 sciendum
3350 3196 3433 3244 est

133 3282 216 3331 tur
234 3278 262 3333 ‘l
293 3277 458 3334 Unde
483 3278 621 3333 bene
649 3293 744 3348 per
757 3277 1031 3347 egregium
1050 3277 1460 3349 praedicatorem
1480 3277 1718 3339 dicitur:
1830 3276 1959 3349 quia
1986 3276 2199 3333 inimici
2220 3276 2447 3332 dilectio
2484 3284 2620 3331 tunc
2648 3275 2919 3331 veraciter
2947 3275 3279 3343 custoditur,
3302 3294 3429 3333 cum

135 3364 271 3430 Quid
286 3373 471 3422 autem
495 3367 669 3431 habes,
699 3366 839 3437 quod
859 3382 966 3421 non
991 3367 1233 3437 accepisti
1251 3367 1280 3423 ?
1310 3366 1369 3424 Si
1382 3373 1557 3423 autem
1576 3372 1721 3430 708
1830 3378 1931 3419 nec
1954 3363 2021 3420 de
2049 3365 2297 3435 profectu
2324 3363 2658 3431 addicimur,
2689 3378 2792 3418 nec
2820 3362 2888 3418 de
2916 3363 3079 3419 ruina
3099 3364 3251 3419 illius
3284 3364 3431 3420 [mta-

127 3463 386 3534 accepisti,
417 3463 552 3533 quid
572 3462 851 3534 gloriaris,
890 3463 1046 3532 quasi
1071 3480 1178 3518 non
1222 3463 1481 3534 acceperis
1498 3465 1564 3535 (Ι
1590 3465 1719 3522 Cor.
1829 3469 1973 3511 mur.
2003 3455 2141 3511 Nam
2167 3470 2309 3527 sepe
2337 3456 2397 3511 in
2417 3453 2733 3511 dilectionis
2749 3454 2987 3525 imagine
2999 3470 3126 3526 erga
3140 3455 3431 3511 inimicum

128 3564 200 3617 Iv,
232 3550 287 3622 7)
306 3552 337 3608 ?
365 3550 556 3608 Sancti
583 3558 764 3607 autem
795 3551 902 3606 viri
932 3552 1114 3625 sciunt
1140 3559 1263 3623 post
1287 3552 1449 3623 primi
1480 3553 1721 3624 parentis
1826 3542 2046 3598 animus
2064 3542 2299 3612 fallitur,
2319 3558 2455 3616 sequ
2480 3558 2510 3598 e
2530 3542 2683 3598 hunc
2710 3540 2940 3613 diligere
2956 3543 3211 3611 aestimat,
3242 3544 3288 3599 si
3315 3542 3432 3613 ejus

127 3634 333 3708 lapsum
362 3638 435 3696 de
469 3639 818 3711 corruptibili
846 3639 1016 3711 stirpe
1045 3654 1102 3695 se
1131 3640 1328 3708 editos,
1363 3647 1418 3696 et
1454 3657 1566 3697 non
1594 3643 1721 3697 vir.
1828 3631 1960 3686 vitae
1981 3632 2291 3688 contrarius
2316 3647 2431 3687 non
2460 3631 2681 3687 existat.
2714 3630 2819 3686 Sed
2847 3629 3162 3686 dilectionis
3192 3631 3306 3686 vim
3338 3648 3427 3688 oc-

127 3731 236 3782 tute
263 3729 513 3799 propria,
547 3727 640 3784 sed
669 3729 1039 3798 praeveniente
1067 3743 1299 3798 superna
1316 3729 1489 3799 gratia
1511 3728 1579 3785 ad
1609 3744 1719 3786 me-
1828 3720 1975 3778 culte
2001 3728 2057 3776 et
2083 3721 2350 3777 veraciter
2371 3726 2468 3775 aut
2492 3720 2514 3755 ‘
2543 3719 2821 3790 profectus
2865 3718 3104 3785 inimici,
3135 3725 3230 3774 aut
3265 3736 3425 3776 casus

128 3812 257 3871 liora
284 3832 344 3871 se
371 3824 506 3872 vota
523 3816 611 3871 vel
637 3831 802 3886 opera
819 3822 1180 3871 commutatos
1203 3834 1219 3883 ;
1245 3824 1301 3871 et
1324 3816 1593 3890 quidquid
1611 3818 1719 3876 sibi
1828 3810 2145 3881 interrogat.
2178 3811 2292 3867 Hac
2318 3808 2523 3864 etenim
2553 3807 2621 3863 de
2650 3824 2708 3863 re
2735 3807 2805 3864 ad
2834 3809 3058 3880 plenum
3081 3808 3429 3880 semetipsam

130 3904 251 3958 mali
278 3905 503 3960 innesse
521 3910 879 3975 cognoscunt,
926 3903 993 3958 de
1016 3904 1233 3959 mortali
1264 3906 1557 3976 propagine
1585 3922 1720 3963 seu-
1828 3914 1983 3955 mens
2009 3898 2254 3955 hominis
2286 3898 2483 3965 nescit,
2524 3896 2636 3953 nisi
2663 3912 2790 3952 eum
2822 3912 2986 3968 quem
3016 3895 3121 3951 sibi
3163 3895 3432 3952 adversa-

129 3989 263 4047 tiunt
293 3992 561 4047 meritum
586 4009 598 4057 ;
635 3990 903 4064 quidquid
924 4007 1055 4047 vero
1073 3992 1131 4047 in
1153 4008 1209 4047 se
1235 3991 1366 4047 boni
1395 3992 1716 4065 inspiciunt,
1826 3986 1973 4043 rium
2003 3986 2179 4042 credit
2204 3986 2264 4041 in
2290 3983 2510 4041 defectu
2536 3984 2624 4041 vel
2655 3985 2906 4055 profectu
2938 3991 3173 4038 mutasse
3203 3983 3429 4040 modum

131 4077 458 4137 immortalis
496 4080 681 4152 gratiae
711 4088 1065 4151 cognoscunt,
1099 4080 1325 4150 donum,
1354 4082 1513 4154 eique
1539 4082 1607 4138 de
1632 4100 1720 4141 ac.
1826 4076 1914 4131 sui
1968 4081 2141 4130 status
2186 4072 2482 4129 invenerit.
2518 4070 2575 4127 Si
2623 4071 2772 4126 enim
2816 4068 2882 4123 de
2926 4069 3283 4140 prosperitate
3319 4069 3429 4124 ad-

132 4176 277 4238 cepto
307 4184 539 4225 munere
594 4167 866 4224 debitores
897 4168 1059 4237 ﬁunt,
1104 4169 1199 4241 qui
1229 4177 1283 4225 et
1335 4171 1719 4241 praeveniendo
1826 4162 2051 4229 dicitur,
2080 4169 2136 4217 et
2160 4158 2229 4217 de
2264 4159 2575 4215 calamitate
2595 4173 2652 4213 se
2681 4156 2920 4213 odientis
2952 4157 3187 4224 laetatur,
3214 4164 3456 4242 constat.

132 4252 271 4311 dedit
284 4258 363 4312 eis
382 4259 592 4314 bonum
614 4258 753 4313 velle
773 4257 913 4330 quod
934 4259 1250 4324 noluerunt,
1270 4265 1325 4313 et
1338 4257 1719 4331 subsequendo
1826 4254 1956 4343 quia
1972 4268 2084 4307 non
2103 4256 2251 4305 amat
2265 4262 2427 4343 quem
2449 4261 2560 4302 non
2581 4245 2703 4343 vult
2722 4260 2836 4300 esse
2856 4245 3138 4342 meliorem
3150 4287 3166 4343 ἶ
3178 4261 3424 4343 eumque

136 4348 392 4403 concessit
419 4347 628 4403 bonum
648 4363 804 4419 posse
834 4347 979 4419 quod
1024 4350 1241 4404 volunt.
1276 4348 1429 4404 Unde
1456 4348 1594 4404 bene
1622 4365 1719 4422 per
1824 4341 1991 4396 etiam
2015 4346 2250 4395 stantem
2277 4341 2506 4406 votoper
2524 4334 2796 4408 sequitur,
2826 4349 2990 4407 quem
3017 4332 3282 4390 cecidisse
3308 4350 3430 4407 gra-

134 4428 384 4489 loannem
436 4434 640 4491 dicitur
679 4452 691 4490 :
746 4435 1125 4490 Adoraoerunt
1172 4436 1423 4491 viventem
1447 4436 1505 4490 in
1524 4437 1716 4491 saecula
1741 4488 1778 4491 _
1824 4428 2054 4486 tulatur.

137 4488 996 4591 ειεσυιονωηζτὶιίηεηέεεῖςονοῇαέ
1021 4488 1146 4580 si.
1173 4488 1296 4580 at.
1323 4488 1716 4581 usus;
1740 4488 1793 4549 Β
1894 4515 2034 4589 [νει.
2067 4513 2196 4589 XL]
2227 4515 2372 4577 ’ποθ
2394 4509 2485 4569 23.
2517 4511 2622 4580 Qui
2644 4527 2927 4584 possumus
2970 4510 3147 4569 illwsa
3172 4511 3427 4568 charitate

137 4604 291 4677 mini(
296 4609 462 4680 Apoc.
492 4626 573 4677 Iv,
598 4610 711 4681 10).
744 4609 984 4667 Coronas
1011 4627 1246 4684 namque
1266 4627 1390 4666 suas
1418 4618 1544 4666 ante
1564 4609 1711 4665 thro-
1820 4612 1884 4668 de
1904 4610 2108 4667 inimici
2132 4611 2295 4667 ruina
2321 4607 2517 4672 laetari,
2545 4607 2845 4677 autdeejus
2863 4609 3041 4679 gloria
3056 4608 3251 4665 dolere.
3286 4607 3427 4674 Quid

139 4704 257 4750 num
284 4698 506 4753 Domini
535 4698 751 4754 mittere
789 4707 872 4755 est
896 4701 1256 4757 certaminum
1285 4716 1511 4756 suorum
1535 4700 1707 4756 victo-
1819 4699 1916 4756 hac
1944 4700 1999 4755 in
2024 4716 2085 4755 re
2119 4698 2422 4755 cavendum.
2447 4726 2521 4740 —
2546 4695 2652 4752 Sed
2692 4696 2839 4751 inter
2864 4695 2981 4752 haec
3021 4695 3306 4752 sciendum
3344 4711 3427 4768 est

138 4780 235 4838 rias
262 4801 369 4842 non
395 4787 501 4843 sibi
532 4787 795 4857 tribuere,
826 4789 921 4845 sed
945 4788 1179 4856 auctori,
1201 4795 1264 4844 ut
1290 4788 1358 4843 ad
1385 4788 1543 4843 illum
1573 4789 1707 4844 refe-
1821 4790 1953 4861 quia
1981 4789 2203 4845 evenire
2216 4789 2537 4859 plerumque
2558 4785 2697 4840 solet
2726 4792 2788 4841 ut
2805 4801 2914 4840 non
2932 4784 3132 4843 amissa
3159 4783 3425 4840 charitate

142 4878 251 4925 rant
276 4874 500 4943 gloriam
531 4875 731 4943 laudis,
755 4892 788 4931 a
816 4892 925 4949 quo
970 4892 1028 4932 se
1056 4876 1238 4933 sciunt
1267 4876 1411 4931 vires
1439 4876 1709 4948 accepisse
1823 4885 1881 4933 et
1907 4878 2122 4934 inimici
2148 4893 2249 4932 nos
2272 4876 2432 4931 ruina
2461 4874 2723 4941 laetiﬁcet,
2750 4880 2806 4929 et
2843 4889 3064 4929 rursum
3106 4871 3224 4943 ejus
3252 4871 3425 4944 gloria

140 4964 658 5021 certaminis.Beatus
705 4981 833 5036 ergo
881 4965 1005 5033 Job,
1088 4965 1219 5038 quia
1262 4965 1342 5020 sic
1394 4963 1539 5019 bona
1587 4980 1709 5035 quae
1823 4964 2187 5021 sineinvidizs
2213 4964 2375 5034 culpa
2392 4960 2699 5026 contristet,
2727 4976 2853 5016 cum
2870 4968 2925 5015 et
2944 4965 3137 5015 ruente
3165 4974 3229 5012 eo
3250 4972 3425 5027 quos-

144 5056 376 5114 operatus
403 5059 483 5107 est
540 5060 745 5120 narrat,
774 5059 838 5108 ut
865 5059 1050 5108 tamen
1099 5052 1218 5109 haec
1244 5068 1357 5108 sua)
1404 5051 1709 5123 Operationi
1824 5052 1950 5110 dam
1969 5052 2108 5108 bene
2127 5052 2264 5123 erigi
2282 5049 2581 5116 credimus,
2599 5054 2654 5103 et
2670 5046 2990 5119 proﬁciente
3017 5046 3116 5100 illo
3136 5046 3423 5116 plerosque

143 5144 241 5189 non
264 5138 488 5210 tribuat,
528 5141 625 5199 sed
650 5140 719 5198 ad
746 5140 987 5198 auctoris
1015 5139 1236 5197 laudem
1265 5146 1534 5208 recurrat,
1585 5154 1712 5196 ma-
1826 5139 2029 5213 injuste
2054 5138 2293 5213 opprimi
2312 5134 2693 5194 formidamus.
2726 5134 2847 5202 Qua
2873 5133 2934 5189 in
2957 5147 3018 5188 re
3043 5137 3283 5186 mentem
3310 5147 3425 5188 no—

210 5367 225 5451 l
252 5372 443 5446 Laud.,
473 5375 583 5451 duo
610 5377 893 5451 Sangerm.
924 5372 1136 5451 etgval.
1170 5372 1278 5443 αι,
1306 5372 1587 5451 occultum
1623 5387 1716 5427 ar-
1836 5443 1849 5451 _
1904 5369 2052 5451 ‘__Hic
2077 5369 2243 5451 toties
2269 5367 2472 5451 legitur
2510 5357 3450 5451 prouectus,dprouectugetrsim'ilia,‘

151 5434 349 5521 θίίῑείτῑιξ
380 5433 674 5521 qﬁddiaiﬁ
698 5433 808 5505 nim
836 5433 1003 5521 semel
1033 5433 1467 5521 absumimus-
1514 5511 1524 5521 .
1833 5443 1891 5521 is
1917 5441 2053 5521 MSS;
2094 5438 2288 5521 ἀιιοδκ
2305 5433 2599 5521 Senserit;
2627 5441 2683 5521 εξ
2706 5434 2922 5521 Νφῖψέφ
2942 5433 3237 5521 $1999???
3262 5433 3428 5521 ,Eﬂi‘

209 5511 228 5545 ²
255 5502 369 5573 Val.
398 5502 808 5588 lClId'
826 5502 1115 5573 interioris.
1146 5517 1405 5588 Vindoc.,
1430 5511 1560 5588 quia
1595 5527 1717 5567 vero
1832 5513 1907 5569 tis
1932 5511 2132 5588 legitur
2149 5502 2727 5588 ρνοΐερίῑιεξλινοίθοεω
2753 5502 3040 5588 etiam-1113i
3064 5503 3218 5588 νοςὶδ
3243 5502 3426 5588 ἀείδεθ-

150 5573 506 5659 Ῑιιιῃο-αιιάἱῖιὶὲ
524 5573 795 5647 inierioris
826 5590 1023 5644 intuitu
1050 5589 1198 5659 fama
1223 5573 1526 5659 laudabilis.
1649 5653 1685 5659 __
1837 5590 1920 5659 tus
1949 5573 2235 5659 opposition
2255 5573 2325 5659 ad
2354 5573 2703 5659 scribendum
2737 5573 3003 5659 profectus
3022 5573 3427 5659 suaderenvide-

210 5653 229 5686 ³
257 5655 444 5730 Laud,
474 5645 686 5729 Norm.,
717 5660 827 5715 duo
854 5645 1129 5727 Sangerm.
1163 5667 1216 5714 et
1246 5660 1387 5730 plur.
1418 5654 1511 5709 sub
1529 5653 1723 5708 ascella
1837 5645 2000 5730 batur
2021 5645 2039 5706 ἶ
2056 5649 2343 5729 indefecta
2368 5647 2459 5730 uel
2472 5651 2720 5730 provectu
2743 5652 2971 5730 mutasse
2989 5646 3229 5730 modum:
3242 5645 3316 5699 Et
3340 5645 3424 5699 in-

150 5732 252 5781 ⁸¹ια-
282 5715 449 5797 Quam
475 5715 766 5790 lectionem
796 5715 1063 5787 exhibent
1094 5739 1199 5786 vet.
1229 5715 1379 5785 Edit.
1841 5726 1948 5790 ira,
1976 5739 2067 5778 uec
2085 5715 2339 5791 ejus'jam
2364 5715 2591 5787 defectus
2616 5732 2705 5772 nec
2719 5722 2997 5788 provectus
