3928 6382
1678 302 1933 366 SANCTI
1970 304 2314 368 GBEGORII
2348 309 2576 370 MAGNI

483 441 653 492 stram
685 447 790 490 nec
812 429 932 505 ejus
951 444 1065 507 jam
1093 426 1375 488 defectus‘
1409 429 1591 505 erigit,
1617 446 1719 489 nec
1748 431 1867 505 ejus
1884 433 2064 505 prote-
2085 436 2139 496 Α
2236 435 2324 492 25.
2356 435 2403 493 Α
2440 437 2730 495 maledictis
2755 437 3139 497 abstinendum.
3167 468 3242 483 —
3264 436 3521 497 Peccaret
3560 434 3771 512 quippe

481 528 605 581 ctus
632 518 862 586 addicit,
891 518 939 576 sl
981 525 1129 576 recta
1169 525 1354 577 nostra
1404 519 1664 592 cogitatio
1706 535 1819 578 non
1845 520 1980 595 quid
2011 522 2072 579 in

480 609 624 681 ipso,
655 605 751 665 sed
770 605 904 681 quid
916 606 984 663 de
1005 605 1126 683 ipso
1145 604 1296 664 circa
1321 606 1461 664 alios
1478 614 1671 680 agatur
1687 609 1942 667 attendit.
1964 609 2071 668 Sed

477 693 551 754 ad
573 692 694 753 haec
719 692 986 752 servanda
1007 693 1168 752 valde
1192 702 1275 753 est
1296 696 1664 754 necessarium
1691 697 2070 756 subtilissima

479 783 829 843 discretionis
842 798 1094 850 examen,
1109 799 1180 844 ne
1198 800 1325 843 cum
1339 791 1524 841 nostra
1537 784 1665 842 odia
1693 787 2068 860 exsequimur,

477 873 743 932 fallamur
760 872 863 930 sub
890 873 1068 945 specie
1090 872 1351 930 utilitatis
1373 873 1584 931 aliena).
1614 874 1671 930 Si
1700 876 1850 932 enim
1871 877 1939 934 de
1965 878 2070 934 ini-

478 963 612 1020 miei
648 966 824 1018 morte
848 959 1194 1033 gaudendum
1219 962 1451 1018 omnino
1465 977 1577 1019 non
1601 971 1763 1031 esset,
1783 964 2070 1022 Psalmista

444 1105 459 1117 ,
477 1067 590 1108 non
614 1049 849 1106 diceret:
881 1049 1174 1105 Laetabitur
1187 1048 1391 1118 justus,
1419 1065 1537 1106 cum
1557 1050 1752 1107 viderit
1785 1052 2068 1109 uindictam

474 1137 760 1209 impiorum
777 1135 952 1208 (Prol.
968 1152 1106 1204 ινα,
1123 1136 1236 1209 ii).
1258 1135 1365 1194 Sed
1381 1136 1533 1193 aliud
1546 1145 1628 1194 est
1641 1139 1896 1211 impium,
1916 1141 2067 1198 aliud

474 1238 608 1280 vero
632 1222 925 1280 inimicum
954 1224 1185 1296 perpeti.
1228 1225 1366 1282 Nam
1402 1231 1532 1281 sunt
1565 1226 1811 1300 plerique
1852 1227 2066 1285 inimici

473 1311 569 1385 qui
587 1326 700 1368 non
727 1317 858 1368 sunt
883 1312 1061 1383 impii;
1080 1318 1137 1368 et
1151 1319 1283 1370 sunt
1304 1327 1416 1368 non
1432 1313 1575 1369 nulli
1601 1313 1780 1387 impii,
1797 1315 1891 1388 qui
1907 1316 2067 1373 nobis

472 1399 784 1470 specialiter
816 1414 932 1456 non
988 1398 1251 1459 videntur
1301 1401 1538 1458 inimici.
1584 1402 1836 1459 Humana
1882 1411 2063 1463 autem

469 1499 625 1542 mens
643 1502 862 1547 omnem
883 1500 1047 1561 quem
1066 1488 1357 1550 inimicum
1385 1489 1602 1558 tolerat,
1638 1490 1801 1546 etiam
1831 1491 2063 1563 impium

469 1581 525 1631 et
548 1575 802 1650 iniquum
819 1585 996 1651 putat,
1014 1579 1144 1652 quia
1160 1578 1279 1652 ejus
1297 1581 1486 1652 culpas
1502 1580 1648 1652 apud
1672 1581 2060 1654 cogitationem

472 1681 630 1722 suam
673 1665 824 1722 livor
847 1673 1135 1725 accusator
1186 1674 1494 1740 exaggerat.
1524 1668 1885 1736 Quibuslibet
1929 1686 2063 1730 vero

2177 525 2224 585 si
2254 525 2360 585 hoc
2385 534 2596 601 optaret
2621 545 2655 585 a
2679 529 2793 585 Deo
2820 527 2960 598 ﬁeri,
2991 526 3138 603 quod
3156 527 3271 600 ipse
3298 527 3494 595 facere,
3512 527 3604 583 vel
3632 542 3774 582 om—

2179 616 2314 675 nino
2352 634 2465 674 non
2495 625 2692 690 posset,
2715 619 2825 686 vel,
2848 618 2895 674 si
2924 634 3098 690 posse,
3123 616 3352 672 minime
3369 614 3607 673 deceret.
3624 615 3771 672 Nam

2178 705 2274 778 qui
2304 705 2780 764 maledictionibus
2810 712 2954 769 710
2982 704 3271 761 inimicum
3301 704 3596 776 impetunt,
3627 702 3771 779 quid

2177 802 2329 861 aliud
2358 805 2415 863 in
2431 805 2530 860 illo
2550 805 2723 862 facere
2743 805 2916 860 Deum
2937 803 3152 873 volunt,
3166 802 3272 860 nisi
3288 802 3433 877 quod
3450 801 3556 875 ipsi
3583 800 3771 859 facere

2178 899 2272 947 aut
2287 901 2582 967 nequeunt,
2604 900 2700 949 aut
2713 892 3301 950 erubescuntiMortem
3318 908 3552 966 namque
3570 888 3769 948 adver-

2177 981 2320 1039 sario
2347 989 2628 1057 exoptant,
2659 998 2822 1057 quam
2842 991 2895 1039 et
2921 981 2967 1039 si
2997 989 3224 1055 possunt
3252 980 3455 1037 inferre
3483 988 3768 1051 metuunt,

2176 1086 2245 1128 ne
2273 1078 2366 1127 aut
2393 1070 2685 1144 perpetrati
2708 1070 2996 1128 homicidii
3026 1071 3106 1127 rei
3125 1077 3432 1139 teneantur,
3455 1077 3551 1126 aut
3578 1068 3771 1144 iniqui

2177 1166 2472 1237 appareant
2499 1160 2664 1216 etiam
2694 1176 2820 1216 cum
2848 1160 2980 1216 sint.
3014 1157 3159 1227 Quid
3188 1167 3273 1217 est
3299 1175 3428 1233 ergo
3454 1160 3569 1217 Deo
3597 1158 3773 1216 dioe—

2176 1263 2234 1302 re
2257 1265 2268 1303 :
2305 1248 2486 1305 Occide
2508 1266 2659 1320 quem
2678 1249 2787 1316 odi,
2810 1249 2916 1304 nisi
2934 1249 3134 1321 apertis
3152 1248 3202 1304 ei
3237 1247 3466 1304 vocibus
3479 1249 3725 1304 clamare
3751 1265 3764 1303 :

2175 1337 2290 1395 Hoc
2319 1338 2404 1395 fac
2419 1355 2541 1394 meo
2559 1338 2892 1405 adversario,
2912 1336 3058 1409 quod
3088 1354 3173 1393 me
3193 1337 3250 1393 in
3282 1337 3439 1395 illum
3461 1336 3639 1393 facere
3660 1352 3772 1394 nec

2173 1433 2509 1497 peccatorem
2537 1425 2730 1482 decet?
2759 1427 2820 1483 In
2840 1425 3039 1498 quibus
3053 1426 3297 1498 profecto
3314 1425 3496 1481 verbis
3512 1441 3772 1498 pensan-

2171 1513 2305 1569 dum
2334 1513 2492 1570 nobis
2522 1521 2621 1581 est,
2655 1514 2749 1570 ubi
2780 1514 2882 1571 iste
2911 1514 2998 1569 vir
3028 1514 3254 1586 legerat:
3273 1515 3491 1585 Diligite
3519 1514 3771 1570 inimicos

2169 1607 2365 1656 vestros
2399 1603 2551 1675 (Luc.
2572 1619 2652 1673 v1,
2681 1602 2889 1673 27,35);
2947 1601 3042 1658 ubi
3072 1602 3308 1675 legerat:
3367 1602 3682 1670 Benedicite,
3716 1610 3771 1658 et

2165 1689 2327 1744 nolite
2379 1690 2683 1745 maledicere
2731 1690 2913 1761 (Rom.
2943 1706 3047 1759 xu,
3080 1689 3194 1761 id);
3245 1698 3300 1746 et
3328 1706 3574 1746 rursum:
3636 1692 3766 1747 Non

467 1750 694 1851 ﬂagitiis
714 1759 1020 1851 prematur,
1046 1753 1246 1851 minus
1257 1754 1482 1851 iniquus
1509 1755 1773 1826 creditur,
1803 1759 1850 1814 si
1871 1759 2048 1816 adver-

2165 1778 2433 1834 reddenles
2460 1779 2660 1834 malum
2677 1750 2780 1851 pro
2806 1781 2971 1845 malo,
3133 1750 3461 1838 maledictum
3471 1796 3575 1851 pro
3592 1780 3766 1836 male-

467 1839 648 1895 sarius
672 1838 904 1896 minime
926 1840 1182 1896 sentitur.
1204 1840 1324 1909 Qua
1355 1838 1415 1898 in
1446 1857 1505 1898 re
1530 1843 1949 1905 discernendum
1977 1857 2061 1906 est

467 1925 623 1984 aliud
648 1941 768 1983 esse
792 1925 942 2000 quod
969 1927 1152 1998 nobis,
1166 1927 1318 1986 aliud
1338 1945 1468 1989 vero
1490 1932 1638 2006 quod
1651 1932 1757 1990 sibi
1775 1941 1831 1990 et
1847 1937 2061 1995 caeteris

467 2024 655 2075 noster
682 2017 943 2078 inimicus
967 2027 1145 2077 nocet.
1177 2021 1313 2077 Nam
1346 2021 1396 2078 si
1439 2022 1566 2080 aliis
1586 2023 1766 2083 bonus
1804 2034 1909 2093 est,
1936 2029 2058 2086 sine

466 2113 656 2163 nostra
684 2105 915 2163 forsitan
945 2108 1108 2179 culpa
1135 2123 1251 2166 esse
1294 2124 1407 2169 non
1440 2119 1620 2183 potest
1646 2114 1807 2171 nobis
1839 2117 2051 2184 malus;

465 2210 570 2252 nec
597 2195 826 2253 omnino
857 2193 973 2268 jam
988 2194 1066 2252 'de
1081 2195 1198 2268 ejus
1225 2197 1388 2254 ruina
1411 2200 1758 2272 gaudendum
1776 2210 1879 2274 est,
1908 2207 1933 2242 ²
1963 2220 2056 2260 cu-

459 2279 554 2354 jus
572 2298 674 2340 nos
692 2284 839 2340 solos
869 2290 1078 2340 certum
1109 2293 1190 2340 est
1204 2284 1433 2343 adversa
1447 2289 1722 2348 tolerasse.
1763 2291 1902 2349 Cum
1922 2308 2054 2349 vero

464 2379 652 2429 noster
677 2387 743 2429 ac
801 2371 1101 2429 multorum
1133 2370 1308 2430 hostis
1338 2375 1650 2449 perimitur,
1679 2378 1747 2435 de
1776 2381 2054 2453 ereptione

466 2460 846 2532 proximorum
863 2461 1044 2535 potius
1059 2476 1223 2539 quam
1237 2461 1306 2518 de
1334 2462 1550 2523 inimici
1580 2465 1809 2525 interitu
1836 2484 2052 2526 necesse

459 2553 541 2603 est
569 2554 632 2602 ut
657 2548 877 2605 animus
901 2548 1138 2607 laetetur.

529 2631 619 2691 24.
659 2633 1056 2696 Condolendum
1082 2641 1160 2692 est
1181 2636 1407 2694 miseria:
1422 2642 1708 2712 pereuntis,
1739 2650 1792 2701 et
1814 2661 2052 2718 congau-

459 2721 688 2778 dendum
705 2719 932 2791 justitile
947 2720 1166 2792 judicis.
1193 2754 1265 2767 -—
1293 2725 1517 2799 Oportet
1550 2745 1787 2804 namque
1830 2740 1893 2789 ut
1918 2750 2051 2806 per-

457 2817 624 2868 eunte
647 2809 961 2872 adversario
979 2812 1256 2870 subtiliter
1272 2831 1497 2888 pensare
1516 2817 1831 2892 debeamus,
1847 2831 1902 2878 et
1915 2824 2049 2896 quid

459 2898 725 2958 debemus
753 2901 928 2961 ruinae
958 2905 1279 2976 peccatoris,
1305 2915 1360 2962 et
1373 2907 1508 2981 quid
1522 2907 1751 2983 justitiaa
1776 2911 2043 2971 ferientis.

455 2986 596 3048 Nam
619 3007 746 3048 cum
769 3006 1082 3064 perversum
1113 3009 1384 3069 quemque
1403 2996 1764 3077 Omnipotens
1790 3003 2045 3077 percutit,

453 3085 511 3167 et
537 3077 939 3167 condolendum
955 3088 1038 3139 est
1057 3081 1290 3139 miseriae
1313 3087 1613 3160 pereuntis,
1633 3097 1688 3144 et
1705 3092 2046 3167 congauden-

455 3163 597 3255 dum‘
613 3165 845 3255 iustitiae
869 3164 1101 3255 judicis,
1129 3175 1192 3223 ut
1229 3168 1391 3226 nobis
1417 3177 1474 3227 et
1500 3173 1559 3228 in
1588 3173 1740 3233 luctu
1763 3163 1837 3234 sit
1890 3194 2050 3255 poena

456 3253 749 3313 morientis
768 3248 1034 3326 proximi,
1055 3260 1111 3309 et
1128 3269 1318 3312 rursus
1331 3257 1388 3311 in
1409 3258 1670 3326 gaudium
1688 3265 1874 3321 veniat
1890 3248 2048 3322 exhi-

455 3337 576 3396 bita
603 3339 832 3417 aequitas
857 3337 1158 3411 judicantis
1199 3343 1321 3413 Dei,
1364 3354 1631 3418 quatenus
1659 3367 1761 3409 nec
1797 3350 2048 3424 pereunti

452 3423 672 3485 homini
701 3425 1002 3484 existamus
1021 3426 1341 3498 adversarii,
1360 3449 1460 3491 nec
1469 3433 1741 3507 judicanti
1765 3423 1875 3496 Deo
1894 3441 2046 3496 inve-

451 3512 675 3571 niamur
692 3514 912 3589 ingrati.
932 3515 1130 3573 Beatus
1157 3517 1328 3595 igitur
1339 3520 1462 3592 Job,
1484 3525 1614 3598 quia
1631 3534 1832 3583 cuncta
1859 3526 1917 3582 in
1952 3525 2046 3585 ad-

448 3602 708 3660 versitate
725 3602 853 3660 odia
867 3603 1102 3677 perfecte
1129 3607 1384 3679 calcavit,
1401 3609 1550 3669 dicat
1573 3628 1588 3669 :
1611 3613 1670 3670 Si
1698 3614 1914 3685 gavisus
1927 3632 2044 3672 sum

446 3690 522 3750 ad
545 3692 761 3751 ruinam
785 3692 899 3763 ejus
915 3693 1009 3764 qui
1033 3710 1115 3750 me
1139 3696 1344 3765 oderat,
1374 3705 1424 3754 et
1449 3700 1714 3758 exsatiari
1739 3704 1881 3772 quod
1904 3705 2042 3759 inve-

446 3776 611 3834 nisset
625 3796 744 3835 eum
759 3780 962 3837 malum
975 3798 998 3847 ;
1011 3782 1107 3854 qui
1122 3782 1384 3842 videlicet
1399 3792 1455 3842 et
1475 3786 1768 3845 inimicum
1784 3788 2040 3863 diligens,

446 3865 579 3925 dum
609 3867 922 3926 adversario
940 3871 1122 3928 ruenti
1150 3872 1456 3947 condoluit,
1485 3874 1546 3932 in
1568 3876 1729 3933 malis
1747 3876 1898 3934 illius
1926 3879 2041 3952 ipse

443 3954 514 4014 ad
539 3957 749 4019 bonum
781 3959 976 4030 crevit,
1001 3967 1071 4019 ut
1106 3960 1237 4018 inde
1266 3962 1452 4020 isteab
1476 3963 1873 4038 benignitatem
1899 3985 2040 4028 cres-

441 4053 612 4119 ceret,
644 4047 792 4106 unde
821 4049 981 4111 illum
1010 4050 1156 4107 mala
1170 4066 1291 4125 quae
1325 4052 1637 4110 merebatur
1676 4054 2036 4118 invenissent.

517 4130 662 4201 Quia
682 4150 816 4191 vero
834 4152 976 4213 saepe
1003 4136 1262 4194 nonnulli
1277 4155 1370 4197 eos
1399 4156 1538 4218 quos
1569 4140 1677 4200 sibi
1700 4143 2038 4207 adversarios

442 4218 725 4279 mstimant
738 4222 1126 4280 maledictione
1152 4225 1386 4297 feriunt,
1417 4231 1680 4301 quoniam
1708 4232 1914 4290 virtute
1944 4252 2035 4294 ne-

445 4317 721 4401 quaquam
757 4315 1004 4401 possunt;
1038 4309 1098 4365 in
1139 4310 1341 4401 quibus
1377 4322 1628 4387 patenter
1667 4329 1889 4393 apparet
1915 4339 2035 4401 qua

443 4392 592 4484 male
607 4394 655 4451 si
682 4402 907 4471 possent
921 4395 1183 4484 facerent,
1215 4399 1309 4472 qui
1329 4415 1393 4459 ea
1419 4417 1540 4479 quae
1555 4392 2035 4484 faceretnequeunt

2165 1865 2302 1921 dicte
2320 1866 2386 1935 (Ι
2401 1867 2547 1923 Petr.
2578 1884 2663 1934 ru,
2694 1867 2774 1939 9).
2807 1867 2911 1923 Sed
2941 1868 3182 1924 exterius
3212 1885 3319 1924 non
3349 1867 3538 1924 audita
3567 1885 3765 1940 super-

2165 1967 2250 2009 nm
2271 1955 2455 2025 gratias
2476 1962 2744 2025 praecepta
2762 1955 3030 2022 servabat,
3046 1955 3173 2029 quia
3186 1955 3302 2012 hmo
3317 1957 3373 2011 in
3398 1963 3580 2012 mente
3600 1956 3766 2014 illius

2164 2042 2338 2099 sancti
2367 2041 2604 2117 Spiritus
2630 2043 2842 2099 aﬂiatus
2888 2043 3177 2100 scribebat.
3209 2043 3309 2101 Cui
3350 2052 3535 2100 tamen
3566 2045 3764 2102 minus

2163 2137 2304 2186 esset
2331 2129 2477 2203 quod
2492 2130 2698 2205 positos
2725 2138 2881 2188 extra
2907 2130 3180 2204 diligeret,
3198 2132 3303 2189 nisi
3321 2141 3376 2189 et
3404 2132 3641 2190 interius
3655 2134 3764 2191 vi-

2161 2229 2351 2279 ventes
2366 2238 2656 2296 secumque
2671 2223 2916 2296 quotidie
2938 2240 3070 2280 00m
3082 2231 3321 2281 ersantes
3336 2225 3502 2281 etiam
3514 2224 3762 2284 familia-

2162 2325 2250 2367 res
2275 2309 2616 2368 adversarios
2642 2311 2920 2369 toieraret.
2952 2310 3106 2368 Unde
3134 2310 3458 2386 subjungit:

2581 2490 2809 2553 CAPUT
2836 2494 2967 2553 XIII
2997 2491 3140 2571 [Βρσ.
3176 2493 3324 2575 VII].

2230 2616 2400 2677 Vens.
2417 2617 2506 2675 3i.
2535 2647 2607 2661 —-
2634 2618 2693 2674 Si
2720 2636 2824 2673 non
2850 2619 3100 2675 dixerunt
3126 2620 3234 2677 viri
3258 2620 3588 2680 tabernaculi
3612 2622 3752 2685 mei:

2162 2705 2290 2774 Quis
2312 2707 2399 2763 det
2422 2707 2485 2765 de
2511 2706 2759 2763 carnibus
2786 2707 2920 2776 eius,
2950 2715 3009 2765 ut
3035 2711 3385 2769 saturentur?
3424 2786 3433 2796 ‘

2226 2821 2315 2879 26.
2344 2821 2660 2877 Domesticos
2686 2827 2734 2877 et
2751 2821 3048 2892 familiares
3086 2824 3238 2880 nobis
3265 2825 3609 2882 adversantes
3630 2842 3754 2898 pa-

2159 2907 2340 2965 tienter
2354 2912 2578 2966 tolerare
2603 2909 2859 2966 debemus.
2889 2911 3098 2967 Altaris
3123 2913 3462 2982 sacriﬁcium.
3495 2915 3751 2970 Adversa

2149 2997 2398 3067 patienda
2418 3003 2544 3052 sunt
2559 2999 2787 3054 exterius
2803 2997 3036 3068 fortiter,
3055 3006 3104 3054 et
3124 2999 3347 3056 interius
3361 3003 3655 3060 clementer.
3673 3028 3752 3053 -ι

2155 3084 2286 3150 Qum
2307 3084 2570 3140 nimirum
2592 3087 2860 3142 sententia
2879 3093 3054 3157 potest
3069 3102 3284 3159 quoque
3301 3104 3397 3159 per
3412 3093 3749 3163 mysterium

2156 3187 2225 3226 ex
2253 3187 2388 3227 voce
2414 3171 2792 3244 Redemptoris
2821 3173 3074 3245 intelligi.
3108 3173 3230 3230 Viri
3259 3177 3463 3250 quippe
3514 3180 3638 3253 ejus
3664 3189 3748 3239 ta-

2155 3259 2437 3316 bernaculi
2464 3259 2532 3317 de
2559 3261 2817 3318 carnibus
2846 3262 2997 3318 illius
3024 3265 3256 3321 saturari
3303 3268 3620 3339 cupierunt,
3651 3275 3744 3330 vel

2154 3346 2327 3403 Judaei
2357 3348 2568 3404 scilicet
2608 3359 3008 3422 persequentes,
3040 3353 3127 3408 vei
3158 3350 3403 3424 gentiles
3417 3356 3745 3433 credentes,

2155 3436 2286 3508 quia
2310 3443 2366 3492 et
2393 3437 2477 3493 illi
2513 3439 2692 3494 moliti
2738 3446 2869 3495 sunt
2895 3456 3092 3513 corpus
3135 3442 3308 3512 illius,
3340 3446 3495 3518 quasi
3523 3465 3747 3509 consu-

2156 3525 2372 3592 mendo,
2403 3525 2770 3598 exstinguere,
2788 3537 2842 3585 et
2858 3529 2947 3586 isti
2969 3531 3299 3589 esurientem
3316 3543 3556 3592 mentem
3576 3554 3741 3601 suam

2153 3612 2463 3670 desiderant
2491 3617 2513 3653 ³
2543 3632 2640 3688 per
2668 3617 3056 3690 quotidianum
3086 3620 3486 3681 immolationis
3511 3631 3743 3686 sacriﬁ-

2149 3701 2296 3758 cium
2324 3702 2392 3759 de
2419 3700 2537 3774 ejus
2562 3705 2821 3763 carnibus
2848 3709 3063 3766 satiare.
3096 3707 3236 3784 (Vel.
3260 3711 3420 3789 ΧΠ]
3448 3714 3555 3772 Sed
3584 3733 3743 3779 nunc

2148 3791 2320 3880 solius
2346 3790 2590 3850 historiae
2605 3795 2868 3854 virtutem
2889 3807 3194 3872 sequentes,
3218 3817 3509 3874 pensemus
3526 3818 3743 3880 quanta

2147 3877 2472 3939 fortitudine
2499 3884 2675 3940 sancti
2693 3885 2803 3941 viri
2833 3887 3053 3944 animus
3066 3896 3225 3946 extra
3252 3890 3506 3966 intraque
3522 3877 3738 3958 sollici-

2146 3973 2238 4024 tus
2261 3966 2330 4024 ad
2359 3969 2546 4027 omnia
2573 3972 2597 4007 ‘
2625 3973 2879 4044 partitur.
2902 3975 3007 4042 Qui
3027 3977 3074 4034 si
3102 3976 3307 4050 injuste
3319 3982 3608 4053 agentibus
3635 3999 3740 4047 aut

2144 4069 2385 4128 unquam
2414 4074 2510 4129 per
2535 4059 2816 4117 silentium
2845 4063 3077 4132 cederet,
3107 4074 3204 4122 aut
3218 4082 3315 4138 per
3338 4071 3733 4134 rectitudinem

2146 4159 2256 4200 non
2283 4147 2598 4216 contrairet,
2643 4150 2885 4220 profecto
2912 4151 3254 4211 adversarios
3280 4171 3391 4212 non
3421 4156 3733 4225 habuisset.

2143 4231 2248 4288 Sed
2269 4233 2327 4288 in
2353 4249 2418 4291 eo
2437 4235 2585 4308 quod
2595 4236 2712 4292 vias
2729 4237 2857 4294 vita;
2876 4241 3074 4310 tenuit,
3091 4251 3439 4316 exoptatores
3451 4265 3565 4307 sum
3584 4266 3736 4312 mor-

2142 4321 2216 4410 tis
2242 4322 2473 4380 invenit.
2505 4326 2662 4383 Foris
2689 4336 2932 4398 patentes
2947 4330 3287 4391 adversarios
3306 4340 3553 4410 pertulit,
3576 4342 3735 4405 intus

2142 4407 2388 4468 latentes.
2432 4413 2614 4470 Minor
2657 4424 2740 4472 est
2784 4425 2965 4475 autem
3012 4421 3188 4478 virtus
3228 4407 3548 4484 certaminis
3590 4431 3734 4492 foris

441 4481 736 4596 imprecari
761 4483 991 4596 minime
1016 4482 1545 4596 desistuntabeatus
1586 4495 1691 4553 Job
1742 4481 2030 4560 ostendens
2058 4486 2106 4546 D
2136 4501 2448 4576 quempiam
2493 4503 2679 4561 videre
2707 4507 2850 4562 male
2877 4524 2999 4581 qum
3025 4519 3262 4583 superet,
3306 4523 3362 4572 et

438 4585 500 4671 se
517 4588 552 4629 a
580 4572 744 4672 culpa
774 4574 942 4633 etiam
969 4574 1372 4638 maledictiouis
1396 4581 1662 4657 alienum,
1691 4596 1910 4647 secutus
1935 4590 2028 4649 ad-

428 4656 626 4734 jlmdt
645 4677 660 4718 :

1008 4798 1019 4807 .
1041 4750 1268 4814 CAPUT
1293 4756 1419 4817 XII.

502 4836 677 4900 Vnus.
709 4838 799 4900 30.
831 4871 899 4886 -
927 4843 1048 4903 Non
1067 4845 1206 4902 enim
1233 4847 1354 4905 dedi
1406 4848 1481 4907 ad
1497 4852 1819 4923 peccandum
1840 4860 2026 4929 guttur

427 4944 622 5002 manu,
647 4935 1015 5005 uteepeterem
1037 4934 1348 4993 maledicens
1374 4938 1614 4998 animam
1638 4941 1772 5013 ejus.

500 5143 526 5231 ξ
540 5144 844 5231 _Ornittitur
864 5146 1020 5220 erigit
1045 5147 1260 5231 in.Mss.
1288 5151 1506 5231 Norm.,
1553 5160 1611 5210 et
1647 5154 1848 5228 legitur
1877 5167 1940 5216 ut
1962 5158 2023 5218 in

429 5223 700 5298 superiori
729 5223 865 5298 nota
889 5223 1277 5298 expressimus,
1311 5223 1523 5294 Optimo
1560 5240 1692 5282 sane
1703 5223 1902 5298 'sensu;
1935 5232 2025 5288 si-

433 5281 1317 5380 ?iﬁi‘ﬂﬂﬂéiuawiét
1340 5281 2022 5380 ίιξοηξεφμοξιτέἱέᾖιῐῐιί

431 5352 761 5481 gaudeatis
787 5357 962 5438 reatui
978 5356 1268 5441 .snbjacere
1296 5371 1393 5423 aut
1416 5352 1620 5439 addici,
1636 5352 1701 5427 Ei
1716 5352 2027 5436 deficiente

431 5490 533 5510 η-
552 5439 669 5510 Ρξζοι
692 5431 875 5487 (⁵⁸⁸⁸⁵³³
915 5435 1280 5510 ξίξέπέἓοριΝθί
1310 5433 1560 5510 latim!"
1587 5438 1673 5510 ΥΘ]
1719 5439 2020 5505 doleamus.

425 5490 703 5592 Σεξὲἒὲ
724 5490 1305 5592 item
1577 5490 2026 5592 σξιοῖιῖὶιῖᾞῖἀ

950 5577 1007 5629 et
1021 5561 1861 5654 meminissemus}:
1883 5561 2027 5654 ἒιῖὸῖ

421 5629 1016 5782 mmpz,
1140 5629 1214 5713 ᾖ.
1241 5629 1427 5718 Eri:
1447 5629 2022 5732 ﬁliifiifvidaii‘l

685 5746 712 5782 ο
885 5748 904 5770 .
1003 5753 1024 5782 ,
1049 5720 1109 5774 et
1131 5712 1375 5782 Ennod..
1403 5718 1539 5779 dict.
1567 5718 1658 5780 22.

685 5746 712 5783 ,
734 5722 904 5770 eorm.
933 5718 1024 5784 74,
1049 5720 1109 5774 et
1131 5718 1375 5788 Ennod.,
1403 5718 1539 5779 dict.
1567 5718 1658 5780 22.

2134 4590 2332 4678 toleret
2357 4605 2468 4646 non
2523 4589 2740 4650 habere.
2773 4594 3032 4654 Perfecta)
3086 4607 3269 4658 autem
3325 4589 3734 4678 magnitudinis

2125 4667 2246 4736 laus
2272 4685 2356 4736 est
2383 4679 2612 4738 adversa
2640 4685 2847 4757 perpeti
2874 4687 2925 4742 ei
2954 4690 3200 4749 exterius
3227 4667 3463 4765 fortiter,
3495 4705 3552 4755 et

2129 4769 2248 4826 rius
2271 4769 2593 4864 clementer.
2623 4773 2762 4830 Nam
2791 4784 2922 4833 sunt
2935 4781 3204 4838 nonnulla
3231 4798 3352 4864 quas
3373 4785 3432 4842 in
3460 4787 3578 4860 ipsa
3592 4808 3732 4864 quo-

2130 4872 2237 4949 que
2263 4857 2622 4916 familiarium
2649 4866 3064 4924 conversatione
3082 4858 3285 4944 corrigi
3305 4857 3588 4949 nequeunt
3605 4857 3733 4940 sine

2129 4948 2293 5022 culpa
2317 4949 2680 5024 corrigentis;
2711 4961 2876 5028 atque
2903 4956 3030 5016 ideo
3056 4974 3184 5017 cum
3214 4962 3304 5018 vel
3351 4948 3732 5040 corrigentem

2203 5165 2228 5240 ξ
2252 5166 2466 5240 μοι-ω,
2495 5168 2654 5240 cujus
2674 5186 2780 5226 non
2805 5172 3044 5231 solum...
3064 5177 3313 5236 tolerare.

2178 5236 2705 5328 :I‘taromnes'biss.
2746 5245 3146 5328 nostri,.Editis
3175 5247 3528 5322 habentibus,
3550 5256 3732 5328 quoti-

2130 5305 2304 5365 diana:
2333 5308 2703 5367 immolationis
2727 5305 3008 5443 sacriﬁcio.

2204 5379 2228 5414 ⁴
2256 5379 2320 5434 In
2341 5386 2452 5436 vet.
2474 5380 2578 5438 Ed.
2596 5383 2768 5440 Paris.
2789 5393 2844 5440 et
2906 5386 3007 5443 asil

2204 5379 2578 5473 :veE_§cl.
2596 5383 2773 5473 tiaris.
2789 5393 2845 5473 et
2863 5379 3028 5473 Basil.
3044 5384 3277 5463 aliisque
3291 5393 3729 5473 recentioribus,

2127 5455 2382 5574 garatur,
2416 5467 2580 5524 quam
2623 5454 2913 5513 lectionem
2940 5454 3205 5516 deserere'
3217 5470 3421 5534 cogunt
3448 5465 3579 5523 Mss.
3614 5454 3731 5527 du};

2173 5534 2438 5574 anserm..
2469 5522 2697 5574 Turon--
2741 5526 2993 5574 Vindm,_
3029 5530 3193 5574 Nnrm
3261 5549 3452 5574 nmnne
3524 5537 3549 5574 r
3573 5539 3678 5574 αιπι

2173 5522 2997 5610 augeam.,‘-Turon._,_Vindoc.,
3026 5530 3214 5610 Norm.
3261 5522 3475 5610 omnes,
3524 5522 3731 5610 Laud;

2133 5587 2268 5672 _Val._
2283 5591 2397 5672 CL,
2409 5587 2512 5649 etc.
2544 5587 2798 5672 Partitur
2808 5598 2899 5656 hic
2917 5587 3155 5658 sumitur
3168 5587 3420 5672 basiis;
3430 5587 3730 5669 iiarﬁiii'c'ii

2132 5664 2224 5714 tur
2248 5663 2448 5744 partio,
2471 5663 2632 5738 cujus
2658 5669 2939 5743 passivum
2953 5679 3037 5729 est
3043 5663 3278 5749 partior.
3294 5663 3447 5735 Edit.
3469 5663 3730 5743 Bartiioi.

2138 5727 2304 5787 habet
2325 5739 2554 5804 patitur.

2467 5751 2554 5794 ur.
