3928 6378
135 302 225 362 ω
900 304 1271 364 MORALIUM
1310 306 1442 364 LIB.
1487 304 1670 371 XXII.
1720 342 1789 357 -—
1827 313 1900 370 IN
1935 313 2164 372 CAPUT
2201 316 2387 375 XXXI
2424 319 2486 377 B.
2528 323 2669 380 JOB.

3292 324 3397 391 230

142 427 419 502 inquinant,
449 428 482 528 ί.
504 428 737 533 veinon
770 432 998 533 omnino
1028 432 1144 533 haec
1171 441 1416 533 agentem
1447 444 1692 533 gravant,
1722 447 1773 507 Α
1801 455 2012 497 sacrum
2041 442 2320 517 eloquium
2364 443 2533 501 dicit:
2581 444 2839 519 Respexit
2864 447 2935 507 ad
2967 466 3199 511 munera
3231 455 3396 533 Abel,

139 534 307 591 magna
347 518 641 588 magisterii
684 528 798 583 arte
834 521 1231 578 dissimulanda
1275 532 1423 593 sunt,
1462 526 1685 600 ipsaque

139 608 226 665 hac
251 607 676 664 dissimulatione
702 610 1001 667 toleranda.
1032 610 1163 678 Quae
1190 620 1381 669 contra
1410 631 1508 670 nos
1537 617 1689 673 illata

138 699 277 756 citius
305 712 336 751 a
360 695 521 753 corde
552 698 821 765 laxamus,
853 700 901 754 si
928 706 1112 754 nostra
1126 700 1271 757 circa
1299 704 1580 773 proximos
1606 720 1687 760 er-

138 796 233 843 rata
248 787 633 858 cognoscimus.
657 787 810 843 Unde
824 788 961 843 bene
986 805 1202 861 quoque
1232 806 1326 860 per
1345 792 1689 850 Salomonem

136 874 339 930 dicitur:
374 874 583 930 Cunctis
600 878 921 932 sermonibus
948 878 1043 948 qui
1060 880 1312 934 dicuntur
1330 897 1394 935 ne
1411 898 1691 937 accommo-

134 964 207 1019 des
227 979 312 1017 cor
330 968 493 1027 tuum,
521 979 589 1017 ne
612 962 750 1032 forte
767 965 959 1021 audias
976 983 1184 1023 servum
1213 974 1359 1024 tuum
1385 971 1693 1025 maledicen-

135 1059 217 1109 tem
241 1052 343 1109 tibi.
375 1053 483 1110 Scit
509 1054 645 1108 enim
687 1061 780 1110 tua
816 1057 1147 1123 conscientia,
1181 1057 1309 1129 quia
1336 1064 1387 1113 et
1419 1066 1475 1115 tu
1512 1062 1694 1119 crebro

130 1141 424 1196 maledixisti
450 1142 577 1197 aliis
610 1142 805 1213 (Eccle.
828 1160 930 1212 vn,
951 1145 1042 1213 22,
1075 1145 1189 1215 23).
1212 1148 1355 1202 Dum
1386 1148 1533 1205 enim
1566 1166 1695 1222 pen-

130 1242 291 1284 samus
316 1229 498 1300 quales
529 1245 655 1298 erga
680 1231 818 1286 alios
847 1231 1075 1299 fuimus,
1105 1248 1221 1287 esse
1254 1235 1402 1290 circa
1433 1252 1533 1291 nos
1559 1236 1696 1291 tales

129 1317 249 1372 alios
275 1318 448 1373 minus
480 1318 749 1386 dolemus,
778 1320 905 1390 quia
933 1321 1111 1376 aliena
1142 1321 1413 1393 injustitia
1448 1324 1506 1379 in
1536 1326 1696 1384 nobis

128 1404 349 1461 vindicat
372 1408 520 1481 quod
540 1407 599 1464 in
626 1425 683 1465 se
704 1407 853 1480 juste
872 1416 1060 1465 nostra
1089 1412 1426 1469 conscientia
1452 1422 1692 1473 accusat.

127 1492 365 1570 Sequitur
385 1511 399 1553 :

475 1579 737 1676 .CAPUT
761 1617 894 1678 xrv
924 1616 1068 1694 [Rea
1110 1621 1291 1699 VIII].

183 1720 345 1779 Vens.
379 1720 464 1781 32.
503 1752 574 1766 -
610 1723 768 1781 Foris
795 1741 901 1783 non
926 1727 1121 1784 mansit
1140 1729 1477 1801 peregrinus,
1503 1731 1698 1791 ostium

125 1826 278 1868 meum
304 1811 500 1869 viatori
520 1814 718 1885 patuit.

1796 537 1850 586 et
1876 530 1943 586 ad
1972 530 2107 627 Uain
2150 547 2377 627 munera
2404 549 2514 627 non
2542 538 2813 627 respexit;
2847 540 2943 597 sed
2974 543 3130 615 prius
3162 543 3241 601 ait
3266 530 3399 627 quia

1794 619 2025 690 respexit
2048 620 2121 675 ad
2146 620 2297 689 Abel,
2327 636 2391 678 ac
2418 620 2618 679 deinde
2638 622 2951 696 subjunxit,
2972 630 3045 684 Et
3063 631 3135 684 ad
3167 619 3397 695 munera

1797 706 1927 777 ejus.
1968 710 2040 764 Et
2062 725 2278 765 rursum
2309 710 2446 768 dicit
2473 712 2602 784 quia
2626 730 2734 769 non
2760 717 2992 787 respexit
3027 718 3099 773 ad
3144 720 3301 789 Cain,
3330 737 3398 781 ac

1799 796 1995 889 deinde
2010 798 2277 889 subdidit,
2298 801 2401 856 Nec
2414 801 2487 857 ad
2499 818 2721 859 mimem
2734 804 2867 873 ejus.
2888 805 2977 861 Ex
2987 804 3169 863 dantis
3189 809 3395 889 quippe

1800 886 1963 942 corde
2007 887 2062 943 id
2092 888 2237 961 quod
2267 889 2429 946 datur
2456 891 2743 963 accipitur.
2773 893 2988 951 Idcirco
3018 910 3130 951 non
3161 895 3300 952 Abel
3328 886 3400 957 ex

1803 972 2143 1043 muneribus,
2173 975 2267 1032 sed
2295 993 2365 1033 ex
2392 976 2530 1034 Abel
2560 995 2787 1037 munera
2828 981 3013 1038 oblata
3050 983 3395 1055 placuerunt.

1803 1059 1962 1117 Prius
2001 1077 2236 1135 namque
2272 1064 2341 1120 ad
2373 1080 2498 1123 eum
2545 1068 2745 1140 legitur
2787 1071 3058 1133 Dominus
3095 1073 3399 1146 respexisse

1803 1150 1899 1222 qui
1927 1149 2112 1220 dabat,
2140 1169 2302 1225 quam
2324 1153 2394 1210 ad
2420 1155 2515 1210 illa
2531 1173 2651 1228 quae
2670 1157 2853 1215 dabat.
2876 1159 3032 1216 Unde
3048 1158 3187 1218 bene
3207 1162 3400 1219 beatus

1804 1238 1906 1294 Job
1930 1239 2178 1297 dicturus
2206 1243 2364 1298 nobis
2395 1244 2450 1299 in
2476 1240 2868 1318 hospitalitatis
2888 1250 3061 1320 gratia
3091 1251 3398 1324 largitatem

1805 1342 1978 1395 suam,
2014 1329 2167 1400 prius
2192 1331 2337 1386 circa
2364 1331 2703 1390 adversarios
2730 1338 2964 1407 protulit
2996 1339 3315 1410 patientiam
3345 1349 3401 1399 et

1804 1414 2201 1488 benignitatem
2240 1435 2427 1475 suam:
2457 1421 2479 1456 ³
2508 1422 2656 1495 quod
2684 1423 2751 1480 de
2776 1426 2938 1481 ruina
2962 1441 3073 1481 non
3101 1428 3400 1484 exsultavit

1805 1503 2039 1573 inimici,
2072 1506 2218 1579 quod
2238 1507 2421 1565 verbis
2445 1511 2725 1569 maledicis
2744 1521 3112 1585 persecutores
3132 1531 3259 1573 suos
3287 1530 3397 1572 non

1803 1590 2065 1664 impetiit,
2093 1595 2239 1667 quod
2266 1598 2551 1656 saevientes
2571 1600 2901 1659 intrinsecus
2922 1605 3301 1676 aequanimiter
3320 1615 3398 1665 to-

1805 1678 2081 1749 leravit,et
2108 1690 2241 1740 tunc
2277 1684 2498 1742 demum
2528 1686 2917 1759 hospitalitatis
2945 1708 3055 1747 suae
3077 1694 3398 1749 muniﬁcen-

1729 1801 1779 1863 Β
1804 1770 1940 1824 tiam
1983 1771 2247 1841 protulit;
2280 1780 2343 1827 ut
2383 1772 2571 1829 audito
2608 1777 2819 1831 scilicet
2846 1778 2869 1812 ⁴
2910 1780 3241 1836 narrationis
3282 1781 3399 1853 ejus

1805 1857 2019 1926 ordine,
2049 1858 2324 1917 discamus
2351 1862 2481 1933 quia
2504 1862 2778 1931 exteriora
2814 1880 3041 1921 munera
3066 1883 3137 1923 ex
3182 1868 3397 1927 interna

185 1917 267 1975 27.
291 1918 672 1976 Misericordia
696 1921 754 1976 in
776 1922 1043 1992 parcendo
1070 1924 1311 1981 succedat
1333 1926 1696 1983 misericordia

202 2006 451 2028 l.;.--.'_-__l_
599 2008 726 2028 n__,'A
781 2017 823 2028 Α-
865 2017 908 2028 Αξ
945 2012 983 2028 τι
1059 2012 1072 2028 ι
1190 2012 1203 2028 I
1296 2014 1327 2028 -.
1490 2016 1524 2028 ,ο
1680 2022 1692 2028 -

1812 1946 1988 2004 cordis
2020 1948 2295 2004 munditia
2321 1949 2674 2020 condiuntur,
2705 1959 2769 2007 ut
2800 1952 3075 2011 virtutum
3108 1954 3226 2028 ejus
3254 1974 3400 2014 con-

122 2004 175 2112 ξπ
198 2006 477 2112 Ῑξινθίθξίξο·
499 2037 569 2112 -ς
596 2008 757 2112 ραξξιτ
780 2012 1134 2112 ῑθδιῆνΡξυῘον
1154 2012 1394 2112 Chal:
1416 2016 1627 2112 Ρδῐίθιξε
1644 2022 1702 2073 θῖ
1804 2037 1981 2093 textio
2023 2036 2276 2093 lectorem
2326 2004 2892 2112 doceatrquval'isﬁapud

125 2095 335 2169 benigna
350 2103 493 2161 711
525 2098 855 2156 describitur
890 2100 947 2171 (Ι
967 2100 1094 2158 Cor.
1116 2118 1243 2171 xm,
1262 2102 1347 2177 4),
1373 2120 1468 2176 per
1493 2105 1701 2176 patien-

124 2192 240 2247 tiam
266 2194 440 2250 aliena
471 2196 619 2250 mala
646 2196 1026 2268 aequanimiter
1063 2199 1281 2267 tolerat,
1314 2215 1410 2271 per
1438 2200 1701 2271 benigni-

124 2287 269 2337 tatem
290 2298 508 2355 quoque
534 2283 677 2339 bona
698 2284 1126 2341 misericorditer
1150 2286 1419 2358 impendit
1439 2303 1555 2343 sua.
1591 2288 1698 2343 Un'

126 2366 182 2425 de
211 2368 393 2427 beatus
428 2371 535 2427 Job
563 2379 619 2428 et
646 2374 916 2443 patienter
944 2374 1273 2431 domesticos
1312 2375 1699 2432 maledicentes

124 2462 350 2531 pertulit,
378 2470 433 2519 et
446 2464 691 2520 viatores
706 2472 868 2537 atque
894 2466 1209 2537 peregrinos
1227 2466 1371 2538 apud
1392 2482 1448 2522 se
1463 2466 1697 2536 benigne

123 2551 366 2622 suscepit:
402 2553 518 2609 illis
546 2570 763 2609 morum
801 2555 1055 2625 exempla
1082 2555 1354 2621 tribuens,
1387 2555 1507 2610 istis
1535 2564 1698 2611 exte-

123 2636 307 2693 riorum
331 2655 435 2711 ope
449 2656 784 2696 concurrens
805 2658 819 2707 ;
846 2641 955 2696 illis
976 2657 1071 2712 per
1091 2642 1567 2698 mansuetudinem
1584 2659 1697 2700 non

123 2726 349 2783 concitus
374 2727 446 2783 ad
485 2728 851 2797 irascendum,
882 2730 1003 2784 istis
1032 2746 1125 2800 per
1158 2730 1590 2786 misericordiam
1627 2732 1697 2788 ad

123 2812 541 2870 subveniendum
572 2824 812 2885 paratus.
836 2816 937 2871 Vir
966 2817 1113 2871 enim
1136 2815 1355 2871 sanctus
1375 2818 1697 2889 Redempto-

129 2916 227 2956 rem
246 2906 463 2975 generis
485 2903 712 2960 humani
735 2922 830 2977 per
856 2907 1155 2977 prophetiae
1176 2908 1430 2977 spiritum
1455 2910 1695 2978 intuens,

124 2992 527 3062 praedicamenta
546 3010 761 3067 quoque
782 2996 932 3050 illius
952 2996 1005 3049 in
1029 2998 1189 3068 opere
1208 2996 1477 3052 servabat.
1499 2997 1699 3069 quibus

122 3094 207 3136 nos
239 3082 519 3149 admonet,
553 3082 773 3137 dicens:
806 3084 1085 3149 Dimittite,
1126 3091 1173 3139 et
1200 3086 1490 3140 dimittetur
1517 3086 1698 3151 vobis;

118 3167 239 3237 date,
280 3176 329 3224 et
366 3170 586 3226 dabitur
614 3170 757 3224 vobis
798 3170 950 3239 (Luc.
976 3189 1057 3239 v1,
1088 3172 1202 3243 37).
1232 3174 1253 3206 ²
1288 3174 1426 3228 Dare
1460 3149 1698 3245 namque
1727 3149 1772 3211 ο

118 3263 349 3313 nostrum
378 3257 452 3314 ad
488 3274 575 3315 res
604 3259 841 3331 pertinet
871 3276 1005 3331 quas
1030 3261 1271 3316 exterius
1301 3260 1586 3328 habemus,
1616 3261 1698 3317 di-

116 3346 313 3402 mittere
330 3355 515 3403 autem
531 3346 601 3402 ad
621 3348 979 3403 relaxandum
1002 3347 1249 3404 dolorem
1269 3361 1430 3421 quem
1461 3350 1697 3406 interius

117 3448 174 3488 ex
198 3436 372 3493 aliena
400 3436 564 3507 culpa
586 3437 986 3492 contraximus.
1018 3436 1125 3493 Sed
1153 3437 1435 3494 sciendum
1462 3445 1543 3492 est
1571 3438 1700 3509 quia

116 3525 199 3597 qui
222 3525 477 3595 dimittit,
506 3534 561 3581 et
588 3542 697 3581 non
719 3526 832 3595 dat,
862 3527 963 3582 etsi
986 3542 1095 3581 non
1127 3528 1285 3598 plene
1313 3535 1566 3598 operatus
1593 3536 1696 3596 est,

119 3615 387 3670 meliorem
436 3623 617 3671 tamen
666 3623 875 3685 partem
928 3616 1316 3671 misericordia:
1362 3617 1559 3671 tenuit.
1591 3615 1698 3683 Qui

114 3711 280 3760 autem
296 3705 415 3773 dat,
432 3712 488 3760 et
503 3705 730 3761 minime
744 3705 1000 3772 dimittit,
1021 3705 1250 3759 omnino
1265 3705 1698 3761 misericordiam

116 3793 307 3849 nullam
345 3793 507 3859 facit,
552 3793 682 3863 quia
726 3793 795 3848 ab
835 3793 1212 3863 omnipotente
1252 3794 1365 3849 Deo
1395 3808 1594 3848 munus
1628 3808 1699 3849 ex

116 3894 265 3937 manu
292 3897 411 3938 non
443 3879 735 3950 accipitur,
762 3880 911 3952 quod
940 3881 1103 3938 corde
1131 3881 1372 3953 obligato
1401 3881 1458 3937 in
1488 3882 1702 3938 malitia

119 3970 404 4039 profertur.

170 4059 253 4115 28.
284 4059 649 4127 Eleemosyme
667 4056 957 4113 meritoria;
975 4057 1314 4115 conditiones.
1342 4089 1414 4101 --
1439 4058 1699 4117 Mundari

117 4149 301 4203 etenim
332 4146 500 4202 debet
523 4147 673 4218 prius
693 4148 910 4203 animus
931 4147 1025 4220 qui
1046 4149 1447 4219 eleemosynam
1472 4149 1698 4220 praebet,

117 4236 228 4306 quia
245 4250 409 4291 omne
429 4233 578 4305 quod
597 4234 760 4289 datur
783 4236 895 4290 Deo
923 4251 993 4289 ex
1014 4235 1194 4291 dantis
1217 4245 1395 4291 mente
1416 4243 1694 4307 pensatur.

118 4321 306 4379 Cuncta
336 4325 522 4394 itaque
554 4323 779 4378 malitias
799 4324 1013 4377 macula
1036 4323 1105 4378 ab
1120 4323 1375 4378 interiori
1394 4331 1582 4379 nostro
1602 4323 1697 4379 ho-

119 4412 249 4467 mine
292 4412 644 4483 cogitationis
689 4411 1073 4467 immutatione
1112 4412 1374 4483 tergenda
1415 4420 1517 4480 est,
1571 4412 1701 4485 quia

2938 2060 2995 2100 se
3039 2060 3154 2101 esse
3183 2044 3398 2121 debeat,

1805 2140 1931 2183 cum
1957 2126 2230 2181 exteriora
2258 2125 2402 2183 bona
2433 2128 2558 2184 aliis
2587 2128 2991 2188 subministrat.

1876 2214 1965 2272 29.
1999 2215 2065 2270 In
2107 2214 2253 2270 bonis
2288 2216 2531 2287 operibus
2558 2218 2788 2273 cavenda
2817 2220 2992 2275 elatio.
3032 2250 3103 2264 —
3136 2222 3240 2279 Sed
3278 2225 3401 2298 quis

1805 2319 1863 2360 se
1905 2303 2048 2359 inter
2092 2312 2242 2362 tanta
2270 2307 2541 2363 virtutum
2582 2309 2829 2365 culmina
2868 2319 3116 2368 sanctum
3145 2330 3259 2370 esse
3288 2332 3400 2373 non

1807 2392 2097 2450 crederet?
2124 2395 2258 2462 Quis
2279 2413 2389 2452 non
2419 2404 2699 2470 utcunque
2720 2398 2853 2469 ipsis
2886 2407 2969 2455 tot
2996 2404 3207 2458 meritis
3228 2411 3399 2460 tenta-

1806 2492 1977 2551 retur,
2006 2492 2069 2539 ut
2112 2485 2158 2541 si
2199 2486 2417 2557 quando
2456 2493 2519 2542 ut
2548 2486 2715 2542 homo
2744 2487 3105 2561 delinqueret,
3136 2491 3397 2549 delictum

1806 2589 1967 2629 suum
1998 2572 2317 2631 hominibus
2342 2575 2513 2631 nollet
2532 2576 2800 2632 innotesci
2824 2594 2837 2642 ;
2861 2584 2915 2633 et
2940 2577 3059 2634 leve
3078 2595 3192 2635 esse
3219 2580 3399 2637 crede.

1806 2671 1911 2732 ret,
1952 2664 1997 2720 si
2028 2665 2162 2740 quid
2203 2666 2259 2720 in
2294 2667 2541 2725 minimis
2580 2672 2724 2730 712
2761 2675 3044 2740 peccaret;
3075 2669 3400 2747 culpamque

1806 2779 1959 2819 suam
1990 2765 2177 2819 mallet
2205 2765 2225 2799 ⁵
2257 2764 2478 2823 silentio
2505 2772 2685 2837 tegere
2705 2782 2868 2841 quam
2891 2784 3026 2825 voce
3041 2768 3402 2831 confessionis

1806 2852 2058 2922 aperire?
2084 2853 2234 2922 Saepe
2256 2869 2489 2923 namque
2517 2855 2792 2926 contingit
2819 2863 2881 2912 ut
2900 2857 3074 2915 elatus
3094 2857 3395 2919 virtutibus

1807 2939 2043 3007 animus,
2064 2938 2197 2993 dum
2218 2940 2391 2994 multa
2405 2940 2549 2994 bona
2567 2941 2622 2995 in
2641 2943 3006 2999 mstimatione
3022 2946 3397 3015 proximorum

1807 3029 1873 3087 de
1902 3047 1957 3085 se
1988 3027 2165 3101 spargi
2197 3029 2534 3098 cognoverit,
2558 3031 2774 3100 agnosci
2808 3046 2917 3086 non
2938 3031 3074 3086 velit
3101 3033 3299 3105 siquid
3316 3043 3399 3092 est

1806 3116 1951 3191 quod
1992 3115 2493 3187 reprehensibiliter
2530 3115 2681 3172 facit.
2726 3115 2871 3185 Quas
2908 3116 3166 3174 videlicet
3194 3121 3397 3179 erroris

1806 3203 2055 3259 tenebras
2102 3201 2308 3257 idcirco
2355 3216 2506 3257 meus
2540 3203 2756 3268 tolerat,
2797 3202 2926 3275 quia
2959 3205 3140 3262 cordis
3176 3208 3398 3267 oculum

1807 3299 1991 3347 tumor
2020 3298 2224 3361 gravat.
2256 3289 2408 3346 Unde
2428 3289 2619 3346 beatus
2645 3289 2747 3346 Job
2772 3290 2916 3345 inter
2934 3297 3016 3347 tot
3032 3293 3236 3351 eximia
3259 3295 3402 3355 facta

1807 3379 2098 3446 virtutum,
2132 3378 2224 3451 qui
2246 3384 2357 3433 tam
2388 3393 2637 3435 summus
2656 3378 2871 3434 exstitit
2891 3378 2946 3435 in
2974 3382 3308 3453 operatione,
3338 3391 3403 3445 ut

1807 3465 2205 3523 demonstraret
2232 3482 2397 3540 quam
2416 3465 2651 3523 humilis
2666 3465 2836 3527 fuerit
2854 3468 2912 3525 in
2928 3477 3130 3539 mente,
3152 3471 3403 3544 protinus

1807 3553 1894 3627 adj
1902 3556 2066 3612 unxit
2080 3573 2093 3613 :

2072 3679 2301 3738 CAPUT
2344 3679 2451 3739 XV
2489 3677 2631 3753 [ναι.
2661 3680 2824 3750 XIII,
2862 3680 2981 3740 Bac.
3028 3679 3156 3755 IX].

1875 3786 2048 3846 Vnus.
2095 3788 2185 3846 33.
2228 3818 2303 3834 --
2348 3788 2409 3846 Si
2444 3787 2693 3844 abscondi
2739 3790 2899 3860 quasi
2940 3791 3092 3846 homo
3134 3796 3404 3862 poscam

1804 3894 1998 3945 meum,
2022 3886 2073 3934 et
2095 3880 2260 3935 atavi
2281 3879 2340 3934 in
2365 3880 2489 3935 sinu
2522 3896 2637 3936 meo
2656 3879 2992 3950 iniquitatem
3008 3897 3195 3940 meum.

1878 3968 1967 4025 30.
1992 3960 2327 4025 ‘Humititatis
2354 3975 2719 4039 argumentum
2732 3975 2808 4023 est
2831 3969 3044 4038 culpam
3069 3983 3222 4023 suam
3244 3968 3403 4039 οοημο

1810 4059 1908 4114 teri
1928 4076 1949 4123 ;
1975 4058 2249 4129 superbire,
2270 4073 2539 4113 exarsere.
2562 4059 2783 4113 Pecmta
2802 4058 3123 4122 excusando,
3147 4057 3403 4128 graviora

1806 4146 2093 4201 reddimus.
2111 4146 2320 4203 -—Iiaec
2336 4153 2464 4201 sunt
2481 4159 2716 4217 namque
2733 4159 2877 4202 verte
2897 4143 3228 4201 humilitatis
3250 4146 3403 4203 testi-

1808 4235 2015 4302 monia,
2034 4241 2090 4290 et
2118 4234 2464 4306 iniquitatem
2493 4249 2647 4289 suam
2668 4247 2939 4305 quemque
2955 4248 3306 4304 cognossem,
3339 4242 3399 4291 et

1807 4322 2082 4394 cognitam
2104 4337 2239 4378 voce
2260 4321 2623 4378 confessionis
2648 4322 2881 4393 aperire.
2905 4323 2980 4379 At
2993 4329 3210 4390 contra,
3230 4323 3402 4379 usita-
3454 4382 3467 4393 _

1805 4418 1924 4469 tum
1947 4411 2172 4467 humani
2193 4410 2403 4481 generis
2424 4410 2623 4465 vitium
2637 4416 2742 4475 est,
2761 4410 2785 4445 ⁸
2803 4416 2860 4465 et
2880 4410 3096 4467 latendo
3118 4419 3403 4483 peccatum

119 4499 241 4555 iram
262 4501 470 4572 judicis
498 4502 709 4572 placare
738 4501 911 4556 nescit
935 4500 1164 4569 oblatio,
1192 4502 1301 4556 nisi
1328 4517 1398 4567 ex
1424 4501 1697 4559 munditia
1730 4500 1780 4560 D
1807 4502 2170 4568 committere,
2212 4508 2268 4556 et
2305 4499 2659 4555 commissum
2690 4498 2938 4569 negando
2964 4498 3319 4567 abscondere,
3347 4505 3405 4555 et

119 4590 306 4658 placeat
330 4588 632 4644 oﬂ'erentis.
673 4587 826 4642 Unde
841 4588 1106 4658 scriptum
1136 4596 1253 4644 est:
1284 4590 1528 4659 Respexit
1551 4590 1693 4645 Deus

120 4677 321 4733 adAbet
345 4683 393 4731 et
419 4677 495 4731 ad
521 4692 740 4729 munera
770 4674 906 4744 ejus,
929 4676 1001 4730 ad
1036 4676 1172 4731 Cain
1191 4682 1367 4730 autem
1392 4682 1443 4730 et
1468 4676 1542 4731 ad
1561 4693 1692 4732 mu»-

120 4778 236 4821 uem
258 4764 370 4836 eius
395 4779 507 4821 non
528 4763 761 4835 respexit
776 4763 992 4835 (Gates.
1015 4778 1097 4833 IV,
1115 4762 1269 4835 4,5).
1296 4762 1481 4835 Neque
1493 4764 1698 4822 etenim

182 4945 201 5018 ἦ
229 4945 288 5018 In
313 4955 517 5004 recent.
542 4945 743 5012 Editis,
764 4945 1041 5018 contrario
1067 4961 1249 5013 sensu,
1270 4948 1352 5002 vel
1370 4947 1694 5018 omnimodo;

125 5015 205 5136 fui
232 5017 454 5136 lectipni
482 5024 786 5092 repugnant
813 5016 918 5074 Ed.
955 5024 1066 5074 vet.
1095 5024 1149 5073 et
1172 5018 1327 5085 Mss,
1356 5026 1476 5077 tum
1504 5015 1696 5092 Augl.,

151 5101 228 5136 lim
259 5105 354 5136 Πος
384 5106 451 5136 ΓΙ-

151 5101 229 5140 uin
259 5098 452 5145 nostri.

185 5156 205 5190 ³
231 5158 289 5212 In
319 5160 513 5214 iisdem
539 5158 743 5227 Editis,
767 5159 897 5214 dare
923 5174 1148 5227 namque
1170 5159 1243 5213 ad
1269 5176 1372 5215 res.
1402 5158 1698 5229 Addimus,

125 5233 365 5311 nostrain,
403 5247 475 5311 ex
512 5230 641 5311 Mss.
674 5231 877 5287 nostris
903 5228 1016 5286 fere
1038 5230 1318 5300 omnibus,
1348 5238 1405 5287 et
1437 5246 1508 5288 ex
1543 5228 1700 5288 anti—l

129 5296 395 5369 quioribus
416 5301 673 5357 Excusis.
1301 5296 1313 5300 ⁷

187 5370 205 5403 ³
238 5370 432 5446 Laud.,
462 5372 622 5446 Corb.
656 5372 865 5440 Germ.,
908 5370 1101 5446 Norm.
1127 5378 1185 5428 et
1218 5373 1321 5446 pL,
1353 5372 1498 5446 quod
1527 5372 1702 5446 ruina:

129 5454 217 5516 non
235 5443 539 5516 exsultavit.
571 5443 779 5516 Germ.,
809 5443 1048 5516 secunda
1074 5443 1239 5516 manu
1264 5443 1404 5516 quod
1428 5445 1485 5498 in
1516 5444 1697 5499 ruina.

190 5511 209 5544 ⁸
235 5511 505 5586 Plerique,
537 5515 869 5586 narrationis
889 5530 1031 5586 sure;
1064 5511 1291 5570 fortasse
1311 5522 1501 5572 contra
1525 5530 1700 5585 gram-

132 5581 438 5641 maticorum
467 5585 644 5656 leges;
676 5590 733 5641 at
761 5584 934 5656 liquet
966 5584 1288 5656 Gregorium
1320 5581 1701 5656 talibus'praa-

132 5655 284 5734 septis
312 5654 628 5734 scrupulose
657 5670 766 5710 non
806 5654 1236 5734 obtemperasse:
1277 5656 1388 5717 duo
1415 5654 1697 5734 Sangerm.

133 5725 329 5783 nullum
355 5724 563 5783 habent
598 5739 899 5798 pronomen
927 5724 1224 5797 adjectum.

1803 4590 2119 4646 convictum
2148 4587 2491 4645 defendendo
2519 4587 2911 4659 multiplicare.
2940 4588 3028 4644 Ex
3068 4587 3168 4643 illo
3199 4587 3404 4660 quippe

1801 4669 1955 4751 lapsu
1974 4680 2137 4750 primi
2150 4679 2394 4734 hominis
2406 4677 2526 4735 hinc
2538 4686 2833 4751 augmenta
2847 4677 3108 4749 nequitias
3120 4677 3401 4745 ducimus,

1805 4785 1878 4828 ex
1901 4786 2012 4845 quo
2039 4770 2212 4843 ipsam
2240 4768 2480 4827 radicem
2506 4768 2780 4825 traximus
2807 4767 3003 4841 culpas.
3035 4766 3128 4824 Sic
3152 4780 3394 4840 namque

1874 4950 1901 4986 ⁸
1928 4949 2134 5007 Poster.
2168 4949 2299 5016 Ed.,
2343 4949 2552 5005 silentio
2593 4955 2779 5005 tenere.
2818 4948 2882 5005 In
2920 4947 3025 5005 Ed.
3062 4943 3308 5002 Barthoi.
3343 4946 3404 4998 et

1807 5020 2025 5101 Remb.,
2053 5030 2119 5101 et_
2154 5022 2214 5078 in
2241 5022 2501 5101 omnibus
2527 5022 2689 5101 ita;
2700 5020 2924 5101 nostris,
2956 5025 3139 5088 tegere.
3166 5030 3238 5075 ex
3264 5029 3398 5085 qua.

1808 5099 2018 5147 mutato
2044 5109 2076 5162 g
2105 5093 2161 5147 in
2189 5108 2247 5159 π,
2278 5092 2438 5146 facile
2467 5092 2583 5162 fuit
2606 5092 2819 5162 eﬂicere
2850 5095 3038 5162 tepere.

1880 5164 1903 5197 ⁸
1936 5154 2268 5217 Ηὶοῖιιὶιωιι
2294 5169 2376 5216 est
2394 5162 2522 5217 Mss.
2553 5160 2864 5216 dissidium.
2889 5158 3096 5221 Germ.,
3119 5154 3324 5210 Turon.
3346 5158 3403 5210 et

1806 5232 1971 5290 Corb.
2006 5233 2268 5307 Ger_m.,_a
2289 5234 2466 5307 prima
2494 5247 2660 5307 manu
2686 5229 2910 5307 habent,
2931 5225 3200 5307 ettibendc
3224 5240 3402 5297 pecca-

1809 5310 1939 5378 tum,
1963 5304 2145 5378 quod
2159 5296 2323 5378 etiam
2373 5302 2491 5371 lego
2526 5302 2585 5378 in
2632 5297 2899 5378 omnibus
2929 5296 3160 5378 Norm.,_
3186 5296 3302 5378 ungi
3330 5310 3404 5355 ex

1806 5366 2235 5431 Ebroicensibus
2263 5366 2505 5443 dempto,
2534 5370 2754 5443 ιιι-(μιᾳ
2778 5367 2977 5443 legitur
3015 5374 3063 5423 et
3088 5367 3162 5423 ad
3189 5366 3399 5443 libitum

1802 5413 2436 5516 Edilii‘i'.‘°é§ilbu‘far£
2476 5413 2680 5516 Laud:
2716 5413 2878 5495 Corb.
2903 5436 3133 5516 Germ.,
3165 5434 3405 5516 secunda

1810 5507 1996 5581 manu,
2027 5522 2081 5573 et
2111 5514 2234 5590 V_al.
2267 5511 2375 5580 CL,
2408 5517 2467 5590 et
2495 5510 3026 5590 labeudq‘peecatuqt,
3066 5507 3234 5590 quam
3270 5507 3398 5590 lect.

1810 5577 2113 5715 sequuntur
2132 5584 2217 5640 Ed
2270 5577 2378 5639 vet.
2408 5577 2864 5662 Barthol.,Paris.
2887 5577 3130 5645 etBasil.
3159 5577 3399 5640 Vindoc.

1810 5664 1858 5714 et
1918 5658 2071 5716 tande
2095 5660 2359 5716 peccatum
2382 5658 2716 5713 committere.

1809 5670 1858 5714 et
1883 5670 2071 5716 Dianae
2089 5670 2359 5736 peccatum
2382 5670 2716 5713 committe-re.
