3928 6376
521 282 632 343 231

1728 279 1979 341 SANCTI
2017 281 2354 343 GREGORII
2388 280 2617 341 MAGNI

522 406 622 465 ille
642 406 776 465 dum
803 405 1016 478 lignum
1041 405 1275 464 vetitum
1302 405 1640 479 contigisset,
1668 406 1958 465 abscondit
1993 423 2051 464 se
2074 423 2112 465 a
2132 411 2189 473 Α
2213 424 2311 482 per
2335 409 2657 483 nequitiam,
2686 423 2722 466 a
2754 409 3048 482 semetipso
3072 409 3221 466 foras
3255 415 3420 467 exeat
3452 423 3551 483 per
3574 409 3809 467 confes-

520 492 662 552 facie
677 493 901 551 Domini
914 493 1061 552 inter
1078 495 1228 568 ligna
1244 495 1500 569 paradisi.
1522 497 1587 553 In
1605 511 1714 569 qua
1724 495 2106 565 absconsione,

519 581 733 641 scilicet
779 582 908 656 quia
933 584 1110 643 Deum
1138 585 1309 642 latere
1342 601 1456 643 non
1497 593 1734 660 poterat,
1762 602 1873 643 non
1902 584 2109 642 latendi

517 669 744 728 effectus
770 669 1124 741 describitur,
1152 673 1248 730 sed
1274 673 1499 732 affectus
1543 681 1785 731 notatur.
1830 673 1935 742 Qui
1979 689 2107 731 cum

516 766 837 830 argueretur
861 775 897 816 a
920 759 1178 830 Domino,
1207 760 1356 833 quod
1378 761 1449 818 de
1476 761 1626 833 ligno
1650 760 1825 817 vetito
1851 761 2110 834 contigis-

518 853 624 916 set,
651 847 804 905 illico
826 847 1108 920 respondit
1124 866 1139 906 :
1163 850 1361 908 Mulier
1376 867 1535 921 quam
1553 850 1744 906 dedisti
1767 849 1899 907 mihi
1913 851 2109 906 sociam

517 932 639 1007 ipsa
653 935 784 990 mihi
799 935 942 991 dedit
958 935 1023 991 de
1042 936 1204 1008 ligno,
1222 943 1273 992 et
1288 938 1483 994 comedi
1494 939 1710 1008 (Genes.
1732 954 1819 1006 ιη,
1850 936 1940 1010 12)
1951 981 1964 992 .
1986 940 2109 1011 Ipsa

518 1035 736 1095 quoque
773 1022 973 1080 mulier
1006 1023 1276 1096 inquisita
1298 1023 1599 1096 respondit,
1624 1025 1848 1083 dicens:
1886 1026 2109 1097 Serpens

517 1108 715 1182 decepit
735 1127 836 1178 me,
858 1116 910 1167 et
930 1113 1128 1168 comedi
1145 1112 1342 1184 (Ibid.,
1374 1111 1487 1186 l3).
1518 1112 1607 1170 Ad
1635 1112 1742 1171 hoc
1769 1113 1970 1187 quippe
2010 1130 2108 1170 re-

516 1196 708 1270 quisiti
753 1197 993 1269 fuerant,
1032 1206 1097 1256 ut
1138 1208 1422 1272 peccatum
1470 1199 1617 1273 quod
1657 1200 2104 1273 transgrediendo

515 1287 908 1346 commiserant
945 1289 1258 1348 conﬁtendo
1299 1290 1562 1348 delerent.
1608 1290 1764 1348 Unde
1805 1299 1858 1348 et
1885 1308 2104 1362 serpens

517 1371 614 1430 ille
639 1389 946 1446 persuasor,
975 1377 1070 1450 qui
1100 1393 1211 1434 non
1238 1384 1354 1434 erat
1389 1375 1729 1434 revocandus
1754 1376 1825 1433 ad
1861 1377 2102 1454 veniam,

515 1475 629 1519 non
651 1470 734 1520 est
751 1463 820 1520 de
835 1465 1000 1539 culpa
1013 1466 1329 1540 requisitas.
1350 1466 1718 1538 Interrogatus
1737 1465 1920 1538 itaque
1937 1464 2104 1522 homo

514 1557 598 1608 est
635 1551 734 1609 ubi
780 1561 942 1624 esset,
984 1561 1048 1611 ut
1075 1561 1437 1628 perpetratum
1465 1554 1684 1626 culpam
1712 1555 2022 1624 respiceret,
2050 1558 2109 1611 et

513 1637 829 1696 conﬁtendo
855 1650 1204 1713 cognosceret
1231 1658 1395 1715 quam
1432 1642 1592 1713 longe
1618 1657 1653 1698 a
1688 1639 1992 1698 conditoris
2017 1641 2107 1697 sui

2218 497 2447 554 sionem.
2468 499 2684 555 Mortuo
2701 497 2848 555 enim
2883 498 3007 557 l’eui
3033 496 3184 568 foras
3202 495 3428 566 dicitur,
3457 504 3522 553 ut
3541 497 3614 555 ab
3639 513 3811 555 excu-

2218 585 2427 643 satione
2462 593 2625 659 atque
2650 586 3014 644 occultatione
3049 584 3255 658 peccati
3295 584 3367 642 ad
3397 586 3809 644 accusationem

2216 689 2374 731 suam
2397 690 2490 731 ore
2509 673 2730 746 proprio
2747 674 2898 730 exire
2918 681 3261 746 provocetur.
3293 673 3449 731 Unde
3474 674 3657 732 David
3682 690 3813 748 pro-

2219 760 2403 834 pheta,
2437 763 2459 798 ⁶
2476 760 2546 818 ab
2573 761 2671 817 illa
2688 761 2828 818 tanti
2857 767 3032 817 morte
3057 761 3320 818 facinoris
3347 761 3707 830 reviviscens,
3737 762 3811 819 ad

2218 865 2408 906 vocem
2444 850 2669 906 Domini
2694 849 2849 923 quasi
2893 850 3039 906 foras
3064 849 3224 918 exiit,
3265 848 3419 918 dum,
3462 865 3560 922 per
3585 849 3810 907 Nathan

2217 946 2519 1010 correptus,
2552 938 2699 1011 quod
2727 939 2927 994 fecerat
2965 939 3243 994 accusavit
3273 937 3363 1009 (II
3393 940 3517 1010 Reg.
3548 954 3654 1006 χιι,
3686 937 3809 1010 13).

2288 1027 2376 1085 32.
2406 1028 2714 1086 Occultandi
2727 1027 2922 1098 peccati
2948 1027 3104 1098 culpa
3128 1027 3446 1081 vehementer
3459 1026 3708 1082 excrevit.
3735 1054 3813 1070 —

2217 1113 2358 1182 Quia
2372 1115 2541 1188 igitur
2559 1115 2678 1172 haec
2690 1114 3078 1185 occultationis
3094 1114 3257 1184 culpa
3270 1113 3330 1168 in
3345 1111 3590 1170 humano
3608 1129 3813 1186 genere

2217 1203 2568 1261 vehementer
2593 1202 2857 1270 excrevit,
2889 1200 3027 1257 bene
3053 1200 3244 1257 beatus
3271 1198 3375 1255 Job
3401 1215 3529 1255 cum
3554 1198 3807 1257 diceret:

2218 1292 2278 1350 Si
2297 1291 2544 1347 abscondi
2564 1295 2830 1362 peccatum
2856 1305 3047 1354 meum,
3067 1287 3396 1360 interposuit
3410 1304 3429 1343 .·
3447 1287 3606 1358 quasi
3629 1287 3807 1344 homo.

2215 1379 2468 1436 Hominis
2494 1379 2696 1451 quippe
2740 1393 2857 1434 esse
2902 1377 3184 1449 proprium
3229 1376 3518 1448 conspicit,
3557 1375 3707 1448 quod
3735 1391 3811 1432 ex

2216 1468 2456 1540 parentis
2483 1467 2684 1524 veteris
2714 1466 3021 1523 imitatione
3048 1466 3348 1523 descendit.
3375 1465 3481 1523 Ubi
3507 1473 3634 1537 apte
3658 1463 3813 1522 sub-

2215 1555 2368 1612 ditur
2402 1571 2416 1611 :
2448 1557 2523 1612 Et
2548 1555 2713 1610 celavi
2737 1555 2796 1610 in
2813 1554 2934 1609 sinu
2959 1571 3070 1611 meo
3092 1555 3419 1625 iniquitatem
3442 1570 3632 1610 meant.
3661 1552 3809 1627 [νει.

2213 1642 2364 1707 XIV,
2410 1643 2531 1700 Rec.
2574 1641 2672 1716 X.]
2714 1643 2996 1715 Scriptura
3039 1643 3242 1699 etenim
3299 1656 3453 1698 sacra
3478 1642 3810 1714 plerumque

514 1723 657 1781 facie
687 1727 705 1761 ¹
730 1726 962 1784 abesset.
994 1729 1100 1785 Sed
1127 1728 1388 1785 adhibere
1414 1727 1638 1784 sibimet
1660 1729 1881 1800 utrique
1907 1727 2107 1783 defen—
2132 1745 2181 1807 Β
2212 1730 2397 1788 sinum
2426 1745 2626 1802 ponere
2646 1746 2744 1803 pro
2769 1738 2951 1787 mente
2968 1731 3275 1799 consuevit,
3303 1731 3448 1786 sicut
3465 1745 3601 1786 voce
3618 1729 3808 1785 Eccle-

515 1812 690 1868 sionis
717 1814 911 1870 solatia
952 1831 1116 1887 quam
1143 1814 1502 1871 confessionis
1529 1817 1826 1886 elegerunt.
1859 1814 2108 1888 Cumque

516 1915 779 1957 excusare
800 1908 1082 1973 peccatum
1110 1902 1290 1958 voluit
1317 1903 1406 1958 vir
1435 1917 1531 1975 per
1570 1903 1877 1972 mulierem,
1907 1901 2108 1960 mulier

515 2000 616 2060 per
637 1995 965 2060 serpentem,
993 1996 1267 2045 auxerunt
1291 1989 1530 2061 culpam,
1560 2005 1723 2063 quam
1750 1991 1895 2047 tueri
1920 1989 2106 2048 conati

513 2083 682 2135 sunt:
713 2076 936 2150 oblique
963 2077 1139 2133 Adam
1179 2077 1478 2134 Dominum
1513 2085 1761 2151 tangens,
1803 2077 1951 2152 quod
1990 2077 2106 2151 ipse

511 2165 721 2240 peccati
745 2181 935 2223 eorum
962 2174 1155 2223 auctor
1181 2167 1476 2237 exstiterit,
1506 2168 1603 2241 qui
1632 2167 1919 2224 mulierem
1939 2167 2102 2235 fecit;

513 2261 570 2312 et
594 2255 714 2311 Eva
741 2256 956 2328 culpam
976 2255 1046 2312 ad
1074 2256 1372 2313 Dominum
1393 2257 1658 2327 referens,
1675 2259 1771 2330 qui
1799 2265 2105 2330 serpentem

509 2339 571 2400 in
600 2342 853 2416 paradiso
883 2344 1173 2416 posuisset.
1199 2344 1306 2412 Qui
1336 2346 1486 2402 enim
1514 2359 1609 2401 ore
1637 2345 1845 2402 diaboli
1862 2343 2104 2401 fallentis

507 2430 830 2488 audierant:
877 2433 1052 2488 Eritis
1096 2433 1228 2489 sicut
1254 2432 1332 2489 dii
1356 2433 1553 2502 (Ibid.,
1580 2432 1664 2506 ὅ),
1693 2433 1822 2506 quia
1847 2435 1962 2491 Deo
1987 2448 2103 2489 esse

506 2522 720 2578 similes
745 2522 803 2578 in
824 2521 1118 2579 divinitate
1146 2522 1536 2595 nequiverunt,
1565 2521 1636 2578 ad
1663 2523 1864 2581 erroris
1893 2521 1985 2578 cui
2008 2536 2102 2576 cu-

508 2610 723 2665 mulum
751 2611 928 2666 Deum
963 2610 1072 2666 sibi
1100 2611 1279 2667 facere
1319 2609 1557 2667 similem
1598 2610 1657 2666 in
1685 2610 1848 2682 culpa
1866 2613 1891 2649 ²
1917 2611 2100 2667 conati

507 2703 656 2754 sunt.
687 2695 779 2752 Sic
803 2712 932 2768 ergo
959 2705 1172 2752 reatum
1197 2713 1357 2752 suum
1388 2696 1521 2753 dum
1548 2695 1840 2752 defendere
1863 2697 2100 2753 moliun-

504 2790 621 2853 tur,
665 2782 995 2841 addiderunt
1039 2791 1102 2840 ut
1141 2785 1304 2856 culpa
1346 2799 1535 2841 eorum
1580 2785 1819 2841 atrocior
1855 2784 2100 2842 discussa

505 2872 663 2930 ﬁeret
689 2889 850 2946 quam
874 2872 1053 2930 fuerat
1080 2879 1404 2945 perpetrata.

576 2961 664 3018 31.
695 2961 856 3018 Multi
871 2961 1139 3017 Adamum
1162 2962 1467 3027 imitantur,
1501 2963 1644 3019 velut
1666 2962 1921 3018 arborum
1948 2962 2098 3034 foliis

495 3055 763 3146 peccatum
801 3050 1112 3149 abscondere
1149 3050 1474 3149 cogitantem.
1503 3052 1752 3107 Peccator
1793 3069 1820 3106 e
1858 3053 2094 3149 sepulcro
2122 3087 2168 3149 Ο

502 3138 612 3191 exit
621 3153 721 3208 per
736 3135 1128 3205 confessionem.
1155 3164 1229 3177 —
1260 3134 1416 3192 Unde
1446 3150 1595 3192 nunc
1621 3151 1838 3208 quoque
1865 3135 2094 3192 humani

504 3223 715 3295 generis
739 3223 881 3278 rami
907 3238 979 3278 ex
1004 3221 1111 3278 hac
1127 3221 1311 3278 adhuc
1338 3220 1524 3277 radice
1542 3223 1966 3280 amaritudinem
1986 3231 2096 3280 tra-

504 3310 668 3376 hunt,
696 3317 760 3365 ut
781 3325 909 3366 cum
928 3308 998 3365 de
1024 3309 1166 3365 vitio
1183 3324 1285 3365 suo
1303 3308 1535 3381 quisque
1547 3311 1816 3382 arguitur,
1838 3314 1860 3347 ³
1886 3312 1989 3369 sub
2003 3313 2094 3370 de-

504 3395 817 3452 fensionum
841 3395 1010 3452 verba
1022 3397 1180 3469 quasi
1205 3395 1310 3453 sub
1328 3395 1577 3468 quaedam
1592 3412 1650 3452 se
1673 3397 1933 3454 arborum
1961 3399 2096 3456 folia

503 3483 820 3553 abscondat,
865 3491 920 3541 et
962 3483 1117 3540 velut
1158 3482 1230 3540 ad
1273 3483 1522 3557 quaedam
1564 3484 1936 3542 excusationis
1979 3502 2093 3543 sum

502 3588 673 3646 opaca
694 3580 899 3630 secreta
937 3572 1134 3630 faciem
1178 3574 1202 3609 ‘
1230 3571 1535 3630 conditoris
1566 3572 1763 3645 fugiat,
1800 3573 1933 3631 dum
1979 3592 2093 3633 non

501 3663 626 3718 vult
653 3668 797 3726 713
821 3661 1078 3735 cognosci
1104 3661 1254 3734 quod
1282 3660 1432 3718 fecit.
1463 3661 1527 3718 In
1568 3678 1676 3735 qua
1713 3662 1971 3720 videlicet
2005 3681 2094 3722 oc-

498 3758 801 3816 cultatione
825 3773 940 3815 non
969 3772 1027 3815 se
1053 3756 1316 3823 Domino,
1345 3756 1442 3813 sed
1479 3757 1779 3815 Dominum
1805 3759 2094 3817 abscondit

498 3847 629 3906 sibi.
660 3849 790 3921 Agit
808 3848 1009 3921 quippe
1034 3862 1105 3903 ne
1129 3863 1318 3903 omnia
1334 3846 1613 3904 videntem
1633 3847 1838 3918 videat,
1859 3864 1970 3904 non
1998 3865 2092 3906 au-

495 3940 609 3992 tem
636 3949 706 3990 ne
749 3934 866 4006 ipse
891 3933 1165 3991 videatur.
1196 3933 1318 4002 Quo
1345 3941 1539 3991 contra
1577 3935 1777 4008 cuique
1821 3936 2092 4008 peccaturi

489 4021 607 4096 jam
633 4023 925 4080 exordium
945 4021 1375 4079 illuminationis
1393 4029 1476 4078 est
1491 4021 1780 4079 humilitas
1797 4025 2089 4083 confessio.

493 4111 604 4180 nis,
634 4112 765 4184 quia
795 4112 1128 4185 sibimetipsi
1146 4111 1264 4184 jam
1283 4127 1509 4185 parcere
1534 4112 1738 4180 renuit,
1762 4111 1857 4185 qui
1882 4114 2089 4172 malum

492 4214 609 4258 non
632 4199 909 4258 erubescit
933 4200 1186 4258 conﬁteri
1204 4200 1355 4274 quod
1366 4200 1502 4259 fecit
1521 4219 1537 4269 ;
1558 4209 1615 4258 et
1632 4202 1729 4274 qui
1746 4201 2089 4260 defendendo

2212 1818 2307 1875 size
2335 1817 2402 1873 de
2427 1816 2865 1889 persecutoribus
2892 1819 3114 1886 nostris,
3146 1817 3241 1890 qui
3272 1819 3432 1875 nobis
3459 1825 3658 1874 natura
3682 1818 3806 1890 qui-

2212 1904 2338 1962 dem
2365 1903 2646 1976 conjuncti
2671 1913 2820 1973 sunt,
2850 1906 2945 1963 sed
2976 1907 3093 1962 vita
3118 1905 3401 1978 disjuncti,
3434 1920 3531 1978 per
3556 1904 3807 1961 Psalmi-

2212 2001 2353 2050 stam
2380 1992 2614 2050 dicitur:
2644 1994 2820 2051 Redde
2851 1995 3039 2050 uicinis
3061 1996 3257 2050 nostris
3283 1996 3581 2066 septuplum
3599 1994 3658 2049 in
3680 1993 3807 2050 sinu

2210 2098 2393 2139 eorum
2417 2083 2597 2154 (Psal.
2633 2099 2870 2153 Lxxvm,
2899 2083 3014 2156 12).
3060 2084 3144 2141 Ac
3168 2083 3216 2140 si
3245 2093 3428 2156 aperte
3453 2082 3696 2140 diceret:
3738 2085 3803 2141 ln

2211 2177 2394 2226 mente
2415 2186 2513 2226 sua
2539 2172 2811 2243 recipiant
2832 2169 2940 2229 hoc
2967 2171 3117 2246 quod
3153 2171 3212 2228 in
3242 2172 3449 2228 nostris
3472 2171 3805 2244 corporibus

2211 2259 2496 2314 saevientes
2535 2267 2847 2332 operantur,
2889 2266 2954 2316 ut
2991 2261 3123 2317 dum
3152 2276 3253 2316 nos
3278 2260 3522 2317 exterius
3548 2276 3623 2316 ex
3650 2268 3803 2332 parte

2211 2345 2468 2417 puniunt,
2491 2347 2595 2417 ipsi
2624 2347 2856 2404 interius
2875 2347 3111 2420 perfecte
3132 2348 3451 2420 puniantur.
3470 2347 3618 2416 Quia
3631 2349 3802 2419 igitur

2209 2435 2363 2491 sinus
2389 2444 2656 2493 secretum
2685 2439 2886 2494 mentis
2911 2439 3198 2510 accipitur,
3220 2439 3275 2494 in
3292 2441 3418 2496 sinu
3446 2439 3796 2512 iniquitatem

2208 2524 2384 2580 celare
2409 2531 2492 2580 est
2512 2524 2654 2582 hanc
2665 2525 2722 2581 in
2742 2527 3092 2583 conscientiae
3113 2528 3358 2584 latibulis
3379 2530 3678 2598 occultare,
3698 2546 3801 2588 nec

2208 2627 2304 2684 per
2328 2612 2727 2669 confessionem
2755 2613 3024 2685 detegere,
3055 2614 3151 2670 sed
3180 2631 3274 2686 per
3301 2616 3683 2673 defensionem
3707 2633 3798 2675 ve-

2207 2699 2336 2755 lare.
2368 2699 2487 2767 Quo
2502 2707 2693 2756 contra
2705 2701 2937 2756 Iacobus
2951 2700 3088 2758 dicit
3102 2719 3114 2758 :
3134 2702 3241 2758 Con
3246 2704 3464 2774 ﬁtemini
3476 2706 3798 2762 alterutrum

2199 2793 2412 2858 peccata
2458 2794 2653 2854 vestra,
2707 2794 2758 2843 et
2797 2795 2944 2844 orate
2979 2806 3083 2861 pro
3130 2790 3370 2857 invicem,
3412 2797 3473 2846 ut
3522 2794 3799 2850 salvemini

2208 2875 2346 2946 (Jac.
2393 2892 2452 2945 v,
2501 2876 2614 2949 16).
2664 2876 2917 2932 Salomon
2964 2895 3178 2951 quoque
3218 2879 3326 2934 ait:
3380 2879 3485 2946 Qui
3526 2879 3799 2937 abscondit

2203 2965 2397 3018 scelera
2415 2979 2535 3032 sua,
2565 2980 2674 3019 non
2697 2964 2990 3035 dirigetur;
3021 2967 3114 3036 qui
3132 2973 3306 3021 autem
3323 2965 3594 3036 confessus
3607 2967 3793 3039 fuerit,

2201 3056 2251 3106 et
2289 3051 2627 3122 dereliquerit
2660 3069 2743 3119 ea,
2788 3053 3205 3110 misericordiam
3230 3061 3573 3126 consequetur
3594 3057 3789 3127 (Prov.

2201 3152 2404 3207 xxvm,
2436 3138 2551 3209 13).

2272 3226 2359 3284 33.
2392 3228 2541 3283 Ficta
2566 3235 2642 3284 est
2662 3231 2861 3301 peccati
2887 3231 3140 3302 confessio
3165 3233 3275 3288 sine
3300 3233 3615 3290 humilitate.
3657 3236 3794 3293 Sin-

2201 3331 2332 3371 certe
2355 3315 2692 3387 confessionis
2716 3319 2934 3377 indicia.
2964 3350 3037 3362 —
3062 3321 3168 3378 Sed
3196 3322 3340 3382 inter
3367 3321 3486 3380 haec
3504 3325 3788 3383 sciendum

2201 3411 2284 3460 est
2310 3403 2455 3476 quod
2474 3405 2794 3480 plerumque
2810 3407 3060 3466 homines
3087 3417 3143 3465 et
3160 3410 3348 3482 culpas
3366 3411 3720 3482 conﬁtentur,
3734 3421 3792 3471 et

2201 3489 2441 3549 humiles
2460 3509 2570 3549 non
2591 3502 2738 3552 sunt.
2758 3497 2894 3553 Nam
2915 3497 3118 3554 multos
3137 3497 3396 3555 novimus
3415 3499 3513 3572 qui
3529 3511 3792 3574 arguente

2201 3579 2356 3635 nullo
2393 3589 2700 3652 peccatores
2741 3599 2798 3640 se
2840 3601 2955 3640 esse
2996 3584 3357 3653 conﬁtentur;
3401 3603 3530 3643 cum
3562 3605 3694 3646 vero
3719 3590 3792 3648 de

2200 3669 2362 3741 culpa
2399 3685 2499 3725 sua
2537 3669 2744 3728 fuerint
2772 3671 2999 3729 fortasse
3026 3674 3286 3746 correpti,
3316 3673 3656 3733 defensionis
3682 3695 3792 3750 pa-

2199 3757 2497 3814 trocinium
2537 3766 2809 3831 quaerunt,
2852 3776 2922 3816 ne
2963 3768 3272 3833 peccatores
3307 3778 3422 3818 esse
3469 3763 3787 3826 videantur.

2200 3846 2308 3914 Qui
2335 3847 2382 3903 si
2409 3855 2545 3905 tunc
2571 3865 2697 3905 cum
2725 3849 2784 3906 id
2811 3858 3005 3922 sponte
3031 3850 3227 3908 dicunt
3246 3860 3558 3924 peccatores
3585 3871 3643 3911 se
3670 3873 3792 3914 esse

2199 3935 2380 3994 veraci
2422 3934 2734 3992 humilitate
2775 3947 3180 4009 cognoscerent,
3228 3957 3355 3998 cum
3383 3949 3692 4013 arguuntur
3714 3944 3791 4003 ab

2199 4023 2341 4092 aliis,
2386 4039 2501 4080 esse
2547 4039 2604 4080 se
2631 4023 2779 4096 quod
2822 4026 3057 4082 confessi
3095 4028 3316 4084 fuerant
3341 4044 3453 4086 non
3499 4043 3787 4104 negarent.

2198 4111 2317 4181 Qua
2355 4111 2414 4168 in
2454 4128 2513 4170 re
2553 4111 2760 4170 indicia
2798 4129 2940 4170 verae
2980 4116 3339 4174 confessionis
3378 4127 3529 4188 sunt,
3576 4122 3626 4176 si
3654 4138 3789 4181 cum

2198 4201 2426 4274 quisque
2464 4215 2522 4257 se
2561 4208 2895 4273 peccatorem
2925 4202 3081 4273 dicit,
3112 4204 3170 4260 id
3198 4204 3266 4263 de
3294 4222 3351 4262 se
3377 4206 3586 4264 dicenti
3614 4211 3787 4268 etiam

495 4290 521 4327 ⁵
545 4289 791 4346 accusari
817 4290 1017 4362 potuit,
1062 4289 1370 4348 accusando
1414 4306 1472 4347 se
1498 4291 1781 4348 celerrime
1820 4291 2087 4354 defendit.
2195 4289 2354 4346 alteri
2369 4304 2480 4345 non
2496 4290 2844 4348 contradicit.
2865 4291 3001 4350 Nam
3023 4294 3154 4366 quia
3170 4294 3435 4367 scriptum
3454 4302 3574 4352 est:
3597 4297 3787 4354 Justus

493 4375 651 4434 Unde
677 4383 732 4434 et
748 4384 968 4434 mortuo
985 4378 1208 4447 Lazaro,
1230 4379 1488 4451 quimole
1503 4395 1701 4450 magna
1714 4380 2081 4453 premebatur,
2108 4430 2159 4457 η
2191 4377 2253 4434 in
2272 4377 2540 4450 principio
2566 4384 2841 4434 αεσαεαεον
2877 4385 2953 4436 εει
2976 4381 3064 4436 δαί
3089 4383 3282 4447 (Prov-
3326 4399 3489 4452 XVIII.
3522 4384 3639 4457 17),
3669 4403 3785 4443 non

491 4481 835 4548 nequaquam
888 4465 1134 4524 dicitur:
1192 4430 1500 4536 hevivisce,
1555 4430 1649 4524 add
1682 4430 1876 4526 :rVeni
1931 4430 2084 4540 fora;
2108 4430 2159 4490 Β
2189 4430 2360 4538 magis
2400 4430 2668 4538 peccator,
2700 4465 2794 4523 sed
2815 4465 2996 4538 justus
3023 4430 3199 4527 videri
3228 4473 3454 4544 appetit,
3471 4430 3787 4548 ,cuni,pec-

495 4553 679 4624 (Joau.
718 4569 800 4623 xi,
840 4552 956 4626 43).
999 4554 1090 4613 Ex
1115 4569 1224 4627 qua
1262 4553 1472 4611 scilicet
1511 4555 1926 4625 resurrectione,
1962 4573 2084 4630 quas
2189 4560 2427 4610 catorem
2458 4559 2604 4616 714
2627 4570 2684 4611 se
2712 4556 2944 4629 quisque
2972 4558 3129 4614 nullo
3158 4567 3418 4632 arguente
3457 4563 3780 4634 conﬁtetur,

491 4649 642 4715 gesta
683 4640 745 4698 in
791 4641 944 4699 illius
995 4648 1080 4699 est
1119 4657 1366 4716 corpore,
1408 4643 1656 4716 signatur
1701 4645 1935 4717 qualiter
1978 4662 2082 4704 nos
2187 4650 2282 4707 sed
2308 4649 2668 4708 confessionis
2695 4650 2981 4707 veritatem
3010 4653 3222 4724 probat,
3243 4672 3373 4712 cum
3399 4657 3538 4713 alter
3566 4660 3782 4719 malum

487 4729 877 4821 resuscitemur
920 4731 981 4787 in
1015 4730 1199 4821 corde,
1241 4747 1369 4821 cum
1395 4731 1657 4821 videlicet
1682 4741 1901 4791 mortuo
1927 4734 2080 4792 dici-
2187 4739 2335 4812 quod
2362 4739 2588 4796 fecimus
2616 4739 2877 4810 increpat.
2909 4739 3067 4808 Quod
3081 4742 3129 4797 si
3148 4745 3380 4815 superbe
3397 4743 3779 4821 defendimus,

485 4824 615 4876 tur:
660 4818 785 4878 Veni
809 4817 980 4890 foras,
1024 4825 1090 4876 ut
1125 4819 1394 4877 nimirum
1439 4817 1608 4876 homo
1643 4820 1704 4877 in
1731 4828 1952 4894 peccato
1978 4840 2078 4881 suo
2186 4829 2360 4902 liquet
2385 4827 2517 4902 quia
2541 4835 2849 4899 peccatores
2876 4842 2980 4886 nos
3008 4845 3079 4887 ex
3106 4832 3266 4888 nobis
3284 4833 3410 4890 ﬁcte
3429 4817 3778 4898 dicebamu;

484 4912 756 4998 mortuus,
784 4911 840 4998 et
865 4921 963 4998 per
987 4907 1202 4998 molem,
1218 4908 1378 4998 malm
1404 4908 1822 4998 consuetudinis
1843 4908 1959 4981 jam
1988 4927 2078 4968 se-
2185 4915 2340 4974 Unde
2353 4930 2697 4987 summopere
2712 4915 3017 4973 curandum
3037 4926 3121 4974 est
3134 4926 3196 4974 ut
3210 4921 3355 4976 mala
3369 4938 3490 4995 quae
3510 4924 3779 4998 fecimus,

483 4996 690 5070 pultas,
714 4995 852 5071 quia
864 4996 1010 5055 intra
1020 4997 1416 5057 conscientiam
1427 5012 1586 5056 suam
1608 4997 1910 5058 absconsus
1929 5000 2078 5074 jacet
2183 5013 2242 5064 et
2263 5012 2457 5080 sponte
2480 5004 2769 5075 fateamur,
2798 5011 2856 5062 et
2879 5003 2999 5064 hac
3024 5007 3152 5064 aliis
3164 5008 3524 5082 arguentibus
3537 5028 3657 5072 non
3682 4995 3781 5078 no-

559 5228 579 5302 ξ
607 5220 739 5302 Ῡειῖ
762 5230 868 5302 CL,
897 5232 1106 5289 abisset.

557 5297 589 5385 ’γ
608 5297 895 5385 ϐιιειαιινξ,
919 5304 1090 5385 notati
1100 5308 1257 5385 sunt,
1286 5318 1471 5385 quam.
1488 5304 1781 5385 lectionem
1808 5304 1979 5363 nullis
2010 5305 2072 5363 in

483 5364 614 5445 llas.
645 5375 742 5424 aut
784 5364 1060 5445 veteribus
1100 5364 1254 5431 Edit:
1282 5364 1619 5445 invenimus,
1668 5377 1804 5432 alias
1848 5392 1883 5432 a
1908 5392 2072 5434 sensu

483 5437 889 5496 abhorrentem.
917 5443 1107 5520 Neque
1119 5451 1301 5500 tamen
1330 5437 1701 5520 mendumect
1720 5448 2070 5520 typographi-

484 5465 889 5496 wuurwuwlu.
917 5465 1102 5514 neque
1120 5465 1301 5500 tamen
1330 5465 1588 5503 mendum
1619 5465 1701 5504 ωε
1720 5465 1852 5520 typo
1891 5465 2069 5520 rapm-

484 5524 645 5590 cum;
677 5524 802 5588 nam
832 5524 961 5592 vera
987 5512 1168 5592 lectio,
1196 5517 1371 5572 conati
1397 5524 1538 5586 sunt,
1573 5517 1782 5575 ibidem
1819 5465 1890 5574 δέ
1930 5533 2069 5573 mar-

485 5581 668 5654 ginem
699 5581 899 5637 re'ecta
924 5581 1141 5653 legitur.
1521 5581 1534 5586 ⁷

553 5651 581 5690 ³
595 5649 720 5710 Val.
740 5597 850 5721 ἀι,
875 5651 973 5708 sub
985 5650 1346 5723 defensionum
1358 5659 1538 5728 uerbo,
1555 5658 1711 5731 quasi
1728 5658 1823 5716 sub
1841 5659 2072 5730 quodam

2179 5250 2236 5293 se
2259 5235 2514 5312 arborum
2543 5234 2700 5312 folio.
2738 5234 2992 5312 Plerique
3027 5237 3240 5312 Norm.,
3282 5240 3379 5312 sub
3404 5239 3783 5312 deformium

2177 5307 2370 5382 verbis,
2399 5307 2555 5382 quasi
2578 5306 3296 5382 subquibusdam‘arborum
3318 5306 3489 5382 foliis.

2251 5379 2275 5414 ‘
2304 5375 2476 5434 Laud.
2508 5384 2564 5434 et
2591 5375 2727 5434 Val;
2747 5375 2854 5442 CL,
2884 5378 3183 5448 cognitoris.

2249 5449 2273 5530 ξ
2301 5448 2472 5530 [idem
2511 5449 2664 5515 Mss.,
2690 5462 3002 5504 accusare...
3040 5451 3333 5507 domando
3359 5468 3414 5508 se
3439 5455 3781 5515 celeberrimo

2178 5518 2428 5670 defigi.
2444 5597 2656 5670 praeter.
2686 5587 2956 5670 Barthol.,
2978 5591 3044 5647 ab
3060 5591 3161 5670 illa
3180 5590 3314 5647 tanti
3328 5595 3467 5651 male
3479 5594 3780 5669 facinoris,

2179 5673 2218 5718 ι
2237 5659 2719 5734 ιιιιὼιιδίθοθάθτθ
2742 5668 2947 5732 cogunt
2972 5678 3072 5720 nos
3098 5663 3226 5722 Mss.
