3928 6384
132 382 219 437 233

864 377 1235 437 MORALIUM
1276 381 1409 440 LIB.
1451 382 1628 444 XXII.
1669 417 1740 431 —
1778 390 1849 447 IN
1886 391 2114 451 CAPUT
2153 394 2341 455 XXXI
2382 399 2443 457 Β.
2484 402 2627 459 .IOB.

3313 419 3419 474 23’s

132 519 313 581 gamus.
356 497 630 601 Superbiae
676 501 878 602 quippe
907 505 1108 605 vitium
1155 516 1237 565 est
1265 512 1505 605 utquod
1543 512 1699 605 dese
1725 517 1776 577 A
1803 517 2124 578 turbatione
2138 528 2679 587 vexatur.Acunctis
2699 532 2900 605 quippe
2916 538 3161 595 externis
3175 541 3417 599 motibus

132 595 270 654 fateri
289 591 690 664 quisquequasi
707 607 805 648 sua
820 603 1015 666 sponte
1036 596 1316 670 dignatur,
1340 600 1447 661 hoc
1467 602 1573 661 sibi
1591 604 1703 663 dici

132 686 190 740 ab
214 682 326 739 aliis
351 678 694 750 dedignetur.

188 771 266 828 34.
292 768 384 825 Job
412 768 465 822 in
488 770 687 838 peccati
718 770 1041 841 confessione
1067 777 1361 836 humilitas.
1403 783 1549 854 Saepe
1580 801 1703 855 gra-

130 861 270 917 vioris
294 858 588 914 certaminis
626 866 701 914 est
719 869 928 932 peccato
958 866 1196 938 conﬁteri
1224 886 1385 940 quam
1411 872 1599 930 vitare.
1632 905 1703 917 -—-

128 953 301 1007 Beatus
336 949 514 1022 itaque
561 949 665 1005 Job
693 960 911 1023 quantae
938 954 1109 1012 fuerit
1137 956 1476 1018 humilitatis
1506 970 1702 1020 osten-

128 1041 213 1109 dit,
257 1039 346 1112 qui
395 1054 451 1095 se
507 1046 563 1094 et
615 1039 762 1097 inter
808 1042 1154 1103 adversarios
1211 1059 1443 1108 noverat
1489 1053 1700 1123 vivere,

126 1138 171 1185 et
205 1136 373 1185 tamen
415 1144 525 1183 non
584 1129 876 1188 verebatur
929 1136 1119 1208 culpas
1159 1154 1295 1196 voce
1337 1142 1701 1201 confessionis

125 1218 327 1291 aperire.
355 1216 457 1273 Sed
506 1218 817 1277 notandum
847 1223 999 1296 quod
1025 1228 1280 1299 superius
1312 1230 1548 1289 virtutes
1574 1251 1701 1292 suas

124 1307 362 1380 loquitur,
384 1305 614 1365 inferius
635 1318 918 1380 peccatum
949 1312 1171 1372 fatetur.
1197 1318 1342 1376 Hinc
1365 1322 1514 1379 enim
1537 1324 1699 1397 liqui-

122 1397 181 1453 do
204 1396 532 1453 demonstrat
559 1414 725 1471 quam
758 1417 886 1457 vera
914 1401 982 1460 de
1010 1403 1173 1463 bonis
1201 1408 1317 1465 suis
1342 1409 1580 1482 dixerat,
1602 1396 1697 1487 qui

121 1489 281 1545 noluit
315 1497 492 1546 tacere
521 1489 588 1547 de
633 1493 814 1549 malis.
847 1494 1012 1551 Modo
1042 1497 1276 1555 virtutes
1308 1518 1435 1559 suas
1464 1504 1694 1575 indicat,

119 1579 263 1635 modo
306 1580 546 1652 culpam,
585 1582 715 1654 quia
761 1590 815 1639 et
860 1588 1257 1657 perpetraverit
1302 1601 1610 1665 peccatum,
1642 1604 1697 1652 et

117 1686 211 1725 non
254 1672 502 1740 tacuerit,
550 1673 886 1731 manifestat.
920 1676 1074 1733 Unde
1119 1680 1425 1739 certissime
1472 1695 1696 1757 apparet

116 1768 314 1833 quantae
332 1761 620 1818 munditiae
646 1764 704 1819 in
736 1766 1134 1838 omnipotentis
1161 1770 1260 1826 Dei
1292 1774 1470 1830 oculis
1501 1774 1691 1845 fuerit,

1816 610 2063 667 eamdem
2085 612 2450 673 intentionem
2467 634 2622 675 suam
2639 622 2793 693 quasi
2811 624 3101 695 quemdam
3123 632 3420 689 secretissi-

1816 715 1968 757 mum
2002 720 2276 762 secessum
2306 707 2464 779 petit,
2496 707 2684 782 ibique
2709 713 2731 746 ³
2758 711 3202 773 incommutabili
3234 721 3420 777 inhae-

1816 805 1963 859 rens,
1995 800 2050 848 et
2106 794 2399 851 mutabilia
2444 805 2645 855 cuncta
2691 802 3105 872 transcenderis,
3135 806 3250 878 ipsa
3300 808 3414 880 jam

1812 883 2218 953 tranquillitate
2247 886 2448 958 quietis
2477 904 2589 945 suae
2620 889 2678 944 in
2725 893 2934 948 mundo
2960 901 3117 950 extra
3146 897 3416 957 mundum

1812 978 1913 1027 est.
1943 973 2181 1033 Excedit
2210 978 2457 1049 profecto
2485 980 2598 1038 ima
2629 984 2816 1040 omnia
2844 984 3153 1044 intentione
3176 1006 3417 1047 summo.

1810 1086 1957 1141 rum,
1990 1070 2145 1129 715
2166 1082 2219 1131 et
2240 1078 2457 1134 cunctis
2474 1078 2636 1137 rebus
2653 1097 2788 1156 quas
2804 1098 2915 1139 non
2936 1086 3145 1158 appetit
3166 1086 3418 1147 libertate

1810 1160 2045 1232 quadam
2077 1180 2133 1220 se
2163 1182 2446 1237 superesse
2476 1170 2663 1240 sentit,
2690 1188 2792 1231 nec
2818 1181 3199 1248 tempestatem
3230 1196 3415 1236 rerum

1810 1254 2197 1324 temporalium
2253 1256 2406 1314 intus
2457 1259 2711 1331 sustinet,
2746 1278 2915 1336 quam
2967 1265 3217 1324 intuetur
3257 1269 3414 1338 foris,

1808 1341 1902 1413 qui
1934 1349 2148 1399 terrena
2190 1346 2399 1415 omnia,
2427 1363 2548 1421 quae
2588 1354 2882 1426 concupita
2910 1356 3220 1428 opprimere
3251 1373 3417 1415 men-

1808 1436 1917 1486 tem
1945 1440 2220 1504 poterant,
2251 1435 2505 1510 despecta
2543 1439 2933 1514 subterjacent.
2966 1444 3121 1502 Unde
3150 1445 3289 1503 bene
3318 1463 3416 1520 per

1806 1522 2129 1595 prophetam
2152 1525 2360 1584 dicitur
2383 1547 2395 1585 :
2422 1531 2606 1587 Statue
2626 1532 2720 1587 tibi
2738 1535 3004 1605 speculam
3023 1536 3412 1608 (Jerem.xxx1,

1804 1613 1922 1687 21),
1955 1624 2017 1673 ut
2045 1617 2177 1674 dum
2218 1620 2451 1694 quisque
2495 1624 2806 1694 speculatur
2834 1642 3070 1695 summa,
3102 1630 3414 1700 superemi-

1804 1712 1931 1760 neat
1988 1706 2214 1763 inﬁmis.
2250 1710 2391 1767 Hinc
2418 1712 2584 1766 etiam
2613 1712 2871 1771 Habacuc
2899 1714 3037 1771 dicit
3070 1733 3081 1769 :
3119 1717 3291 1787 Super
3327 1733 3414 1772 cu-

1803 1793 2028 1849 stodiam
2057 1813 2225 1851 meam
2252 1797 2398 1852 stabo
2431 1799 2654 1869 (Habac.
2680 1817 2742 1870 ιι,
2766 1802 2844 1874 1).
2877 1800 2995 1858 Stat
3023 1802 3225 1875 quippe
3254 1819 3417 1877 super

2146 1850 2163 1851 η
2376 1850 2387 1851 ί
2434 1850 2654 1869 \--"'-"-
2680 1850 2742 1870 --ι
2768 1850 2844 1874 -ι-
2877 1850 2994 1858 *ν’-ν
3026 1850 3223 1875 ‘1"rr'
3254 1850 3409 1877 ἰ’-τν-

114 1850 193 1922 qui
237 1859 287 1907 θι
330 1852 530 1954 νίῐεξνίῐ
560 1855 724 1924 mala,
756 1872 831 1956 ,ηεξ
860 1858 1252 1963 οῼωηὶξῐξξπθῐ,
1278 1869 1332 1918 εἴ
1360 1870 1695 1963 “3119113333
1716 1890 1764 1950 Β
1802 1883 2111 1941 custodiam
2138 1901 2317 1955 suam,
2352 1888 2445 1961 qui
2477 1905 2573 1961 per
2607 1889 2889 1946 solertiam
2918 1890 3227 1963 disciplina:
3251 1899 3415 1950 terre-

114 1954 220 1995 eum
247 1943 589 1999 committere
618 1945 874 2018 contigit,
897 1946 1219 2006 hominibus
1241 1967 1350 2007 non
1381 1953 1692 2025 abscondit,

113 2037 352 2101 quatenus
371 2033 419 2087 ei
439 2041 498 2089 et
512 2033 745 2105 justitiae
765 2036 838 2092 sit
858 2037 1031 2109 gloria
1058 2038 1365 2099 declinasse
1386 2053 1694 2116 peccatum,

114 2127 157 2173 et
186 2119 405 2191 justitiae
433 2123 692 2180 custodia
719 2125 869 2199 quod
898 2143 1010 2184 non
1039 2130 1223 2202 potuit
1251 2131 1530 2192 declinare
1558 2153 1697 2208 pro-

114 2207 312 2267 didisse.
337 2212 609 2271 Videatur
635 2216 723 2271 vir
753 2217 854 2274 iste
882 2219 1115 2277 cuilibet
1142 2238 1373 2296 magnus
1395 2225 1453 2281 in
1473 2207 1694 2283 virtuti-

115 2297 201 2354 bus
228 2300 356 2371 suis,
388 2302 533 2359 mibi
561 2313 708 2362 certe
741 2306 997 2365 sublimis
1026 2319 1250 2383 apparet
1283 2315 1449 2371 etiam
1482 2316 1539 2372 in
1572 2333 1695 2390 pec-

115 2389 229 2445 catis
255 2392 385 2448 suis.
409 2394 686 2451 Mirentur
713 2396 769 2452 in
800 2413 865 2453 eo
890 2400 903 2433 ¹
938 2400 1034 2472 qui
1064 2402 1262 2459 volunt
1279 2406 1547 2462 castitatis
1568 2389 1696 2463 con-

114 2480 401 2554 tinentiam,
433 2486 711 2543 mirentur
740 2488 1114 2562 integritatem
1137 2491 1395 2566 justitiaa,
1421 2497 1695 2553 mirentur

114 2571 292 2630 viscera
320 2576 580 2647 pietatis;
614 2594 712 2651 ego
743 2580 801 2634 in
831 2597 895 2636 eo
937 2598 1047 2638 non
1079 2583 1266 2641 minus
1292 2585 1538 2643 admiror
1568 2603 1696 2645 con-

113 2661 376 2721 fessionem
393 2665 774 2725 humillimam
788 2679 1136 2742 peccatorum
1155 2689 1319 2747 quam
1336 2683 1418 2732 tot
1433 2678 1698 2734 sublimia

113 2759 233 2821 gesta
259 2754 555 2813 virtutum.
590 2758 716 2813 Scio
753 2759 901 2815 enim
933 2761 1083 2833 quod
1112 2779 1207 2834 per
1235 2763 1577 2822 inﬁrmitatis
1605 2783 1695 2822 ve-

112 2842 406 2901 recundiam
486 2846 811 2919 plerumque
889 2849 1158 2920 gravioris
1229 2860 1313 2909 est
1375 2855 1696 2911 certaminis

111 2934 375 2990 commissa
395 2942 622 3007 peccata
652 2935 880 3008 prodere
908 2954 1071 3010 quam
1093 2956 1204 2996 non
1228 2941 1467 2998 admissa
1495 2944 1694 3014 vitare,

109 3026 152 3074 et
166 3020 184 3055 ³
203 3023 635 3097 unumquodque
656 3026 862 3082 malum
886 3028 1141 3099 quamvis
1162 3029 1443 3087 robustius
1465 3033 1693 3103 vitetur,

109 3117 267 3168 tamen
297 3113 572 3170 humilius
606 3115 879 3188 proditur.
912 3118 1112 3174 Beatus
1146 3136 1273 3191 ergo
1303 3120 1428 3190 Job,
1458 3123 1577 3195 qui,
1608 3131 1694 3181 tot

107 3202 290 3272 magnis
308 3205 571 3276 operibus
592 3205 788 3275 fultus,
809 3207 1062 3264 conﬁteri
1080 3208 1297 3280 culpam
1319 3224 1431 3264 non
1448 3211 1692 3282 erubuit,

106 3292 323 3349 ostendit
350 3295 407 3350 in
433 3295 737 3353 virtutibus
754 3313 918 3371 quam
940 3298 1171 3357 humilis
1191 3302 1318 3357 fuit.
1340 3301 1445 3358 Sed
1475 3302 1605 3376 quia
1627 3320 1696 3360 ex

105 3377 405 3443 humilitate
453 3404 583 3444 vera
631 3405 820 3446 secura
850 3407 1064 3463 semper
1093 3393 1392 3450 auctoritas
1423 3394 1695 3463 nascitur,

104 3477 155 3524 ut
183 3479 329 3531 tanto
358 3476 499 3534 foris
527 3480 608 3535 nil
639 3488 870 3549 metuat,
902 3489 1110 3555 quanto
1139 3481 1208 3539 ad
1236 3499 1419 3540 rerum
1447 3484 1696 3541 culmina

102 3560 300 3620 animus
317 3583 413 3638 per
430 3568 685 3626 elationis
697 3568 1034 3626 desiderium
1052 3587 1161 3627 non
1179 3570 1422 3643 anhelat,
1440 3589 1697 3646 expressa

102 3652 427 3717 confessione
452 3661 685 3733 peccati,
717 3669 862 3719 recte
892 3660 1246 3735 subjungitur
1281 3681 1292 3718 :

685 3766 915 3824 CAPUT
946 3768 1100 3825 XVI.

158 3868 324 3928 Vnus.
357 3870 449 3931 34.
472 3904 544 3915 -
565 3875 625 3931 Si
650 3874 845 3946 θη)αυὶ
870 3876 944 3931 ad
967 3876 1361 3934 multitudinem
1382 3878 1626 3949 nimiam,
1648 3887 1699 3937 et

100 3955 329 4030 despectio
344 3965 779 4036 propinquorum
808 3967 997 4024 terruit
1010 3985 1126 4035 me;
1154 3974 1201 4026 et
1218 3986 1325 4025 non
1340 3971 1509 4043 magis
1532 3975 1692 4043 tacui,

100 4060 171 4101 nec
195 4064 436 4123 egressus
460 4071 576 4110 sum
604 4056 817 4113 ostium.

156 4138 236 4196 35.
265 4143 466 4199 Cordis
482 4163 516 4201 a
534 4140 868 4203 terrenarum
881 4164 1065 4204 rerum
1080 4150 1364 4222 cupiditate
1387 4152 1540 4209 liberi
1551 4154 1694 4210 mira

100 4230 350 4288 securitas.
379 4235 511 4302 Qua:
530 4242 748 4293 tamenn
771 4237 1018 4293 custodia:
1045 4239 1328 4312 disciplina
1354 4258 1463 4297 non
1486 4241 1689 4299 eximit.

100 4317 374 4403 f-Magna
415 4331 497 4380 est
550 4326 816 4382 securitas
854 4327 1058 4397 cordis,
1103 4330 1183 4385 nil
1229 4331 1692 4403 concupiscentiae

102 4399 283 4465 habere
303 4413 607 4469 saecularis.
638 4415 776 4472 Nam
803 4416 849 4473 si
881 4416 950 4473 ad
979 4424 1196 4476 terrena
1222 4420 1578 4494 adipiscenda
1598 4438 1693 4479 cor

101 4490 280 4568 inhiat,
343 4518 604 4560 securum
670 4502 1144 4580 tranquillumque
1201 4490 1331 4567 esse
1376 4512 1692 4569 nullatenus

1805 1975 1891 2031 nis
1905 1974 2193 2034 desideriis
2211 1995 2320 2034 non
2338 1979 2668 2050 succumbit,
2687 1981 2781 2039 sed
2798 1984 3191 2056 supereminet,
3204 1993 3267 2041 ut
3282 1984 3415 2043 dum

1805 2081 2020 2139 semper
2033 2074 2270 2125 stantem
2290 2070 2499 2143 appetit
2519 2072 3056 2142 aeternitatem,infra
3076 2075 3151 2131 sit
3170 2075 3222 2132 ei
3248 2089 3415 2131 omne

1805 2155 1952 2228 quod
1982 2157 2202 2214 transit.

1877 2262 1965 2320 36.
2003 2264 2143 2332 Quia
2177 2265 2358 2321 carnis
2386 2265 2723 2340 inﬁrmitates
2755 2276 2801 2325 et
2832 2268 3260 2341 perturbationes
3308 2286 3415 2328 non

1805 2353 2055 2409 excludit.
2105 2355 2286 2411 Sancti
2327 2356 2428 2412 Dei
2474 2358 2612 2414 dono
2651 2359 3135 2432 imperturbabiles,
3180 2362 3411 2433 propria

1804 2442 2115 2517 inﬁrmitate
2130 2445 2626 2516 perturbationibus
2650 2447 2939 2519 subjacent.
2961 2480 3032 2491 —
3052 2451 3255 2507 Tamen
3285 2452 3415 2524 quia

1805 2540 2027 2591 sanctus
2073 2534 2162 2589 vir
2203 2535 2546 2607 quantalibet
2590 2535 2796 2593 virtute
2837 2538 3153 2610 profecerit,
3184 2556 3311 2596 eum
3356 2541 3413 2596 in

1806 2621 1909 2680 hac
1940 2623 2056 2679 vita
2085 2623 2327 2696 positum
2349 2624 2531 2683 adhuc
2550 2625 2894 2684 extrinsecus
2912 2629 3094 2685 carnis
3116 2627 3415 2687 inﬁrmitas

1805 2712 2026 2785 premit,
2056 2721 2119 2770 ut
2155 2715 2421 2788 scripturn
2452 2724 2533 2773 est
2567 2734 2578 2773 :
2615 2718 2932 2789 Quanquam
2960 2717 3016 2773 in
3060 2719 3288 2792 imagine
3314 2721 3419 2777 Dei

1804 2803 2034 2858 ambulet
2062 2804 2236 2869 homo,
2261 2811 2433 2861 tamen
2448 2823 2579 2862 vane
2593 2808 2941 2864 conturbatur
2965 2808 3141 2881 (Psal.
3165 2825 3411 2879 xxxvm,

1806 2890 1886 2964 7),
1935 2891 2260 2963 plerumque
2306 2894 2508 2966 agitur,
2558 2903 2621 2950 ut
2668 2903 2722 2951 et
2760 2896 3015 2953 turbetur
3060 2899 3326 2967 exterius,
3360 2906 3417 2957 et

1806 2977 2277 3051 imperturbabilis
2329 2980 2588 3051 perduret
2648 2982 2915 3051 interius;
2975 2994 3029 3042 et
3066 2986 3216 3059 quod
3272 3005 3415 3046 vane

1804 3068 2121 3127 conturbari
2152 3075 2349 3141 potest,
2382 3068 2450 3126 de
2480 3069 2803 3127 inﬁrmitate
2828 3073 3011 3130 carnis
3041 3074 3135 3143 sit,
3157 3077 3413 3149 quamvis

1804 3156 1951 3233 quod
1992 3158 2048 3214 in
2096 3158 2336 3231 imagine
2370 3158 2469 3216 Dei
2518 3158 2784 3229 ambulat,
2827 3160 2896 3218 de
2938 3162 3145 3220 virtute
3188 3166 3410 3235 mentis,

1724 3256 1769 3318 Ο
1799 3257 2074 3325 quatenus
2091 3255 2145 3303 et
2166 3247 2617 3304 roboreturintus
2638 3249 2831 3305 divino
2850 3250 3209 3323 adjutorio,et
3228 3262 3412 3312 tamen

1806 3341 1991 3399 adhuc
2038 3339 2173 3396 foris
2221 3339 2436 3396 sarcina
2476 3347 2757 3412 prematur
2785 3341 3046 3403 humana.
3079 3346 3235 3403 Unde
3273 3346 3413 3404 bene

1808 3430 2066 3488 Habacuc
2098 3429 2297 3485 iterum
2330 3445 2496 3485 unam
2527 3430 2855 3487 sententiam
2885 3434 3117 3506 protulit
3143 3434 3210 3492 ad
3254 3443 3420 3492 utra-

1806 3536 1911 3594 que
1942 3521 1963 3556 ‘
1996 3518 2349 3575 servientem.
2384 3518 2480 3575 Ait
2522 3520 2669 3577 enim
2703 3538 2714 3577 :
2746 3523 2821 3579 Et
2856 3522 3101 3580 introivit
3130 3531 3328 3581 tremor
3361 3526 3417 3581 in

1805 3628 1925 3668 ossa
1956 3628 2093 3675 mea,
2115 3616 2163 3665 et
2190 3609 2372 3665 subtus
2401 3626 2483 3665 me
2514 3611 2726 3668 turbata
2755 3619 2829 3667 est
2849 3613 3023 3669 virtus
3046 3632 3161 3671 mea
3189 3615 3414 3688 (Habac.

1806 3718 1890 3769 m,
1929 3699 2040 3770 16).
2071 3699 2152 3756 Ac
2197 3699 2243 3755 si
2288 3698 2494 3757 diceret
2529 3718 2541 3756 :
2573 3701 2694 3757 Non
2740 3718 2861 3759 mea
2888 3704 3067 3759 virtus
3096 3711 3178 3760 est
3222 3704 3278 3759 in
3310 3720 3417 3778 qua

1806 3790 2059 3863 superius
2099 3790 2118 3825 δ
2167 3797 2355 3862 raptus
2403 3790 2876 3863 imperturbabilis
2909 3809 3125 3864 maneo,
3159 3796 3181 3831 θ
3210 3801 3264 3850 et
3294 3810 3417 3851 mea

1804 3880 1987 3935 virtus
2013 3886 2093 3936 est
2116 3879 2172 3934 in
2206 3895 2313 3952 qua
2343 3879 2576 3937 inferius
2605 3880 2820 3937 turbor.
2854 3883 2973 3954 Ipse
3006 3898 3135 3955 ergo
3165 3899 3330 3955 super
3358 3898 3414 3938 se

1805 3969 2280 4042 imperturbabilis
2318 3977 2419 4038 est,
2460 3970 2575 4043 ipse
2617 3970 2719 4027 sub
2755 3986 2812 4027 se
2843 3972 3253 4044 perturbabilis,
3283 3973 3414 4048 quia

1804 4076 1968 4133 super
2027 4073 2083 4115 se
2137 4058 2474 4128 ascenderat,
2538 4060 2595 4114 in
2652 4068 2921 4133 quantum
2972 4060 3289 4134 rapiebatur
3341 4064 3414 4123 ad

1803 4163 2051 4215 summa;
2090 4154 2143 4203 et
2185 4147 2287 4204 sub
2330 4147 2622 4220 semetipso
2664 4154 2801 4218 erat,
2836 4149 2893 4204 in
2933 4155 3201 4223 quantum
3231 4149 3415 4208 adhuc

1802 4238 2066 4311 reliquias
2098 4237 2350 4294 trahebat
2378 4238 2434 4293 in
2464 4237 2674 4294 inﬁma.
2699 4239 2818 4310 Ipse
2843 4255 3007 4311 super
3031 4252 3087 4295 se
3117 4239 3410 4313 impertur-

1801 4329 2003 4387 babilis
2033 4338 2135 4399 est,
2163 4330 2293 4403 quia
2324 4329 2379 4386 in
2408 4330 2507 4386 Dei
2532 4328 2648 4402 jam
2677 4331 3201 4403 contemplationem
3232 4341 3409 4391 trans-

1802 4421 1971 4488 ierat;
2005 4421 2121 4495 ipse
2152 4420 2253 4477 sub
2284 4438 2339 4477 se
2369 4420 2780 4494 perturbabilis,
2816 4422 2947 4496 quia
2986 4422 3089 4479 sub
3116 4424 3412 4497 semetipso

1802 4509 1986 4569 adhuc
2026 4510 2281 4567 inﬁrmus
2328 4509 2496 4567 homo
2543 4510 2878 4567 remanebat.
2932 4511 3074 4569 Huic
3123 4514 3411 4569 sententiae

101 4594 280 4703 pqtest,
312 4594 444 4666 quia
462 4603 558 4651 aut
578 4612 689 4652 non
712 4595 901 4654 habita
922 4601 1265 4672 concupiscit
1284 4610 1346 4658 ut
1362 4603 1579 4673 habeat,
1597 4613 1692 4662 aut
1721 4633 1770 4694 D
1800 4600 1981 4701 David
2022 4600 2290 4703 propheta
2318 4600 2636 4703 concinens,
2659 4599 2781 4703 ait:
2966 4599 3086 4703 diri
3112 4601 3171 4656 in
3198 4619 3410 4703 emaciari

102 4673 275 4749 adepta
299 4684 501 4740 metuit
529 4701 597 4742 ne
628 4687 881 4755 amittat;
911 4696 966 4744 et
995 4689 1128 4746 dum
1156 4690 1213 4747 in
1237 4692 1485 4751 adversis
1510 4690 1692 4767 δραι·εῆ
1722 4673 1770 4694 υ
1798 4690 1986 4747 mentis
2012 4707 2137 4746 mea:
2167 4707 2184 4745 :
2221 4690 2401 4746 Omnis
2423 4690 2575 4745 homo
2592 4691 2824 4746 mendax
2848 4690 3021 4763 (Psal.
3046 4706 3176 4760 cxv,
3199 4692 3281 4763 2).
3304 4691 3409 4749 Cui

104 4776 337 4840 prospera
344 4797 361 4841 ,-
383 4774 442 4829 in
463 4776 744 4848 prosperis
760 4776 1027 4833 formidat
1043 4778 1293 4851 adversa,
1317 4782 1428 4841 huc
1445 4784 1688 4858 illucque

105 4859 239 4924 quasi
280 4864 609 4935 quibusdam
654 4866 916 4925 ﬂuctibus
950 4869 1218 4941 volvitur,
1248 4888 1311 4930 ac
1358 4889 1452 4945 per
1497 4874 1689 4932 modos

107 4946 266 5005 Varios
293 4968 479 5010 rerum
508 4956 904 5013 alternantium
936 4958 1307 5017 mutabilitate
1336 4968 1607 5019 versatur.
1631 4961 1689 5019 Si

109 5047 221 5123 fero
244 5046 407 5101 semel
442 5046 499 5101 in
529 5048 867 5120 appetitione
888 5063 1137 5122 supernae
1160 5052 1350 5123 patria:
1372 5052 1503 5108 forti
1524 5052 1689 5109 stabi-

109 5120 243 5183 litate
256 5132 472 5193 animus
493 5134 703 5210 ﬁgitur,
725 5138 911 5195 minus
941 5120 1123 5195 rerum
1151 5120 1540 5212 temporalium
1558 5158 1690 5214 per-

173 5382 501 5470 '.0m_ittitur
524 5395 617 5468 qui
635 5395 822 5455 volunt
843 5396 901 5454 in
920 5392 1051 5456 Mss.
1072 5386 1244 5468 Utic.,
1263 5399 1445 5470 Becc.,
1468 5394 1615 5456 Prat.
1640 5404 1695 5456 et

112 5451 254 5517 Corb.
286 5451 469 5525 Germ.

172 5528 192 5613 Ῐ
217 5533 408 5613 Iidem,
438 5536 846 5613 unumquodque
882 5543 1019 5599 enim
1041 5544 1263 5601 malum.

173 5601 192 5636 ³
217 5604 295 5662 Ita
319 5601 673 5686 Norm.,duo
700 5601 1007 5686 Sangerm.,
1039 5616 1236 5686 Laud.,
1262 5616 1386 5676 Val.
1410 5617 1493 5675 Cl.
1516 5619 1568 5673 et
1597 5616 1695 5685 aL,

176 5689 231 5758 gs
249 5682 497 5758 sequitur
516 5684 667 5741 Edit.
690 5682 939 5743 Bartbol.
961 5682 1051 5743 an.
1079 5682 1239 5758 i494,
1263 5697 1316 5745 et
1336 5688 1507 5746 Paris.
1535 5682 1694 5746 1495;

123 5746 341 5841 tamen:
366 5753 525 5841 1514,
543 5763 597 5812 et
611 5758 966 5841 sequentibus
986 5759 1187 5841 legitur
1200 5746 1701 5841 incommlitabiliter

430 5816 596 5902 Sane
624 5816 875 5902 suspecta
922 5816 1067 5886 mihi
1110 5840 1192 5887 est
1231 5831 1350 5890 haec
1402 5816 1699 5891 Editorum

119 5883 261 5948 lectio
295 5912 305 5952 :
342 5912 469 5954 nam
512 5899 600 5956 vel
634 5883 1583 5962 sanctione;incommutabiﬁDeo
1610 5902 1702 5960 ad-

400 5996 638 6056 PATROL.
684 5999 932 6058 LXXVI.

1798 4781 2117 4853 responderi
2167 4785 2345 4853 potest
2374 4798 2385 4835 :
2420 4780 2501 4838 Si.
2526 4780 2708 4837 omnis
2742 4780 2932 4850 homo,
2963 4788 3017 4837 et
3046 4787 3129 4849 tu,
3163 4780 3410 4853 falsaque

1792 4870 1907 4944 jam
1924 4872 2029 4928 erit
2041 4871 2312 4929 sententia
2328 4885 2492 4943 quam
2515 4870 2751 4926 mendax
2769 4871 2883 4943 ipse
2895 4868 3260 4942 protulisti.Si
3276 4883 3409 4924 vero

1800 4962 1915 5035 ipse
1961 4979 2072 5018 non
2115 4969 2196 5019 est
2230 4959 2489 5030 mendax,
2519 4975 2650 5017 vera
2673 4957 2787 5031 jam
2834 4959 3107 5016 sententia
3134 4973 3246 5012 non
3276 4957 3403 5056 erit,

1801 5041 1933 5125 quia
1960 5050 2092 5108 dum
2118 5058 2180 5106 tu
2207 5065 2379 5107 verax
2404 5067 2483 5120 es,
2506 5064 2617 5106 non
2648 5050 2830 5106 omnis
2861 5049 3029 5104 homo
3055 5043 3408 5117 cognoscitur

1804 5140 2062 5199 mendax.
2092 5141 2198 5199 Sed
2241 5139 2546 5198 notandum
2567 5147 2647 5197 est
2676 5138 2825 5213 quod
2855 5136 3213 5213 praemittitur
3246 5152 3257 5192 :
3290 5137 3405 5207 Ego

1803 5397 2072 5458 haerentes
2097 5394 2208 5471 dici
2238 5414 2349 5455 non
2380 5402 2609 5471 possunt
2636 5396 2693 5453 in
2711 5392 2815 5455 hac
2840 5394 2974 5467 vita,
3009 5390 3404 5471 incommutabi-

1806 5474 1926 5530 titer
1952 5474 2065 5529 Deo
2094 5470 2395 5542 inhaerere;
2406 5470 2547 5528 Vide
2575 5484 2757 5542 supra,
2779 5470 2816 5526 Ι.
2834 5486 2891 5541 v,
2916 5487 3069 5529 num.
3085 5471 3176 5541 b7,
3200 5471 3290 5540 58,
3313 5470 3403 5538 60,

1802 5552 1860 5602 et
1896 5546 1934 5600 l.
1962 5560 2087 5611 vm,
2113 5559 2267 5598 num.
2294 5541 2365 5599 49
2394 5550 2449 5599 et
2475 5542 2566 5599 50.

1876 5619 1899 5652 ‘
1924 5614 2185 5684 Vindoc.,
2222 5621 2531 5685 sequentem.

1875 5688 1897 5726 ⁵
1928 5689 2171 5760 Anglic,
2198 5692 2399 5760 captus.

1879 5762 1901 5797 ⁶
1931 5761 1992 5816 In
2022 5756 2196 5827 Edit.,
2226 5756 2315 5815 sed
2360 5776 2484 5815 mete
2519 5756 2850 5831 infirmitatis
2879 5768 2970 5818 est.
3008 5763 3207 5821 Nostra
3246 5761 3412 5819 lectio

1807 5837 1890 5889 est
1916 5833 2044 5890 Mss.
2077 5831 2264 5903 Angl.,
2296 5831 2509 5899 Norm.,
2536 5830 2733 5900 Laud.,
2766 5833 2890 5889 Val.
2935 5833 3042 5900 CL,
3074 5833 3234 5891 duor.
3268 5835 3416 5890 San—

1810 5920 1984 5976 germ.

3157 6005 3191 6059 8
