3928 6384
427 378 531 436 235

1636 370 1882 429 SANCTI
1919 368 2270 430 GREGORII
2306 367 2534 428 MAGNI

3645 365 3757 424 236

426 501 548 558 dimi
571 500 631 556 in
661 514 872 556 excessu
896 500 1083 556 utentis
1107 513 1252 556 metu.
1280 498 1382 555 Per
1409 513 1692 555 excessum
1722 514 1849 570 ergo
1881 513 2034 554 men-
2059 498 2112 560 A
2143 513 2210 554 ea:
2226 496 2394 553 multo
2417 501 2646 568 tempore
2661 493 2838 552 videre
2856 507 2995 562 eum,
3026 490 3239 564 θορυρά
3264 488 3479 545 audiret
3495 489 3671 546 multa
3689 491 3758 546 de

427 591 498 646 tis
527 589 695 646 etiam
725 589 1085 662 semetipsum
1115 589 1356 658 transiit,
1387 604 1515 645 cum
1535 587 1603 644 de
1629 587 1874 646 hominis
1900 604 2029 660 qua-

429 679 584 734 litate
631 678 908 735 deﬁnivit.
954 681 1035 736 Ac
1067 679 1114 734 si
1154 687 1402 751 patenter
1443 678 1632 734 dicat:
1669 680 1748 734 De
1791 678 2032 734 falsitate

423 769 677 824 omnium
713 769 1005 824 hominum
1054 769 1182 825 inde
1211 785 1398 826 veram
1427 768 1755 823 sententiam
1794 768 2027 839 protuli,

425 857 574 915 unde
599 875 700 930 ego
725 859 837 930 ipse
857 875 1021 931 super
1039 857 1322 914 hominem
1344 857 1448 913 fni.
1477 858 1538 913 In
1564 864 1782 912 tantum
1815 873 1948 912 vero
1977 864 2032 912 et

424 952 540 1024 ipse
559 950 816 1019 mendax,
831 949 888 1006 in
904 958 1171 1023 quantum
1188 950 1356 1007 homo
1373 968 1387 1018 ;
1413 950 1470 1005 in
1493 956 1705 1006 tantum
1719 955 1900 1005 autem
1915 965 2031 1004 om-

423 1041 558 1097 nino
584 1058 693 1097 non
724 1039 981 1110 mendax,
1003 1041 1056 1098 in
1094 1048 1363 1116 quantum
1394 1057 1490 1114 per
1508 1055 1795 1098 excessum
1829 1039 2030 1095 mentis

425 1145 587 1202 super
615 1129 920 1187 hominem.

493 1220 582 1279 37.
625 1221 747 1277 Haec
783 1220 1004 1277 internae
1039 1218 1204 1292 quieti
1249 1225 1299 1276 et
1335 1217 1762 1293 contemplationi
1788 1233 1896 1275 non
1921 1219 2032 1291 olf-

423 1309 754 1368 ciunt.-Sic
775 1309 958 1384 itaque
981 1309 1062 1367 sic
1087 1308 1317 1383 perfecti
1337 1325 1548 1378 omnes,
1571 1307 1826 1382 quamvis
1846 1305 2030 1366 adhuc

425 1401 633 1478 aliquid
646 1402 1027 1461 turbulentum
1038 1403 1105 1460 de
1121 1402 1443 1460 inﬁrmitate
1457 1403 1638 1461 carnis
1650 1400 1926 1474 tolerent,j
1938 1417 2027 1457 am

423 1503 606 1553 tamen
619 1495 952 1553 intrinsecus
964 1493 1426 1569 tranquillissime
1440 1500 1652 1552 secreto
1667 1493 2033 1568 perfruuntur

423 1599 519 1659 per
559 1583 1082 1658 contemplationem
1113 1584 1333 1653 mentis,
1363 1591 1427 1640 ut
1455 1582 1729 1658 quidquid
1762 1581 2030 1642 acciderit

423 1673 690 1741 exterius,
711 1673 769 1729 in
799 1673 957 1730 nullo
983 1671 1168 1729 turbet
1196 1672 1449 1729 interius.
1474 1672 1630 1730 Unde
1657 1673 1851 1730 beatus
1883 1671 1986 1729 Job
2011 1673 2029 1709 ί

335 1787 340 1792 ε
425 1761 774 1820 securitatem
819 1766 1020 1818 sancta
1048 1760 1250 1816 mentis
1293 1760 1606 1830 ostendens,
1640 1769 1934 1836 postquam
1964 1761 2033 1817 de
2085 1782 2087 1785 ί

2147 587 2264 656 illo,
2281 592 2333 642 et
2347 586 2592 658 sperabat
2619 586 2826 658 signum
2855 582 3078 654 aliquod
3091 582 3268 637 videre
3285 580 3350 636 ab
3370 597 3426 636 eo
3447 581 3570 653 fieri
3593 582 3750 652 (Luc.

2142 694 2308 745 χχιιι,
2339 677 2420 748 8).
2453 675 2556 732 Ubi
2587 683 2642 731 et
2668 673 2956 730 subditur:
2984 671 3356 742 Interrogabat
3383 677 3560 728 autem
3593 673 3756 730 illum

2140 767 2325 822 multis
2371 765 2716 829 sermonibus,
2745 770 2804 818 at
2850 763 2959 834 ipse
3003 762 3140 817 nihil
3182 761 3266 816 illi
3309 763 3330 796 ⁵
3375 763 3748 832 respondebat.

2143 857 2350 912 Tacens
2379 872 2512 911 vero
2542 854 2812 910 Dominus
2833 867 2993 923 quam
3013 851 3086 906 sit
3107 850 3396 922 despectus
3415 849 3757 920 ostenditur,

2139 963 2268 1002 cum
2302 945 2420 1000 illic
2455 943 2706 1016 protinus
2734 941 3080 997 subinfertur
3111 958 3122 995 :
3160 943 3182 974 θ
3216 940 3426 1010 Sprevit
3471 940 3622 995 illum
3659 943 3763 996 lle-

2139 1039 2296 1093 rodcs
2324 1053 2442 1092 cum
2469 1034 2703 1090 exercitu
2731 1050 2852 1098 suo,
2883 1038 2932 1086 et
2962 1031 3152 1088 illusit.
3176 1031 3334 1100 Quod
3367 1032 3628 1089 videlicet
3644 1031 3763 1089 fac-

2140 1136 2262 1184 tum
2292 1132 2506 1200 oportet
2536 1140 2637 1179 nos
2665 1122 2952 1180 audientes
2973 1121 3200 1190 discere,
3221 1128 3284 1177 ut
3303 1123 3518 1195 quoties
3538 1121 3766 1178 audito-

2140 1235 2226 1275 res
2252 1216 2430 1274 nostri
2459 1222 2648 1272 nostra
2681 1215 2880 1270 volunt
2909 1213 3066 1286 quasi
3099 1212 3372 1270 laudanda
3399 1229 3759 1286 cognoscere,

2140 1322 2254 1364 non
2294 1313 2479 1362 autem
2507 1321 2608 1362 sua
2636 1318 2895 1378 perversa
2926 1310 3158 1371 mutare,
3190 1303 3421 1359 omnino
3451 1310 3760 1372 taceamus,

2142 1413 2211 1453 ne
2255 1395 2304 1454 si
2330 1394 2717 1452 ostentationis
2747 1393 2933 1450 studio
2971 1393 3202 1451 verbum
3232 1393 3333 1450 Dei
3363 1393 3667 1466 loquimur,
3703 1401 3767 1450 et

2142 1487 2368 1544 illorum
2415 1486 2580 1558 culpa
2619 1501 2741 1558 quas
2771 1491 2888 1540 erat
2917 1501 3034 1542 esse
3065 1499 3177 1540 non
3206 1481 3440 1552 desinat,
3477 1488 3533 1540 et
3562 1489 3764 1541 nostra

2141 1593 2264 1651 qua;
2293 1592 2404 1632 non
2434 1582 2551 1633 erat
2580 1574 2697 1632 ﬁat.

2215 1666 2354 1741 [Vet.
2387 1667 2440 1723 X
2447 1665 2552 1725 VII
2555 1663 2594 1739 .]
2628 1666 2717 1722 39.
2755 1663 2900 1723 Unde
2927 1661 3058 1720 sciri
3086 1669 3244 1736 queat
3269 1667 3453 1719 utrum
3479 1663 3763 1723 auditores

2141 1772 2208 1812 ea:
2228 1754 2644 1828 prmdicatorum
2674 1753 2917 1810 doctrina
2927 1753 3235 1827 proﬁciant.
3262 1752 3403 1822 Quid
3417 1753 3488 1809 sit
3515 1754 3666 1826 loqui
3692 1771 3765 1812 ea:

425 1865 484 1908 se
527 1855 611 1906 tot
656 1848 928 1905 virtutum
982 1846 1408 1922 prmdicamenta
1446 1849 1698 1922 protulit,
1744 1849 1852 1908 hoc
1883 1847 2032 1924 quod
2066 1867 2114 1929 Β
2142 1845 2254 1903 Deo
2298 1851 2346 1901 et
2383 1861 2567 1901 coram
2606 1844 2737 1900 Deo.
2768 1875 2840 1888 —
2867 1843 3026 1902 Dicat
3054 1843 3284 1900 fortasse
3314 1843 3518 1917 aliquis
3551 1861 3562 1898 :
3597 1843 3767 1901 Unde

426 1938 796 2015 praemisimus
817 1944 1057 2007 secutus,
1088 1935 1366 2010 adjunxit.
1401 1936 1541 2014 [νει.
1563 1939 1714 2006 XVI,
1745 1939 1865 1998 Hec.
1899 1938 2028 2014 XL]

427 2029 490 2089 Si
529 2029 722 2104 εωραυὶ
757 2029 829 2088 ad
856 2029 1252 2087 multitudinem
1277 2029 1522 2097 nimiam,
1551 2037 1600 2086 et
1626 2031 1882 2104 despectio
1905 2047 2033 2103 pro-

420 2125 750 2201 pinquorum
795 2124 940 2184 ’716
983 2126 1175 2183 terruit
1204 2142 1316 2193 me;
1339 2131 1387 2184 et
1413 2144 1518 2184 non
1545 2127 1714 2200 magis
1745 2125 1913 2194 tacui,
1945 2143 2036 2184 nec

427 2236 663 2290 egressus
691 2235 807 2276 sum
833 2217 1046 2276 ostium.
1077 2219 1160 2276 Ac
1194 2217 1242 2274 si
1271 2218 1515 2291 apertius
1544 2215 1694 2276 dicat
1731 2235 1742 2276 :
1777 2216 2035 2276 Turbatis

427 2317 618 2369 contra
658 2325 745 2366 me
789 2309 1134 2368 extrinsecus
1171 2307 1316 2378 aliis,
1349 2309 1466 2382 ipse
1493 2309 1552 2366 in
1587 2325 1674 2367 me
1699 2309 2036 2368 intrinsecus

429 2399 899 2476 imperturbabilis
949 2399 1145 2456 mansi.
1192 2397 1337 2468 Quid
1377 2414 1616 2474 namque
1668 2399 1724 2456 in
1773 2399 1882 2457 hoc
1911 2399 2036 2458 loco

427 2489 632 2549 ostium
661 2489 773 2548 nisi
801 2507 862 2547 os
902 2487 1166 2546 debemus
1193 2489 1440 2562 accipere
1461 2489 1489 2546 ‘I
1521 2490 1542 2524 ³
1571 2489 1673 2546 Per
1699 2486 1806 2546 hoc
1830 2488 2036 2563 quippe

427 2580 586 2656 quasi
631 2577 963 2654 egredimur,
994 2578 1127 2636 dum
1156 2577 1342 2637 verbis
1371 2578 1572 2654 quibus
1601 2596 1900 2653 possumus
1939 2594 2038 2636 se-

427 2674 580 2730 creta
612 2668 789 2726 nostri
822 2667 1005 2726 cordis
1045 2665 1354 2741 aperimus;
1401 2675 1456 2725 et
1501 2669 1691 2742 quales
1722 2667 1877 2727 intus
1905 2685 2034 2726 ma—

429 2775 626 2818 nemus
654 2758 712 2816 in
741 2755 1098 2827 conscientia,
1120 2758 1257 2816 tales
1283 2757 1430 2816 foras
1458 2756 1774 2832 egredimur
1804 2776 1902 2834 per
1931 2759 2035 2816 lin-

431 2862 615 2926 gnam.

499 2939 589 2998 38.
640 2938 821 3000 Sancti
863 2937 1222 2996 commotionis
1269 2943 1498 3012 tempore
1523 2937 1699 2996 silent.
1729 2938 1886 2996 Secus
1911 2939 2032 2996 alii.

429 3029 724 3096 Silendum,
769 3028 878 3084 nisi
916 3029 1170 3101 loquendo
1207 3027 1334 3086 aliis
1365 3028 1616 3102 prodesse
1637 3029 1923 3102 possimus.
1965 3056 2036 3072 --

427 3120 568 3179 Sunt
597 3133 729 3177 vero
758 3117 1016 3178 nonnulli
1042 3119 1138 3194 qui
1169 3117 1398 3176 omnino
1425 3117 1634 3192 despici
1664 3124 1941 3186 metuunt,
1973 3135 2038 3177 ac

2143 1935 2402 1994 novimus
2418 1952 2527 2010 quo
2545 1935 2710 1994 corde
2727 1935 2854 2010 quis
2875 1935 3065 1993 audiat
3085 1935 3114 1992 7
3141 1934 3247 1992 Sed
3277 1935 3454 1992 multa
3479 1942 3611 1992 sunt
3631 1951 3768 2010 quas

2144 2025 2420 2084 audientis
2467 2025 2714 2082 animum
2762 2025 3022 2098 produnt,
3075 2025 3318 2082 maxime
3364 2025 3412 2082 si
3467 2025 3769 2084 auditores

2143 2115 2318 2174 nostri
2348 2122 2404 2173 et
2432 2131 2648 2188 semper
2676 2114 2902 2171 laudant
2929 2113 3078 2188 quod
3106 2113 3362 2184 audiunt,
3382 2122 3438 2172 et
3464 2131 3767 2190 nunquam

2145 2207 2292 2284 quod
2320 2207 2548 2265 laudant
2579 2215 2904 2282 sequuntur.
2929 2207 3083 2264 Hanc
3103 2207 3323 2264 inanem
3353 2207 3620 2282 loquendi
3642 2208 3768 2282 glo-

2144 2299 2284 2356 riam
2314 2298 2640 2373 praedicator
2669 2297 2919 2371 egregius
2948 2297 3181 2371 fugerat,
3203 2315 3330 2356 cum
3360 2298 3614 2356 dicebat:
3635 2300 3768 2358 Non

2144 2391 2279 2448 enim
2301 2406 2480 2446 sumus
2495 2389 2632 2445 sicut
2643 2389 2890 2462 plurimi,
2909 2389 3269 2446 adulterantes
3282 2390 3498 2446 verbum
3512 2390 3616 2447 Dei
3631 2406 3652 2456 ;
3672 2391 3770 2447 sed

2144 2500 2210 2539 ea:
2247 2481 2566 2546 sinceritate,
2597 2481 2732 2535 sicut
2761 2497 2829 2536 ea:
2856 2481 2990 2546 Deo,
3009 2497 3189 2536 coram
3216 2481 3326 2537 Deo
3357 2481 3411 2535 in
3437 2481 3652 2539 Christo
3688 2485 3770 2540 lo-

2145 2573 2380 2646 quimur.
2412 2571 2727 2629 Adulterari
2757 2587 2994 2646 namque
3025 2571 3254 2628 verbum
3276 2571 3396 2641 Dei,
3427 2579 3512 2629 est
3542 2580 3641 2630 aut
3659 2574 3768 2630 ali-

2144 2671 2228 2721 ter
2255 2662 2323 2721 de
2355 2664 2452 2720 illo
2481 2663 2683 2720 sentire
2714 2679 2878 2737 quam
2908 2671 3010 2731 est,
3043 2669 3138 2720 aut
3167 2679 3234 2719 ex
3255 2678 3319 2719 eo
3343 2679 3455 2719 non
3477 2663 3769 2736 spiritales

2145 2754 2376 2824 fructus,
2410 2753 2505 2812 sed
2533 2753 2873 2812 adulterinos
2903 2753 3048 2810 fetus
3077 2769 3318 2827 quaerere
3349 2753 3530 2812 laudis
3559 2753 3766 2812 buma-

2145 2862 2249 2904 nae.
2283 2847 2371 2902 Ex
2399 2844 2714 2902 sinceritate
2744 2859 2876 2900 vero
2907 2842 3080 2918 loqui,
3111 2849 3193 2900 est
3221 2844 3300 2900 nil
3332 2842 3390 2900 in
3411 2844 3642 2918 eloquio
3662 2861 3765 2903 ex-

2145 2953 2228 3003 tra
2249 2961 2415 3020 quam
2436 2949 2683 3017 oporteat
2702 2958 2963 3016 quaerere.
2989 2940 3136 2998 717
3150 2942 3306 3000 Sicut
3333 2959 3403 3000 ex
3420 2945 3537 3001 Deo
3566 2950 3766 3020 autem

2145 3034 2395 3108 loquitur
2415 3033 2510 3108 qui
2527 3033 2632 3090 scit
2651 3049 2760 3088 non
2779 3048 2835 3088 se
2851 3049 2883 3088 a
2901 3049 2958 3088 se
2973 3031 3194 3100 habere,
3216 3031 3312 3088 sed
3339 3049 3410 3089 ex
3439 3035 3556 3091 Deo
3584 3049 3767 3093 acce-

2145 3126 2286 3199 pisse
2302 3124 2450 3199 quod
2467 3123 2624 3180 dicit.
2649 3123 2845 3181 Coram
2861 3124 2974 3179 Deo
2993 3139 3125 3180 vero
3143 3123 3390 3197 loquitur
3405 3123 3501 3198 qui
3523 3121 3583 3182 in
3599 3127 3766 3185 omni

429 3224 498 3269 ne
535 3209 676 3302 viles
715 3207 946 3267 fortasse
971 3207 1312 3302 judicentur,
1345 3209 1621 3302 sapientes
1647 3207 1827 3302 videri
1857 3225 2033 3282 appe-
2063 3239 2108 3302 ο
2145 3215 2293 3290 quod
2312 3214 2469 3284 dicit,
2496 3230 2607 3270 non
2637 3212 2910 3302 humanos
2938 3211 3154 3270 favores
3174 3213 3400 3286 appetit,
3433 3213 3530 3272 sed
3559 3217 3768 3274 omni-

427 3306 574 3359 tunt.
606 3299 676 3358 Hi
705 3306 978 3374 coguntur
1001 3299 1206 3356 ostium
1231 3298 1437 3372 egredi,
1461 3299 1592 3372 quia
1609 3299 1812 3372 pulsati
1842 3306 2033 3358 contu-

429 3391 632 3461 meliis,
647 3406 815 3465 quam
835 3387 1023 3462 magni
1041 3387 1188 3461 apud
1207 3404 1265 3444 se
1284 3389 1492 3445 lateant
1514 3388 1802 3462 loquentes
1817 3388 2033 3446 denun-

429 3480 589 3538 tiant.
613 3482 866 3554 Dumque
891 3494 988 3552 per
1013 3478 1414 3550 impatientiam
1437 3477 1574 3534 victi
1605 3478 1855 3552 quaedam
1884 3478 1952 3536 de
1977 3496 2034 3537 se

429 3585 552 3644 quae
579 3569 964 3628 nesciebantur
992 3567 1252 3642 produnt,
1275 3575 1537 3642 tanquam
1566 3584 1664 3642 per
1690 3569 1801 3626 oris
1830 3569 2033 3626 ostium

429 3656 808 3732 egrediuntur.
831 3658 986 3715 Unde
1015 3657 1206 3716 beatus
1223 3657 1325 3715 Job
1346 3658 1595 3717 dicturus
1620 3659 1767 3734 quod
1795 3661 1906 3718 oris
1936 3678 2036 3719 os-

431 3749 574 3806 tium
595 3763 706 3805 non
726 3747 922 3806 fuisset
940 3765 1205 3823 egressus,
1223 3749 1361 3808 bene
1375 3751 1644 3824 praemisit
1670 3769 1682 3807 :
1715 3751 2036 3825 Tacui,quia

432 3839 692 3898 videlicet
731 3841 1080 3915 impatientia
1117 3840 1368 3899 turbatus
1414 3859 1446 3898 a
1474 3839 1641 3898 domo
1683 3841 2033 3899 conscientiae

431 3929 708 4001 exisset,si
735 3937 917 3989 tacere
943 3932 1222 3990 nescisset.
1251 3931 1395 4006 [Rea
1427 3932 1544 3989 XII
1546 3931 1587 4007 .]
1609 3931 1796 3990 Sancti
1825 3931 2032 3988 etenim

431 4019 540 4076 viri
568 4019 627 4076 in
656 4021 1050 4079 commotionis
1078 4022 1382 4079 tentatione
1397 4021 1724 4094 semetipsos
1745 4021 2034 4078 ostendere

429 4109 662 4166 omnino
687 4111 990 4184 refugiunt,
1025 4119 1080 4168 et
1105 4129 1234 4170 cum
1266 4110 1622 4169 audientibus
1654 4110 1910 4185 prodesse
1941 4125 2032 4166 ne-

431 4209 661 4276 queunt,
684 4203 850 4258 etiam
879 4203 1086 4276 despici
1110 4212 1352 4262 tacentes
1379 4205 1596 4273 volunt,
1627 4223 1697 4263 ne
1725 4206 1793 4264 de
1820 4205 2034 4278 sapien-

431 4290 525 4346 tite
572 4305 684 4347 sua:
730 4293 1096 4350 ostentatione
1145 4293 1467 4365 glorientur.
1528 4294 1776 4367 Cumque
1816 4291 2032 4367 aliquid

433 4379 629 4436 dicunt
668 4379 985 4453 prudenter,
1032 4397 1141 4437 non
1172 4389 1428 4454 quaerunt
1463 4381 1694 4455 gloriam
1724 4399 1903 4452 suam,
1933 4383 2031 4441 sed

431 4468 748 4526 auditorum
769 4469 963 4526 vitam.
986 4469 1124 4528 Cum
1145 4487 1278 4527 vero
1305 4471 1653 4544 conspiciunt
1672 4472 1802 4546 quia
1822 4471 2034 4529 audito-

433 4575 559 4616 rum
607 4559 780 4616 vitam
815 4557 1090 4633 loquendo
1129 4560 1331 4618 lucrari
1359 4578 1471 4620 non
1520 4570 1770 4636 possunt,
1800 4563 2032 4621 tacendo

433 4645 779 4706 abscondunt
805 4648 1091 4706 scientiam
1120 4666 1296 4708 suam.
1323 4653 1344 4690 ³
1367 4651 1455 4709 Ad
1478 4649 1804 4710 imitandam
1833 4653 2035 4727 quippe

433 4737 608 4795 vitam
634 4737 881 4808 Domini,
915 4739 1071 4813 quasi
1099 4737 1168 4796 ad
1195 4741 1472 4815 quoddam
1504 4741 1663 4799 nobis
1690 4743 2034 4816 propositum

434 4827 654 4900 signum
671 4827 966 4886 currimus.
987 4829 1108 4903 Ipse
1135 4830 1304 4900 enim,
1329 4832 1460 4905 quia
1475 4831 1748 4888 Herodem
1763 4831 1908 4888 vidit
1922 4848 2035 4888 non

433 4917 742 4992 profectum
763 4933 1026 4992 quaerere,
1059 4921 1155 4977 sed
1183 4921 1338 4994 signa
1353 4922 1439 4978 vel
1457 4919 1746 4978 scientiam
1767 4921 1909 4978 velle
1925 4920 2034 4978 mi-

433 5010 562 5080 rari,
587 5011 885 5084 requisitas
907 5009 975 5068 ab
991 5026 1055 5068 eo
1071 5011 1264 5080 tacuit,
1286 5018 1341 5068 et
1360 5011 1489 5084 quia
1506 5018 1820 5070 constanter
1837 5012 2031 5082 tacuit,

433 5098 502 5155 ab
531 5117 596 5157 eo
621 5099 818 5158 irrisus
844 5099 1042 5156 exivit.
1075 5100 1354 5172 Scriptum
1385 5116 1622 5174 namque
1649 5111 1730 5160 est
1755 5119 1766 5159 :
1799 5100 2034 5159 Herodes

433 5194 629 5260 autem,
648 5191 760 5248 uiso
774 5191 922 5262 Iesu,
935 5189 1150 5263 gavisus
1168 5196 1244 5247 est
1264 5191 1285 5228 ⁸
1301 5191 1456 5249 valde
1473 5208 1494 5258 ,'
1523 5197 1640 5248 erat
1659 5192 1798 5249 enim
1815 5191 2033 5266 cupiens

513 5429 530 5474 ί
559 5423 690 5506 Ed.,
721 5428 1050 5494 securitatem
1079 5429 1133 5495 in
1173 5448 1227 5496 se
1270 5447 1376 5495 esse
1399 5430 1586 5496 mentis
1613 5428 1917 5506 ostendens;
1960 5429 2033 5495 1e-

477 5509 637 5580 imus,
670 5509 999 5564 securitatem
1030 5517 1222 5568 sancta:
1256 5511 1463 5580 mentis,
1503 5519 1634 5580 ete.,
1665 5511 1722 5568 in
1771 5509 2032 5577 Vindoc.,

483 5579 716 5653 audun.,
744 5580 867 5653 Val.
901 5581 1008 5651 CL,
1037 5583 1226 5640 Norm.
1249 5579 1525 5650 omnibus,
1559 5579 1726 5639 duob.
1749 5582 2031 5653 Sangegrm.

513 5653 536 5728 ξ
569 5652 816 5728 liceant,
846 5651 950 5710 hac
977 5654 1232 5724 lectione,
1256 5669 1377 5728 quae
1395 5663 1478 5712 est
1495 5657 1622 5713 Mss.
1645 5661 1701 5712 et
1721 5658 1832 5708 vet.
1853 5651 2030 5720 Edit.,

439 5723 649 5792 relicta,
681 5723 886 5797 habent
909 5742 1010 5797 per
1035 5742 1113 5797 os.

510 5797 533 5832 ³
560 5797 645 5854 Ita
681 5795 1204 5865 Turon.,*Vindoc.,
1235 5796 1433 5865 Laud.,
1463 5798 1654 5855 Norm.
1685 5813 1894 5867 omnes,
1925 5795 2036 5854 duo

437 5868 720 5941 Sangerm.
752 5869 813 5925 In
843 5867 1045 5937 Editis,
1075 5867 1149 5924 ad
1173 5867 1490 5928 imitandum
1513 5868 1704 5943 quippe
1729 5869 1892 5928 viam.

2065 4615 2116 4675 D

2142 3306 2384 3380 potentis
2411 3303 2512 3362 Dei
2544 3303 2846 3376 praesentiae
2872 3301 3148 3372 intendit;
3184 3320 3296 3361 non
3334 3319 3510 3374 suam,
3545 3305 3646 3363 sed
3661 3323 3767 3365 au-

2141 3395 2312 3453 ctoris
2361 3393 2594 3467 gloriam
2643 3391 2894 3466 requirit.
2929 3391 3034 3460 Qui
3077 3399 3262 3450 autem
3291 3393 3396 3451 scit
3424 3393 3653 3468 quidem
3685 3413 3765 3454 ex

2141 3487 2256 3541 Deo
2287 3501 2343 3540 se
2373 3482 2644 3555 accepisse
2673 3481 2821 3555 quod
2851 3481 3008 3550 dicit,
3042 3489 3096 3539 et
3123 3488 3308 3538 tamen
3343 3482 3580 3541 dicendo
3612 3502 3768 3558 pro-

2142 3573 2320 3647 priam
2351 3571 2581 3646 gloriam
2598 3571 2816 3646 quaerit,
2835 3571 2979 3628 sicut
3007 3589 3077 3628 ex
3093 3574 3206 3631 Deo
3235 3571 3502 3647 loquitur,
3520 3573 3618 3631 sed
3640 3591 3768 3633 non

2140 3681 2328 3722 coram
2357 3665 2489 3731 Deo,
2523 3662 2653 3737 quia
2679 3679 2805 3720 eum
2837 3677 2999 3736 quem
3029 3661 3186 3720 cordi
3215 3679 3318 3720 suo
3346 3679 3458 3720 non
3489 3666 3769 3738 proponit

2140 3770 2267 3811 cum
2298 3753 2562 3828 praedicat
2591 3751 2748 3826 quasi
2777 3751 3058 3808 absentem
3089 3758 3266 3825 putat.
3297 3752 3404 3810 Sed
3432 3754 3612 3811 sancti
3642 3754 3767 3813 viri

2140 3851 2195 3902 et
2221 3861 2294 3902 ex
2319 3846 2435 3902 Deo
2465 3844 2788 3918 loquuntur,
2813 3850 2867 3900 et
2898 3859 3082 3900 coram
3111 3844 3246 3914 Deo,
3269 3843 3400 3917 quia
3425 3851 3482 3901 et
3509 3843 3580 3902 ab
3609 3859 3678 3902 eo
3699 3864 3770 3904 se

2140 3934 2324 3992 sciunt
2353 3933 2555 3991 habere
2585 3933 2734 4008 quod
2753 3931 2968 4002 dicunt,
2992 3940 3046 3990 et
3062 3933 3244 4006 ipsum
3264 3933 3380 3991 suis
3399 3935 3770 3994 sermonibus

2140 4024 2328 4082 adesse
2351 4022 2597 4098 judicem
2627 4025 2646 4059 "
2679 4023 3098 4098 auditoremque
3116 4023 3488 4083 considerant.
3509 4022 3672 4082 Unde
3691 4027 3772 4085 ﬁt

2141 4124 2205 4174 ut
2245 4133 2371 4174 cum
2414 4131 2471 4174 se
2517 4131 2550 4172 a
2593 4115 2866 4189 proximis
2913 4115 3122 4190 despici
3164 4123 3489 4191 agnoscunt,
3541 4135 3769 4194 suaque

2140 4207 2290 4264 dicta
2339 4207 2467 4264 vitae
2507 4205 2855 4264 audientium
2901 4223 3014 4264 non
3070 4207 3348 4280 prodesse,
3405 4207 3772 4269 abscondant

2141 4303 2357 4372 quantae
2400 4295 2624 4353 virtutis
2653 4294 2784 4366 sint,
2817 4313 2887 4355 ne
2923 4295 2972 4354 si
3002 4305 3272 4355 secretum
3303 4297 3488 4355 cordis
3516 4297 3768 4357 inutili-

2139 4393 2224 4444 ter
2295 4403 2478 4443 sermo
2533 4387 2778 4460 prolatus
2833 4386 3058 4461 aperiat,
3104 4387 3178 4447 ad
3239 4387 3462 4446 inanem
3518 4389 3769 4464 gloriam

2142 4484 2482 4551 prorumpat.

2218 4567 2307 4624 40.
2352 4567 2450 4624 Job
2495 4566 2568 4623 ad
2607 4583 2732 4624 suas
2764 4567 2984 4625 virtutes
3011 4567 3344 4638 narrandas,
3381 4583 3473 4628 nec
3499 4569 3774 4646 superbia

2147 4673 2238 4714 nec
2265 4656 2595 4730 impatientia
2622 4657 2800 4732 coegit.
2818 4687 2890 4700 --
2907 4659 3106 4716 Beatus
3135 4658 3306 4732 igitur
3334 4659 3438 4718 Job
3466 4657 3615 4719 inter
3647 4663 3770 4720 ob-

2144 4746 2372 4804 stinatas
2418 4755 2630 4804 mentes
2657 4763 2770 4805 non
2799 4756 3062 4822 appetens
3091 4763 3162 4806 ex
3189 4749 3418 4807 virtutis
3446 4767 3563 4808 suae
3592 4759 3770 4826 pate-

2142 4835 2382 4894 factione
2422 4837 2741 4906 clarescere,
2772 4837 2850 4894 ait
2883 4857 2895 4894 :
2933 4839 2992 4896 Si
3019 4837 3274 4912 despectio
3319 4841 3767 4915 propinquorum

2144 4926 2336 4982 terruit
2348 4943 2450 4994 me,
2467 4931 2516 4982 et
2529 4943 2636 4982 non
2653 4927 2822 4999 magis
2844 4927 3005 4996 tacui,
3020 4945 3112 5000 nec
3140 4945 3377 5002 egressus
3400 4947 3518 4987 sum
3537 4933 3762 4992 ostium.

2142 5015 2248 5086 Qui
2264 5017 2414 5074 enim
2431 5031 2529 5090 per
2547 5015 2921 5075 humilitatem
2941 5018 3154 5077 solidus
3173 5035 3521 5094 nequaquam
3542 5021 3762 5096 despici

2141 5106 2352 5177 timuit,
2383 5107 2536 5165 hunc
2555 5114 2618 5164 ut
2649 5107 2798 5166 foras
2821 5108 3010 5182 lingua
3029 5107 3253 5182 ejiceret
3272 5109 3628 5184 impatientia
3641 5129 3759 5170 non

2141 5196 2328 5254 evicit.
2349 5195 2452 5255 Ubi
2473 5196 2614 5254 bene
2635 5197 3028 5271 praemittitur:
3055 5199 3115 5258 Si
3141 5199 3334 5275 capaci
3361 5201 3434 5258 ad
3457 5202 3763 5266 multitudi-

2215 5423 2237 5506 θ
2266 5430 2430 5506 Deest
2455 5425 2610 5490 valde
2638 5424 2695 5489 in
2725 5426 2872 5506 plur.

2214 5505 2236 5580 ξ
2267 5505 2381 5580 ᾼΙ.,
2408 5506 2698 5580 respondit.

2215 5577 2237 5651 ξ
2265 5569 2565 5651 ρεξῂιβῐίᾳι
2593 5577 2704 5634 duo
2731 5575 3038 5651 Sangerm._,
3071 5569 3270 5651 Sprevit
3297 5583 3475 5635 autem
3500 5572 3684 5640 illam.

2214 5647 2235 5683 ⁷
2264 5647 2436 5718 Editi,
2468 5647 2886 5722 adiutoremque,
2917 5647 3127 5722 quibus
3148 5651 3498 5722 praetulimus
3525 5651 3761 5712 Codices

2144 5735 2314 5776 manu
2351 5727 2602 5778 exaratos
2642 5719 2834 5793 Angl.,
2861 5719 3076 5790 N6rm.,
3107 5719 3304 5792 Laud,
3338 5729 3394 5780 et
3435 5723 3580 5782 duos
3610 5727 3761 5784 San-

2145 5805 2316 5865 germ.
