3928 6378
149 364 251 422 237

940 371 1312 433 MORALIUM
1354 375 1486 434 LIB.
1528 375 1706 438 XXII.
1748 408 1819 424 -—
1859 383 1929 440 IN
1967 385 2194 442 CAPUT
2234 387 2422 446 XXXI
2461 392 2522 446 Β.
2564 393 2704 448 .IOB.

3379 404 3486 460 238

147 507 268 547 nem
297 489 548 560 naniam,
581 499 643 548 ut
669 491 830 565 cujus
853 499 1180 555 constantiae
1211 499 1382 558 fuerit
1422 512 1766 578 agnoscatur,
1797 523 1846 582 Α
1885 510 2134 568 mortalis
2157 519 2211 568 et
2225 510 2432 584 justus,
2451 517 2547 587 qui
2583 523 2638 571 et
2667 524 2900 576 mortem
2920 519 3286 584 haberetcum
3303 525 3482 585 homi-

148 583 282 657 quia
297 581 578 641 -videlicet
606 601 953 660 nequaquam
1003 597 1174 648 terret
1220 594 1466 651 exterius
1502 612 1772 656 numerus

149 674 466 742 hominum,
499 691 666 748 quem
698 693 808 732 non
838 677 1089 736 devastat
1127 682 1361 740 interius
1403 685 1566 742 turba
1593 687 1772 743 vitio—

152 782 298 820 rum.
327 765 390 819 In
422 763 528 820 hac
553 767 759 821 etenim
783 767 919 836 vita,
944 771 1040 842 qui
1072 773 1228 828 nulla
1257 789 1516 847 prospera
1541 778 1766 849 appetit,

151 855 308 908 nulla
337 855 528 925 procul
559 855 736 911 dubio
770 857 1000 915 adversa
1026 862 1386 933 pertimescit.

219 943 313 1000 ’rI.
349 947 480 1012 Qua:
507 945 572 999 de
616 964 671 1000 se
707 955 902 1003 narrat
946 950 1067 1016 Job,
1109 953 1172 1007 de
1213 953 1424 1010 Christo
1453 958 1578 1008 sunt
1606 953 1771 1011 intel-

154 1034 386 1107 ligenda.
420 1066 493 1076 —
519 1037 653 1103 Quae
684 1037 898 1096 scilicet
925 1039 1094 1097 verba
1120 1041 1165 1098 si
1188 1041 1258 1099 ad
1279 1043 1621 1101 intellectum
1651 1062 1769 1118 my-

151 1126 357 1181 sticum
385 1125 782 1197 pertrahimus,
817 1127 874 1183 in
899 1128 979 1186 eis
1003 1129 1170 1187 citius
1196 1133 1571 1204 Operationem
1592 1134 1767 1191 nostri

150 1217 538 1290 Redemptoris
557 1217 893 1275 invenimus.
914 1220 1033 1292 Ipse
1049 1221 1250 1295 quippe
1265 1223 1334 1280 ad
1351 1222 1768 1282 multitudinem

151 1306 388 1363 nimiam
415 1322 528 1364 non
551 1306 799 1380 expavit,
827 1309 922 1380 qui
944 1317 1323 1382 persecutores
1350 1329 1478 1370 suos
1507 1329 1636 1370 cum
1657 1314 1766 1386 gla-

153 1397 266 1454 diis
303 1405 358 1454 et
398 1397 642 1454 fustibus
692 1399 976 1457 venientes
1016 1417 1128 1458 una
1161 1409 1378 1461 tantum
1411 1403 1766 1476 responsione

157 1487 414 1560 perculit,
445 1487 638 1546 dicens
664 1505 676 1544 :
700 1489 814 1561 Ego
833 1506 950 1545 sum
971 1490 1154 1564 (Joan.
1173 1509 1336 1562 xvm,
1365 1494 1445 1569 6).
1474 1495 1659 1567 Ipsum
1674 1494 1764 1551 dc-

156 1579 367 1652 spectio
396 1579 836 1652 propinquorum
873 1598 985 1638 non
1013 1585 1231 1654 terruit,
1266 1585 1361 1660 qui
1389 1602 1492 1642 nos
1521 1585 1589 1643 ab
1613 1593 1765 1642 aeter-

160 1669 249 1724 nis
277 1669 570 1742 suppliciis
599 1668 862 1739 liberans,
895 1672 1104 1744 palmas
1132 1674 1190 1729 in
1214 1675 1353 1732 facie
1381 1675 1764 1749 aequanimiter

157 1758 389 1831 accepit.
423 1761 544 1832 Ipse
573 1763 766 1831 tacuit,
796 1770 851 1820 et
881 1764 1086 1822 ostium
1115 1781 1362 1838 egressus
1391 1783 1503 1822 non
1531 1775 1632 1836 est,
1666 1767 1760 1840 qui

157 1847 264 1904 sub
289 1848 409 1922 ipsa
421 1847 538 1922 jam
555 1849 693 1908 hora
719 1853 988 1925 passionis
1011 1871 1140 1912 cum
1160 1855 1523 1914 humanitatis
1543 1857 1763 1914 inﬁrma

157 1945 457 2012 pateretur,
489 1940 804 2000 divinitatis
832 1960 944 2000 suae
978 1945 1280 2016 potentiam
1319 1947 1334 1980 ¹
1367 1961 1622 2003 exercere
1652 1963 1765 2004 no-

161 2029 286 2100 luit.
327 2029 621 2087 Mediatori
652 2033 853 2106 quippe
873 2035 972 2090 Dei
1003 2043 1058 2091 et
1083 2034 1376 2092 hominum
1403 2036 1560 2110 quasi
1591 2036 1775 2109 egredi

161 2119 370 2177 ostium
400 2119 614 2191 fuisset,
647 2122 693 2178 si
720 2139 846 2180 cum
877 2131 1154 2182 teneretur
1173 2135 1235 2183 ut
1255 2127 1442 2196 homo,
1467 2128 1488 2162 ³
1511 2128 1776 2201 majesta—

159 2209 232 2265 tis
259 2225 374 2265 suas
396 2211 699 2283 potentiam
731 2213 998 2271 voluisset
1026 2216 1333 2286 ostendere,
1367 2226 1421 2274 et
1451 2233 1546 2290 per
1569 2217 1772 2274 divini-

161 2301 289 2356 tatis
320 2301 759 2374 magnitudinem
793 2313 1059 2378 snsceptae
1079 2309 1262 2364 carnis
1279 2307 1500 2364 inﬁrma
1519 2309 1772 2366 transire.

162 2389 232 2447 Ut
254 2389 409 2446 enim
457 2398 676 2463 apertus
724 2392 893 2450 homo
942 2397 1083 2452 mori
1127 2405 1328 2470 posset,
1383 2400 1529 2455 Deus
1571 2399 1776 2455 mansit

168 2481 422 2537 occultus
455 2498 468 2538 :
505 2482 643 2550 Quia
678 2483 726 2539 si
765 2485 1140 2556 cognovissent,
1180 2505 1455 2560 nunquam
1489 2489 1777 2545 Dominum

166 2569 353 2640 gloria
369 2571 760 2644 cruciﬁzissent
777 2575 842 2645 (Ι
865 2575 992 2632 Cor.
1018 2593 1078 2644 11,
1101 2577 1184 2648 8).
1205 2577 1327 2634 Νοη
1347 2585 1429 2634 est
1453 2595 1582 2651 ergo
1603 2595 1777 2652 egres-

171 2676 263 2717 sus
291 2659 521 2730 ostium,
553 2661 649 2734 qui
680 2669 735 2718 et
762 2664 1060 2736 requisitus
1089 2681 1118 2722 a
1145 2665 1323 2723 Pilato
1353 2667 1527 2724 tacuit
1559 2685 1572 2736 ;
1615 2676 1778 2740 atque

166 2750 309 2808 inter
327 2759 742 2824 persecutorum
773 2771 970 2811 manus
997 2763 1052 2812 et
1079 2773 1280 2830 corpus
1307 2759 1549 2830 passioni
1575 2757 1780 2816 obtulit

167 2841 314 2918 quod
347 2860 447 2916 pro
471 2845 664 2902 electis
691 2855 1079 2920 assumpserat,
1111 2855 1166 2905 et
1193 2849 1578 2906 resistentibus
1597 2851 1780 2907 noluit

171 2937 550 2997 demonstrare
576 2940 725 3013 quod
751 2949 886 2998 erat.
921 2941 1078 3000 Unde
1107 2944 1276 3000 etiam
1307 2961 1403 3017 per
1428 2945 1778 3001 Psalmistam

168 3030 375 3089 dicitur
405 3031 741 3088 :Posuerunt
759 3049 839 3086 me
860 3031 916 3087 in
935 3033 1380 3091 abominationem
1401 3035 1526 3102 sibi,
1551 3035 1780 3092 traditus

175 3144 313 3196 sum,
340 3133 390 3184 et
409 3145 516 3184 non
535 3127 836 3202 egrediebar
858 3130 1040 3200 (Psal.
1071 3147 1326 3201 Lxxxvn,
1353 3132 1436 3204 9).
1465 3130 1604 3190 Cum
1629 3131 1778 3189 enim

174 3215 552 3292 despiceretur
589 3217 721 3292 quia
744 3217 914 3276 homo
941 3219 1254 3292 videbatur,
1289 3238 1537 3294 egressus
1562 3221 1774 3292 fuisset,

170 3312 216 3368 si
243 3312 524 3370 occultam
563 3311 906 3384 majestatem
955 3330 1114 3371 suam
1163 3323 1438 3373 ostentare
1489 3316 1774 3374 voluisset.

165 3399 272 3460 Sed
292 3399 426 3475 quia
442 3399 821 3460 inﬁrmitatem
839 3403 1105 3476 prodidit,
1124 3407 1428 3478 potentiam
1447 3406 1738 3465 abscondit
1761 3427 1774 3478 ;

166 3490 223 3548 in
253 3506 320 3548 eo
350 3487 501 3564 quod
543 3492 988 3565 persecutoribus
1029 3495 1148 3553 suis
1197 3496 1510 3570 incognitus
1553 3499 1775 3569 mansit,

165 3581 233 3638 ad
261 3597 357 3638 eos
386 3579 617 3640 minime
649 3583 848 3640 exivit.
899 3583 1006 3654 Qui
1049 3593 1236 3644 tamen
1283 3586 1352 3645 ad
1393 3591 1594 3648 electos
1640 3591 1776 3662 exit,

167 3670 298 3745 quia
327 3669 644 3730 divinitatis
669 3689 780 3730 suae
811 3675 1140 3732 suavitatem
1179 3678 1553 3750 quaerentibus
1582 3680 1775 3752 aperit.

165 3757 322 3816 Unde
350 3760 402 3817 ei
451 3778 547 3834 per
603 3761 927 3836 prophetam
978 3763 1185 3822 dicitur
1217 3783 1230 3822 :
1263 3767 1448 3824 Existi
1474 3767 1534 3824 in
1557 3770 1780 3825 salutem

71 3850 76 3853 ⁷
161 3849 355 3923 populi
384 3852 483 3918 tui,
527 3858 586 3909 ut
609 3854 786 3910 salvos
817 3853 991 3926 facias
1020 3855 1246 3914 christos
1277 3863 1392 3915 tuos
1430 3859 1660 3930 (Habac.
1693 3876 1778 3928 111,

168 3941 287 4012 13).
328 3939 593 4015 Sequitur
625 3959 637 4000 :

344 4067 576 4128 CAPUT
601 4068 759 4130 XVII
796 4068 937 4146 [Vet.
1001 4072 1216 4142 XVIII,
1253 4075 1372 4134 Rec.
1405 4075 1594 4153 XIII].

236 4180 384 4242 718
407 4181 582 4246 Vens.
613 4189 700 4248 35.
733 4221 804 4233 —
830 4191 960 4261 Quis
983 4191 1115 4249 mihi
1145 4193 1348 4252 tribuat
1377 4196 1702 4268 adjutorem,
1723 4203 1784 4254 ut

166 4273 488 4333 desiderium
510 4293 685 4334 meum
716 4279 1054 4355 Omnipotens
1080 4283 1269 4340 audiat
1297 4286 1326 4342 ?

237 4363 328 4424 42.
368 4365 534 4424 Nemo
562 4365 675 4424 suis
701 4368 902 4444 meritis
930 4369 1214 4430 innitatur.
1250 4375 1577 4443 Quaerendae
1612 4373 1784 4448 adju-

170 4466 256 4517 tor
273 4466 325 4516 et
340 4461 609 4520 Mediator
631 4463 899 4522 Christus.
922 4495 994 4507 —
1018 4467 1252 4525 Sanctus
1277 4468 1368 4525 vir
1393 4476 1679 4544 postquam
1703 4477 1784 4528 tot

169 4549 450 4608 virtutum
467 4569 694 4610 suarum
711 4552 974 4612 sublimia
992 4563 1141 4628 gesta
1155 4557 1420 4627 narravit,
1443 4559 1621 4617 sciens
1637 4559 1784 4634 quod

1886 599 2072 670 nibus,
2105 609 2160 657 et
2179 600 2458 674 justitiam
2488 620 2613 661 cum
2645 606 2778 675 Deo,
2807 615 2870 663 ut
2888 610 3018 681 quia
3045 627 3140 682 per
3161 614 3269 671 ima
3296 625 3484 676 nostra

1886 690 2048 762 longe
2077 690 2420 748 distabamus
2451 709 2482 748 a
2509 695 2763 763 summis,
2800 695 2854 751 in
2885 699 3065 770 seipse
3093 717 3204 758 uno
3229 703 3485 774 jnngeret

1886 779 1996 834 ima
2025 798 2152 838 cum
2191 784 2444 853 summis,
2474 792 2638 857 atque
2685 802 2756 842 ex
2801 803 2866 842 eo
2907 788 3067 845 nobis
3099 792 3188 846 via
3219 795 3481 853 redeundi

1884 871 2038 927 ﬁeret
2067 873 2132 929 ad
2155 877 2349 945 Deum,
2392 893 2502 950 quo
2521 878 2754 934 summis
2783 879 2896 936 suis
2923 881 3031 936 ima
3055 890 3242 939 nostra
3267 889 3484 956 copula-

1883 972 1984 1020 ret.
2014 967 2174 1022 IIunc
2202 984 2331 1038 ergo
2360 968 2552 1025 beatus
2579 969 2681 1025 Job
2711 987 2808 1042 per
2837 972 3009 1028 totius
3035 974 3296 1031 Ecclesiae
3317 977 3483 1049 signi-

1881 1053 2196 1112 ﬁcationem
2224 1057 2473 1131 loquens,
2523 1059 2882 1119 Mediatorem
2930 1065 3182 1136 requirit,
3227 1067 3481 1140 quicum

1880 1143 2114 1202 dixisset
2142 1165 2154 1202 :
2182 1147 2312 1216 Quis
2330 1148 2461 1204 mihi
2483 1149 2685 1205 tribuat
2707 1150 3032 1224 adjutorem,
3053 1161 3177 1228 apte
3196 1155 3445 1214 subdidit
3469 1178 3481 1215 :

1887 1235 1950 1292 Ut
1969 1235 2288 1294 desiderium
2310 1255 2482 1294 meum
2508 1239 2844 1314 Omnipotens
2863 1243 3071 1302 audiat.
3095 1245 3313 1303 Sciebat
3329 1249 3482 1322 quip-

1879 1343 1946 1400 pe
1984 1329 2132 1402 quod
2179 1329 2247 1386 ad
2293 1331 2539 1406 requiem
2586 1332 2931 1394 liberationis
2977 1345 3195 1396 aeternas
3226 1339 3482 1400 humana:

1878 1433 2065 1489 preces
2095 1419 2202 1476 nisi
2231 1437 2326 1494 per
2353 1421 2682 1482 advocatum
2703 1444 2866 1484 suum
2888 1427 3070 1485 audiri
3101 1447 3211 1488 non
3238 1441 3482 1505 possent.

1876 1507 1955 1562 De
1984 1525 2094 1580 quo
2129 1525 2226 1581 per
2243 1509 2508 1569 Joannem
2534 1516 2842 1586 apostolum
2871 1517 3079 1574 dicitur
3111 1537 3124 1575 :
3159 1520 3218 1576 Si
3234 1523 3356 1592 quis
3368 1540 3484 1595 pec-

1875 1597 2092 1667 caverit,
2119 1598 2433 1657 advocatum
2451 1603 2698 1660 habemus
2717 1605 2864 1677 apud
2883 1606 3100 1663 Patrem
3127 1609 3305 1666 Iesum
3331 1613 3483 1670 Chri-

1875 1691 2014 1742 stum
2021 1686 2252 1757 justum,
2272 1697 2319 1744 et
2337 1690 2446 1762 ipse
2459 1699 2536 1747 est
2548 1695 2864 1765 propitiatio
2875 1713 2978 1767 pro
2999 1699 3224 1768 peccatis
3242 1704 3443 1760 nostris
3467 1723 3481 1770 ;

1875 1796 1978 1834 non
2005 1797 2106 1850 pro
2151 1781 2350 1837 nostris
2391 1789 2568 1838 autem
2614 1790 2838 1852 tantum,
2869 1788 2959 1842 sed
3004 1789 3161 1845 etiam
3192 1808 3298 1863 pro
3329 1797 3487 1854 totius

1789 1895 1838 1957 B
1873 1869 2060 1924 mundi
2076 1869 2142 1941 (Ι
2151 1870 2308 1926 Joau.
2333 1872 2451 1940 11,1,
2471 1870 2554 1944 2).
2573 1873 2653 1929 De
2672 1891 2782 1947 quo
2797 1874 3000 1934 Paulus
3018 1881 3296 1951 apostolus
3309 1883 3448 1944 dicit
3471 1903 3484 1944 :

1891 1958 2135 2015 Christus
2157 1961 2329 2027 Iesus,
2351 1961 2444 2033 qui
2469 1969 2712 2020 mortuus
2741 1971 2816 2020 est
2845 1983 2948 2038 pro
2973 1969 3144 2036 nobis,
3174 1971 3280 2028 imo
3317 1975 3411 2046 qui
3442 1985 3489 2033 et

1887 2049 2203 2117 resurrexit,
2223 2051 2315 2122 qui
2341 2058 2418 2107 est
2435 2052 2532 2122 3lin
2561 2053 2778 2110 dextera
2803 2056 2924 2124 Dei,
2951 2059 3043 2129 qui
3057 2060 3214 2117 etiam
3242 2063 3488 2137 interpel-

1891 2142 1965 2197 lat
1987 2158 2092 2213 pro
2116 2141 2265 2198 nobis
2314 2142 2488 2216 (Rom.
2523 2161 2648 2212 vm,
2679 2146 2794 2220 34).
2828 2149 3123 2222 Unigenito
3165 2155 3312 2212 enim
3345 2159 3489 2216 Filio

1887 2248 1987 2304 pro
2010 2231 2238 2289 homine
2268 2233 2616 2306 interpellare
2636 2245 2718 2293 est
2743 2237 2886 2310 apud
2908 2249 3240 2300 cozeternum
3271 2247 3485 2306 Patrem

1886 2322 2127 2394 seipsum
2165 2321 2448 2380 hominem
2481 2323 2876 2399 demonstrare,
2910 2331 3070 2406 eique
3115 2351 3213 2406 pro
3247 2335 3491 2395 humana

1887 2420 2019 2467 natu
2027 2429 2084 2468 ra
2100 2429 2316 2486 rogasse
2331 2422 2412 2471 est
2427 2415 2674 2474 eamdem
2702 2426 2950 2476 naturam
2970 2421 3027 2477 in
3043 2422 3355 2482 divinitatis
3375 2444 3488 2484 suae

1887 2501 2218 2559 celsitudine
2250 2505 2573 2577 suscepisse.
2615 2509 2932 2582 Interpellat
2979 2511 3148 2583 igitur
3195 2531 3292 2586 pro
3327 2514 3489 2574 nobis

1887 2591 2176 2661 Dominus,
2215 2610 2326 2649 non
2379 2609 2533 2665 voce,
2592 2597 2687 2653 sed
2745 2599 3116 2672 miseratione,
3158 2604 3288 2676 quia
3341 2605 3492 2680 quod

1887 2677 2138 2738 damnari
2168 2683 2226 2740 in
2253 2685 2441 2742 electis
2462 2687 2662 2757 noluit,
2689 2689 3041 2763 suscipiendo
3071 2677 3491 2755 liberavit—Ad-

1882 2769 2039 2842 jutor
2065 2787 2192 2846 ergo
2221 2773 2489 2848 quaeritur
2517 2785 2579 2834 ut
2607 2777 2945 2838 desiderium
2976 2783 3325 2855 exaudiatur,
3360 2787 3492 2860 quia

1889 2861 1996 2917 nisi
2025 2879 2125 2934 pro
2151 2864 2312 2921 nobis
2359 2867 2728 2940 interpellatio
2757 2870 3074 2931 Mediatoris
3103 2874 3488 2949 intercederet,

1888 2949 1957 3006 ab
1982 2967 2114 3007 aure
2141 2953 2243 3009 Dei
2277 2956 2468 3026 procul
2510 2955 2682 3014 dubio
2724 2967 3034 3019 nostrarum
3068 2981 3294 3038 precum
3326 2984 3492 3027 voces

1887 3038 2133 3099 silerent.

1957 3185 2047 3244 43.
2079 3189 2200 3248 Νοη
2227 3189 2384 3250 verba
2412 3193 2502 3252 sed
2520 3193 2783 3256 desideria
2797 3197 2972 3258 cordis
2989 3197 3134 3259 Deus
3159 3199 3397 3264 exaudit.
3419 3233 3492 3252 -ι

1808 3265 1852 3328 G
1886 3272 2201 3369 Notandum
2229 3296 2447 3356 quoque
2473 3293 2554 3342 est
2582 3285 2731 3360 quod
2761 3304 3110 3369 nequaquam
3127 3292 3334 3352 dicitur
3354 3312 3488 3369 pre-

1888 3378 1995 3434 ces,
2043 3366 2138 3424 sed
2185 3369 2502 3430 desiderium
2535 3393 2708 3433 meum
2739 3378 3079 3453 Omnipotens
3105 3366 3314 3442 audiat.
3346 3366 3491 3445 Vera

1889 3455 2092 3528 quippe
2123 3460 2422 3530 postulatio
2454 3480 2566 3521 non
2597 3465 2654 3522 in
2684 3469 2796 3526 oris
2817 3475 2900 3526 est
2929 3472 3180 3543 vocibus,
3204 3474 3299 3532 sed
3321 3476 3377 3532 in
3397 3494 3489 3534 co-

1889 3546 2250 3640 gitationibus
2279 3551 2480 3610 cordis.
2515 3555 2861 3616 Valentiores
2890 3575 3128 3637 namque
3157 3581 3319 3622 voces
3349 3567 3493 3640 apud
3517 3630 3524 3636 ,

1889 3639 2283 3698 secretissimas
2319 3658 2476 3700 aures
2526 3645 2626 3702 Dei
2675 3663 2787 3705 non
2842 3650 3055 3709 faciunt
3087 3653 3256 3710 verba
3284 3639 3491 3725 nostra,

1889 3725 1984 3784 sed
2003 3727 2294 3788 desideria.
2319 3733 2606 3792 {Eternam
2627 3739 2832 3795 etenim
2867 3742 3038 3799 vitam
3061 3743 3104 3799 si
3127 3759 3218 3801 ore
3231 3745 3490 3818 petimus,

1889 3833 1991 3875 nec
2020 3826 2203 3877 tamen
2235 3822 2398 3880 corde
2433 3824 2828 3898 desideramus,
2873 3832 3174 3890 clamantes
3226 3841 3490 3894 tacemus.

1889 3905 1947 3963 Si
1976 3923 2108 3966 vero
2135 3909 2512 3971 desideramus
2541 3931 2612 3972 ex
2632 3917 2816 3988 corde,
2849 3921 3016 3978 etiam
3046 3939 3172 3980 cum
3195 3940 3289 3980 ore
3317 3926 3494 3980 conti-

1890 3999 2180 4069 cescimus,
2215 4007 2456 4059 tacentes
2483 4005 2806 4064 clamamus.
2832 4007 2976 4067 Hinc
3005 4019 3105 4080 est,
3130 4012 3277 4084 quod
3307 4013 3362 4070 in
3381 4030 3495 4071 ere-

1893 4103 1983 4145 mo
2008 4091 2244 4162 populus
2270 4092 2504 4152 vocibus
2534 4099 2845 4170 perstrepit,
2873 4107 2928 4156 et
2953 4102 3170 4176 Moyses
3197 4118 3230 4160 a
3257 4108 3494 4180 strepitu

1891 4177 2186 4236 verborum
2211 4187 2391 4251 tacet;
2426 4191 2480 4240 et
2503 4192 2689 4243 tamen
2713 4189 2883 4247 silens
2902 4207 3030 4248 aure
3046 4191 3251 4251 divinae
3273 4177 3494 4269 pietatis

1891 4267 2132 4338 auditur,
2160 4287 2288 4328 cum
2308 4270 2518 4330 dicitur
2540 4291 2552 4330 :
2579 4274 2720 4344 Quid
2737 4279 2938 4336 clamas
2957 4283 3029 4338 ad
3047 4301 3126 4340 me
3147 4267 3351 4357 (Exod.
3373 4300 3492 4358 xxv,

1895 4357 1984 4430 15)
2008 4358 2037 4416 ‘t
2055 4359 2212 4418 Intus
2239 4377 2368 4436 ergo
2395 4362 2450 4420 in
2477 4362 2754 4424 desiderio
2779 4375 2860 4426 est
2879 4371 3089 4429 clamor
3111 4383 3374 4447 secretus,
3399 4357 3496 4452 qui

1892 4447 1961 4504 ad
1989 4447 2259 4507 humanas
2288 4469 2447 4510 aures
2475 4470 2588 4511 non
2619 4458 2890 4530 pervenit,
2933 4467 2987 4518 et
3012 4469 3196 4520 tamen
3240 4447 3494 4525 auditum

1892 4539 2201 4599 conditoris
2231 4545 2422 4618 replet.
2456 4547 2600 4604 Hinc
2629 4555 2710 4605 est
2741 4549 2887 4623 quod
2917 4555 3078 4611 Anna
3104 4554 3173 4612 ad
3204 4556 3494 4632 Templum

167 4641 286 4700 suis
312 4643 530 4701 meritis
549 4643 618 4702 ad
651 4661 870 4704 summa
887 4648 1178 4721 pervenire
1196 4657 1452 4723 nequeat,
1471 4649 1776 4723 adjutorem
1809 4645 1858 4706 D
1894 4645 2144 4723 Ρὲτεθηδ,
2175 4649 2269 4691 οΓθ
2298 4634 2522 4709 Ψιίάθη]
2553 4639 2746 4712 ωουίῆ
2775 4647 2830 4698 εἴ
2853 4647 3037 4698 tamen
3063 4651 3141 4701 ῑοῖ
3170 4646 3256 4702 311i
3286 4646 3496 4705 deSide'

168 4733 390 4807 quaerit.
409 4735 480 4790 Et
501 4750 663 4808 quem
681 4734 948 4792 nimirum
965 4737 1072 4794 nisi
1092 4736 1439 4811 unigenitum
1456 4740 1557 4797 Dei
1573 4739 1780 4796 Filium

168 4824 598 4896 contemplatur,
631 4825 726 4898 qui
757 4824 1058 4884 humanam
1105 4833 1360 4885 naturam
1391 4829 1448 4885 in
1489 4828 1592 4887 hac
1621 4847 1781 4886 mor-

171 4909 387 4969 talitate
408 4911 750 4972 laborantem
771 4913 904 4972 dum
927 4917 1167 4991 suscepit
1187 4915 1403 4991 adjuvit
1428 4919 1456 4978 ?
1475 4921 1594 4992 Ipse
1624 4920 1778 4994 quip-

168 5015 240 5073 pe
291 5000 510 5075 adjuvit
561 5002 846 5063 hominem
893 5005 1072 5063 factus
1123 5005 1313 5076 homo,
1351 5015 1414 5063 ut
1466 5007 1596 5082 quia
1641 5025 1780 5081 puro

171 5090 391 5148 homini
423 5093 517 5150 via
542 5093 810 5152 redeundi
838 5113 950 5153 non
984 5095 1204 5170 patebat
1231 5096 1301 5153 ad
1331 5097 1528 5166 Deum,
1565 5098 1656 5155 via
1683 5114 1780 5156 re-

169 5175 383 5238 deundi
413 5182 571 5241 fieret
623 5200 720 5259 per
774 5185 1060 5244 hominem
1113 5189 1309 5246 Deum.
1366 5188 1549 5262 Longe
1579 5188 1781 5262 quippe

170 5272 518 5333 distabamus
547 5291 580 5332 a
601 5275 754 5350 justo
773 5278 1166 5349 etimmortali,
1200 5296 1302 5336 nos
1333 5281 1590 5338 mortales
1619 5288 1674 5336 et
1699 5280 1781 5336 in-

165 5359 330 5434 justi.
363 5363 471 5421 Sed
499 5364 646 5422 inter
671 5366 1041 5426 immortalem
1070 5375 1126 5426 et
1150 5366 1366 5442 justum
1399 5377 1454 5426 et
1480 5386 1582 5426 nos
1624 5379 1783 5426 mor-

172 5451 313 5510 tales
341 5459 398 5511 et
429 5452 668 5528 iniustos
705 5458 958 5532 apparuit
983 5457 1254 5518 Mediator
1277 5459 1378 5516 Dei
1407 5465 1463 5516 et
1491 5458 1782 5516 hominum

251 5751 270 5836 ξ
301 5748 478 5836 haud.
513 5770 570 5819 et
597 5751 722 5836 Val.
754 5755 867 5836 CL,
897 5781 1109 5824 exerere
1135 5759 1328 5830 notuiti

249 5833 275 5924 ξ
305 5833 548 5924 gemet,
569 5833 894 5924 indigus-item
921 5843 1315 5924 sqmpotentiw.

252 5906 275 5942 ³
302 5905 524 5976 Norm.,
555 5907 628 5967 ad
655 5905 926 5968 dexteram
951 5905 1071 5970 Dei:

1892 4719 1962 4776 rii
1992 4738 2152 4781 voces
2181 4725 2368 4782 emisit
2425 4727 2484 4800 (Ι
2504 4731 2629 4802 Reg.
2664 4747 2704 4800 1,
2737 4731 2849 4805 I3).
2895 4731 3038 4792 Hinc
3081 4734 3140 4790 in
3191 4735 3496 4810 Evan’gelio

1887 4810 2158 4870 Dominus
2186 4813 2323 4872 dicit
2352 4833 2363 4872 :
2397 4817 2555 4874 Intra
2600 4819 2659 4875 in
2703 4821 2998 4879 cubiculum
3043 4829 3210 4895 tuum,
3241 4833 3290 4881 et
3315 4829 3496 4883 clauso

1886 4899 2020 4957 ostio
2051 4903 2073 4937 ‘
2105 4909 2213 4974 tuo,
2243 4921 2342 4961 ora
2371 4906 2586 4964 Patrem
2609 4915 2754 4966 tuum
2779 4913 2800 4946 ⁵
2827 4911 2886 4968 in
2915 4913 3236 4981 abscondito,
3269 4919 3316 4971 et
3334 4914 3497 4972 Pater

1891 4993 2032 5058 tuus,
2059 4993 2153 5064 qui
2179 4995 2319 5052 videt
2345 4996 2403 5051 in
2428 4998 2756 5067 abscondito,
2787 5001 2970 5057 reddet
3019 5002 3111 5058 tibi
3165 5003 3378 5074 (Matth.
3410 5020 3492 5073 v1,

1889 5088 1969 5164 6).
2004 5085 2149 5146 719
2179 5091 2377 5151 Clauso
2401 5096 2602 5169 quippe
2631 5098 2774 5154 ostio
2812 5099 2951 5172 petit
2979 5099 3036 5154 in
3060 5096 3338 5167 cubiculo,
3376 5101 3494 5172 qui,

1889 5187 2104 5239 tacente
2145 5199 2258 5254 ore,
2308 5185 2366 5240 in
2416 5194 2712 5260 conspectu
2751 5203 2999 5261 supernae
3041 5187 3264 5260 pietatis
3309 5189 3495 5248 fundit

1889 5271 2145 5330 affectum
2175 5275 2395 5332 mentis.
2427 5277 2499 5332 Et
2528 5293 2640 5334 vox
2667 5276 2892 5333 auditur
2911 5278 2968 5332 in
2999 5277 3344 5349 abscondito,
3368 5297 3497 5338 cum

1891 5376 1988 5435 per
2015 5371 2203 5422 sancta
2247 5364 2520 5424 desideria
2559 5366 2787 5427 silenter
2828 5367 3122 5425 clamatur.
3163 5368 3321 5427 Unde
3352 5379 3498 5429 recte

1893 5469 2109 5528 quoque
2136 5470 2234 5528 per
2261 5454 2608 5515 Psalmistam
2635 5455 2844 5514 dicitur
2875 5474 2888 5514 :
2923 5448 3263 5518 Desiderium
3281 5477 3499 5534 paupe—

1969 5758 1991 5808 λ
2016 5760 2178 5847 Deest
2207 5780 2294 5830 tuo
2321 5759 2582 5847 inpium,
2615 5777 2669 5832 et
2699 5758 3007 5833 redundare
3038 5764 3280 5833 videtur;

1969 5846 1990 5880 ⁵
2021 5846 2218 5916 Laud.,
2259 5847 2317 5902 in
2343 5846 2616 5905 abscouso.
