3928 6374
479 381 581 439 239

1684 373 1932 435 SANCTI
1971 375 2311 435 GREGORII
2352 375 2578 434 MAGNI

3685 373 3792 431 240

477 523 599 562 rum
625 505 897 561 exaudivit
911 505 1211 568 Dominusﬂ
1231 503 1682 574 prmparatimtem
1700 503 1877 558 cordis
1892 519 2076 558 eorum
2110 512 2161 570 Α
2188 517 2350 558 carne
2379 503 2642 569 nascitur,
2691 516 2820 574 quIa
2862 500 3245 557 indumentum
3294 499 3378 554 sui
3444 497 3694 570 corporis
3723 514 3795 554 ex

477 595 682 651 audivit
709 595 860 650 auris
893 599 985 648 tua
1041 592 1213 665 (Psa-l.
1257 609 1315 660 x,
1377 592 1490 663 l7).
1549 591 1655 647 Sed
1731 590 1924 648 beatus
1975 591 2077 647 Job

477 701 641 758 quem
661 685 766 741 sibi
785 683 843 738 in
863 681 1210 739 exaudis-udo
1229 681 1500 737 desiderio
1515 681 1823 753 adjutorem
1845 689 2074 754 quaerat,

476 773 786 844 subjunctis
816 771 1000 828 verbis
1030 771 1226 844 aperit,
1259 770 1448 828 dicens
1483 788 1496 827 :

863 895 1090 953 CAPUT
1114 895 1296 954 XVIII
1327 892 1464 968 [Vet.
1499 893 1677 967 XIX].

547 986 684 1044 IBID.
714 1015 784 1027 —-
809 985 884 1042 Et
915 985 1107 1041 librum
1134 983 1330 1040 scribat
1357 985 1467 1056 ipse
1495 983 1587 1055 qui
1605 982 1834 1053 judicat.

546 1094 635 1150 44.
671 1093 996 1162 Quae-rendus
1023 1089 1245 1161 adjutor
1284 1089 1548 1158 Christus,
1575 1089 1669 1160 qui
1697 1095 1769 1144 est
1800 1088 2076 1160 legislator

473 1189 522 1240 et
539 1182 732 1253 judex.
782 1181 1076 1239 Ezechielis
1106 1180 1168 1236 de
1195 1197 1250 1234 eo
1279 1178 1606 1236 vaticinium.
1648 1209 1706 1218 —
1731 1178 1872 1246 Quia
1926 1177 2072 1234 enim

473 1271 694 1329 timenti
727 1271 908 1328 adhuc
928 1269 1132 1344 populo
1148 1269 1240 1326 lex
1264 1275 1346 1325 est
1365 1267 1686 1324 transmissa
1713 1284 1808 1339 per
1827 1283 2068 1334 servum,

471 1359 832 1434 diligentibus
876 1375 1010 1415 vero
1041 1357 1174 1413 ﬁliis
1214 1357 1502 1430 Evangelii
1551 1357 1722 1430 gratia
1761 1364 1841 1412 est
1871 1355 2074 1412 collata

470 1464 565 1522 per
584 1449 904 1516 Dominum,
928 1447 1022 1521 qui
1043 1446 1112 1503 ad
1127 1446 1560 1519 redemptionem
1577 1453 1820 1502 nostram
1841 1445 2072 1500 veniens

469 1555 676 1595 novum
699 1539 860 1595 nobis
891 1545 1276 1596 testamentum
1303 1536 1572 1606 condidit,
1605 1537 1792 1594 sed.de
1820 1533 2068 1606 ejusdem

467 1644 567 1684 nos
595 1629 908 1686 testamenti
930 1627 1188 1684 mandato
1211 1626 1530 1694 discutiens,
1555 1625 1880 1700 quandoque
1902 1625 2068 1680 etiam

462 1717 636 1789 judex
657 1717 831 1784 venit,
850 1716 1219 1772 necessarium
1241 1731 1352 1770 non
1373 1722 1454 1770 est
1473 1722 1533 1769 ut
1549 1731 1644 1785 per
1663 1713 2069 1785 expositionem

466 1807 730 1862 clarescat
759 1804 888 1877 quia
923 1803 1132 1860 librum
1180 1802 1376 1860 scribit
1409 1803 1522 1876 ipse
1552 1801 1646 1874 qui
1683 1801 1918 1874 judicat.
1948 1803 2071 1874 Ipsa

2186 600 2359 648 matre
2381 591 2615 663 virgine,
2641 607 2750 646 non
2772 597 2952 646 autem
2969 605 3038 645 ex
3058 588 3410 660 corruptione
3431 587 3796 643 commistio-

2187 681 2272 736 nis
2300 677 2552 752 suinpsit,
2587 679 2830 752 profecto
2850 679 2916 734 ad
2940 696 3038 734 nos
3059 679 3290 733 vestitus
3311 677 3474 732 lineis
3506 676 3683 732 venit.
3721 677 3796 732 Et

2184 769 2628 825 atramentarium
2649 767 2925 840 scriptoris
2946 769 3017 822 ad
3037 783 3182 821 renes
3203 766 3333 836 ejus.
3358 767 3419 822 In
3441 766 3670 822 renibus
3700 781 3798 836 p0-

2185 860 2382 916 sterior
2410 860 2655 932 corporis
2687 875 2811 930 pars
2839 865 2938 913 est.
2963 859 3034 913 Et
3063 857 3193 929 quia
3217 857 3328 928 ipse
3348 857 3624 912 Dominus
3647 861 3796 927 post-

2185 970 2348 1025 quam
2379 970 2479 1026 pro
2508 953 2670 1009 nobis
2701 950 2844 1008 720
2874 958 3124 1008 mortuus
3163 957 3262 1018 est,
3295 957 3350 1005 et
3379 948 3702 1016 resurrexit,
3739 957 3796 1004 et

2183 1043 2426 1100 ascendit
2455 1044 2512 1099 in
2542 1045 2761 1112 omium,
2812 1051 2945 1098 tunc
2985 1043 3395 1098 Testamentum
3443 1039 3662 1096 Novum
3695 1054 3796 1110 per

2182 1133 2458 1204 apostolos
2515 1132 2757 1204 scripsit,
2819 1133 2905 1186 vir
2963 1131 3066 1186 iste
3123 1132 3145 1165 δ
3201 1128 3662 1186 atramentarium
3721 1127 3795 1185 ad

2181 1235 2338 1278 renes
2370 1220 2582 1278 habuit.
2618 1222 2725 1288 Qui
2745 1221 2896 1277 enim
2927 1219 3256 1292 scripturam
3287 1215 3624 1272 Testamenti
3643 1217 3795 1272 Novi

2182 1319 2468 1384 postquam
2501 1311 2754 1368 discessit
2783 1311 3055 1380 condidit,
3089 1311 3541 1367 atramentarium
3571 1312 3732 1383 quasi
3765 1327 3799 1367 a

2181 1409 2332 1473 tergo
2362 1401 2622 1474 portavit.
2657 1401 2774 1458 Hoc
2815 1417 2943 1472 ergo
2985 1401 3437 1456 atramentarium
3468 1400 3594 1456 viro
3625 1400 3796 1458 lineis

2179 1491 2380 1546 vestito
2401 1490 2672 1548 inhaerere
2691 1489 3018 1558 considerat,
3039 1491 3134 1563 qui
3155 1490 3292 1547 dicit
3313 1508 3324 1546 :
3348 1492 3424 1547 Et
3442 1490 3638 1546 librum
3659 1493 3796 1548 scri-

2181 1580 2267 1636 bat
2295 1580 2406 1652 ipse
2445 1582 2541 1652 qui
2572 1580 2804 1650 judicat.
2845 1579 2949 1638 Sed
2979 1597 3095 1649 cur,
3128 1580 3284 1637 beate
3312 1581 3434 1650 Joh,
3479 1581 3548 1638 ab
3595 1599 3661 1639 eo
3693 1585 3794 1656 qui

2171 1667 2346 1741 judex
2375 1679 2475 1740 est,
2510 1671 2718 1728 librum
2750 1670 2919 1729 scribi
2961 1669 3240 1727 desideras
3271 1671 3300 1727 ‘l
3330 1672 3593 1744 Sequitur
3628 1691 3640 1728 :

2452 1778 2680 1835 CAPUT
2709 1779 2840 1835 XIX
2874 1776 3012 1852 [Vet.
3037 1779 3156 1844 XX,
3187 1780 3306 1836 Rec.
3330 1777 3508 1853 XIV].

466 1895 616 1952 enim
644 1909 740 1967 per
767 1866 825 1949 se
863 1892 1082 1951 Veritas
1109 1891 1246 1950 dicit
1283 1909 1294 1948 :
1339 1866 1502 1948 Paier
1529 1909 1635 1946 non
1652 1890 1866 1961 judicat
1893 1908 2062 1962 quem-

2248 1869 2418 1926 Vnns.
2453 1866 2540 1926 36.
2581 1899 2652 1910 —
2692 1870 2755 1926 Ut
2794 1869 2851 1924 in
2897 1869 3112 1924 humero
3144 1887 3252 1924 meo
3278 1875 3486 1942 partem
3528 1871 3712 1940 illum,
3747 1880 3797 1929 et

465 2001 648 2058 quam,
677 1985 767 2041 sed
795 2001 944 2042 omne
981 1983 1248 2056 judicium
1287 1984 1430 2040 dedit
1459 1984 1601 2041 Filio
1630 1985 1816 2056 (Joan.
1855 2001 1914 2052 v,
1948 1983 2066 2054 22).

463 2076 588 2132 Erit
617 2091 744 2149 ergo
768 2084 904 2132 tunc
930 2081 1120 2130 auctor
1139 2071 1360 2146 judicii,
1403 2074 1500 2148 qui
1530 2090 1679 2132 nunc
1707 2080 1787 2130 est
1816 2072 2072 2130 conditor

464 2163 618 2234 libri,
641 2171 705 2221 ut
729 2172 866 2222 tunc
887 2163 1173 2220 districtus
1193 2163 1377 2236 exigat
1396 2162 1542 2236 quod
1567 2162 1731 2219 modo
1749 2170 2069 2219 mansuetus

458 2251 638 2324 jubet.
673 2255 764 2312 Sic
793 2269 1029 2328 namque
1052 2253 1302 2328 quotidie
1325 2253 1696 2326 conspicimus
1725 2253 1870 2327 quod
1901 2253 2070 2325 magi-

462 2343 564 2400 stri
581 2343 768 2416 pueris
779 2343 1048 2400 elementa
1065 2344 1373 2400 litterarum
1391 2342 1737 2400 blandientes
1752 2342 2066 2416 imponunt,

459 2431 555 2489 sed
579 2432 699 2490 hac
727 2433 797 2490 ab
823 2434 903 2490 eis
932 2434 1220 2490 saevientes
1251 2435 1518 2508 exigunt;
1553 2441 1605 2490 et
1634 2450 1754 2506 quae
1778 2432 1912 2490 dant
1941 2449 2066 2490 cum

458 2523 900 2594 mansuetudine,
931 2540 1057 2580 cum
1083 2523 1307 2581 verbere
1335 2523 1642 2596 requirunt.
1676 2523 1884 2579 Blanda
1919 2540 2068 2578 nam-

460 2626 566 2685 que
598 2629 749 2670 nunc
777 2621 975 2670 sonant
1003 2613 1210 2687 eloquii
1255 2613 1438 2669 divini
1470 2611 1748 2682 mandata,
1781 2611 1875 2668 sed
1904 2619 2068 2667 erunt

459 2715 654 2773 aspera
683 2701 742 2757 in
776 2702 1064 2758 exactione
1093 2699 1397 2757 sentienda.
1456 2701 1741 2758 Mansueta
1789 2699 1954 2756 modo
1986 2706 2068 2756 est

458 2789 766 2847 admonitio
799 2791 1068 2860 vocantis,
1103 2789 1198 2848 sed
1250 2798 1385 2848 tunc
1434 2791 1686 2848 districta
1724 2799 1956 2848 ventura
1985 2797 2066 2845 est

449 2877 677 2952 justitia
699 2878 928 2952 judicis,
961 2897 1024 2938 eo
1071 2881 1218 2954 quod
1245 2888 1454 2938 certum
1511 2887 1592 2936 est
1646 2880 1776 2954 quia
1803 2879 1946 2935 nihil
1976 2876 2064 2934 vel

460 2971 684 3026 minimi
718 2971 962 3026 mandati
995 2971 1014 3006 ³
1041 2971 1160 3026 sine
1196 2969 1537 3027 discussione
1584 2976 1888 3042 praetereat.
1941 2967 2062 3036 Quo

458 3061 725 3119 videlicet
755 3067 972 3118 constat
1001 3059 1131 3132 quia
1162 3059 1367 3116 librum
1397 3059 1617 3131 scripsit
1647 3059 1760 3130 ipse
1795 3057 1892 3130 qui
1917 3055 2063 3128 judi-

452 3159 558 3210 cat.
594 3151 769 3220 Quem
798 3151 1012 3208 scilicet
1033 3150 1238 3205 librum
1259 3149 1401 3206 Novi
1426 3148 1782 3216 Testamenti,
1801 3147 1932 3220 quia
1949 3146 2064 3218 ipse

453 3258 550 3314 per
577 3257 634 3297 se
664 3239 897 3296 humani
927 3239 1139 3310 generis
1168 3238 1500 3310 Redemptor
1528 3239 1586 3292 in
1633 3244 1882 3292 extremo
1919 3253 2062 3292 con-
2091 3243 2135 3304 C,

455 3332 630 3398 deret,
661 3328 801 3384 bene
829 3327 1087 3384 Ezechiel
1135 3326 1402 3398 propheta
1451 3325 1760 3394 denuntiat,
1819 3325 2008 3382 dicens
2041 3344 2052 3382 :

455 3419 589 3476 Ecce
615 3435 707 3474 seu:
747 3416 856 3472 viri
884 3416 1152 3472 veniebant
1180 3415 1241 3471 de
1268 3415 1357 3470 via
1378 3421 1552 3486 portae
1589 3413 1902 3485 superioris,
1941 3431 2059 3486 qua:

453 3509 670 3581 respicit
694 3508 764 3564 ad
799 3506 1137 3578 Aquilonem,
1167 3511 1217 3562 et
1250 3505 1662 3576 uniuscujusque
1691 3523 1783 3560 vas
1811 3505 2058 3560 interitus

454 3599 513 3654 in
531 3615 694 3656 manu
733 3597 866 3668 ejus.
909 3595 1002 3655 Vir
1029 3613 1232 3666 quoque
1254 3612 1389 3650 unus
1413 3594 1469 3650 in
1486 3593 1656 3650 medio
1679 3611 1860 3650 eorum
1888 3593 2057 3650 vesti-

457 3695 540 3744 tus
571 3687 744 3754 lineis,
783 3693 831 3742 et
854 3685 1298 3741 atramenlarium
1325 3683 1602 3755 scriptoris
1648 3683 1720 3738 ad
1766 3701 1916 3739 renes
1941 3682 2058 3753 ejus

455 3776 681 3844 (Ezech.
714 3792 794 3844 Ix,
824 3775 907 3848 2).
943 3773 1088 3842 Quid
1120 3789 1356 3846 namque
1386 3772 1538 3828 aliud
1569 3773 1626 3828 in
1655 3787 1752 3828 sex
1780 3773 1918 3828 viris
1949 3787 2057 3828 ve—

454 3863 744 3922 nientibus
773 3864 880 3920 nisi
911 3881 1011 3920 sex
1037 3870 1226 3920 aetates
1251 3862 1480 3919 humani
1511 3863 1724 3934 generis
1753 3861 2058 3934 designan-

454 3961 546 4011 tur
573 3954 600 4011 ‘l
627 3957 648 3989 ³
675 3953 782 4022 Qui
821 3952 890 4010 de
921 3953 1012 4009 via
1054 3961 1226 4026 portae
1257 3953 1554 4026 superioris
1585 3953 1836 4021 veniunt,
1870 3953 2001 4026 quia
2025 3968 2057 4007 a

453 4043 772 4102 conditione
804 4043 1062 4117 paradisi,
1096 4045 1242 4102 sicut
1269 4044 1337 4100 ab
1367 4045 1616 4116 ingressu
1645 4042 1860 4110 mundi,
1892 4059 1924 4098 a
1952 4059 2056 4098 su—

457 4132 764 4206 perioribus
795 4133 1237 4204 generationibus
1267 4132 1622 4188 evolvuntur.
1655 4131 1786 4198 Quae
1806 4137 1965 4204 porta
1985 4131 2052 4187 ad

455 4223 788 4296 Aquilonem
820 4223 1060 4296 respicit,
1093 4224 1223 4296 quia
1251 4222 1509 4280 videlicet
1530 4240 1682 4279 mens
1703 4223 1930 4278 humani
1953 4240 2053 4295 ge-

457 4311 605 4368 neris
637 4311 792 4367 vitiis
822 4318 1028 4383 aperta,
1060 4311 1170 4366 nisi
1203 4311 1439 4366 calorem
1485 4309 1770 4366 charitatis
1797 4310 2053 4368 deserens

457 4409 733 4474 torporem
755 4400 956 4456 mentis
977 4405 1271 4472 appeteret,
1295 4397 1364 4453 ad
1383 4397 1526 4456 hanc
1547 4399 1896 4456 mortalitatis
1917 4401 2054 4456 lati—

456 4489 708 4548 tudinem
730 4505 840 4545 non
861 4487 1082 4544 exisset.
1103 4489 1178 4543 Et
1195 4486 1607 4559 uniuscujusque
1624 4507 1717 4546 vas
1736 4490 1978 4546 interitus
1997 4490 2052 4545 in

2180 1958 2492 2014 circumdem
2519 1958 2674 2013 illum
2702 1959 2858 2029 quasi
2885 1976 3132 2015 coronam
3158 1960 3309 2016 mihi.

2249 2047 2339 2105 45.
2374 2048 2650 2120 Scriptura
2682 2067 2837 2106 sacra
2865 2050 3080 2106 humero
3103 2052 3374 2124 portanda
3397 2069 3498 2126 per
3525 2055 3798 2126 opera—tio-

2177 2155 2312 2208 nem,
2343 2146 2402 2195 ut
2429 2140 2566 2196 sicut
2582 2157 2777 2196 corona
2793 2141 3146 2197 circumdetur
3167 2159 3268 2215 per
3285 2145 3791 2203 remunerationem.

2177 2259 2247 2272 —-
2275 2229 2506 2286 Librum
2529 2230 2728 2304 quippe
2749 2229 2807 2286 in
2830 2229 3061 2287 humero
3081 2239 3318 2304 portare,
3338 2241 3421 2290 est
3441 2235 3793 2307 Scripturam

2177 2336 2385 2376 sacram
2415 2321 2692 2394 operando
2721 2322 2998 2394 perlicere.
3032 2322 3103 2378 Et
3132 2324 3435 2381 notandum
3469 2341 3639 2400 quam
3689 2342 3797 2383 or-

2178 2406 2364 2464 dinate
2393 2408 2745 2478 describitur,
2779 2417 2832 2466 et
2861 2411 3014 2482 prius
3044 2412 3101 2466 in
3150 2411 3382 2470 humero
3411 2415 3432 2450 5
3467 2415 3702 2486 portari,
3738 2423 3794 2472 et

2177 2496 2530 2568 postmodum
2563 2498 2705 2555 sicut
2733 2514 2936 2555 corona
2976 2499 3329 2570 circumdari,
3363 2503 3493 2575 quia
3523 2503 3795 2560 videlicet

2177 2585 2317 2641 sacri
2367 2586 2573 2660 eloquii
2623 2588 2896 2658 mandata,
2939 2590 2985 2646 si
3016 2589 3181 2646 modo
3227 2589 3366 2646 bene
3406 2599 3702 2664 portantur
3731 2593 3791 2649 in

2179 2693 2359 2748 opere,
2393 2686 2518 2750 post
2545 2679 2705 2737 nobis
2735 2697 2990 2738 coronam
3022 2681 3267 2737 victoriae
3298 2680 3568 2739 exhibent
3599 2685 3656 2740 in
3688 2702 3792 2742 re-

2181 2766 2508 2824 tributione.
2561 2765 2764 2824 Beatus
2814 2777 2996 2825 autem
3053 2769 3154 2825 Job
3184 2787 3283 2826 cur
3311 2770 3481 2827 scribi
3513 2772 3724 2829 librum
3758 2789 3790 2831 a

2168 2853 2359 2927 judice
2389 2859 2648 2930 postulat,
2693 2859 2788 2931 qui
2829 2859 2897 2916 ad
2939 2859 3272 2916 Testamenti
3315 2859 3456 2917 Novi
3490 2864 3789 2933 pervenire

2174 2956 2421 3022 tempora
2452 2967 2562 3006 non
2612 2951 2830 3007 valebat
2856 2952 2884 3008 ?
2913 2951 3017 3008 Sed
3051 2952 3195 3009 sicut
3239 2968 3379 3024 saepe
3413 2949 3530 3024 jam
3560 2954 3784 3013 dictum

2173 3045 2272 3106 est,
2306 3039 2604 3096 electorum
2637 3040 2867 3096 vocibus
2888 3042 3082 3109 utitur,
3106 3049 3266 3113 atque
3287 3058 3357 3098 ex
3383 3058 3575 3100 eorum
3607 3045 3786 3118 signi-

2172 3127 2430 3185 ﬁcatione
2462 3130 2720 3200 postulat,
2763 3129 2907 3202 quod
2953 3129 3303 3201 profuturum
3353 3131 3433 3186 eis
3462 3148 3559 3205 per
3587 3135 3787 3193 omnia

2173 3217 2524 3290 praevidebat.
2560 3219 2678 3288 Ipse
2699 3233 2934 3290 namque
2963 3235 3060 3290 per
3078 3219 3356 3290 spiritum,
3380 3219 3532 3278 hunc
3552 3223 3700 3295 apud
3722 3242 3785 3282 se

2169 3305 2377 3362 librum
2403 3305 2732 3378 jamdudum
2764 3306 3006 3376 tenebat,
3041 3323 3201 3382 quem
3246 3325 3344 3382 per
3371 3312 3603 3384 gratiam
3633 3314 3788 3386 aspi-

2167 3395 2405 3452 rationis
2434 3405 2715 3470 acceperat
2746 3405 2800 3454 et
2831 3397 3071 3456 vivendo
3115 3417 3440 3472 cognoscere
3481 3411 3536 3460 et
3564 3405 3790 3476 praevi-

2168 3483 2348 3542 dendo
2379 3488 2655 3545 nuntiare.

2239 3575 2346 3632 Sed
2394 3577 2542 3633 inter
2588 3577 2706 3636 haec
2748 3577 3034 3634 sciendum
3075 3582 3158 3634 est
3194 3579 3324 3654 quia
3352 3597 3478 3639 cum
3526 3581 3782 3654 ejusdem

2166 3665 2307 3722 sacri
2338 3667 2544 3740 eloquii
2579 3676 2846 3741 praecepta
2888 3669 3212 3742 cogitamus,
3244 3686 3480 3744 cumque
3529 3679 3783 3730 mentem

2165 3779 2198 3818 a
2221 3763 2348 3821 vitae
2374 3765 2752 3839 corruptibilis
2781 3781 2965 3823 amore
2989 3765 3338 3836 divertimus,
3367 3769 3522 3842 quasi
3545 3769 3783 3843 quibus-

2165 3850 2289 3909 dam
2321 3855 2502 3911 cordis
2532 3856 2782 3928 passibus
2812 3855 2880 3912 ad
2901 3855 3169 3912 interiora
3191 3872 3565 3930 properamus.
3599 3860 3782 3917 Nemo

2165 3950 2346 3998 autem
2382 3943 2572 4000 inﬁma
2601 3945 2878 4014 deserens,
2912 3953 3134 4018 repente
3152 3945 3216 4002 iit
3243 3964 3512 4018 summus,
3543 3949 3678 4022 quia
3706 3951 3783 4007 ad

2165 4035 2528 4092 obtinendum
2587 4037 2944 4109 perfectionis
3002 4038 3284 4108 meritum,
3332 4037 3466 4096 dum
3524 4040 3784 4112 quotidie

2163 4143 2320 4182 Inens
2350 4127 2408 4183 in
2438 4127 2611 4182 altum
2640 4127 2884 4198 ducitur,
2915 4127 2983 4184 ad
3031 4128 3137 4186 hoc
3183 4129 3374 4202 procul
3418 4128 3590 4186 dubio
3621 4130 3784 4186 velut

2166 4216 2187 4252 ⁶
2208 4217 2542 4272 ascensionis
2573 4217 2902 4290 quibusdam
2937 4217 3196 4290 gradibus
3239 4217 3582 4292 pervenitur.
3616 4219 3784 4276 Unde

2163 4303 2258 4364 hic
2289 4323 2504 4380 quoque
2535 4313 2658 4380 apte
2687 4306 3042 4381 subjungitur
3077 4326 3089 4364 :

2771 4395 2998 4454 CAPUT
3028 4395 3158 4456 XX.

2236 4485 2406 4544 Vnus.
2430 4486 2517 4543 37.
2549 4514 2618 4529 -—
2647 4485 2753 4543 Per
2769 4485 3003 4561 singulos
3020 4487 3220 4560 gradus
3247 4501 3384 4547 meos
3407 4488 3777 4561 pronuntiabo

455 4595 620 4635 manu
649 4577 782 4648 ejus,
815 4577 946 4651 quia
975 4593 1318 4652 unaquaeque
1347 4579 1626 4650 generatio
1655 4579 1890 4652 singulis
1917 4579 2054 4652 qui—
2079 4613 2128 4672 D
2165 4575 2340 4632 illum.

457 4669 670 4742 busque
699 4668 952 4725 aetatibus
997 4669 1236 4736 evoluta,
1267 4676 1392 4725 ante
1424 4669 1803 4742 Redemptoris
1839 4671 2055 4727 adven—-

458 4768 578 4818 tum
610 4761 666 4816 in
699 4776 796 4816 sua
825 4759 1138 4832 operatione
1155 4758 1368 4828 habuit,
1392 4759 1540 4815 unde
1569 4776 1785 4832 poenam
1815 4759 2054 4816 damna—

458 4850 628 4908 tionis
671 4850 924 4922 sumpsit.
967 4847 1059 4908 νὺ·
1104 4866 1309 4920 quoque
1346 4866 1484 4904 unus
1540 4849 1596 4904 in
1650 4849 1818 4905 medio
1874 4866 2050 4904 eorum

456 4941 672 4998 vestitus
703 4939 870 5008 lineis,
906 4939 1034 5013 quia
1075 4937 1406 5010 Redemptor
1434 4943 1636 5006 noster,
1669 4937 1834 4992 etiam
1864 4935 1931 4992 de
1960 4951 2056 4992 sa—

458 5032 722 5090 cerdotali
751 5031 902 5088 tribu
927 5029 1090 5104 juxta
1119 5045 1338 5086 carnem
1369 5035 1617 5100 parentes
1647 5027 1848 5084 habere
1869 5026 2055 5098 digna-

459 5128 568 5192 tus,
601 5123 836 5178 vestitus
863 5121 1027 5176 lineis
1058 5119 1246 5174 venire
1275 5116 1617 5189 perhibetur.
1643 5116 1742 5174 Vel
1764 5123 1907 5172 certe
1929 5117 2059 5188 quia

463 5211 640 5268 linum
671 5212 738 5270 de
766 5219 930 5282 terra,
962 5226 1076 5268 non
1104 5215 1287 5268 autem
1305 5207 1448 5268 sicut
1469 5207 1594 5264 lana
1621 5205 1689 5264 de
1708 5204 2057 5280 corruptibili

539 5449 555 5482 ¹
588 5449 710 5504 Duo
738 5447 1041 5518 Sangerm.,
1071 5445 1267 5517 Laud.,
1291 5444 1414 5506 Val.
1439 5443 1548 5516 CL,
1570 5443 1783 5515 Norm.,
1806 5453 1916 5503 vet.
1950 5443 2054 5502 Ed.

464 5517 659 5586 Paris,
690 5517 969 5575 desiderat.

536 5590 772 5662 ’7GerIn.
805 5598 860 5648 et
887 5590 1132 5662 plerique
1162 5590 1372 5658 Norm.,
1405 5589 1774 5647 indiscussum.
1808 5589 1980 5647 Laud.
2004 5597 2056 5646 et

464 5661 626 5718 Corb.
661 5662 748 5731 G.,
780 5663 838 5717 in
857 5661 1175 5717 discussione
1188 5667 1484 5732 prwtereat.

532 5735 555 5770 ³
583 5733 772 5790 Norm.
804 5741 859 5790 et
886 5732 1082 5800 Laud.,
1113 5748 1232 5802 qua:
1259 5734 1320 5788 de
1356 5733 1463 5789 via.

531 5807 553 5842 ⁴
583 5805 843 5875 Vindoc.,
873 5804 1316 5862 atramentarium
1342 5805 1498 5876 quasi
1525 5805 1582 5860 in
1603 5807 1836 5863 renibus.

531 5879 551 5913 δ
584 5879 643 5934 In
675 5879 857 5936 Germ.
893 5884 946 5933 et
975 5876 1136 5937 Corb.
1173 5876 1382 5944 Germ,
1412 5876 1590 5946 prima
1617 5894 1805 5949 manu,
1837 5895 2050 5938 necnon

2233 4663 2321 4722 46.
2390 4665 2539 4725 Varii
2593 4671 2716 4722 sunt
2757 4665 2958 4742 gradus
3016 4667 3088 4725 ad
3135 4664 3528 4741 perfectionem.
3585 4669 3650 4728 Ut
3703 4671 3779 4726 ad

2162 4753 2331 4813 Deum
2371 4757 2716 4830 proﬁciam-us
2757 4777 2792 4816 a
2837 4759 3006 4816 nobis'
3029 4759 3390 4832 deﬁcientium.
3437 4791 3510 4802 —
3555 4761 3635 4816 De
3684 4759 3777 4816 his

2165 4845 2367 4918 quippe
2397 4847 2720 4903 meritorum
2753 4846 3012 4920 gradibus
3032 4865 3127 4920 per
3153 4849 3499 4906 Psalmistam
3520 4847 3736 4906 dicitur
3760 4869 3772 4906 :

2163 4933 2524 4992 Ambulabunt
2556 4937 2618 4993 de
2643 4939 2836 4994 virtute
2859 4939 2916 4994 in
2934 4938 3181 4994 virtutem
3207 4941 3388 5010 (Psal.
3411 4955 3652 5009 LXXXIII,
3683 4939 3769 5010 8).

2164 5025 2243 5080 De
2290 5025 2378 5082 his
2412 5026 2614 5082 iterum
2661 5028 2681 5064 ⁷
2731 5035 2974 5086 sanctam
3005 5027 3311 5085 Ecclesiam
3341 5029 3768 5102 contemplatus,

2167 5115 2244 5174 ait
2276 5135 2285 5173 :
2321 5118 2461 5174 Deus
2488 5117 2544 5172 in
2571 5119 2824 5190 gradibus
2852 5118 2964 5187 ejus
2993 5117 3339 5191 dignoscitur,
3369 5119 3497 5176 dum
3524 5118 3774 5191 suscipiet

2165 5225 2280 5264 eam
2305 5209 2488 5281 (Psal.
2519 5225 2694 5281 XLVII,
2726 5208 2808 5282 4).
2840 5211 3028 5284 Neque
3056 5209 3225 5280 enim,
3249 5209 3393 5269 sicut
3421 5209 3634 5270 dictum
3666 5217 3768 5279 est,

2167 5445 2226 5501 in
2254 5439 2437 5500 Editis
2465 5444 2630 5500 etiam
2651 5439 3059 5517 antiquioribus
3081 5449 3326 5516 portare,
3360 5443 3657 5502 manifesto
3686 5459 3764 5501 er-

2167 5533 2310 5584 rore,
2345 5523 2399 5572 et
2425 5523 2629 5584 tamen,
2663 5517 3064 5573 reluctantibus
3083 5523 3203 5573 cent.
3227 5517 3381 5586 Mss.,
3416 5517 3474 5572 in
3505 5517 3764 5573 omnibus

2165 5588 2564 5660 recentioribus
2593 5588 2742 5643 Edit.
2775 5595 3088 5660 propagato.

2236 5661 2257 5697 θ
2287 5661 2348 5715 In
2379 5658 2574 5732 iisdem
2605 5657 2860 5732 vulgatis,
2877 5657 3210 5716 ascensionis
3239 5659 3536 5730 cujusdam.
3569 5661 3764 5719 Melius

2165 5732 2220 5788 in
2251 5732 2402 5797 Mss.,
2435 5731 2766 5802 quibusdam.

2235 5805 2254 5838 τ
2288 5803 2516 5873 Turon.,
2547 5810 2727 5862 sancta
2755 5803 2990 5863 Ecclesia
3011 5803 3356 5875 contemplata
3375 5804 3470 5862 ait.
