3928 6378
170 345 267 408 241

935 342 1311 404 MORALIUM
1349 341 1486 402 LIB.
1529 339 1710 402 XXII.
1751 372 1822 386 -—
1859 343 1932 400 IN
1969 341 2197 401 CAPUT
2233 341 2424 400 XXXI
2461 343 2524 402 B.
2565 345 2708 403 10B.

3383 350 3490 410 242

170 479 393 548 repente
423 471 496 530 ad
516 487 737 530 summa
756 473 1095 545 pervenitur,
1113 472 1209 530 sed
1227 472 1296 530 ad
1317 471 1588 529 virtutum
1610 471 1782 532 celsi—
1807 476 1858 537 A
1885 489 2076 541 meam,
2097 472 2374 542 vultusque
2406 487 2552 527 meus
2577 472 2806 530 hterebat
2833 481 3004 534 terrae.
3040 477 3116 538 Et
3158 493 3266 537 ecce
3298 494 3492 538 manus

170 564 426 623 tudinem
458 581 558 638 per
586 563 930 621 incrementa
950 580 1104 620 mens
1123 563 1364 622 ducitur.
1383 563 1526 620 Hinc
1545 579 1778 636 namque

170 665 251 714 est
296 653 450 728 quod
499 653 774 726 Propheta
817 653 962 710 idem
993 653 1192 710 iterum
1225 653 1361 710 dicit
1393 671 1405 710 :
1438 654 1780 710 Exercitatus

170 766 306 815 sum,
333 753 384 802 et
411 745 601 817 defecit
637 745 921 818 paulisper
947 743 1171 816 spiritus
1197 761 1341 800 meus
1373 745 1548 816 (Psal.
1581 759 1773 811 LXXVI,

171 839 249 912 4).
299 836 452 906 Quid
495 843 579 895 est
620 835 824 909 itaque,
857 833 1007 908 quod
1045 835 1124 892 ait
1155 853 1168 891 :
1203 835 1436 907 Spiritus
1473 852 1638 902 meus,
1668 835 1776 893 nisi

169 926 401 1002 spiritus
421 927 690 995 hominis,
713 926 975 984 videlicet
994 923 1224 998 spiritus
1243 925 1538 984 elationis?
1557 926 1630 982 Et
1649 925 1779 998 quia

170 1036 265 1094 per
311 1018 590 1078 occultam
639 1016 869 1090 gratiam
919 1015 988 1074 ad
1035 1032 1279 1074 amorem
1331 1015 1431 1073 Dei
1483 1024 1779 1090 temperata

170 1109 407 1184 desuper
433 1125 694 1167 mensura
721 1108 1061 1181 proﬁcimus,
1085 1115 1292 1182 quanto
1321 1107 1380 1164 in
1410 1107 1571 1165 nobis
1599 1107 1778 1182 quoti-

171 1199 263 1258 die
289 1199 360 1257 de
387 1199 488 1258 Dei
519 1199 720 1273 spiritu
738 1199 920 1256 virtus
934 1199 1149 1268 crescit,
1172 1205 1327 1255 tanto
1346 1206 1532 1255 noster
1551 1197 1779 1271 spiritus

171 1291 380 1350 deﬁcit.
413 1289 522 1359 Qui
551 1289 780 1363 spiritus
803 1289 1024 1360 erroris,
1047 1288 1179 1363 quia
1205 1306 1318 1347 non
1346 1305 1378 1346 a
1406 1289 1568 1346 nobis
1595 1288 1778 1346 subito

172 1383 394 1456 penitus
411 1389 750 1455 amputatur,
772 1382 912 1439 bene
931 1381 1209 1454 paulisper
1229 1380 1493 1438 defecisse
1512 1379 1780 1453 perhibe—

174 1481 282 1531 tur.
307 1473 466 1531 Tunc
486 1489 618 1531 vero
638 1473 698 1530 in
717 1475 832 1530 Deo
853 1474 1012 1546 plene
1033 1472 1372 1546 proﬁcimus,
1397 1489 1526 1530 cum
1555 1487 1588 1527 a
1618 1470 1778 1528 nobis

171 1563 310 1637 ipsis
356 1563 614 1620 funditus
659 1563 1042 1621 defecerimus.
1075 1565 1171 1620 Hae
1202 1562 1385 1638 itaque
1414 1563 1778 1620 crescentium

174 1671 448 1712 mensurae
470 1655 767 1724 virtutum,
791 1653 967 1712 sancti
987 1653 1095 1711 viri
1118 1655 1348 1712 vocibus
1367 1653 1566 1727 gradus
1585 1653 1779 1712 dicun-

173 1753 288 1802 tur.
324 1746 550 1803 Electus
595 1744 802 1802 etenim
844 1744 1076 1819 quisque
1105 1761 1137 1801 a
1164 1743 1465 1801 rudimenti
1513 1743 1598 1799 sui
1628 1743 1780 1816 prius

1888 564 2058 635 tetigit
2083 579 2183 628 me,
2204 569 2251 617 et
2278 563 2446 617 erexit
2472 579 2554 617 me
2579 580 2934 636 super-genua
2961 585 3094 636 mea,
3117 577 3164 624 et
3181 587 3340 642 super
3357 571 3490 626 arti-

1889 657 2033 710 culos
2052 671 2307 710 manuum
2335 670 2592 721 mearum,
2613 660 2661 709 et
2680 654 2822 710 dixit
2838 657 2909 711 ad
2935 675 3016 712 me
3038 677 3049 713 :
3075 659 3267 716 Daniel
3293 661 3381 715 vir
3407 661 3491 716 de-

1889 745 2235 811 sideriorum,
2281 744 2511 814 intellige
2550 745 2708 800 verba
2746 761 2865 816 quae
2903 763 2990 818 ego
3023 747 3213 817 loquor
3249 750 3320 804 ad
3350 757 3414 816 te,
3445 756 3495 805 et

1888 841 1972 890 sta
1999 837 2056 890 in
2073 837 2247 906 gradu
2269 839 2387 902 tuo;
2420 851 2559 889 nunc
2577 835 2715 890 enim
2733 836 2924 892 missus
2943 853 3061 892 sum
3076 838 3148 893 ad
3169 844 3231 894 te.
3259 839 3496 910 Cumque

1889 927 2111 982 dixisset
2134 927 2264 982 mihi
2291 943 2583 982 sermonem
2609 927 2791 994 istum,
2822 928 2938 983 steti
2968 934 3214 996 tremens,
3243 933 3290 984 et
3316 929 3396 984 ait
3421 930 3496 985 ad

1888 1033 1969 1072 me
1991 1034 2007 1072 :
2030 1017 2156 1075 Noli
2170 1021 2394 1072 metuere
2409 1016 2575 1088 (Dan.
2595 1033 2650 1086 x,
2669 1017 2844 1091 9-12).
2865 1018 3040 1087 Quam
3056 1018 3316 1077 videlicet
3336 1019 3494 1092 posi-

1891 1106 2098 1162 tionem
2120 1107 2206 1161 sui
2225 1106 2492 1178 corporis,
2515 1107 2648 1163 dum
2670 1107 2838 1164 verba
2859 1109 3195 1165 intrinsecus
3215 1109 3494 1182 loquentis

1889 1195 2125 1264 audiret,
2157 1212 2502 1270 nequaquam
2533 1196 2692 1253 nobis
2721 1205 2876 1255 tanta
2902 1215 3035 1256 cura
3061 1199 3416 1272 exprimeret,
3447 1201 3494 1256 si

1891 1301 1924 1342 a
1966 1286 2246 1358 mysteriis
2293 1302 2484 1342 vacare
2532 1287 2900 1358 cognovisset.
2934 1290 2994 1346 In
3034 1289 3317 1361 Scriptura
3343 1289 3494 1345 enim

1891 1391 2044 1432 sacra
2067 1373 2202 1446 justi
2235 1375 2341 1430 viri
2365 1391 2476 1430 non
2497 1377 2675 1432 solum
2697 1379 2845 1452 quod
2866 1378 3062 1436 dicunt
3081 1378 3371 1451 prophetia
3390 1387 3492 1448 est,

1891 1465 1986 1522 sed
2016 1465 2180 1520 etiam
2213 1465 2536 1539 plerumque
2555 1467 2704 1540 quod
2735 1476 2922 1541 agunt.
2948 1469 3052 1526 Vir
3071 1469 3254 1542 itaque
3275 1475 3496 1525 sanctus

1894 1554 2128 1611 internis
2147 1555 2429 1627 mysteriis
2449 1556 2645 1628 plenus
2665 1573 2762 1629 per
2780 1558 3110 1630 positionem
3133 1573 3350 1632 quoque
3378 1574 3495 1615 cor-

1893 1647 2044 1719 poris
2073 1645 2339 1718 exprimit
2367 1647 2632 1704 virtutem
2663 1649 2835 1716 vocis,
2868 1657 2923 1704 et
2951 1667 3047 1721 per
3076 1649 3182 1706 hoc
3210 1649 3358 1722 quod
3387 1649 3496 1720 pri-

1891 1752 2047 1791 mum
2091 1737 2148 1791 in
2198 1742 2348 1791 terra
2389 1743 2695 1806 prostratus
2733 1735 2928 1808 jacuit,
2961 1753 3058 1809 per
3102 1738 3210 1794 hoc
3251 1737 3400 1810 quod
3441 1755 3500 1795 se

173 1833 553 1893 teneritudine
573 1834 817 1904 inchoat,
839 1834 909 1892 ad
923 1835 1152 1894 robusta
1170 1833 1524 1907 postmodum
1543 1840 1597 1890 et
1617 1832 1783 1902 fortia,
1816 1843 1862 1905 Β
1892 1831 2247 1906 postmodum
2264 1831 2321 1885 in
2341 1845 2602 1886 manuum
2621 1846 2844 1886 suarum
2863 1831 3110 1889 articulis
3125 1839 3180 1888 et
3197 1831 3253 1887 in
3271 1831 3501 1903 genibus

173 1923 540 1984 convalescit.
572 1924 732 1993 Quod
772 1931 956 1998 aperte
997 1924 1055 1981 in
1097 1925 1402 1997 Evangelio
1443 1923 1784 1981 demonstrat

175 2021 415 2090 Veritas,
449 2023 641 2081 dicens
675 2041 686 2080 :
724 2025 810 2082 Sic
853 2021 991 2080 721
1039 2029 1116 2080 est
1141 2039 1360 2096 regnum
1388 2021 1509 2088 Dei,
1539 2021 1784 2092 quemad-

172 2111 390 2168 modum
417 2111 466 2168 si
484 2111 659 2182 jaciat
684 2114 836 2170 homo
857 2120 1126 2170 sementem
1145 2113 1200 2168 in
1231 2119 1452 2178 terram,
1471 2117 1518 2167 et
1531 2111 1783 2177 dormiat,

173 2208 220 2259 et
244 2211 506 2276 exsurgat
548 2211 694 2260 nocte
719 2221 781 2260 ac
825 2205 930 2270 die,
963 2209 1010 2260 et
1037 2220 1204 2259 semen
1231 2202 1504 2274 geminet,
1533 2209 1581 2258 et
1607 2202 1788 2258 incre-

175 2300 306 2361 scat,
337 2295 470 2350 dum
511 2296 673 2350 nescit
699 2295 793 2352 ille
827 2294 1023 2366 (Marc.
1057 2311 1135 2362 1v,
1167 2293 1282 2365 26).
1319 2291 1490 2365 Cujus
1518 2291 1785 2350 nimirum

175 2383 412 2441 seminis
426 2383 772 2442 incrementa
789 2384 1142 2453 denuntians,
1166 2383 1418 2456 adjungit
1442 2400 1453 2438 :
1479 2385 1629 2442 Ultro
1649 2383 1789 2439 enim

180 2477 326 2528 terra
366 2471 682 2544 fructiﬁcat,
721 2475 959 2545 primum
1005 2473 1240 2539 herbam,
1287 2471 1519 2528 deinde1
1566 2472 1786 2544 spiram,

179 2562 364 2618 deinde
395 2563 619 2634 plenum
655 2563 980 2634 frumentum
1029 2563 1086 2618 in
1112 2564 1277 2635 spica.
1312 2562 1483 2636 Cujus
1511 2563 1789 2636 profectus

179 2667 398 2726 quoque
445 2653 613 2710 etiam
655 2653 822 2710 ﬁnem
853 2654 1128 2734 subrogat,
1162 2652 1352 2710 dicens
1385 2669 1397 2709 :
1427 2655 1502 2709 Et
1528 2654 1552 2692 ²
1580 2669 1697 2708 cum
1724 2670 1790 2709 ea:

179 2759 230 2798 se
259 2743 590 2814 produxerit
617 2743 848 2814 fructus,
878 2745 1058 2800 statim
1099 2745 1260 2799 mittit
1295 2742 1506 2812 falcem,
1538 2744 1791 2814 quoniam

179 2833 319 2888 venit
345 2838 554 2904 tempus
569 2833 768 2890 messis.
791 2834 934 2890 Ecce
953 2832 1218 2889 Veritatis
1238 2848 1371 2888 voce
1387 2848 1482 2903 per
1498 2832 1791 2904 qualitates

180 2921 403 2994 frugum
453 2920 720 2979 distincta
764 2929 895 2978 sunt
936 2922 1278 2978 incrementa
1317 2919 1666 2976 meritorum.
1695 2921 1793 2977 Ait

181 3011 361 3069 enim:
385 3010 638 3067 Primum
657 3011 891 3081 herbam,
923 3011 1108 3068 deinde
1134 3011 1352 3082 spicam,
1371 3009 1555 3066 deinde
1577 3011 1794 3082 plenum

180 3100 518 3171 frumentum
544 3099 604 3154 in
630 3100 796 3172 spica.
818 3101 907 3156 An
933 3117 1046 3156 non
1069 3100 1237 3156 herba
1265 3099 1448 3156 adhuc
1467 3108 1601 3156 tunc
1616 3099 1796 3157 fuerat

1895 1924 2095 1992 erexit,
2128 1937 2225 1994 per
2270 1919 2377 1979 hoc
2405 1922 2554 1994 quod
2592 1920 2660 1978 ad
2689 1928 3000 1978 extremum
3029 1928 3245 1978 erectus
3273 1919 3500 1994 quidem

1895 2013 1991 2070 sed
2037 2020 2278 2069 tremens
2317 2011 2587 2078 constitit,
2634 2011 2691 2066 in
2739 2011 3034 2084 semetipso
3080 2011 3241 2068 nobis
3279 2027 3501 2068 omnem

1897 2103 2150 2160 ordinem
2180 2101 2355 2158 nostri
2387 2101 2664 2174 profectus
2693 2102 3006 2160 innotescit.
3029 2101 3213 2159 Verba
3229 2101 3381 2158 enim
3399 2101 3502 2159 Dei

1898 2195 1957 2250 in
2006 2201 2152 2249 terra
2193 2191 2438 2265 jacentes
2478 2192 2754 2262 audimus,
2788 2209 2914 2250 cum
2957 2193 3014 2248 in
3044 2193 3283 2266 peccatis
3310 2191 3500 2266 positi,

1900 2286 1922 2323 ⁸
1951 2293 2184 2342 terrenas
2214 2283 2511 2357 pollutioni
2541 2281 2846 2356 conjuncti,
2879 2290 3197 2340 sanctorum
3230 2299 3364 2340 voce
3395 2281 3504 2354 spi-

1898 2374 2085 2430 ritalia
2129 2381 2399 2446 praecepta
2443 2373 2846 2446 cognoscimus.
2881 2375 2902 2409 ⁷
2936 2371 3021 2429 Ad
3068 2389 3190 2446 quas
3237 2376 3508 2444 praecepta

1901 2471 2056 2545 quasi
2087 2487 2251 2544 super
2279 2487 2455 2544 genua
2483 2478 2537 2527 et
2556 2487 2719 2545 super
2737 2466 2883 2526 722
2905 2485 3170 2527 manuum
3191 2476 3506 2525 nostrarum

1900 2561 2164 2618 articulos
2206 2561 2490 2634 erigimur,
2525 2561 2654 2634 quia
2699 2577 2732 2616 a
2771 2561 3006 2618 terrenis
3051 2558 3319 2632 contagiis
3347 2573 3508 2614 rece-

1901 2655 2111 2722 dentes,
2173 2653 2330 2726 quasi
2382 2651 2496 2725 jam
2546 2652 2614 2709 ab
2663 2651 2870 2708 infimis
2901 2652 2922 2686 ⁸
2952 2658 3192 2708 mentem
3237 2650 3504 2706 levamus.

1901 2745 2056 2802 Sicut
2084 2744 2232 2800 enim
2262 2751 2412 2799 totus
2441 2751 2600 2800 terrae
2633 2741 2864 2800 inhaeret
2893 2743 2988 2816 qui
3017 2747 3397 2799 consternatus
3421 2736 3510 2810 ja-

1901 2840 2006 2900 cet,
2041 2832 2118 2887 ita
2147 2833 2241 2904 qui
2273 2832 2330 2887 in
2363 2831 2592 2904 genibus
2620 2839 2676 2887 et
2704 2847 2969 2888 manuum
3001 2845 3226 2886 suarum
3258 2827 3510 2886 articulis

1903 2921 2248 2987 incurvatur,
2281 2920 2576 2976 inchoante
2605 2921 2857 2992 profectu
2888 2937 2958 2977 ex
2989 2936 3184 2994 magna
3210 2917 3326 2992 jam
3357 2923 3510 2991 parte

1903 3025 1935 3065 a
1961 3017 2109 3066 terra
2137 3007 2510 3082 suspenditur.
2543 3007 2629 3064 Ad
2661 3016 2971 3065 extremum
3001 3025 3133 3064 vero
3162 3023 3298 3066 voce
3325 3005 3511 3064 domi-

1902 3099 2030 3157 nica
2071 3097 2237 3156 erecti
2267 3096 2510 3171 quidem,
2544 3095 2638 3154 sed
2670 3103 2968 3153 trementes
2995 3095 3325 3163 assistimus,
3357 3109 3508 3163 cum,

182 3191 380 3248 Petrus
400 3205 528 3246 cum
549 3188 618 3245 ab
637 3189 852 3246 ancillae
869 3205 962 3245 ore
979 3187 1163 3246 subito
1181 3189 1350 3247 unius
1368 3188 1504 3245 ﬂatu
1523 3188 1794 3246 sermonis
1821 3209 1865 3270 ο
1905 3208 1938 3248 a
1985 3189 2216 3246 terrenis
2263 3187 2554 3244 desideriis
2598 3187 2837 3260 perfecte
2871 3187 3163 3256 sublevati,
3202 3185 3370 3242 verba
3408 3185 3512 3242 Dei

184 3283 430 3340 inﬂexus
461 3293 562 3353 est,
579 3281 695 3356 jam
725 3281 948 3356 quidem
976 3298 1073 3355 per
1091 3281 1444 3338 devotionem
1463 3277 1680 3346 viridis,
1699 3279 1794 3336 sed

181 3375 372 3433 adhuc
402 3392 499 3448 per
527 3375 906 3432 inﬁrmitatem
936 3381 1108 3430 tener.
1132 3373 1365 3428 Plenum
1397 3387 1527 3426 vero
1550 3369 1794 3426 frumen-

183 3473 306 3522 tum
351 3465 413 3521 in
461 3465 612 3539 spica
657 3465 917 3521 inventus
957 3471 1039 3520 est
1080 3461 1301 3536 quando
1340 3459 1796 3534 persequentibus

184 3555 537 3628 principibus
569 3555 872 3623 resistebat,
904 3555 1124 3613 dicens:
1149 3553 1369 3612 Obedire
1397 3557 1601 3623 oportet
1629 3551 1796 3622 magis

185 3647 296 3703 Deo
320 3663 486 3717 quam
513 3645 810 3702 hominibus
843 3644 984 3717 (Act.
1009 3661 1064 3712 v,
1097 3643 1213 3716 29).
1247 3643 1476 3698 Plenum
1508 3657 1640 3696 vero
1670 3641 1798 3697 fru-

188 3744 445 3793 mentum
476 3737 498 3772 ³
529 3737 588 3792 in
617 3735 770 3808 spica
794 3735 1056 3792 inventus
1083 3741 1185 3802 est,
1208 3732 1430 3806 quando
1457 3733 1478 3766 ⁴
1509 3731 1567 3787 in
1596 3730 1800 3787 tritura

187 3821 591 3897 persecutionis
618 3829 702 3880 tot
741 3821 971 3879 verbera
997 3819 1244 3894 pertulit,
1275 3826 1328 3874 et
1357 3825 1540 3874 tamen
1581 3833 1800 3891 nequa-

187 3928 360 3987 quam
409 3911 690 3984 palearum
729 3927 885 3968 more
927 3909 1258 3966 imminutus
1287 3915 1388 3976 est,
1432 3907 1526 3963 sed
1568 3923 1800 3980 granum

188 4002 472 4076 integrum
520 4003 743 4060 mansit.
780 4002 1063 4074 Paulisper
1107 4001 1308 4074 quippe
1364 3999 1422 4055 in
1473 4015 1800 4072 unaquaque

195 4093 408 4160 anima,
440 4099 503 4148 ut
531 4092 610 4148 ita
637 4091 839 4162 dicam,
871 4090 1100 4148 interna
1131 4089 1317 4162 gratiae
1352 4089 1555 4150 humor
1582 4087 1802 4144 exube-

193 4192 298 4253 rat,
334 4190 398 4239 ut
428 4183 600 4240 herba
629 4183 688 4238 in
716 4181 929 4254 frugem
950 4187 1176 4238 crescat.
1208 4181 1379 4237 Nemo
1409 4195 1537 4249 ergo
1566 4177 1801 4251 quemli-

193 4276 289 4332 bet
318 4275 661 4348 proximum,
685 4290 810 4330 cum
831 4273 1016 4329 adhuc
1035 4270 1262 4327 herbam
1284 4268 1455 4335 videt,
1475 4267 1542 4324 de
1560 4267 1802 4322 frumen-

197 4373 254 4421 to
299 4350 574 4436 desperet.
611 4361 700 4418 Ad
747 4361 1040 4418 herbarum
1089 4359 1290 4433 quippe
1328 4357 1496 4425 foliis,
1528 4373 1650 4428 quae
1695 4354 1805 4412 huc

193 4455 447 4526 illucque
487 4450 731 4508 molliter
769 4451 1039 4518 deﬂuunt,
1071 4447 1348 4520 surgentia
1375 4446 1600 4519 frugum
1639 4460 1807 4517 grana

195 4543 532 4601 solidantur.

270 4633 418 4708 [νει.
453 4629 633 4706 ΧΧΙ
655 4631 744 4688 47.
769 4631 980 4687 Diversi
1001 4628 1337 4702 profectuuvm
1353 4626 1556 4697 gradus
1576 4641 1674 4697 per
1701 4627 1784 4679 Da

200 4725 395 4781 nielem
425 4723 678 4796 expressi.
707 4752 781 4764 —
808 4722 956 4778 Bene
985 4727 1166 4776 autem
1197 4716 1389 4774 Daniel
1421 4715 1706 4788 propheta,
1735 4715 1810 4770 lo-

203 4823 412 4890 quente
458 4813 528 4870 ad
575 4829 631 4869 se
668 4810 926 4879 Domino,
971 4811 1106 4867 dum
1150 4807 1478 4880 positionem
1523 4803 1683 4861 nobis
1725 4803 1811 4859 sui

198 4903 456 4978 corporis
499 4901 782 4958 insinuare
827 4899 1060 4967 studuit,
1092 4897 1209 4954 haec
1256 4896 1576 4952 meritorum
1625 4895 1814 4950 incre—

201 5003 394 5052 menta
427 4990 686 5065 signavit.
729 4988 827 5046 Ait
865 4987 1014 5044 enim
1049 5004 1060 5042 :
1093 4985 1294 5042 Audivi
1323 5002 1495 5040 uocem
1535 4983 1815 5039 verborum

201 5091 220 5122 ⁵
269 5086 410 5158 eius,
441 5090 490 5139 et
535 5083 756 5140 audiens
777 5079 1018 5153 jacebam
1047 5082 1408 5132 consalutatus
1436 5091 1596 5145 super
1625 5073 1816 5144 facient

277 5292 294 5325 ¹
330 5289 448 5356 AL,
481 5285 677 5356 spicas,
701 5283 797 5356 hic
824 5288 878 5338 et
904 5281 1071 5356 infra.
1264 5348 1293 5356 _
1461 5339 1466 5346 η

277 5361 301 5397 ³
329 5348 460 5442 ῩιιῘ.
493 5348 602 5442 ςιλ,
634 5348 884 5442 plerique
927 5354 1118 5411 Norm.
1161 5357 1215 5406 et
1261 5348 1567 5421 Sangerm,,
1602 5363 1719 5403 cum
1766 5362 1817 5399 se

201 5431 530 5508 produxerit
549 5429 776 5500 fructus.
1150 5493 1161 5502 _

279 5508 302 5541 ³
332 5506 456 5562 Non
487 5502 689 5574 legitur
721 5501 775 5554 in
809 5499 954 5570 spira
984 5496 1042 5552 in
1073 5495 1216 5552 Utlc.
1250 5499 1304 5548 et
1333 5493 1476 5564 plur.

280 5579 301 5611 ‘
334 5575 463 5633 Val.
497 5571 606 5641 Cl},
637 5571 694 5628 in
725 5577 954 5625 tortum.

278 5652 301 5683 ⁵
334 5650 502 5705 Deest
529 5635 644 5714 ejus
675 5643 732 5700 in
758 5641 927 5714 Utic.,
965 5641 1148 5714 liceo”
1188 5639 1338 5714 Prat.
1367 5643 1421 5692 et
1448 5635 1728 5714 Sangerm.

281 5724 304 5757 θ
335 5718 506 5778 Corb.
547 5709 762 5783 Germ,
803 5713 927 5772 Val.
975 5711 1058 5769 Cl.
1105 5719 1158 5768 et
1187 5709 1431 5785 plerique
1466 5709 1678 5774 Norm.,
1707 5723 1825 5760 eum.

212 5800 309 5900 ter:
325 5810 648 5922 ithuron.
681 5866 736 5916 et
764 5856 928 5916 Corb.
961 5857 1170 5924 Germ,
1201 5855 1271 5910 ad
1300 5852 1411 5923 eius
1431 5857 1710 5925 prcecepta.

1905 3296 2014 3354 quo
2047 3278 2264 3351 plenius
2283 3277 2664 3349 cognoscimus
2685 3277 2808 3349 plus
2828 3277 3107 3333 timemus.
3141 3274 3341 3332 Adhuc
3359 3275 3510 3335 enim

1884 3369 2060 3442 .quasi
2093 3368 2151 3423 in
2181 3374 2326 3423 terra
2348 3364 2514 3439 jacet,
2537 3367 2633 3440 qui
2663 3365 2731 3422 ad
2750 3365 2992 3423 cmlestia
3009 3366 3145 3438 erigi
3164 3372 3510 3422 terrenarum

1906 3457 2196 3514 desideriis
2240 3455 2489 3528 negligit.
2539 3455 2708 3524 Quasi
2747 3455 3064 3512 sublevatus
3104 3462 3287 3512 autem
3329 3453 3514 3512 adhuc

1909 3545 2165 3604 manibus
2202 3553 2257 3602 et
2289 3545 2520 3619 genibus
2542 3543 2832 3614 incumbit,
2858 3545 2952 3618 qui
2974 3544 3224 3619 quadam
3238 3543 3352 3616 jam
3374 3559 3514 3600 con-

1908 3637 2058 3709 tagia
2083 3635 2305 3704 deserit,
2328 3634 2424 3692 sed
2443 3634 2776 3709 quibusdam
2798 3634 2982 3692 adhuc
2997 3633 3234 3691 terrenis
3253 3629 3513 3704 operibus

1909 3742 2021 3782 non
2051 3724 2402 3782 contradicit.
2446 3724 2566 3780 Jam
2607 3739 2739 3780 vero
2768 3723 2838 3780 ad
2866 3723 3035 3779 verba
3061 3721 3160 3779 Dei
3189 3727 3403 3778 erectus
3432 3735 3512 3775 as-

1910 3818 2076 3885 sistit,
2099 3815 2194 3890 qui
2225 3814 2462 3886 perfecte
2494 3821 2731 3870 mentem
2754 3812 2822 3870 ad
2843 3813 3105 3869 sublimia
3134 3811 3315 3884 erigit,
3347 3816 3401 3866 et
3419 3824 3515 3882 per

1912 3903 2202 3963 immunda
2228 3896 2500 3958 desideria
2529 3901 2810 3956 incurvari
2839 3899 3164 3956 contemnit.

1982 3994 2073 4050 48.
2114 3994 2160 4049 Α
2195 3993 2380 4046 timore
2417 3991 2491 4046 ad
2527 4006 2762 4044 amorem
2803 3994 2852 4043 et
2877 3987 3186 4042 charitatem
3210 3983 3515 4056 pervenien-

1910 4084 2056 4138 dum.
2088 4112 2160 4122 —
2188 4081 2333 4135 Bene
2377 4086 2557 4134 autem
2588 4083 2913 4132 trementem
2955 4091 3012 4131 se
3039 4073 3253 4129 stetisse
3283 4071 3513 4140 indicat,

1914 4173 2044 4245 quia
2071 4186 2302 4227 examen
2334 4168 2660 4225 subtilitatis
2701 4166 2950 4234 internas,
2983 4180 3092 4238 quo
3124 4164 3248 4236 plus
3277 4163 3346 4219 ad
3375 4160 3516 4218 illud

1913 4261 2220 4335 proﬁcitur,
2245 4259 2482 4330 amplius
2504 4256 2850 4313 formidatur.
2886 4253 2991 4311 Ubi
3021 4261 3143 4327 apte
3171 4253 3360 4310 divina
3383 4268 3518 4310 voce

1914 4349 2268 4422 subjungitur
2301 4365 2312 4402 :
2347 4347 2472 4404 Noli
2501 4353 2746 4414 metuere,
2769 4344 2899 4418 quia
2927 4361 3052 4401 cum
3085 4344 3208 4416 plus
3237 4343 3343 4415 ipsi
3371 4341 3519 4416 quod

1917 4443 2209 4497 timeamus
2238 4437 2604 4510 agnoscimus,
2637 4436 2762 4508 plus
2796 4435 2956 4491 nobis
2985 4434 3052 4491 de
3082 4435 3195 4490 Deo
3226 4450 3322 4506 per
3351 4433 3520 4488 inter-

1915 4547 2042 4586 uam
2075 4529 2306 4602 gratiam
2337 4525 2652 4583 infunditur
2679 4524 2829 4598 quod
2857 4541 3134 4590 amemus;
3167 4531 3438 4596 quatenus
3467 4529 3524 4577 et

1915 4627 2264 4692 contemptus
2293 4625 2478 4674 noster
2506 4617 2784 4690 paulisper
2811 4623 3052 4672 transeat
3082 4615 3136 4671 in
3169 4615 3447 4681 timorem,
3468 4621 3524 4668 et

1921 4711 2090 4766 timor
2127 4716 2370 4766 transeat
2415 4709 2472 4763 in
2501 4707 2846 4774 charitatem,
2878 4713 2941 4760 ut
2968 4705 3095 4778 quia
3127 4704 3393 4778 quaerenti
3423 4718 3524 4757 nos

1921 4805 2034 4860 Deo
2067 4819 2163 4875 per
2191 4807 2572 4872 contemptum
2600 4799 2928 4865 resistimus,
2961 4812 3058 4869 per
3085 4797 3342 4852 timorem
3369 4791 3525 4863 fugi—

1924 4913 2069 4965 mus,
2102 4903 2156 4951 et
2193 4901 2513 4965 contemptu
2543 4892 2872 4966 quandoque
2891 4898 2946 4946 et
2973 4889 3170 4945 timore
3199 4883 3520 4958 postposito,

1924 4988 2043 5042 solo
2072 4986 2119 5042 ei
2153 5001 2341 5042 amore
2365 4983 2682 5056 jungamur.
2714 4980 3001 5051 Paulisper
3029 4977 3178 5032 enim
3209 4977 3230 5010 9
3261 4974 3426 5029 etiam
3457 4969 3525 5025 ti-

1929 5093 2138 5134 morem
2169 5075 2288 5147 ejus
2315 5074 2602 5141 discimus,
2635 5070 2793 5144 cujus
2823 5069 2996 5125 solius
3023 5063 3309 5121 dilectioni
3341 5059 3528 5117 inhae-

1999 5273 2021 5305 “
2053 5272 2114 5328 In
2145 5270 2428 5337 German,
2460 5267 2624 5326 Corb.
2655 5265 2863 5337 Germ.,
2895 5259 3084 5337 ῌςθεῇρ,
3107 5265 3161 5314 et
3181 5258 3277 5337 aL,
3298 5261 3531 5337 uentrem

1932 5346 2181 5400 levamus.
2215 5343 2306 5399 Sic
2346 5329 2579 5414 quoque
2599 5337 2797 5414 legitur
2829 5329 2885 5389 in
2913 5329 3096 5414 Editis
3125 5329 3291 5414 etiam
3321 5335 3527 5386 vetust.

1928 5415 2278 5471 Praetulimus
2297 5405 2490 5468 tamen
2509 5405 2673 5466 aliani
2703 5407 2853 5473 lect.,
2877 5409 3094 5472 mentem
3124 5405 3377 5468 levamus,
3409 5417 3531 5474 qua:

1929 5495 2010 5542 est
2039 5487 2167 5542 Mss.
2204 5483 2420 5556 Anglic.
2453 5490 2506 5538 et
2535 5482 2722 5556 Diom}.

2002 5561 2022 5594 θ
2055 5557 2217 5615 Corb.
2251 5545 2434 5611 (form.
2467 5561 2522 5609 et
2550 5550 2809 5617 Vindoc.,
2833 5549 2991 5606 etiam
3021 5548 3200 5603 timere
3227 5545 3532 5608 didicimus,

1931 5633 2078 5702 eique
2097 5630 2147 5686 vi
2167 5629 2268 5684 soli
2274 5645 2331 5681 us
2336 5625 2635 5702 dilectionis
2657 5623 2987 5678 inlueremus.
3009 5621 3088 5702 ita
3101 5617 3530 5702 quoquehandf,

1937 5691 2058 5760 val.
2109 5701 2192 5760 Cl.
2235 5708 2289 5756 et
2335 5700 2564 5765 Turon.,
2601 5702 2810 5752 mutato
2855 5691 3133 5769 praeterito
3167 5691 3449 5769 didicimus
3480 5691 3534 5741 in

1937 5792 2172 5849 praesens
2201 5772 2468 5828 discimus.
2501 5762 2574 5827 At
2603 5769 2814 5837 Norm.,
2838 5762 2956 5823 cum
2982 5766 3166 5822 timore
3185 5762 3534 5818 descissimus,

1936 5849 2104 5920 eique,
2134 5853 2238 5902 etc.
