3928 6400
1655 358 1905 418 SANCTI
1941 358 2037 420 GR
2053 358 2301 421 EGORII
2340 358 2571 419 MAGN!

3680 362 3792 422 244

460 501 664 543 remus.
695 483 981 556 Appositis
1022 483 1192 557 igitur
1230 485 1387 559 quasi
1427 483 1757 558 quibusdam
1801 484 2061 559 gradibus
2086 488 2139 550 Α
2167 500 2389 542 rursum
2434 485 2592 542 mille
2624 484 2870 556 metitur,
2902 493 2959 542 et
2988 486 3258 558 propheta
3298 499 3472 558 usque
3500 485 3570 543 ad
3599 486 3789 560 genua

460 574 739 648 profectus
781 573 978 642 nostri,
1009 575 1211 632 mentis
1250 574 1444 648 pedem
1483 576 1636 648 prius
1674 593 1771 650 per
1800 577 2056 634 timorem

460 665 521 721 in
551 663 664 720 imo
693 663 972 736 ponimus,
991 672 1048 720 et
1074 665 1425 737 postmodum
1457 682 1552 738 per
1582 666 1905 724 charitatem
1940 667 1957 702 ί
1989 665 2058 724 ad

460 753 573 811 alta
599 751 804 809 amoris
831 752 1098 822 levamus,
1128 753 1153 789 ³
1180 760 1245 811 ιιι
1271 753 1340 811 ab
1367 771 1433 812 eo
1461 771 1571 828 quo
1598 755 1832 829 quisque
1860 762 2057 824 tumet,

461 842 796 916 reprimatur
830 849 894 899 ut
934 842 1146 912 timeat,
1176 851 1234 900 et
1277 843 1346 901 ab
1393 862 1458 902 eo
1501 844 1649 918 quod
1680 843 1797 918 jam
1838 845 2056 914 metuit,

458 933 781 992 sublevetur
809 941 872 990 ut
899 943 1210 1008 praesumat.
1233 936 1346 994 Hos
1365 943 1547 993 autem
1567 936 1838 993 virtutum
1861 935 2060 1011 gradus

462 1041 577 1085 non
604 1025 789 1098 magni
817 1022 1022 1082 laboris
1049 1024 1072 1061 ³
1101 1032 1184 1083 est
1211 1024 1569 1100 prehendere,
1599 1041 1725 1083 cum
1755 1025 1824 1083 ab
1852 1042 1964 1084 una
1991 1029 2059 1085 ad

460 1116 690 1174 alteram
718 1115 1009 1174 transitur.

530 1204 620 1265 49.
653 1205 1001 1279 Singularum
1025 1205 1285 1262 virtutum
1316 1206 1518 1279 gradus
1553 1214 1678 1264 sunt
1708 1208 1871 1265 varii.
1912 1207 2066 1266 Fidei

460 1301 802 1359 incremmta.
831 1329 905 1343 —
931 1298 1038 1357 Sed
1067 1299 1431 1357 subtilissima
1458 1299 1835 1374 disputatione
1865 1316 1952 1356 res
1983 1300 2064 1356 in-

463 1389 635 1462 diget,
665 1404 793 1448 cum
839 1405 995 1446 mens
1028 1404 1255 1463 pensare
1283 1389 1504 1460 nititur,
1537 1390 1595 1446 in
1624 1406 1737 1447 una
1764 1389 2064 1464 eademque

463 1479 672 1538 virtute
718 1479 920 1554 quibus
962 1479 1240 1553 profectus
1284 1481 1373 1537 sui
1409 1479 1668 1555 gradibus
1695 1481 1962 1538 elevetur.
1996 1481 2070 1538 Ut

458 1573 611 1630 enim
641 1573 820 1646 prima
846 1573 1116 1631 elementa
1143 1572 1436 1642 virtutum,
1468 1572 1635 1631 ﬁdem
1663 1573 1875 1630 scilicet
1905 1579 1960 1629 et
1987 1587 2069 1628 sa-

464 1663 752 1736 pientiam,
776 1664 988 1736 loquar,
1009 1663 1250 1721 obtineri
1269 1663 1489 1736 singula
1507 1664 1747 1736 perfecte
1765 1669 2067 1736 nequeunt,

461 1750 575 1808 nisi
603 1750 674 1808 ad
701 1751 822 1808 haec
848 1749 1128 1808 distinctis
1156 1751 1535 1824 ordinatisque
1554 1751 1752 1819 modis,
1776 1751 1934 1824 quasi
1952 1749 2077 1823 qui.

2167 591 2266 648 per
2295 591 2493 650 aquam
2525 575 2771 644 ducitur,
2804 574 2935 648 quia
2962 590 3089 633 cum
3109 573 3244 632 boni
3275 573 3457 647 operis
3486 576 3781 647 plenitudo

2166 663 2452 734 tribuitur,
2484 663 2553 721 ad
2583 662 2691 721 hoc
2717 679 2892 738 usque
2919 671 3112 721 nostra
3139 663 3412 737 sapientia
3441 671 3697 736 augetur,
3718 673 3787 722 ut

2170 753 2229 811 in
2257 753 2441 826 pravis
2455 752 2572 826 jam
2591 753 2806 812 actibus
2826 753 3057 810 minime
3076 753 3350 812 ﬂectatur.
3374 754 3520 812 Hinc
3539 771 3783 830 namque

2168 860 2264 916 per
2291 843 2523 900 Paulum
2550 843 2758 902 dicitur
2779 861 2793 901 :
2817 844 3082 903 Remissas
3108 860 3295 901 manus
3322 848 3372 900 et
3397 844 3661 901 dissoluta
3688 862 3788 917 ge-

2168 949 2280 988 nua
2320 931 2524 1004 erigite,
2563 937 2612 988 et
2652 948 2862 1004 gressus
2904 938 3073 988 rectos
3117 931 3277 1004 facite
3314 931 3541 1005 pedibus
3583 933 3780 990 vestris

2173 1023 2324 1096 (Heb.
2356 1039 2460 1092 xu,
2493 1023 2606 1098 i2).
2638 1024 2800 1098 Aqua
2844 1038 2972 1096 ergo
3016 1023 3086 1079 ad
3125 1039 3303 1095 genua
3342 1025 3601 1097 pervenit
3649 1042 3783 1084 cum

2171 1129 2272 1170 nos
2299 1119 2554 1186 percepta
2583 1112 2850 1186 sapientia
2876 1112 3114 1186 perfecte
3141 1112 3211 1169 ad
3238 1111 3373 1169 boni
3401 1113 3585 1187 operis
3618 1113 3786 1172 recti-

2172 1201 2423 1260 tudinem
2451 1202 2692 1276 stringit.
2725 1203 2832 1273 Qui
2861 1204 3062 1260 iterum
3090 1203 3321 1260 metitur
3349 1204 3526 1274 mille,
3556 1211 3617 1262 et
3646 1220 3791 1278 pro-

2173 1291 2343 1367 pheta
2369 1310 2466 1368 per
2492 1310 2693 1368 aquam
2721 1309 2895 1368 usque
2925 1292 2993 1351 ad
3022 1309 3180 1350 renes
3207 1293 3453 1365 ducitur,
3475 1295 3609 1371 quia
3626 1295 3785 1355 vide-

2175 1383 2306 1442 licet
2332 1391 2467 1442 tunc
2495 1384 2554 1440 in
2573 1384 2736 1442 nobis
2754 1383 3043 1456 plenitudo
3063 1387 3246 1458 operis
3265 1386 3538 1446 excrescit
3556 1387 3790 1462 quando

2178 1473 2238 1529 iu
2254 1473 2416 1530 nobis
2444 1482 2698 1547 percepta
2724 1475 2997 1548 sapientia
3021 1491 3245 1533 omnem
3265 1494 3505 1554 quoque,
3530 1479 3589 1535 in
3612 1494 3788 1554 quan-

2177 1574 2297 1622 tum
2339 1573 2423 1622 est
2448 1565 2730 1638 possibile,
2760 1565 3181 1626 delectationem
3209 1571 3394 1628 carnis
3421 1570 3784 1628 exstinxerit.

2178 1655 2295 1714 Nisi
2323 1655 2473 1713 enim
2501 1655 2682 1714 carnis
2708 1655 3000 1714 delectatio
3028 1667 3168 1716 esset
3186 1660 3245 1716 in
3273 1660 3520 1731 renibus,
3552 1661 3790 1719 Psalmi-

2180 1754 2265 1803 sta
2291 1746 2523 1804 minime
2561 1746 2796 1804 dixisset
2826 1764 2839 1805 :
2879 1749 2983 1806 Ure
3023 1767 3172 1807 renes
3204 1769 3366 1820 meos,
3397 1758 3448 1808 et
3490 1769 3586 1809 cor
3615 1769 3787 1809 meum

463 1839 698 1897 busdam
728 1838 1010 1912 gradibus,
1041 1838 1419 1897 ascendamus.
1442 1840 1565 1912 Ipsa
1591 1840 1741 1896 enim
1771 1838 1927 1908 ﬁdes,
1951 1855 2072 1914 quae
2099 1853 2146 1915 Β
2183 1836 2359 1909 (Psai.
2389 1852 2528 1904 xxv,
2550 1835 2631 1908 2).
2661 1837 2821 1910 Aqua
2848 1837 3018 1912 igitur
3043 1838 3114 1896 ad
3141 1857 3300 1898 renes
3325 1841 3482 1898 venit
3511 1858 3646 1900 cum
3665 1841 3786 1900 dul-

464 1927 537 1987 ad
575 1927 723 1985 bona
761 1926 873 1985 alia
911 1929 1149 2000 perfecte
1193 1927 1524 2000 capessenda
1563 1945 1664 1986 nos
1702 1928 1924 1998 imbuit,
1956 1929 2067 2003 ple-

466 2032 702 2091 rumque
740 2015 798 2073 in
845 2015 1092 2074 exordiis
1131 2016 1246 2073 suis
1286 2025 1343 2074 et
1370 2023 1549 2087 nutat,
1581 2025 1636 2075 et
1663 2017 1840 2075 solida
1868 2026 1982 2086 est;
2013 2027 2070 2076 et

459 2104 575 2178 jam
623 2103 929 2164 certissime
975 2103 1230 2173 habetur,
1271 2111 1327 2161 et
1367 2112 1551 2162 tamen
1592 2105 1661 2163 de
1706 2106 1825 2180 ejus
1865 2107 2069 2166 ﬁducia

467 2195 651 2256 adhuc
676 2196 781 2255 sub
807 2195 1154 2254 dubitatione
1181 2195 1505 2269 trepidatur.
1537 2197 1668 2255 Pars
1694 2214 1932 2273 namque
1949 2197 2068 2271 ejus

467 2285 622 2358 prius
668 2286 957 2359 accipitur,
1003 2293 1068 2343 ut
1111 2285 1170 2343 in
1215 2285 1376 2342 nobis
1421 2287 1774 2358 postmodum
1829 2287 2068 2362 perfecte

470 2375 828 2448 compleatur.
853 2376 911 2434 Si
929 2376 1080 2434 enim
1115 2382 1266 2435 certo
1293 2375 1467 2450 gradu
1495 2377 1553 2432 in
1580 2377 1858 2436 credentis
1886 2385 2069 2436 mente

468 2479 579 2519 non
600 2463 910 2536 proficeret,
932 2463 1230 2537 requisitus
1261 2463 1320 2519 in
1339 2465 1642 2536 Evangelio
1662 2473 1816 2539 pater
1834 2466 2066 2524 sanandi

466 2552 622 2626 pueri
650 2568 762 2611 non
788 2551 1021 2612 divisset
1043 2570 1056 2610 :
1085 2553 1278 2620 Credo,
1298 2553 1544 2621 Domine,
1562 2552 1766 2625 adjuva
1785 2556 2066 2614 increduli-

470 2646 626 2697 tatem
651 2658 820 2699 meum
851 2642 1044 2716 (Marc.
1076 2659 1157 2713 rx,
1187 2641 1304 2716 23).
1341 2641 1538 2700 Adhuc
1565 2660 1696 2716 ergo
1742 2644 2067 2703 ascendebat

467 2731 537 2788 ad
581 2731 747 2789 ﬁdem
794 2749 959 2808 quam
991 2731 1107 2806 jam
1137 2741 1467 2808 perceperat,
1499 2733 1596 2807 qui
1625 2749 1737 2791 uno
1765 2734 2068 2810 eodemque

467 2828 713 2896 tempore
759 2822 1032 2880 clamabat
1076 2839 1133 2880 se
1179 2831 1234 2879 et
1267 2821 1381 2896 jam
1423 2821 1664 2892 credere,
1696 2829 1752 2881 et
1787 2822 1968 2881 adhuc
1995 2840 2066 2881 ex

469 2911 858 2970 incredulitate
887 2911 1159 2970 dubitare.
1184 2912 1328 2970 Hinc
1354 2919 1436 2970 est
1463 2913 1631 2970 etiam
1662 2912 1811 2987 quod
1838 2913 2067 2971 Redem-

468 3012 612 3084 ptori
654 3020 844 3070 nostro
883 3031 917 3072 a
957 3013 1246 3088 discipulis
1282 3012 1491 3071 dicitur
1522 3031 1535 3070 :
1568 3008 1714 3070 723
1741 3013 1890 3087 Auge
1915 3014 2067 3071 nobis

465 3101 622 3173 [idem
643 3101 796 3175 (Luc.
820 3119 967 3173 xvn,
985 3103 1068 3176 ὅ),
1089 3111 1155 3161 ιιι
1171 3120 1294 3178 qua)
1315 3101 1433 3177 jam
1462 3111 1686 3176 accepta
1714 3118 1811 3176 per
1840 3103 2065 3160 initium

2174 1925 2310 1983 cedo
2337 1924 2620 1998 sapientia:
2648 1925 2815 1983 etiam
2845 1925 3127 1985 incentiva
3154 1931 3338 1987 carnis
3358 1930 3660 1998 interimit,
3681 1931 3704 1968 ⁵
3725 1938 3788 1988 ιιι

2175 2029 2239 2071 ea
2265 2030 2387 2088 qua:
2405 2030 2565 2071 urere
2585 2022 2826 2072 mentem
2848 2025 3101 2089 poterant
3114 2018 3501 2077 delectationis
3524 2019 3789 2078 incendia

2176 2102 2490 2175 frigescant.
2521 2103 2628 2172 Qui
2669 2103 2851 2164 adhuc
2889 2122 3112 2164 mensus
3143 2117 3228 2166 est
3267 2109 3443 2178 mille,
3476 2117 3784 2167 torrentem

2177 2191 2455 2262 videlicet,
2487 2209 2650 2267 quem
2679 2195 2948 2268 propheta
2976 2199 3307 2270 pertransire
3335 2216 3449 2256 non
3477 2201 3689 2273 potuit,
3720 2199 3787 2257 de

2176 2298 2285 2356 quo
2303 2282 2469 2341 etiam
2486 2282 2624 2341 dicit
2646 2301 2658 2340 :
2685 2285 3786 2362 Quoniamintumueruntaquwprofmtdw

2179 2373 2448 2439 torrentis,
2462 2372 2556 2444 qui
2573 2389 2681 2429 non
2694 2379 2863 2446 potest
2882 2376 3249 2435 transvadari.
3263 2377 3528 2451 Percepta
3548 2394 3784 2453 namque

2176 2460 2514 2534 perfectione
2553 2463 2734 2536 operis
2775 2463 2844 2521 ad
2881 2467 3403 2539 contemplationem
3439 2469 3694 2525 venitur.
3725 2470 3784 2526 In

2175 2571 2284 2629 qua
2310 2555 2524 2612 scilicet
2540 2557 3005 2630 contemplatione
3037 2558 3172 2617 dum
3203 2577 3360 2618 mens
3389 2561 3448 2617 in
3478 2562 3663 2618 altum
3690 2559 3784 2618 du-

2175 2643 2340 2713 citur,
2372 2644 2658 2702 sublevata
2685 2645 2838 2703 videt
2866 2647 2926 2703 in
2956 2648 3090 2717 Deo,
3113 2649 3244 2722 quia
3272 2665 3385 2705 non
3415 2657 3608 2723 potest
3625 2665 3781 2724 pene-

2175 2739 2320 2790 trare
2364 2733 2512 2808 quod
2559 2734 2733 2804 videt,
2764 2744 2819 2794 et
2859 2737 3015 2811 quasi
3058 2737 3235 2811 tangit
3261 2753 3462 2812 aquam
3491 2739 3779 2808 torrentis,

2173 2842 2339 2900 quam
2369 2826 2700 2898 pertransire
2727 2843 2840 2885 non
2867 2828 3040 2896 valet,
3060 2828 3192 2902 quia
3216 2835 3272 2885 et
3300 2828 3560 2886 intuetur
3586 2846 3782 2904 specu-

2174 2915 2339 2972 lando
2367 2914 2515 2990 quod
2544 2915 2732 2986 libeat,
2754 2925 2809 2974 et
2837 2924 3023 2974 tamen
3053 2917 3160 2976 hoc
3188 2918 3370 2992 ipsum
3398 2919 3648 2993 perfecte
3677 2937 3781 2979 non

2173 3007 2320 3064 valet
2361 3005 2568 3064 intueri
2615 3008 2764 3081 quod
2795 3007 2950 3066 libet.
2980 3009 3257 3082 Propheta
3286 3025 3417 3083 ergo
3447 3011 3779 3087 quandoque

2172 3094 2242 3152 ad
2283 3111 2481 3169 aquam
2524 3096 2796 3169 pervenit,
2828 3113 2993 3171 quam
3034 3114 3147 3154 non
3187 3100 3505 3171 pertransit,
3539 3102 3678 3177 quia
3714 3100 3783 3158 ad

466 3188 664 3262 fuerat,
682 3191 840 3265 quasi
859 3208 957 3266 per
973 3199 1268 3265 augmenta
1286 3191 1553 3266 graduum
1574 3191 1642 3248 ad
1671 3191 2063 3266 perfectionem
2095 3219 2142 3283 α
2172 3186 2697 3283 contemplationem
2726 3187 3008 3283 sapientiai
3034 3205 3161 3248 cum
3192 3190 3261 3248 ad
3288 3198 3613 3283 extremum
3631 3191 3781 3283 duci.

468 3282 705 3339 veniret.

2186 3290 2330 3344 mur,
2354 3275 2474 3349 ipsa
2498 3273 2617 3348 ejus
2644 3276 3005 3348 immensitas,
3027 3295 3148 3354 quas
3176 3296 3247 3336 ex
3275 3297 3333 3338 se
3353 3279 3648 3341 hominem
3665 3281 3784 3340 sub-

540 3368 681 3444 [Vet.
713 3367 922 3445 XXII.]
952 3369 1043 3428 50.
1077 3370 1352 3444 Sapientia
1395 3371 1654 3429 bonorum
1697 3387 1916 3446 operum
1956 3388 2077 3430 ma.
2184 3367 2350 3436 levat,
2373 3366 2443 3424 ad
2468 3383 2526 3425 se
2553 3365 2797 3426 humano
2825 3369 3011 3428 animo
3040 3371 3257 3444 plenam
3285 3372 3670 3446 cognitionem
3698 3389 3784 3431 ne-

458 3460 658 3532 gistra,
681 3476 784 3533 per
807 3460 1130 3517 incrementa
1159 3459 1432 3518 tribuitur.
1463 3461 1678 3519 Diversi
1704 3461 1822 3533 ejus
1849 3463 2073 3534 gradus.

2184 3465 2294 3532 gat,
2323 3465 2386 3514 ut
2412 3456 2556 3517 hanc
2574 3465 2629 3515 et
2655 3459 2930 3532 tangendo
2956 3469 3120 3532 amet,
3143 3470 3199 3520 et
3223 3470 3407 3520 tamen
3435 3478 3781 3539 nequaquam

467 3549 663 3622 -Ipsa
689 3564 908 3624 quoque
936 3549 1223 3623 sapientia,
1255 3567 1376 3624 qua)
1403 3566 1520 3608 esse
1546 3550 1820 3608 bonorum
1842 3566 2074 3624 operum
2183 3547 2616 3622 pertranseundo
2644 3559 2910 3622 penetret.

464 3637 610 3696 solet
636 3638 918 3712 magistra,
950 3637 1235 3720 anhelanti
1276 3642 1448 3698 menti
1478 3656 1575 3715 per
1604 3640 1948 3698 incrementa
1974 3641 2074 3698 tri-

2251 3638 2343 3696 51.
2372 3639 2472 3696 His
2497 3641 2740 3708 emensis,
2769 3641 2842 3698 ad
2867 3642 3356 3715 contemplationem
3376 3645 3784 3718 pervenitur.—

467 3727 679 3798 buitur,
700 3737 766 3786 ut
791 3728 861 3787 ad
887 3745 1009 3788 eam
1033 3729 1225 3803 procul
1253 3729 1426 3797 dubio
1454 3730 1637 3804 magni
1672 3729 2071 3790 moderaminis
2182 3738 2380 3795 Beatus
2435 3738 2605 3811 igitur
2645 3737 2748 3795 Job
2795 3738 2915 3799 haec
2943 3740 3284 3799 incrementa
3328 3741 3618 3800 virtutum
3646 3737 3785 3799 724

399 3892 405 3901 _
466 3817 728 3891 gradibus
773 3818 1117 3878 ascendatur.
1163 3820 1322 3898 Quod
1350 3821 1491 3880 bene
1521 3819 1779 3879 Ezechiel
1796 3821 2077 3897 propheta
2182 3828 2313 3903 quia
2366 3827 2627 3888 distincte
2683 3828 3006 3888 hominibus
3049 3846 3290 3904 superno
3334 3848 3572 3891 munere
3617 3833 3780 3891 tribui

467 3908 705 3982 figurata
726 3911 1042 3969 narratione
1061 3910 1374 3981 denuntiat,
1396 3912 1493 3986 qui
1512 3911 1581 3969 de
1599 3928 1665 3969 eo
1687 3912 1809 3969 viro
1829 3928 1994 3987 quem
2015 3912 2074 3968 in
2181 3918 2488 3991 conspexit,
2520 3916 2718 3990 gradus
2744 3919 2984 3988 vocavit,
3008 3920 3270 3994 quoniam
3300 3936 3400 3994 per
3429 3919 3584 3994 ipsos
3603 3938 3777 3981 ascen-

466 4001 686 4058 excelso
714 4010 902 4060 monte
933 4001 1150 4060 viderat
1176 4010 1366 4060 narrat
1393 4001 1620 4060 dicens:
1644 4003 1858 4062 Mensas
1885 4008 1964 4059 est
1986 4018 2074 4058 σα-
2181 4005 2334 4067 ditur
2359 4014 2422 4062 ιιι
2439 4007 2510 4064 ad
2530 4007 2775 4065 cmlestia
2792 4007 3096 4066 obtinenda
3123 4009 3399 4068 veniatur.
3424 4010 3582 4068 Sacri
3604 4013 3778 4086 itaque

466 4088 600 4147 bitas
627 4092 796 4159 mitte,
817 4098 867 4149 et
885 4093 1199 4150 transduxit
1213 4109 1296 4149 me
1308 4109 1410 4165 per
1425 4107 1624 4165 aquam
1641 4108 1806 4164 usque
1823 4092 1895 4149 ad
1915 4092 2070 4148 talos.
2182 4096 2332 4167 libri,
2357 4097 2414 4154 id
2441 4105 2524 4154 est
2551 4096 2730 4154 divini
2751 4098 2979 4172 eloquii,
3003 4098 3325 4156 memoriam
3355 4099 3587 4171 faciens,
3609 4101 3773 4160 dicit:

465 4178 801 4250 Rursumque
845 4197 1055 4237 mensus
1091 4187 1169 4237 est
1208 4181 1376 4250 mille,
1418 4187 1489 4260 et,
1505 4181 1818 4238 transduxit
1855 4198 1938 4237 me
1978 4197 2078 4253 per
2181 4187 2288 4245 Per
2313 4188 2549 4262 singulos
2573 4189 2776 4260 gradus
2800 4205 2940 4245 meos
2960 4189 3322 4262 pronuntiabo
3350 4191 3534 4258 illum,
3557 4193 3687 4267 quia
3703 4191 3778 4247 ni-

466 4283 669 4338 aquam
691 4284 856 4339 usque
879 4269 954 4325 ad
977 4285 1166 4341 genua.
1189 4272 1265 4328 Et
1290 4286 1500 4326 mensus
1526 4277 1603 4326 est
1626 4271 1793 4341 mitte,
1825 4279 1876 4328 et
1902 4277 2077 4355 trans:
2183 4275 2387 4334 mirum
2418 4277 2512 4335 ille
2540 4277 2611 4335 ad
2638 4278 2949 4335 doctrinam
2977 4279 3079 4336 Dei
3111 4279 3381 4336 veraciter
3397 4281 3668 4351 ascendit,
3689 4280 3776 4355 qui

467 4355 628 4411 ditarit
662 4372 746 4412 me
785 4373 886 4428 per
923 4373 1122 4429 aquam
1166 4374 1329 4428 usque
1368 4358 1441 4414 ad
1466 4374 1634 4416 renes.
1665 4361 1743 4415 Et
1767 4376 1975 4416 manus
2002 4346 2078 4416 es‘
2182 4364 2251 4422 ad
2269 4365 2624 4422 obtinendam
2647 4366 2790 4426 hanc
2810 4367 3071 4440 gradibus
3090 4375 3292 4426 sanctae
3308 4346 3779 4442 operationis'eru-

465 4445 614 4534 inille
632 4446 654 4481 ὀ
675 4450 979 4516 torrentem,
996 4462 1149 4518 quem
1165 4463 1273 4503 non
1286 4447 1439 4519 potui
1452 4448 1806 4520 pertransire,
1821 4451 2077 4534 quoniam
2183 4455 2344 4528 perit.
2375 4456 2450 4512 Et
2476 4456 2632 4530 quasi
2662 4473 2760 4530 per
2786 4457 3034 4531 singulos
3062 4456 3264 4532 gradus
3292 4474 3422 4516 suos
3437 4459 3646 4517 librum
3665 4477 3779 4534 pro-

462 4531 1322 4646 intumuerunt’a‘quwlprofh'undtf
1343 4535 1620 4646 :qrrlentis,
1652 4537 1745 4608 qui
1772 4554 1881 4594 non
1903 4533 2078 4646 potest
2103 4585 2153 4646 Β
2183 4546 2422 4646 nuntiat,
2454 4545 2550 4620 qui
2596 4548 2900 4646 percepisse
2938 4565 2997 4646 se
3043 4531 3162 4622 ejus
3198 4549 3486 4646 scientiam
3534 4568 3648 4608 non
3668 4531 3778 4624 iper

468 4621 817 4713 transmutari
835 4621 1054 4696 (Ezech.
1073 4638 1252 4694 XLVII,
1282 4622 1421 4697 3-5).
1453 4623 1600 4693 Quid
1626 4641 1865 4702 namque
1895 4628 2073 4686 mille-
2103 4621 2152 4646 ”
2181 4635 2349 4693 verba
2374 4636 2777 4705 tantummodo,
2801 4637 2897 4695 sed
2916 4621 3083 4696 etiam
3103 4655 3200 4713 per
3227 4655 3394 4712 opera
3420 4621 3773 4698 demonstrat.

467 4711 626 4770 nario
639 4729 872 4773 numero
889 4715 1000 4773 nisi
1019 4714 1207 4772 collati
1221 4715 1465 4772 muneris
1480 4715 1771 4788 plenitudo
1781 4718 2077 4791 signatur?
2183 4724 2338 4783 Unde
2369 4724 2551 4784 adhuc
2579 4725 2836 4783 subditur
2869 4744 2882 4784 :

467 4801 574 4860 Vir
614 4801 799 4878 itaque
843 4804 942 4878 qui
988 4804 1243 4878 apparuit
1289 4803 1442 4860 mille
1485 4803 1703 4863 cubitos
1738 4806 1986 4876 metitur,
2017 4819 2073 4869 et
2253 4815 2426 4873 Vna.
2459 4814 2550 4872 37.
2579 4845 2653 4858 —
2680 4817 2758 4874 Et
2781 4817 2938 4890 quasi
2960 4817 3201 4892 principi
3226 4819 3449 4891 offeram
3475 4835 3614 4876 eum.

467 4893 737 4969 propheta
764 4912 862 4970 per
889 4911 1060 4970 aquas
1088 4911 1263 4971 usque
1291 4896 1360 4953 ad
1387 4897 1531 4954 talos
1556 4895 1799 4968 ducitur,
1823 4898 1954 4971 quia
1970 4898 2072 4957 Re-
2252 4906 2429 4964 Omne
2459 4905 2609 4963 enim
2639 4907 2788 4980 quod
2818 4907 3125 4978 offerimus,
3150 4908 3209 4965 in
3228 4908 3484 4967 manibus
3510 4916 3771 4966 tenemus.

464 4984 721 5074 demptor
748 4993 938 5044 noster
962 5001 1091 5045 cum
1110 4985 1273 5044 nobis
1291 4986 1364 5044 ad
1380 5002 1438 5044 se
1455 4987 1740 5045 conversis
1757 4987 1893 5045 boni
1911 5003 2070 5045 exor-
2180 4995 2438 5054 Venienti
2467 5011 2596 5070 ergo
2615 4996 2684 5054 ad
2698 4996 2976 5072 judicium
2997 4999 3238 5074 principi
3258 4998 3466 5057 librum
3485 4999 3682 5058 offerre
3700 5003 3773 5054 est

464 5073 544 5131 dii
588 5075 994 5150 plenitudinem
1041 5074 1262 5144 tribuit,
1291 5075 1440 5133 dono
1479 5075 1746 5148 spiritalis
1775 5077 2068 5150 sapientia
2177 5085 2345 5142 verba
2385 5094 2784 5161 praeceptorum
2829 5088 2982 5147 illius
3029 5090 3086 5146 in
3131 5073 3349 5147 actione
3377 5090 3642 5148 tenuisse.
3672 5088 3773 5147 Se-

464 5163 641 5236 prima
669 5165 845 5222 nostri
875 5165 1058 5239 operis
1087 5163 1320 5238 vestigia
1338 5163 1604 5221 infundit.
1628 5165 1844 5239 Aquam
1864 5167 2068 5241 quippe
2175 5175 2366 5248 quitur
2399 5193 2411 5232 :

465 5268 640 5342 usque
666 5253 737 5310 ad
764 5255 907 5342 talos
935 5253 1128 5311 venire
1157 5259 1241 5342 est
1260 5250 1380 5342 jam
1408 5268 1510 5342 nos
1537 5268 1635 5342 per
1661 5262 1939 5342 acceptam
1967 5272 2066 5314 sa-
2410 5263 2637 5324 CAPUT
2666 5266 2800 5325 XXI
2831 5265 2970 5342 [Vet.
3001 5268 3217 5336 XXIII,
3246 5269 3366 5327 Res.
3400 5265 3550 5342 XV].

467 5340 732 5413 pientiam
758 5340 1080 5400 desiderata)
1107 5339 1460 5400 rectitudinis
1482 5340 1713 5415 vestigia
1730 5348 1935 5403 tenere.
1957 5343 2066 5414 Qui
2246 5351 2418 5412 Vnus.
2451 5353 2632 5414 38-40.
2650 5385 2723 5398 —
2739 5356 2799 5416 Si
2825 5339 3110 5415 adversum
3135 5375 3217 5415 me
3246 5363 3393 5416 terra
3422 5339 3538 5416 nteit
3567 5356 3770 5421 clamat,

544 5558 561 5593 ι
591 5557 675 5614 Ita
703 5556 864 5615 Corb.
898 5558 1107 5628 Germ.,
1137 5557 1351 5624 Norm.,
1385 5556 1583 5626 Laud.,
1617 5560 1741 5619 Val.
1764 5561 1846 5618 Cl.
1869 5570 1926 5620 et
1954 5570 2063 5620 vet.

467 5628 876 5702 EditLLegitur
900 5646 1102 5696 amore,
1133 5627 1192 5685 in
1219 5628 1404 5702 Germ.
1435 5636 1492 5687 et
1519 5629 1577 5688 in
1604 5631 1708 5688 Ed.
1742 5641 1944 5691 recent.

537 5702 565 5784 ξ
590 5701 714 5784 val.
735 5699 852 5769 'Cl.,
878 5707 934 5758 ut
957 5702 1025 5758 ab
1051 5719 1109 5758 eo
1137 5699 1279 5772 quod
1303 5699 1424 5772 quis
1451 5703 1685 5774 quietum
1713 5705 1886 5770 sentit,
1917 5710 1964 5761 et
1992 5723 2068 5762 re-

464 5778 795 5916 "infixa,
819 5844 1053 5905 Vindoc.
1077 5852 1132 5903 et
1152 5841 1275 5902 Val.
1317 5840 1424 5913 CL,
1446 5850 1521 5901 est
1532 5847 1869 5920 perpendere.
1903 5818 2065 5910 0δὼ-

2176 5566 2358 5644 Germ.
2388 5577 2448 5644 et
2468 5570 2672 5644 Laud,
2706 5577 2780 5628 est
2800 5573 3050 5644 pendere.

2250 5640 2270 5716 ξ
2301 5639 2425 5716 Xa}.
2457 5641 2540 5716 C_|.
2572 5651 2628 5700 et
2655 5639 2888 5712 Gemét.,
2923 5650 3303 5715 torrentemque
3333 5661 3438 5699 non
3462 5642 3642 5716 potui.

2247 5711 2269 5796 ξ
2301 5710 2423 5796 Yal,
2473 5710 2580 5796 ςι,
2622 5722 2688 5796 ut
2735 5733 2796 5773 ea
2815 5710 2932 5788 qua:
2958 5716 3168 5774 virilem
3211 5710 3426 5773 iacntem
3452 5710 3774 5790 premebant.

2177 5782 2551 5853 delectationis,
2583 5793 2688 5845 etc.
