3928 6438
183 351 310 414 245

984 355 1357 417 MORALIUM
1393 358 1529 418 LIB.
1571 361 1750 423 XXII.
1789 393 1861 411 --
1899 367 1970 425 ΙΝ
2007 367 2238 428 CAPUT
2277 370 2468 432 XXXI
2507 375 2571 432 B.
2612 376 2756 435 .lOB.

3429 387 3536 447 246

184 488 248 585 et
271 495 400 536 cum
424 479 550 553 ipsa
738 482 852 585 ejus
880 484 1091 585 deﬂent;
1145 487 1197 585 si
1220 486 1430 585 frtwtus
1481 489 1596 585 ejus
1859 494 1912 555 A
1931 496 2368 569 compassionem
2397 499 2605 558 dolent.
2640 502 2779 561 Cum
2808 522 2940 565 vero
2969 508 3031 566 hi
3061 512 3157 585 qui
3179 511 3323 585 jam‘
3352 522 3534 573 aratro

183 570 401 642 absque
419 570 673 641 pecunia,
730 578 778 628 et
806 573 1041 630 animam
1076 575 1438 648 agricolarum
1482 578 1598 650 ejus
1623 581 1821 655 afﬂixi;

179 678 298 734 pro
330 661 606 732 frumento
663 662 877 719 oriatur
906 664 1035 720 mihi
1098 665 1347 736 tributus,
1404 673 1454 724 et
1477 685 1582 743 pro
1622 670 1817 727 hordeo

189 767 383 827 spina.

261 878 362 936 52.
394 879 476 936 De
497 881 853 953 prwlatorum
880 881 1149 954 injustitia
1177 889 1225 938 et
1256 884 1475 952 erratis,
1504 886 1679 941 minus
1693 904 1818 959 per-

178 967 321 1039 fecti
348 970 589 1027 clamant
615 979 665 1028 et
688 990 795 1028 non
822 974 1001 1030 dolent
1022 992 1042 1039 ;
1056 974 1280 1047 perfecti
1301 993 1423 1031 vero
1456 982 1624 1033 tacent
1651 985 1698 1034 et
1721 981 1815 1037 lu—

177 1063 335 1131 gent.
366 1059 603 1132 Perfecti
655 1068 799 1119 tanta
843 1064 1015 1137 magis
1062 1065 1124 1119 de
1149 1064 1339 1121 alienis
1383 1065 1593 1123 damnis
1639 1069 1816 1126 dolent

178 1156 398 1220 quanto
426 1150 605 1209 minus
633 1153 697 1209 de
735 1154 867 1210 suis.
898 1185 970 1196 —
998 1152 1143 1224 Quid
1176 1162 1259 1212 est
1304 1156 1541 1214 clamare
1586 1165 1808 1231 terram,

182 1238 405 1298 deﬂere
436 1242 641 1314 sulcos,
665 1251 720 1302 et
739 1244 955 1302 fructus
971 1246 1222 1319 proprios
1243 1247 1475 1305 emendo
1495 1249 1812 1307 comedere?

180 1329 296 1389 Cui
330 1349 581 1408 unquam
612 1352 832 1395 necesse
848 1346 931 1394 est
960 1355 1059 1396 sua
1077 1339 1298 1396 emere?
1318 1338 1451 1408 Quis
1480 1340 1808 1399 clamantem

183 1421 421 1479 audivit
436 1431 641 1481 terram
662 1426 692 1483 7
721 1426 855 1494 Quis
884 1428 1066 1485 sulcos
1095 1428 1357 1485 deﬂentes
1386 1428 1573 1487 vidit?
1600 1438 1655 1487 et
1682 1448 1808 1490 cum

180 1511 338 1570 sulci
368 1520 530 1571 terrae
561 1532 777 1590 semper
806 1534 875 1574 ex
907 1524 1056 1576 terra
1083 1518 1217 1586 sint,
1253 1518 1386 1592 quid
1415 1528 1497 1576 est
1512 1520 1658 1594 quod
1688 1537 1808 1593 pro-

180 1603 550 1662 nuntiatione
581 1604 846 1664 distincta
875 1615 931 1664 et
946 1609 1210 1665 clamasse
1239 1615 1403 1678 terra,
1439 1616 1495 1665 et
1521 1610 1661 1668 sulci
1690 1610 1808 1684 ejus

185 1707 332 1749 cum
353 1709 418 1750 ea
434 1694 659 1753 deﬂesse
675 1696 1047 1771 denegantur?
1067 1697 1203 1755 Cum
1228 1699 1376 1755 enim
1398 1699 1542 1755 nihil
1564 1702 1637 1757 sit
1656 1700 1808 1758 aliud

189 1780 397 1841 sulcus
418 1790 573 1842 terra:
596 1802 759 1859 quam
776 1795 940 1856 terra,
967 1803 1176 1861 magna:
1194 1788 1573 1846 distinctionis
1594 1790 1807 1848 ratione

1929 586 2183 647 lectionis
2211 590 2390 647 attriti
2420 600 2569 661 sunt,
2602 601 2767 668 atque
2801 599 2870 654 ad
2899 598 3112 673 frugem
3156 603 3290 662 boni
3350 609 3536 681 operis

1927 679 2157 748 exculti,
2191 680 2406 753 gravari
2428 681 2515 739 vel
2538 683 2595 738 in
2627 686 2875 744 minimis
2898 688 3216 750 innocentes
3235 679 3531 769 aspiciunt,

1927 785 2022 841 per
2036 771 2473 843 compassionem
2494 774 2747 845 protinus
2762 776 2832 833 ad
2848 776 3089 836 lamenta
3102 792 3524 858 convertuntur,

1925 860 2055 950 quia
2085 861 2240 917 velut
2268 879 2366 919 sua
2395 863 2664 936 plangunt
2694 882 2757 921 ea
2785 883 2907 940 qum
2936 870 3181 941 proximi
3197 872 3399 944 injuste
3426 894 3536 950 pa-

1925 949 2162 1007 tiuntur.
2196 951 2431 1010 Perfecti
2461 970 2698 1029 namque
2718 955 2740 991 ⁶
2771 973 2899 1015 cum
2929 975 3145 1032 semper
3172 960 3241 1018 de
3270 949 3534 1037 spiritali.

1922 1038 2027 1096 bus
2056 1051 2402 1111 moveantur,
2434 1051 2590 1102 tanto
2618 1046 2804 1105 sciunt
2832 1049 2900 1105 de
2917 1050 3114 1109 alienis
3146 1055 3531 1126 corporalibus

1922 1127 2139 1186 damnis
2168 1132 2546 1204 ingemiscere,
2570 1144 2777 1209 quanto
2791 1136 2909 1210 jam
2939 1140 3120 1199 edocti
3149 1151 3280 1200 sunt
3298 1160 3410 1202 non
3438 1145 3533 1204 do-

1921 1217 2034 1276 lere
2062 1218 2129 1277 de
2158 1222 2292 1278 suis.
2326 1222 2520 1281 Omnis
2548 1242 2677 1298 ergo
2725 1228 2820 1303 qui
2854 1238 3069 1303 praeest,
3101 1232 3149 1290 si
3178 1248 3437 1306 perversa
3472 1236 3532 1295 in

1920 1306 2159 1367 subditis
2186 1321 2424 1382 exercet,
2459 1322 2652 1372 contra
2681 1314 2831 1375 hunc
2859 1325 3007 1376 terra
3049 1320 3272 1392 clamat,
3305 1332 3361 1380 et
3388 1324 3533 1382 sulci

1918 1398 2143 1470 deﬂent,
2175 1403 2306 1476 quia
2319 1412 2511 1460 contra
2552 1405 2671 1478 ejus
2720 1407 3055 1481 injustitiam
3084 1413 3250 1471 rudes
3305 1413 3529 1488 quidem

1918 1491 2108 1564 populi
2138 1492 2197 1549 in
2213 1496 2669 1554 murmurationis
2689 1497 2919 1556 vocibus
2950 1511 3269 1575 erumpunt,
3291 1505 3387 1561 sed
3406 1520 3530 1578 per-

1916 1579 2048 1636 fecti
2079 1581 2283 1655 quique
2315 1598 2414 1655 pro
2443 1600 2612 1657 pravo
2669 1585 2788 1658 ejus
2844 1605 3010 1662 opere
3041 1606 3158 1647 sese
3216 1592 3274 1648 in
3304 1592 3528 1651 ﬂetibus

1916 1670 2187 1744 aﬂligunt,
2221 1672 2479 1748 quodque
2498 1675 2742 1748 imperiti
2770 1678 3013 1736 clamant
3040 1687 3095 1736 et
3115 1682 3138 1717 θ
3168 1697 3282 1737 non
3311 1681 3525 1752 dolent,

1918 1758 2024 1819 hoc
2054 1762 2389 1834 probatioris
2418 1765 2548 1821 vitae
2576 1765 2811 1838 subjecti
2840 1766 3046 1824 deﬂent
3073 1777 3129 1826 et
3147 1777 3349 1827 tacent.
3384 1770 3526 1829 Cum

188 1886 311 1926 non
345 1882 513 1942 caret,
547 1851 681 1931 dum
712 1851 1035 1950 subjungit:
1059 1851 1147 1934 vEt
1169 1894 1284 1933 cum
1312 1896 1373 1933 ea
1401 1877 1535 1934 sulci
1565 1878 1676 1948 ejus
1706 1880 1809 1935 de—
1840 1868 1887 1929 Β
1916 1851 2191 1950 “MP”?
2219 1868 2349 1950 eis?
2537 1855 2720 1950 _sul°°3
2749 1856 3003 1929 plangere
3023 1862 3105 1913 θδτ
3133 1875 3229 1931 per
3247 1858 3355 1916 h°°
3381 1858 3529 1950 “ﬁde

185 1961 341 2031 ﬂent.
370 1961 492 2029 Qua
518 1964 784 2023 videlicet
813 1966 871 2021 in
902 1984 959 2024 re
991 1967 1123 2041 quia
1152 1967 1288 2023 ordo
1320 1966 1568 2024 historiae
1598 1967 1805 2039 deﬁcit,

186 2067 311 2107 sese
349 2051 513 2109 nobis
543 2054 855 2114 intellectus
886 2057 1154 2130 mysticus
1183 2057 1338 2132 quasi
1360 2058 1561 2131 apertis
1584 2054 1699 2129 jam
1730 2058 1809 2115 fo-

188 2140 355 2197 ribus
385 2144 650 2201 ostendit.
683 2146 765 2204 Ac
793 2147 839 2203 si
883 2155 1133 2221 patenter
1179 2148 1414 2204 clamet:
1460 2149 1600 2217 Quia
1630 2148 1811 2205 ratio-

186 2245 322 2287 nem
357 2231 557 2290 littera
586 2232 852 2294 defecisse
871 2237 1221 2310 cognoscitis,
1253 2237 1521 2294 nimirum
1552 2245 1720 2295 restat
1748 2245 1810 2295 ut

189 2320 261 2377 ad
293 2337 384 2377 me
420 2323 541 2381 sine
562 2324 910 2384 dubitatione
926 2327 1180 2384 redeatis.
1205 2326 1401 2383 Omnis
1420 2327 1569 2384 enim
1590 2328 1686 2402 qui
1718 2328 1807 2384 vel

190 2408 417 2481 privato
439 2410 566 2483 jure
594 2412 952 2472 domesticam
982 2415 1251 2472 familiam
1268 2415 1429 2488 regit,
1448 2416 1536 2472 vel
1569 2432 1669 2489 pro
1699 2416 1807 2472 uti-

190 2496 350 2555 litate
398 2503 685 2559 communi
730 2503 989 2561 ﬁdelibus
1036 2504 1291 2576 plebibus
1330 2511 1545 2577 praeest,
1603 2505 1661 2560 in
1703 2503 1811 2563 hoc

189 2588 344 2661 quod
367 2587 498 2662 jura
526 2593 812 2665 regiminis
842 2594 901 2649 in
922 2594 1234 2652 commissis
1264 2592 1370 2649 sibi
1401 2592 1659 2650 ﬁdelibus
1689 2612 1809 2668 pos-

191 2679 358 2749 sidet,
392 2682 529 2755 quid
560 2685 712 2741 aliud
729 2701 893 2758 quam
914 2692 1117 2742 terram
1140 2686 1489 2743 incolendam
1520 2687 1701 2743 tenet?
1721 2689 1808 2746 Ad

197 2767 304 2827 hoc
334 2771 541 2844 quippe
560 2772 754 2831 divina
765 2774 1174 2847 dispensatione
1195 2777 1407 2833 caeteris
1427 2776 1809 2852 unusquisque

194 2860 563 2932 praeponitur,
596 2870 659 2918 ut
687 2863 1062 2936 subjectorum
1092 2865 1331 2932 animus,
1367 2865 1547 2937 quasi‘
1581 2865 1810 2922 subacta

192 2956 360 3020 terra,
408 2952 822 3024 praedicationis
856 2956 1009 3012 illius
1052 2956 1260 3013 semine
1308 2955 1655 3013 fecundetnr.
1701 2957 1808 3015 Sed

194 3046 340 3096 terra
369 3049 566 3099 contra
608 3060 973 3116 possessorem
1004 3046 1223 3115 clamat,
1257 3046 1304 3101 si
1333 3052 1528 3102 contra
1556 3062 1681 3102 eum
1711 3048 1807 3121 qui

194 3128 305 3187 sibi
336 3139 535 3203 praeest
566 3132 589 3167 ³
619 3132 831 3207 aliquid
854 3134 1069 3208 justum
1101 3134 1189 3191 vel
1220 3135 1435 3207 privata
1464 3134 1685 3205 domus,
1716 3137 1805 3193 vel

1920 1940 2224 1997 multitudo
2253 1940 2505 1999 ﬁdelium
2528 1942 2676 2015 juste
2705 1951 2899 2002 contra
2942 1954 3212 2004 rectorem
3271 1948 3525 2022 queritur

1919 2030 2194 2088 uberioris
2223 2033 2353 2089 vitae
2382 2032 2637 2092 homines
2665 2035 2734 2093 ad
2761 2037 3004 2095 lamenta
3032 2037 3339 2110 pervenire.
3374 2038 3528 2098 Sulci

1920 2123 2105 2198 itaque
2132 2130 2187 2181 et
2214 2141 2284 2182 ex
2314 2132 2461 2182 terra
2488 2134 2637 2197 sunt,
2670 2135 2725 2185 et
2752 2135 2938 2186 tamen
2958 2130 2979 2165 7
3013 2135 3220 2186 aterraa
3251 2129 3527 2188 vocabulo

1919 2212 2358 2286 distinguuntur,
2392 2215 2522 2291 quia
2565 2216 2625 2274 hi
2656 2218 2752 2293 qui
2781 2219 2840 2275 in
2870 2226 3059 2277 sancta
3084 2219 3333 2277 Ecclesia
3361 2236 3528 2277 men-

1919 2309 2031 2360 tem
2061 2320 2217 2361 suam
2248 2304 2433 2363 labore
2462 2316 2664 2365 sanctae
2694 2308 3070 2367 meditationis
3101 2311 3384 2379 excolunt,
3416 2327 3525 2368 cas-

1918 2395 2053 2452 teris
2082 2394 2340 2453 ﬁdelibus
2386 2406 2541 2456 tanto
2571 2399 2829 2457 meliores
2857 2409 3010 2471 sunt,
3044 2408 3253 2475 quanto
3299 2417 3398 2475 per
3424 2418 3527 2460 ac-

1920 2493 2078 2558 cepta
2106 2486 2319 2543 semina
2346 2486 2694 2546 fecundiores
2713 2505 2941 2561 operum
2958 2489 3141 2562 fruges
3169 2489 3430 2548 reddunt.
3453 2490 3528 2547 Et

1919 2583 2051 2631 sunt
2078 2576 2336 2631 nonnulli
2367 2577 2482 2650 qui,
2505 2578 2709 2635 sanctis
2732 2576 2987 2651 plebibus
3003 2578 3235 2651 praelati,
3258 2579 3389 2636 vitae
3405 2579 3525 2653 qui-

1918 2663 2045 2721 dem
2100 2665 2375 2737 stipendia
2402 2683 2471 2722 ex
2492 2666 2862 2724 ecclesiastica
2890 2667 3139 2740 largitate
3166 2684 3527 2742 consequun-

1917 2759 2028 2822 tur,
2062 2756 2084 2790 ⁸
2112 2755 2208 2812 sed
2261 2755 2664 2813 exhortationis
2691 2755 3001 2814 ministeria
3039 2757 3229 2815 debita
3266 2774 3379 2815 non
3408 2758 3515 2815 im-

1918 2844 2184 2916 pendunt.
2218 2845 2422 2903 Contra
2462 2863 2600 2921 quos
2626 2845 2811 2905 adhuc
2851 2848 3169 2920 exemplum
3211 2847 3386 2905 sancti
3415 2847 3524 2904 viri

1917 2939 2062 2989 recte
2089 2932 2463 3006 subjungitur,
2494 2952 2621 2992 cum
2651 2935 2719 2992 ab
2747 2952 2811 2993 eo
2841 2937 3094 3009 protinus
3121 2935 3226 2995 sub
3251 2936 3522 2994 infertur:

2312 3039 2543 3098 CAPUT
2572 3042 2731 3099 xxu
2762 3041 2908 3115 [Rec.
2940 3042 3116 3117 XVI].

1986 3126 2161 3185 Vsus.
2203 3127 2292 3185 39.
2323 3160 2395 3171 —
2434 3129 2493 3186 Si
2516 3129 2729 3201 fructus
2755 3131 2871 3202 ejus
2899 3129 3096 3186 comedi
3129 3129 3323 3203 absque
3347 3147 3523 3203 pecu-

197 3227 391 3277 sancta
418 3222 670 3279 Ecclesia
700 3232 1030 3281 murmurat.
1076 3223 1327 3283 Clamare
1375 3225 1579 3298 quippe
1610 3233 1812 3284 terram
1851 3234 1896 3296 c
1920 3220 2033 3278 nia.

193 3316 275 3365 est
294 3316 491 3366 contra
503 3312 742 3383 regentis
762 3311 1092 3385 injustitiam
1113 3313 1515 3370 rationabiliter
1530 3313 1811 3387 subjectos

196 3398 406 3456 dolere.
439 3399 545 3456 Ubi
575 3409 719 3458 recte
776 3401 1169 3476 subjungitur:
1202 3405 1423 3460 Etcum
1448 3421 1509 3459 ea
1537 3404 1673 3460 sulci
1696 3404 1809 3474 ejus

197 3487 409 3559 deﬂent.
442 3489 610 3547 Terra
637 3492 809 3561 enim,
855 3494 1023 3550 etiam
1071 3494 1241 3549 nullis
1272 3492 1531 3566 operibus
1562 3496 1803 3565 exculta,

195 3580 521 3654 plerumque
550 3580 619 3638 ad
639 3598 800 3639 usum
817 3582 1061 3639 hominis
1081 3583 1305 3658 aliquod
1326 3583 1654 3639 alimentum
1684 3600 1807 3657 pro-

195 3668 322 3735 fert,
355 3677 580 3728 eXarata
607 3687 740 3727 vero
760 3671 945 3745 fruges
974 3673 1042 3729 ad
1063 3673 1371 3729 satietatem
1394 3672 1556 3743 parit.
1577 3672 1647 3727 Et
1677 3679 1807 3728 sunt

198 3758 454 3815 nonnulli
485 3760 581 3833 qui
610 3761 765 3817 nullo
783 3762 1057 3831 lectionis,
1088 3763 1246 3818 nullo
1275 3765 1681 3821 exhortationis
1710 3782 1805 3823 vo-

198 3863 348 3903 mere
406 3851 685 3922 proscissi,
746 3851 998 3924 quaedam
1037 3851 1203 3920 bona,
1264 3854 1521 3926 quamvis
1552 3854 1801 3924 minima,

199 3946 383 3995 tamen
413 3955 483 3995 ex
512 3939 820 4012 semetipsis
848 3940 1155 4013 proferunt,
1190 3942 1345 4015 quasi
1394 3951 1540 3999 terra
1569 3943 1804 4000 necdum

198 4037 438 4086 exarata.
472 4029 611 4087 Sunt
631 4047 761 4086 vero
782 4031 1038 4087 nonnulli
1068 4032 1183 4105 qui,
1217 4031 1636 4090 adaudiendum
1667 4050 1803 4090 sem-

200 4136 295 4192 per
322 4128 486 4193 atque
502 4120 851 4177 retinendum
873 4122 1076 4178 sanctis
1097 4122 1583 4195 praedicationibus
1598 4140 1661 4180 ac
1681 4140 1806 4179 me-

200 4209 564 4266 ditationibus
594 4211 815 4279 intenti,
865 4230 896 4269 a
925 4213 1098 4285 priori
1145 4214 1346 4270 mentis
1376 4214 1600 4282 duritia,
1647 4215 1804 4287 quasi

201 4300 437 4373 quodam
468 4301 670 4373 linguai
701 4318 923 4359 vomere
953 4304 974 4339 ³
1006 4303 1186 4371 scissi,
1220 4304 1434 4360 semina
1453 4303 1807 4360 exhortatio—

201 4390 286 4446 nis
314 4389 612 4461 accipiunt,
645 4398 700 4446 et
729 4390 913 4463 fruges
942 4390 1073 4448 boni
1113 4392 1294 4464 operis
1341 4408 1439 4465 per
1468 4393 1649 4449 sulcos
1696 4409 1807 4448 vo-

201 4484 453 4540 luntariae
480 4483 798 4541 aﬂlictionis
828 4484 1086 4541 reddunt.
1110 4484 1263 4558 Saepe
1293 4502 1424 4541 vero
1444 4485 1716 4558 contingit
1745 4492 1808 4540 ut

202 4573 259 4629 hi
290 4573 383 4647 qui
413 4581 656 4646 praesunt
685 4573 891 4647 injusta
919 4574 1105 4649 aliqua
1133 4574 1357 4643 faciant,
1402 4574 1575 4652 ﬁtque
1605 4582 1667 4631 ut
1700 4574 1803 4647 ipsi

202 4662 461 4735 subjectis
481 4671 715 4722 noceant
730 4664 826 4737 qui
858 4664 1111 4737 prodesse
1140 4664 1463 4738 debuerant.
1492 4669 1637 4728 725
1667 4663 1800 4732 Qum

202 4762 333 4819 dum
364 4761 527 4819 rudes
556 4762 761 4836 quique
790 4763 1161 4835 conspiciunt,
1192 4762 1455 4821 commoti
1486 4769 1678 4819 contra
1705 4777 1803 4817 re-

203 4861 406 4913 ctorem
435 4859 804 4921 murmurant,
837 4870 939 4912 nec
965 4861 1151 4910 tamen
1198 4852 1358 4909 valde
1406 4852 1675 4925 proximis
1706 4867 1803 4925 per

277 5072 289 5103 ‘
324 5066 485 5127 Corb.
519 5066 727 5136 Germ.,
759 5066 972 5136 Norm.,
1005 5064 1188 5122 Germ.
1221 5072 1275 5120 et
1304 5063 1499 5132 Laud.,
1531 5064 1801 5121 substrata

207 5148 367 5197 terra.

1988 3309 2078 3368 53.
2113 3312 2382 3379 Quantum
2407 3317 2611 3383 peccent
2631 3312 2871 3385 prcelati,
2903 3312 2997 3384 qui
3016 3312 3150 3369 bona
3177 3311 3526 3370 ecclesiastica

1915 3400 2051 3455 muti
2078 3401 2369 3456 comedunt.
2404 3402 2671 3469 Quantam
2716 3400 3131 3458 sollicitudinem
3169 3401 3271 3458 sibi
3298 3402 3523 3459 subditis

1916 3491 2133 3547 debeant
2159 3491 2253 3563 qui
2275 3498 2534 3565 prwsunt.
2556 3492 2880 3550 —Fructus
2909 3493 3117 3549 etenim
3134 3499 3292 3551 terra;
3318 3492 3526 3569 absque

1917 3582 2149 3655 pecunia
2176 3582 2463 3639 comedere
2490 3590 2573 3640 est
2599 3599 2669 3638 ex
2726 3582 2980 3640 Ecclesia
3009 3583 3237 3657 quidem
3268 3590 3525 3656 sumptus

1915 3672 2181 3745 accipere,
2214 3671 2309 3729 sed
2329 3672 2508 3731 eidem
2531 3672 2788 3731 Ecclesiae
2810 3674 2831 3709 θ
2855 3671 3265 3746 praedicationis
3283 3673 3522 3746 pretium

1916 3779 2027 3818 non
2057 3762 2317 3835 praebere.
2340 3763 2418 3819 De
2448 3778 2557 3836 qua
2585 3762 2845 3821 videlicet
2862 3761 3252 3837 praedicatione
3281 3763 3524 3819 auctoris

1916 3870 2048 3910 voce
2078 3853 2285 3911 dicitur
2309 3871 2321 3909 :
2375 3853 2624 3926 Oportuit
2654 3858 2699 3910 te
2717 3853 3034 3909 committere
3056 3852 3337 3926 pecuniam
3354 3867 3524 3908 meam

1914 3943 2311 4009 nummulariis,
2343 3949 2392 3998 et
2443 3943 2650 3997 veniens
2677 3960 2765 4016 ego
2818 3943 3123 4015 recepissem
3176 3941 3355 4011 utique
3381 3942 3523 4011 quod

1917 4051 2085 4089 meum
2112 4039 2229 4088 erat
2257 4049 2374 4087 cum
2394 4049 2563 4087 usura
2594 4032 2813 4101 (Matth.
2848 4048 2984 4098 xxv,
3006 4030 3123 4101 27).
3157 4030 3335 4085 Terras
3351 4028 3522 4099 igitur
3574 4020 3587 4040 ⁴

1914 4123 2127 4179 fructus
2147 4121 2349 4194 absque
2362 4121 2594 4193 pecunia
2606 4118 2864 4187 comedit,
2880 4119 2975 4192 qui
2986 4117 3354 4175 ecclesiastica
3371 4132 3519 4174 com-

1917 4211 2079 4267 moda
2108 4211 2175 4266 ad
2206 4226 2367 4266 usum
2397 4208 2642 4281 corporis
2692 4206 2948 4281 percipit,
2981 4205 3077 4265 sed
3115 4205 3520 4263 exhortationis

1917 4301 2288 4357 ministerium
2311 4299 2514 4373 populo
2545 4315 2656 4354 non
2688 4297 2978 4372 impendit.
3003 4297 3151 4367 Quid
3171 4295 3241 4354 ad
3272 4297 3390 4354 huic
3419 4311 3521 4353 nos

1916 4400 2159 4466 pastores
2180 4390 2438 4458 dicimus,
2462 4390 2558 4463 qui
2574 4389 2876 4447 adventum
2896 4387 3137 4445 districti
3154 4386 3363 4459 judicis
3384 4402 3519 4459 prae-

1916 4490 2215 4549 currentes,
2250 4479 2493 4537 ofﬁcium
2510 4478 2734 4552 quidem
2756 4478 3026 4551 prmconis
3037 4477 3392 4549 suscipimus,
3426 4474 3521 4532 sed

1915 4572 2179 4628 alimenta
2207 4569 2577 4628 ecclesiastica
2605 4568 2746 4624 muti
2768 4566 3165 4625 manducamus
3184 4566 3213 4623 τ
3228 4566 3521 4637 Exigimus

1915 4661 2063 4734 quod
2092 4668 2281 4718 nostro
2311 4659 2545 4715 debetur
2590 4658 2828 4730 corpori,
2860 4657 2956 4714 sed
3003 4674 3116 4713 non
3146 4655 3519 4735 impendimus

1912 4753 2061 4827 quod
2090 4751 2463 4824 subjectorum
2493 4749 2758 4807 debemus
2789 4748 2967 4805 cordi.
3003 4749 3149 4805 Ecce
3180 4747 3268 4803 vir
3297 4753 3519 4802 sanctus

1912 4851 1995 4901 tot
2024 4844 2081 4900 in
2113 4843 2220 4902 hoc
2248 4842 2448 4901 saeculo
2478 4841 2802 4915 pignoribus
2835 4839 3153 4909 obstrictus,
3186 4839 3330 4896 inter
3359 4852 3518 4894 occu-

1981 5062 2001 5096 δ
2034 5060 2297 5136 ναι,βι.,
2329 5076 2445 5115 cum
2473 5055 3062 5136 semper_de_defe_ctibus
3088 5069 3195 5136 non
3208 5055 3519 5132 moveantur

1909 5134 2298 5204 corporalibus,
2311 5138 2455 5188 tanto
2474 5128 2644 5187 sciunt
2658 5128 2923 5204 dealienis
2936 5128 3146 5204 damnis
3165 5128 3514 5204 inquiti-scere-

276 5192 498 5280 ‘HEditi,
521 5211 731 5283 aliquid
756 5211 1019 5281 injustum
1038 5228 1051 5279 ;
1067 5217 1122 5265 at
1140 5216 1333 5266 contra
1358 5207 1533 5283 sancti
1550 5207 1799 5283 Gregorii
1907 5192 2103 5283 Laud.,
2133 5192 2445 5261 moveantur
2462 5221 2568 5283 non
2596 5199 2987 5283 corporalibus,
3008 5202 3151 5283 tanto
3181 5192 3373 5283 sciunt,
3388 5201 3513 5283 ἵξῃ.

208 5293 438 5342 mentem
465 5302 478 5341 :
512 5279 758 5357 loquitur
779 5279 925 5357 enim
946 5290 1167 5357 sanctus
1185 5284 1390 5357 Doctor
1407 5280 1476 5336 de
1489 5279 1655 5357 justis
1667 5279 1799 5357 que-

1979 5279 2000 5311 ⁶
2030 5264 2367 5349 Depravatus
2382 5282 2464 5349 est
2480 5275 2572 5331 hic
2602 5264 2753 5349 locus
2777 5273 2835 5349 in
2856 5271 3039 5327 Germ.
3071 5274 3126 5322 et
3154 5264 3518 5349 recent..Edi-

209 5337 555 5415 aliisaliis
575 5337 1001 5470 praepositorum
1034 5337 1388 5434 injustitiam,
1432 5337 1705 5423 ut'palani
1734 5351 1799 5407 ﬁt
1907 5349 1999 5416 tis,
2033 5337 2274 5431 maxime
2302 5347 2523 5404 defectu
2552 5342 2881 5470 neqationis,
2918 5355 3083 5415 quam
3126 5337 3515 5419 supplevimus

209 5447 267 5470 ογ
291 5426 647 5470 commntilmg
723 5434 957 5470 .mmmm
980 5425 1199 5470 lnntmni
1233 5432 1432 5470 nngtrm
1448 5423 1802 5470 animantium
1910 5437 1975 5470 ex
2006 5428 2210 5470 nostris
2266 5420 2392 5470 MSS.
2428 5426 2481 5470 et
2512 5420 2635 5470 Ana
2661 5433 2765 5470 10.:
2801 5414 2938 5469 alias
2996 5409 3211 5468 sublata
3244 5409 3515 5470 particula

207 5447 271 5487 ex
290 5423 959 5502 sequentibus:_Czeter1_1ni
980 5423 1203 5502 lectioni
1232 5432 1432 5481 nostrae
1448 5423 1802 5481 consentiunt

181 5496 611 5576 ’Cod._ﬁnglic.,
641 5498 1047 5576 Norm.,_Laud.
1080 5505 1133 5553 et
1161 5496 1441 5576 Sangerm.
1474 5574 1480 5576 Δ
1592 5566 1601 5576 ε

216 5614 223 5624 ,
274 5577 293 5610 ³
322 5566 498 5651 ζῙιίειῖζ
527 5569 890 5651 scissa,_quod
909 5570 1073 5651 etiam
1104 5568 1257 5651 prius
1278 5566 1558 5651 legebatur
1588 5566 1651 5651 in
1674 5566 1803 5651 Bec-

209 5646 384 5713 censi;
421 5638 610 5711 scissa,
642 5638 837 5698 referri
866 5648 1045 5714 potest
1072 5638 1140 5698 ad
1184 5638 1450 5697 duritiam
1481 5638 1705 5705 mentis,
1737 5638 1805 5696 de

211 5736 309 5826 quia
323 5734 595 5854 $3.1?!”
624 5792 811 5842 aratro
840 5784 1081 5842 actionis.
1114 5784 1311 5851 Laud.,
1342 5792 1530 5843 aratro
1562 5783 1807 5842 sulcatio-

218 5881 307 5920 ηιε.

1910 5408 2210 5491 θχήοεῑιξὶε
2265 5420 2392 5491 Mss.
2427 5426 2481 5491 et
2512 5408 2765 5491 Anglic;
2801 5408 2952 5469 alias.
2985 5408 3220 5491 sublata
3239 5408 3518 5491 particula

1909 5509 2034 5559 non,
2066 5490 2253 5547 deﬁcit
2282 5481 2629 5556 antithesis;
2650 5494 2705 5543 et
2758 5484 3060 5559 sermonis_
3085 5481 3276 5559 gratia.
3310 5481 3372 5538 In
3403 5487 3515 5538 vet.

1914 5555 2165 5636 Vul'gatis
2192 5563 2392 5634 legitur
2419 5578 2526 5616 non
2554 5555 2742 5631 deﬂent
2763 5574 2860 5631 pro
2891 5574 2997 5613 non
3025 5555 3225 5611 dolent.

1986 5637 2005 5669 ⁷
2039 5637 2151 5704 AL,
2184 5653 2217 5690 a
2248 5640 2410 5689 terra.

1991 5710 2011 5743 ⁸
2040 5706 2235 5775 Laud.,
2268 5703 2677 5762 exercitationis.

1990 5782 2010 5816 ⁰
2042 5778 2237 5849 Laud.,
2266 5775 2661 5853 prtcdicationis
2679 5774 2933 5850 frtwtum.
