3928 6374
426 317 532 379 247

1644 306 1895 368 SANCTI
1930 305 2271 371 GREGOPJI
2304 304 2537 367 MAGNI

3638 305 3744 364 248

426 443 676 520 pationes
705 442 1023 498 innumeras
1049 435 1192 495 liber
1218 437 1288 495 ad
1327 435 1573 494 studium
1616 433 2026 509 praedicationis
2051 436 2106 499 Α
2128 451 2232 508 pro
2260 433 2531 506 frumento
2563 433 2814 502 tributus,
2843 438 2893 490 et
2914 448 3020 506 pro
3047 427 3243 488 hordeo
3477 458 3552 472 —
3580 430 3667 488 Ae
3694 430 3743 487 si

423 533 553 592 fuit.
584 530 691 600 Qui
720 529 934 587 fructus
948 536 1225 586 terraenun
1237 543 1402 602 quam
1430 527 1548 585 sine
1578 527 1811 600 pecunia
1838 540 2033 583 come-

424 620 529 690 dit,
560 619 692 694 quia
719 617 989 676 nimirum
1004 616 1244 675 subditis
1264 617 1495 675 verbum
1524 616 1683 674 bonas
1702 615 2032 675 admonitio-

424 711 514 768 nis
541 707 804 778 reddidit,
819 724 852 765 a
865 706 1068 780 quibus
1087 707 1300 765 fructus
1336 723 1611 780 corporea)
1629 705 1914 763 servitutis
1931 723 2034 765 ac-

424 801 592 875 cepit.
614 800 731 857 Hoc
746 814 986 872 namque
1001 796 1162 855 debet
1177 797 1545 870 omnipotenti
1564 798 1678 854 Deo
1714 797 1897 854 omnis
1933 796 2031 872 qui

424 896 622 964 praest
635 885 970 962 populo,hoc
981 886 1079 961 qui
1089 885 1413 956 multis,hoc
1422 885 1517 959 qui
1534 885 1884 959 paucioribus
1899 900 2032 960 pras-

426 987 529 1049 est,
551 986 614 1036 ut
627 978 708 1036 sic
717 975 904 1035 debita
918 974 1229 1032 ministeria
1243 991 1278 1032 a
1295 973 1535 1032 subditis
1550 975 2032 1050 exigat,quatenus

427 1071 544 1144 ipse
563 1069 730 1126 etiam
751 1066 888 1141 quid
906 1082 1122 1139 semper
1135 1065 1536 1126 admonitionis
1547 1065 1742 1124 debeat
1756 1066 2030 1126 sollicitus

425 1157 692 1217 attendat.
711 1156 919 1215 Omnes
928 1171 1165 1230 namque
1180 1155 1278 1229 qui
1288 1153 1391 1213 sub
1405 1154 1818 1228 dispensatione
1837 1156 2030 1217 condi-

426 1248 563 1305 toris
590 1245 802 1304 vicario
830 1244 992 1303 nobis
1040 1243 1354 1302 ministerio
1374 1241 1665 1318 jungimur
1692 1245 1796 1302 sub
1824 1261 1939 1302 uno
1967 1262 2032 1305 ac

425 1350 560 1392 vero
586 1331 848 1401 Domino,
892 1332 1028 1409 quid
1056 1331 1218 1390 nobis
1273 1332 1427 1390 aliud
1458 1337 1605 1397 726
1634 1333 1741 1392 nisi
1786 1333 2027 1393 invicem

426 1430 575 1491 servi
602 1448 795 1489 sumus
814 1430 844 1488 ?
863 1429 1003 1490 Cum
1032 1431 1203 1504 igitur
1222 1431 1270 1488 is
1288 1431 1385 1506 qui
1413 1431 1602 1489 subest
1621 1431 1793 1489 servit
1820 1431 1890 1488 ad
1919 1430 2030 1488 ob-

426 1521 694 1596 sequiem,
721 1527 894 1578 restat
912 1519 1106 1593 procul
1135 1518 1308 1578 dubio
1329 1527 1392 1578 ut
1419 1519 1468 1577 is
1484 1520 1580 1594 qui
1610 1527 1807 1594 praeest
1823 1518 2029 1578 serviat

425 1609 496 1668 ad
550 1609 803 1668 verbum.
836 1608 976 1668 Cum
1005 1607 1053 1667 is
1082 1608 1179 1683 qui
1234 1609 1422 1667 subest
1453 1608 1625 1683 jussis
1662 1609 2024 1682 obtemperat,

425 1705 646 1773 oportet
662 1704 726 1754 ut
744 1698 792 1754 is
807 1698 904 1771 qui
924 1705 1122 1770 praeest
1135 1713 1324 1755 curam
1344 1697 1743 1755 sollicitudinis
1762 1714 1826 1756 ac
1843 1698 2030 1770 pieta-

2141 530 2327 597 aperte
2357 522 2542 580 dicat:
2575 523 2634 580 Si
2664 522 2936 596 injustum
2964 520 3101 596 quid
3143 537 3269 593 erga
3295 518 3548 575 subditos
3578 519 3740 592 gessi,

2140 614 2187 671 si
2216 613 2375 686 exegi
2407 612 2616 685 debita,
2648 621 2704 671 et
2732 612 2847 686 ipse
2879 611 3028 686 quod
3054 610 3220 668 debui
3250 625 3362 667 non
3392 607 3666 682 impendi,
3694 609 3745 667 si

2141 703 2599 761 exercitationem
2620 701 2751 758 boni
2768 702 2950 776 operis
2965 701 3091 757 aliis
3102 698 3302 768 invidi,
3323 714 3425 771 pro
3444 697 3607 756 bonis
3623 714 3747 772 qua

2140 792 2199 850 in
2228 800 2499 851 aeternum
2530 790 2809 862 reﬁciunt,
2840 790 3220 849 retribuantur
3257 787 3400 846 mihi
3444 789 3503 845 in
3526 786 3748 861 judicio

2141 883 2286 940 mala
2311 898 2432 956 quas
2460 889 2734 955 pungunt.
2758 880 2864 937 Pro
2883 879 3166 937 frumento
3182 879 3385 953 quippe
3397 877 3664 949 tributus,
3693 888 3751 937 et

2139 989 2238 1047 pro
2266 968 2475 1029 hordeo
2495 971 2653 1044 spina
2682 969 2884 1039 oritur,
2911 985 3040 1027 cum
3063 969 3121 1025 in
3138 967 3505 1026 retributione
3524 967 3746 1038 ultima,

2138 1069 2205 1129 de
2225 1086 2333 1144 qua
2345 1067 2716 1128 remuneratio
2735 1065 2940 1124 laboris
2977 1066 3262 1142 quaeritur,
3281 1065 3511 1138 punctio
3537 1064 3750 1125 doloris

2137 1158 2442 1217 invenitur.
2476 1159 2549 1216 Et
2580 1155 2887 1216 notandum
2908 1155 3057 1230 quod
3078 1155 3223 1212 sicut
3249 1154 3575 1214 atramento
3603 1155 3752 1213 hor-

2137 1248 2301 1307 deum
2331 1248 2529 1319 distat,
2551 1248 2807 1324 quamvis
2822 1255 3121 1320 utrumque
3140 1245 3351 1304 reﬁciat
3378 1246 3460 1305 sic
3486 1263 3519 1305 a
3534 1246 3751 1306 tribulo

2137 1338 2317 1412 spina,
2349 1337 2606 1412 quamvis
2634 1338 2708 1394 sit
2738 1344 3035 1410 utrumque
3055 1335 3205 1410 quod
3226 1343 3452 1409 pungat,
3474 1336 3608 1410 quia
3634 1337 3754 1395 tri-

2135 1426 2300 1485 bulus
2337 1427 2583 1498 mollior,
2616 1435 2672 1485 et
2699 1426 2769 1486 ad
2797 1425 3153 1500 pungendum
3196 1442 3414 1499 semper
3439 1425 3637 1484 durior
3666 1436 3754 1487 est

2136 1516 2312 1591 spina.
2343 1517 2441 1575 Ait
2467 1535 2596 1591 ergo
2621 1533 2636 1574 :
2664 1518 2776 1576 Pro
2802 1515 3070 1588 frumento
3089 1516 3306 1572 oriatur
3337 1515 3466 1573 mihi
3493 1515 3753 1586 tributus,

2136 1612 2185 1663 et
2206 1624 2311 1680 pro
2338 1607 2533 1665 hordeo
2547 1607 2724 1681 spina.
2746 1607 2829 1665 Ac
2855 1605 2902 1662 si
2931 1613 3179 1679 patenter
3198 1604 3380 1664 dicat:
3414 1606 3607 1678 Egisse
3626 1605 3753 1681 qui-

2136 1697 2263 1754 dem
2293 1704 2348 1755 et
2377 1713 2576 1770 magna
2607 1711 2693 1755 me
2723 1702 2779 1753 et
2809 1694 3041 1754 minima
3068 1694 3218 1753 bona
3262 1694 3398 1764 scio,
3431 1695 3527 1753 sed
3555 1695 3605 1753 si
3634 1711 3753 1753 non

426 1787 502 1847 tis
518 1785 822 1860 impendat.
838 1784 1038 1859 Sicque
1057 1785 1122 1841 ﬁt
1146 1792 1210 1841 ut
1227 1785 1363 1842 dum
1388 1785 1631 1843 studiose
1651 1803 1800 1844 nunc
1818 1786 2027 1844 servire
2056 1797 2103 1860 Β
2135 1787 2214 1844 ita
2242 1793 2345 1855 est,
2380 1803 2480 1860 pro
2500 1786 2664 1844 bonis
2689 1785 2904 1858 magnis
2933 1785 3078 1842 mala
3106 1784 3358 1854 minima,
3380 1792 3436 1842 et
3462 1801 3564 1859 pro
3582 1784 3752 1844 bonis

427 1874 591 1932 nobis
617 1873 863 1932 invicem
899 1888 997 1946 per
1042 1872 1369 1932 charitatem
1410 1875 1664 1944 nitimur,
1696 1876 2027 1950 quandoque

427 1980 557 2022 cum
572 1979 705 2020 vero
719 1961 960 2020 Domino
972 1963 1256 2020 communi
1272 1964 1642 2022 exsultatione
1652 1963 2027 2023 dominemur.

348 2064 357 2071 '
428 2051 570 2127 [νει.
600 2051 737 2110 XXI
744 2049 830 2126 V.]
861 2050 967 2109 Sed
995 2058 1125 2109 sunt
1144 2052 1399 2110 nonnulli
1429 2053 1525 2127 qui
1554 2052 1613 2110 in
1643 2069 1710 2110 eo
1737 2053 1884 2128 quod
1913 2054 2029 2112 oﬂi-

426 2139 577 2200 cium
606 2139 1018 2213 praedicationis
1045 2139 1336 2210 exhibent,
1382 2141 1510 2199 aliis
1538 2141 1793 2199 invident
1820 2141 2029 2201 bonum

428 2228 578 2304 quod
608 2227 835 2298 habent,
867 2236 1033 2304 atque
1060 2229 1186 2287 ideo
1198 2228 1315 2304 jam
1346 2231 1616 2288 veraciter
1653 2249 1765 2290 non
1798 2232 2027 2293 habent.

426 2315 644 2388 Quibus
673 2323 820 2376 recte
849 2333 946 2391 per
1002 2318 1266 2377 Iacobum
1321 2319 1564 2378 dicitur:
1600 2323 1754 2391 Quod
1780 2323 1829 2379 si
1856 2325 2030 2380 zelum

425 2425 675 2467 amarunt
690 2408 890 2466 habetis
906 2410 1044 2467 inter
1062 2427 1175 2478 vos,
1193 2417 1242 2467 et
1258 2413 1605 2469 contentiones
1618 2421 1742 2470 sunt
1769 2415 1826 2469 in
1853 2414 2030 2470 cordi-

425 2499 521 2557 bus
534 2497 742 2568 vestris,
755 2514 864 2554 non
891 2504 966 2553 est
992 2498 1097 2555 ista
1123 2499 1384 2572 sapientia
1401 2500 1679 2558 desursum
1699 2503 2029 2570 descendens.

425 2588 515 2645 sed
534 2594 768 2655 terrena,
787 2587 1063 2654 animtis,
1086 2587 1350 2645 diabolica
1371 2588 1507 2661 (Jac.
1529 2607 1615 2659 ιιι,
1631 2591 1718 2661 ib,
1744 2591 1857 2665 l5).
1876 2591 2032 2650 Unde

427 2676 521 2736 hic
547 2691 769 2752 quoque
793 2693 922 2735 cum
962 2675 1174 2734 dictum
1204 2681 1316 2734 est:
1352 2679 1410 2736 Si
1436 2677 1648 2750 fructus
1693 2679 1807 2752 ejus
1833 2682 2033 2739 comedi

425 2766 622 2840 absque
642 2767 890 2842 pecunia,
921 2775 1068 2825 recte
1096 2765 1486 2842 subjungitur:

1065 2855 1296 2915 CAPUT
1323 2858 1529 2916 XXIII.

496 2948 634 3004 Iern.
667 2977 739 2989 —
764 2947 840 3004 Et
857 2934 1097 3004 anim‘am
1122 2947 1486 3019 agricolarum
1518 2949 1633 3020 ejus
1657 2950 1850 3024 afflixi.

495 3036 585 3096 54.
603 3038 963 3095 Ecclesiarum
980 3043 1151 3094 rector
1160 3035 1262 3094 sibi
1276 3037 1334 3093 in
1341 3038 1720 3110 praedicatione
1749 3055 2031 3112 cooperan-

2137 1875 2391 1936 minimis
2438 1875 2580 1934 mihi
2622 1874 2988 1949 respondeant
3016 1874 3161 1932 mala
3201 1873 3429 1948 majora.
3479 1875 3754 1945 Quamvis

2137 1964 2248 2023 hoc
2278 1964 2520 2038 intelligi
2552 1972 2607 2022 et
2636 1965 2798 2023 aliter
2812 1971 3008 2038 potest.
3034 1965 3096 2023 In
3113 1965 3392 2024 frumento
3421 1965 3626 2040 quippe
3640 1964 3754 2038 spi-

2138 2055 2297 2113 ritale
2325 2071 2484 2128 opus,
2516 2055 2665 2130 quod
2712 2063 2952 2112 mentem
2996 2055 3193 2123 reﬁcit,
3226 2055 3285 2112 in
3322 2055 3533 2115 hordeo
3561 2063 3753 2114 autem

2138 2153 2481 2203 terrenarum
2524 2161 2709 2202 rerum
2751 2144 3090 2218 dispensatio
3139 2148 3284 2209 727
3338 2144 3635 2219 ﬁguratur.
3688 2146 3755 2202 In

2140 2265 2249 2323 qua
2266 2265 2408 2322 saepe
2436 2247 2574 2306 dum
2610 2248 2825 2306 servire
2854 2248 3094 2306 inﬁrmis
3123 2256 3287 2323 atque
3315 2247 3636 2307 carnalibus
3662 2263 3757 2306 co-

2140 2338 2341 2410 gimur,
2374 2340 2392 2375 ¹
2424 2338 2579 2412 quasi
2611 2353 2713 2396 sua
2733 2336 3005 2411 jumentis
3051 2338 3316 2395 alimenta
3356 2353 3754 2411 praeparamus,

2139 2435 2301 2501 atque
2329 2426 2445 2501 ipse
2473 2435 2790 2485 nostrorum
2818 2444 2953 2485 usus
2981 2444 3209 2501 operum
3239 2427 3394 2502 quasi
3424 2444 3579 2484 more
3609 2427 3759 2485 hor-

2139 2515 2229 2573 dei
2259 2515 2429 2574 habet
2457 2516 2672 2592 aliquid
2700 2516 2768 2574 de
2810 2516 3141 2574 admistione
3170 2517 3471 2592 palearum.
3520 2518 3595 2574 Et
3622 2517 3760 2591 ple-

2140 2622 2376 2680 rumque
2405 2607 2683 2680 contingit
2712 2614 2774 2664 ut
2801 2615 2983 2666 rector
3011 2608 3108 2681 qui
3136 2614 3350 2681 praeest,
3379 2606 3515 2664 dum
3542 2605 3760 2679 injusta

2139 2702 2335 2753 contra
2364 2695 2618 2753 subditos
2649 2704 2888 2767 exercet,
2943 2696 3079 2754 dum
3125 2697 3282 2753 nullo
3309 2696 3488 2753 bonos
3514 2694 3759 2756 blandi-

2141 2792 2330 2841 mento
2362 2784 2601 2854 refovet,
2635 2785 2794 2855 dum,
2817 2785 2965 2860 quod
2985 2786 3208 2859 gravius
3233 2793 3335 2856 est,
3351 2784 3491 2844 bene
3518 2802 3759 2860 operan-

2138 2880 2220 2930 tes
2250 2889 2496 2948 quosque
2527 2890 2597 2930 ex
2628 2873 2844 2931 invidia
2868 2874 3065 2948 aﬁligit
3103 2875 3271 2932 etiam
3303 2873 3555 2949 quaedam
3601 2873 3760 2932 bona

2138 2961 2438 3036 aliquando
2471 2963 2660 3032 faciat,
2691 2979 2756 3021 ac
2784 2963 2831 3020 si
2863 2963 3204 3021 frumentum
3235 2971 3399 3035 serat,
3429 2981 3659 3039 seseque
3690 2965 3756 3023 in

2138 3048 2524 3124 dispensandis
2552 3052 2789 3111 terrenis
2817 3053 2981 3110 rebus
2997 3053 3433 3128 ’nonnunquam
3464 3071 3577 3111 non
3605 3071 3761 3112 ava-

427 3116 564 3184 tibus
582 3145 703 3224 non
735 3127 986 3224 invideat.
1033 3160 1078 3224 ς-
1113 3127 1400 3224 Agricola}
1420 3127 1622 3224 (ιιιίρρθ
1652 3124 1821 3224 huius
1868 3136 2028 3224 ῐθτξω
2054 3162 2101 3224 ο
2139 3116 2282 3199 ritize
2302 3142 2514 3212 studio,
2535 3142 2630 3200 sed
2662 3159 2761 3216 pro
2794 3142 3034 3200 utilitate
3062 3116 3369 3201 carnalium
3411 3144 3661 3215 misceat,
3694 3154 3762 3203 et

424 3223 556 3276 sunt
582 3216 645 3274 hi
672 3216 791 3292 qui,
851 3216 1057 3273 minori
1113 3215 1237 3273 loco
1281 3216 1472 3289 positi,
1530 3233 1640 3292 quo
1669 3218 1857 3276 valent
1883 3220 2022 3288 zelo,

424 3312 635 3382 quanto
665 3312 896 3378 possunt
924 3321 1106 3378 opere,
1138 3305 1208 3362 ad
1227 3304 1596 3364 eruditionem
1620 3317 1821 3367 sach
1835 3308 2026 3367 Eccle-

297 3414 314 3421 ‘
425 3398 523 3457 sise
552 3396 609 3452 in
639 3392 1050 3468 praedicationis
1078 3393 1253 3467 gratia
1270 3403 1653 3469 cooperantur.
1687 3397 1836 3468 Quos
1867 3398 2020 3456 vide-

426 3487 558 3546 licet
584 3493 745 3544 terrae
773 3482 942 3556 hujus
969 3483 1236 3557 agricolas
1264 3483 1370 3543 hoc
1397 3493 1481 3543 est
1500 3503 1610 3545 non
1639 3487 1901 3562 aﬁligere,
1935 3505 2024 3545 eo-

426 3593 548 3636 rum
568 3574 851 3635 laboribus
869 3590 982 3632 non
999 3573 1268 3644 invidere,
1288 3591 1356 3633 ne
1375 3585 1556 3636 rector
1594 3577 1858 3636 Ecclesiae
1890 3577 2025 3636 dum

425 3669 530 3727 soli
557 3666 665 3726 sibi
686 3665 780 3740 jus
800 3665 1208 3741 praedicationis
1239 3666 1507 3738 vindicat,
1534 3668 1700 3725 etiam
1723 3669 1851 3727 aliis
1877 3679 2025 3728 recte

424 3757 855 3832 praedicantibus
882 3755 1099 3815 invidia
1125 3773 1182 3814 se
1212 3755 1500 3814 mordente
1529 3758 1892 3817 contradicat.
1929 3760 2027 3818 Pia

424 3848 630 3906 etenim
658 3854 941 3922 pastorum
969 3863 1144 3916 mens,
1167 3846 1299 3921 quia
1325 3861 1437 3902 non
1466 3847 1746 3920 propriam
1767 3849 2022 3922 gloriam,

422 3935 520 3997 sed
545 3935 788 3996 auctoris
815 3935 1032 4010 quaerit,
1063 3935 1134 3993 ab
1152 3933 1413 3992 omnibus
1441 3935 1563 3992 vult
1590 3934 1844 4009 adjuvari
1875 3937 2026 4013 quod

422 4028 552 4101 agit.
585 4026 792 4085 Fidelis
808 4042 1045 4101 namque
1074 4024 1400 4099 praedicator
1415 4032 1586 4099 optat,
1609 4025 1655 4083 si
1686 4025 1807 4084 ﬁeri
1822 4028 2022 4098 valeat,

422 4122 486 4174 ut
513 4116 802 4172 veritatem
831 4131 996 4189 quam
1015 4115 1167 4171 solus
1194 4114 1347 4188 loqui
1381 4130 1494 4171 non
1523 4114 1728 4172 suﬁicit
1753 4131 1851 4173 ora
1876 4131 2026 4174 cun—

422 4211 641 4263 ctorum
668 4210 884 4260 sonent.
916 4201 1072 4259 Unde
1100 4217 1227 4260 cum
1274 4203 1437 4260 Josue
1465 4202 1682 4262 duobus
1727 4205 1786 4262 in
1832 4205 2026 4264 castris

423 4290 838 4349 remanentibus
865 4297 1030 4362 atque
1058 4289 1514 4361 prophetantibus
1543 4291 1710 4348 vellet
1739 4292 2023 4364 obsistere,

423 4387 572 4439 recte
600 4396 698 4454 per
723 4380 952 4452 Moysen
981 4377 1220 4436 dicitur:
1257 4378 1397 4446 Quid
1441 4381 1713 4436 cemularis
1755 4399 1859 4455 pro
1905 4383 2028 4440 me?

2134 3231 2214 3288 sic
2241 3229 2487 3303 ejusdem
2508 3231 2712 3289 laboris
2740 3231 2986 3289 fructum
3005 3233 3158 3290 velut
3178 3249 3409 3292 messem
3429 3233 3627 3292 hordei
3653 3251 3761 3293 ex-

2134 3327 2360 3394 spectet.
2393 3320 2500 3378 Sed
2528 3320 2768 3394 subjecti
2789 3322 2994 3396 quique
3015 3337 3114 3395 pro
3135 3339 3200 3380 eo
3229 3322 3377 3398 quod
3406 3324 3762 3386 inmaximis

2134 3416 2452 3484 gravantur,
2487 3409 2723 3482 gaudere
2754 3410 2813 3467 in
2843 3410 2960 3484 ejus
2979 3410 3141 3468 bonis
3161 3411 3412 3469 minimis
3438 3425 3756 3488 nequeunt,

2134 3499 2156 3534 ³
2189 3498 2320 3572 quia
2348 3514 2450 3557 nec
2478 3497 2586 3556 hoc
2615 3515 2754 3572 opus
2795 3517 2980 3558 coram
3014 3501 3128 3558 Deo
3174 3500 3372 3574 placet,
3403 3502 3551 3576 quod
3596 3504 3759 3563 alte-

2134 3587 2252 3644 rius
2279 3587 2462 3660 operis
2493 3586 2769 3661 injustitia
2791 3587 3011 3662 polluit,
3044 3605 3145 3647 nec
3167 3589 3288 3663 ipsa
3300 3597 3647 3650 terrenarum
3670 3610 3756 3653 re-

2136 3693 2263 3732 rum
2291 3676 2630 3751 dispensatio
2650 3695 2750 3752 pro
2764 3679 3008 3737 utilitate
3029 3678 3383 3736 subditorum
3402 3681 3610 3754 suscipi
3632 3697 3758 3741 cre-

2135 3764 2306 3836 ditur,
2339 3766 2561 3840 quando
2590 3769 2638 3825 is
2665 3769 2761 3842 qui
2791 3776 2987 3842 praeest
3023 3767 3282 3826 anhelare
3322 3785 3420 3843 per
3446 3771 3755 3830 avaritiam

2135 3855 2373 3913 videtur.
2408 3856 2563 3915 Unde
2591 3857 2656 3914 ﬁt
2684 3865 2747 3914 ut
2776 3859 2847 3915 ad
2876 3859 2995 3932 ipsa
3021 3859 3191 3917 etiam
3220 3875 3396 3933 pauca
3422 3859 3589 3929 bona,
3622 3878 3755 3937 quas

2134 3943 2253 4002 ﬁeri
2309 3945 2454 4003 inter
2481 3947 2657 4004 multa
2683 3948 2834 4004 mala
2861 3947 3231 4018 considerant,
3263 3965 3376 4005 non
3407 3949 3616 4020 laudes,
3650 3952 3756 4010 sed

2134 4034 2369 4107 gemitus
2383 4033 2615 4091 reddant
2637 4053 2651 4104 ;
2674 4043 2837 4109 atque
2854 4035 3198 4094 inﬁrmantes
3218 4048 3586 4110 murmurent,
3604 4040 3755 4100 dum

2134 4122 2481 4197 perpendunt
2509 4124 2635 4198 puri
2666 4125 2851 4198 operis
2899 4142 3011 4183 non
3039 4143 3156 4184 esse
3202 4129 3351 4202 quod
3397 4128 3611 4186 vident.
3648 4131 3756 4188 Ait

2135 4228 2292 4286 ergo:
2327 4214 2386 4272 Si
2411 4215 2697 4271 adversum
2722 4232 2803 4271 me
2833 4221 2976 4273 terra
3009 4234 3121 4273 mea
3150 4219 3367 4286 clamat,
3393 4225 3443 4275 et
3468 4236 3587 4275 cum
3624 4219 3755 4292 ipsa

2134 4304 2268 4360 sulci
2294 4303 2410 4376 ejus
2437 4305 2657 4376 deﬂent;
2688 4307 2736 4362 si
2765 4306 2976 4379 fructus
3004 4309 3119 4380 ejus
3147 4311 3343 4366 comedi
3369 4310 3564 4382 absque
3588 4327 3754 4384 pecu-

2133 4393 2250 4461 nia,
2279 4399 2326 4449 et
2352 4394 2586 4450 animam
2618 4395 2985 4467 agricolarum
3011 4397 3126 4468 ejus
3147 4397 3456 4472 aﬂtixi;pro
3473 4397 3757 4469 frumento

427 4471 558 4570 quis
587 4469 801 4583 tribuat
814 4473 875 4524 ut
887 4467 1058 4524 omnis
1078 4467 1312 4583 pqp‘utus
1321 4469 1801 4583 per£t,oetnht
1827 4473 1900 4583 eLis
1917 4473 2024 4530 Do-
2051 4521 2102 4583 Β
2134 4482 2350 4538 oriatur
2368 4482 2500 4538 mihi
2522 4483 2775 4551 tributus,
2794 4490 2843 4540 et
2850 4502 2955 4558 pro
2975 4485 3170 4547 hordeo
3184 4467 3370 4560 spina:
3389 4467 3537 4544 Ac‘si
3557 4496 3757 4561 aperte

422 4559 600 4648 minus
639 4556 891 4630 spiritum
934 4572 1090 4648 suum
1133 4555 1328 4648 (Num.
1380 4572 1460 4626 ιιι,
1502 4557 1648 4648 29η
1679 4559 2023 4648 Prophetare

2137 4570 2312 4630 dicat:
2342 4571 2401 4629 Si
2430 4586 2628 4646 magna
2655 4590 2778 4648 quas
2805 4555 2973 4632 debui
3002 4555 3241 4633 sollicite
3268 4592 3383 4632 non
3434 4576 3564 4646 feci,
3593 4555 3757 4642 728

423 4645 626 4721 quippe
653 4659 846 4702 omnes
873 4642 1074 4712 voluit,
1125 4641 1220 4716 qui
1262 4641 1472 4700 bonum
1502 4644 1645 4718 quod
1677 4646 1871 4705 habuit
1898 4649 2024 4708 aliis

422 4752 536 4793 non
566 4734 808 4793 invidit:
840 4731 982 4803 Quia
1002 4731 1172 4805 igitur
1199 4729 1393 4789 beatus
1410 4732 1512 4791 Job
1530 4744 1729 4794 cuncta
1748 4736 1865 4795 haec
1892 4756 2025 4797 sus-

421 4845 591 4903 pensa
617 4826 830 4896 intulit,
861 4831 917 4883 et
945 4824 992 4882 si
1022 4839 1086 4881 ea
1139 4822 1371 4881 minime
1416 4822 1608 4883 fecerit
1663 4830 1938 4887 sententia
1965 4847 2022 4888 se

421 4917 828 4978 maledictionis
855 4914 1168 4988 adstringit,
1199 4914 1486 4988 sequitur:

799 5021 1032 5084 CAPUT
1057 5021 1248 5081 XXIV
1278 5019 1422 5097 [Rec.
1455 5021 1661 5099 XVII].

492 5115 663 5174 Vnus.
686 5114 776 5174 40.
799 5145 872 5157 -
888 5114 1001 5172 Pro
1026 5111 1296 5184 frumento
1314 5113 1528 5169 oriatur
1545 5113 1678 5170 mihi
1698 5113 1946 5185 tributus,
1969 5121 2021 5171 et

418 5220 520 5275 pro
547 5205 741 5262 hordeo
768 5205 945 5278 spina.

491 5293 580 5351 55.
613 5294 859 5350 Prwtatis
886 5309 985 5350 sua
1011 5291 1330 5350 auctoritate
1358 5291 1498 5349 male
1524 5291 1788 5349 utentibus
1842 5293 2023 5350 oritur

497 5549 511 5583 ¹
544 5546 743 5615 Laud,
773 5545 928 5618 quasi
954 5546 1145 5602 suavia
1200 5550 1386 5605 mentis
1439 5548 1693 5606 alimenta
1726 5566 2022 5623 praepara-

422 5636 773 5770 m?i_)e{ectu
800 5687 1037 5770 duarum
1080 5689 1637 5770 vocularum_non_et
1665 5693 1754 5770 sed
1795 5693 2020 5770 lunatas

418 5768 534 5820 erat
559 5759 654 5818 hic
683 5760 836 5818 locus
878 5759 935 5816 in
983 5759 1356 5834 superioribus
1402 5763 1507 5820 Ed.
1553 5762 1772 5820 Erroris
1818 5763 2021 5821 admo-

2133 4671 2460 4745 punctiones
2491 4674 2798 4730 murmuris
2827 4691 2859 4731 a
2876 4672 3142 4747 subjectis
3170 4673 3454 4748 recipiam,
3477 4676 3649 4733 etiam
3677 4677 3754 4736 de

2131 4760 2278 4819 bono
2305 4761 2454 4835 quod
2485 4761 2610 4820 feci.
2644 4763 2704 4820 Si
2767 4763 2985 4836 neglexi
3041 4761 3307 4822 exhibere
3336 4763 3486 4838 quod
3532 4764 3748 4840 foveat,

2122 4849 2273 4924 juste
2299 4851 2357 4908 in
2389 4853 2667 4926 querelam
2694 4853 2990 4926 prosiliens
3020 4870 3213 4912 eorum
3250 4854 3440 4928 lingua
3468 4873 3557 4914 me
3587 4872 3752 4930 pun-

2128 4948 2237 5013 gat.

2196 5028 2286 5088 56.
2315 5031 2541 5089 Prwtati
2568 5049 2604 5089 a
2634 5033 2790 5089 matis
2823 5033 3078 5106 ememptis
3100 5033 3420 5106 prebendis,
3475 5034 3676 5092 subditi
3708 5056 3745 5094 a

2126 5122 2424 5179 temerariis
2440 5122 2666 5193 judiciis
2686 5131 2922 5182 caveant.
2944 5155 3017 5167 —
3034 5125 3153 5195 Qua
3180 5126 3237 5182 in
3266 5141 3325 5183 re
3345 5142 3560 5201 semper
3586 5127 3746 5185 solli-

2128 5210 2240 5268 cita
2260 5212 2698 5271 consideratione
2719 5214 3059 5288 pensandum
3079 5223 3183 5284 est,
3204 5231 3275 5273 ne
3293 5224 3390 5274 aut
3407 5215 3468 5274 bi
3480 5217 3577 5291 qui
3593 5233 3745 5290 prae-

2133 5309 2262 5359 sunt
2290 5304 2544 5378 exempla
2572 5304 2704 5361 mali
2750 5304 2931 5378 operis
2987 5303 3250 5378 subjectis
3304 5306 3601 5380 praebeant,
3633 5323 3745 5364 eo-

2131 5561 2384 5680 nuerutnlt3
2402 5553 2531 5680 bigis.
2565 5552 2782 5627 Anglic.
2814 5559 2871 5607 et
2898 5550 3093 5618 nostri,
3118 5566 3329 5608 necnon
3368 5562 3477 5612 vet.
3508 5555 3615 5614 Ed.
3639 5558 3739 5615 Pa-

2131 5639 2226 5680 1‘18.
2259 5640 2288 5680 e
2385 5640 2464 5680 ast
2495 5668 2508 5680 .

2130 5639 2226 5769 φεῖ
2250 5632 2528 5769 ξξξέῗιξι
2554 5694 2750 5764 Laud,
2782 5695 2911 5767 quia
2939 5714 3025 5753 nec
3060 5714 3192 5769 opus
3218 5696 3395 5768 Ριιιεεε
3418 5700 3563 5769 τιαοά
3589 5702 3741 5757 αυε-

2132 5766 2246 5822 rius
2273 5765 2467 5838 operis.
