3928 6374
159 354 261 412 249

919 357 1294 420 MORALIUM
1330 361 1464 421 LIB.
1506 362 1711 424 XXIII.
1752 395 1824 410 --
1861 359 2202 427 IN'CAPUT
2237 370 2453 429 XXXII
2493 373 2554 430 B.
2593 375 2737 433 JOB.

3372 383 3484 441 250

164 493 394 554 rumque
425 479 604 538 vitam
623 495 738 538 sum
759 483 942 555 gladio
961 485 1248 557 pravitatis
1265 489 1621 562 exstinguant
1641 509 1655 559 ;
1676 499 1772 548 aut
1799 495 1849 557 Α
1874 494 1983 553 Nos
2011 496 2149 552 enim
2175 496 2306 568 quid
2333 515 2512 554 sumus
2531 501 2560 556 ?
2587 501 2691 557 Nec
2709 508 2894 558 contra
2911 519 3009 560 nos
3035 513 3112 561 est
3127 524 3378 565 mur-mur
3401 528 3482 567 ve-

159 570 218 627 hi
245 569 342 644 qui
374 570 563 627 alieno
594 571 848 644 regimini
879 573 1184 647 subjacent,
1212 576 1374 634 facile
1397 577 1647 650 judicare
1677 597 1769 637 au-

158 662 322 719 deant
349 659 504 718 facta
535 669 832 731 rectorum,
864 671 1028 738 atque
1058 682 1155 739 per
1170 665 1276 725 hoc
1295 669 1444 742 quod
1473 670 1542 726 de
1570 669 1659 726 his
1673 671 1768 744 qui

157 753 263 810 sibi
279 752 496 826 praelati
513 761 646 810 sunt
663 767 1033 827 murmurant,
1056 776 1168 816 non
1189 759 1452 832 humano,
1486 763 1581 819 sed
1601 763 1650 818 ei
1672 763 1770 836 qui

155 849 356 902 cuncta
375 843 630 916 disponit
648 843 842 902 divino
862 847 1045 904 ordini
1063 851 1462 910 eontradicant.
1486 853 1603 909 Illis
1618 868 1768 910 nam-

151 949 261 1007 que
288 933 540 991 dicitur:
568 935 702 992 Oves
715 952 840 991 mere
866 936 950 992 his
975 954 1092 1009 qua
1118 941 1421 998 conculcata
1440 942 1661 1014 pedibus
1689 960 1769 998 ve-

147 1024 282 1080 stris
306 1025 533 1096 fuerant
551 1026 926 1097 pascebantur,
956 1035 1006 1084 et
1031 1046 1150 1101 quas
1168 1031 1326 1104 pedes
1340 1031 1500 1088 vestri
1529 1033 1770 1090 turbave-

151 1121 298 1186 rant,
343 1115 454 1174 hmo
497 1118 737 1175 bibebant
775 1116 996 1183 (Ezech.
1045 1136 1244 1190 xxxrv,
1291 1121 1402 1194 19).
1449 1122 1592 1180 Oves
1619 1124 1768 1180 enim

153 1205 378 1273 turbata
424 1208 662 1282 pedibus
703 1208 908 1266 bibunt
948 1226 1076 1268 cum
1117 1210 1352 1284 subjecti
1379 1229 1444 1270 ea
1473 1212 1542 1270 ad
1571 1230 1770 1271 exem—

149 1297 305 1368 plum
353 1297 590 1355 vivendi
634 1306 903 1372 appetunt
947 1316 1066 1374 quae
1115 1303 1327 1374 praelati
1365 1303 1570 1378 quique
1599 1319 1767 1377 pravo

150 1403 316 1460 opere
346 1396 696 1461 pervertunt.
727 1390 803 1447 At
837 1399 1031 1448 contra
1057 1407 1090 1448 a
1117 1394 1358 1466 praelatis
1388 1393 1447 1451 bi
1491 1394 1764 1453 audiunt:

1877 590 2066 654 stram,
2115 586 2203 641 sed
2244 593 2428 642 contra
2478 588 2761 644 Dominum
2813 591 3012 662 (Erod.
3063 611 3181 664 xvr,
3231 598 3311 668 8).
3373 600 3481 668 Qui

1877 675 2025 730 enim
2042 683 2235 733 contra
2251 677 2648 749 superpositam
2671 679 2774 736 sibi
2807 688 3130 752 potestatem
3148 697 3477 758 murmurat,

1879 762 2051 836 liquet
2079 764 2227 838 quod
2256 765 2417 821 illum
2447 766 2727 840 redarguit
2754 769 2850 842 qui
2881 771 3128 830 eamdem
3153 772 3368 832 homini
3389 793 3482 848 po-

1877 859 2128 910 testatem
2174 853 2346 912 dedit.
2397 855 2638 913 Tandem
2681 857 2828 914 beati
2875 859 2977 917 Job
3025 861 3215 934 plenas
3251 867 3485 937 mystica

1878 943 2084 1002 virtute
2112 947 2432 1015 sententias,
2465 947 2522 1002 in
2553 947 2755 1020 quibus
2775 957 2968 1007 contra
2986 952 3294 1010 amicorum
3316 956 3486 1014 verba

1877 1031 2179 1104 respondit,
2223 1035 2338 1090 Deo
2376 1034 2638 1108 largiente
2665 1035 3026 1110 digessimus;
3061 1057 3209 1098 nunc
3237 1052 3484 1116 superest

1877 1130 1940 1178 ut
1967 1121 2036 1179 ad
2063 1123 2195 1180 Eliu
2224 1123 2393 1181 verba
2421 1126 2727 1194 veniamus,
2760 1143 2882 1201 quae
2911 1136 3064 1186 tanto
3093 1132 3333 1203 graviori
3361 1133 3485 1190 cir-

1876 1213 2286 1286 cumspectione
2316 1215 2594 1286 pensanda
2619 1226 2769 1288 sunt,
2802 1226 3008 1292 quanto
3027 1227 3082 1276 et
3110 1236 3206 1292 per
3219 1219 3480 1294 juventu-

1877 1301 1950 1358 tis
1977 1303 2262 1361 audaciam
2293 1305 2494 1377 spiritu
2521 1305 2859 1365 ferventiore
2888 1309 3266 1381 proferuntur.

1171 1529 1176 1530 ,
1199 1529 3467 1540 w

1441 1688 1695 1780 PARS
1773 1687 2182 1801 QUINTA,

1117 1864 1756 1933 CONTINENS
1829 1869 2233 1932 LIBROS
2300 1872 2546 1936 SEX.

1349 2035 2216 2076 OWﬂ-‘-”
2237 2051 2274 2070 ’ν

968 2239 1306 2326 LIBER
1415 2241 2031 2331 VIGESIMUS

2133 2243 2656 2333 TERTIUS.

147 2392 594 2476 lia-ponuntur
625 2415 772 2478 cap.
811 2416 982 2466 χχχιι
1027 2407 1086 2462 et
1126 2418 1322 2462 χχχιιι
1366 2418 1570 2484 usque
1605 2401 1694 2462 ad
1728 2418 1996 2464 versum
2039 2403 2140 2473 22.
2183 2404 2316 2480 ubi,
2354 2403 2580 2466 silente
2616 2404 2748 2480 Job,
2791 2404 2944 2470 Eliu
2973 2406 3209 2484 junior
3250 2405 3472 2470 multa

739 2488 913 2543 recta
957 2488 1016 2544 et
1055 2497 1250 2559 sana,
1297 2480 1409 2544 sed
1450 2480 1585 2544 non
1627 2489 1792 2545 nete
1833 2490 1890 2545 et
1929 2500 2109 2546 sana
2157 2486 2520 2546 intentione
2559 2485 2872 2548 edisserit.

679 2615 908 2674 CAPUT
935 2617 1228 2676 PRIMUM.

227 2707 374 2768 729
399 2704 514 2770 Quo
535 2703 636 2760 Dei
661 2705 903 2772 consilio,
924 2707 1174 2778 quibusve
1193 2707 1364 2764 modis
1383 2709 1480 2766 Job
1503 2709 1762 2782 probatus

149 2801 332 2874 fuerit.
363 2832 438 2848 -—-
465 2802 854 2859 Praefationem
876 2803 1044 2877 hujus
1063 2805 1243 2878 operis
1262 2807 1426 2863 toties
1454 2810 1760 2866 necessario

151 2899 356 2964 repeto,
383 2893 398 2927 ¹
423 2891 647 2966 quoties
666 2889 773 2948 hoc
789 2892 846 2948 in
863 2892 1221 2950 distinctione
1240 2895 1588 2952 voluminum
1611 2898 1760 2955 locu-

152 2981 320 3038 tionis
346 2997 484 3039 meae
515 2981 838 3054 pausatione
852 2981 1098 3052 succido,
1130 2991 1193 3040 ut
1211 3000 1338 3041 cum
1369 2984 1582 3058 legendi
1603 3003 1758 3042 exor-

149 3070 303 3127 dium
320 3072 583 3140 sumitur,
603 3071 758 3144 prius
778 3071 896 3144 ipsa
925 3073 1206 3130 memoriae
1229 3073 1482 3132 lectionis
1497 3091 1660 3132 causa
1678 3093 1758 3134 re-

151 3169 406 3230 novetur,
424 3169 479 3218 et
494 3168 648 3218 tanto
664 3161 945 3219 robustius
958 3171 1144 3236 surgat
1157 3163 1422 3222 doctrina:
1439 3165 1756 3237 aediﬁcium,

150 3259 356 3326 quanto
387 3268 458 3308 ex
478 3251 825 3309 considerata
844 3269 1022 3310 causa:
1043 3255 1254 3327 origine
1270 3253 1573 3312 studiosius
1604 3259 1759 3330 poni-

153 3351 240 3399 tur
261 3342 322 3398 in
339 3349 523 3398 mente
545 3341 989 3418 fundamentum.
1013 3343 1213 3402 Beatus
1228 3344 1351 3412 Job,
1373 3346 1486 3402 Deo
1508 3346 1610 3402 soli
1628 3346 1760 3404 sibi-

149 3450 254 3508 que
284 3432 562 3506 cognitus,
609 3432 668 3488 in
700 3431 1200 3506 tranquillitatead
1229 3443 1472 3492 nostram
1503 3436 1758 3494 notitiam

150 3521 536 3596 perducendus
576 3529 756 3580 tactus
797 3530 881 3580 est
909 3523 1154 3593 verbere,
1187 3531 1249 3583 ut
1277 3525 1503 3582 odorem
1537 3543 1758 3584 suarum

151 3613 359 3670 virium
392 3613 414 3648 ³
444 3619 599 3670 tanto
631 3612 794 3670 latius
811 3621 1111 3686 spargeret,
1135 3623 1340 3688 quanto
1370 3632 1522 3672 more
1551 3632 1758 3674 aroma-

149 3711 266 3758 tum
285 3701 488 3759 melius
508 3718 578 3757 ex
599 3702 919 3760 ineeusione
939 3703 1224 3776 fragraret.
1243 3705 1482 3762 Noverat
1511 3705 1569 3762 in
1597 3705 1760 3765 bonis

149 3795 236 3868 pie
266 3792 522 3851 subditos
552 3810 758 3868 regere,
790 3803 845 3852 et
863 3812 895 3852 a
926 3796 1087 3853 malis
1117 3812 1173 3853 se
1189 3795 1440 3854 districta
1459 3797 1755 3857 custodire.

147 3887 390 3943 Noverat
416 3883 557 3942 bene
588 3885 669 3941 uti
699 3885 862 3942 rebus
900 3883 1126 3955 habitis,
1167 3886 1262 3943 sed
1305 3888 1684 3946 nesciebamus
1712 3891 1760 3947 si

1790 2622 1838 2683 B
1866 2619 2040 2677 sancti
2072 2619 2180 2676 viri
2209 2621 2351 2678 forte
2380 2638 2442 2679 ac
2471 2623 2708 2680 solidum
2740 2631 2929 2698 pectus
2958 2632 3012 2682 et
3041 2641 3136 2698 per
3165 2625 3367 2683 damna
3396 2644 3480 2684 re-

1869 2727 1992 2767 rum
2023 2711 2212 2769 dolore
2241 2720 2524 2782 sterneret,
2557 2723 2610 2770 et
2639 2731 2735 2786 per
2764 2713 2933 2772 verba
2968 2715 3218 2790 conjugis
3248 2719 3476 2775 maledi-

1869 2800 2052 2856 ctione
2082 2801 2400 2873 perforaret.
2435 2802 2540 2860 Sed
2569 2805 2966 2878 quot-vulnera
2994 2806 3227 2863 saeviens
3257 2807 3472 2877 intulit,

1867 2895 1950 2946 tot
1991 2897 2180 2946 sancto
2225 2892 2346 2946 viro
2375 2893 2624 2948 nesciens
2653 2893 2916 2950 victorias
2946 2894 3302 2952 ministravit.
3335 2898 3475 2953 Nam

1869 2976 2047 3034 ﬁdelis
2093 2979 2194 3034 Dei
2242 2979 2504 3048 famulus,
2551 2997 2664 3036 uno
2705 2981 3004 3056 eodemque
3047 2990 3292 3056 tempore
3332 2986 3480 3042 inter

1868 3069 2099 3126 vuluera
2141 3075 2194 3125 et
2231 3067 2399 3124 verba
2438 3068 2828 3142 deprehensus,
2862 3079 2917 3127 et
2945 3071 3224 3129 dolentem
3255 3089 3475 3131 carnem

1869 3158 2251 3233 aequanimiter
2280 3159 2526 3231 pertulit,
2559 3167 2612 3216 et
2632 3159 2996 3232 desipientem
3020 3161 3311 3236 conjugem
3333 3170 3479 3228 730

1869 3255 2168 3328 prudenter
2213 3256 2537 3330 increpavit.
2584 3258 2863 3332 Antiquus
2907 3259 3090 3334 itaque
3119 3260 3314 3329 hostis,
3349 3263 3480 3336 quia

1867 3345 2020 3402 vinci
2049 3362 2106 3402 se
2137 3346 2193 3402 in
2223 3345 2541 3404 domesticis
2579 3347 2778 3417 doluit,
2813 3349 3066 3421 protinus
3093 3351 3372 3407 exteriora
3399 3369 3479 3408 re-

1868 3434 2120 3507 quisivit.
2153 3435 2378 3494 Amicos
2396 3453 2631 3511 namque
2653 3435 2770 3510 ejus
2788 3438 2856 3494 de
2877 3437 3012 3496 locis
3033 3440 3285 3515 singulis,
3319 3444 3476 3517 quasi

1868 3541 1966 3596 pro
2008 3525 2314 3583 exercenda
2354 3525 2622 3584 charitate
2661 3530 2987 3598 commovit,
3039 3547 3338 3606 eorumque
3381 3550 3477 3590 ora

1868 3613 1970 3670 sub
2000 3615 2182 3686 specie
2209 3616 2605 3673 consolationis
2636 3618 2884 3690 aperuit;
2919 3617 3013 3674 sed
3044 3635 3138 3690 per
3157 3618 3274 3677 haec
3287 3619 3476 3693 jacula

1869 3702 2260 3776 increpationis
2291 3705 2532 3774 intorsit,
2565 3723 2686 3781 quae
2715 3723 2778 3762 eo
2819 3707 3013 3764 durius
3041 3725 3136 3764 cor
3164 3725 3351 3766 secure
3381 3726 3474 3768 au-

1867 3792 2071 3850 dientis
2101 3793 2409 3867 inﬁgerent,
2442 3813 2551 3868 quo
2595 3797 2738 3854 inter
2766 3805 2995 3854 ostensa)
3024 3805 3078 3854 et
3106 3815 3217 3854 non
3247 3808 3475 3858 servatas

1867 3881 2152 3941 charitatis
2210 3885 2461 3942 tenebras
2505 3887 2526 3922 ³
2575 3887 2874 3959 improvise
2920 3890 3293 3945 vulnerarent.
3344 3889 3474 3945 Post

148 3975 364 4048 patiens
394 3983 738 4047 permaneret
765 3975 983 4032 ablatis.
1028 3977 1268 4033 Noverat
1295 3977 1618 4051 quotidiana
1645 3981 1759 4036 Deo
1797 3995 1842 4057 ε
1872 3969 1972 4028 hos
2003 3987 2220 4046 quoque
2251 3973 2318 4030 ad
2348 3974 2711 4030 contumelias
2739 3974 2904 4030 etiam
2937 3975 3066 4030 Eliu
3089 3974 3282 4046 iunior
3309 3975 3472 4031 exci-

149 4082 247 4138 pro
277 4063 432 4120 sanis
461 4063 786 4136 pignoribus
815 4064 1088 4124 sacriﬁcia
1106 4067 1340 4136 solvere,
1363 4067 1457 4124 sed
1487 4068 1760 4126 incertum

149 4163 265 4212 erat
293 4155 342 4210 si
370 4153 420 4211 ei
439 4154 734 4227 gratiarum
753 4154 1085 4213 sacriﬁcium
1109 4163 1163 4213 et
1181 4157 1406 4214 orbatus
1427 4158 1758 4218 immolaret.

147 4247 224 4303 Ne
254 4244 394 4320 quid
423 4260 550 4318 ergo
579 4245 705 4301 vitii
735 4247 883 4302 salus
913 4253 1134 4319 tegeret,
1167 4247 1396 4320 dignum
1427 4247 1536 4304 fuit
1565 4257 1626 4304 ut
1654 4249 1762 4307 hoc

147 4335 312 4390 dolor
325 4334 582 4406 aperiret.
600 4336 740 4391 Data
759 4335 944 4408 itaque
973 4343 1054 4392 est
1081 4344 1273 4394 contra
1292 4345 1542 4394 sanctum
1573 4339 1756 4395 virum

145 4423 294 4481 hosti
325 4423 530 4481 callido
569 4424 821 4481 tentandi
865 4425 1110 4483 licentia.
1155 4427 1261 4495 Qui
1302 4427 1434 4484 dum
1465 4428 1612 4485 bona
1639 4428 1757 4502 ejus

146 4514 342 4570 multis
371 4513 593 4586 cognita
622 4513 940 4571 interimere
970 4516 1196 4588 appetit,
1231 4517 1394 4574 etiam
1426 4517 1634 4574 bonum
1667 4535 1756 4592 pa-

143 4605 358 4662 tientia;
387 4604 536 4678 quod
564 4605 767 4663 latebat
795 4607 1074 4675 ostendit;
1107 4615 1162 4664 et
1190 4624 1349 4681 quem
1381 4627 1438 4667 se
1467 4619 1756 4684 angustare

143 4695 527 4770 persequendo
555 4695 812 4766 credidit,
845 4695 1077 4770 ﬂagellis
1106 4705 1326 4755 auctum
1349 4707 1403 4755 et
1425 4701 1480 4756 in
1500 4703 1754 4775 exemplo

142 4787 423 4844 dilatavit.
471 4787 584 4845 Nec
639 4788 756 4846 sine
813 4789 966 4862 gravi
1014 4797 1128 4845 arte
1177 4791 1424 4848 exercuit
1471 4791 1750 4850 licentiam

143 4896 311 4953 quam
343 4880 574 4953 accepit.
605 4880 740 4937 Nam
771 4879 1080 4938 combussit
1107 4897 1312 4954 greges,
1337 4883 1579 4938 extinxit
1594 4883 1752 4939 fami-

143 4971 266 5040 lias,
314 4971 502 5028 obruit
539 4970 803 5039 haeredes,
841 4971 1112 5044 percussit
1139 4971 1370 5028 salutem
1403 4974 1666 5046 corporis,
1701 4981 1755 5030 et

143 5060 212 5116 ad
244 5061 680 5136 intorquendum
712 5062 982 5134 gravioris
1016 5061 1334 5118 tentationis
1357 5061 1626 5134 jaculum,
1651 5063 1752 5118 lin-

142 5167 307 5219 guam
343 5150 588 5209 servavit
616 5151 808 5208 uxoris
841 5151 962 5226 (Job
993 5169 1032 5222 ι,
1078 5167 1138 5218 II,
1186 5167 1265 5220 rx,
1297 5151 1440 5225 etc),
1487 5159 1754 5225 quatenus

218 5410 234 5442 ι
265 5407 357 5464 Ex
385 5406 476 5464 his
507 5404 691 5478 verbis
719 5413 867 5478 patet
895 5404 1102 5478 divisio
1129 5405 1303 5478 totius
1318 5405 1500 5478 operis
1520 5406 1579 5461 in
1600 5421 1753 5478 supe-

142 5479 389 5536 rioribus
417 5477 776 5536 Editionibus
804 5477 1087 5548 neglecta;
1120 5477 1279 5549 cujus
1311 5477 1491 5549 tamen
1507 5485 1638 5549 sunt
1667 5477 1754 5534 ve-

141 5551 591 5632 stigiaoquaedam
617 5549 672 5632 in
704 5556 813 5632 vet.
975 5550 1032 5605 in
1055 5548 1260 5632 quibus
1287 5549 1356 5606 ad
1377 5548 1526 5632 hunc
1540 5548 1752 5632 librum

143 5620 526 5694 praemittitur,
578 5621 703 5694 \Lel:
754 5620 958 5694 Incipit
985 5620 1172 5692 quinta
1210 5639 1344 5694 pars
1373 5621 1598 5694 Morel,
1643 5621 1750 5688 vel,

143 5692 904 5776 totius_operis_pc{rs_quinm.
937 5693 999 5748 In
1029 5692 1339 5776 ‘vet..Basil_.
1375 5693 1605 5776 legitur:
1627 5709 1752 5764 quo-

143 5767 234 5822 ties
261 5767 336 5824 ad
359 5764 459 5824 hoc
507 5764 564 5820 in
591 5764 922 5820 distinctione
960 5765 1284 5820 voluminum
1315 5764 1590 5821 locutio-nis
1635 5782 1756 5820 mete

141 5840 461 5909 [musatione
489 5835 725 5893 succede.
750 5837 809 5892 In
840 5835 1158 5894 Colbertino
1187 5836 1321 5894 alias
1352 5843 1584 5894 monast.
1618 5839 1786 5892 san-‘

1871 4068 2036 4130 tatur,
2071 4069 2132 4117 ut
2161 4062 2613 4135 tranquillitatem
2636 4071 2800 4118 tantae
2822 4061 3260 4120 mansuetudinis
3279 4065 3470 4120 saltem

1869 4153 2164 4225 dedignata
2206 4154 2400 4210 levitas
2429 4153 2772 4227 perturbaret
2811 4155 3004 4211 aetatis.
3038 4154 3142 4211 Sed
3171 4163 3364 4212 contra
3390 4163 3475 4212 tot

1869 4245 2085 4319 antiqui
2115 4243 2292 4302 hostis
2321 4244 2606 4302 machinas
2626 4246 2778 4302 stetit
2796 4245 3004 4302 invicta
3017 4247 3348 4316 constantia,
3367 4255 3472 4303 ste-

1868 4335 1937 4390 tit
1965 4335 2346 4408 aequanimitas
2389 4334 2639 4392 infracta.
2671 4336 2808 4392 Nam
2852 4351 2963 4391 uno
2994 4335 3295 4410 eodemque
3323 4343 3474 4393 tem-

1868 4441 1998 4496 pore
2025 4424 2211 4482 verbis
2239 4423 2658 4482 adversantibus
2687 4424 2945 4498 opposuit
2973 4425 3343 4497 prudentiam,
3377 4441 3476 4482 re-

1865 4512 1971 4570 bus
2000 4515 2194 4570 vitam.
2227 4515 2399 4572 Nemo
2429 4515 2600 4587 igitur
2619 4522 2868 4572 sanctum
2890 4514 3092 4582 virum,
3125 4515 3382 4588 quamvis
3405 4513 3473 4571 de

1867 4603 1964 4660 illo
2007 4611 2192 4677 aperte
2233 4611 2356 4676 post
2401 4603 2614 4676 ﬂagella
2655 4605 2920 4677 scriptum
2964 4603 3072 4660 sit:
3124 4604 3190 4659 In
3233 4604 3474 4660 omnibus

1865 4693 1945 4750 his
1973 4712 2078 4752 non
2103 4697 2334 4770 peccavit
2359 4697 2456 4753 Job
2490 4696 2644 4753 labiis
2672 4696 2782 4752 suis
2810 4697 3002 4770 (Ib-iii,
3035 4714 3097 4766 II,
3131 4697 3244 4770 10),
3277 4697 3468 4753 saltem

1865 4788 2214 4858 postmodum
2246 4789 2304 4844 in
2333 4787 2686 4846 contentione
2715 4789 3019 4846 amicorum
3063 4789 3298 4844 aestimet
3325 4789 3472 4844 inter

1863 4877 2048 4936 verba
2077 4878 2394 4952 deliquisse.
2446 4877 2610 4933 Satan
2655 4877 2857 4951 quippe
2902 4879 3263 4934 tentationem
3314 4875 3470 4930 illius

1863 4969 2131 5040 expetiit;
2179 4967 2274 5024 sed
2315 4969 2480 5035 Deus,
2526 4967 2622 5040 qui
2652 4966 2803 5024 hunc
2833 4966 3169 5033 laudaverat,
3202 4965 3257 5020 in
3288 4964 3468 5035 seipse

1863 5056 1980 5128 ejus
2027 5057 2388 5114 intentionem
2433 5058 2750 5114 certaminis
2793 5057 3019 5128 accepit.
3053 5055 3312 5127 Quisquis
3341 5070 3468 5126 ergo

1864 5147 2080 5204 beatum
2127 5147 2228 5202 Job
2259 5147 2558 5221 deliquisse
2586 5147 2644 5203 in
2672 5147 2786 5204 suis
2816 5145 3160 5202 sermonibus
3190 5143 3465 5217 queritur,

1863 5404 1940 5463 eti
1969 5401 2246 5484 Dionysii,
2278 5416 2311 5482 a
2337 5414 2472 5456 noce
2500 5397 2730 5484 circiter,
2751 5395 2926 5484 anrnis'
2940 5395 3234 5484 descripto,
3267 5398 3470 5484 quoties

1865 5479 1958 5532 hoc
1985 5474 2041 5528 in
2069 5466 2519 5530 distinctionem...
2550 5469 2781 5524 succede.
2814 5466 3012 5524 Deﬁcit
3051 5466 3238 5524 Codex
3275 5466 3464 5526 Germ.

1864 5563 2036 5631 usque
2081 5545 2149 5601 ad
2197 5545 2284 5612 31,
2333 5550 2388 5600 et
2434 5541 2596 5600 Corb.
2644 5540 2829 5598 Germ.
2863 5557 3036 5614 usque
3065 5539 3132 5596 ad
3161 5540 3248 5609 28,
3281 5543 3470 5598 exclu-

1863 5636 2224 5748 snie.Vindoe.
2257 5697 2310 5746 et
2339 5687 2552 5754 Norm.,
2586 5691 2734 5742 tanto
2757 5684 2980 5756 largius.
3014 5682 3256 5742 Colbert.
3277 5683 3459 5741 habet.

1862 5765 2117 5836 ﬂagraret
2146 5779 2244 5834 pro
2273 5761 2566 5836 fragran'et2

1936 5827 1958 5872 δ
1989 5827 2192 5892 Turon.
2227 5827 2282 5892 et
2307 5827 2518 5899 Norm.,
2552 5829 2843 5904 improvisa
2861 5827 3218 5884 vulnerarent.
