3928 6380
482 369 588 431 281.

1708 359 1961 421 SANCTI
1996 358 2334 420 GREGORII
2370 358 2599 419 MAGNI

475 493 612 568 quid
637 491 791 548 aliud
819 503 985 564 quam
1002 489 1200 557 Deum,
1222 486 1320 563 qui
1338 502 1438 563 pro
1458 487 1558 546 illo
1578 486 1883 565 proposuit,
1909 486 1927 522 ¹
1963 500 2082 559 per-
2107 487 2160 551 Α
2188 483 2356 580 rectis
2383 481 2634 540 moribus
2663 482 2857 580 positi,
2879 497 2955 580 eo
2971 479 3168 580 durius
3197 480 3376 580 vitam
3397 475 3650 580 ﬁdelium

421 625 430 633 .
473 580 680 641 didisse
708 577 1005 638 conﬁtetur
1021 577 1052 637 Ἰ

543 687 596 746 2.
628 687 855 760 Antiqui
884 684 1072 743 Patres
1096 684 1380 743 arboribus
1407 682 1711 756 fructiferis
1729 681 1945 740 similes.
1968 682 2074 740 Eo-

473 798 598 840 rum
635 781 846 854 {nectus
880 780 991 852 fuit
1031 779 1303 837 Christum
1329 779 1560 852 signare,
1590 784 1641 834 et
1666 776 1974 835 Ecclesiam.
2003 806 2076 818 —

475 871 618 942 Quia
644 886 778 929 vero
805 869 1020 944 antiqui
1051 869 1238 926 Patres
1265 867 1571 928 fructiferis
1599 867 1888 927 arboribus
1916 866 2073 924 simi-

475 962 573 1030 les,
616 976 730 1017 non
758 959 937 1016 solum
968 957 1187 1032 pulchri
1217 965 1346 1015 sunt
1373 974 1470 1031 per
1497 956 1755 1030 speciem,
1785 957 1882 1014 sed
1909 955 2074 1013 etiam

475 1050 643 1108 utiles
680 1065 779 1123 per
818 1049 1148 1118 ubertatem,
1192 1047 1273 1105 sic
1300 1063 1492 1104 eorum
1520 1047 1638 1106 vita
1665 1046 1944 1120 pensanda
1972 1051 2072 1114 est,

474 1147 539 1198 ut
551 1155 678 1198 cum
708 1138 976 1194 miramur
1002 1153 1124 1212 quae
1153 1136 1226 1194 sit
1253 1135 1510 1194 viriditas
1539 1136 1598 1193 in
1625 1135 1877 1205 historia,
1909 1135 2077 1192 inve-

475 1229 696 1287 niamus
720 1235 776 1285 et
803 1234 1008 1301 quanta
1035 1225 1109 1284 sit
1135 1226 1360 1284 ubertas
1385 1225 1445 1282 in
1474 1226 1775 1299 allegoria;
1805 1230 2077 1299 quatenus

475 1335 604 1378 cum
643 1317 908 1377 blandum
951 1322 1033 1374 est
1075 1315 1223 1391 quod
1253 1316 1311 1372 in
1341 1315 1495 1376 foliis
1523 1315 1752 1384 redolet,
1784 1327 2075 1387 cognosca-

448 1462 459 1480 ,
478 1425 602 1466 mus
628 1416 684 1466 et
702 1424 865 1484 quam
880 1406 1042 1465 dulce
1063 1407 1136 1465 sit
1154 1406 1302 1482 quod
1322 1407 1380 1463 in
1399 1406 1674 1466 fructibus
1694 1405 1856 1478 sapit.
1878 1404 2077 1463 Nullus

476 1500 679 1576 quippe
706 1516 957 1574 superna
984 1499 1298 1572 adoptionis
1336 1498 1565 1572 gratiam
1594 1496 1810 1567 habuit,
1842 1496 1951 1553 nisi
1979 1493 2078 1570 qui

476 1591 622 1650 hanc
648 1607 747 1665 per
763 1590 1135 1665 cognitionem
1152 1589 1434 1663 Unigeniti
1462 1589 1691 1664 accepit.
1715 1588 1956 1662 Dignum
1977 1587 2078 1644 ita-

476 1695 586 1754 que
613 1686 699 1736 est
724 1685 790 1734 ut
816 1678 934 1751 ipse
961 1678 1021 1734 in
1048 1694 1240 1735 eorum
1271 1678 1388 1737 vita
1413 1686 1469 1737 et
1496 1679 1687 1752 lingua
1712 1676 2073 1750 resplendeat,

479 1765 576 1842 qui
604 1782 698 1824 eos
715 1773 779 1824 ut
806 1765 1153 1839 resplendere
1168 1775 1482 1825 mereantur
1499 1768 1758 1825 illustrat.
1780 1766 1917 1823 Nam
1948 1781 2076 1824 cum

476 1857 535 1915 in
576 1856 819 1914 tenebris
865 1861 1005 1921 731
1054 1856 1293 1915 lucernae
1339 1857 1525 1916 lumen
1553 1855 1892 1925 accenditur,
1924 1855 2080 1928 prius
2109 1860 2158 1923 Β

478 1955 704 2014 lucerna
747 1955 958 2026 eadem,
1008 1973 1129 2031 quae
1167 1955 1347 2014 videri
1389 1965 1588 2015 caetera
1614 1955 1802 2026 efﬁcit,
1834 1953 2076 2012 videtur.

479 2043 634 2102 Unde
678 2061 898 2103 necesse
944 2053 1028 2102 est
1072 2053 1136 2105 ut
1162 2046 1211 2103 si
1239 2061 1369 2104 vere
1399 2044 1740 2104 intendimus
1768 2042 2084 2100 illuminata

476 2151 718 2205 cernere,
759 2135 1076 2193 studeamus
1103 2135 1305 2193 mentis
1333 2135 1522 2194 oculos
1550 2133 1619 2191 ad
1647 2133 1826 2206 ipsum
1857 2131 2082 2188 illumi-

478 2241 616 2282 nans
661 2226 849 2282 lumen
890 2227 1124 2300 aperire.
1170 2224 1329 2295 Quod
1378 2232 1434 2281 et
1480 2224 1538 2281 in
1569 2223 1775 2280 eisdem
1803 2220 1950 2280 beati
1977 2218 2080 2279 Job

478 2317 847 2387 sermonibus,
903 2317 1070 2376 etiam
1116 2317 1345 2375 remotis
1400 2315 1786 2388 allegoriarum
1843 2311 2075 2369 umbris,

479 2406 637 2482 quasi
678 2405 949 2480 depressis
993 2406 1118 2463 altae
1163 2405 1344 2464 noctis
1389 2403 1651 2472 tenebris,
1684 2400 1899 2461 corusci
1928 2417 2081 2458 more

479 2499 912 2573 pertranseuntis
957 2499 1292 2570 intermicat,
1341 2515 1467 2557 cum
1515 2496 1756 2556 dicitur:
1790 2495 1912 2553 Scio
1940 2493 2082 2566 quod

479 2588 792 2662 Redemptor
827 2605 972 2644 meus
1011 2588 1159 2656 vivit,
1207 2594 1257 2644 et
1294 2587 1354 2644 in
1379 2603 1538 2644 carne
1562 2603 1677 2643 mea
1704 2583 1884 2640 videbo
1911 2583 2082 2640 Deum

479 2676 609 2747 (Job
637 2692 758 2747 XIX,
790 2677 906 2750 25).
938 2677 1055 2734 Hoc
1074 2676 1340 2735 nimirum
1370 2675 1428 2733 in
1455 2682 1617 2734 nocte
1649 2673 1915 2744 historiae,
1947 2673 2082 2730 Pau-

476 2765 565 2822 lus
595 2765 783 2822 lumen
842 2765 1148 2835 invenerat,
1179 2782 1305 2824 cum
1336 2764 1587 2824 dicebat:
1616 2766 1802 2823 Omnes
1828 2763 1888 2819 in
1904 2764 2082 2834 Moyse

475 2855 735 2928 baptizati
779 2861 904 2913 sunt
938 2855 997 2913 in
1023 2856 1158 2912 nube
1193 2862 1242 2914 et
1287 2856 1342 2912 in
1381 2857 1544 2924 nzari,
1572 2862 1621 2912 et
1646 2871 1822 2911 omnes
1849 2854 2082 2910 eamdem

475 2961 645 3001 escam
689 2945 988 3018 spiritalem
1033 2947 1504 3013 manducaverunt,
1549 2952 1601 3002 et
1642 2962 1818 3002 omnes
1845 2945 2081 3001 eumdem

467 3037 657 3103 potum
701 3031 998 3105 spiritalem
1042 3031 1299 3091 biberunt.
1344 3033 1601 3090 Bibebant
1626 3038 1801 3090 autem
1828 3031 1891 3088 de
1916 3030 2078 3104 spiri-

472 3122 572 3179 tali
615 3129 952 3196 consequente
991 3141 1076 3181 eos
1096 3131 1274 3197 petra,
1298 3130 1458 3198 petra
1484 3129 1661 3180 autem
1685 3127 1803 3178 erat
1832 3121 2076 3180 Christus

473 3210 535 3284 (Ι
562 3211 689 3270 Cor.
720 3229 780 3282 x,
812 3211 951 3286 2-4).
984 3212 1043 3270 Si
1072 3212 1243 3287 igitur
1268 3211 1648 3286 Redemptoris
1668 3210 1903 3284 speciem
1922 3217 2077 3284 petra
2110 3221 2156 3284 ο

472 3301 672 3372 tenuit,
719 3318 820 3360 cur
864 3317 978 3358 non
1018 3301 1247 3374 ﬁguram
1281 3292 1436 3358 illius'
1463 3300 1656 3358 beatus
1675 3299 1778 3357 101)
1807 3299 2072 3370 insinuet,

399 3400 407 3411 ‘
470 3390 568 3465 qui
596 3407 721 3449 eum
743 3405 906 3465 quem
927 3406 1064 3446 voce
1081 3388 1314 3465 protulit
1332 3389 1499 3447 etiam
1518 3389 1772 3463 passione
1789 3386 2074 3461 signavit?

466 3479 622 3538 Unde
659 3487 715 3538 et
753 3495 865 3536 non
895 3479 1174 3536 immerito
1201 3478 1304 3537 101)
1333 3478 1595 3537 videlicet
1621 3477 1815 3535 dolens
1842 3476 2071 3548 dicitur,

464 3567 596 3642 quia
610 3566 762 3627 illius
782 3567 843 3626 in
861 3584 919 3626 se
938 3567 1235 3641 imaginem
1255 3568 1524 3640 exprimit
1542 3567 1610 3625 de
1631 3583 1740 3642 quo
1761 3582 1856 3640 per
1874 3566 2072 3624 Isaiam

464 3655 625 3730 longe
667 3664 794 3715 ante
835 3657 1198 3715 annuntiatur
1238 3655 1387 3731 quod
1427 3655 1646 3714 dolores
1691 3663 1908 3714 nostros
1958 3657 2073 3730 ipse

464 3744 710 3818 portavit
755 3744 912 3818 (Isai.
957 3761 1078 3815 Lm,
1125 3744 1206 3819 4).
1238 3744 1536 3804 Sciendum
1566 3762 1785 3822 quoque
1811 3754 1894 3804 est
1923 3746 2073 3820 quod

461 3830 797 3907 Redemptor
835 3840 1022 3892 noster
1066 3849 1233 3892 unam
1280 3851 1338 3892 se
1385 3851 1674 3908 personam
1720 3852 1847 3893 cum
1887 3843 2075 3893 sancta

461 3923 729 3994 Ecclesia,
774 3939 937 3999 quam
981 3924 1296 3998 assumpsit,
1343 3923 1620 3983 exhibuit.
1666 3926 1746 3983 De
1774 3925 1894 3999 ipso
1922 3925 2072 3983 enim

459 4012 700 4072 dicitur:
735 4014 840 4084 Qui
867 4020 943 4071 est
960 4021 1138 4088 caput,
1165 4014 1410 4074 Christus
1429 4014 1653 4088 (Ephes.
1673 4032 1753 4084 Iv,
1789 4015 1900 4090 15).
1934 4015 2071 4074 Rur-

460 4120 692 4178 sumque
717 4104 786 4162 de
833 4103 952 4178 ejus
992 4105 1242 4164 Ecclesia
1289 4105 1557 4179 scriptum
1605 4111 1724 4162 est:
1766 4106 1841 4162 Et
1880 4122 2072 4178 corpus

465 4193 689 4262 Christi,
718 4195 859 4266 quod
887 4202 964 4252 est
987 4193 1226 4253 Ecclesia
1253 4196 1493 4268 (Coloss.
1524 4212 1566 4266 1,
1596 4195 1714 4270 24).
1743 4197 1944 4254 Beatus
1972 4196 2071 4270 igi-

463 4293 556 4343 tur
581 4284 705 4355 101),
739 4286 836 4360 qui
862 4284 1180 4344 Mediatoris
1221 4294 1419 4360 typum
1448 4302 1514 4344 eo
1541 4287 1728 4344 verius
1754 4288 1934 4345 tenuit
1961 4304 2071 4362 quo

461 4375 775 4450 passionem
821 4374 994 4444 illius,
1043 4390 1156 4431 non
1199 4374 1477 4447 loquendo
1520 4375 1926 4446 tantummodo,
1975 4375 2070 4434 sed

461 4465 627 4523 etiam
674 4462 934 4538 patiendo
962 4461 1334 4538 prophetavit,
1366 4480 1492 4521 cum
1524 4463 1583 4520 in
1611 4464 1776 4523 dictis
1803 4465 2071 4540 factisque

461 4554 578 4612 suis
619 4551 969 4628 expressioni
1011 4551 1394 4626 Redemptoris
1436 4552 1716 4625 innititur,
1748 4563 1970 4628 repente
1997 4555 2065 4614 ad

459 4643 921 4718 signiﬁcationem
981 4644 1231 4717 corporis
1286 4642 1582 4719 aliquando
1637 4644 1938 4715 derivatur,
2003 4653 2068 4704 ut

459 4733 608 4808 quod
637 4732 920 4791 Christum
948 4739 1003 4790 et
1029 4733 1331 4792 Ecclesiam
1362 4750 1529 4791 unam
1558 4751 1845 4809 personam
1873 4736 2063 4795 credi—

458 4839 602 4892 mus,
647 4820 756 4880 hoc
801 4821 964 4878 etiam
1015 4821 1180 4879 unius
1226 4839 1473 4897 personae
1518 4823 1736 4882 actibus
1763 4823 2062 4900 signiﬁcari

458 4911 766 4970 videamus.

528 5003 580 5061 3.
631 5004 780 5063 Uxor
819 5004 938 5074 Job,
987 5005 1228 5061 cantales
1269 5004 1558 5072 Ecclesiae;
1583 5006 1765 5074 amici,
1793 5007 2062 5064 haereticos

458 5092 798 5153 adumbrant.
829 5125 902 5136 —
931 5093 1083 5152 Uxor
1112 5110 1244 5151 vero
1273 5092 1412 5168 ejus,
1444 5111 1566 5169 quae
1592 5112 1718 5153 eum
1746 5096 1815 5154 ad
1835 5095 2060 5154 maledi-

460 5180 694 5239 cendum
723 5192 1004 5256 provocat,
1037 5183 1173 5258 quid
1201 5184 1354 5241 aliud
1383 5200 1548 5258 quam
1577 5186 1903 5257 pravitatem
1932 5202 2064 5243 car-

462 5269 668 5325 nalium
700 5271 878 5342 signat
898 5271 926 5329 7
954 5271 1059 5341 Qui
1103 5273 1249 5330 intra
1277 5279 1518 5330 sanctam
1550 5274 1853 5332 Ecclesiam
1884 5275 2062 5334 incor-

539 5537 555 5572 ι
587 5536 816 5604 Turon.,
849 5537 1143 5607 deliquisse.

536 5607 916 5688 {Membrana}
946 5609 1252 5688 Baluzianae
1282 5619 1439 5688 aetate
1467 5615 1643 5670 sancti
1672 5615 1919 5688 Gregorii
1952 5631 2061 5672 non

466 5679 702 5736 multum
750 5679 1058 5748 inferiores,
1108 5682 1167 5739 in
1214 5683 1412 5756 quibus
1497 5701 1634 5742 auca
1674 5679 1968 5758 supérsunt
1994 5704 2064 5744 ex

466 5749 780 5814 Moralibus,
830 5750 1094 5814 Colbert.,
1147 5753 1408 5814 Vindoc..
1440 5702 1653 5814 θοι-ω..
1685 5758 1904 5814 Domini
1930 5776 2064 5814 eon-

462 5749 780 5880 Moratlibus,
830 5750 1094 5820 Colbert.,
1147 5749 1408 5823 Vindoc.,
1440 5749 1653 5825 Norm.,
1685 5749 1904 5816 Domini
1930 5776 2064 5816 con-

487 5841 601 5880 emn
628 5841 706 5880 us.

487 5841 706 5898 emptus.

2184 574 2427 637 vicinius
2456 580 2734 648 premunt,
2765 573 2898 647 quia
2921 570 3065 629 dum
3087 569 3253 627 vitari
3282 584 3318 626 a
3340 567 3603 625 ﬁdelibus
3631 567 3796 642 quasi

2184 662 2374 723 ﬁdeles
2421 669 2724 738 nequeunt,
2772 668 2928 720 tanto
2973 659 3196 732 gravius
3238 665 3446 733 quanto
3475 665 3531 715 et
3558 655 3797 715 interius

2184 754 2508 811 tolerantur.
2535 752 2674 828 [Vet.
2698 749 2806 825 ΙΙ.]
2847 751 3031 809 Amici
3050 765 3184 806 vero
3202 747 3342 820 ejus,
3364 747 3462 822 qui
3481 746 3641 822 quasi
3655 745 3796 804 dum

2183 843 2484 902 consulunt
2527 840 2887 910 invehuntur,
2918 838 3304 897 haereticorum
3333 835 3567 909 ﬁguram
3595 834 3802 908 expri-

2185 941 2366 1004 munt,
2414 934 2511 1008 qui
2559 933 2664 990 sub
2707 932 2888 1006 specie
2929 928 3255 989 consulendi
3299 935 3471 1002 agunt
3509 927 3800 1000 negotium

2185 1022 2503 1081 seducendi.
2529 1021 2685 1080 Unde
2712 1030 2769 1080 et
2795 1020 2865 1078 ad
2890 1021 3113 1079 beatum
3140 1018 3245 1077 101)
3272 1017 3407 1077 dum
3435 1034 3536 1091 pro
3552 1017 3801 1077 Domino

2185 1112 2357 1170 verba
2385 1111 2617 1181 faciunt,
2649 1127 2682 1168 a
2707 1111 2947 1170 Domino
2976 1109 3360 1184 reprobantur,
3382 1107 3516 1182 quia
3531 1106 3804 1168 videlicet

2184 1217 2377 1259 omnes
2409 1200 2657 1260 haeretici
2686 1201 2820 1258 dum
2839 1203 3013 1258 Deum
3034 1197 3333 1258 defendere
3349 1197 3610 1256 nituntur
3625 1198 3801 1257 oaen-

2184 1289 2346 1348 dunt.
2380 1290 2538 1348 Unde
2566 1291 2647 1349 eis
2675 1298 2800 1364 apte
2826 1297 2883 1347 et
2900 1289 2968 1346 ab
2990 1289 3184 1347 eodem
3204 1289 3330 1346 viro
3347 1295 3541 1350 sancto
3558 1288 3799 1348 dicitur:

2184 1381 2476 1454 Disputare
2503 1398 2621 1437 cum
2646 1382 2756 1439 Deo
2783 1381 2961 1454 cupio,
2975 1380 3134 1454 prius
3150 1396 3242 1436 oos
3261 1379 3535 1436 ostendm
3559 1378 3803 1452 fabrica-

2187 1475 2324 1526 tores
2344 1471 2623 1540 mendacii,
2644 1477 2692 1527 et
2707 1473 2933 1528 cultores
2942 1485 3318 1544 perversorum
3333 1470 3642 1542 dogmatum
3664 1470 3699 1540 (
3699 1469 3803 1528 Job

2185 1575 2311 1629 xm,
2342 1559 2395 1629 3,
2429 1559 2510 1634 4).
2543 1559 2771 1619 Constat
2799 1577 2929 1635 ergo
2949 1577 3042 1618 eos
3071 1559 3458 1618 haereticorum
3487 1567 3689 1634 typum
3711 1575 3801 1633 ge-

2186 1668 2326 1721 rere,
2362 1668 2503 1727 quos
2530 1661 2750 1711 sanctus
2769 1653 2860 1710 vir
2880 1652 3177 1727 redarguit,
3199 1652 3378 1711 cultui
3407 1669 3798 1726 perversorum

2185 1740 2505 1814 dogmatum
2547 1741 2844 1801 deservire.
2892 1741 3034 1811 Quia
3073 1741 3244 1815 igitur
3270 1741 3375 1800 101)
3403 1741 3805 1815 interpretatur

2185 1829 2400 1900 dolens,
2450 1847 2561 1905 quo
2611 1830 2879 1888 nimirum
2908 1830 3100 1888 dolore
3127 1831 3216 1888 vel
3243 1830 3563 1890 Mediatoris
3591 1832 3799 1904 passio,

2192 1921 2282 1978 vel
2301 1928 2504 1978 sanctae
2517 1923 2778 1980 Ecclesiae
2798 1923 2953 1980 labor
2971 1923 3322 1997 exprimitur,
3343 1940 3467 1998 quas
3494 1922 3803 1996 multiplici

2191 2010 2474 2084 praesentis
2515 2011 2646 2068 vita;
2682 2011 3000 2086 fatigatione
3040 2013 3339 2083 cruciatur,
3382 2012 3549 2073 amici
3577 2028 3805 2086 quoque

2191 2096 2311 2172 ejus
2354 2114 2426 2155 ex
2470 2099 2741 2158 vocabulo
2786 2102 3029 2158 nominis
3077 2101 3340 2159 meritum
3385 2118 3500 2159 sum
3547 2101 3806 2159 indicant

2191 2186 2444 2245 actionis.
2492 2189 2630 2246 Nam
2675 2189 2908 2264 Eliphaz
2952 2191 3150 2250 Latina
3189 2192 3380 2266 lingua
3404 2191 3618 2250 dicitur
3647 2192 3671 2229 ³
3699 2192 3805 2249 Dei

2190 2284 2558 2351 contemptus.
2581 2280 2654 2336 Et
2673 2280 2808 2354 quid
2828 2279 2981 2339 aliud
3001 2281 3248 2340 haeretici
3267 2283 3499 2352 faciunt,
3521 2283 3633 2340 nisi
3651 2282 3804 2358 quod

2190 2365 2325 2424 dum
2372 2367 2512 2425 falsa
2551 2369 2620 2426 de
2662 2371 2778 2427 Deo
2816 2371 3082 2441 sentiunt,
3114 2389 3239 2429 eum
3270 2371 3644 2446 superbiendo
3671 2389 3806 2431 con-

2189 2463 2449 2515 temnunt
2468 2457 2496 2515 ?
2538 2457 2748 2517 Baldad
2790 2459 3183 2534 interpretatur
3209 2469 3455 2520 vetustas
3481 2463 3620 2520 sola.
3652 2463 3805 2521 Bene

2191 2553 2374 2604 autem
2404 2564 2593 2606 omnes
2622 2547 2867 2608 haeretici
2888 2551 2948 2607 in
2968 2550 3057 2609 his
3077 2568 3199 2626 qua
3216 2551 3285 2610 de
3303 2553 3544 2610 Domino
3564 2553 3804 2627 loquun-

2190 2640 2302 2705 tur,
2332 2635 2467 2694 dum
2496 2654 2608 2696 non
2638 2639 2946 2697 intentione
2975 2649 3144 2710 recta,
3174 2640 3266 2699 sed
3296 2642 3638 2715 appetitione
3666 2649 3807 2700 tem-

2190 2724 2395 2797 poralis
2427 2727 2614 2800 gloriae
2635 2730 2814 2788 videri
2842 2731 3224 2805 praedicatores
3242 2739 3530 2806 appetunt,
3554 2739 3806 2789 vetustas

2191 2815 2309 2872 sola
2347 2817 2724 2876 nominantur.
2772 2818 2858 2878 Ad
2902 2819 3238 2895 loquendum
3282 2821 3505 2896 quippe,
3538 2836 3654 2877 non
3682 2821 3806 2878 zelo

2191 2904 2324 2962 novi
2354 2904 2619 2978 hominis,
2653 2912 2798 2974 732
2827 2909 2922 2967 sed
2951 2909 3081 2967 vita
3109 2910 3312 2968 veteris
3340 2909 3614 2983 pravitate
3654 2926 3807 2968 con-

2188 3003 2455 3062 citantur.
2504 3005 2719 3080 Sophar
2757 3023 2975 3083 quoque
3029 3007 3227 3066 Latino
3281 3024 3534 3067 sermone
3590 3009 3807 3068 dicitur

2187 3093 2474 3168 dissipatio
2519 3096 2773 3168 speculae,
2824 3097 2912 3154 vel
2960 3097 2983 3132 ³
3025 3097 3455 3171 speculationem
3496 3097 3804 3173 dissipans.

2186 3181 2397 3240 Montes
2440 3199 2680 3258 namque
2719 3184 2968 3243 ﬁdelium
3008 3185 3079 3244 ad
3106 3187 3530 3261 contemplanda
3557 3204 3805 3263 superna

2181 3286 2239 3328 se
2266 3271 2519 3345 erigunt;
2554 3273 2649 3332 sed
2677 3274 2812 3334 dum
2843 3275 3226 3335 haereticorum
3270 3277 3440 3335 verba
3479 3287 3805 3352 pervertere

2183 3369 2333 3420 recta
2377 3365 2814 3439 contemplantes
2859 3375 3141 3440 appetunt,
3190 3368 3468 3442 speculam
3515 3367 3806 3443 dissipare

2183 3460 2478 3510 conantur.
2509 3455 2573 3511 In
2602 3455 2784 3514 tribus
2811 3457 2996 3532 itaque
3015 3458 3319 3515 amicorum
3339 3457 3443 3516 101)
3462 3459 3804 3519 nominibus

2181 3547 2294 3598 tres
2337 3541 2396 3598 in
2439 3542 2714 3603 haereticis
2759 3544 3133 3620 perditionum
3176 3563 3335 3604 casus
3375 3547 3799 3621 exprimuntur.

2179 3630 2297 3688 Nisi
2341 3633 2490 3690 enim
2531 3635 2707 3692 Deum
2749 3643 3186 3706 contemnerent,
3217 3652 3568 3712 nequaquam
3593 3637 3667 3696 de
3695 3638 3807 3698 illo

2182 3736 2438 3793 perversa
2456 3723 2756 3793 sentirent;
2782 3726 2804 3760 ‘
2825 3732 2880 3782 et
2897 3724 3008 3783 nisi
3028 3732 3355 3782 vetustatem
3379 3725 3803 3798 contraherent,

2181 3809 2243 3866 in
2276 3826 2434 3868 novae
2461 3810 2594 3868 vitae
2627 3813 2993 3888 intelligentia
3021 3830 3133 3871 non
3148 3814 3428 3881 errarent;
3461 3822 3518 3872 et
3545 3815 3658 3872 nisi
3679 3833 3806 3890 spe-

2180 3900 2520 3957 culationem
2567 3901 2844 3960 bonorum
2891 3903 3256 3974 destruerent,
3306 3920 3654 3979 nequaquam
3705 3923 3805 3964 eos

2179 4006 2416 4063 superna
2439 3990 2652 4064 judicia
2669 4000 2783 4049 tam
2797 3992 3054 4052 districto
3073 3995 3332 4052 examine
3361 4011 3462 4068 pro
3492 3995 3801 4053 verborum

2179 4096 2405 4138 suorum
2458 4084 2620 4156 culpa
2683 4085 3060 4158 reprobarent.
3131 4085 3550 4145 Contemnendo
3623 4088 3807 4162 igitur

2178 4171 2375 4242 Deum,
2410 4173 2469 4229 in
2501 4181 2772 4234 vetustate
2801 4192 2858 4232 se
2889 4176 3163 4245 retinent;
3209 4175 3305 4234 sed
3345 4176 3404 4233 in
3435 4184 3711 4236 vetustate
3744 4196 3804 4236 se

2179 4265 2491 4336 retinendo,
2540 4268 2728 4341 pravis
2771 4269 2887 4327 suis
2926 4269 3274 4328 sermonibus
3301 4270 3668 4344 speculationi
3702 4288 3804 4330 re-

2178 4365 2393 4416 ctorum
2424 4367 2644 4418 nocent.

2248 4464 2302 4522 4.
2344 4466 2478 4523 Elin
2518 4467 2696 4540 ﬁgura
2737 4467 3011 4525 doctorum
3036 4470 3274 4542 ﬁdelium
3300 4471 3389 4527 sed
3417 4470 3797 4543 superborum.

2177 4585 2249 4597 —
2277 4555 2407 4614 Post
2434 4555 2535 4614 hos
2562 4574 2782 4633 quoque
2808 4559 2941 4616 Eliu
2974 4556 3168 4632 junior
3194 4559 3257 4617 in
3285 4558 3435 4616 beati
3462 4559 3566 4617 101)
3595 4577 3801 4634 expro-

2176 4645 2430 4705 bratione
2476 4647 2850 4724 subjungitur,
2901 4667 2971 4707 ex
3023 4649 3184 4724 cujus
3240 4667 3476 4724 persona
3530 4649 3803 4710 videlicet

2168 4738 2377 4810 species
2420 4740 2788 4813 quorumdam
2840 4739 3131 4799 doctorum
3175 4740 3423 4798 ﬁdelium
3468 4740 3567 4798 sed
3606 4747 3800 4798 tamen

2169 4827 2545 4901 arrogantium
2577 4827 2918 4904 designatur.
2950 4829 3121 4905 Cujus
3149 4831 3319 4889 verba
3346 4847 3459 4888 non
3494 4830 3665 4889 facile
3697 4832 3800 4888 in-

2170 4917 2491 4990 telligimus,
2541 4917 2650 4977 nisi
2689 4935 2753 4978 ea
2779 4936 2852 4978 ex
2879 4919 3250 4995 subsequenti
3283 4920 3565 4979 dominice
3595 4937 3801 4980 corre-

2169 5005 2359 5079 ptione
2387 5023 2700 5081 pensemus.
2733 5010 2830 5069 Ait
2851 5027 3090 5086 namque
3107 5011 3177 5070 de
3196 5011 3296 5069 illo
3313 5011 3588 5069 Dominus
3613 5029 3627 5067 :
3663 5012 3797 5082 Quis

2169 5103 2246 5152 est
2282 5097 2378 5154 iste
2417 5099 2688 5158 involvens
2713 5103 2994 5160 sententias
3021 5103 3350 5159 sermonibus
3376 5102 3639 5175 imperitis
3665 5101 3796 5172 (Job

2169 5202 2415 5259 xxxvm,
2447 5191 2502 5265 2)
2523 5191 2552 5250 ?
2567 5191 2706 5250 Cum
2728 5210 2862 5250 vero
2882 5193 3024 5251 dicit
3037 5194 3363 5264 sententias,
3387 5193 3483 5251 sed
3501 5210 3617 5251 non
3639 5194 3794 5252 addit

2171 5278 2426 5350 protinus
2467 5281 2675 5354 quales,
2721 5282 2846 5339 vult
2888 5283 3077 5356 procul
3122 5283 3296 5339 dubio
3325 5282 3499 5340 bonas
3528 5284 3794 5355 intelligi-

2243 5551 2265 5624 ?
2296 5549 2557 5624 Yindoc.,
2588 5552 2812 5620 Pratel.,
2844 5560 2973 5619 etc.,
3007 5552 3275 5624 speculam
3303 5552 3596 5624 dissipans.

2248 5621 2271 5693 ’δέ
2296 5621 2506 5693 Norm.,
2553 5629 2601 5677 et
2642 5623 2748 5678 nisi
2789 5621 3066 5683 vetustatis
3106 5621 3496 5680 contraherent.
3532 5626 3668 5693 Qua:
3698 5623 3793 5682 hic

2174 5692 2404 5767 legimus
2445 5692 2513 5750 de
2559 5693 2853 5767 haereticis,
2903 5694 3096 5752 iisdem
3128 5709 3267 5767 pene
3296 5694 3482 5752 verbis
3513 5692 3794 5755 habentur

2174 5763 2416 5837 in’praef.
2450 5765 2708 5837 generali,
2741 5782 2860 5841 cap.
2895 5767 2946 5824 7.
