3928 6372
135 357 239 420 253

899 362 1273 422 MORALIUM
1309 365 1445 424 LIB.
1488 364 1693 425 XXIII.
1734 396 1805 410 —
1842 369 1913 426 IN
1952 368 2181 428 CAPUT
2220 369 2434 427 XXXII
2473 372 2538 431 Β.
2577 373 2720 431 JOB.

3360 379 3465 438 254

139 485 274 579 liam
302 500 440 541 cum
469 486 758 543 sententia
787 488 1166 558 nominantur,
1198 491 1308 546 nisi
1340 492 1507 547 etiam
1542 493 1559 527 ¹
1592 493 1751 548 mala
1779 501 1833 563 Α
1862 494 2173 565 inveniant,
2206 512 2372 570 quam
2421 498 2718 556 verborum
2767 516 2994 558 suorum
3031 503 3232 575 jaculis
3276 506 3471 579 impu-

139 577 421 645 dicantur,
457 578 617 633 mala
648 579 843 636 sentiri
892 596 1004 636 non
1054 590 1300 654 possunt.
1338 583 1400 637 In
1430 583 1578 639 bono
1607 585 1756 642 enim

139 683 355 739 semper
383 669 689 725 sententias
719 670 1023 743 accipimus
1054 690 1174 746 qua
1204 674 1324 730 sine
1355 675 1757 747 reprobationis

138 757 452 831 adjectione
482 767 782 832 ponuntur,
818 761 964 818 sicut
992 764 1259 835 scriptum
1289 772 1371 821 est
1405 781 1416 821 :
1453 765 1760 837 Sapientior

137 847 238 903 sibi
264 846 483 902 videtur
504 848 680 920 piger,
705 854 895 920 septem
942 851 1074 906 viris
1122 854 1450 924 loquentibus
1478 855 1758 911 sententias

139 938 333 1009 (Prov.
358 954 522 1007 xxvr,
562 938 674 1010 16).
708 939 867 1007 Quod
897 956 1030 997 vero
1059 941 1285 1012 dicitur,
1319 945 1452 1017 quia
1478 944 1596 1017 ejus
1624 961 1759 1001 sen-

135 1028 327 1085 tentia
360 1027 641 1100 imperitis
671 1030 1022 1088 sermonibus
1042 1032 1429 1103 involvuntur,
1462 1034 1570 1091 hoc
1596 1051 1758 1090 sum-

134 1132 364 1190 mopere
394 1117 725 1187 ostenditur,
759 1119 890 1191 quia
908 1118 978 1175 ab
999 1137 1063 1176 eo
1083 1137 1209 1179 cum
1231 1122 1485 1179 elationis
1506 1123 1757 1180 fatuitate

136 1207 522 1280 proferuntur.
556 1208 752 1281 Magna
772 1209 975 1282 quippe
996 1210 1052 1265 in
1073 1227 1137 1266 eo
1157 1211 1437 1284 imperitia
1464 1220 1545 1270 est
1561 1213 1758 1269 humi-

134 1296 266 1353 liter
295 1296 490 1354 dicere
518 1297 736 1354 nescire
769 1297 918 1371 quod
950 1298 1109 1369 dicit,
1142 1308 1197 1359 et
1226 1302 1475 1359 veritatis
1506 1302 1757 1361 sensibus

134 1387 403 1443 elationis
434 1387 604 1446 verba
633 1388 884 1445 miscere.

209 1476 356 1552 [γει.
389 1478 533 1553 ΙΙΙ.]
564 1478 618 1535 5.
668 1478 981 1549 Aliquando
1012 1481 1159 1537 mala
1197 1480 1339 1551 bene,
1380 1489 1429 1537 et
1460 1482 1595 1537 bona
1622 1483 1759 1539 male

135 1567 415 1626 dicuntur.
449 1598 520 1610 —
550 1568 727 1625 Omne
758 1570 907 1625 enim
939 1568 1085 1642 quod
1116 1569 1324 1627 dicitur
1358 1572 1757 1644 quadripartita

136 1664 323 1729 potest
352 1659 617 1732 qualitate
640 1658 911 1730 distingui
946 1676 957 1714 :
992 1659 1039 1714 si
1071 1666 1165 1715 aut
1194 1660 1337 1715 mala
1358 1660 1520 1729 male,
1554 1669 1649 1717 aut
1662 1661 1756 1717 bo-

134 1764 208 1806 na
237 1747 403 1817 bene,
435 1755 530 1805 aut
576 1748 721 1804 mala
766 1747 927 1816 bene,
972 1756 1068 1805 aut
1114 1747 1259 1804 bona
1306 1751 1447 1805 male
1477 1750 1752 1808 dicantur.

135 1838 278 1895 Male
308 1838 461 1895 enim
492 1839 703 1895 malum
733 1837 964 1907 dicitur,
1012 1854 1139 1896 cum
1172 1856 1257 1896 res
1285 1856 1541 1912 perversa
1569 1841 1757 1899 suade-

137 1939 245 2001 tur,
281 1931 430 1988 sicut
458 1931 728 2003 scriptum
760 1939 842 1989 est
875 1949 886 1988 :
922 1932 1148 1988 Benedic
1178 1932 1307 1999 Deo,
1337 1940 1385 1988 et
1411 1952 1615 1990 morere
1638 1935 1756 2005 (Job

140 2041 203 2092 ιι,
236 2025 325 2095 9).
360 2025 578 2081 Bonum
609 2025 751 2082 bene
780 2025 1006 2095 dicitur,
1039 2043 1166 2083 cum
1197 2035 1342 2083 recte
1370 2036 1520 2085 recta
1548 2027 1759 2101 pradi—

135 2122 363 2183 cantur,
398 2114 545 2172 sicut
571 2115 807 2171 Joannes
836 2115 916 2172 ait
948 2133 959 2171 :
993 2115 1145 2188 Agite
1160 2117 1547 2188 paenitentiam,
1565 2135 1757 2190 appro-

139 2204 436 2276 pinquavit
460 2206 599 2263 enim
628 2224 849 2279 regnum
874 2208 1122 2264 crcior-um
1154 2208 1367 2279 (Matth.
1402 2226 1484 2277 ιιι,
1516 2210 1598 2275 2).
1632 2210 1758 2266 Ma—

144 2295 257 2351 lum
293 2295 440 2353 bene
486 2295 713 2365 dicitur,
756 2296 977 2375 quando
1024 2313 1122 2368 per
1168 2314 1228 2352 os
1266 2297 1504 2354 dicentis
1552 2297 1757 2355 idcirco

141 2384 343 2441 vitium
379 2385 738 2460 exprimitur,
770 2394 834 2442 ut
861 2386 1202 2458 reprobetur,
1236 2386 1381 2443 sicut
1408 2386 1610 2442 Paulus
1638 2385 1715 2444 ait
1740 2404 1752 2441 :

140 2474 374 2531 Femina
401 2492 479 2532 σοι
496 2492 585 2531 um
614 2476 1029 2532 immutaverunt
1054 2478 1359 2533 naturalem
1388 2492 1539 2532 usum
1570 2475 1625 2531 in
1641 2493 1758 2531 eum

139 2573 231 2645 qui
260 2580 341 2631 est
368 2579 559 2629 contra
586 2580 842 2629 naturam
871 2575 1055 2643 (Rom.
1089 2592 1130 2642 1,
1161 2573 1278 2645 26).
1313 2572 1432 2641 Quo
1462 2573 1583 2628 loco
1603 2587 1754 2628 exse-

139 2664 348 2722 cranda
362 2681 582 2738 quoque
604 2665 852 2721 virorum
870 2665 1115 2722 facinora
1130 2664 1380 2721 subdidit
1403 2682 1415 2731 ;
1449 2663 1543 2720 sed
1560 2663 1753 2720 hones-

142 2762 194 2812 te
225 2754 527 2812 inbonesta
555 2755 823 2823 narravit,
856 2763 921 2811 ut
949 2755 1153 2811 multos
1197 2754 1265 2811 ad
1299 2753 1602 2810 honestatis
1629 2754 1756 2810 for-

146 2862 291 2902 mam
323 2845 623 2903 inhonesta
651 2844 925 2902 narrando
954 2852 1254 2902 revocaret.
1286 2845 1427 2901 Male
1456 2851 1637 2900 autem
1659 2844 1753 2900 bo-

146 2952 279 2993 num
311 2936 543 3006 dicitur,
576 2951 703 2993 cum
751 2942 963 2993 rectum
1006 2934 1219 3008 aliquid
1249 2941 1400 2991 recto
1429 2933 1612 2990 studio
1641 2951 1752 2990 non

144 3027 449 3101 profertur,
491 3027 638 3085 sicut
683 3026 999 3083 illuminato
1046 3042 1190 3083 caeo
1237 3024 1497 3081 Pharisai
1546 3024 1753 3081 dixisse

143 3118 511 3190 perhibentur
544 3135 556 3173 :
599 3120 679 3176 Tu
708 3118 782 3173 sis
810 3115 1101 3189 discipulus
1129 3115 1242 3185 ejus
1276 3115 1459 3187 (Joan.
1503 3131 1584 3183 ιχ,
1630 3114 1748 3186 28).

144 3207 305 3276 Quod
338 3207 748 3265 maledictionis
767 3206 959 3279 utique
979 3206 1247 3262 dixerunt
1265 3205 1470 3272 studio,
1503 3220 1615 3260 non
1635 3220 1753 3260 ora-

146 3298 317 3355 tionis
345 3303 498 3353 voto.
534 3296 636 3353 Vel
680 3297 825 3354 sicut
854 3295 1088 3369 Caiphas
1117 3296 1196 3351 ait
1228 3313 1239 3351 :
1272 3294 1509 3366 Expedit
1536 3310 1701 3350 unum
1730 3294 1752 3330 ³

143 3389 409 3444 hominem
446 3387 588 3443 mori
629 3404 731 3459 pro
773 3388 996 3460 populo,
1036 3393 1097 3442 ut
1140 3402 1247 3440 non
1296 3390 1403 3440 tota
1431 3401 1550 3455 gens
1572 3392 1757 3457 pereat

148 3479 334 3550 (Joan.
368 3494 452 3545 x1,
483 3478 601 3550 50).
634 3478 851 3534 Bonum
872 3478 1093 3551 quippe,
1125 3476 1221 3533 sed
1241 3491 1351 3532 non
1371 3474 1510 3532 bene
1540 3477 1756 3533 locutus

145 3578 249 3637 est,
283 3568 417 3641 quia
444 3566 578 3625 dum
623 3567 1008 3625 crudelitatem
1052 3567 1202 3624 necis
1250 3566 1500 3639 appetiit,
1532 3566 1758 3623 redem-

146 3658 358 3733 ptionis
389 3658 619 3731 gratiam
651 3657 1020 3730 prophetavit.
1073 3657 1189 3714 Hoc
1238 3656 1409 3728 igitur
1436 3656 1600 3712 modo
1627 3656 1759 3712 Eliu

146 3765 370 3823 quoque
400 3748 582 3807 dicere
610 3765 723 3805 non
743 3748 883 3805 bene
909 3747 1057 3805 bona
1076 3744 1517 3820 reprehenditur,
1549 3746 1681 3819 quia
1701 3746 1758 3802 in

148 3839 237 3895 his
268 3856 393 3912 qua
423 3840 694 3897 veraciter
738 3839 986 3913 loquitur
1028 3844 1347 3910 arroganter
1376 3836 1619 3893 inﬂatur.
1653 3836 1760 3905 Qui

150 3929 207 3984 in
238 3945 306 3985 eo
335 3929 577 4001 speciem
608 3928 986 4001 arrogantium
1034 3929 1233 4002 signat,
1265 3945 1375 4002 quo
1414 3944 1511 4001 per
1539 3945 1760 3985 sensum

149 4019 510 4077 rectitudinis
541 4019 599 4075 in
631 4020 866 4075 tumoris
895 4019 1065 4076 verba
1093 4036 1150 4076 se
1181 4020 1378 4076 elevat.

222 4118 371 4177 733
412 4122 465 4178 6.
510 4122 578 4177 In
624 4118 917 4180 amicorum
958 4121 1056 4179 Job
1101 4121 1545 4186 reconciliatione,
1590 4135 1765 4191 agno-

148 4212 341 4269 scenda
369 4210 734 4267 haereticorum
774 4211 1060 4267 conversio.
1110 4213 1315 4268 Eorum
1361 4209 1625 4283 sacriﬁcia
1655 4209 1763 4265 Deo

148 4321 255 4359 non
279 4303 517 4374 placent,
549 4300 640 4356 sed
667 4316 784 4371 qua:
827 4300 894 4355 ab
941 4300 1181 4356 Ecclesia
1211 4302 1529 4372 offeruntur.
1561 4328 1633 4339 —
1660 4298 1765 4353 Sed

149 4394 286 4469 quid
332 4401 416 4450 est
444 4391 595 4466 quod
623 4399 734 4448 tres
766 4392 973 4448 amicos
1019 4391 1369 4449 reconciliari
1417 4407 1513 4463 per
1558 4396 1764 4461 septem

147 4482 446 4552 sacriﬁcia,
479 4481 678 4539 divina
708 4498 820 4537 vox
841 4481 1092 4553 pracipit
1123 4499 1136 4548 ;
1170 4480 1303 4536 Eliu
1331 4496 1463 4536 vero
1483 4479 1585 4535 sub
1601 4479 1769 4535 unius

149 4571 545 4630 tantummodo
575 4571 861 4627 sententia
884 4570 1257 4643 increpatione
1276 4569 1631 4642 derelinquit,
1656 4567 1765 4623 nisi

149 4664 303 4739 quod
330 4679 737 4735 nonnunquam
759 4661 1026 4729 haretici,
1058 4660 1265 4716 divina
1297 4661 1484 4732 gratia
1516 4659 1766 4731 largitate

151 4754 385 4829 perfusi,
439 4752 510 4809 ad
566 4751 837 4809 unitatem
897 4757 1101 4807 sancta
1141 4749 1404 4807 Ecclesia
1464 4748 1697 4805 redeunt
1742 4747 1771 4803 ‘l

150 4844 313 4914 Quod
342 4843 487 4900 bene
517 4841 636 4915 ipsa
664 4842 973 4899 amicorum
1005 4839 1461 4897 reconciliatione
1498 4838 1766 4910 signatur,

152 4954 251 5010 pro
282 4935 492 5009 quibus
537 4940 725 4990 tamen
772 4934 967 4990 beatus
1006 4934 1109 4989 Job
1156 4948 1384 4988 exorare
1433 4931 1767 5004 pracipitur,

151 5027 285 5099 quia
314 5025 590 5081 nimirum
642 5022 1029 5080 hareticorum
1079 5020 1350 5078 sacriﬁcia
1396 5027 1617 5092 accepta
1657 5021 1772 5075 Deo

151 5132 271 5171 esse
298 5130 413 5170 non
448 5121 698 5187 possunt,
733 5114 840 5169 nisi
871 5130 972 5186 pro
1004 5111 1083 5167 eis
1130 5109 1464 5165 universalis
1510 5109 1771 5165 Ecclesia

155 5205 417 5261 manibus
447 5203 770 5271 oﬁ'erantur,
793 5210 856 5259 ut
875 5201 994 5273 ejus
1015 5200 1234 5258 meritis
1256 5198 1561 5255 remedium
1579 5197 1772 5253 salutis

232 5449 245 5481 ¹
280 5446 344 5502 In
373 5442 576 5510 Editis,
625 5443 764 5498 male
809 5440 1082 5507 dicuntur,
1132 5437 1227 5494 sed
1276 5435 1533 5510 mendose
1568 5452 1578 5489 :
1614 5449 1768 5488 mens

157 5518 333 5574 sancti
380 5509 639 5597 Gregorii
670 5521 784 5597 ‘est,
844 5512 1150 5597 sententias
1190 5510 1247 5597 in
1272 5509 1508 5597 Ibonam
1557 5521 1770 5577 semper

160 5598 372 5717 parttem
402 5581 772 5659 accipiendas,
805 5584 913 5640 nisi
944 5582 1153 5657 aliquid
1184 5581 1418 5638 addatur
1449 5596 1558 5652 quo
1590 5593 1768 5648 repro-

175 5679 262 5717 ien
296 5678 380 5717 ur.

175 5682 194 5717 J

195 5669 452 5791 et’nlgleest
482 5729 742 5787 hominem
791 5728 849 5785 in
894 5725 1072 5783 tribus
1117 5727 1329 5791 Norm.,
1386 5724 1440 5779 in
1491 5723 1674 5778 Baluz.
1721 5728 1773 5776 et

162 5804 319 5863 Colb.

1789 1884 1837 1945 B

1867 587 2083 660 gnando
2115 586 2406 643 feriebant.
2456 587 2611 645 Unde
2659 597 2714 644 et
2759 597 2965 662 septem
3014 608 3112 663 pro
3141 595 3219 649 eis
3248 595 3471 653 sacriﬁ—

1865 678 1951 736 cia
1978 686 2353 735 memorantur
2381 677 2582 747 oblata,
2605 679 2736 753 quia
2754 680 2888 737 dum
2918 683 3255 754 septiformis
3285 687 3469 757 gratia

1864 772 2134 844 Spiritum
2163 772 2489 830 conﬁtentes
2520 772 2822 845 accipiunt,
2872 775 3027 847 quasi
3069 783 3276 847 septem
3308 779 3470 835 obla—

1866 861 2124 918 tionibus
2142 863 2457 934 expiantur.
2494 863 2638 920 Hinc
2668 864 2726 919 in
2756 865 2984 922 Joannis
3014 866 3347 939 Apocalypsi
3379 885 3473 939 per

1866 953 2236 1024 septenarium
2267 952 2641 1010 Ecclesiarum
2674 970 2989 1024 numerum,
3013 955 3343 1013 universalis
3372 957 3472 1014 Ec-

1865 1041 2033 1098 clesia
2059 1040 2377 1112 designatur
2403 1042 2599 1113 (Apoc.
2632 1060 2672 1113 1,
2707 1044 2766 1100 11
2774 1046 2821 1115 ).
2846 1044 2989 1103 Hinc
3007 1061 3102 1117 per
3123 1045 3472 1103 Salomonem

1866 1130 1934 1187 de
1962 1130 2231 1202 sapientia
2249 1128 2455 1186 dicitur
2488 1149 2499 1186 :
2536 1131 2813 1204 Sapienlia
2831 1134 3111 1207 aediﬁcavit
3122 1135 3224 1191 sibi
3238 1136 3471 1204 domum,

1864 1221 2062 1277 excidit
2080 1222 2353 1276 columnas
2372 1227 2561 1293 septem
2580 1223 2777 1291 (Prov.
2810 1240 2889 1293 rx,
2918 1225 2996 1295 1).
3022 1226 3143 1298 Ipso
3162 1242 3290 1300 ergo
3303 1228 3471 1283 sacri-

1866 1309 2120 1367 ﬁciorum
2138 1325 2370 1365 numero
2390 1312 2737 1368 reconciliati
2758 1311 3005 1371 baretici
3027 1314 3161 1388 quid
3183 1315 3336 1387 prius
3356 1315 3471 1373 fue-

1867 1402 1980 1457 rint
2009 1402 2350 1474 exprimunt,
2402 1402 2498 1475 qui
2538 1402 2865 1475 perfectioni
2914 1404 3255 1477 septiformis
3283 1406 3470 1478 gratia

1866 1492 2089 1548 nonnisi
2120 1490 2401 1548 redeundo
2424 1491 2755 1564 junguntur.
2783 1494 2929 1551 Bene
2949 1501 3132 1551 autem
3164 1502 3350 1552 tauros
3370 1512 3471 1568 pro

1866 1599 1922 1639 se
1952 1590 2005 1639 et
2034 1583 2230 1639 arietes
2261 1582 2530 1639 obtulisse
2559 1582 2970 1642 describuntur.
2996 1586 3057 1641 In
3078 1593 3239 1641 tauro
3268 1586 3471 1659 quippe

1865 1674 2059 1729 cervix
2088 1672 2379 1745 superbia,
2431 1672 2489 1728 in
2531 1673 2700 1728 ariete
2747 1681 2930 1729 autem
2977 1674 3209 1731 ducatus
3248 1691 3469 1747 gregum

1866 1762 2215 1835 sequentium
2246 1760 2584 1831 designatur.
2617 1760 2723 1827 Qui
2753 1762 2938 1834 itaque
2954 1770 3035 1818 est
3050 1779 3149 1834 pro
3178 1765 3257 1818 eis
3286 1772 3472 1821 tauros

1867 1852 2171 1924 arietesque
2202 1856 2461 1917 mactare,
2496 1849 2605 1905 nisi
2649 1866 2839 1906 eorum
2884 1851 3181 1922 superbum
3211 1852 3472 1911 ducatum

1870 1939 2199 2008 interﬁcere,
2232 1947 2295 1996 ut
2314 1938 2381 1995 de
2397 1954 2454 1995 se
2473 1937 2712 1996 humilia
2731 1939 2991 2008 sentiant,
3009 1948 3064 1996 et
3085 1948 3206 2012 post
3233 1958 3289 1997 se
3310 1943 3475 1999 corda

1869 2030 2251 2087 innocentium
2290 2028 2405 2101 jam
2436 2045 2547 2085 non
2589 2029 2854 2086 seducaut
2882 2029 2911 2086 ?
2939 2030 3167 2088 Cervice
3196 2032 3345 2088 enim
3378 2039 3475 2089 tu-

1870 2119 2043 2175 menti
2072 2118 2155 2175 ab’
2170 2119 2433 2177 Ecclesia
2463 2118 2826 2175 universitate
2858 2118 3188 2189 resilierant,
3222 2128 3277 2177 et
3306 2120 3474 2178 inﬁr-

1869 2226 1987 2268 mos
2017 2216 2142 2281 post
2170 2226 2227 2265 se
2256 2208 2487 2281 populos
2532 2209 2688 2282 quasi
2733 2217 3023 2282 sequentes
3062 2226 3248 2283 greges
3278 2210 3475 2266 trahe-

1868 2304 2021 2361 bant.
2058 2304 2299 2361 Veniant
2327 2304 2499 2377 igitur
2517 2303 2587 2360 ad
2607 2303 2829 2361 beatum
2849 2304 2973 2373 Job,
2998 2303 3057 2360 id
3085 2311 3166 2360 est
3193 2310 3473 2360 revertan-

1868 2400 1960 2450 tur
1988 2393 2056 2451 ad
2084 2395 2411 2463 Ecclesiam,
2462 2401 2517 2450 et
2566 2396 2877 2466 septenario
2907 2395 3178 2452 sacriﬁcio
3206 2401 3392 2450 tauros
3420 2401 3475 2449 et

1867 2483 2064 2539 arietes
2094 2485 2411 2541 mactandos
2431 2484 2681 2553 offerant,
2708 2487 2729 2521 ³
2752 2484 2848 2558 qui
2869 2492 2931 2541 ut
2950 2483 3250 2541 universali
3277 2483 3470 2540 Eccle-

1866 2576 1961 2632 sia
1990 2574 2414 2648 conjungantur,
2449 2574 2767 2630 humilitate
2798 2574 3218 2641 interveniente,
3250 2571 3474 2629 interﬁ-

1865 2667 2016 2723 ciant
2044 2665 2315 2739 quidquid
2362 2665 2513 2738 prius
2560 2663 2839 2721 tumidum
2888 2663 2956 2720 de
2997 2662 3235 2736 superbo
3264 2661 3472 2719 ducatu

1866 2756 2167 2829 sepiebant.

1939 2843 2078 2916 [νει.
2108 2842 2234 2917 Ιν.]
2268 2844 2317 2900 7.
2360 2844 2481 2901 Non
2526 2844 2938 2900 reconciliantur
2977 2842 3072 2914 qui
3097 2846 3231 2897 recte
3251 2838 3467 2913 pradi-

1864 2936 2054 3001 cando,
2084 2952 2236 2991 vana
2262 2936 2450 3007 gloria
2475 2935 2733 3000 serviunt,
2762 2935 2851 2989 sed
2868 2932 3154 3005 sapissime
3182 2929 3466 3003 reproban-

1868 3031 1974 3082 tur.
2009 3054 2080 3065 —
2108 3023 2240 3080 Elin
2282 3039 2412 3080 vero
2459 3038 2556 3094 per
2601 3038 2765 3095 quem
2796 3038 2950 3077 vana
2981 3020 3169 3093 gloria
3196 3026 3465 3081 amatores

1864 3115 2065 3187 signati
2094 3122 2243 3189 sunt,
2277 3114 2299 3149 ⁴
2331 3114 2477 3169 intra
2522 3119 2765 3170 sanctam
2812 3109 3118 3168 Ecclesiam
3147 3106 3460 3174 constituti,

1865 3204 1961 3277 qui
1990 3220 2053 3260 ea
2081 3220 2202 3278 qua
2244 3210 2391 3259 recte
2438 3202 2685 3258 sentiunt
2730 3200 3019 3257 humiliter
3048 3197 3292 3272 proferre
3322 3211 3467 3253 con-

1862 3300 2136 3361 temnunt,
2187 3308 2532 3366 nequaquam
2591 3307 2688 3364 per
2734 3284 3068 3349 sacriﬁcium
3116 3284 3468 3344 reconciliari

1863 3384 2184 3457 pracipitur
2211 3383 2343 3456 quia
2370 3390 2684 3455 arrogantes
2711 3380 2957 3455 quidem,
2988 3378 3084 3435 sed
3111 3385 3295 3434 tamen
3324 3375 3471 3432 ﬁde-

1865 3473 1963 3542 les,
1998 3490 2095 3547 pro
2126 3490 2190 3530 eo
2219 3475 2368 3547 quod
2391 3471 2507 3545 jam
2539 3473 2690 3528 intus
2719 3477 2869 3539 sunt,
2902 3486 2999 3542 per
3027 3476 3235 3541 septem
3264 3464 3471 3524 sacriﬁ-

1866 3563 1953 3621 cia
1981 3563 2229 3621 revocari
2259 3579 2371 3618 non
2401 3567 2650 3635 possunt.
2675 3559 2824 3628 Quos
2851 3564 3035 3615 tamen
3064 3557 3167 3613 sub
3196 3555 3326 3611 Eliu
3354 3570 3472 3626 spe-

1867 3655 1950 3711 cie
1992 3653 2264 3711 sententia
2306 3652 2502 3710 divina
2558 3650 2857 3723 redarguit,
2907 3656 3068 3721 atque
3120 3646 3179 3703 in
3238 3645 3317 3702 eis
3358 3659 3469 3699 non

1869 3744 2119 3801 veritatis
2147 3743 2466 3811 sententias,
2498 3740 2595 3798 sed
2644 3739 2900 3797 elationis
2943 3745 3184 3794 mentem
3213 3751 3277 3793 ac
3307 3732 3474 3790 verba

1871 3837 1892 3871 ⁵
1925 3833 2297 3908 reprehendit.
2331 3831 2462 3900 Qua
2485 3831 2755 3887 nimirum
2775 3827 3130 3902 reprehensio
3159 3824 3293 3899 quid
3320 3819 3471 3880 aliud

1871 3926 2071 3997 signat,
2102 3923 2213 3979 nisi
2244 3920 2394 3995 quod
2422 3936 2515 3976 eos
2564 3919 2712 3975 intra
2760 3917 2968 3989 positos
2997 3930 3246 3986 superna
3274 3910 3475 3968 distri-

1871 4016 2074 4074 ctionis
2104 4012 2411 4084 increpatio
2441 4010 2529 4064 vel
2560 4025 2657 4080 per
2686 4006 2962 4077 ﬂagellum
2983 4003 3228 4073 corrigit,
3260 4000 3347 4056 vel
3378 4016 3474 4071 per

1866 4105 2080 4179 justum
2111 4117 2341 4160 examen
2371 4095 2735 4170 sibimetipsis
2754 4091 3068 4166 relinquit?
3088 4091 3243 4147 Tales
3273 4089 3474 4162 quippe

1874 4196 2020 4252 intra
2048 4199 2293 4250 sanctam
2335 4187 2641 4246 Ecclesiam
2688 4192 2835 4243 recta
2883 4182 3107 4256 quidem
3154 4180 3472 4253 pradicant,

1874 4285 1969 4342 sed
1996 4292 2203 4351 tamen,
2254 4283 2368 4337 Deo
2408 4278 2617 4351 judice,
2663 4276 2857 4334 audire
2900 4280 3182 4330 merentur
3225 4272 3473 4338 adversa,

1875 4376 2005 4449 quia
2032 4390 2128 4447 per
2156 4388 2220 4429 ea
2248 4371 2394 4428 bona
2434 4385 2555 4442 qua
2605 4383 2716 4423 non
2761 4364 2985 4439 propria
3025 4361 3332 4435 proferunt,
3364 4376 3478 4416 non

1876 4464 2116 4523 auctoris
2145 4461 2230 4518 sui
2253 4460 2506 4534 gloriam,
2530 4457 2625 4514 sed
2647 4455 2928 4529 propriam
2950 4451 3171 4510 laudem
3200 4456 3474 4525 quarunt.

1876 4554 2033 4613 Unde
2063 4553 2170 4611 hoc
2198 4567 2418 4627 quoque
2438 4555 2596 4606 caute
2617 4544 2959 4620 pensandum
2979 4550 3081 4611 est,
3110 4540 3257 4615 quod
3286 4539 3481 4597 divina

1790 4624 1839 4682 D
1877 4661 2012 4703 voce
2039 4643 2108 4700 de
2135 4624 2266 4699 Eliu
2293 4638 2499 4697 dicitur
2532 4655 2543 4692 :
2580 4636 2709 4705 Quis
2728 4641 2803 4692 est
2827 4634 2925 4691 iste
2946 4632 3067 4706 (Job
3096 4647 3340 4698 xxxvm,
3370 4629 3428 4702 2)
3452 4629 3481 4685 ?

1878 4736 2064 4793 Prima
2110 4734 2313 4807 quippe
2359 4728 2714 4803 exprobratio
2762 4733 2846 4782 est
2902 4724 3028 4780 talis
3094 4719 3473 4793 interrogatio.

1877 4828 2016 4884 Nam
2048 4824 2177 4893 Quis
2218 4828 2292 4878 est
2336 4821 2432 4876 iste
2458 4835 2571 4875 non
2618 4816 2879 4884 dicimus,
2929 4813 3038 4870 nisi
3085 4812 3153 4869 de
3196 4829 3260 4868 eo
3289 4810 3481 4882 utique

1880 4934 2041 4990 quem
2073 4914 2367 4972 nescimus.
2417 4909 2640 4968 Nescire
2687 4915 2871 4963 autem
2901 4906 3001 4963 Dei
3032 4904 3322 4976 reprobare
3350 4908 3432 4956 est
3462 4916 3476 4965 ;

1881 5006 2027 5063 unde
2056 5002 2387 5078 quibusdam
2417 5017 2554 5073 quos
2578 4997 2834 5070 reprobat
2866 4995 2923 5051 in
2952 4993 3061 5049 ﬁne
3080 4992 3331 5048 dicturus
3358 4994 3440 5044 est
3465 5004 3476 5041 :

1880 5097 2065 5155 Nescio
2094 5110 2182 5148 vos
2211 5092 2349 5146 unde
2375 5090 2513 5155 sitis,
2544 5087 2790 5144 discedite
2836 5103 2871 5139 a
2916 5100 3016 5147 me,
3045 5097 3219 5135 omnes
3246 5078 3483 5150 operarii

1881 5192 2181 5267 iniquitatis
2195 5191 2354 5262 (Luc.
2377 5204 2504 5255 xm,
2530 5186 2649 5257 27).
2682 5181 2826 5251 Quid
2856 5187 2939 5236 est
2955 5194 3082 5249 ergo
3114 5173 3266 5232 734
3288 5175 3355 5232 de
3375 5175 3481 5232 hoc

1877 5440 1959 5488 est
1986 5444 2195 5495 sensus,
2219 5425 2525 5482 mutatione
2542 5418 2755 5495 vocula
2772 5415 2864 5495 qui
2882 5417 2938 5471 in
2961 5414 3108 5495 quia.
3128 5415 3347 5495 Similia
3366 5417 3481 5495 lege

1876 5486 2087 5577 prafat.
2120 5486 2295 5577 sancti
2328 5492 2579 5569 Gregorii
2608 5486 2886 5558 nuxnle,
2932 5486 3030 5545 ubi
3063 5504 3174 5544 non
3205 5489 3355 5561 quia,
3387 5486 3482 5543 sed

1880 5572 2280 5648 ῖιιιὶοοςὲιηίῖκ
2346 5639 2491 5648 ...η
2609 5636 2636 5648 ,.
2847 5632 2861 5648 .
3022 5633 3034 5648 .
3111 5632 3144 5648 ..
3246 5633 3254 5642 .

1953 5648 1972 5683 ⁵
2006 5643 2247 5702 Additur
2268 5642 2324 5697 in
2345 5639 2543 5707 Editis,
2569 5636 2747 5701 etiam,
2772 5632 2865 5690 sed
2887 5648 2996 5689 non
3022 5632 3220 5706 legitur
3242 5633 3298 5688 in
3327 5631 3476 5695 Mss.,

1881 5738 1982 5796 nec
2013 5716 2239 5796 aliunde
2272 5712 2641 5796 requiritur.”
2701 5789 2711 5796 Ι
2817 5781 2862 5796 η
2972 5779 3016 5796 Η
3103 5786 3114 5796 ⁸
3158 5747 3212 5796 ᾲτ

1953 5776 1974 5828 δ
2008 5788 2314 5861 Subjicitur
2346 5776 2400 5841 in
2422 5783 2672 5857 Vulgatis
2696 5781 2919 5839 tumida.
2951 5779 3121 5838 Abest
3151 5794 3182 5834 a
3209 5776 3359 5841 Mss.,
3380 5789 3481 5828 θο-ηι

233 5881 255 5913 ³
289 5878 351 5935 In
382 5874 646 5935 omnibus
674 5871 857 5932 Editis
887 5878 941 5929 et
969 5870 1027 5929 in
1068 5868 1355 5929 nonnullis
1383 5868 1510 5930 Mss.
1546 5865 1776 5924 vitiatus
1882 5863 2007 5922 dem
2037 5878 2199 5920 sensu
2229 5863 2564 5919 remanente.
