3928 6378
1790 215 1814 228 ς

487 385 592 443 255

483 516 770 582 arrogante
790 506 1067 580 requirere
1091 525 1101 562 :
1128 507 1257 575 Quis
1277 513 1348 562 est
1366 508 1460 562 iste
1478 508 1506 562 ?
1526 505 1634 561 nisi
1654 513 1835 577 aperte
1848 504 2030 560 dicere
2053 518 2065 558 :
2099 502 2150 562 A

482 605 598 674 Ego
628 604 944 669 arrogantes
991 595 1194 664 nescio,
1231 595 1286 652 id
1334 603 1415 652 est
1455 611 1644 651 eorum
1674 595 1844 650 vitam
1885 593 1942 648 in
1984 608 2080 646 sa-

480 690 702 762 pientiae
723 704 856 744 meae
878 687 1086 741 virtute
1106 691 1216 740 nbn
1237 685 1499 757 approbo,
1522 685 1652 756 quia
1671 683 1802 739 dum
1826 680 2080 737 laudibus

482 778 741 836 humanis
761 775 1046 843 inﬂantur,
1070 792 1100 831 a
1125 791 1252 830 vera
1273 774 1445 848 gloria
1464 780 1678 829 aeternae
1696 771 2080 827 retributionis

483 869 827 924 inanescunt.
861 863 1036 936 Cujus
1082 863 1214 920 dum
1259 862 1555 919 sententias
1587 861 1818 916 minime
1847 861 2077 932 respuit,

481 958 576 1013 sed
606 963 788 1012 tamen
818 971 944 1010 eum
977 955 1156 1026 ipsum
1174 954 1268 1027 qui
1300 953 1423 1008 illas
1443 953 1675 1025 protulit
1705 950 2078 1024 reprehendit,

480 1046 634 1119 quasi
664 1051 846 1117 aperte
893 1043 1156 1111 insinuat,
1199 1043 1387 1099 dicens
1425 1059 1435 1097 :
1469 1041 1612 1098 Novi
1644 1057 1764 1114 quae
1795 1041 1952 1106 dicit,
1986 1038 2081 1094 sed

481 1137 674 1208 ignoro
702 1133 798 1206 qui
829 1132 985 1201 dicit,
1017 1133 1148 1206 quia
1166 1132 1434 1190 veraciter
1455 1133 1668 1203 prolata
1698 1129 1960 1202 approbo,
1985 1127 2078 1185 sed

479 1240 606 1281 eum
637 1223 732 1296 qui
759 1223 827 1280 de
856 1222 1017 1281 bonis
1045 1239 1166 1296 quae
1206 1222 1413 1295 profert
1441 1223 1732 1285 extollitur
1763 1237 1874 1276 non
1905 1235 2082 1291 agno-

481 1331 591 1371 SOO.
680 1339 697 1345 ‘

550 1405 604 1462 8.
639 1405 838 1477 Optimi
861 1403 1231 1477 prwdicatoris
1259 1403 1432 1473 imago
1451 1401 1666 1457 eximia.
1687 1401 1842 1458 Bona
1861 1399 1954 1455 vix
1973 1399 2084 1454 sine

481 1495 715 1566 periculo
745 1493 1090 1548 innotescunt.
1127 1491 1232 1560 Qui
1260 1492 1422 1563 sapit,
1453 1491 1660 1546 studeat
1704 1505 1810 1544 esse
1849 1487 2080 1560 sapiens,

481 1601 588 1641 non
613 1584 804 1640 vid-eri.
835 1613 907 1624 —
934 1583 1005 1640 Ut
1025 1598 1156 1638 vero
1177 1581 1420 1654 apertius
1443 1579 1796 1636 ostendamus
1817 1579 1873 1634 in
1894 1577 2082 1632 elatio-

480 1675 570 1730 nis
593 1672 862 1745 jactantia
905 1673 1038 1728 Eliu
1077 1687 1241 1744 quam
1289 1669 1528 1742 turpiter
1573 1668 1798 1736 deﬂuat,
1847 1667 2080 1722 formam

483 1763 641 1836 prius
670 1761 958 1818 ostendere
985 1760 1120 1816 boni
1163 1758 1537 1832 praedicatoris
1567 1757 1849 1826 debemus,
1883 1763 2084 1829 quate-

1697 375 1946 435 SANCTI
1984 374 2321 433 GREGOBII
2359 375 2586 432 MAGNI

3687 373 3800 430 256

2253 499 2389 574 [νει.
2433 503 2492 568 γ,
2542 503 2661 560 Rec.
2714 500 2821 575 ΙΙ.]
2854 501 2970 558 Hoc
3008 501 3154 574 quod
3195 501 3262 556 de
3309 515 3374 554 eo
3411 499 3622 556 dicitur
3653 515 3666 555 :
3704 501 3788 556 Eo

2187 591 2329 662 quod
2348 591 2528 660 justus
2558 593 2578 627 ⁵
2609 591 2708 646 sibi
2735 591 3026 656 videretur,
3059 605 3222 647 sacrae
3244 587 3412 660 hujus
3443 588 3683 660 scriptor
3713 588 3800 645 hi-

2189 681 2372 738 storiae
2415 682 2483 738 ad
2521 683 2824 740 amicorum
2869 681 3147 753 judicium
3193 679 3402 747 retulit,
3449 697 3562 734 non
3612 688 3800 736 autem

2189 771 2408 828 beatum
2439 773 2541 829 Job
2571 773 2638 828 de
2686 772 2939 828 elationis
2987 779 3202 826 tumore
3241 768 3578 842 reprobavit.
3611 769 3804 844 Sequi.

2189 869 2283 916 tur
2315 879 2326 917 Σ

2829 947 3058 1008 CAPUT
3099 950 3168 1006 Π.

2261 1039 2434 1097 Vens.
2458 1041 2508 1097 2.
2545 1071 2608 1083 -
2641 1042 2715 1096 Et
2744 1040 2936 1104 iratus,
2967 1039 3372 1110 indignatusque
3401 1042 3476 1092 est
3503 1037 3638 1094 Eliu
3656 1037 3808 1112 ﬁlius

2190 1131 2453 1187 Bararhel
2481 1129 2719 1196 Buzites,
2750 1131 2812 1184 de.
2839 1129 3142 1201 cognatione
3170 1129 3328 1186 Ram.

2261 1221 2313 1276 9.
2349 1221 2456 1277 Per
2481 1220 2636 1288 Eliu,
2667 1219 2880 1290 ejusque
2895 1225 3103 1290 patrem
3121 1225 3170 1274 et
3187 1217 3566 1289 cognationem,
3588 1218 3808 1290 signan-

2191 1314 2282 1364 tur
2309 1309 2520 1380 superbi
2547 1325 2684 1364 certe
2711 1309 2834 1381 ﬁdei
2882 1315 3098 1364 tenaces.
3129 1338 3201 1349 —
3231 1307 3376 1364 Bene
3419 1306 3540 1363 haec
3569 1305 3688 1380 ipsa
3718 1309 3807 1364 vel

2193 1396 2333 1469 ejus,
2367 1399 2453 1453 vel
2495 1398 2756 1469 parentis,
2790 1398 2874 1452 vel
2909 1397 3037 1465 loci,
3069 1397 3156 1453 vel
3197 1396 3542 1469 cognationis
3576 1397 3810 1452 nomina

2190 1495 2378 1544 notam
2409 1488 2642 1560 propriae
2671 1488 2993 1560 exprimunt
3029 1489 3281 1545 actionis.
3313 1488 3443 1544 Eliu
3473 1488 3682 1560 quippe
3717 1488 3799 1544 in-

2191 1585 2548 1650 terpretatum
2567 1586 2743 1648 sonat,
2757 1581 2902 1636 Deus
2919 1596 3072 1636 meus
3095 1580 3212 1647 iste,
3232 1579 3318 1634 vel
3335 1580 3482 1634 Deus
3498 1579 3804 1635 Dominus.

2191 1667 2292 1723 Per
2319 1684 2502 1740 quem,
2536 1669 2678 1726 sicut
2697 1668 2948 1740 superius
2966 1668 3213 1725 diximus
3237 1667 3424 1740 (Num.
3449 1668 3527 1738 7),
3553 1667 3808 1740 designa-

2191 1773 2284 1822 tur
2312 1775 2459 1824 recta
2489 1759 2634 1822 735
2663 1767 2798 1823 ﬁdes
2845 1768 3218 1839 arrogantium
3251 1769 3272 1803 ⁶
3305 1767 3452 1822 intra
3493 1767 3805 1822 Ecclesiam

483 1869 585 1910 nus
614 1868 684 1908 ex
713 1860 860 1909 statu
907 1851 1074 1924 hujus
1114 1850 1464 1908 rectitudinis
1505 1858 1842 1908 monstretur
1870 1850 2082 1923 liquido
2111 1865 2157 1926 Β
2192 1855 2522 1928 positorum.
2553 1855 2708 1912 Unde
2753 1855 2832 1912 eis
2851 1864 2905 1912 et
2924 1855 3030 1912 hoc
3052 1857 3230 1929 ipsum
3261 1854 3378 1928 ejus
3399 1855 3568 1912 etiam
3599 1872 3807 1912 nomen

482 1941 756 1999 fortitudo
785 1957 952 2014 quam
981 1957 1151 2013 prava
1178 1941 1250 1996 sit
1277 1940 1696 1997 incurvationis.
1723 1939 1934 1996 Sanctae
1963 1939 2081 1994 uni-

483 2031 714 2088 versalis
755 2031 1021 2088 Ecclesia:
1067 2029 1334 2102 spiritalis
1379 2029 1612 2102 quisque
1654 2028 1978 2100 praedicator
2025 2029 2080 2083 in

477 2123 698 2180 cunctis
727 2138 847 2195 quat
878 2120 1015 2178 dicit
1048 2121 1063 2154 ¹
1099 2119 1289 2176 solerti
1309 2134 1440 2176 cura
1471 2135 1526 2174 se
1557 2119 1799 2192 inspicit,
1833 2135 1901 2174 ne
1932 2120 1987 2174 in
2018 2135 2081 2174 eo

482 2213 632 2286 quod
677 2220 828 2270 recta
874 2211 1137 2285 praedicat
1165 2210 1306 2266 vitio
1335 2225 1391 2265 se
1422 2209 1676 2266 elationis
1705 2210 1936 2266 extollat
1967 2227 1980 2276 ;
2014 2225 2082 2264 ne

481 2301 599 2358 vita
626 2317 659 2357 a
687 2303 875 2374 lingua
891 2300 1170 2358 discordet
1203 2318 1216 2366 ;
1251 2316 1318 2356 ne
1339 2315 1548 2372 pacem,
1572 2317 1734 2372 quam
1757 2301 1814 2355 in
1836 2300 2085 2381 Ecclesia

479 2392 717 2458 nuntiat,
751 2390 808 2445 in
839 2391 1037 2464 seipso,
1089 2390 1222 2446 dum
1272 2389 1412 2446 bene
1459 2389 1616 2457 dicit,
1658 2397 1712 2445 et
1744 2389 1884 2445 male
1914 2389 2076 2456 vivit,

477 2481 710 2536 amittat.
763 2479 867 2536 Sed
912 2479 1094 2536 studet
1137 2495 1483 2550 summopere
1539 2487 1731 2536 contra
1780 2478 2078 2534 maledicos

479 2585 725 2626 rumores
754 2569 1164 2626 adversantium
1203 2577 1256 2625 et
1301 2568 1594 2625 defendere
1626 2567 1901 2642 loquendo
1933 2567 2078 2639 quod

477 2659 642 2728 vivit,
674 2667 728 2714 et
747 2675 941 2714 ornare
960 2659 1201 2714 vivendo
1223 2658 1371 2732 quod
1393 2657 1548 2715 dicit.
1573 2660 1684 2714 Nec
1706 2658 1762 2713 in
1795 2657 2078 2712 hisomni-

477 2748 580 2806 bus
626 2763 801 2817 suam,
850 2747 944 2804 sed
991 2747 1232 2806 auctoris
1299 2749 1529 2820 gloriam
1599 2749 1801 2821 quaerit
1851 2766 1864 2815 ;
1917 2756 2079 2821 atque

477 2854 698 2896 omnem
729 2837 751 2872 ²
771 2837 1062 2912 sapientiae
1093 2838 1344 2910 gratiam,
1370 2855 1534 2911 quam
1565 2846 1627 2894 ut
1648 2839 1966 2911 loqueretur
1993 2855 2078 2895 ac-

475 2927 639 3000 cepit,
673 2943 783 2982 non
813 2927 926 2982 suis
955 2944 1011 2983 se
1040 2927 1275 2982 aestimat
1305 2927 1536 2994 meritis,
1571 2926 1666 2983 sed
1694 2943 1883 2983 eorum
1914 2927 2078 2982 inter-

475 3016 818 3073 cessionibus
864 3034 962 3090 pro
1011 3017 1212 3091 quibus
1252 3017 1499 3090 loquitur
1543 3017 1834 3090 accepisse.
1879 3017 2078 3089 Sicque

477 3107 609 3164 dum
625 3125 682 3164 se
704 3108 849 3165 infra
877 3107 1086 3180 dejicit,
1111 3115 1376 3180 superest,
1400 3107 1530 3180 quia
1549 3121 1660 3164 suae
1678 3108 1943 3164 nimirum
1965 3124 2078 3163 ma-

477 3197 558 3268 gis
570 3196 810 3254 mercedi
822 3195 1061 3267 proﬁcit,
1080 3195 1226 3267 quod
1241 3195 1387 3250 bona
1403 3212 1522 3268 quae
1539 3211 1793 3254 exercere
1813 3196 2078 3270 praevalet

475 3283 672 3340 alienis
703 3284 916 3340 meritis
935 3283 1136 3339 reddit.
1161 3283 1453 3356 Indignum
1475 3301 1531 3341 se
1553 3286 1814 3342 omnibus
1839 3285 2074 3358 judicat,

473 3371 642 3427 etiam
671 3387 797 3428 cum
827 3370 1050 3443 dignius
1095 3371 1310 3428 cunctis
1353 3373 1523 3429 vivat.
1571 3374 1683 3431 Scit
1727 3375 1894 3444 enim,
1928 3373 2076 3447 quod

476 3457 622 3515 bona
649 3476 770 3532 qua}
799 3461 1153 3520 innotescunt
1181 3461 1519 3532 hominibus,
1544 3465 1662 3520 sine
1691 3465 1934 3536 periculo
1961 3480 2078 3519 esse

478 3551 575 3606 vix
605 3559 850 3624 possunt.
884 3553 958 3610 Et
985 3554 1239 3627 quamvis
1285 3554 1588 3626 sapientem
1619 3571 1677 3610 se
1706 3571 1822 3610 esse
1852 3555 2073 3622 sentiat,

476 3642 644 3698 vellet
669 3649 854 3699 tamen
883 3658 998 3700 esse
1029 3643 1262 3716 sapiens,
1295 3659 1397 3700 nec
1416 3643 1615 3710 videri,
1649 3650 1810 3715 atque
1841 3641 1946 3700 hoc
1967 3642 2075 3698 sibi

477 3730 797 3788 omnimodo
825 3731 974 3804 quod
1003 3731 1276 3805 loquendo
1321 3731 1574 3804 proditur
1604 3733 1940 3802 pertimescit
1973 3750 1986 3798 ;
2021 3739 2074 3788 et

475 3821 521 3876 si
552 3819 733 3889 liceat,
781 3827 959 3878 tacere
1006 3822 1234 3895 appetit,
1283 3821 1416 3878 dum
1465 3837 1580 3877 esse
1611 3822 1632 3855 ³
1663 3821 1854 3877 multis
1899 3821 2074 3877 tutius

475 3909 758 3966 silentium
786 3911 980 3980 cernit,
1014 3927 1212 3984 eosque
1255 3926 1370 3967 esse
1417 3910 1694 3967 feliciores
1725 3919 1900 3982 putat,
1935 3928 2071 3984 quos

473 3999 620 4058 intra
647 4009 890 4059 sanctam
909 4003 1214 4060 Ecclesiam
1236 4003 1388 4060 locus
1407 4001 1636 4058 inferior
1665 4019 1760 4074 per
1787 4003 2068 4060 silentium

473 4091 714 4146 occultat
745 4109 758 4158 ;
792 4099 846 4148 et
873 4099 1055 4148 tamen
1085 4101 1148 4148 ut
1176 4099 1419 4150 sanctam
1449 4092 1754 4148 Ecclesiam
1789 4092 2066 4162 defendat,

475 4177 607 4248 quia
634 4177 703 4233 ad
730 4179 1068 4250 loquendum
1097 4183 1156 4236 vi
1188 4181 1474 4237 charitatis
1503 4181 1830 4252 impellitur,
1864 4199 1934 4238 ex
1965 4199 2072 4239 ne-

473 4265 725 4322 cessitate
754 4266 974 4338 quidem
1005 4269 1247 4323 otﬁcium
1279 4267 1575 4324 locutionis
1605 4270 1855 4342 suscipit,
1888 4270 1983 4327 sed
2003 4287 2072 4326 ex

475 4371 673 4426 magno
702 4353 977 4411 desiderio
1021 4356 1196 4412 otium
1227 4358 1249 4391 ὀ
1283 4357 1677 4414 taciturnitatis
1707 4361 1922 4430 quaerit.
1957 4361 2071 4418 Hoc

475 4450 658 4500 servat
685 4452 834 4511 voto,
888 4443 1027 4500 illud
1075 4452 1294 4500 exercet
1342 4445 1672 4502 ministerio.
1707 4447 1860 4503 Hanc
1888 4455 2070 4504 autem

477 4531 698 4588 dicendi
741 4533 1037 4588 formulam
1068 4541 1386 4605 arrogantes
1411 4533 1684 4604 ignorant.
1708 4535 1893 4608 Neque
1921 4535 2068 4591 enim

477 4623 782 4695 loquuntur
809 4623 942 4698 quia
967 4641 1147 4681 causae
1193 4625 1476 4692 eveniunt,
1510 4624 1605 4681 sed
1635 4641 1824 4682 causas
1853 4628 2073 4684 evenire

475 4719 742 4784 appetunt
777 4721 840 4770 ut
882 4715 1192 4786 loquantur.
1226 4714 1470 4782 Quorum
1503 4731 1650 4771 nunc
1676 4716 1808 4771 Eliu
1837 4717 2072 4788 speciem

477 4801 676 4874 signat,
711 4804 803 4876 qui
836 4803 894 4859 in
917 4804 1194 4860 locutione
1223 4821 1320 4859 sua
1340 4804 1608 4860 immenso
1638 4822 1695 4860 se
1716 4805 1855 4862 vitio
1885 4805 2072 4860 elatio-

478 4892 565 4947 nis
595 4893 821 4949 exaltat.
856 4893 1029 4964 Igitur
1057 4893 1233 4949 ﬁnitis
1252 4893 1397 4949 beati
1416 4893 1519 4950 Job
1549 4893 1915 4961 sermonibus,
1948 4893 2074 4949 sub-

470 4981 621 5038 ditur
653 5001 664 5040 :

539 5071 672 5129 Car.
705 5089 890 5140 xxxn,
924 5071 1094 5128 Vsus.
1131 5072 1182 5128 7.
1213 5102 1281 5112 —
1315 5074 1620 5130 Omiserunt
1647 5079 1824 5128 autem
1845 5073 2073 5128 tresviri

468 5156 557 5210 isti
583 5162 894 5232 'respmzdere
921 5161 1040 5226 Job,
1070 5178 1126 5216 eo
1153 5161 1294 5231 quod
1304 5161 1484 5230 justus
1512 5161 1612 5216 sibi
1639 5163 1924 5218 videretur.

545 5393 562 5468 ξ
593 5391 822 5468 '_l‘_uron.,
857 5395 1078 5468 solerter
1104 5413 1295 5452 curare
1323 5397 1553 5468 inspicit.

513 5465 564 5542 _3
596 5462 854 5531 Vindoc.,
905 5465 1126 5521 Ebroic.
1175 5475 1228 5523 et
1268 5469 1364 5524 alii
1405 5462 1618 5538 Noun,
1651 5468 1919 5541 sapientia;
1945 5471 2068 5541 glo-

473 5551 606 5588 νρίιηδ
619 5577 630 5588 .

543 5604 1132 5680 3_lta_»l3aluz.._Colb.,
1167 5609 1354 5666 Norm.
1389 5620 1442 5667 et
1471 5621 1577 5669 vet.
1611 5611 1763 5668 Edit.
1806 5612 1975 5666 Paris.
2007 5628 2069 5666 ac

669 5675 1131 5750 Recentqhabent
1155 5682 1314 5735 multo
1336 5685 1518 5738 tutius.
1545 5685 1604 5738 In
1629 5683 1823 5738 iisdem
1855 5685 2065 5746 Norm.,

470 5745 706 5822 _Vi_ndoc.
740 5753 793 5800 et
820 5747 962 5814 aliis,
997 5766 1179 5822 eosque
1216 5769 1320 5806 esse
1348 5753 1630 5822 feliciores.
1663 5755 1768 5812 Ubi
1801 5755 1858 5810 in
1889 5752 2070 5809 Editis

470 5817 656 5886 habes,
691 5835 873 5890 eosque
902 5837 953 5874 se.
981 5817 1260 5889 feliciores.

2190 1944 2466 2016 congruit.
2488 1945 2623 2001 Nam
2647 1946 2899 2018 quamvis
2921 1944 3084 2017 juxta
3103 1945 3382 2002 dominica
3399 1953 3672 2018 praecepta
3693 1962 3805 2001 non

2191 2033 2404 2101 vivant,
2435 2036 2610 2090 Deum
2651 2041 2835 2091 tamen
2878 2034 3168 2090 dominum
3199 2051 3318 2091 esse
3347 2043 3761 2106 recognoscunt
3792 2055 3804 2097 ;

2191 2122 2320 2195 quia
2337 2121 2398 2178 in
2428 2123 2659 2179 veritate
2679 2123 2860 2180 carnis
2889 2123 3054 2179 etiam
3084 2123 3316 2178 formam
3339 2123 3574 2180 Deitatis
3595 2125 3807 2180 intelli-

2191 2219 2344 2284 gunt,
2376 2213 2519 2268 sicut
2548 2229 2642 2284 per
2668 2212 2996 2286 Prophetam
3027 2212 3232 2268 dicitur
3257 2231 3267 2268 :
3296 2214 3486 2270 Scitote
3515 2215 3660 2285 quod
3689 2217 3799 2271 Do-

2190 2301 2365 2356 minus
2393 2301 2502 2372 ipse
2529 2308 2604 2356 est
2642 2302 2784 2358 Deus
2827 2302 3007 2373 (Psa-l.
3058 2319 3214 2369 xcrx,
3254 2303 3336 2370 3).
3372 2302 3639 2361 Baracbel
3671 2321 3807 2360 vero

2191 2389 2608 2462 interpretatum
2640 2389 2846 2446 dicitur
2875 2393 2894 2426 ⁷
2926 2389 3236 2445 benedictio
3281 2390 3402 2458 Dei,
3436 2391 3661 2447 Buzites
3692 2409 3804 2448 au-

2189 2486 2301 2534 tem
2332 2478 2784 2551 contemptibilis.
2827 2479 2986 2546 Quod
3015 2486 3330 2550 arroganter
3359 2479 3801 2550 praedicantibus

2189 2567 2328 2626 bene
2357 2577 2653 2642 utrumque
2681 2569 2997 2635 concordat,
3031 2568 3161 2640 quia
3191 2568 3247 2622 in
3276 2567 3692 2639 praedicationis
3725 2571 3806 2624 fa-

2188 2657 2391 2714 cundia
2419 2657 2827 2716 bendictionem
2877 2658 3099 2752 quidem
3149 2657 3335 2729 gratiae
3365 2657 3573 2714 divinae
3607 2661 3807 2731 perci-

2189 2746 2368 2819 piunt,
2401 2748 2495 2804 sed
2513 2747 2569 2803 in
2591 2748 2748 2804 elatis
2777 2749 2891 2804 suis
2913 2746 3160 2803 moribus
3180 2763 3294 2802 esse
3319 2763 3438 2802 eam
3472 2751 3807 2822 contempti-

2187 2835 2353 2891 bilem
2385 2837 2702 2894 ostendunt.
2736 2839 2857 2910 Ipsa
2893 2837 3094 2910 quippe
3120 2853 3240 2909 qua:
3268 2845 3609 2908 acceperunt
3637 2837 3807 2906 bona,

2188 2942 2250 2980 eo
2273 2925 2626 2998 despicabilia
2655 2927 2884 2994 faciunt,
2918 2943 3028 3000 quo
3053 2941 3394 2998 nequaquam
3426 2927 3504 2981 eis
3533 2927 3677 2983 bene
3709 2931 3806 2985 uti

2187 3024 2480 3072 noverunt.
2516 3021 2658 3089 Apte
2683 3024 2866 3073 autem
2897 3017 3061 3070 etiam
3091 3015 3158 3072 de
3187 3016 3511 3087 cognatione
3541 3019 3680 3074 liam
3715 3019 3808 3074 di-

2189 3108 2354 3164 citur.
2391 3107 2524 3164 Ram
2557 3108 2760 3180 quippe
2805 3106 3196 3178 interpretatur
3225 3107 3492 3163 excelsus.
3527 3109 3810 3166 Excelsus

2105 3225 2150 3286 Ο
2192 3212 2432 3286 namque
2462 3204 2544 3251 est
2573 3196 2822 3286 fidelium
2845 3196 3102 3286 populus,
3124 3196 3218 3268 qui
3248 3195 3417 3286 hujus
3448 3197 3577 3286 vitae
3607 3197 3811 3254 inﬁma

2189 3291 2245 3340 et
2275 3284 2486 3356 abjecta
2515 3285 2840 3340 contemnit.
2881 3283 3107 3340 Excelsi
3151 3292 3282 3340 sunt
3324 3285 3420 3358 qui
3458 3285 3644 3343 dicere
3673 3304 3808 3344 cum

2187 3372 2358 3429 Paulo
2404 3381 2679 3430 noverunt
2727 3392 2736 3429 :
2774 3375 2794 3408 ⁸
2823 3375 3022 3432 Nostra
3064 3376 3388 3430 conversatio
3437 3377 3492 3430 in
3538 3378 3684 3432 uelis
3733 3386 3810 3434 est

2192 3462 2416 3534 (Philip.
2449 3479 2532 3532 III,
2565 3463 2681 3534 20).
2707 3463 2836 3518 Eliu
2855 3463 3038 3536 itaque
3057 3462 3124 3519 de
3143 3464 3470 3534 cognatione
3501 3465 3641 3522 Ram
3665 3465 3807 3524 dici-

2189 3557 2298 3618 tur,
2350 3551 2480 3624 quia
2525 3553 2904 3624 unusquisque
2966 3551 3296 3624 praedicator
3343 3569 3604 3624 arrogans
3655 3556 3810 3612 intra

2187 3641 2556 3698 universalem
2585 3643 2891 3700 Ecclesiam
2925 3642 3156 3715 positus,
3190 3643 3394 3700 sanctis
3415 3645 3638 3716 populis
3668 3645 3804 3704 ﬁdei

2185 3733 2416 3790 veritate
2447 3733 2706 3800 sociatur,
2753 3733 3008 3806 quamvis
3057 3733 3125 3788 ab
3159 3750 3348 3790 eorum
3395 3735 3512 3791 vita
3540 3736 3807 3792 elationis

2185 3824 2454 3895 pravitate
2483 3823 2848 3896 disjungatur.
2873 3823 3134 3896 Sequitur
3167 3841 3179 3880 :

2647 3913 2876 3968 CAPUT
2907 3914 2979 3969 1n
3004 3912 3146 3986 [Rec.
3179 3912 3316 3986 III].

2259 4001 2426 4058 Vnus.
2462 4000 2514 4069 2,
2548 4001 2598 4056 3.
2631 4033 2702 4042 —
2731 4003 2915 4060 Iratus
2962 4010 3038 4057 est
3080 4010 3252 4058 autem
3301 4003 3557 4058 adversus
3587 4007 3712 4072 Job,
3745 4027 3803 4063 eo

2183 4091 2322 4161 quod
2354 4089 2560 4160 justum
2602 4109 2654 4146 se
2701 4093 2893 4147 diceret
2931 4111 3112 4148 coram
3152 4094 3280 4149 Deo.
3324 4095 3498 4149 Porro
3541 4097 3803 4153 adversus

2183 4180 2378 4234 amicos
2407 4179 2519 4250 ejus
2549 4180 2852 4253 indignatus
2899 4189 2992 4248 est,
3041 4200 3097 4237 eo
3144 4184 3284 4254 quod
3331 4201 3437 4237 non
3478 4185 3804 4241 invenissent

2183 4271 2572 4342 responsionem
2616 4273 3010 4340 rationabilem,
3040 4275 3128 4330 sed
3161 4276 3523 4333 tantunmwdo
3557 4281 3803 4334 condem-

2182 4369 2392 4416 nassent
2417 4363 2533 4418 Job.

2258 4450 2340 4506 10.
2373 4451 2445 4506 Hi
2473 4452 2633 4507 simul
2660 4453 2927 4508 haereticos
2951 4463 3202 4526 prem-unt
3245 4463 3377 4512 recte
3421 4460 3798 4529 praedicando,

2181 4546 2227 4594 et
2256 4542 2547 4596 Ecclesiam
2575 4543 2936 4613 superbiendo.
2969 4574 3040 4585 —
3069 4545 3308 4602 Solerter
3341 4546 3687 4606 intuendum
3718 4559 3799 4605 est

2182 4630 2327 4702 quod
2359 4631 2578 4686 beatum
2617 4631 2720 4688 Job
2749 4632 2872 4687 ideo
2904 4633 3258 4706 reprehendit
3287 4635 3435 4708 quod
3465 4655 3663 4695 coram
3686 4643 3797 4697 Deo

2183 4736 2238 4774 se
2263 4717 2474 4790 justum
2526 4738 2638 4776 esse
2681 4721 2888 4778 dixerit
2919 4741 2932 4789 ;
2965 4725 3174 4780 amicos
3218 4741 3351 4781 vero
3380 4724 3499 4796 ejus
3543 4727 3672 4784 ideo
3705 4749 3797 4785 re-

2182 4806 2419 4879 darguit,
2477 4811 2624 4881 quod
2678 4811 3106 4869 condemnantes
3178 4831 3304 4870 eum
3373 4818 3793 4886 responsionem

2182 4904 2373 4953 contra
2401 4896 2561 4952 illum
2593 4898 2978 4956 rationabilem
3007 4918 3118 4958 non
3151 4902 3440 4959 dederunt.
3477 4905 3610 4960 Istis
3641 4925 3792 4962 nam-

2183 5002 2288 5057 que
2319 4985 2541 5042 indiciis
2570 4996 2752 5059 aperte
2779 4989 3060 5061 colligitur
3101 4992 3247 5064 quod
3298 5010 3394 5065 per
3423 5010 3550 5049 eum
3585 4997 3795 5066 species

2180 5083 2486 5132 amatorum
2522 5093 2677 5133 vanm
2708 5079 2894 5150 gloria:
2941 5079 3274 5153 designatur.
3325 5081 3427 5138 Job
3475 5085 3687 5158 quippe
3729 5086 3793 5140 de

2182 5175 2512 5240 praesumpta
2531 5166 2766 5240 justitia,
2801 5170 3007 5228 amicos
3053 5188 3185 5228 vero
3226 5171 3344 5244 ejus
3391 5172 3459 5230 de
3490 5176 3668 5232 stulta
3699 5193 3794 5232 re-

2251 5403 2272 5436 ⁴
2303 5402 2513 5470 Baluz.,
2546 5410 2599 5458 et
2629 5403 2806 5472 Colb.,
2844 5404 3196 5460 taciturnitas.

2251 5475 2270 5506 ⁵
2303 5475 2490 5530 Norln.
2520 5482 2574 5530 et
2602 5475 2794 5542 Vind,
2827 5475 2928 5530 sibi
2957 5493 3064 5531 esse
3093 5477 3378 5532 videretur.

2253 5546 2273 5578 θ
2306 5547 2458 5601 Unus
2486 5563 2554 5601 ex
2577 5547 2820 5612 Ebroic.,
2851 5553 3034 5602 contra
3055 5555 3291 5603 sanctam.
3312 5551 3632 5610 Ecclesiam.
3659 5556 3790 5612 Vin-

2179 5614 2299 5671 doc.
2335 5625 2386 5670 et
2417 5616 2509 5671 alii
2540 5619 2750 5683 Nomm,
2789 5618 2929 5673 intra
2963 5626 3197 5674 sanctam
3229 5622 3542 5680 Ecclesiam.

2252 5689 2272 5766 ἶ
2301 5686 2536 5766 ﬁndite.
2565 5695 2620 5742 et
2651 5689 2894 5762 plerique
2923 5692 3135 5756 Norm.,
3167 5690 3448 5766 benedictio
3469 5696 3717 5754 Domini.

2254 5759 2274 5792 ⁸
2307 5757 2564 5824 Vindoc.,
2601 5757 2779 5815 nostra
2806 5757 2981 5818 autem
3007 5762 3348 5817 conversatio.
