3928 6378
129 346 228 405 257

129 474 445 546 sponsione
478 474 778 547 redarguit.
813 473 1013 533 Cuncti
1043 475 1191 532 enim
1224 491 1377 532 vana
1409 476 1594 548 gloria
1623 493 1752 534 sec-
1776 480 1829 540 A

127 565 354 626 tutores,
404 559 420 592 ¹
459 560 592 614 dum
623 576 680 614 se
707 558 966 615 omnibus
998 560 1315 632 praferunt,
1348 562 1487 617 alios
1517 561 1740 634 quidem

125 646 192 702 de
242 646 419 702 fatuis
468 648 740 715 sensibus,
774 649 914 703 alios
942 656 1122 705 autem
1154 650 1221 706 de
1253 651 1495 722 indignis
1529 651 1742 706 meritis

127 736 576 809 reprehendunt;
613 737 669 793 id
699 745 799 805 est,
825 738 962 792 alios
989 748 1216 794 censent
1244 739 1386 795 nihil
1418 739 1578 807 scire,
1603 739 1740 794 alios

125 844 234 881 non
285 825 430 882 bene
475 827 683 883 vivere.
733 827 806 882 Et
847 828 1101 899 quamvis
1137 827 1286 899 jnste
1332 845 1525 883 omnes
1582 835 1742 884 extra

121 916 436 972 Ecclesiam
489 916 696 987 positos
741 932 910 988 prava
940 917 1142 972 sentire
1171 916 1522 989 redarguant,
1555 924 1738 972 tamen

120 1009 292 1065 etiam
323 1025 422 1064 eos
452 1008 551 1081 qui
586 1008 734 1062 intus
763 1015 894 1063 sunt
924 1025 1022 1079 pro
1051 1009 1179 1064 vita
1208 1008 1467 1080 despectu
1497 1014 1739 1064 contem-

121 1105 290 1166 nunt,
326 1106 384 1155 et
414 1105 614 1156 contra
633 1097 760 1153 illos
781 1114 850 1153 ex
873 1097 1252 1170 magnitudine
1275 1105 1418 1155 recte
1440 1096 1736 1164 sentiendi,

120 1197 320 1247 contra
349 1187 489 1245 istos
521 1203 654 1244 vero
689 1187 846 1260 quasi
887 1203 957 1244 ex
989 1187 1184 1244 merito
1211 1187 1353 1244 bene
1384 1187 1611 1244 vivendi
1643 1205 1740 1243 sn-

118 1277 406 1351 perbiunt.
444 1275 587 1352 [νει.
630 1276 748 1353 VL]
782 1277 926 1335 Bene
957 1285 1139 1334 autem
1169 1279 1300 1335 Elin
1330 1277 1498 1334 modo
1515 1277 1738 1333 beatum

117 1366 238 1436 Iob,
289 1366 462 1424 modo
507 1367 714 1424 amicos
761 1365 880 1440 ejus
925 1367 1208 1440 increpare
1237 1367 1576 1440 perhibetur,
1611 1365 1741 1439 quia

116 1466 397 1516 amatores
419 1475 576 1516 vana
598 1458 786 1530 gloria
806 1457 1104 1530 aliquando
1126 1457 1271 1512 intra
1289 1465 1533 1514 sanctam
1551 1457 1738 1513 Eccle-

115 1550 253 1605 siam
288 1549 606 1618 constituti,
641 1555 695 1605 et
735 1547 1080 1604 adversarios
1118 1555 1394 1620 premunt,
1429 1547 1562 1604 dum
1608 1561 1740 1602 vera

114 1637 448 1712 pradicant,
498 1646 552 1696 et
611 1637 856 1710 ejusdem
915 1645 1115 1694 sancta
1169 1637 1432 1695 Ecclesia
1489 1635 1738 1692 moribus

113 1727 535 1797 contradicunt,
569 1727 704 1783 dum
737 1727 805 1784 de
838 1727 956 1798 ipsa
986 1725 1375 1798 pradicatione
1406 1726 1733 1798 gloriantur.

117 1817 392 1873 Premnnt
421 1816 766 1873 adversarios
795 1816 1000 1872 virtute
1029 1815 1186 1884 dicti,
1213 1824 1472 1888 premunt
1491 1824 1735 1873 sanctam

117 1905 431 1962 Ecclesiam
464 1906 728 1980 qualitate
757 1905 1002 1962 dicendi.
1036 1906 1168 1961 Illos
1198 1905 1590 1977 praedicatione
1633 1921 1739 1960 ve-

117 1993 320 2062 ritatis,
357 1994 524 2050 istam
556 1995 695 2050 vitio
741 1993 997 2050 elationis
1040 1993 1384 2066 impngnant.
1438 1993 1733 2068 Sequitur:

747 2083 978 2143 CAPUT
1017 2085 1112 2143 IV.

184 2173 362 2236 Vnus.
386 2173 444 2246 4,
476 2173 530 2233 5.
555 2206 625 2217 —
653 2175 828 2248 Igitur
857 2176 992 2233 Elin
1019 2174 1336 2248 exspectavit
1381 2175 1478 2232 Job
1529 2176 1737 2248 loquen-

122 2276 238 2336 tem,
289 2285 349 2325 eo
395 2267 540 2340 quod
585 2266 814 2323 seniores
861 2272 1025 2323 essent
1065 2267 1158 2338 qui
1189 2265 1558 2338 loquebantur.
1603 2267 1740 2324 Cum

121 2364 300 2414 autem
330 2358 551 2414 vidisset
579 2359 600 2394 ³
629 2359 770 2430 quod
808 2364 912 2415 tres
950 2359 1263 2431 respondere
1290 2375 1396 2414 non
1419 2359 1736 2431 potuissent,

128 2447 308 2502 iratus
337 2451 416 2502 est
441 2447 677 2502 vehemen
685 2454 780 2504 ter.

187 2537 276 2594 11.
319 2537 446 2595 Non
488 2537 593 2592 nisi
627 2545 749 2610 post
779 2536 1142 2593 Iucrelicorum
1171 2536 1462 2593 certamina
1485 2536 1741 2610 prodiere

119 2628 261 2684 acuti
288 2645 477 2684 sensus
505 2635 553 2684 et
574 2630 885 2701 perplexior
915 2629 1107 2700 indago
1135 2629 1435 2686 verborum.
1454 2628 1738 2697 —Qnam-

123 2718 207 2775 vis
236 2725 433 2774 sancta
460 2719 710 2774 Ecclesia
738 2719 811 2774 sit
839 2717 1030 2790 procul
1060 2716 1231 2772 dubio
1259 2716 1593 2774 adversariis
1622 2718 1740 2774 suis

123 2805 435 2881 antiquior,
460 2808 592 2881 quia
621 2807 688 2863 de
719 2808 815 2862 illa
844 2807 972 2880 ipsi,
995 2823 1105 2862 non
1135 2813 1320 2862 autem
1352 2807 1492 2862 exiit
1522 2809 1640 2880 ipsa
1671 2808 1739 2864 de

125 2898 256 2968 illis,
310 2898 460 2955 sicut
496 2896 565 2952 de
612 2897 692 2952 eis
739 2912 833 2968 per
878 2896 1144 2950 Joannem
1178 2901 1322 2958 736
1367 2896 1604 2953 dicitur:
1649 2899 1741 2954 Ea:

124 2996 271 3052 nobis
300 2997 572 3063 exierunt,
594 2994 684 3049 sed
710 3011 817 3049 non
837 3000 991 3049 erant
1017 3011 1082 3048 ea:
1100 2992 1247 3048 nobis
1265 2993 1331 3062 (I
1345 2993 1504 3049 Joan.
1529 3009 1589 3061 II,
1614 2993 1702 3066 19)
1723 3010 1736 3060 ;

129 3093 272 3143 recte
307 3093 495 3141 tamen
516 3083 725 3141 eisdem
749 3082 1079 3140 adversariis
1099 3082 1228 3138 Eliu
1243 3079 1437 3153 junior
1457 3081 1630 3138 fuisse
1649 3079 1740 3137 de-

126 3176 420 3244 scribitur,
455 3174 590 3248 quia
620 3173 888 3230 nimirnm
920 3175 940 3208 ³
981 3181 1104 3245 post
1133 3179 1326 3228 exorta
1353 3169 1739 3228 hareticornm

121 3267 286 3336 bella,
314 3283 434 3324 esse
457 3267 603 3323 intra
623 3274 865 3324 sanctam
887 3265 1190 3322 Ecclesium
1212 3263 1358 3320 fastu
1376 3263 1622 3319 scientia
1655 3262 1737 3318 in-

120 3358 234 3414 ﬂati
285 3365 608 3430 arrogantes
654 3362 958 3428 caperunt.
993 3353 1131 3412 Cum
1164 3353 1311 3409 enim
1345 3352 1597 3426 graviora
1626 3351 1740 3408 ho—

120 3448 288 3503 stium
321 3447 580 3519 prodiere
607 3445 930 3513 certamina,
961 3451 1097 3500 tunc
1125 3450 1255 3499 sunt
1286 3442 1536 3514 profecto
1564 3440 1736 3498 subti-

121 3536 261 3594 liora
292 3553 560 3594 sensuum
585 3536 797 3609 spicula
826 3533 1108 3608 requisita,
1132 3540 1267 3590 tunc
1286 3539 1737 3605 argumentorum

121 3628 434 3696 obstacula,
471 3634 604 3684 tunc
645 3625 960 3699 perplexior
1002 3623 1202 3694 indago
1244 3623 1559 3679 verborum.
1607 3621 1738 3690 Qua

121 3735 262 3792 sape
293 3717 408 3774 viri
438 3717 715 3772 ferventes
735 3713 977 3787 ingenio,
1001 3712 1133 3769 dum
1155 3728 1395 3784 congrue
1417 3711 1736 3780 inveniunt,

121 3815 450 3881 arroganter
481 3807 892 3872 intumescunt;
941 3810 1014 3872 et,
1046 3801 1197 3876 quod
1227 3818 1324 3875 per
1351 3802 1609 3858 elationis
1641 3801 1739 3857 vi-

121 3899 262 3954 tium
311 3899 641 3970 plerumqne
683 3893 978 3966 contingit,
1027 3891 1222 3948 iisdem
1271 3894 1448 3949 acutis
1487 3891 1740 3948 sensibus

123 3986 328 4061 quibus
382 3985 600 4042 hostem
644 3983 872 4052 feriunt,
920 3988 1364 4054 prosternuntur,
1396 3979 1530 4037 dum
1563 3981 1618 4037 in
1651 3981 1741 4037 his

123 4093 244 4151 qua
276 4082 428 4132 recte
459 4075 527 4131 de
556 4075 670 4130 Deo
702 4072 969 4139 sentiunt,
1002 4088 1112 4127 non
1143 4071 1264 4140 Dei,
1299 4071 1394 4128 sed
1424 4087 1580 4128 suam
1613 4071 1742 4143 glo-

124 4167 264 4223 riam
299 4171 582 4238 qnarunt.
618 4164 772 4221 Unde
802 4162 932 4218 Elin
961 4177 1178 4236 quoque
1209 4161 1385 4217 multa
1415 4161 1636 4234 quidem
1660 4176 1739 4216 re-

124 4263 210 4314 cte
257 4255 534 4329 loquitur,
585 4261 640 4309 et
679 4261 864 4310 tamen
908 4251 1102 4308 divina
1131 4267 1286 4320 voce,
1317 4267 1380 4308 ac
1409 4249 1454 4306 si
1487 4266 1742 4321 perversa

126 4343 358 4415 dixerit,
395 4345 732 4418 increpatnr.
765 4342 904 4402 Cum
935 4358 1066 4398 vero
1094 4338 1301 4398 dicitur
1329 4339 1461 4413 quia
1488 4338 1619 4395 Eliu
1649 4354 1740 4394 ex-

126 4437 410 4512 spectavit
449 4434 553 4492 Job
600 4435 938 4509 loquentem,
971 4448 1035 4489 eo
1077 4429 1225 4505 quod
1272 4429 1514 4486 seniores
1561 4435 1743 4486 essent

124 4528 221 4602 qui
273 4524 669 4600 loquebantur,
716 4530 901 4597 aperte
945 4520 1106 4579 beato
1151 4517 1254 4576 Job
1302 4535 1414 4574 non
1459 4535 1559 4591 pro
1619 4533 1737 4586 sua,

898 346 1272 406 MORALIUM
1312 348 1446 406 LIB.
1489 347 1695 408 XXIII.
1735 377 1804 392 -
1843 350 1913 408 IN
1951 351 2179 409 CAPUT
2219 352 2430 409 XXXII
2471 355 2532 412 Β.
2573 353 2716 412 JOB.

3354 358 3460 414 258

2487 477 2716 537 CAPUT
2752 478 2824 536 V.

1926 586 2099 643 Vens.
2133 587 2190 655 6,
2223 588 2273 644 7.
2304 617 2375 629 —
2402 588 2836 659 Respondensque
2861 590 2991 644 Elin
3020 591 3163 662 filius
3194 594 3456 650 Barachel

1853 677 2091 744 Buzites,
2123 677 2267 732 dixit
2291 694 2302 732 :
2335 677 2532 733 Iunior
2559 693 2676 730 sum
2706 683 2952 748 tempore,
2983 696 3073 733 vos
3100 687 3273 736 alitem
3299 685 3456 738 anti-

1852 765 2106 836 quiores;
2148 767 2347 822 idcirco
2393 767 2615 822 demisso
2661 767 2828 837 capite
2855 768 3049 822 reritus
3077 786 3192 823 sum
3221 771 3455 827 indicare

1853 858 1996 912 vobis
2034 875 2202 913 meum
2244 859 2571 914 sententiam.
2625 859 2913 928 Sperabam
2952 859 3090 912 enim
3140 861 3280 928 quod
3326 867 3454 914 aurs

1847 948 2126 1018 prolixior
2169 950 2494 1020 loqueretur,
2535 953 2586 1004 et
2625 965 2892 1004 annorum
2926 949 3210 1004 multitudo
3253 949 3456 1004 doceret

1852 1037 2187 1109 sapientiam.

1926 1129 2012 1185 12.
2062 1131 2274 1196 Tacere,
2304 1146 2438 1202 sape
2465 1137 2538 1186 est
2576 1148 2779 1203 sapere.
2821 1161 2890 1173 -
2919 1130 3132 1190 Cuncta
3161 1131 3297 1202 hac,
3331 1147 3452 1206 qua

1851 1215 1920 1273 ab
1966 1233 2030 1274 eo
2074 1234 2171 1290 per
2207 1226 2480 1276 tumorem
2527 1220 2798 1293 superbia
2838 1221 3214 1294 proferuntur,
3246 1222 3452 1278 cursim

1852 1307 2036 1380 potius
2058 1309 2476 1380 perstringenda
2493 1318 2622 1366 sunt
2641 1326 2801 1383 quam
2823 1310 3086 1366 attentius
3105 1311 3450 1382 exponenda.

1850 1396 1983 1465 Qua
2011 1399 2162 1454 enim
2192 1399 2472 1455 soliditate
2507 1400 2794 1472 gravitatis
2834 1407 3041 1466 carent,
3088 1399 3454 1471 expositionis

1849 1485 2156 1543 subtilitate
2185 1504 2297 1543 non
2322 1488 2589 1560 indigent.
2615 1489 2720 1546 Sed
2739 1489 2919 1546 solum
2944 1495 3078 1561 puto
3101 1487 3345 1545 breviter
3371 1490 3454 1546 in-

1851 1574 2158 1631 timandum
2189 1577 2336 1650 quod
2365 1577 2496 1633 Elin
2527 1578 2775 1651 quandiu
2805 1594 2903 1650 pro
2931 1577 3110 1634 atatis
3133 1594 3246 1634 sua
3276 1594 3451 1651 respe-

1848 1674 1941 1724 ctu
1963 1669 2154 1736 tacuit,
2172 1669 2472 1740 sapientior
2492 1669 2630 1735 fuit;
2653 1686 2780 1726 cum
2805 1685 2936 1724 vero
2959 1670 3015 1724 in
3037 1670 3161 1725 aliis
3181 1685 3451 1725 annorum

1850 1757 2286 1824 multitudinem,
2309 1757 2661 1828 semetipsum
2681 1757 2994 1828 praferens,
3013 1756 3268 1829 despicit,
3286 1774 3450 1830 quam

1762 1851 1808 1912 Β
1847 1845 2134 1916 pueriliter
2179 1844 2415 1916 desipiat
2456 1844 2717 1900 ostendit.
2764 1845 2901 1900 Nam
2946 1851 3141 1902 contra
3167 1844 3286 1916 ejus
3314 1861 3454 1902 sen-
3509 1899 3520 1906 .

1847 1934 2078 1990 tentiam
2110 1941 2164 1990 et
2193 1941 2324 1990 atas
2353 1934 2626 2006 prolixior
2655 1933 2922 2007 loquitur,
2954 1941 3009 1989 et
3051 1949 3147 2006 per
3177 1947 3449 1990 annorum

1848 2023 2266 2082 multitudinem
2296 2024 2567 2098 sapientia
2586 2023 2834 2092 docetur,
2857 2023 2990 2098 quia
3007 2024 3110 2080 etsi
3133 2024 3454 2096 longavitas

1847 2130 2069 2171 sensum
2103 2131 2213 2171 non
2245 2113 2468 2188 prabet,
2503 2115 2524 2150 ⁸
2555 2129 2658 2171 usu
2688 2121 2870 2171 tamen
2899 2112 3256 2170 vehementer
3284 2128 3456 2169 exer-

1847 2212 1954 2263 cet.
1985 2204 2250 2279 Sequitur
2275 2221 2286 2262 :

2313 2328 2542 2389 CAPUT
2573 2329 2647 2390 VI
2680 2327 2824 2406 [Rea
2858 2327 2990 2406 IV].

1918 2434 2092 2494 Vnus.
2117 2435 2171 2493 8.
2195 2467 2266 2477 —
2283 2437 2404 2504 Sed,
2436 2443 2493 2492 ut
2515 2437 2685 2502 video,
2707 2435 2930 2508 spiritus
2957 2443 3032 2492 est
3057 2433 3115 2491 in
3134 2434 3452 2505 hominibus,

1847 2533 1896 2582 et
1925 2527 2209 2598 inspiratio
2243 2527 2624 2598 Omnipotentis
2654 2525 2748 2581 dat
2777 2526 3198 2596 intelligentiam.

1923 2616 2009 2673 13.
2035 2618 2278 2685 Quatuor
2297 2617 2486 2688 species
2509 2615 2732 2671 tumoris
2751 2615 2808 2670 in
2826 2616 3202 2686 arrogantibus
3222 2633 3233 2671 :
3250 2616 3455 2688 prima,

1850 2706 2042 2761 bonum
2082 2724 2117 2762 a
2162 2707 2434 2778 semetipso
2481 2705 2670 2762 habere
2717 2723 2769 2760 se
2810 2705 3047 2772 credere,
3080 2705 3328 2770 secunda,
3355 2705 3457 2760 sibi

1844 2813 1948 2867 pro
1978 2797 2088 2852 suis
2119 2796 2319 2850 meritis
2340 2797 2544 2852 dat-um.
2583 2797 2775 2852 Gratia
2795 2813 2900 2850 non
2917 2796 3083 2850 datur
3105 2812 3210 2867 pro
3227 2794 3452 2849 meritis.

1858 2885 2036 2940 Tertia
2065 2885 2255 2939 bonum
2283 2885 2508 2955 aliquod
2535 2884 2679 2955 falso
2708 2884 2809 2940 sibi
2839 2884 3104 2950 tribuere;
3130 2890 3328 2956 quarta
3356 2883 3457 2938 sibi

1851 2971 1974 3037 soli,
2017 2971 2264 3043 despectis
2301 2973 2523 3039 caeteris,
2555 2972 2694 3026 illud
2723 2972 3012 3027 vindicare.
3045 3003 3117 3014 —
3145 2973 3274 3028 Hac
3311 2978 3456 3028 recte

1851 3059 2060 3118 diceret
2107 3060 2152 3115 si
2201 3059 2450 3116 eamdem
2501 3058 2925 3131 intelligentiam
2967 3058 3070 3114 sibi
3104 3076 3214 3130 pra
3241 3059 3456 3116 cateris

1851 3167 1964 3207 non
2008 3157 2302 3222 arrogaret.
2334 3149 2523 3222 Neque
2569 3147 2718 3204 enim
2758 3164 2927 3220 prava
2954 3146 3342 3206 condemnatio
3373 3156 3456 3204 est

1774 3234 1819 3297 (ἶ
1847 3258 1916 3296 ex
1947 3257 2011 3296 eo
2039 3239 2186 3296 bono
2215 3237 2362 3312 quod
2391 3237 2764 3294 communiter
2783 3236 2948 3293 datur
2972 3237 3186 3310 private
3207 3237 3452 3310 gloriari,

1847 3331 1988 3388 scire
2035 3329 2243 3386 bonum
2289 3328 2437 3384 unde
2481 3327 2774 3399 acceperit,
2824 3335 2878 3383 et
2925 3328 3138 3384 nescire
3179 3327 3456 3400 quomodo

1846 3419 1995 3476 bono
2042 3419 2124 3476 uti
2166 3417 2361 3474 debeat
2393 3417 2541 3491 quod
2581 3416 2812 3490 accepit.
2849 3417 2988 3492 [νει.
3030 3415 3179 3492 γα]
3211 3416 3458 3486 Quatuor

1848 3509 2050 3584 quippe
2071 3516 2201 3566 sunt
2221 3508 2427 3581 species
2447 3506 2649 3582 quibus
2673 3507 2855 3563 omnis
2876 3515 3061 3562 tumor
3079 3507 3454 3578 arrogantium
3533 3561 3536 3566 .

1848 3599 2280 3668 demonstratur,
2312 3615 2442 3656 cum
2473 3596 2681 3653 bonum
2721 3604 2816 3653 aut
2858 3613 2890 3653 a
2915 3596 3224 3668 semetipsis
3255 3595 3455 3652 habere

1848 3706 1906 3748 se
1948 3689 2244 3757 astimant,
2289 3695 2386 3744 aut
2437 3687 2483 3743 si
2531 3685 2638 3744 sibi
2687 3686 2877 3742 datum
2920 3685 3155 3759 desuper
3200 3684 3452 3754 credunt,

1849 3797 1949 3854 pro
1979 3781 2096 3837 suis
2131 3797 2187 3837 se
2222 3778 2328 3836 boc
2355 3777 2632 3850 accepisse
2674 3777 2888 3834 meritis
2918 3783 3149 3848 putant;
3182 3783 3280 3832 aut
3309 3783 3456 3833 certe

1848 3887 1974 3928 cum
2011 3868 2226 3942 jactant
2273 3885 2329 3924 se
2377 3866 2582 3923 habere
2613 3863 2760 3940 quod
2789 3882 2902 3934 non
2933 3864 3170 3933 habent;
3203 3872 3318 3934 aut,
3351 3865 3456 3922 de-

1849 3960 2050 4033 spectis
2077 3957 2311 4024 cateris,
2345 3955 2701 4027 singulariter
2739 3953 2920 4009 videri
2960 3960 3225 4024 appetunt
3255 3952 3456 4007 habere

1849 4050 1996 4124 quod
2029 4049 2252 4106 habent.
2278 4048 2327 4103 A
2355 4045 2650 4118 semetipso
2677 4043 2824 4100 enim
2851 4042 3060 4098 bonum
3081 4059 3138 4099 se
3159 4041 3360 4098 habere
3373 4041 3454 4114 ja-

1849 4138 2050 4207 ctabat,
2072 4137 2162 4195 cui
2193 4152 2289 4208 per
2317 4135 2646 4208 Apostolum
2676 4130 2884 4190 dicitur
2907 4149 2918 4188 :
2947 4131 3088 4200 Quid
3107 4138 3282 4188 autem
3303 4131 3456 4188 habes

1849 4229 1990 4300 quod
2016 4245 2124 4283 non
2151 4225 2416 4298 accepisti,
2439 4229 2584 4288 737
2619 4223 2749 4296 quid
2775 4221 3032 4296 gloriaris
3060 4222 3215 4293 quasi
3239 4239 3348 4278 non
3373 4239 3458 4278 ac-

1849 4328 2048 4400 ceperis
2075 4328 2140 4400 (I
2169 4327 2294 4384 Cor.
2320 4342 2397 4394 Iv,
2433 4325 2487 4398 7)
2508 4324 2536 4381 ‘l
2557 4325 2794 4381 Rursum
2825 4337 2894 4378 ne
2924 4321 3044 4378 dari
3065 4320 3226 4379 nobis
3244 4321 3454 4378 bonum

1850 4417 2038 4491 gratia
2055 4435 2153 4490 pro
2169 4415 2372 4472 nostris
2389 4412 2832 4488 pracedentibns
2852 4411 3065 4468 meritis
3083 4410 3452 4481 crederemus,

1849 4508 1997 4565 idem
2045 4503 2344 4579 Apostolus
2385 4500 2666 4570 admonet,
2700 4500 2926 4558 dicens:
2965 4499 3156 4556 Gratia
3185 4498 3307 4554 estis
3334 4498 3457 4555 sal-

123 4591 219 4676 sui
267 4591 374 4690 pro
426 4591 731 4672 amicorum
749 4591 1091 4670 _reverentia
1130 4608 1398 4666 honorem
1439 4623 1744 4665 reservasse
1769 4611 1821 4672 D
1850 4600 1962 4657 vati
1983 4616 2084 4671 per
2113 4597 2290 4672 ﬁdem,
2321 4602 2371 4690 et
2397 4595 2490 4651 hoc
2518 4612 2626 4650 non
2653 4611 2720 4650 ea:
2748 4593 2916 4690 vobis,
2948 4594 2982 4690 5-
2999 4592 3089 4648 sed
3130 4592 3231 4690 1)Ξί
3259 4591 3456 4690 donum

125 4713 496 4774 monstratur,
544 4704 674 4778 quia
715 4702 978 4759 videlicet
1024 4704 1338 4771 arrogantes
1387 4697 1534 4752 intra
1575 4697 1742 4770 positi

123 4796 386 4856 eamdem
409 4800 655 4852 sanctam
676 4791 1002 4858 Ecclesiam,
1036 4804 1200 4862 quam
1221 4783 1546 4854 defendunt,
1567 4784 1743 4857 despi-

125 4888 322 4956 ciunt;
362 4892 420 4944 et
452 4885 776 4958 plerumque
805 4878 1080 4952 contingit
1108 4885 1170 4934 ut
1199 4877 1324 4950 plus
1352 4874 1573 4948 ingenia
1602 4875 1744 4931 male

127 4975 471 5051 sapientium
489 4987 652 5047 quam
670 4971 979 5044 simplicem
997 4969 1168 5024 vitam
1187 4963 1568 5024 innocentium
1584 4979 1746 5020 vene-

127 5073 346 5134 rentur,
371 5065 500 5139 plus
511 5067 793 5120 reservent
808 5059 1013 5132 linguis
1034 5064 1192 5114 extra
1212 5054 1558 5129 loquentium
1581 5069 1747 5128 quam

128 5157 350 5215 meritis
373 5156 522 5212 intra
541 5154 870 5228 positorum,
896 5149 1150 5224 quamvis
1170 5147 1419 5220 utrisque
1440 5162 1508 5202 ex
1529 5145 1749 5200 diverso

129 5251 521 5319 obvient,cum
541 5253 597 5304 et
615 5245 683 5304 ab
704 5245 816 5301 illis
837 5241 1168 5301 rectitudine
1189 5245 1534 5308 sensuum,et
1553 5253 1585 5293 a
1613 5252 1752 5293 san-

129 5349 217 5401 cta
231 5338 496 5400 Ecclesia
525 5352 742 5396 morum
778 5332 1050 5408 pravitate
1079 5329 1416 5390 discordent.
1451 5326 1747 5401 Sequitur:

207 5491 236 5562 "
259 5522 457 5584 Norm.
484 5527 539 5580 et
557 5517 824 5590 Vindoc.,
847 5514 974 5571 dum
1002 5529 1055 5590 se
1081 5512 1140 5570 in
1166 5509 1407 5590 omnibus
1431 5506 1752 5590 prce/erunt.

204 5599 228 5634 ²
259 5597 480 5664 Baluz.,
503 5589 688 5661 Colb.,
711 5587 885 5656 Prat.,
908 5586 1051 5659 quod
1078 5585 1393 5660 respondere
1421 5596 1530 5638 non
1552 5585 1754 5653 potuis-

134 5677 290 5736 sent;
321 5667 628 5734 omittitnr,
665 5671 792 5720 tres.

204 5725 241 5778 ³ί
260 5725 499 5810 Turon.,
515 5725 640 5810 post
665 5737 856 5810 exortu
883 5729 1220 5810 inimicorum
1249 5729 1405 5787 bella.
1437 5725 1618 5810 Series
1645 5739 1755 5807 ser-

1851 4696 1944 4760 est,
1975 4706 2082 4746 non
2112 4705 2177 4744 ea:
2203 4686 2469 4760 operibus,
2501 4691 2560 4740 ut
2587 4701 2651 4740 ne
2691 4683 2812 4756 quis
2841 4683 3102 4755 glorietur
3141 4681 3362 4754 (Ephes.
3392 4695 3455 4746 Ir,

1851 4779 2002 4854 8,9).
2026 4778 2134 4848 Qui
2161 4778 2327 4835 etiam
2356 4776 2424 4832 de
2453 4775 2748 4847 semetipso
2779 4771 2857 4830 ait
2883 4790 2894 4828 :
2937 4770 3042 4840 Qui
3063 4770 3222 4844 prius
3241 4768 3329 4842 fui
3347 4769 3455 4826 bla-

1854 4871 2116 4942 sphemus,
2148 4874 2196 4924 et
2217 4873 2546 4940 persecutor,
2575 4871 2624 4921 et
2649 4863 3086 4927 contumeliosus;
3113 4860 3204 4916 sed
3246 4856 3458 4914 miseri-

1853 4961 2092 5018 cordiam
2119 4962 2419 5014 consecutus
2439 4973 2554 5012 sum
2575 4954 2642 5026 (I
2674 4954 2811 5011 Tim.
2835 4969 2875 5021 ι,
2902 4950 3014 5024 13).
3044 4946 3254 5018 Quibus
3275 4943 3458 5000 verbis

1857 5057 2040 5124 aperte
2065 5047 2306 5105 declarat
2334 5045 2482 5118 quod
2508 5043 2682 5118 gratia
2704 5045 2725 5080 θ
2746 5057 2859 5098 non
2889 5056 2988 5114 pro
3018 5036 3233 5093 meritis
3251 5031 3457 5124 tribua-

1857 5122 1968 5209 tur,
2000 5139 2134 5195 dum
2165 5155 2234 5194 ex
2266 5137 2445 5208 seipse
2465 5132 2658 5190 docuit
2677 5139 2732 5187 et
2749 5126 2886 5204 quid
2905 5128 2973 5184 de
3003 5124 3215 5180 malitia
3232 5122 3455 5193 meruit,

1860 5236 1916 5286 et
1955 5228 2088 5303 quid
2126 5228 2193 5285 de
2234 5221 2621 5283 benevolentia
2664 5218 2895 5292 accepit.
2929 5217 3170 5274 Rursum
3200 5211 3459 5270 nonnulli

1855 5319 2067 5393 jactant
2091 5334 2150 5374 se
2179 5317 2379 5375 habere
2399 5314 2547 5390 quod
2567 5329 2679 5370 non
2700 5311 2926 5380 habent,
2949 5309 3094 5368 sicut
3113 5305 3306 5365 divina
3324 5321 3461 5366 voce

1934 5502 1955 5537 ⁴
1982 5500 2155 5567 Editi,
2178 5514 2334 5554 usum
2355 5503 2596 5552 tamen...
2620 5499 2840 5551 exercet.
2862 5491 3060 5550 Melius
3081 5489 3139 5546 in
3158 5489 3288 5548 Mss.
3335 5503 3456 5545 usu.

1934 5576 1954 5610 Β
1985 5571 2246 5618 Vimine.--
2283 5569 2378 5618 Dei
2417 5567 2556 5618 enim
2599 5565 2797 5618 donum
2835 5571 2932 5618 est.
2962 5563 3186 5618 omisso.
3359 5559 3456 5618 De-

1933 5576 1954 5610 ⁵
1985 5563 2246 5639 Vindoc.,
2278 5569 2378 5625 Dei
2417 5567 2556 5624 enim
2577 5565 2932 5639 donumest,
2962 5563 3186 5632 omisso,

1861 5653 1943 5704 est
1971 5644 2135 5700 etiam
2167 5637 2466 5709 in'Norm.,
2498 5637 2692 5695 Baluz.
2717 5645 2772 5694 et
2799 5637 2957 5696 Colb.

1933 5719 1956 5754 θ
1984 5718 2172 5774 Norm.
2217 5721 2272 5770 et
2300 5705 2492 5781 Vind},
2523 5727 2632 5766 non
2659 5710 2864 5766 meritis
2903 5708 3205 5767 tribuatur.
3240 5705 3460 5763 Utrum-

135 5781 1755 5888 moniiiiiéitfiihi'iégim'r"Wémﬁommo.
1861 5806 1970 5864 que
1997 5784 2465 5862 Augustinianum
2497 5799 2719 5843 sensum
2750 5781 2911 5856 sapit.

136 5903 284 5946 rum.
