3928 6414
418 400 523 459 259
1627 384 1876 446 SANCTI
1915 381 2251 441 GREGOMI
2287 378 2511 438 MAGNI
3330 429 3340 435 _
3622 365 3731 423 260

420 541 515 600 per
556 519 875 597 prophetam
919 519 988 576 de
1027 514 1189 576 Moab
1215 512 1453 572 dicitur:
1491 514 1506 549 ¹
1542 510 1852 600 Superbiam
1873 507 2018 600 ejus,
2048 508 2099 569 Α
2127 510 2228 561 οἵω
2256 501 2518 560 Ecclesia
2564 499 2908 600 adversarios
2935 497 3485 600 _conspiciunt,‘non
3503 491 3734 600 eis

418 582 475 671 ii
491 582 862 685 arrogantiam
888 607 1002 679 ejus
1030 623 1119 679 ego
1145 604 1292 670 novi,
1324 610 1372 659 et
1397 602 1538 674 quod
1576 582 1685 657 non
1712 599 1782 655 sit
1810 598 1832 634 ²
1854 597 2021 668 juxta
2127 607 2302 648 annos
2348 599 2683 665 temporum,
2715 591 2809 648 sed
2866 588 3240 685 intentionem
3278 582 3460 685 solent
3502 594 3735 685 pensare

418 721 535 760 eum
552 673 725 757 vir'tus
743 698 858 769 ejus
873 673 1098 767 (.
1120 673 1423 760 xnvm,29,
1442 691 1558 764 30).
1576 691 1649 746 Et
1667 690 1810 746 sicut
1827 688 2021 760 angelo
2128 681 2446 738 verborum.
2497 681 2632 738 Nam
2677 678 3025 755 quantolibet
3053 676 3167 770 sint
3193 673 3399 729 eisdem
3429 673 3735 770 arroganti-

419 791 680 849 Ecclesiae
709 791 731 825 ³
761 764 1044 845 Laodiceae
1073 784 1315 842 dicitur:
1350 782 1489 850 Quia
1535 781 1666 836 diris
1693 780 1836 851 quod
1880 779 2024 835 dives
2128 770 2233 828 bus
2257 771 2598 845 antiquiores
2628 769 2895 837 haeretici,
2927 784 3020 824 eos
3052 764 3311 821 audacter
3332 764 3736 851 comprimunt,

421 897 560 948 sum,
590 886 637 935 et
665 879 1030 950 locupletatus,
1051 881 1101 931 et
1126 874 1330 930 nullius
1357 849 1472 944 egeo
1496 889 1514 935 ;
1542 877 1590 926 et
1616 849 1782 926 tuscis
1806 868 1936 942 quia
1964 873 2025 924 tu
2133 859 2192 950 in
2221 876 2454 950 quorum
2495 857 2680 915 verbis
2725 856 2979 923 dogmata
3010 871 3131 926 pPﬂ
3143 869 3261 909 orsa
3302 849 3736 924 reprehendunt.

421 993 476 1030 es
503 971 684 1031 miser,
715 973 763 1023 et
780 948 1134 1030 miserabilis,
1164 971 1213 1018 et
1235 979 1465 1034 pauper,
1496 967 1544 1017 et
1571 977 1755 1026 meus,
1785 965 1833 1015 et
1851 959 2026 1014 nudus
2133 948 2393 1022 Sequitur
2417 965 2428 1004 :

422 1062 620 1133 (Apoc.
652 1073 737 1126 III,
773 1056 886 1128 l7).
917 1055 1156 1112 Rursum
1186 1051 1464 1120 nonnulli,
1489 1049 1762 1123 despectis
1790 1047 2024 1117 caeteris,

424 1148 606 1207 videri
634 1151 899 1220 appetunt
926 1142 1281 1216 singulariter
1298 1139 1508 1197 bonum
1530 1137 1732 1196 habere
1751 1137 1899 1212 quod
1918 1136 2030 1193 ha—

425 1238 578 1296 bent.
610 1234 765 1294 Unde
791 1241 846 1291 et
872 1232 1182 1289 Phariszeus
1226 1229 1441 1288 idcirco
1485 1228 1556 1286 de
1584 1229 1794 1302 templo
1823 1226 2030 1300 absque

421 1325 820 1400 justiﬁeatione
846 1320 1132 1379 descendit
1164 1318 1318 1393 (Luc.
1339 1335 1508 1388 xvm,
1541 1317 1657 1392 14),
1688 1317 1821 1392 quia
1844 1315 2032 1372 bono-

427 1433 552 1474 rum
580 1430 807 1489 operum
838 1411 1039 1469 merita
1063 1409 1174 1468 sibi
1194 1409 1352 1485 quasi
1377 1408 1733 1483 singulariter
1758 1405 2028 1475 tribuens,

429 1505 609 1564 oranti
638 1503 935 1578 publicano
964 1517 1021 1560 se
1051 1499 1314 1574 praetulit.
1336 1499 1526 1557 Sancti
1554 1514 1770 1574 quoque
1799 1494 2031 1570 apostoli

429 1595 498 1653 ab
517 1595 629 1653 hoc
643 1593 902 1652 elationis
921 1591 1064 1651 vitio
1084 1589 1539 1664 revocantur,qui
1558 1588 1627 1647 de
1644 1585 2036 1662 praedicatione

433 1685 744 1751 redeuntes,
792 1698 921 1739 cum
968 1680 1100 1738 elati
1145 1679 1432 1738 dicerent:
1465 1678 1713 1745 Domine,
1742 1677 1800 1733 in
1825 1675 2038 1745 nomine

435 1781 524 1831 tuo
552 1773 713 1829 etiam
738 1770 1005 1826 daemonia
1030 1769 1181 1824 nobis
1208 1767 1439 1838 subjecta
1465 1773 1594 1823 sunt
1617 1768 1778 1840 (Luc.
1814 1782 1875 1834 κ,
1919 1764 2034 1835 17),

2549 1036 2779 1097 CAPUT
2808 1036 2937 1096 vm
2967 1033 3107 1110 [Vet.
3148 1032 3327 1108 VIII].

2208 1120 2389 1188 Vitas.
2432 1129 2520 1199 12,
2570 1127 2656 1186 13.
2696 1156 2766 1172 ·-
2806 1126 2929 1194 Sed,
2958 1131 3019 1182 ut
3050 1124 3225 1192 video,
3261 1139 3370 1182 non
3405 1127 3481 1178 est
3514 1120 3611 1195 qui
3635 1136 3749 1178 ar—

2136 1239 2291 1298 guere
2329 1219 2501 1292 possit
2537 1218 2663 1286 Job,
2689 1223 2738 1275 et
2780 1215 3096 1291 respondere
3133 1231 3200 1272 ea:
3238 1212 3384 1270 vobis
3410 1213 3750 1270 monibus

2137 1314 2272 1387 ejus.
2320 1312 2399 1372 Ne
2441 1309 2582 1384 forte
2620 1309 2842 1367 dicatis:
2888 1307 3192 1366 Invenimus
3231 1304 3571 1379 sapientiam,
3600 1304 3752 1362 Deus

2135 1403 2362 1478 projecit
2386 1418 2527 1470 eum,
2554 1416 2662 1458 non
2688 1401 2860 1458 homo.

2215 1493 2302 1552 15.
2350 1493 2494 1550 Deus
2534 1491 2594 1548 in
2637 1491 2734 1547 hac
2778 1490 2891 1546 vita
2931 1487 3127 1547 solatia
3160 1486 3455 1559 aliquando
3491 1486 3752 1556 concedit,

2142 1585 2294 1642 nullo
2335 1583 2458 1640 vita!
2495 1586 2705 1637 eterna
2730 1579 3062 1636 detrimento.
3093 1607 3165 1620 —
3193 1577 3346 1651 Saepe
3373 1575 3623 1634 haeretici
3652 1591 3756 1650 per

2145 1675 2252 1734 hoc
2271 1672 2421 1750 quod
2442 1688 2560 1731 esse
2577 1679 2634 1730 et
2656 1670 2980 1729 hominibus
3004 1667 3369 1743 despicabiles
3387 1667 3587 1736 solent,
3619 1683 3751 1725 cum

2145 1783 2178 1824 a
2204 1763 2422 1824 cunctis
2460 1762 2576 1820 fere
2605 1760 2861 1834 gentibus
2889 1767 3135 1818 sanctam
3165 1758 3468 1816 Ecclesiam
3496 1758 3755 1814 venerari

434 1877 505 1919 ne
532 1861 603 1918 de
630 1859 736 1918 hac
762 1857 1157 1917 miraculorum
1190 1856 1574 1928 singularitate
1603 1855 1925 1928 gauderent,
1959 1852 2039 1909 il-
2069 1866 2117 1928 Β
2146 1852 2518 1926 conspiciunt,
2540 1849 2861 1924 opinionem
2893 1846 3012 1921 ejus
3040 1847 3244 1923 quibus
3272 1847 3463 1905 valent
3480 1845 3758 1905 obtrecta-

436 1951 549 2009 lico
567 1948 649 2007 eis
666 1946 952 2021 respondit
965 1943 1452 2014 Dominus,dicens
1471 1961 1484 2001 :
1517 1944 1763 2004 Videbam
1783 1944 2041 2001 Satanam

436 2039 579 2097 velut
601 2037 792 2110 fulgur
817 2036 881 2094 de
906 2036 1032 2092 caelo
1061 2033 1327 2091 cadentem
1343 2033 1538 2107 (Ibid,
1563 2032 1676 2106 18).
1700 2033 1820 2106 Ipse
1839 2031 2041 2106 quippe

437 2127 796 2202 singulariter
823 2126 1000 2183 elatus
1029 2123 1279 2180 dixerat:
1304 2123 1476 2196 Super
1493 2128 1646 2179 astra
1664 2122 1778 2181 cali
1797 2119 2042 2178 exaltabo

437 2218 634 2275 solium
660 2232 855 2282 meum,
871 2214 1051 2271 sedebo
1079 2213 1138 2270 in
1164 2218 1338 2269 monte
1367 2211 1680 2278 testamenti,
1700 2211 1760 2268 in
1790 2208 2043 2269 lateribus

437 2305 746 2377 Aquilonis,
761 2303 956 2360 similis
974 2318 1065 2359 ero
1079 2301 1356 2358 Altissimo
1378 2301 1534 2374 (Isai.
1554 2317 1675 2371 xxv,
1691 2300 1803 2373 13).
1818 2301 1892 2356 Et
1905 2298 2044 2355 mire

437 2395 730 2464 Dominus,
754 2401 818 2450 ut
832 2393 891 2450 in
907 2391 1309 2466 discipulorum
1331 2390 1595 2450 cordibus
1612 2391 1904 2448 elationem
1926 2405 2044 2462 pre-

441 2491 636 2555 meret,
683 2500 813 2541 mox
839 2481 1118 2557 judicium
1147 2483 1323 2540 ruinae
1351 2481 1564 2553 retulit,
1598 2481 1745 2557 quod
1785 2480 1902 2554 ipse
1926 2495 2045 2536 ma-

444 2573 612 2648 gister
651 2572 908 2630 elationis
950 2571 1182 2644 accepit,
1207 2578 1272 2628 ut
1299 2571 1360 2628 in
1386 2577 1610 2628 auctore
1650 2569 1920 2643 superbiae
1947 2567 2046 2625 di-

443 2667 663 2720 scerent
700 2662 836 2735 quid
864 2661 934 2718 de
961 2661 1218 2718 elationis
1245 2661 1388 2718 vitio
1426 2659 1811 2717 formidarent.
1843 2660 1907 2717 In
1944 2657 2048 2715 hac

447 2750 634 2824 itaque
652 2749 977 2822 arrogantiae
1001 2755 1196 2824 quarta
1217 2748 1400 2822 specie
1419 2747 1614 2808 crebro
1633 2748 1910 2807 humanus
1929 2748 2046 2806 ani-

447 2854 572 2897 mus
600 2837 825 2909 labitur,
844 2845 910 2895 ut
936 2837 994 2896 id
1023 2837 1170 2913 quod
1197 2836 1366 2896 habet
1392 2837 1593 2895 habere
1617 2852 1674 2896 se
1693 2837 2051 2911 singulariter

453 2928 738 3002 glorietur.
769 2927 834 2984 In
863 2942 972 3002 qua
996 2932 1181 2984 tamen
1211 2925 1570 2984 similitudini
1598 2925 1887 2984 diabolicae
1911 2925 2048 2984 vici-

447 3019 577 3077 nius
621 3018 1043 3092 appropinquat,
1076 3016 1208 3092 quia
1244 3017 1496 3092 quisquis
1524 3016 1731 3076 bonum
1762 3034 1820 3075 se
1846 3016 2050 3076 habere

447 3107 805 3183 singulariter
821 3105 1040 3180 gaudet,
1053 3105 1305 3180 quisquis
1319 3105 1501 3163 videri
1521 3103 1821 3163 sublimior
1837 3104 2050 3163 caeteris

2152 1945 2401 2003 tionibus
2427 1943 2667 2000 lacerare
2692 1939 3056 2011 contendunt,
3097 1939 3378 1999 dicentes:
3424 1938 3638 1998 Idcirco
3670 1936 3760 1995 illi

2152 2039 2353 2094 cuncta
2378 2031 2704 2105 temporalia
2730 2036 3048 2104 suppetunt,
3079 2030 3210 2104 quia
3237 2029 3288 2086 ei
3317 2029 3545 2103 praemia
3584 2035 3763 2086 aiter—

2152 2139 2353 2180 norum
2369 2137 2663 2178 munerum
2679 2119 3100 2178 subtrahuntur.
3114 2119 3360 2188 Quorum
3380 2119 3614 2178 vocibus
3622 2121 3765 2181 Elin

2154 2213 2364 2283 obviat,
2395 2212 2585 2270 dicens
2609 2230 2621 2269 :
2652 2213 2731 2271 Ne
2755 2209 2898 2288 forte
2924 2211 3153 2268 dicatis:
3183 2213 3489 2270 Invenimus
3534 2214 3766 2286 sapien-

2158 2305 2310 2370 tiam,
2337 2302 2482 2360 Deus
2505 2300 2733 2375 projecit
2758 2319 2875 2358 eum
2902 2318 3011 2358 non
3039 2301 3210 2359 homo.
3241 2303 3324 2361 Ac
3363 2303 3410 2360 si
3439 2310 3766 2377 arrogantes

2159 2392 2305 2450 intra
2323 2398 2570 2450 sanctam
2590 2391 2896 2450 Ecclesium
2912 2391 3005 2449 sed
3024 2399 3210 2449 tamen
3229 2391 3419 2450 ﬁdeles
3439 2400 3636 2451 contra
3649 2393 3766 2452 hae-

2156 2481 2362 2540 reticos
2388 2481 2610 2538 dicant:
2642 2480 2745 2536 Per
2772 2479 2880 2538 hoc
2907 2482 3058 2556 quod
3086 2488 3329 2540 sanctam
3359 2482 3669 2540 Ecclesiam
3703 2484 3765 2541 in

2157 2569 2368 2628 honore
2392 2569 2683 2626 hominum
2707 2569 2903 2627 ﬂorere
2925 2571 3302 2644 temporaliter
3339 2572 3590 2643 cernitis,
3623 2590 3770 2647 pro—

2152 2658 2356 2733 jectum
2390 2675 2508 2716 eam
2538 2674 2571 2716 a
2608 2658 2848 2717 Domino
2892 2676 3005 2716 non
3033 2658 3289 2718 credatis.
3339 2661 3456 2718 Scit
3481 2661 3631 2718 enim
3662 2664 3769 2722 Be-

2158 2748 2412 2822 demptor
2439 2747 2576 2822 ejus,
2609 2755 2666 2806 et
2693 2748 2753 2806 in
2780 2747 2889 2807 hoc
2916 2747 3113 2806 itinere
3141 2748 3338 2806 solatia
3371 2751 3623 2810 venienti
3649 2752 3771 2809 tri-

2158 2837 2347 2908 buere,
2393 2845 2450 2895 et
2487 2837 2834 2912 pervenienti
2874 2838 2945 2896 ad
2972 2844 3232 2895 aeternam
3261 2839 3495 2912 patriam
3525 2856 3773 2916 superna

2159 2927 2387 3001 praemia
2414 2943 2715 2985 reservare.
2740 2929 3024 2986 Incassum
3055 2927 3226 3001 igitur
3251 2927 3439 2987 dicitis
3466 2930 3600 3004 quia
3616 2931 3771 2990 Deus

2161 3034 2279 3075 eam
2311 3023 2366 3075 et
2393 3034 2507 3075 non
2535 3016 2705 3074 homo
2734 3016 3046 3092 projecerit,
3085 3035 3213 3075 cum
3250 3018 3504 3077 venerari
3547 3020 3706 3079 illam
3736 3038 3773 3080 a

2160 3107 2376 3166 cunctis
2407 3106 2523 3164 fere
2549 3105 2875 3164 hominibus
2900 3107 3124 3177 videtis,
3159 3108 3292 3182 quia
3319 3109 3401 3168 sic
3442 3110 3493 3167 ei
3531 3116 3771 3169 terrenas

447 3198 664 3297 quaerit,
681 3195 857 3297 illum
886 3195 1152 3297 videlicet
1183 3195 1456 3297 imitatur,
1615 3194 1874 3297 despecto
1900 3193 2050 3252 bono
2083 3231 2131 3297 ο
2161 3197 2375 3297 gloriae.
2395 3196 2795 3297 adiumentum.
2815 3195 3100 3297 tribuitur,
3129 3204 3194 3254 ut
3221 3214 3319 3272 per
3344 3198 3452 3258 hoc
3479 3200 3773 3274 multipli-

447 3282 726 3344 societatis
751 3282 1092 3356 angelorum,
1110 3281 1295 3340 sedem
1326 3299 1482 3340 suam
1501 3283 1572 3340 ad
1598 3283 1933 3358 Aquilonem
1954 3301 2048 3358 po-

447 3389 606 3444 nens,
636 3380 693 3430 et
718 3370 994 3430 Altissimi
1023 3370 1454 3430 similitudinem
1498 3373 1731 3446 superbe
1766 3381 2045 3448 appetens,

446 3481 547 3540 per
574 3461 829 3536 iniquum
856 3458 1195 3519 desiderium
1227 3462 1384 3536 quasi
1412 3461 1482 3519 ad
1518 3461 1799 3537 quoddam
1828 3463 2049 3522 culmen

449 3560 682 3614 conatus
712 3556 794 3610 est
814 3550 1217 3626 singularitatis
1236 3566 1541 3626 erumpere.
1561 3552 1690 3608 Eliu
1708 3569 1840 3626 ergo
1859 3569 2048 3628 quam-

451 3643 538 3702 vis
569 3643 689 3701 dari
717 3658 750 3699 a
776 3641 1020 3700 Domino
1047 3640 1374 3716 sapientiam
1404 3641 1718 3713 conﬁtetur,
1750 3643 1811 3700 in
1839 3641 1943 3702 hac
1968 3650 2047 3701 ta-

450 3750 578 3792 men
601 3732 857 3792 elationis
886 3733 1067 3806 specie
1097 3731 1324 3802 labitur,
1355 3739 1419 3790 ut
1445 3733 1834 3808 sapientiorem
1861 3750 1921 3792 se
1951 3750 2050 3792 cae-

451 3826 588 3883 teris
608 3825 860 3899 gaudeat,
883 3828 938 3882 et
954 3823 1111 3900 quasi
1131 3824 1200 3882 de
1221 3825 1488 3899 singulari
1509 3824 1656 3884 bono
1675 3842 1792 3884 sese
1812 3826 2055 3884 inaniter

453 3915 705 3973 extollat.
754 3913 913 3984 Quod
957 3913 1144 3973 verbis
1172 3914 1530 3990 sequentibus
1558 3914 1786 3986 indicat,
1815 3916 2008 3974 dicens
2035 3933 2048 3974 :

1054 4003 1284 4065 CAPUT
1308 4004 1428 4064 VII.

522 4092 695 4157 Vnus.
742 4094 892 4155 9-12.
925 4124 998 4139 --
1036 4095 1160 4154 Non
1207 4100 1334 4152 sunt
1375 4096 1596 4170 longaevi
1639 4094 1921 4169 sapientes,
1965 4111 2056 4152 nec

451 4200 595 4244 senes
639 4186 940 4259 intelligunt
969 4185 1259 4257 judicium.
1304 4185 1430 4244 Ideo
1475 4185 1685 4242 dicam:
1730 4184 1927 4242 Audite
1952 4202 2054 4252 me,

451 4277 722 4335 ostendmn
761 4277 907 4334 vobis
944 4277 968 4313 ⁸
1013 4293 1103 4348 ego
1141 4292 1314 4333 meam
1358 4276 1694 4348 sapientiam.
1737 4276 2059 4349 Exspectavi

453 4367 594 4425 enim
636 4381 904 4423 sermones
947 4369 1170 4431 vestros,
1198 4363 1386 4420 audivi
1424 4363 1768 4436 prudentiam
1804 4370 2056 4434 vestram,

454 4457 616 4512 donec
643 4450 1006 4526 disceptaretis
1032 4451 1401 4519 sermonibus;
1427 4457 1477 4510 et
1501 4452 1663 4510 donec
1683 4452 1941 4526 putabam
1965 4472 2059 4513 vos

455 4543 669 4618 aliquid
694 4543 884 4612 dicere,
914 4540 1334 4600 considerabam.

531 4598 901 4702 Ἠ
930 4632 1150 4705 superbe
1164 4598 1351 4690 tacent
1361 4650 1385 4701 ;
1410 4638 1462 4691 et
1486 4648 1630 4691 senes
1661 4632 1912 4703 audiunt,
1953 4652 2062 4692 non
2089 4598 2139 4663 Β

457 4729 521 4784 ut
543 4725 771 4794 discant,
800 4727 891 4784 sed
917 4733 978 4784 ut
992 4726 1250 4799 judicent.
1283 4759 1349 4770 —
1378 4726 1655 4798 Quantum
1685 4726 1755 4786 ad
1783 4728 2060 4787 intentio-

457 4830 584 4875 nem
615 4814 816 4874 litterae
860 4819 1090 4892 spectat,
1120 4816 1352 4892 loquens
1377 4816 1508 4875 Eliu
1538 4815 1750 4878 indicat
1775 4834 1941 4894 quam
1971 4834 2058 4877 su-

454 4905 622 4981 perbe
645 4907 896 4965 tacuerit.
915 4906 1055 4966 Cum
1075 4909 1224 4966 enim
1247 4906 1412 4967 dicit:
1444 4906 1768 4981 Exspectavi
1793 4909 1933 4966 enim
1950 4926 2059 4966 sero

2156 3285 2278 3344 cius
2301 3284 2467 3344 etiam
2493 3285 2563 3343 ad
2590 3285 2833 3344 caelestia
2861 3285 3220 3345 subvehatur.
3247 3289 3547 3364 Sequitur:

2779 3374 3009 3434 CAPUT
3035 3376 3134 3434 IX.

2230 3466 2404 3527 Vnus.
2433 3466 2521 3526 14.
2551 3498 2624 3511 -
2650 3467 2802 3527 Nihil
2833 3470 3034 3526 loeutus
3061 3475 3137 3526 est
3163 3468 3316 3541 mihi,
3345 3477 3396 3528 et
3420 3488 3510 3546 ego
3535 3488 3645 3530 non
3673 3452 3768 3531 se:-

2159 3557 2390 3614 eundum
2418 3563 2616 3615 vestros
2642 3575 2905 3616 sermones
2931 3559 3250 3633 respondebo
3278 3560 3384 3619 illi.

2232 3647 2320 3705 16.
2371 3647 2615 3720 Superbi,
2657 3665 2777 3705 cum
2815 3649 3206 3723 corripiuntur,
3232 3667 3342 3707 non
3377 3651 3630 3722 audiunt,
3669 3661 3771 3713 aut

2160 3737 2518 3796 dissimulant.
2564 3768 2637 3785 -
2676 3738 2819 3808 Quid
2866 3747 2969 3811 est,
3013 3739 3162 3814 quod
3199 3740 3323 3798 ait:
3363 3742 3516 3800 Nihil
3557 3745 3770 3802 loeutus

2161 3833 2236 3884 est
2261 3828 2393 3885 mihi
2402 3830 2432 3886 9
2462 3829 2726 3904 Nunquid
2753 3837 2944 3888 sancta
2971 3830 3219 3890 Ecclesia
3253 3847 3353 3906 per
3377 3830 3770 3907 praedicatores

2155 3915 2338 3991 iustos
2364 3934 2491 3978 cum
2522 3919 2670 3977 intra
2697 3937 2754 3978 se
2779 3927 3095 3993 arrogantes
3120 3922 3410 3996 conspicit,
3441 3924 3665 3983 erudire
3704 3942 3770 3985 ac

2161 4007 2491 4082 redarguere
2536 4008 2951 4083 praetermittit?
2986 4010 3226 4069 Exercet
3252 4008 3389 4082 haec,
3421 4020 3476 4071 et
3512 4014 3771 4088 quotidie

2163 4112 2419 4156 exemere
2459 4114 2572 4156 non
2611 4105 2806 4158 cessat.
2853 4098 2960 4156 Sed
2985 4099 3137 4170 Elin,
3169 4101 3265 4176 qui
3305 4101 3623 4177 loquentem
3653 4119 3772 4180 pu-

2162 4186 2308 4246 blice
2348 4187 2572 4246 beatum
2612 4188 2716 4246 Job
2743 4189 3010 4261 audierat,
3043 4189 3223 4249 dicat:
3257 4193 3412 4252 Nihil
3442 4195 3650 4252 locutus
3693 4202 3772 4254 est

2166 4285 2320 4354 mihi,
2339 4285 2472 4361 quia
2498 4284 2764 4345 nimirum
2795 4304 2987 4347 omnes
3014 4296 3328 4364 arrogantes
3348 4308 3512 4351 voces
3540 4291 3770 4367 quidem

2165 4382 2369 4435 sanctas
2396 4374 2661 4434 Ecclesiae
2687 4376 2940 4449 audiunt,
2972 4378 3068 4437 sed
3095 4378 3203 4437 sibi
3222 4396 3326 4459 eas
3351 4380 3465 4440 dici
3509 4381 3770 4443 dissimu-

2166 4465 2305 4536 lant,
2324 4465 2547 4539 quando
2565 4465 2820 4525 elationis
2840 4467 3040 4526 vitium
3061 4470 3352 4528 emendare
3378 4479 3768 4534 contemnunt.

2166 4556 2279 4616 Nec
2307 4571 2364 4615 se
2391 4555 2461 4614 de
2488 4557 2746 4633 superbia
2774 4557 3028 4633 redargui
3067 4560 3360 4632 aestimant,
3395 4564 3527 4638 quia
3566 4580 3687 4623 esse
3712 4583 3773 4624 se

2167 4643 2409 4705 humiles
2437 4652 2651 4722 putant,
2675 4647 2771 4724 qui
2799 4650 2962 4707 etiam
2992 4650 3249 4724 redargui
3276 4651 3611 4726 despiciunt,
3633 4654 3771 4714 dum

2166 4738 2530 4813 sapientiores
2570 4755 2627 4798 se
2673 4745 2728 4797 et
2757 4739 2890 4814 ipsis
2920 4739 3378 4815 redarguentibus
3404 4742 3768 4806 arbitrantur.

2166 4827 2324 4900 Quod
2344 4844 2476 4886 vero
2505 4829 2614 4887 ait:
2638 4830 2713 4888 Et
2737 4847 2827 4904 ego
2854 4847 2962 4886 non
2981 4831 3263 4888 secundum
3287 4849 3552 4890 sermones
3571 4842 3775 4893 vestros

2164 4918 2486 4994 respondebo
2515 4918 2623 4989 illi,
2654 4919 2795 4977 bene
2836 4916 2996 4978 beato
3035 4916 3139 4978 Job
3168 4938 3280 4980 non
3315 4920 3620 4982 secundum
3661 4942 3773 4984 ser-

453 5014 634 5089 WS
679 5003 901 5089 υϐδινοξι
932 5003 984 5054 ει
1002 4996 1267 5089 putabam
1296 4996 1628 5089 098‘Qliqutid
1653 4998 1846 5066 dicere,
1875 5005 2060 5089 apem
2167 5027 2360 5070 mones
2388 5024 2579 5069 eorum
2607 5011 2936 5086 respondere
2968 5027 3026 5071 se
3057 5011 3215 5072 dicit.
3256 5013 3592 5089 Arrogantes
3619 5017 3773 5076 enim

455 5086 699 5179 (19013“?
722 5104 779 5147 se
807 5086 876 5147 ad
904 5084 1076 5146 verba
1101 5100 1294 5179 891mm
1321 5082 1637 5179 iudicantii
1656 5088 1843 5179 PQtiuS
1872 5087 2059 5146 εἴηάίο
2167 5101 2317 5160 intra
2363 5107 2607 5161 sanctam
2647 5082 2953 5162 Ecclesium
2995 5103 3160 5178 positi
3206 5082 3540 5179 respondent
3577 5115 3777 5167 contra

456 5190 622 5254 ιιιιαω
663 5178 928 5239 discentis
955 5183 1088 5237 νοῖο
1114 5177 1372 5237 “lenisse-
1404 5176 1670 5248 QuamViS
1710 5174 1831 5238 haec
1858 5179 2060 5238 melius
2167 5206 2308 5264 eam,
2340 5191 2437 5251 sed
2465 5208 2578 5251 non
2607 5191 2752 5252 sicut
2778 5174 3022 5252 haeretici
3047 5174 3636 5256 exterius-constituti.
3669 5200 3776 5259 Ne-

455 5266 606 5326 viam
653 5272 799 5334 738
845 5269 1218 5342 arrogantium
1261 5264 1573 5343 designant,
1620 5268 1716 5344 qui
1761 5267 2048 5345 aliquando

2167 5298 2272 5360 que
2318 5285 2467 5344 enim
2526 5282 2917 5346 contradicunt
2964 5287 3015 5346 ei
3070 5301 3240 5363 prava
3283 5286 3660 5362 praedicando,
3718 5308 3778 5351 se

461 5363 612 5425 intra
649 5372 894 5426 sanctam
936 5366 1242 5428 Ecclesiam
1285 5368 1474 5442 positi,
1504 5383 1632 5428 cum
1663 5365 1907 5443 ejusdem
1935 5386 2059 5430 san-
2165 5388 2422 5450 perverse
2464 5374 2732 5450 vivendo,
2781 5379 2912 5455 quia
2952 5394 3055 5440 nec
3093 5378 3164 5438 de
3201 5380 3339 5453 Deo,
3387 5386 3452 5441 ut
3495 5380 3773 5454 haeretici,

535 5564 556 5640 ξ
585 5560 857 5640 gilmss,
877 5562 1179 5640 superbiam
1203 5563 1382 5640 Moab.

360 5685 385 5707 κ
466 5707 505 5724 ﬂ
771 5635 1190 5724 etianfveteres,
1212 5639 1392 5724 jutsta.
1406 5658 1544 5701 eum.
1565 5636 2055 5724 Vindpc.,Baluz.,

463 5705 654 5796 Colb.,_
666 5708 885 5796 Βοιαὶ.)
899 5707 1070 5781 juxta
1097 5705 1235 5796 eam,
1254 5712 1538 5796 nimirum.
1550 5705 1880 5796 superbiam
1892 5721 1957 5796 et
1974 5705 2058 5772 ar;

461 5781 1152 5915 ξειῗιιὲἓῶιιέίέἓωᾳιιοᾳυθ
1181 5783 1384 5858 legitur
1401 5786 1460 5844 in
1485 5781 1740 5859 Vulgata,
1756 5784 1924 5860 juxta
1939 5792 2057 5848 tex-

2196 5571 2261 5732 i
2288 5566 2837 5732 iiii;
2855 5565 3137 5732 ua:
3162 5568 3555 5732 ἑὲεέτῖῗξιξατ»
3592 5646 3780 5732 me

2167 5714 2316 5772 tiam.
2339 5713 2453 5798 Qui
2481 5713 2710 5777 Codices
2737 5713 2943 5780 habent
2970 5718 3135 5790 infra,
3155 5719 3318 5778 donec
3341 5713 3778 5796 disceptaremini

2165 5800 2264 5860 pro
2291 5785 2673 5861 disceptamus.
