3928 6382
183 360 286 418 261

963 364 1333 423 MORALIUM
1373 364 1503 425 LIB.
1548 365 1759 423 XXIII.
1801 394 1871 409 —-
1912 368 1982 423 IN
2027 367 2262 425 CAPUT
2301 368 2516 428 XXXII
2554 371 2614 431 Β.
2657 371 2799 431 ΙΟΒ.

3422 376 3524 434 262

184 489 416 581 indigna
464 490 735 581 sentiunt,
910 490 977 546 de
1006 508 1062 547 se
1092 491 1216 565 plus
1245 507 1408 566 quam
1439 508 1657 551 necesse
1687 502 1789 563 est,
1826 496 1878 557 A
1914 494 2180 554 tulantur.
2215 497 2549 569 Arrogantes
2577 497 2725 553 enim
2750 512 2877 557 cum
2899 500 3182 557 scientiam
3215 503 3516 581 accipiunt,

186 577 355 649 digna
382 578 759 650 suspicantur.
794 578 1057 653 Sequitur
1090 599 1100 637 :

259 670 434 727 Vnus.
469 670 556 725 15.
581 700 651 712 -
668 670 1067 739 Extimuerunt,
1100 689 1191 727 nec
1217 674 1599 744 responderunt
1626 677 1795 741 ultra,

187 759 630 831 nbstuleruntque
659 778 693 814 (ι
722 777 775 814 se
802 762 1085 831 eloquium.
1622 803 1634 812 -

261 850 401 923 [γρι.
458 851 583 925 IX.]
629 852 776 907 Bene
819 852 885 907 ad
934 854 1064 909 Elin
1110 854 1277 911 verba
1315 856 1477 911 amici
1508 856 1609 910 Jnh
1641 858 1797 911 exti-

186 941 394 997 muisse
425 941 760 1010 referuntur,
785 945 916 1016 quia
936 962 1331 1019 nonnunquam
1362 956 1678 1019 arrogantes
1698 951 1797 1005 Ec-

184 1032 369 1087 clesiae
416 1030 753 1100 defensores,
799 1036 1054 1106 quamvis
1109 1036 1361 1093 ordinem
1417 1037 1641 1094 dicendi
1685 1055 1797 1094 non

183 1127 430 1191 teneant,
478 1129 663 1179 tamen
707 1122 1052 1182 adversarios
1099 1126 1218 1200 ipsa
1259 1126 1540 1185 dictorum
1590 1129 1799 1187 virtute

184 1212 536 1285 perturbant.
572 1212 834 1287 Sequitur
868 1231 881 1270 :

838 1321 1068 1381 CAPUT
1096 1325 1169 1382 X.

259 1420 435 1480 Vnus.
477 1422 564 1481 16.
596 1453 668 1465 -
697 1418 842 1477 ’739
888 1422 1150 1491 Quoniam
1189 1423 1356 1496 igitur
1392 1426 1707 1499 exspectavi,
1752 1434 1799 1482 et

188 1531 291 1569 non
324 1520 450 1569 sunt
482 1512 675 1581 locuti;
702 1518 972 1582 steterunt,
1003 1530 1092 1567 nec
1122 1515 1509 1587 responderunt
1535 1517 1702 1572 ultra.

261 1605 348 1662 17.
407 1606 673 1662 Errantes
699 1603 826 1660 dum
878 1604 1231 1677 redarguunt,
1280 1622 1435 1661 suam
1483 1605 1799 1678 sapientiam

185 1702 451 1753 ostentare
495 1701 701 1752 tantum
746 1695 986 1767 cupiunt,
1015 1712 1123 1751 non
1168 1696 1296 1752 aliis
1332 1697 1598 1769 prodesse.
1643 1697 1797 1752 Serus

186 1787 315 1844 boni
335 1787 729 1861 prterlicatores.
752 1818 823 1828 —
843 1786 997 1843 Finis
1016 1802 1131 1843 esse
1149 1787 1443 1844 locutionis
1463 1787 1795 1861 sapientium

1907 584 2049 640 nihil
2076 602 2138 641 se
2177 585 2448 657 accepisse
2494 587 2789 653 aestimant,
2837 588 2882 642 si
2931 588 3073 646 hanc
3119 607 3211 647 eos
3240 594 3514 650 occultam

1907 675 2108 732 habere
2135 677 2436 747 contingat.
2471 677 2750 749 Nusquam
2796 678 2998 749 quippe
3039 697 3198 735 suum
3230 684 3512 753 gaudium,

1907 764 2013 820 nisi
2046 767 2103 820 in
2131 782 2224 821 ore
2252 766 2543 821 hominum
2566 776 2797 837 ponunt.
2833 766 2987 823 Unde
3013 778 3067 823 el.
3090 769 3250 824 fatum
3274 789 3294 824 κ
3313 772 3518 841 irgines

1912 854 1963 909 in
1990 855 2136 909 vasis
2160 856 2275 909 suis
2297 856 2479 909 oleum
2507 872 2617 909 non
2641 857 2940 927 sumpsisse
2962 858 3276 914 referuntur
3298 860 3512 929 (Matth.

1908 962 2045 1013 xxv,
2075 946 2155 1014 3),
2189 946 2319 1017 quia
2339 955 2655 1018 arrogantes
2676 963 2867 1003 omnes
2894 964 3020 1004 cum
3052 966 3109 1003 se
3138 948 3206 1002 ab
3236 949 3517 1021 aliquibus

1908 1035 2138 1092 fortasse
2182 1036 2336 1093 vitiis
2382 1037 2688 1105 continent,
2728 1035 2937 1093 bonum
2969 1039 3156 1109 gloriae
3188 1038 3333 1095 intra
3379 1057 3518 1095 Cull-

1907 1126 2168 1183 scientias
2192 1124 2395 1183 habere
2424 1142 2535 1182 non
2556 1135 2807 1199 possunt.
2838 1128 2900 1183 In
2930 1143 3057 1185 vase
3078 1138 3260 1185 autem
3290 1130 3515 1201 proprio

1905 1225 2216 1289 sumpserat
2243 1217 2446 1272 Paulus
2464 1218 2668 1285 oleum,
2702 1218 2797 1290 qui
2826 1218 3076 1276 dicebat:
3106 1220 3297 1276 Gloria
3324 1226 3515 1276 nostra

1907 1306 2012 1361 hlBC
2040 1311 2135 1375 est,
2168 1306 2517 1361 testimonium
2562 1306 2887 1362 conscientia:
2931 1314 3127 1364 nostra:
3170 1309 3267 1378 (II
3313 1310 3439 1366 Cor.
3474 1327 3514 1375 ι,

1910 1397 2025 1469 12).
2059 1400 2226 1455 Inane
2244 1416 2372 1473 ergo
2393 1400 2678 1456 vasculum
2702 1400 2843 1457 ferre
2864 1410 2945 1458 est
2976 1402 3125 1459 intus
3145 1401 3310 1460 corde
3338 1418 3516 1459 vacuo

1907 1488 1931 1525 ²
1959 1488 2096 1545 foris
2125 1489 2356 1547 humani
2404 1490 2516 1547 oris
2539 1488 2816 1562 judicium
2848 1507 3109 1564 quaerere.
3142 1492 3273 1548 Eliu
3304 1492 3509 1566 itaque,

1906 1579 2036 1653 quia
2067 1580 2296 1652 gloriam
2326 1579 2459 1636 dum
2488 1581 2733 1636 exterius
2761 1582 2961 1654 quierit
3005 1583 3151 1638 intra
3178 1598 3276 1638 vas
3328 1582 3511 1638 oleum

1907 1687 2017 1726 non
2048 1671 2233 1739 habet,
2264 1670 2401 1727 dicit
2452 1689 2463 1727 :
2507 1672 2843 1742 Respondebo
2876 1678 2925 1727 et
2952 1689 3041 1743 ego
3082 1678 3293 1745 partem
3323 1689 3511 1737 meam,

1904 1766 1952 1815 et
1997 1760 2268 1815 ostendam
2312 1759 2584 1813 scientiam
2628 1776 2816 1814 meam.
2867 1759 3024 1815 Unde
3070 1769 3124 1815 et
3154 1759 3260 1817 hoc
3308 1760 3513 1832 ipsum,

185 1846 355 1947 solet:
382 1884 442 1933 ut
482 1893 546 1933 eo
590 1893 763 1950 usque
791 1874 979 1934 dicant
1008 1893 1117 1951 quo
1148 1876 1477 1933 adversariis
1508 1846 1792 1933 silentium
1827 1863 1875 1924 Β
1904 1847 2053 1922 (1³οά
2076 1847 2389 1951 δέ,,ίθ¹’ν⁰¹’θ
2429 1863 2584 1951 Xa“?
2627 1847 2815 1919 glori”
2854 1846 3003 1904 imus
3047 1849 3273 1921 Patitur!
3325 1848 3514 1904 verbis

188 1969 499 2042 imponant.
532 1968 653 2024 Non
683 1967 832 2024 enim
860 1984 919 2023 se
950 1966 1254 2036 ostendere,
1287 1966 1383 2024 sed
1413 1983 1581 2040 prava
1599 1966 1797 2025 docen-

186 2066 270 2116 tes
311 2072 657 2132 compescere
699 2057 950 2130 cupiunt.
996 2056 1292 2131 Postquam
1334 2073 1466 2113 vero
1506 2056 1573 2113 de
1606 2057 1799 2115 amicis

184 2148 288 2205 Job
327 2148 542 2205 dictum
571 2154 653 2205 est
682 2165 693 2204 :
727 2148 1136 2213 Extimuerunt,
1168 2165 1256 2203 nec
1284 2149 1675 2221 responderunt
1702 2149 1798 2205 ul—

188 2245 296 2305 tra,
325 2227 758 2310 abstuleruntque
786 2257 820 2294 a
847 2255 900 2294 se
939 2238 1238 2310 eloquium;
1265 2238 1397 2294 Eliu
1436 2237 1794 2312 subjungens,

184 2329 264 2385 ait
289 2346 301 2383 :
327 2328 669 2400 Exspectavi,
692 2334 741 2383 et
766 2346 873 2383 non
901 2333 1026 2383 sunt
1054 2327 1250 2393 locuti;
1278 2333 1551 2395 steterunt,
1572 2345 1663 2385 nec
1690 2346 1797 2385 res-

1908 1938 2264 2013 sequentibus
2293 1938 2488 2012 aperit,
2516 1937 2710 1994 dicens
2742 1955 2754 1994 :

2387 2049 2615 2107 CAPUT
2644 2050 2724 2106 x1
2755 2047 2899 2124 [Rea
2943 2047 3031 2124 V].

1980 2138 2153 2197 Vsus.
2186 2137 2368 2196 18-20.
2401 2169 2472 2180 -
2500 2140 2697 2196 Plenus
2739 2155 2858 2194 sum
2906 2137 3259 2210 sermonibus,
3287 2144 3335 2195 et
3362 2157 3516 2197 coar-

1908 2236 2017 2287 ctat
2042 2246 2121 2286 me
2148 2229 2372 2303 spiritus
2400 2229 2539 2285 uteri
2566 2230 2686 2286 mei.
2720 2231 2810 2287 En
2838 2236 3015 2285 venter
3054 2245 3200 2285 meus
3228 2229 3383 2300 quasi
3407 2246 3517 2284 mu-

1908 2329 2046 2379 stum
2073 2321 2266 2395 absque
2292 2322 2583 2396 spiraculo,
2604 2322 2745 2394 quod
2777 2322 3087 2394 lagunculas
3104 2336 3268 2375 novas
3289 2319 3519 2375 disrum-

181 2419 491 2491 ponderant
519 2420 686 2476 ultra.
710 2419 783 2475 Et
811 2417 924 2474 illis
948 2416 1064 2491 jam
1086 2418 1397 2488 silentibus,
1421 2418 1602 2477 adhuc
1629 2419 1798 2478 verba
1902 2413 2005 2485 pit.
2039 2412 2277 2484 Loquar.
2310 2418 2359 2468 et
2403 2412 2677 2484 respirabo
2708 2412 3049 2485 paululum;
3087 2409 3327 2482 aperiam
3377 2408 3520 2465 labia

186 2509 545 2581 multiplicat,
578 2509 708 2582 quia
750 2507 1011 2565 videlicet
1051 2508 1139 2564 vir
1168 2524 1445 2582 arrogans,
1477 2518 1532 2566 et
1560 2510 1795 2568 formam

186 2600 244 2656 in
275 2616 333 2657 se
362 2601 739 2674 arrogantium
772 2600 1070 2670 intentans,
1093 2616 1207 2657 non
1243 2599 1686 2658 adversariorum
1718 2602 1799 2659 di-

184 2697 275 2748 cta
302 2706 581 2764 superare,
605 2691 699 2748 sed
721 2708 877 2749 suam
899 2690 1222 2764 sapientiam
1245 2699 1519 2750 ostentare
1547 2691 1793 2751 festinat.

187 2779 346 2838 Unde
376 2785 431 2837 et
460 2780 710 2854 sequitur
743 2798 755 2837 :

256 2870 431 2929 Vsus.
467 2870 554 2926 17.
588 2900 660 2912 —-
686 2869 1019 2943 Respondebo
1069 2878 1117 2927 et
1164 2889 1251 2945 ego
1288 2879 1500 2947 partem
1530 2890 1721 2940 meam,
1753 2877 1802 2928 et

187 2963 461 3020 ostendam
483 2962 756 3017 scientiam
783 2979 975 3018 meam.
1778 3025 1783 3031 ο

258 3053 415 3111 Hanc
439 3052 587 3110 enim
618 3060 830 3126 partem
862 3068 1017 3109 suam
1049 3052 1232 3110 omnis
1261 3069 1519 3126 arrogans
1539 3053 1794 3123 aestimat,

186 3144 232 3202 si
281 3144 570 3202 scientiam
620 3160 751 3199 non-
780 3151 892 3199 tam
936 3142 1134 3201 habeat
1172 3160 1336 3219 quam
1366 3144 1636 3215 ostendat,
1670 3144 1802 3219 quia

1908 2521 2045 2570 mea,
2077 2510 2124 2559 et
2150 2504 2490 2577 respondebo.

1984 2594 2069 2652 18.
2121 2595 2426 2651 Locutiouis
2468 2610 2651 2651 eorum
2695 2593 3074 2660 celsitudinem,
3116 2608 3225 2649 non
3265 2588 3517 2649 utilitatis

1909 2684 2249 2743 intentionem
2270 2687 2554 2743 imitantur
2581 2684 2814 2757 superbi.
2844 2714 2916 2727 —
2941 2684 3349 2757 Nonnunquam
3368 2698 3517 2738 arro-

1910 2795 2099 2859 gantes
2140 2786 2271 2855 viri,
2319 2785 2453 2843 dum
2486 2783 2871 2859 praedicatores
2905 2780 3049 2839 740
3079 2792 3295 2842 sanctos
3324 2796 3523 2853 magna

1909 2876 2096 2949 eloqui
2126 2892 2190 2934 ac
2231 2893 2331 2948 pro
2374 2876 2655 2933 locutione
2702 2891 2802 2932 sua
2847 2874 3098 2931 venerari
3142 2870 3514 2946 conspiciunt,

1912 2964 2209 3021 locutionis
2224 2978 2415 3020 eorum
2432 2962 2818 3020 celsitudinem
2852 2971 2905 3019 et
2931 2979 3044 3019 non
3066 2965 3087 2999 ³
3105 2964 3404 3021 utilitatem
3428 2962 3508 3018 in-

1909 3052 2174 3111 tentionis
2195 3052 2516 3121 imitantur;
2552 3067 2729 3125 neque
2751 3050 2858 3110 hoc
2872 3061 3059 3109 ainant
3080 3052 3227 3125 quod
3248 3053 3335 3108 illi
3355 3068 3512 3125 appe-

1911 3152 2058 3213 tunt,
2091 3142 2187 3200 sed
2206 3141 2313 3202 hoc
2341 3157 2690 3214 summopere
2718 3149 2983 3214 appetunt
3002 3140 3151 3215 quod
3178 3142 3313 3198 clari
3332 3140 3513 3198 horni-

188 3234 460 3292 nimirum
503 3249 693 3290 omnes
740 3233 869 3290 elati
917 3234 1205 3290 scientiam
1252 3252 1363 3291 non
1407 3233 1609 3292 habere
1640 3249 1799 3308 appe-
1831 3231 1877 3295 G
1909 3232 2077 3290 nibus
2104 3229 2485 3289 ostendantur.
2519 3232 2657 3289 Nam
2679 3247 2821 3304 saepe
2848 3230 3122 3305 contingit
3150 3242 3212 3289 ut
3239 3231 3515 3305 sapientes

186 3330 335 3394 tunt,
386 3322 482 3381 sed
528 3322 832 3380 ostendere.
876 3321 997 3392 Quo
1044 3330 1237 3382 contra
1276 3325 1414 3382 bene
1443 3341 1539 3397 per
1566 3325 1794 3398 Moysen

187 3411 399 3473 dicitur
430 3432 442 3471 :
484 3414 585 3474 Vas
613 3414 755 3486 quod
782 3430 890 3469 non
917 3413 1161 3469 habuerit
1187 3416 1515 3489 operculum,
1546 3432 1637 3471 nec
1668 3415 1796 3487 liga-

190 3514 371 3563 turam
399 3506 641 3578 desuper,
672 3505 1002 3561 immundum
1031 3506 1131 3562 erit
1162 3506 1347 3581 (Num.
1376 3525 1495 3577 XIX,
1522 3508 1635 3581 l5).
1668 3507 1798 3580 Teg-

190 3612 320 3654 men
370 3597 572 3671 quippe
606 3597 875 3670 operculi,
906 3597 994 3654 vel
1038 3597 1291 3670 ligatura,
1330 3605 1411 3655 est
1443 3614 1675 3656 censura
1704 3597 1802 3655 di—

187 3688 462 3762 sciplinae,
507 3690 524 3723 ¹
568 3704 675 3761 qua
712 3688 961 3762 quisquis
1008 3706 1121 3745 non
1168 3690 1454 3762 premitur,
1502 3690 1658 3765 quasi
1707 3706 1803 3746 vas

188 3778 543 3838 immundum
565 3780 949 3854 pollutumque
972 3779 1312 3854 reprobatur.
1337 3782 1540 3838 Annon
1570 3798 1665 3838 vas
1687 3782 1804 3839 sine

188 3869 454 3946 operculo
495 3867 627 3926 Eliu
669 3869 866 3939 fuerat,
901 3871 996 3945 qui
1045 3870 1188 3929 hanc
1237 3888 1353 3929 esse
1402 3879 1612 3945 partem
1647 3889 1802 3928 suam

189 3962 580 4030 testimaverat,
603 3960 651 4017 si
671 3960 985 4019 ostenderet
1005 3961 1296 4018 scientiam
1327 3978 1492 4036 quam
1522 3960 1803 4019 habebat?

188 4051 361 4121 Quasi
405 4051 555 4108 enim
586 4067 681 4107 vas
724 4051 843 4108 sine
872 4052 1151 4125 operculo,
1184 4053 1272 4107 vel
1303 4052 1557 4125 ligatura,
1591 4052 1807 4125 pollui—

189 4152 305 4213 tur,
337 4143 434 4217 qui
464 4158 562 4217 per
590 4142 838 4202 studium
868 4141 1255 4201 ostentationis
1283 4149 1494 4217 patens,
1527 4142 1684 4199 nullo
1715 4158 1830 4208 ves

190 4232 399 4290 lamine
416 4233 814 4291 taciturnitatis
838 4234 1103 4308 operitur.
1129 4231 1268 4308 [Vet.
1291 4232 1388 4308 X.]
1411 4232 1807 4290 Praadicatores

190 4328 378 4381 autem
407 4324 585 4382 sancti
617 4331 826 4397 partem
846 4342 1001 4383 suam
1022 4330 1300 4398 reputant,
1324 4322 1371 4380 si
1402 4323 1552 4381 intus
1580 4324 1805 4399 quidem

195 4416 305 4490 ipsi
334 4412 402 4473 de
431 4417 703 4490 sapientia
730 4434 831 4475 sua
859 4416 1149 4492 gaudeant,
1190 4416 1329 4475 foris
1359 4423 1542 4475 autem
1573 4417 1711 4475 alios
1740 4417 1809 4475 ab

194 4520 384 4562 errore
431 4513 817 4578 compescant;
864 4521 1041 4581 neque
1078 4521 1111 4563 a
1156 4521 1214 4563 se
1256 4505 1392 4579 ipsis
1428 4506 1507 4563 ita
1535 4504 1811 4580 loquendo

1904 3323 2014 3380 viri
2043 3340 2170 3381 cum
2196 3338 2254 3380 se
2283 3338 2396 3378 non
2425 3318 2609 3377 audiri
2649 3318 3023 3389 considerant,
3068 3320 3153 3377 ori
3201 3338 3301 3378 suo
3332 3321 3514 3378 silen-

1906 3413 2046 3471 tium
2066 3411 2369 3480 ‘indicant;
2393 3410 2489 3468 sed
2504 3411 2826 3485 plerumque
2842 3410 2977 3467 dum
2997 3411 3348 3484 conspiciunt
3363 3411 3513 3487 quod

1909 3505 2230 3579 iniquorum
2247 3503 2495 3561 facinora
2511 3503 2646 3577 ipsis
2665 3502 2976 3560 tacentibus
2996 3512 3181 3559 etnon
3210 3503 3511 3577 corripien-

1911 3596 2061 3655 tibus
2089 3604 2365 3664 crescunt,
2400 3593 2516 3650 vim
2539 3594 2832 3668 quamdam
2853 3593 3083 3667 spiritus
3100 3593 3188 3651 sui
3218 3593 3514 3664 sustinent,

1912 3695 1974 3744 ut
1997 3686 2057 3742 in
2071 3685 2411 3743 locutionem
2432 3691 2633 3757 apertae
2647 3682 3012 3756 correptionis
3027 3691 3335 3756 erumpant.
3361 3681 3519 3739 Unde

1913 3774 2183 3851 propheta
2212 3773 2476 3831 Jeremias
2504 3790 2628 3831 cum
2661 3771 3069 3846 praedicationis
3096 3771 3203 3829 sibi
3233 3772 3518 3829 silentium

1916 3865 2229 3933 indixisset,
2253 3862 2444 3920 dicens
2469 3880 2480 3918 :
2505 3863 2628 3919 Non
2646 3862 2967 3918 recordabar
2984 3860 3114 3933 ejus,
3137 3880 3301 3935 neque
3329 3865 3523 3934 loquar

1914 3957 2063 4014 ultra
2080 3954 2137 4010 in
2156 3953 2366 4008 nomine
2388 3952 2573 4017 illius;
2602 3951 2755 4009 illico
2775 3950 3033 4023 adjunxit
3056 3969 3067 4008 :
3092 3953 3168 4007 Et
3183 3951 3360 4022 factus
3378 3957 3453 4006 est
3468 3952 3522 4006 in

1915 4045 2070 4102 corde
2089 4060 2199 4100 meo
2218 4041 2373 4114 quasi
2400 4041 2539 4114 ignis
2566 4046 2882 4109 exaestuans,
2914 4040 3227 4112 claususque
3244 4040 3304 4095 in
3322 4038 3525 4095 ossibus

1915 4135 2062 4205 meis,
2096 4139 2144 4189 et
2172 4131 2355 4203 deieci,
2378 4131 2522 4203 ferre
2549 4147 2658 4185 non
2686 4130 2947 4186 sustinens
2975 4148 2999 4197 ;
3035 4130 3221 4187 audivi
3252 4130 3391 4186 enim
3409 4147 3528 4185 cou-

1916 4224 2164 4284 tumelias
2183 4223 2473 4279 multorum
2492 4221 2637 4293 (Jer.
2668 4237 2767 4290 xx,
2788 4221 2843 4289 9,
2871 4220 2986 4293 10).
3010 4221 3114 4277 Pro
3134 4237 3198 4277 eo
3214 4220 3360 4277 enim
3381 4217 3529 4294 quod

1920 4334 1977 4375 se
2007 4314 2238 4372 minime
2262 4312 2445 4371 audiri
2472 4311 2785 4385 conspexit,
2817 4308 3103 4368 silentium
3132 4310 3399 4385 appetiit;
3430 4308 3527 4367 sed

1920 4425 2050 4469 cum
2079 4406 2386 4465 crescentia
2406 4404 2553 4462 mala
2570 4411 2840 4472 cerneret,
2873 4402 2932 4458 in
2961 4402 3153 4461 eodem
3174 4402 3396 4460 silentio
3413 4418 3527 4458 non

1920 4498 2245 4575 permansit.
2279 4496 2421 4567 Quia
2448 4495 2596 4553 enim
2626 4493 2763 4551 foris
2790 4495 2981 4565 tacuit,
3010 4510 3081 4551 ex
3109 4491 3274 4551 taedio
3294 4493 3529 4552 locutio-

194 4600 427 4666 exeunt,
476 4603 540 4653 ut
577 4595 839 4670 gaudium
888 4596 1091 4653 mentis
1140 4596 1199 4652 in
1244 4595 1558 4653 ostensione
1604 4602 1812 4669 ponant
1837 4604 1887 4665 D
1916 4597 2005 4655 nis
2035 4596 2186 4653 intus
2214 4593 2398 4666 ignem
2444 4589 2673 4664 pertulit
2700 4589 2769 4647 de
2796 4587 2913 4645 zelo
2941 4585 3251 4645 charitatis.
3296 4583 3533 4642 Inﬂam—

196 4683 421 4744 disertae
451 4684 769 4757 locutionis,
800 4684 897 4744 sed
925 4686 1136 4743 bonum
1156 4684 1401 4744 scientiae
1432 4684 1491 4741 in
1519 4684 1704 4743 cordis
1731 4702 1812 4743 se-

196 4782 353 4837 creto
382 4775 739 4849 meditantur,
771 4785 826 4835 et
856 4776 933 4834 ibi
956 4775 1194 4850 gaudent
1213 4775 1310 4833 ubi
1340 4775 1447 4835 hoc
1474 4774 1810 4850 percipiunt,

198 4881 314 4925 non
352 4866 451 4925 ubi
498 4869 645 4927 inter
688 4875 772 4926 tot
818 4868 1193 4926 tentationum
1222 4867 1445 4941 laqueos
1475 4866 1813 4924 innotescere

198 4961 632 5033 compelluntur,
664 4960 919 5036 quamvis
955 4974 1081 5018 cum
1125 4956 1335 5015 bonum
1362 4958 1510 5033 quod
1537 4957 1815 5031 accipiunt

200 5050 581 5123 innotescunt,
614 5050 793 5111 media
825 5048 1230 5109 interveniente
1260 5047 1550 5118 charitate,
1583 5065 1654 5106 ex
1681 5064 1814 5122 pro-

174 5142 354 5202 ’fectu
381 5142 751 5215 audientium,
784 5150 839 5201 et
866 5159 979 5201 non
1009 5157 1079 5205 ex
1108 5138 1332 5216 propria
1357 5138 1670 5198 ostensione
1699 5153 1815 5212 gra-

280 5373 773 5464 ‘nRecentioribus
1041 5371 1265 5464 placuit
1315 5370 1535 5464 addere,
1596 5370 1817 5461 silentii,

201 5454 598 5529 explicationis
617 5456 810 5533 gratia.
834 5454 1193 5533 {antiquiores
1220 5454 1453 5533 Excusi,
1475 5468 1612 5533 quos
1641 5454 1819 5532 sequi-

204 5523 355 5613 mur,
406 5534 597 5613 carent
621 5523 750 5585 'hoc
794 5523 1194 5595 additamenta,
1228 5532 1284 5583 et
1327 5525 1458 5583 Mss.
1492 5523 1822 5595 religiosius

203 5599 581 5745 mliaiiﬁigiu,
614 5670 835 5729 humani
874 5670 1101 5745 favgris.
1144 5670 1342 5745 Nostr_a
1360 5668 1565 5745 _lect_io_
1580 5674 1663 5725 est
1690 5665 1819 5745 Mss.

203 5738 478 5813 VindocJ
506 5738 794 5814 Norman.,
826 5738 931 5801 etc.
968 5742 1155 5800 Baluz.
1187 5749 1242 5800 et
1280 5741 1438 5801 Colb.
1477 5738 1683 5798 habent
1711 5738 1823 5795 hu-

202 5832 610 5957 “ﬁtfit...
658 5886 881 5957 Pratel.,
911 5886 1058 5947 Utic.
1107 5892 1162 5947 et
1208 5885 1327 5957 alii,
1357 5884 1610 5947 utilitatis
1638 5883 1825 5943 inten-

1923 4695 2147 4745 mantur
2174 4683 2379 4759 quippe
2425 4679 2595 4741 corda
2634 4678 2935 4753 justorum,
2981 4694 3107 4736 cum
3137 4692 3251 4733 non
3281 4683 3533 4748 correpta

1921 4791 2164 4835 crescere
2191 4772 2545 4846 conspiciunt
2563 4778 2686 4827 acta
2713 4768 3009 4837 malorum,
3031 4780 3336 4839 eorumque
3354 4765 3532 4847 culpae

1921 4883 1979 4926 se
2007 4864 2300 4941 participes
2329 4861 2562 4921 credunt
2592 4876 2729 4934 quos
2758 4859 2818 4915 in
2849 4858 3147 4932 iniquitate
3174 4869 3424 4915 crescere
3453 4854 3535 4911 si-

1922 4958 2086 5016 lende
2117 4956 2463 5031 permittunt.
2496 4951 2676 5011 David
2705 4948 2974 5025 propheta
2993 4958 3281 5022 postquam
3311 4945 3419 5002 sibi
3449 4944 3537 5002 si—

1921 5049 2157 5106 lentium
2188 5046 2489 5114 indixerat,
2512 5043 2703 5102 dicens
2739 5059 2751 5098 :
2787 5040 2953 5098 Posui
2972 5038 3057 5095 ori
3085 5055 3195 5094 meo
3216 5034 3532 5103 custodiam,

1923 5137 2051 5194 dum
2087 5134 2388 5192 consisteret
2427 5138 2672 5206 peccator
2715 5130 2999 5189 adversum
3043 5144 3123 5185 me
3152 5144 3174 5195 ;
3202 5123 3459 5194 obmutui,
3490 5130 3538 5181 et

1930 5369 2142 5447 tionem,
2164 5376 2227 5447 _et
2261 5365 2492 5447 fortasse
2519 5362 2741 5424 melius.
2800 5434 2812 5447 .
2916 5433 2953 5447 η

2000 5447 2022 5481 ⁴
2053 5428 2300 5503 Verbum
2340 5441 2586 5520 addicere
2631 5454 2732 5510 pro
2767 5433 3116 5520 simpliciter,
3166 5428 3534 5520 cundemnafe,

1928 5521 2570 5664 ausisausis
2582 5507 3543 5664 iussisseiussisse;

1931 5678 2096 5735 serm.
2146 5658 2213 5735 7b
2261 5652 2340 5714 ita
2359 5654 2624 5735 loquitur
2657 5670 2669 5709 :
2701 5652 2989 5735 Ad‘dicitur
3013 5667 3179 5735 mors,
3210 5668 3328 5734 qui:
3348 5652 3544 5735 'inmgs

1935 5718 2146 5790 tendens
2160 5728 2393 5788 incurrit
2415 5718 2735 5802 injustam,
2760 5725 2834 5802 Et
2850 5718 3172 5802 Ennodium
3193 5718 3289 5797 q'ui
3317 5721 3398 5802 sit;
3415 5718 3542 5802 _ipfit

1935 5805 2184 5868 dictione
2226 5802 2316 5873 22,
2355 5805 2416 5860 ut
2459 5790 2656 5858 Hostem
2700 5795 2912 5868 βαθέα,
2959 5790 3265 5856 εοοίοδ...ῖ..
3321 5790 3537 5859 addicit.
