3928 6376
456 352 562 410 263

1656 352 1908 411 SANCTI
1944 352 2283 412 GREGORII
2318 353 2547 413 MAGNI

457 474 769 532 humiliatus
793 489 930 542 sum,
959 479 1007 529 et
1033 474 1160 531 silui
1182 491 1220 531 a
1242 473 1391 532 bonis
1413 474 1594 548 (Psal.
1618 492 1862 548 xxxvm,
1885 477 1938 547 2,
1960 478 2044 551 3),
2074 487 2127 548 Α
2154 476 2344 535 videre
2388 493 2577 551 prava,
2626 492 2730 536 nec
2770 479 3081 552 corrigere;
3134 479 3209 536 ita
3253 478 3438 550 gravis
3482 442 3569 537 est
3610 478 3793 537 labor

457 562 515 618 in
545 562 665 635 ipso
694 579 796 619 suo
823 561 1069 632 silentio,
1100 563 1207 621 isto
1237 564 1356 620 zelo
1389 562 1676 622 cbaritatis
1703 567 1932 636 exarsit,
1956 567 2053 641 qui

456 652 608 709 illico
634 651 884 710 subdidit
915 670 928 710 :
961 654 1037 710 Et
1070 647 1227 711 dolor
1254 671 1398 710 meus
1425 661 1709 711 renovatus
1745 662 1839 726 est,
1869 674 2053 713 conca-

457 741 557 797 luit
580 758 673 797 cor
703 757 876 797 meum
903 740 1049 798 intra
1075 759 1174 811 me,
1205 750 1253 798 et
1291 744 1350 799 in
1374 747 1711 802 meditatione
1742 763 1856 802 mea
1883 763 2056 802 exar-

453 830 621 885 descet
637 829 774 902 ignis
792 829 986 901 (Ibid,
1014 828 1155 903 3,4).
1172 833 1328 890 Intus
1347 851 1475 907 ergo
1494 852 1590 892 cor
1609 835 1906 906 concaluit,
1922 837 2056 910 quia

455 917 769 978 dilectionis
796 918 960 975 ardor
986 935 1084 993 per
1110 920 1545 982 admonitionem
1576 925 1874 983 locutionis
1901 934 2048 982 exte-

453 1008 572 1064 rius
596 1023 849 1064 emanare
890 1010 1186 1068 recusavit.
1218 1011 1366 1084 Ignis
1396 1013 1454 1070 in
1483 1013 1844 1072 meditatione
1869 1015 2054 1073 cordis

454 1096 682 1166 exarsit,
707 1097 837 1170 quia
855 1097 1158 1172 increpatio
1177 1099 1622 1176 delinquentium
1648 1119 1683 1160 a
1706 1103 2055 1177 correptione

453 1188 567 1245 oris
597 1187 839 1246 refrixit.
873 1187 1172 1249 Charitatis
1199 1192 1347 1249 enim
1377 1193 1528 1252 zelus
1555 1194 1933 1253 consolatione
1961 1193 2054 1252 ad-

451 1275 696 1334 mirabili
738 1277 988 1350 augendo
1032 1295 1091 1337 se
1131 1289 1418 1354 temperat,
1459 1283 1680 1358 quando
1718 1292 1911 1342 contra
1951 1283 2054 1340 ini-

455 1381 690 1439 quorum
717 1381 881 1440 opera
908 1383 1005 1441 per
1029 1385 1223 1428 vocem
1251 1372 1620 1445 correptionis
1638 1382 1877 1443 emanat,
1910 1382 1973 1432 ut
1999 1382 2056 1432 et

455 1471 577 1528 qua
607 1456 878 1529 corrigere
905 1474 1019 1515 non
1058 1459 1222 1531 valet,
1265 1460 1547 1536 increpare
1576 1480 1688 1520 non
1717 1463 1953 1533 desinat,
1984 1479 2055 1521 ne

454 1560 513 1601 se
540 1545 864 1619 participem
892 1546 1335 1622 delinquentium
1364 1568 1435 1608 ex
1464 1569 1737 1612 consensu
1766 1552 2053 1613 taciturni—

450 1634 580 1691 tatis
595 1633 832 1693 addicat.

523 1718 664 1794 [Vet.
702 1721 831 1796 XL]
864 1723 952 1780 19.
984 1725 1259 1783 Nonnulla
1298 1728 1431 1784 vitia
1458 1729 1677 1785 virtutes
1704 1730 2050 1786 mentiuntur.

2161 570 2557 642 arrogantium,
2600 569 2648 626 si
2689 568 2838 642 quod
2878 568 3101 641 sapiunt
3140 584 3251 625 non
3281 569 3603 643 ostendunt.
3632 571 3787 630 Vim

2162 658 2364 731 quippe
2393 657 2727 716 intrinsecus
2756 667 3079 715 aestuantem
3109 657 3253 715 ferre
3296 659 3396 715 vix
3434 670 3696 732 possunt,
3732 662 3787 717 si

2163 764 2326 805 omne
2355 748 2501 822 quod
2522 748 2768 806 sentiunt
2790 748 2953 821 paulo
2972 747 3188 806 tardius
3208 748 3586 808 innotescunt.
3610 751 3791 809 Unde

2163 857 2381 899 necesse
2407 850 2491 898 est
2517 849 2581 899 ut
2607 857 2733 898 cum
2776 856 2862 896 res
2887 838 3033 896 bona
3059 839 3242 913 agitur
3270 840 3429 913 prius
3452 839 3575 913 ejus
3602 843 3791 902 elatio

2162 932 2223 990 in
2250 932 2415 990 corde
2443 931 2719 1000 vincatur,
2751 946 2822 987 ne
2850 929 2899 987 si
2927 946 2961 987 a
2988 928 3172 987 radice
3202 929 3419 988 miserm
3440 932 3791 991 intentionis

2162 1021 2408 1096 prodeat,
2438 1037 2654 1079 amaros
2678 1020 2942 1095 nequitiae
2967 1019 3180 1078 fructus
3208 1020 3495 1094 producat.

2234 1108 2376 1185 [νει.
2434 1111 2567 1177 ΧΠ,
2595 1111 2716 1169 Rec.
2758 1108 2876 1185 VL]
2908 1110 2997 1168 21.
3032 1109 3137 1178 Qui
3180 1111 3354 1167 adhuc
3394 1112 3546 1169 uitiis
3587 1112 3791 1184 subja‘

2161 1205 2294 1268 cent,
2323 1199 2462 1255 alios
2488 1216 2664 1272 regere
2689 1216 2797 1255 non
2818 1205 3168 1271 praesumant.
3197 1229 3271 1242 —
3288 1200 3357 1258 Ili
3384 1216 3514 1274 ergo
3541 1202 3645 1277 qui
3678 1202 3789 1261 ad-

2161 1287 2274 1347 huc
2315 1287 2582 1346 vitiorum
2623 1288 2772 1346 bello
2799 1287 3089 1362 subjacent
3115 1305 3463 1364 nequaquam
3493 1307 3590 1365 per
3619 1308 3790 1366 prm-

2160 1376 2458 1436 dicationis
2504 1395 2666 1436 usum
2709 1394 2938 1452 praeesse
2965 1377 3281 1452 magisterio
3308 1389 3632 1439 cancrorum
3665 1381 3793 1440 de-

2162 1465 2296 1525 bent
2327 1468 2490 1541 (Dist.
2523 1467 2613 1538 44,
2646 1485 2763 1542 cap.
2793 1468 2918 1528 Non
2947 1469 3146 1543 liceat).
3169 1469 3313 1530 Hinc
3331 1481 3413 1530 est
3426 1472 3575 1529 enim
3595 1473 3785 1548 quod,

2156 1557 2320 1632 juxta
2347 1556 2554 1616 divina:
2584 1555 3013 1632 dispensationis
3031 1575 3224 1617 vocem
3244 1559 3315 1618 ab
3333 1577 3478 1619 anno
3497 1561 3787 1636 vigesimo

2162 1666 2218 1714 et
2244 1657 2441 1731 quinto
2469 1657 2676 1716 Levites
2705 1657 3057 1717 tabernaculo
3084 1661 3356 1731 serviunt,
3387 1661 3484 1720 sed
3509 1679 3544 1721 a
3563 1662 3587 1698 ²
3608 1662 3785 1737 quin-

2163 1746 2480 1820 quagesimo
2518 1747 2773 1804 custodes
2812 1763 3069 1804 vasorum
3110 1747 3274 1807 ﬁunt.
3316 1749 3465 1820 Quid
3492 1750 3645 1807 enim
3679 1767 3787 1824 per

450 1837 522 1851 '-
551 1807 660 1908 8(ξά
688 1809 821 1883 quia
865 1826 1007 1912 ξωρθ
1049 1815 1326 1918 ξοιξηιιηδ
1370 1816 1509 1873 Vitia
1551 1817 1795 1918 κίΐῑαξθε
1825 1834 1891 1918 .39
2084 1855 2131 1918 Β
2162 1807 2369 1894 annum
2403 1837 2663 1911 quintum
2692 1853 2756 1896 ac
2785 1837 3140 1910 vigesimum,
3172 1839 3232 1896 in
3260 1856 3372 1915 quo
3391 1840 3492 1899 ﬂos
3505 1839 3784 1914 juventu-

452 1897 818 1970 mentiuntur,
841 1900 985 1958 sicut
1012 1901 1206 1959 eﬁ‘usio
1226 1919 1623 1980 nonnunquam
1651 1906 2050 1978 misericordia,

452 1994 508 2043 et
554 1987 767 2044 tenacia
813 2003 1208 2064 nonnunquam
1255 1993 1614 2065 parsimonia,
1663 2003 1718 2053 et
1759 1994 2054 2054 crudelitas

451 2075 751 2152 aliquando
765 2075 988 2150 justitia
1006 2080 1128 2137 vult
1146 2080 1346 2153 videri,
1371 2081 1448 2140 ita
1470 2083 1794 2159 plerumque
1813 2094 2052 2143 mentem

450 2164 521 2224 ad
551 2164 816 2241 loquendi
845 2167 1135 2242 impetum,
1165 2187 1322 2228 vanae
1351 2171 1539 2245 gloriae
1567 2173 1820 2232 anxietas
1847 2190 2053 2249 nequa-

451 2270 616 2328 quam
647 2273 706 2313 se
730 2257 877 2315 intra
903 2258 1187 2317 silentium
1237 2260 1478 2335 capiens,
1513 2263 1668 2337 quasi
1697 2264 1847 2321 zelus
1875 2263 2052 2322 chari-

449 2343 582 2402 tatis
611 2343 936 2418 inﬂammat,
986 2356 1149 2423 atque
1196 2350 1450 2424 appetita:
1497 2352 1828 2410 ostensionis
1871 2354 1958 2410 vis
1983 2354 2051 2411 ad

451 2432 867 2494 eﬂ'renationem
892 2436 1190 2497 locutionis
1206 2438 1464 2513 impellit,
1494 2450 1550 2499 et
1569 2442 1724 2517 quasi
1743 2442 1846 2501 sub
1867 2443 2052 2501 studio

449 2524 776 2582 consulendi
803 2525 982 2584 libido
1009 2528 1251 2602 erumpit
1277 2528 1596 2603 apparendi.
1631 2531 1751 2589 Non
1780 2533 1930 2589 enim
1959 2549 2051 2591 cu-

450 2620 538 2669 rat
566 2610 842 2686 loquendo
871 2613 1007 2689 quid
1053 2616 1248 2688 prosit,
1295 2616 1391 2676 sed
1437 2617 1572 2692 quid
1618 2629 1919 2693 appareat;
1951 2637 2054 2679 nec

449 2699 636 2758 studet
663 2710 726 2759 ut
766 2703 974 2760 malum
1017 2705 1166 2778 quod
1201 2705 1380 2764 cernit
1418 2708 1675 2782 corrigat,
1709 2709 1805 2766 sed
1841 2709 2049 2767 bonum

385 2843 402 2861 ,
450 2787 599 2864 quod
628 2790 796 2849 sentit
824 2792 1095 2852 ostendat.
1129 2795 1285 2854 Unde
1311 2794 1443 2854 Eliu
1472 2814 1692 2874 quoque
1713 2799 1915 2872 spiritu
1944 2801 2051 2858 ela-

447 2879 617 2937 tionis
645 2890 924 2952 extensus,
974 2892 1028 2942 et
1073 2899 1192 2943 sese
1242 2885 1389 2943 intra
1428 2887 1639 2945 silentii
1669 2888 1911 2947 claustra
1938 2905 2049 2946 non

444 2970 684 3042 capiens,
717 2971 796 3030 ait
827 2989 840 3029 :
872 2972 1074 3030 Plenus
1097 2992 1214 3032 sum
1252 2977 1602 3044 sermonibus,
1635 2984 1686 3034 et
1711 2984 1946 3037 coarctat
1974 2996 2052 3036 me

442 3059 665 3131 spiritus
692 3060 832 3118 uteri
858 3063 980 3122 mei.
1011 3065 1102 3121 En
1127 3070 1306 3122 uenter
1322 3082 1468 3122 meus
1495 3067 1651 3140 quasi
1676 3074 1907 3124 mustum
1933 3068 2050 3126 abs-

442 3163 540 3219 que
565 3151 856 3222 spiracula,
887 3152 1031 3222 quod
1059 3153 1370 3226 lagunculas
1395 3172 1560 3212 nouas
1599 3156 1905 3230 disrumpit.

513 3234 603 3294 20.
635 3238 906 3294 Elationis
933 3239 1160 3310 inﬂatio,
1191 3244 1364 3300 zelum
1389 3260 1456 3300 ea:
1473 3246 1658 3319 afflatu
1679 3247 1914 3318 Spiritus
1928 3263 2048 3303 san-

442 3324 512 3381 cti
538 3326 855 3397 quandoque
880 3327 1145 3388 imitatur.
1176 3358 1249 3375 --
1277 3329 1437 3400 Quod
1463 3332 1511 3390 si
1540 3333 1848 3408 intelligere
1889 3337 2046 3409 spiri-

443 3410 632 3470 taliter
659 3410 942 3486 debemus,
975 3415 1082 3476 hoc
1108 3418 1232 3478 loco
1276 3418 1540 3480 videlicet
1583 3431 1832 3481 ventrem
1862 3425 2046 3482 sinum

441 3498 627 3559 cordis
655 3504 914 3576 appellat.
946 3505 1010 3562 In
1030 3515 1214 3566 musto
1234 3525 1365 3567 vero
1391 3509 1566 3568 sancti
1596 3511 1834 3584 Spiritus
1862 3513 2049 3572 fervor

441 3591 731 3666 accipitur,
754 3594 823 3651 de
843 3611 952 3670 quo
973 3596 1031 3652 in
1051 3596 1357 3672 Evangelio
1374 3600 1648 3658 Dominus
1661 3601 1830 3660 dicit:
1856 3604 2047 3662 Vinum

436 3683 920 3741 nouummittuntin
929 3692 1074 3743 utres
1082 3688 1273 3761 novos(
1273 3687 1462 3749 Matth.
1478 3705 1560 3760 Ix,
1574 3689 1640 3747 17
1641 3691 1780 3764 ).Ex
1791 3708 1900 3766 quo
1911 3691 2043 3750 dum

438 3779 662 3843 repente
671 3773 1015 3847 replerentur
1023 3777 1700 3853 apostoli(Act.n,ls),dum
1715 3780 1921 3856 linguis
1931 3800 2046 3840 om-

447 3867 613 3928 nibus
629 3867 767 3926 741
789 3870 1164 3947 loquerentur,
1182 3891 1215 3932 a
1227 3875 1431 3935 Iudaeis
1446 3877 1838 3950 nescientibus,
1856 3879 1952 3938 sed
1965 3888 2042 3938 ta~

434 3974 562 4017 men
577 3977 708 4020 vera
721 3965 1126 4036 attestantibus,
1145 3965 1359 4026 dictum
1375 3977 1475 4026 est:
1495 3969 1569 4026 Hi
1581 3975 1752 4027 musto
1760 3971 1910 4043 pleni
1920 3976 2045 4028 sunt

437 4046 626 4122 (Ibid,
646 4051 761 4126 13).
783 4053 1129 4128 Lagunculas
1149 4073 1281 4115 vero
1297 4056 1546 4117 inﬁrmas
1567 4059 1686 4133 ipsa
1697 4057 2043 4124 humanitate

433 4138 820 4212 conscientias,
837 4144 925 4200 vel
946 4154 1092 4203 certe
1111 4145 1231 4205 haec
1246 4155 1462 4205 terrena
1477 4163 1774 4222 corporum
1796 4151 2038 4222 vascula,

361 4245 372 4259 δ
434 4243 547 4285 non
560 4228 1015 4290 inconvenienter
1029 4235 1352 4308 accipimus,
1375 4235 1444 4296 de
1463 4239 1671 4312 quibus
1690 4240 1896 4301 Paulus
1913 4259 2039 4317 apo-

431 4315 610 4374 stolus
636 4317 716 4375 ait
747 4335 760 4375 :
793 4318 1056 4377 Habemus
1100 4322 1403 4381 thesaurum
1448 4326 1607 4383 istum
1633 4328 1693 4384 in
1716 4331 1858 4387 vasis
1892 4315 2042 4404 ficti-

436 4404 575 4462 libus
605 4405 698 4480 (II
723 4406 848 4465 Cor.
884 4423 964 4479 Iv,
997 4409 1077 4484 7).
1107 4411 1240 4468 Elin
1279 4423 1483 4484 autem,
1514 4416 1664 4491 quia,
1695 4418 1841 4478 sicut
1869 4436 2042 4494 supe-

432 4495 554 4553 rius
611 4496 881 4570 diximus,
930 4499 1012 4558 sic
1058 4498 1345 4560 inﬂatione
1391 4504 1648 4565 elationis
1695 4510 2036 4583 extenditur,

2166 1925 2237 1981 tis
2277 1924 2551 1992 oboritur,
2582 1925 2690 1982 nisi
2733 1925 2853 1999 ipsa
2879 1936 3072 1986 contra
3098 1929 3535 2005 unumquodque
3564 1930 3783 1988 vitium

2163 2013 2311 2074 bella
2354 2016 2692 2088 signantur?
2735 2017 2809 2076 Et
2852 2018 2986 2092 quid
3016 2036 3112 2093 per
3135 2020 3682 2095 quinquagesimum,
3720 2023 3781 2080 in

2163 2120 2274 2179 quo
2302 2113 2358 2163 et
2376 2103 2594 2178 jubilaai
2623 2107 2840 2181 requies
2869 2108 3207 2180 continetur,
3239 2110 3349 2168 nisi
3372 2111 3784 2186 internan

2163 2193 2407 2252 edomito
2434 2193 2583 2253 bello
2628 2197 2830 2254 mentis
2876 2198 3257 2271 exprimitur?
3297 2199 3445 2268 Quid
3490 2219 3625 2259 vero
3677 2219 3783 2276 per

2162 2299 2292 2342 vasa
2336 2283 2699 2356 tabernaculi,
2742 2285 2851 2344 nisi
2892 2285 3141 2345 ﬁdelium
3183 2289 3382 2347 animae
3408 2289 3782 2365 ﬁgurantur?

2160 2375 2369 2434 Levita
2397 2393 2525 2450 ergo
2552 2376 2622 2434 ab
2649 2393 2796 2435 anno
2823 2378 3093 2450 vigesimo
3120 2388 3176 2437 et
3194 2381 3392 2455 quinto
3406 2382 3781 2442 tabernaculo

2161 2464 2432 2534 serviunt,
2455 2475 2508 2524 et
2526 2483 2560 2522 a
2578 2467 3032 2542 quinquagesimo
3047 2469 3301 2528 custodes
3320 2487 3578 2529 vasorum
3600 2472 3781 2544 ﬁunt,

2160 2563 2225 2612 ut
2244 2554 2503 2615 videlicet
2517 2558 2613 2631 qui
2641 2556 2824 2616 adhuc
2838 2558 3278 2632 impugnantium
3297 2561 3565 2620 vitiorum
3595 2573 3781 2622 certa-

2161 2644 2314 2702 mina
2340 2662 2438 2719 per
2463 2663 2791 2706 consensum
2821 2647 3209 2708 delectationis
3238 2650 3495 2722 tolerant,
3525 2653 3776 2711 aliorum

2159 2752 2349 2794 curam
2391 2723 2668 2810 suscipere
2709 2755 2822 2795 non
2854 2748 3224 2811 praesumant;
3257 2757 3385 2798 cum
3414 2758 3548 2800 vero
3577 2751 3781 2803 tenta—

2161 2827 2378 2884 tionum
2405 2826 2553 2886 bella
2579 2827 2914 2903 subegerint,
2937 2829 3084 2904 quod
3104 2830 3251 2904 apud
3269 2849 3328 2888 se
3341 2830 3456 2904 jam
3476 2833 3547 2891 de
3566 2835 3780 2896 intima

2160 2918 2562 2992 tranquillitate
2590 2919 2768 2978 securi
2798 2928 2949 2990 sunt,
2982 2920 3293 2978 animarum
3320 2924 3633 2982 custodiam
3652 2943 3776 2986 sor-

2159 3008 2388 3066 tiantur.
2439 3009 2545 3066 Sed
2575 3011 2699 3083 quis
2728 3009 2847 3068 haec
2874 3012 3244 3069 tentationum
3273 3013 3466 3086 praelia
3490 3015 3601 3073 sibi
3630 3034 3779 3091 per-

2159 3095 2301 3156 fecte
2327 3097 2564 3172 subigat,
2597 3116 2725 3156 cum
2753 3098 2957 3156 Paulus
2985 3098 3169 3158 dicat:
3211 3103 3367 3162 Video
3403 3105 3575 3163 aliam
3606 3108 3777 3181 legent

2078 3220 2124 3284 Ο
2156 3185 2215 3242 in
2242 3187 2489 3243 membris
2514 3188 2644 3284 meis
2669 3195 3049 3284 repugnantem
3077 3190 3178 3263 legi
3217 3193 3404 3284 mentis
3431 3210 3577 3262 mea,
3605 3202 3777 3284 etea-

2150 3275 2361 3348 ptiuum
2401 3292 2481 3332 me
2510 3276 2777 3333 ducentem
2804 3277 2862 3333 in
2909 3278 3013 3350 lege
3044 3280 3247 3351 peccati
3271 3281 3454 3353 (Rom.
3485 3298 3588 3352 vn,
3621 3281 3723 3357 23)
3747 3283 3776 3341 7

2157 3363 2263 3423 Sed
2292 3365 2447 3424 aliud
2473 3375 2555 3424 est
2580 3366 2727 3424 bella
2754 3367 2974 3426 fortiter
3000 3370 3232 3444 perpeti,
3255 3370 3409 3430 aliud
3426 3371 3590 3432 bellis
3608 3389 3775 3432 ener-

2157 3453 2302 3512 viter
2327 3456 2652 3530 expugnari.
2684 3457 2749 3514 In
2778 3457 2900 3516 istis
2929 3469 3218 3518 exercetur
3233 3461 3432 3532 virtus,
3462 3477 3535 3520 ne
3562 3465 3775 3522 extolli

2154 3543 2387 3615 debeat;
2420 3546 2480 3603 in
2509 3545 2624 3604 illis
2664 3548 2987 3607 omnimodo
3027 3551 3420 3625 exstinguitur,
3464 3569 3536 3610 ne
3562 3553 3777 3612 subsi-

2154 3643 2280 3694 stat.
2310 3635 2420 3706 Qui
2448 3637 2621 3712 igitur
2646 3637 2752 3697 scit
2779 3639 2999 3699 fortiter
3024 3643 3385 3702 tentationem
3414 3643 3561 3702 ferre
3588 3655 3772 3706 certa-

2153 3725 2342 3796 minis,
2374 3735 2428 3785 et
2455 3743 2583 3784 eum
2611 3729 2916 3788 tentatione
2934 3733 3254 3791 concutitur
3272 3735 3332 3791 in
3350 3735 3463 3794 alta
3478 3752 3604 3795 arce
3624 3753 3771 3810 pm-

2152 3811 2295 3870 sidet
2324 3814 2546 3888 quietis,
2571 3815 2702 3890 quia
2719 3817 2884 3874 etiam
2904 3817 3052 3892 apud
3068 3820 3423 3896 semetipsum
3451 3822 3557 3882 sub
3577 3824 3771 3898 seipso

2152 3918 2269 3960 esse
2310 3905 2693 3964 contentiones
2732 3907 3001 3966 vitiorum
3043 3913 3338 3987 conspicit,
3370 3915 3577 3990 quibus
3603 3916 3770 3976 nulla

2150 3992 2358 4053 fractus
2386 3993 2752 4056 delectatione
2781 4001 3075 4060 consentit.
3108 4001 3405 4079 Sequitur:

2745 4129 2974 4191 CAPUT
3012 4132 3140 4194 XII.

2221 4235 2393 4294 Vsus.
2425 4235 2516 4308 21,
2557 4235 2645 4296 22.
2679 4268 2745 4282 -
2774 4240 2896 4299 Non
2936 4241 3194 4317 accipiam
3226 4259 3515 4318 personam
3539 4248 3673 4320 viri,
3713 4252 3769 4308 et

2147 4325 2319 4383 Deum
2354 4328 2556 4385 homini
2589 4346 2697 4387 non
2719 4331 2954 4404 wquabo.
2984 4331 3169 4391 Nescio
3206 4335 3341 4392 enim
3370 4337 3614 4408 quandiu
3640 4340 3768 4396 sub-

2147 4414 2352 4486 sistam,
2383 4422 2433 4474 et
2457 4417 2507 4474 si
2527 4424 2650 4490 post
2676 4419 2939 4478 modicum
2965 4422 3122 4480 tollat
3143 4439 3226 4480 me
3247 4422 3424 4496 factor
3448 4444 3617 4488 meus.

2218 4505 2308 4565 22.
2349 4507 2478 4568 Vita:
2493 4511 2771 4582 presenti:
2809 4517 3008 4586 tempus
3035 4512 3186 4571 breue
3210 4522 3303 4586 est,
3336 4516 3465 4589 quia
3490 4535 3601 4575 non
3621 4536 3754 4593 per-

433 4584 574 4680 gas-si
622 4585 692 4643 ad
735 4586 1071 4663 loquendum
1118 4606 1216 4664 per
1253 4591 1539 4653 charitatis
1585 4597 1816 4670 gratiam
1845 4599 2039 4660 ardore
2063 4587 2115 4649 D
2145 4603 2339 4654 manet.
2371 4626 2444 4640 —
2488 4599 2656 4658 Recta
2695 4584 3084 4673 consideratio,
3130 4584 3295 4680 quod
3327 4584 3504 4664 ﬁcum
3533 4584 3757 4666 homini

429 4670 676 4746 Spiritus
704 4677 882 4736 sancti
907 4678 1258 4752 accendatur,
1281 4698 1474 4742 sensus
1492 4685 1578 4744 sui
1600 4687 1861 4760 spiritum
1893 4691 1951 4748 in
1973 4708 2038 4752 eo

432 4762 584 4839 quod
617 4767 635 4803 ¹
668 4767 861 4838 tacuit,
908 4769 1068 4844 quasi
1106 4781 1290 4830 musto
1334 4773 1542 4849 absque
1588 4777 1865 4851 spiraculo
1892 4797 2039 4840 eom-

427 4855 662 4928 paravit.
693 4857 768 4916 Et
793 4857 932 4917 bene
959 4860 1038 4918 ait
1069 4879 1082 4918 :
1118 4863 1270 4932 Quod
1286 4864 1598 4938 lagunculas
1623 4885 1790 4927 novas
1807 4871 2039 4930 disrum-

419 4944 505 5018 pit
534 4963 550 5017 ;
584 4947 718 5022 quia
745 4950 923 5008 sancti
971 4950 1212 5025 Spiritus
1256 4953 1443 5013 fervor
1485 4973 1598 5014 non
1628 4959 1806 5016 solum
1839 4962 2035 5033 veteri,

429 5033 526 5126 sed
555 5037 722 5096 etiam
753 5054 898 5098 nova
928 5036 1044 5099 vita
1063 5041 1161 5100 vix
1181 5042 1416 5116 capitur.
1437 5045 1680 5106 Mustum
1702 5063 1831 5124 ergo
1848 5051 2038 5126 lagun-

427 5124 582 5214 culas
607 5142 782 5188 novas
808 5128 1130 5206 disrumpit,
1168 5132 1300 5207 quia
1343 5133 1581 5194 fervoris
1625 5136 1746 5210 ejus
1791 5124 2038 5214 potentia

426 5213 593 5304 etiam
622 5217 896 5288 spiritalia
920 5218 1089 5279 corda
1114 5222 1474 5282 transcendit.
1505 5225 1747 5298 Loquar,
1777 5213 1826 5286 et
1853 5231 2037 5304 respi-

423 5301 559 5394 rabo
594 5307 880 5376 paululum
909 5327 932 5376 ;
962 5311 1205 5383 aperiam
1243 5313 1388 5371 labia
1431 5331 1568 5386 mea,
1616 5322 1668 5373 et
1696 5301 2034 5394 respondebo.

427 5389 575 5450 Bene
602 5393 683 5453 ait
714 5413 728 5454 :
759 5399 1072 5474 Respirabo,
1115 5403 1249 5479 quia
1289 5405 1439 5466 sicut
1467 5406 1625 5475 labor
1647 5389 1925 5485 justorum
1954 5423 2039 5477 est

499 5670 518 5751 ξ
550 5663 736 5751 ρειαί.
769 5680 824 5731 et
843 5666 1034 5751 _Co_l_b.,
1064 5672 1260 5751 docuit,
1289 5680 1583 5745 manifesto
1611 5699 1817 5746 errore.

423 5741 810 5833 ἶμξμΤιτιὈττη.
835 5743 994 5805 Colb.
1017 5741 1098 5807 'et
1129 5741 1349 5833 Νοτίῳ,
1961 5762 2038 5823 Et

421 5810 582 5886 infra,
599 5832 700 5889 per
715 5810 1250 5894 quinquagenarium.
1272 5810 1356 5886 Ita
1373 5810 1609 5904 desii?
1624 5810 1909 5906 iiiiiﬁi'ih'
1918 5810 2032 5896 'véii

2147 4684 2355 4746 idcirco
2399 4704 2512 4746 non
2559 4699 2756 4765 aequat,
2787 4691 2919 4766 quia
2946 4693 3194 4769 quandiu
3220 4694 3317 4753 hic
3343 4695 3628 4769 subsistat,
3662 4701 3754 4758 vel

2146 4775 2367 4849 quando
2413 4776 2484 4835 ad
2519 4778 2622 4836 Dei
2655 4777 2933 4852 judicium
2960 4782 3211 4854 tollatur,
3243 4783 3478 4859 ignorat.
3510 4786 3585 4844 Et
3611 4785 3756 4847 bene

2144 4865 2261 4924 ait:
2308 4871 2454 4930 742
2478 4869 2612 4928 Post
2632 4871 2897 4928 modicum
2926 4874 3079 4933 tollat
3119 4892 3197 4932 me
3223 4872 3401 4948 factor
3420 4895 3588 4948 meus,
3621 4881 3756 4954 quia

2146 4962 2453 5037 quamlibet
2480 4964 2706 5040 longum
2734 4966 2904 5028 fuerit
2931 4977 3148 5044 tempus
3188 4973 3318 5030 vitae
3347 4974 3656 5048 praesentis,
3688 4991 3754 5033 eo

2146 5053 2267 5127 ipso
2293 5055 2460 5116 breve
2488 5067 2591 5130 est,
2621 5076 2731 5134 quo
2758 5076 3085 5135 permanens
3114 5079 3226 5121 non
3255 5072 3358 5122 est.
3380 5065 3571 5139 Neque
3599 5065 3751 5122 enim

2150 5140 2380 5218 dignum
2412 5157 2494 5207 est
2511 5157 2574 5207 ut
2592 5149 2874 5208 diutinum
2888 5147 3191 5224 judicetur,
3213 5152 3489 5229 quidquid
3515 5153 3628 5212 ﬁne
3647 5154 3753 5214 cir-

2143 5235 2558 5296 cumscribitur.
2602 5238 2708 5297 Sed
2749 5240 2896 5299 inter
2923 5239 3024 5300 has
3050 5243 3348 5304 sententias
3377 5260 3512 5319 quas
3542 5260 3616 5303 ex
3644 5260 3753 5304 ve-

2144 5321 2310 5382 ritate
2365 5325 2570 5385 solidas
2615 5329 2846 5402 profert,
2891 5330 2960 5390 ad
3007 5333 3177 5395 verba
3215 5350 3436 5397 rursum
3493 5334 3753 5395 elationis

2145 5414 2407 5490 erumpit,
2439 5415 2668 5479 dicens:

2142 5682 2455 5778 Ed..Paris.
2487 5698 2542 5778 et
2569 5690 2762 5778 Basil.,
2795 5712 2858 5758 ac
2886 5690 3051 5772 paulo
3078 5700 3236 5770 post:
3268 5693 3342 5756 Et
3369 5717 3406 5760 a
3427 5698 3749 5778 quinquagr

2141 5764 2303 5820 nario
2329 5766 2585 5835 custodes,
2614 5764 2756 5829 etcf
2886 5764 2906 5772 ’
3078 5764 3098 5770 ’
3434 5764 3451 5774 ’
3567 5764 3587 5776 ’
3672 5764 3695 5838 ’ί
