3928 6398
127 297 235 353 265

563 417 790 474 CAPUT
819 416 950 475 XIII
982 417 1127 493 [Rec.
1172 421 1319 497 VII].

195 507 335 564 CAP.
367 522 578 576 χχχιιι,
610 507 782 564 Vsus.
816 508 1139 566 li.—Audi
1164 512 1355 583 igitur,
1384 512 1501 583 Job,
1534 515 1745 587 eloquia

124 615 263 663 mea,
313 603 363 652 et
400 614 578 652 omnes
622 614 884 653 sermones
912 615 1051 653 meos
1090 602 1358 659 ausculta.
1393 604 1527 658 Ecce
1554 604 1745 676 aperui

124 705 184 743 os
214 703 412 753 meum,
446 687 700 757 loquatur
730 686 912 758 lingua
940 706 1052 743 mea
1092 689 1150 743 in
1179 690 1424 760 faucibus
1452 693 1598 748 meis.

197 776 287 833 23.
337 777 568 847 Superbi
596 794 783 832 sanam
813 778 1109 833 doctrinam
1136 797 1243 835 non
1271 799 1398 837 sane
1420 782 1742 854 pradicant,

123 867 268 938 quod
314 867 652 923 insolescant.
685 898 753 909 —-
784 868 1080 924 Pensemus
1123 870 1190 926 de
1223 887 1329 943 qua
1356 872 1594 928 elatione
1624 871 1742 928 des-

124 956 336 1023 cendit,
384 956 534 1028 quod
581 956 802 1011 beatum
834 957 936 1013 Job
974 958 1166 1015 audire
1196 976 1252 1016 se
1282 961 1561 1031 admonet,
1595 964 1741 1035 quod

124 1063 186 1101 os
235 1046 523 1117 aperuisse
568 1061 625 1100 se
664 1045 937 1117 perhibet,
970 1048 1117 1120 quod
1149 1049 1393 1121 linguam
1423 1068 1579 1108 suam
1618 1053 1630 1086 '
1684 1053 1741 1108 in

124 1135 386 1193 faucibus
418 1136 573 1209 loqui
601 1136 897 1208 promittit.
941 1138 1057 1195 Hoc
1084 1138 1231 1194 enim
1262 1139 1429 1195 habet
1456 1140 1741 1213 proprium

123 1224 384 1281 doctrina
433 1224 809 1297 arrogantium
857 1225 1022 1297 (Dist.
1065 1226 1158 1296 46,
1186 1245 1302 1300 cap.
1334 1230 1445 1285 Hoc
1476 1230 1648 1303 habet)
1683 1239 1745 1288 ut

124 1311 425 1369 humiliter
482 1313 733 1369 nesciant
777 1312 981 1370 inferre
1027 1314 1175 1389 quod
1221 1315 1439 1385 docent,
1494 1325 1549 1373 et
1595 1325 1745 1374 recta

124 1420 251 1477 quae
281 1403 511 1476 sapiunt
540 1409 686 1460 recte
716 1402 1029 1459 ministrare
1057 1421 1166 1460 non
1199 1405 1429 1478 possint.
1462 1406 1524 1462 In
1553 1407 1740 1465 verbis

123 1491 276 1549 enim
329 1508 520 1549 eorum
568 1491 823 1565 proditur
864 1493 1011 1566 quod
1057 1510 1183 1551 cum
1231 1494 1449 1565 docent,
1482 1496 1637 1569 quasi
1684 1496 1742 1552 in

123 1582 370 1656 quodam
392 1580 505 1640 sibi
528 1582 792 1639 videntur
815 1582 836 1616 ³
856 1584 1191 1640 summitatis
1209 1584 1454 1642 culmine
1475 1585 1738 1656 residere,

122 1686 334 1745 eosque
368 1688 504 1745 quos
554 1671 756 1729 docent
793 1678 856 1728 ut
884 1672 1044 1745 longe
1073 1671 1219 1729 infra
1246 1689 1303 1731 se
1330 1675 1539 1747 positos
1567 1674 1742 1731 veluti

888 295 1260 355 MORALIUM
1300 298 1432 357 LIB.
1475 300 1681 357 XXIII.
1717 328 1786 342 —
1826 300 1896 357 IN
1935 302 2163 360 CAPUT
2201 304 2441 362 XXXIII
2479 307 2542 364 Β.
2583 307 2727 366 JOB.

3364 312 3469 369 266

1770 427 1822 488 Α
1853 425 2237 499 principaliter
2264 428 2285 463 ⁵
2335 427 2485 483 solus
2529 445 2597 484 ex
2636 438 2920 501 potestate
2947 431 3094 490 bona
3121 433 3338 493 locutus
3364 445 3467 500 est,

1860 515 1997 588 quia
2019 532 2088 571 ex
2120 515 2444 573 inﬁrmitate
2477 518 2623 573 mala
2652 520 2810 576 nulla
2835 521 3135 580 commisit.
3156 524 3244 580 Ex
3263 525 3467 584 divini-

1852 608 1989 665 tatis
2018 608 2221 682 quippe
2256 608 2506 682 potentia
2548 608 2748 667 habuit
2790 612 2848 667 id
2874 613 3022 686 quod
3051 616 3212 674 nobis
3240 635 3338 692 per
3365 620 3466 679 bu-

1854 699 2143 755 manitatis
2167 716 2279 755 sua:
2310 699 2690 756 innocentiam
2723 700 3081 759 ministravit.

1927 787 2066 862 [Vet.
2088 790 2238 855 XIV,
2259 790 2380 846 Rec.
2413 788 2595 863 VIII
2622 789 2710 846 25.
2749 790 2892 857 Quid
2914 792 3381 862 praedicatoribus,
3410 805 3470 853 ut

1853 879 2131 934 elationem
2186 878 2421 951 fugiant,
2480 881 2946 939 considerandum.
3000 912 3073 925 -
3127 884 3237 941 Nos
3294 886 3464 954 enim,

1853 966 1984 1039 quia
2012 966 2218 1021 inﬁrmi
2253 966 2507 1025 homines
2532 985 2743 1037 sumus,
2767 986 2893 1026 cum
2924 969 2992 1026 de
3010 972 3125 1027 Deo
3148 970 3470 1028 hominibus

1852 1056 2153 1127 loquimur,
2204 1056 2468 1113 debemus
2510 1058 2754 1131 primum
2787 1062 2808 1096 ⁶
2850 1060 3174 1117 meminisse
3203 1060 3351 1133 quod
3381 1078 3469 1117 su-

1852 1160 1997 1212 mus,
2041 1152 2107 1200 ut
2143 1160 2214 1201 ex
2261 1147 2487 1218 propria
2529 1147 2856 1206 inﬁrmitate
2896 1166 3190 1222 pensemus
3219 1167 3329 1224 quo
3374 1150 3467 1207 do-

1852 1232 2016 1290 cendi
2045 1233 2243 1290 ordine
2264 1235 2505 1293 inﬁrmis
2524 1236 2792 1295 fratribus
2809 1240 3183 1297 consulamus.
3207 1239 3468 1298 Conside-

1854 1337 2042 1380 remus
2092 1323 2263 1396 igitur
2311 1326 2442 1399 quia
2482 1334 2577 1383 aut
2631 1328 2767 1385 tales
2824 1345 3035 1397 sumus,
3082 1335 3227 1393 743
3280 1331 3468 1404 quales

1852 1420 2153 1477 nonnullos
2197 1424 2559 1496 corrigimus;
2591 1433 2689 1482 aut
2732 1427 2871 1484 tales
2897 1428 3196 1501 aliquando
3236 1429 3465 1500 fuimus,

1852 1509 1954 1565 etsi
1984 1507 2099 1580 jam
2130 1510 2325 1569 divina
2352 1514 2537 1585 gratia
2565 1521 2823 1588 operante
2848 1533 2961 1573 non
2990 1534 3199 1587 sumus,
3229 1525 3293 1575 ut
3311 1524 3467 1576 tanto

1854 1600 2259 1670 temperantius-
2278 1601 2481 1659 humili
2524 1604 2688 1661 corde
2715 1605 3076 1678 corrigamus,
3109 1614 3317 1680 quanto
3342 1623 3466 1664 nos-

1853 1689 2118 1762 metipsos
2161 1691 2358 1748 verius.
2398 1692 2455 1747 in
2502 1691 2590 1748 his
2636 1709 2774 1767 quos
2814 1695 3170 1752 emendamus
3204 1697 3466 1769 agnosci—

125 1762 183 1859 ίιξ
217 1760 338 1859 ίῐῐξο
367 1760 692 1859 τξερὶοξιιηξτ
717 1760 918 1834 quibus
946 1778 1057 1859 Πρη
1083 1762 1421 1859 consulendo
1450 1764 1625 1838 loqui,
1647 1764 1742 1822 88d
1775 1792 1824 1854 Β
1853 1760 2011 1834 mus:
2028 1779 2086 1836 Si
2118 1786 2302 1836 autem
2332 1780 2470 1837 tales
2498 1796 2601 1838 nec
2624 1760 2836 1851 sumus,
2868 1799 2971 1841 nec
3010 1760 3466 1859 fuimus,vquales

124 1851 225 1907 vix
257 1850 606 1908 dominando
635 1851 952 1925 dignantur.
975 1853 1140 1911 Recte
1165 1860 1343 1910 autem
1378 1853 1467 1911 his
1495 1871 1590 1927 per
1619 1872 1742 1928 pro-

122 1938 354 2013 phetam
400 1941 673 1998 Dominus
719 1941 887 1999 dicit:
947 1942 1051 2002 Vos
1083 1950 1260 1999 autem
1287 1961 1407 2000 cum
1435 1945 1744 2002 austeritate

124 2030 474 2103 imperabatis
521 2032 615 2098 eis,
644 2038 694 2087 et
734 2049 852 2087 cum
885 2032 1123 2103 potentia
1166 2033 1383 2106 (Επειδὴ.
1425 2050 1625 2104 xxxrv,
1658 2034 1738 2109 4).

125 2119 269 2179 Cum
298 2121 624 2178 austeritate
654 2120 801 2177 enim
832 2126 886 2178 et
906 2122 1152 2194 potentia
1180 2122 1471 2195 imperant,
1497 2123 1593 2197 qui
1614 2123 1740 2182 sub-

126 2209 276 2268 ditos
304 2226 436 2267 suos
464 2227 577 2267 non
608 2211 904 2284 tranquille
925 2211 1305 2268 ratiocinando
1326 2213 1619 2286 corrigere,
1643 2213 1739 2271 sed

126 2314 321 2375 aspere
354 2299 635 2358 inﬂectere
661 2298 1000 2357 dominando
1030 2300 1312 2358 festinant.

200 2406 346 2483 [Vet.
384 2408 575 2484 XIII.]
608 2406 695 2466 24.
737 2408 870 2469 Vera
897 2409 1141 2467 doctrina
1170 2411 1451 2468 elationem
1479 2410 1639 2483 fugit.
1669 2442 1740 2454 —

126 2500 203 2555 At
229 2505 429 2555 contra
456 2514 590 2555 vera
615 2499 870 2556 doctrina
907 2506 1062 2556 tanto
1092 2500 1475 2559 vehementius
1501 2501 1609 2559 hoc
1634 2502 1739 2558 ela-

128 2587 305 2644 tionis
333 2589 537 2645 vitium
575 2588 718 2662 fugit
745 2605 841 2661 per
868 2590 1276 2662 cogitationem,
1308 2598 1515 2665 quanto
1544 2592 1737 2649 arden-

129 2678 245 2735 tius
272 2677 573 2735 verborum
597 2695 822 2735 suorum
846 2678 1049 2751 jaculis
1078 2681 1257 2753 ipsum
1278 2681 1601 2754 magistrum
1632 2683 1739 2739 ela-

132 2769 308 2825 tionis
357 2768 690 2841 insequitur.
731 2768 900 2825 Cavet
926 2769 1072 2825 enim
1105 2786 1173 2827 ne
1201 2785 1326 2826 eum
1367 2771 1539 2843 magis
1581 2771 1740 2828 elatis

133 2856 390 2915 moribus
419 2857 701 2931 praedicet,
730 2871 891 2929 quem
918 2858 977 2913 in
1000 2858 1164 2915 corde
1191 2858 1539 2916 audientium
1569 2860 1740 2917 sacris

130 2947 487 3005 sermonibus
528 2947 847 3004 insectatur.
892 2946 1274 3004 Humilitatem
1315 2963 1571 3021 namque,
1617 2965 1739 3022 quae

131 3038 399 3111 magistra
415 3043 499 3094 est
518 3037 772 3093 omnium
789 3041 1070 3109 materque
1090 3036 1444 3106 virtutum,et
1464 3036 1739 3110 loquendo

128 3128 336 3198 dicere,
369 3134 425 3186 et
454 3124 697 3185 vivendo
728 3128 748 3163 ³
779 3132 1011 3185 conatur
1039 3126 1347 3197 ostendere,
1369 3134 1434 3185 ut
1452 3144 1571 3183 eam
1592 3126 1740 3200 apud
1769 3158 1814 3221 ο

125 3218 436 3295 discipulos
465 3216 717 3277 veritatis
744 3218 870 3291 plus
899 3219 1149 3276 moribus
1178 3235 1343 3292 quam
1390 3218 1741 3275 sermonibus

125 3310 440 3385 eloquatur.
464 3308 619 3367 Unde
640 3310 843 3367 Paulus
872 3307 1451 3365 Thessalonicensibus
1483 3309 1734 3382 loquens,

127 3400 285 3474 quasi
315 3396 579 3456 culminis
610 3397 819 3471 proprii
850 3397 1184 3470 apostolatus
1214 3397 1441 3467 oblitus,
1480 3396 1590 3455 ait:
1624 3399 1737 3454 Fa-

126 3493 198 3547 cti
237 3506 422 3548 sumus
456 3491 681 3563 parvuli
722 3490 778 3545 in
806 3490 976 3545 medio
1004 3494 1234 3544 vestrum
1265 3490 1319 3554 (Ι
1350 3490 1526 3547 Thess.
1560 3506 1623 3558 ιι,
1657 3490 1735 3560 7).

127 3579 285 3640 Unde
304 3583 502 3639 Petrus
521 3580 953 3654 apostolus,cum
976 3579 1183 3636 diceret
1206 3597 1217 3636 :
1240 3579 1436 3637 Parati
1452 3597 1656 3652 semper
1669 3581 1741 3637 ad

125 3672 551 3745 satisfactionem
594 3672 738 3727 omni
776 3671 1010 3744 poscenti
1038 3687 1129 3726 vos
1157 3670 1419 3727 rationem
1447 3671 1509 3727 de
1537 3688 1597 3727 ea
1625 3689 1741 3743 qua:

124 3762 187 3819 in
228 3763 381 3819 nobis
426 3767 505 3819 est
541 3778 629 3835 spe
678 3760 736 3833 (Ι
770 3761 883 3818 Pet.
932 3777 1015 3828 ιιι,
1051 3760 1165 3833 l5),
1198 3759 1257 3815 in
1304 3760 1423 3832 ipsa
1471 3759 1740 3818 doctrinae

126 3853 366 3910 scientia
384 3850 708 3925 qualitatem
739 3848 976 3908 docendi
1002 3850 1236 3906 asseruit
1253 3866 1372 3906 esse
1391 3849 1737 3920 servandam,

126 3943 403 4001 subdens:
454 3942 557 4000 Sed
597 3959 720 3997 cum
762 3940 1017 3997 modestia
1055 3945 1103 3995 et
1134 3940 1340 4007 timore,
1370 3940 1743 3997 conscientiam

128 4034 373 4089 habentes
401 4032 592 4088 bonam
618 4029 815 4102 (Ibid,
849 4029 962 4101 16).
1006 4029 1122 4087 Hoc
1167 4036 1350 4086 autem
1404 4028 1553 4103 quod
1580 4029 1742 4088 disci-

130 4122 266 4195 pulo
294 4120 501 4178 Paulus
530 4120 639 4177 ait:
671 4119 908 4191 P-rtecipe
936 4118 1062 4185 hinc,
1094 4124 1141 4174 et
1166 4118 1288 4175 doce
1321 4134 1439 4173 cum
1467 4120 1611 4174 omni
1638 4119 1741 4175 im-

126 4215 281 4288 perio
308 4212 370 4286 (1
396 4213 534 4297 Tim.
559 4229 637 4281 1v,
663 4212 763 4279 ll;
798 4211 901 4268 Tit.
926 4227 988 4279 ιι,
1015 4210 1141 4283 15);
1176 4226 1287 4267 non
1308 4206 1740 4268 dominationem

132 4304 345 4379 potenti
353 4294 521 4371 δεξειθά
536 4303 923 4360 auctoritatem
945 4300 1141 4357 suadet
1157 4301 1336 4358 vitaa.‘
1354 4300 1491 4359 Cum
1511 4302 1742 4374 imperio

130 4397 339 4470 quippe
386 4393 619 4453 docetur
665 4394 813 4468 quod
858 4392 1012 4465 prius
1058 4393 1239 4467 agitur
1284 4407 1449 4467 quam
1502 4394 1738 4452 dicatur.

131 4486 271 4544 Nam
302 4484 570 4584 doctrinae
606 4481 888 4541 subtrahit
915 4482 1199 4583 ﬁduciam,
1222 4482 1441 4556 quando
1460 4480 1743 4584 conscien-
1771 4524 1821 4584 D

132 4575 213 4632 tia
239 4572 513 4648 praepedit
540 4574 811 4647 linguam.
842 4573 964 4631 Non
997 4588 1123 4646 ergo
1152 4572 1203 4629 ei
1232 4580 1557 4645 potestatem
1587 4574 1743 4631 elatae

132 4665 457 4733 locutionis,
508 4663 605 4722 sed
649 4664 811 4721 home
847 4662 1107 4721 ﬁduciam
1150 4662 1459 4720 insinuavit
1483 4662 1736 4720 actionis.

134 4755 293 4813 Unde
320 4753 490 4810 etiam
520 4753 587 4810 de
616 4753 856 4811 Domino
884 4752 1149 4825 scriptum
1179 4760 1295 4811 est:
1328 4752 1471 4809 Erat
1493 4753 1626 4809 enim
1650 4752 1739 4808 do-

132 4862 273 4912 cens,
320 4844 458 4900 sicut
497 4850 806 4916 potestatem
849 4844 1065 4910 habens,
1111 4830 1220 4899 non
1263 4842 1397 4899 sicut
1445 4843 1641 4921 Scribre
1694 4848 1741 4898 et

133 4934 405 4993 Pharisaei
448 4935 668 5006 (Matth.
718 4952 821 5005 vn,
868 4933 984 5007 29).
1023 4933 1388 5007 Singulariter
1413 4948 1649 5007 namque
1676 4947 1740 4989 ac

208 5129 227 5168 ί
261 5125 448 5199 Colb.,
481 5126 718 5189 Vindoc.
750 5134 805 5187 et
830 5129 1044 5197 Norm.,
1077 5128 1135 5185 in
1162 5126 1405 5201 faucibus
1434 5126 1564 5185 suis.

205 5204 229 5239 ²
258 5196 443 5272 Editi,
478 5202 710 5259 culmine
758 5196 1118 5259 sublimitatis.
1162 5196 1472 5274 Sequimur
1528 5196 1737 5268 Baluz.,

137 5276 296 5334 Colb.
329 5281 385 5330 et
414 5274 606 5332 Norm.

206 5351 229 5384 ³
258 5347 477 5416 Norm.,
508 5346 697 5405 Baluz.
729 5350 785 5404 et
812 5344 995 5416 Colb.,
1038 5352 1320 5413 conantur,
1362 5349 1417 5401 et
1445 5343 1608 5413 infra,
1639 5344 1741 5399 elo-

488 5491 679 5549 Norm.
710 5498 768 5548 et
802 5490 919 5560 alii,
960 5505 1077 5547 cum
1104 5490 1250 5547 omni
1275 5490 1468 5562 quippe
1492 5488 1738 5560 imper-io.

205 5567 225 5600 ε
257 5565 424 5600 nant
482 5564 625 5600 ml...
678 5562 732 5600 in
762 5563 928 5600 Nm-m
1361 5586 1365 5590 ~

205 5567 225 5600 ⁵
255 5565 447 5633 Deest,
478 5564 645 5633 solus,
678 5563 735 5618 in
762 5563 954 5620 Norm.
1361 5586 1365 5590 λ

202 5635 502 5713 inndoc.
537 5643 593 5691 et
619 5635 759 5713 pler,
787 5634 1005 5713 No_r_m.,
1034 5652 1204 5692 nosse.
1274 5712 1279 5713 γ
1349 5704 1428 5713 ___
1484 5704 1522 5713 _
1592 5701 1603 5713 ι

201 5710 221 5745 τ
254 5710 341 5766 Ita
382 5707 597 5774 Baluz.,
621 5704 825 5775 Colb.,
866 5706 1056 5763 Norm.
1102 5714 1156 5762 et
1195 5712 1307 5762 vet.
1348 5704 1452 5761 Ed.
1483 5704 1744 5775 Paris.ret

136 5782 299 5840 Basil.
346 5778 466 5837 Alii
496 5778 725 5847 habent,
759 5774 935 5849 typho.
970 5777 1237 5835 Observat
1278 5783 1465 5834 noster
1493 5774 1741 5833 Mabillo-

424 5877 671 5932 Parnon.
704 5874 975 5951 LXXVI.’

1853 1867 2036 1926 adhuc
2064 1868 2151 1924 illi
2181 1876 2314 1925 sunt
2341 1884 2480 1943 quos
2519 1869 2812 1927 emendare
2839 1887 3117 1942 curamus,
3149 1889 3219 1930 ne
3248 1890 3345 1931 cor
3372 1892 3466 1933 no-

1852 1964 2030 2014 strum
2078 1957 2221 2013 forte
2261 1956 2562 2030 superbiat,
2595 1966 2649 2015 et
2689 1958 2757 2015 de
2799 1960 2922 2033 ipsa
2964 1960 3285 2020 innocentia
3311 1963 3469 2037 pejus

1851 2054 1996 2115 ruat,
2018 2063 2257 2120 quorum
2286 2047 2432 2105 mala
2460 2047 2811 2120 corrigimus,
2834 2050 2945 2107 alia
2972 2066 3163 2109 eorum
3191 2051 3337 2109 bona
3366 2070 3463 2110 no-

1849 2136 1937 2194 bis
1984 2144 2111 2194 ante
2153 2137 2345 2195 oculos
2391 2152 2734 2196 revocemus.
2780 2139 2913 2208 Quae
2954 2140 3001 2197 si
3051 2141 3279 2200 omnino
3312 2142 3469 2201 nulla

1849 2237 2000 2299 sunt,
2035 2229 2105 2287 ad
2133 2231 2353 2288 occulta
2387 2230 2487 2287 Dei
2511 2228 2728 2303 judicia
2755 2248 3126 2304 recurramus,
3161 2234 3292 2309 quia
3322 2235 3469 2295 sicut

1850 2335 1951 2376 nos
1979 2318 2197 2376 meritis
2224 2318 2399 2376 nullis
2428 2318 2535 2377 hoc
2563 2319 2745 2392 ipsum
2775 2320 2986 2379 bonum
3016 2322 3167 2396 quod
3196 2321 3468 2382 habemus

1848 2407 2182 2479 accepimus,
2229 2409 2311 2463 ita
2351 2408 2479 2464 illos
2526 2424 2745 2482 quoque
2786 2418 2969 2482 potest
3014 2412 3189 2484 gratia
3217 2429 3467 2486 supernae

1850 2498 2077 2555 virtutis
2114 2497 2428 2567 infundere,
2461 2505 2525 2554 ut
2570 2498 2799 2556 excitati
2839 2499 3121 2572 posterius
3147 2503 3316 2558 etiam
3346 2500 3466 2575 ipsa

1848 2587 2063 2661 possint
2107 2588 2251 2644 bona
2295 2604 2420 2661 quae
2466 2604 2567 2644 nos
2607 2596 2734 2645 ante
2776 2588 3092 2662 accepimus
3139 2591 3462 2664 praevenire.

1849 2675 1985 2744 Quis
2030 2676 2180 2733 enim
2227 2676 2478 2735 crederet
2507 2676 2655 2750 quod
2695 2693 2793 2750 per
2823 2680 3164 2751 apostolatus
3202 2680 3463 2737 meritum

1848 2768 2048 2824 Saulus
2077 2768 2390 2841 lapidatum
2418 2768 2760 2841 Stephanum
2791 2786 3162 2842 praecessurus
3181 2778 3300 2828 erat
3312 2772 3463 2843 (Act.

1847 2874 1950 2925 vn,
1981 2859 2099 2930 57),
2133 2858 2232 2930 qui
2259 2858 2319 2914 in
2361 2866 2539 2915 morte
2568 2857 2687 2929 ejus
2717 2859 3084 2931 lapidantium
3132 2863 3466 2919 vestimenta

1848 2946 2141 3004 servabat?
2171 2947 2271 3003 His
2297 2963 2425 3018 ergo
2454 2947 2697 3019 primum
2720 2948 3152 3020 cogitationibus
3176 2948 3465 3008 humiliari

1848 3051 1946 3095 cor
1988 3034 2173 3104 debet,
2208 3042 2263 3091 et
2290 3041 2427 3091 tunc
2466 3033 2690 3091 demum
2720 3034 3166 3110 delinquentium
3196 3039 3465 3112 iniquitas

1849 3124 2143 3198 increpari.
2175 3123 2281 3182 Sed
2310 3122 2480 3192 hunc,
2513 3131 2575 3180 ut
2604 3139 2745 3196 saepe
2772 3122 2986 3181 dictum
3016 3132 3118 3194 est,
3162 3126 3464 3184 locutionis

1850 3214 2078 3272 modum
2107 3214 2238 3271 Elin
2267 3213 2521 3288 ignorare
2549 3211 2879 3282 ostenditur,
2921 3214 3020 3287 qui
3074 3214 3135 3271 in
3182 3215 3462 3274 locutione

1850 3320 1947 3361 sua
1968 3303 2224 3360 elationis
2245 3305 2264 3339 ⁷
2300 3309 2433 3376 typo
2462 3302 2619 3376 quasi
2647 3302 2896 3374 potentia
2917 3302 3205 3375 cujusdam
3227 3306 3462 3362 auctori-

1850 3393 1980 3450 tatis
2009 3390 2254 3463 inﬂatur,
2286 3392 2504 3450 dicens:
2537 3388 2685 3448 Audi
2713 3390 2898 3463 igitur,
2925 3392 3046 3459 Job,
3081 3395 3295 3466 eloquia
3324 3412 3461 3461 mea,

1849 3490 1899 3540 et
1940 3501 2115 3540 omnes
2170 3500 2432 3539 sermones
2488 3499 2626 3538 meos
2679 3482 2943 3538 ausculta.
2988 3483 3122 3539 Ecce
3164 3486 3357 3557 aperui
3405 3502 3464 3542 os

1848 3591 2042 3641 meum,
2076 3574 2329 3644 loquatur
2361 3573 2543 3645 lingua
2573 3588 2686 3628 mea
2716 3572 2774 3627 in
2801 3570 3047 3643 faucibus
3075 3573 3222 3630 meis.

1922 3665 2008 3721 26.
2051 3664 2317 3722 Nonnulli
2364 3663 2674 3720 modestiam
2736 3664 2907 3720 solum
2963 3664 3238 3720 simulant.
3286 3694 3358 3707 —
3398 3664 3462 3723 In

1850 3754 2105 3813 faucibus
2136 3772 2267 3812 vero
2296 3754 2452 3828 loqui
2479 3761 2560 3811 est
2590 3754 2819 3811 silenter
2858 3753 3062 3824 dicere,
3092 3762 3147 3811 et
3185 3771 3296 3812 non
3335 3755 3461 3813 cla-

1850 3846 2103 3903 moribus
2146 3845 2461 3903 vociferari.
2512 3844 2728 3913 Quibus
2757 3844 2942 3902 verbis
2969 3853 3288 3918 arrogantes
3316 3845 3463 3902 intra

1850 3943 2095 3993 sanctam
2124 3935 2428 3993 Ecclesiam
2459 3935 2671 4005 positos
2698 3934 2896 4005 signat.
2939 3934 3009 3989 Hi
3038 3935 3189 3990 enim
3219 3933 3374 3989 velut
3401 3932 3459 3989 in

1850 4024 2110 4082 faucibus
2138 4023 2289 4097 loqui
2317 4022 2602 4091 dicuntur,
2635 4021 2857 4094 quando
2895 4037 3007 4077 non
3036 4028 3229 4078 contra
3269 4020 3458 4077 adver-

1851 4113 2023 4171 sarios
2068 4120 2227 4171 extra
2273 4112 2526 4168 viventes
2566 4111 2826 4178 clamant,
2867 4108 2962 4165 sed
3009 4108 3275 4181 quosdam
3314 4107 3460 4166 intra

1852 4205 2038 4263 sinum
2062 4210 2264 4261 sanctae
2282 4201 2543 4259 Ecclesiae
2564 4199 2719 4274 quasi
2744 4199 2960 4257 vicinos
2979 4216 3043 4256 ac
3069 4198 3233 4272 juxta
3252 4200 3460 4273 positos

1851 4295 2156 4367 increpant.
2204 4292 2355 4365 Saepe
2394 4308 2525 4347 vero
2552 4297 2870 4362 arrogantes
2898 4288 3144 4345 eamdem
3175 4303 3339 4362 quam
3367 4296 3461 4345 te-

1851 4390 1988 4440 nent
2027 4380 2400 4454 arrogantiam
2445 4397 2502 4436 se
2549 4379 2738 4452 fugere
2767 4377 3102 4445 ostendunt;
3134 4384 3189 4434 et
3217 4377 3351 4434 dum
3379 4378 3461 4435 sic

1851 4481 2047 4533 cuncta
2078 4480 2268 4545 agunt,
2300 4479 2362 4528 ut
2390 4471 2609 4528 nullum
2641 4470 2865 4536 lateant,
2890 4465 3007 4524 haec
3035 4466 3248 4540 private
3274 4467 3458 4540 singu-

1852 4566 1922 4623 lis
1951 4564 2109 4639 quasi
2138 4564 2158 4599 ⁸
2188 4564 2421 4619 latenter
2449 4567 2679 4618 narrant
2703 4577 2714 4615 :
2749 4565 3019 4632 quatenus
3042 4573 3154 4614 non
3183 4558 3362 4614 solum
3390 4558 3459 4615 de

1850 4673 2015 4715 sensu
2042 4654 2443 4729 intelligentiae,
2467 4652 2564 4711 sed
2586 4652 2653 4709 de
2683 4654 2802 4725 ipso
2831 4650 2977 4724 apud
3008 4649 3262 4707 homines
3291 4650 3458 4707 etiam

1849 4747 2177 4821 arrogantiae
2214 4752 2538 4817 contemptu
2581 4741 2903 4817 glorientur.
2953 4739 3109 4797 Unde
3138 4756 3290 4798 nunc
3317 4740 3460 4798 dici-

1848 4845 1981 4894 tur:
2033 4836 2309 4908 Loquatur
2353 4835 2536 4906 lingua
2580 4849 2697 4887 mea
2735 4830 2791 4885 in
2819 4829 3065 4900 faucibus
3094 4829 3241 4884 meis.
3286 4830 3367 4885 Ac
3410 4825 3457 4883 si

1847 4935 2033 5002 aperte
2064 4925 2308 4986 dicatur:
2353 4924 2487 4994 Quae
2511 4929 2706 4982 contra
2726 4928 2777 4978 te
2796 4918 3096 4993 prudenter
3113 4919 3309 4988 sentio,
3333 4931 3457 4975 ecce

1848 5121 1976 5181 nius
2014 5117 2083 5178 ad
2119 5118 2278 5195 epist.
2309 5115 2412 5177 247
2442 5115 2628 5195 sancti
2641 5109 2917 5195 Bernardi
2946 5125 3086 5183 saepe
3129 5108 3233 5181 legi
3276 5114 3457 5195 tgpum

1849 5213 1949 5269 pro
2002 5183 2177 5269 typho;
2227 5192 2286 5249 in
2322 5207 2468 5269 _mss.
2518 5187 2770 5269 _Cod_icib.
2822 5183 2884 5240 Id
2928 5198 3068 5269 saepe
3096 5183 3360 5269 loccurri‘t‘
3397 5183 3455 5238 in

1848 5254 2260 5347 exemplaribus
2312 5259 2678 5347 Gregqrianis‘
2715 5272 2884 5347 manu
2925 5254 3183 5347 exaratis.
3218 5254 3281 5347 In
3320 5254 3452 5327 Reg.

1849 5326 2031 5396 sancti
2050 5335 2402 5406 Benedictic.
2423 5326 2521 5406 3i,
2545 5329 2643 5385 ubi
2665 5329 2867 5406 legitur
2885 5326 3000 5406 sine
3020 5330 3140 5406 typo
3161 5326 3242 5406 vel
3262 5326 3415 5406 mora
3441 5343 3454 5406 ς

1851 5409 2203 5467 Hildemarus
2240 5404 2375 5477 legit
2414 5396 2526 5477 sine
2572 5396 2888 5477 tgpho,__hoc
2919 5403 3001 5452 est
3023 5396 3162 5477 sine
3190 5396 3337 5477 fastu
3363 5403 3460 5453 aut

1850 5480 2193 5553 arrogantia:
2214 5468 2393 5553 _Atig.,
2425 5475 2484 5530 in
2512 5468 2716 5553 pag—11v,
2747 5471 2781 5525 6
2800 5468 3060 5553 Linus-nis
3079 5468 3339 5553 hominem
3368 5485 3455 5525 su.

1846 5538 2274 5626 perbum,_typho
2302 5538 2873 5626 irrogantis‘simoth
2901 5538 3119 5626 de‘Civ.
3151 5539 3271 5626 Dei,
3304 5540 3342 5595 l.
3367 5556 3455 5626 ιιι,
3494 5546 3501 5551 ’

1850 5612 2187 5753 ῗὺῃὲἓιιιιὶῐῖξ
2233 5636 2396 5677 unam
2437 5612 2697 5688 fruentem
2748 5614 2876 5678 Deo,
2906 5612 3135 5667 alterum
3182 5617 3455 5666 tumentem

1873 5714 2252 5840 yamPlerique,
2284 5764 2513 5820 silenter.
