3928 6384
143 321 258 378 269

888 324 1264 382 MORALIUM
1303 326 1436 383 LIB.
1478 326 1684 386 XXIII.
1726 357 1794 371 --
1835 331 1906 389 IN
1943 331 2176 390 CAPUT
2216 334 2458 394 XXXIII
2497 338 2559 394 B.
2600 337 2744 396 JOB.

3376 345 3484 402 270

141 449 193 497 et
219 450 347 542 ante
362 443 594 542 gloriam
613 445 934 542 humiliatur
951 448 1138 520 (Prov.
1164 465 1281 519 xvr,
1316 450 1428 523 18).
1462 453 1723 526 Sequitur
1748 471 1760 511 :
1795 456 1846 516 Α
1874 455 2152 527 reliditur,
2176 474 2315 531 quos
2335 459 2473 517 foris
2494 469 2658 518 amat.
2684 463 2828 521 Vera
2845 473 3024 522 autem
3047 467 3277 524 scientia
3291 468 3482 542 afﬁcit,

217 533 395 592 Vens.
417 534 653 590 8-11.-
671 535 876 592 Dixisti
893 555 1014 609 ergo
1038 539 1055 592 i
1060 555 1090 594 η
1111 540 1336 596 auribus
1355 559 1505 608 meis,
1523 550 1570 599 et
1589 562 1761 601 vocem

142 623 431 678 uerborum
463 626 480 660 ¹
515 630 729 680 tuorum
757 627 963 683 audivi.

219 717 366 788 [Rea
401 715 499 790 X.]
535 718 714 790 Atque
742 719 988 774 eamdem
1023 736 1214 776 vocem
1240 721 1601 795 subjungens,
1635 727 1714 782 ait
1745 744 1757 782 :

141 807 380 864 Mundus
409 823 528 862 sum
554 824 664 878 ego,
686 813 735 862 et
749 808 944 879 absque
962 809 1148 866 delicto
1179 812 1568 882 immaculatus,
1591 823 1638 870 et
1657 834 1764 870 non

139 902 219 950 est
247 896 508 966 iniquitas
537 897 595 951 in
623 914 720 953 me.
757 899 895 965 Quia
925 902 1165 969 querelas
1195 903 1250 956 in
1281 920 1360 956 me
1401 906 1619 976 reperit,
1649 907 1764 962 ideo

139 985 446 1041 arbitratus
474 993 551 1041 est
577 1003 658 1041 me
687 987 957 1042 inimicum
985 990 1105 1048 sibi.
1138 993 1326 1048 Posuit
1356 994 1412 1047 in
1441 1011 1600 1050 uer-vo
1611 996 1765 1067 pedes

139 1093 306 1142 meos,
337 1077 624 1132 custodiuit
649 1094 826 1132 omnes
854 1078 1067 1134 semitas
1108 1098 1269 1138 meas.
1302 1083 1542 1157 Moxque
1575 1093 1766 1141 contra

142 1165 266 1222 haec
295 1165 464 1222 verba
494 1182 615 1240 quae
643 1165 864 1223 beatum
899 1166 1002 1224 Job
1030 1167 1240 1227 dixisse
1269 1172 1518 1230 narravit
1544 1181 1763 1230 senten-

141 1255 283 1311 tiam
313 1270 470 1311 suam
504 1255 808 1327 proferens,
839 1257 919 1313 ait
953 1275 965 1313 :

729 1405 958 1464 CAPUT
999 1408 1178 1467 XVII.

217 1511 392 1570 Vnus.
421 1513 506 1571 I2.
536 1515 736 1571 —Hoc
762 1522 837 1571 est
864 1533 986 1588 ergo
1016 1517 1073 1572 in
1094 1535 1197 1589 quo
1226 1535 1331 1574 non
1359 1538 1410 1576 es
1417 1519 1762 1594 justiﬁcatus.

217 1603 309 1661 30.
332 1605 552 1662 Student
571 1607 738 1677 magis
751 1608 1044 1679 increpare,
1060 1626 1222 1680 quam
1237 1613 1529 1670 consolari.
1549 1645 1620 1656 —-
1638 1614 1766 1671 Pro-

145 1694 298 1752 fecto
326 1695 516 1752 beatus
542 1695 646 1752 Job
675 1696 943 1754 veraciter
961 1697 1156 1756 dixera
1207 1701 1353 1774 quod
1373 1702 1577 1777 absque
1606 1704 1768 1776 culpa

145 1783 824 1885 fuerit‘ﬁagellzgus._Hoc
848 1786 1002 1885 enim
1035 1787 1152 1885 ipse
1183 1789 1251 1846 de
1279 1807 1356 1885 se,
1379 1791 1540 1885 quod
1567 1792 1636 1885 de
1666 1793 1764 1849 illo
1797 1823 1844 1885 Β

145 1874 212 1931 ad
236 1874 522 1932 diabolum
542 1877 814 1935 Dominus
832 1877 980 1934 dixit
1003 1897 1014 1936 :
1045 1880 1387 1937 Commovisti
1413 1900 1490 1938 me
1509 1884 1765 1940 adversus

144 1983 286 2035 eum,
319 1973 377 2020 ut
402 1967 684 2040 aﬂtigerem
705 1969 858 2024 illum
877 1968 1089 2040 frustra
1119 1971 1268 2041 (Job.
1304 1988 1367 2042 ιι,
1398 1972 1480 2044 3).
1513 1973 1618 2029 Sed
1637 1972 1768 2030 Elin

145 2070 258 2110 non
289 2054 546 2125 credidit,
571 2065 816 2114 cessante
839 2058 1021 2131 culpa,
1047 2061 1290 2132 potuisse
1319 2078 1445 2118 eum
1467 2061 1632 2119 etiam
1669 2079 1768 2134 pro

148 2143 324 2212 gratia
340 2142 624 2216 ﬂagellari.
656 2145 942 2202 Nesciebat
963 2147 1112 2204 enim
1134 2147 1366 2222 ﬂagellis
1384 2148 1506 2222 ejus
1543 2166 1654 2206 non
1677 2149 1768 2206 de-

149 2230 247 2287 leri
271 2233 498 2302 vitium,
531 2233 626 2290 sed
648 2235 904 2290 meritum
929 2236 1138 2308 augeri,
1171 2245 1225 2292 et
1252 2255 1351 2310 pro
1385 2255 1450 2295 eo
1479 2238 1627 2312 quod
1647 2239 1766 2296 sine

147 2319 352 2379 delicto
382 2339 441 2379 se
474 2323 692 2380 dixerat
711 2324 1077 2397 ﬂagellatum,
1102 2325 1206 2384 hac
1227 2344 1352 2384 eum
1379 2329 1654 2386 sententia
1684 2330 1764 2386 in-

146 2419 354 2484 crepat,
383 2411 573 2470 dicens
607 2433 618 2471 :
656 2416 765 2471 Hoc
783 2421 858 2470 est
876 2433 998 2488 ergo
1020 2415 1076 2471 in
1095 2433 1198 2487 quo
1228 2434 1334 2472 non
1352 2435 1403 2472 es
1413 2417 1762 2492 justiﬁcatus.

149 2498 368 2555 Habent
381 2500 530 2556 enim
549 2501 657 2559 hoc
667 2510 982 2575 arrogantes
998 2503 1304 2576 proprium,
1322 2511 1385 2560 ut
1402 2505 1526 2576 plus
1537 2522 1765 2578 arguere

147 2595 407 2660 appetant
435 2606 598 2662 quam
631 2591 938 2658 consolari;
971 2599 1025 2647 et
1044 2609 1274 2665 quaeque
1295 2591 1623 2650 hominibus
1639 2611 1763 2650 eve-

148 2678 269 2734 nire
296 2688 660 2752 cognoscunt,
683 2698 751 2737 ex
781 2681 912 2738 solis
933 2683 1179 2738 evenisse
1203 2682 1597 2756 iniquitatibus
1621 2685 1763 2740 arbi-

149 2775 382 2824 trentur.
397 2769 667 2827 Nesciunt
678 2769 879 2843 quippe
888 2769 1327 2842 occultajudicia
1339 2771 1763 2846 subtiliterquze-

148 2875 286 2925 rere,
305 2866 469 2931 atque
492 2859 550 2914 id
569 2859 718 2931 quod
738 2876 848 2915 non
867 2859 1187 2932 intelligunt
1202 2860 1492 2917 humiliter
1519 2879 1762 2934 perscru-

150 2949 275 3018 tari,
299 2949 430 3021 quia
450 2963 545 3005 eos
557 2965 698 3020 saepe
714 2965 745 3004 a
758 2949 982 3005 secretis
999 2949 1762 3023 investigationibusjudicio-

149 3054 271 3094 rum
326 3037 429 3094 Dei
487 3037 605 3110 ipsa
666 3037 912 3094 scientiae
967 3055 1079 3096 suae
1139 3039 1306 3096 elatio
1367 3038 1578 3114 dejicit,
1629 3041 1762 3100 dum

148 3129 386 3188 extollit.

214 3219 305 3276 31.
343 3218 686 3276 Obstaculum
731 3225 806 3275 est
850 3220 1090 3277 veritatis
1138 3229 1314 3278 tumor
1357 3223 1564 3278 mentis.
1616 3223 1760 3282 Veros
1795 3190 1840 3252 ϐ

147 3308 377 3363 scientia:
403 3309 627 3378 e/fectus.
659 3339 730 3350 —
758 3308 1117 3368 Obstaculum
1149 3328 1386 3386 namque
1406 3311 1655 3368 veritatis
1677 3320 1760 3369 est

147 3405 334 3454 tumor
363 3398 583 3467 mentis,
617 3399 748 3472 quia
777 3398 911 3456 dum
954 3399 1111 3458 inﬂat
1143 3401 1456 3458 obnubilat.
1487 3401 1594 3470 Qui
1627 3409 1681 3458 et
1709 3401 1756 3458 si

142 3487 366 3562 quando
393 3487 678 3544 scientiam
741 3488 1003 3546 videntur
1044 3491 1294 3564 adipisci,
1327 3490 1482 3564 quasi
1515 3490 1582 3546 de
1610 3507 1756 3564 qua—

143 3577 270 3634 dam
291 3595 476 3634 rerum
499 3579 722 3648 cortice,
756 3586 812 3636 et
841 3596 952 3636 non
972 3580 1039 3636 de
1059 3588 1282 3637 secretze
1313 3580 1629 3638 dulcedinis
1646 3598 1758 3638 me.

141 3666 296 3724 dulla
324 3675 662 3740 pascuntur;
698 3669 1140 3743 micantibusque
1160 3669 1398 3742 ingeniis
1427 3687 1568 3742 saepe
1599 3681 1754 3731 exte-

142 3756 291 3812 riora
318 3757 708 3814 tantummodo
724 3758 1025 3830 attingunt,
1057 3758 1152 3815 sed
1183 3758 1390 3814 interni
1421 3767 1644 3831 gustum
1668 3780 1754 3819 sa-

142 3845 292 3918 poris
337 3846 616 3919 ignorant,
649 3847 910 3904 videlicet
951 3847 1087 3904 foris
1117 3848 1285 3916 acuti,
1318 3847 1412 3904 sed
1441 3847 1596 3906 intus
1623 3853 1754 3910 caeci

142 3944 290 3992 sunt.
322 3937 510 4010 Neque
541 3937 599 3994 id
627 3939 695 3994 de
732 3939 846 3994 Deo
875 3939 1141 4007 sentiunt,
1166 3939 1314 4012 quod
1342 3939 1753 4001 dulceinterius

142 4027 339 4100 sapiat,
372 4025 467 4082 sed
497 4025 644 4099 quod
674 4042 968 4084 excussum
1015 4027 1260 4084 exterius
1289 4036 1466 4085 sonet.
1500 4029 1608 4098 Qui
1647 4033 1750 4088 etsi

141 4124 352 4173 secreta
380 4115 630 4190 quaedam
665 4117 1025 4189 intelligendo
1055 4117 1388 4191 percipiunt,
1420 4135 1610 4174 eorum
1633 4119 1752 4175 dul-

141 4205 396 4263 cedinem
425 4206 663 4279 experiri
694 4223 804 4263 non
841 4215 1072 4279 possunt
1107 4226 1120 4276 ;
1153 4215 1207 4265 et
1237 4208 1283 4264 si
1313 4216 1588 4265 noverunt
1619 4227 1752 4284 quo-

142 4304 309 4361 modo
323 4313 472 4374 sunt,
497 4305 771 4379 ignorant,
797 4314 859 4363 ut
878 4306 1019 4376 dixi,
1040 4303 1184 4362 746
1206 4309 1485 4381 quomodo
1531 4311 1752 4382 sapiunt

142 4391 284 4468 [Vet.
320 4393 530 4471 XVIIJ
579 4397 653 4452 Et
699 4396 761 4452 ﬁt
805 4397 1129 4470 plerumque
1172 4405 1235 4453 ut
1277 4397 1495 4455 fortiter
1541 4399 1748 4470 dicant,

141 4485 236 4543 sed
267 4494 450 4544 tamen
465 4487 631 4560 juxta
651 4505 713 4545 ea
731 4505 853 4562 quae
873 4488 1069 4546 dicunt
1088 4489 1276 4546 vivere
1304 4490 1571 4548 nesciant.
1599 4489 1752 4548 Unde

1870 562 1982 602 non
2031 546 2292 615 extollit;
2343 565 2445 606 nec
2475 549 2854 622 superbientes
2880 569 3020 628 quos
3046 558 3357 628 repleverit,
3388 558 3484 616 sed

1871 635 2241 694 lamentantes
2271 637 2422 695 facit.
2458 638 2579 706 Qua
2609 640 2841 714 quisque
2869 659 2996 699 cum
3027 646 3264 716 repletus
3293 648 3481 719 fuerit,

1873 723 2053 794 primo
2084 725 2205 781 loco
2252 742 2308 783 se
2350 726 2492 784 scire
2537 729 2780 800 appetit;
2831 738 2886 786 et
2929 729 3044 803 jam
3093 735 3179 790 sui
3209 739 3481 806 conscius,

1873 822 2028 876 tanto
2073 831 2168 886 per
2212 815 2364 871 illam
2401 816 2683 874 robustius
2711 819 2853 890 sapit
2881 827 3088 892 quanto
3115 838 3171 878 se
3201 823 3482 883 inﬁrmum

1875 905 1931 961 in
1955 905 2052 960 illa
2072 905 2258 962 verius
2281 907 2626 978 recognoscit
2648 925 2661 974 ;
2685 915 2849 981 atque
2869 911 3193 982 ampliorem
3217 913 3365 972 viam
3385 914 3484 972 hu-

1868 995 1961 1068 jus
1991 993 2233 1052 scientiae
2252 996 2367 1068 ipsa
2386 997 2437 1053 ei
2460 995 2746 1054 humilitas
2779 1001 2992 1071 aperit;
3031 1001 3274 1075 dumque
3317 1003 3486 1062 imbe-

1874 1083 2162 1140 cillitatem
2187 1100 2340 1140 suam
2361 1086 2651 1158 conspicit,
2676 1086 2795 1160 ipsa
2813 1089 2864 1145 ei
2886 1089 3130 1160 cognitio
3149 1099 3484 1150 secretorum

1874 1171 2200 1230 sublimium
2231 1172 2584 1232 absconditos
2613 1176 2768 1234 sinus
2799 1179 3011 1250 pandit,
3045 1197 3155 1254 qua
3171 1181 3486 1254 cognitione

1875 1277 2112 1332 pressus,
2139 1260 2399 1319 subtilior
2418 1263 2688 1334 redditur,
2715 1268 2735 1302 ³
2762 1283 2872 1339 quo
2893 1267 2960 1324 ad
2981 1270 3199 1327 occulta
3218 1271 3482 1343 rapiatur.

1873 1351 2007 1406 Eliu
2053 1367 2182 1424 ergo
2211 1352 2268 1407 in
2300 1351 2530 1425 ﬂagellis
2557 1353 2703 1412 beati
2733 1356 2836 1413 Job
2868 1357 3076 1415 idcirco
3106 1375 3356 1417 veracem
3385 1378 3486 1417 ra-

1874 1439 2083 1497 tionem
2131 1459 2244 1498 non
2293 1442 2528 1513 invenit,
2579 1446 2712 1518 quia
2754 1462 2873 1502 eam
2922 1463 3164 1520 quaerere
3196 1448 3486 1520 humiliter

1876 1531 2086 1598 nescit;
2119 1539 2173 1588 et
2202 1533 2485 1606 increpare
2515 1535 2699 1606 potius
2727 1552 2889 1609 quam
2923 1519 3194 1596 consolari
3215 1519 3476 1612 paratior,

1875 1617 2043 1677 dicit:
2077 1623 2187 1678 Hoc
2215 1630 2291 1678 est
2317 1641 2460 1695 ergo,
2489 1624 2547 1679 in
2573 1642 2678 1696 quo
2704 1643 2811 1682 non
2839 1643 2891 1683 es
2909 1626 3256 1701 justiﬁcatus.

1947 1709 2036 1766 32.
2083 1711 2306 1782 Superbi
2335 1729 2468 1782 sirpe
2494 1713 2634 1769 alios
2661 1714 3006 1786 increpando,
3036 1718 3382 1773 mentiuntur.
3413 1747 3484 1761 —

1874 1797 2190 1854 Notandum
2223 1815 2441 1872 quoque
2469 1807 2551 1856 est
2581 1801 2728 1873 quod
2754 1800 2948 1859 beatus
2975 1803 3077 1860 Job
3107 1805 3165 1860 in
3195 1822 3367 1862 nervo
3395 1824 3483 1880 pe-

1877 1885 2000 1944 dem
2022 1904 2182 1944 suum
2203 1889 2442 1960 positum
2465 1887 2632 1959 dixit,
2655 1890 2750 1948 sed
2768 1907 3113 1966 nequaquam
3135 1895 3404 1952 mundum
3427 1914 3485 1952 se

1878 1975 1985 2034 hoc
2013 1975 2198 2046 modo,
2229 1994 2338 2052 quo
2366 1979 2417 2034 ei
2447 1977 2731 2052 objicitur,
2764 1981 2970 2056 absque
2999 1991 3244 2056 peccato,
3266 1985 3353 2040 vel
3384 1985 3484 2042 im-

1877 2066 2236 2136 maculatum,
2293 2075 2349 2125 et
2402 2069 2520 2126 sine
2577 2069 2871 2143 iniquitate
2917 2071 3086 2130 fuisse
3131 2075 3481 2134 memoravit.

1876 2155 1982 2213 Sed
2028 2157 2179 2226 Eliu,
2229 2157 2360 2214 dum
2404 2175 2530 2216 cum
2574 2160 2892 2218 austeritate
2940 2162 3156 2220 studuit
3201 2164 3483 2238 increpare

1875 2261 1996 2318 quae
2026 2245 2177 2304 dicta
2195 2254 2345 2315 sunt,
2369 2249 2642 2305 mentiens
2667 2249 2884 2306 addidit
2902 2267 3022 2325 quae
3037 2251 3185 2309 dicta
3199 2269 3309 2310 non
3330 2261 3479 2310 sunt.

1875 2336 1980 2405 Qui
1999 2338 2145 2394 enim
2168 2355 2382 2411 semper
2398 2339 2680 2413 increpare
2700 2349 2982 2414 appetunt,
3006 2351 3061 2400 et
3089 2347 3373 2417 nunquam
3403 2345 3482 2400 fo-

1876 2443 2023 2495 vere,
2056 2429 2232 2485 multa
2251 2429 2572 2502 plerumque
2594 2431 2927 2503 increpando
2948 2433 3312 2488 mentiuntur.
3343 2434 3481 2490 Nam

1873 2524 1936 2572 ut
1955 2533 2179 2590 arguere
2200 2518 2359 2576 docte
2381 2517 2692 2588 videantur,
2715 2520 2933 2593 ﬁngunt
2947 2537 3342 2595 nonnunquam
3361 2540 3482 2596 quae

1875 2607 2234 2679 redarguant;
2268 2615 2322 2664 et
2350 2626 2474 2666 cum
2509 2609 2612 2681 ipsi
2643 2611 2848 2684 equino
2879 2628 3031 2668 more
3051 2612 3346 2670 incursum
3369 2629 3482 2668 sua:

1874 2697 2258 2754 ostentationis
2291 2698 2618 2767 inferveant,
2654 2700 2710 2755 in
2741 2699 3115 2771 subjectorum
3138 2701 3484 2759 invectioni-

1872 2784 1975 2841 bus
1990 2803 2060 2841 ex
2089 2787 2234 2843 ﬁctis
2249 2787 2356 2844 sibi
2380 2788 2772 2861 iniquitatibus
2791 2806 3045 2862 campum
3065 2799 3276 2862 parant.
3297 2791 3482 2847 Scien-

1871 2873 2002 2929 dum
2035 2883 2297 2946 praeterea
2325 2884 2426 2944 est,
2461 2878 2605 2934 sicut
2634 2885 2688 2933 et
2717 2879 2970 2951 superius
2995 2878 3117 2935 dixi
3150 2881 3336 2952 (Num.
3359 2881 3478 2953 31),

1872 2963 2020 3035 quod
2061 2972 2372 3036 arrogantes
2412 2964 2521 3020 viri
2563 2965 2768 3022 inﬂatis
2809 2967 3312 3026 suis‘sermonibus
3340 2985 3483 3042 saepe

1871 3051 2036 3109 fortia
2076 3052 2224 3110 dicta
2267 3055 2616 3127 permiscent,
2661 3071 2764 3111 nec
2803 3054 3154 3112 considerant
3181 3057 3481 3130 aliquando

1876 3143 1897 3177 ⁴
1919 3142 2055 3215 quid
2075 3143 2386 3212 vivant,sed
2408 3153 2639 3217 pensant
2657 3144 2899 3202 studiose
2916 3145 3049 3219 quid
3065 3144 3317 3204 doceant.
3335 3147 3480 3214 Quo-

1873 3249 1996 3288 rum
2043 3249 2191 3289 nunc
2215 3234 2345 3290 Eliu
2373 3235 2609 3306 speciem
2642 3243 2814 3305 tenet,
2845 3235 2942 3310 qui
2973 3252 3086 3292 non
3115 3243 3261 3294 recte
3290 3237 3480 3294 vivere

1869 3324 2100 3396 appetit,
2137 3323 2230 3380 sed
2267 3325 2482 3382 docere.
2533 3325 2674 3394 Quia
2715 3343 2843 3399 ergo
2882 3326 3061 3384 sciens
3097 3325 3192 3382 sed
3220 3344 3480 3401 arrogans

1870 3417 2136 3490 loquitur,
2158 3426 2436 3476 taceamus
2445 3417 2560 3492 jam
2581 3418 2717 3492 quid
2738 3419 3014 3476 tumidum
3031 3419 3196 3488 vivit,
3219 3428 3273 3476 et
3291 3419 3478 3476 audia-

1869 3524 1992 3564 mus
2035 3508 2169 3581 quid
2219 3509 2458 3566 solidum
2497 3508 2654 3566 dicit.
2703 3509 2836 3566 Post
2874 3517 2958 3566 tot
2998 3509 3182 3583 itaque
3220 3509 3478 3566 elationis

1868 3596 2053 3665 verba,
2068 3597 2290 3655 tandem
2305 3598 2590 3656 scientiam
2603 3615 2757 3655 suam
2771 3597 3058 3656 ostendere
3070 3596 3355 3666 inchoans,
3375 3598 3472 3654 ait:

2432 3748 2661 3808 CAPUT
2689 3749 2890 3807 XVIII.

1939 3855 2110 3914 Vnus.
2145 3857 2230 3915 12.
2277 3888 2347 3899 -
2375 3856 2708 3930 Respondebo
2740 3857 2832 3912 tibi
2860 3856 3002 3928 quod
3032 3855 3208 3927 major
3233 3855 3304 3912 sit
3329 3857 3474 3916 Deus

1865 3943 2093 4003 homine.

1936 4034 2023 4091 33.
2060 4037 2210 4104 Quod
2237 4055 2273 4092 a
2300 4036 2409 4092 Deo
2437 4034 2588 4091 nobis
2613 4035 2829 4092 meliore
2851 4036 3114 4106 patimur,
3127 4034 3335 4104 justum
3363 4050 3469 4089 cre-

1864 4125 2073 4182 damus.
2106 4157 2176 4167 —
2207 4127 2435 4184 Dicatur
2454 4126 2684 4182 fortasse
2705 4124 2772 4180 ab
2794 4125 2981 4198 aliquo
3007 4143 3019 4182 :
3050 4125 3184 4193 Quis
3213 4123 3360 4180 istud
3381 4125 3467 4180 vel

1863 4232 1989 4274 eum
2021 4231 2133 4271 non
2155 4215 2310 4271 audit
2339 4215 2600 4288 ignorat?
2629 4215 2734 4271 Sed
2753 4213 3019 4270 nimirum
3051 4213 3168 4271 haec
3199 4214 3467 4271 sententia

1863 4305 1994 4360 vilis
2023 4304 2286 4374 creditur,
2319 4306 2365 4362 si
2397 4323 2508 4360 non
2538 4322 2607 4361 ex
2641 4305 2757 4377 ipsa
2787 4305 3115 4360 intentionis
3145 4321 3256 4360 suae
3286 4303 3468 4362 radice

1863 4402 2139 4467 pensetur.
2175 4392 2315 4467 [νει.
2355 4393 2592 4468 XVIII.]
2627 4394 2927 4466 Flagellato
2970 4392 3229 4450 \idelicet
3278 4393 3468 4466 loque-

1861 4486 2044 4555 batur,
2079 4487 2176 4560 qui
2207 4494 2262 4543 et
2290 4485 2661 4559 percussionis
2691 4482 2919 4540 verbera
2937 4491 3238 4554 acceperat,
3262 4493 3316 4541 et
3343 4502 3466 4542 cau-

141 4577 280 4634 ben’e
311 4554 537 4651 quidam
559 4554 776 4652 sapiens
799 4579 947 4636 dixit
970 4597 982 4636 :
1005 4580 1142 4638 Mihi
1169 4585 1346 4635 autem
1373 4580 1458 4635 det
1481 4582 1623 4637 Deus
1644 4581 1751 4636 haec
1783 4554 1833 4614 D
1857 4594 1943 4634 sas
1972 4554 2263 4633 verberum
2290 4554 2588 4633 nesciebat.
2612 4574 2823 4632 Idcirco
2840 4592 2967 4646 ergo
2988 4575 3179 4631 intulit
3201 4593 3213 4631 :
3239 4577 3467 4648 Respon-

141 4669 313 4724 dicere
340 4686 406 4724 ea:
434 4670 686 4725 sententia
714 4672 876 4742 (Sap.
908 4687 1012 4738 vn,
1044 4671 1160 4742 15).
1189 4670 1472 4727 Sententia
1499 4671 1749 4745 quippea

139 4774 305 4814 sensu
326 4767 521 4816 vocata
549 4767 650 4815 est.
683 4761 758 4816 Et
776 4767 923 4816 recta
950 4777 1071 4834 quae
1092 4761 1370 4832 intelligit,
1404 4777 1516 4816 non
1547 4778 1614 4817 ex
1632 4763 1747 4818 sola

137 4847 390 4916 scientia,
423 4849 518 4904 sed
549 4849 715 4905 etiam
747 4865 815 4905 ex
856 4849 1130 4906 sententia
1171 4850 1352 4908 dicere
1395 4852 1622 4924 appetit,
1651 4851 1746 4924 qui

139 4952 487 5011 nequaquam
539 4938 928 4995 tantummodo
974 4938 1200 4996 sciendo
1239 4939 1441 5009 dicere,
1473 4941 1565 4997 sed
1613 4957 1748 4996 sen-

140 5029 332 5086 tiendo
360 5030 635 5088 desiderat
664 5031 906 5105 experiri
932 5031 1082 5106 quod
1110 5031 1266 5089 dicit.
1290 5031 1397 5090 Sed
1417 5049 1573 5089 mens
1600 5049 1746 5089 arro-

139 5120 392 5190 gantium
440 5121 718 5180 dictorum
764 5139 992 5180 suorum
1033 5139 1254 5180 sensum
1311 5141 1421 5181 non
1478 5133 1743 5198 penetrat,

138 5209 271 5282 quia
298 5209 367 5267 ab
397 5211 616 5270 interno
645 5221 826 5286 gustu,
859 5221 1008 5272 recto
1023 5212 1238 5286 judicio
1270 5213 1291 5248 ³
1322 5214 1379 5270 ἱη
1409 5230 1502 5271 eos
1531 5214 1746 5271 favores

212 5405 229 5439 ¹
264 5403 435 5477 Abest
465 5411 730 5477 tuoruma
757 5406 967 5477 Baluz.,
997 5407 1153 5465 Colb.
1187 5418 1241 5465 et
1271 5408 1414 5477 plur.

209 5477 234 5510 ²
265 5475 439 5550 Εόὶῐί,
458 5478 516 5532 in
530 5492 614 5534 eos
627 5476 840 5549 favores
856 5475 1138 5550 redigitur.
1159 5475 1592 5538 Praelucentibus
1613 5477 1739 5537 Mss.

137 5547 382 5618 Anglic,
415 5547 635 5618 Norm.,
664 5551 874 5618 Baluz.,
899 5547 1078 5619 Colb.,
1104 5561 1230 5620 etc.,
1255 5553 1592 5608 mutavimus
1609 5552 1743 5606 redi-

133 5620 286 5696 ,qitur
301 5620 359 5696 in
379 5622 634 5696 reliditur
651 5639 673 5686 ;
701 5635 772 5676 ex
787 5637 900 5694 quo
919 5623 1248 5696 exquisitior
1262 5640 1452 5696 sensus
1472 5624 1738 5696 sequitur.

135 5691 496 5765 Signiﬁcatur
520 5693 672 5765 enim
693 5691 1074 5765 arrogantium
1106 5704 1342 5751 mentem
1373 5695 1441 5751 ad
1473 5691 1743 5750 humanos

135 5762 352 5839 favores
382 5763 808 5839 quibus_inhiat
834 5762 1116 5839 tanquam
1147 5766 1214 5839 ad
1244 5768 1529 5839 scopulum
1563 5765 1738 5839 allidi.

206 5836 228 5869 ³
277 5833 544 5903 Vindoc.,
595 5834 804 5904 Baluz.,
847 5833 1004 5892 Colb.
1037 5845 1090 5892 et
1117 5838 1261 5908 plur.
1294 5833 1506 5906 Norm.,
1539 5839 1631 5908 qui
1671 5837 1744 5892 ad

1855 4666 1980 4722 debo
2021 4665 2114 4721 tibi
2159 4665 2300 4737 quod
2347 4665 2524 4736 major
2553 4665 2621 4720 sit
2646 4664 2787 4720 Deus
2815 4665 3040 4733 homine,
3073 4672 3135 4721 ut
3164 4664 3466 4738 ﬁagellatus

1854 4753 2024 4811 homo
2054 4754 2409 4812 considerans
2429 4755 2560 4827 quia
2591 4751 2687 4809 illo
2709 4751 2884 4825 major
2911 4762 2994 4810 est
3014 4755 3180 4822 Deus,
3211 4754 3267 4810 in
3302 4771 3465 4810 omne

1856 4847 2003 4920 quod
2033 4848 2241 4920 patitur
2268 4846 2386 4920 ejus
2409 4845 2624 4918 judicio
2654 4864 2710 4904 se
2741 4855 3051 4920 postponat,
3084 4849 3106 4882 ⁸
3138 4865 3248 4920 quo
3276 4865 3332 4905 se
3362 4847 3463 4902 mi-

1855 4951 2046 4993 norem
2079 4954 2193 4994 esse
2223 4953 2334 4993 non
2363 4937 2618 5005 dubitat;
2652 4944 2706 4993 et
2739 4936 2885 5008 quod
2916 4953 2948 4992 a
2976 4936 3203 4992 meliore
3233 4936 3458 5008 patitur,

1849 5025 2062 5098 justum
2084 5024 2291 5094 credat,
2314 5025 2479 5081 etiam
2499 5025 2546 5081 si
2578 5024 2822 5097 ejusdem
2839 5023 3070 5096 justitize
3090 5041 3280 5080 causas
3311 5025 3459 5094 igno-

1855 5122 1958 5171 rat.
1992 5114 2252 5188 Quisquis
2271 5114 2436 5169 etiam
2458 5131 2556 5186 pro
2579 5121 2800 5186 peccato
2821 5113 3147 5186 percutitur,
3175 5111 3280 5167 nisi
3311 5128 3459 5168 mur-

1856 5205 2127 5262 murando
2155 5205 2444 5273 renitatur,
2477 5221 2542 5260 eo
2573 5205 2690 5277 ipso
2713 5203 2827 5276 jam
2842 5202 3026 5274 justus
3055 5218 3171 5258 esse
3201 5205 3348 5265 747
3378 5203 3458 5258 in-
3517 5209 3529 5226 ’

1853 5407 2055 5464 occulta
2084 5407 2350 5478 capiatur,
2382 5403 2636 5478 obscuro,
2669 5420 2737 5461 ne
2765 5405 2968 5478 dicam,
2998 5405 3154 5462 nullo
3181 5422 3366 5464 sensu.

1925 5481 1947 5514 ‘
1978 5476 2198 5536 Recent.
2233 5478 2344 5545 ed.,
2376 5479 2505 5549 quid
2525 5476 2732 5546 juvent,
2763 5477 2910 5550 quod
2940 5493 3103 5533 sensu
3131 5486 3297 5534 caret.
3331 5479 3456 5536 Me—

1855 5550 1960 5606 lius
2003 5551 2062 5604 in
2090 5551 2217 5606 Mss.
2270 5551 2455 5620 Angl.,
2494 5550 2705 5617 Norm.,
2757 5549 3016 5616 Vindoc.,
3071 5550 3278 5616 Baluz.,
3323 5558 3452 5618 etc.,

1851 5622 2206 5703 quidvivant,
2239 5620 2358 5703 hoc.
2373 5628 2461 5703 est.
2485 5636 2602 5703 qua.
2615 5622 2826 5703 ratione
2857 5623 3381 5703 vita_m_componant
3400 5629 3454 5674 et

1853 5691 2183 5760 instituant;
2216 5691 2363 5766 quod
2391 5691 2553 5748 etiam
2589 5691 2793 5766 habent
2821 5700 2930 5766 vet.
2961 5693 3062 5748 Ed.

1921 5767 1943 5800 ⁵
1975 5767 2058 5822 Ita
2087 5764 2284 5822 melius
2313 5765 2439 5822 Mss.
2474 5779 2636 5836 quam
2669 5765 2753 5818 cui
2773 5781 2825 5819 se
2853 5765 3128 5830 minorem,
3162 5772 3223 5819 ut
3251 5764 3452 5834 legitur

1851 5835 1908 5890 in
1943 5837 2046 5892 Ed.
