3928 6378
509 322 606 379 271

1715 311 1964 370 SANCTI
2003 307 2341 368 GREGORII
2377 307 2604 366 MAGNI

3707 303 3813 360 272

505 446 688 514 cheat,
737 460 846 517 quo
887 443 1134 499 ferientis
1175 441 1448 513 justitiam
1499 454 1611 494 non
1651 445 1887 496 accusat.
1931 436 2108 494 Homo
2134 440 2185 498 A
2215 432 2417 506 gimur,
2451 432 2654 505 singuli
2687 430 2876 488 audire
2897 445 3014 485 eam
3036 431 3250 502 privata
3268 429 3648 486 consolatione
3677 443 3825 502 quai-

506 549 740 608 namque
770 532 874 589 sub
906 533 1018 588 Deo
1046 538 1128 586 est
1156 529 1432 597 conditus,
1463 535 1518 585 et
1544 526 1614 584 ad
1637 525 1972 584 conditionis
2005 542 2104 581 or-

505 621 690 677 dinem
709 621 870 689 redit,
893 619 1113 693 quando
1132 619 1237 686 sibi
1255 619 1565 690 aequitatem
1581 615 1788 688 judicis
1809 613 1916 682 sui,
1939 614 2102 669 etiam

505 725 668 783 quam
700 726 811 766 non
861 709 1140 780 intelligit,
1185 707 1487 779 anteponit.
1530 707 1675 761 Bene
1703 722 1830 776 ergo
1860 704 2100 760 dicitur:

503 800 836 870 Respondebo
867 800 961 854 tibi
989 799 1129 869 quod
1154 797 1332 866 major
1361 798 1429 852 sit
1456 797 1599 852 Deus
1628 796 1858 863 homine,
1890 801 1951 850 ut
1979 811 2104 851 con-

471 887 742 969 lsiderata
786 889 1028 960 potentia
1071 887 1351 953 creatoris,
1383 885 1663 942 deferveat
1690 892 1877 940 tumor
1905 884 2106 940 mentis

505 992 603 1048 per
612 979 931 1032 memoriam
948 976 1302 1033 conditionis.
1322 975 1475 1031 Unde
1486 974 1662 1031 David
1681 973 1965 1046 propheta,
1979 989 2104 1030 cum

505 1065 872 1136 percussionis
913 1065 1153 1137 pondere
1200 1065 1259 1119 in
1296 1081 1582 1120 excessum
1625 1063 1780 1120 vocis
1821 1077 2106 1132 erumpere

503 1161 810 1225 cogeretur,
832 1153 900 1208 ad
917 1153 1414 1210 considerationem
1438 1155 1452 1188 ¹
1471 1151 1810 1211 conditionis
1829 1168 1938 1205 sum
1955 1167 2012 1206 se
2026 1166 2106 1205 re-

505 1242 788 1314 colligens,
819 1243 896 1298 ait
920 1261 932 1298 :
969 1243 1236 1310 Obmutui,
1258 1249 1305 1298 et
1331 1259 1439 1298 non
1457 1241 1648 1314 aperui
1667 1258 1725 1296 os
1753 1256 1946 1304 meum,
1966 1255 2110 1308 quo-

502 1333 650 1388 niam
680 1340 733 1389 tu
761 1333 934 1404 fecisti
961 1351 1042 1389 me
1069 1335 1250 1404 (Psal.
1282 1351 1528 1404 xxxvm,
1559 1333 1640 1408 3).
1671 1331 1930 1388 Pensavit
1958 1329 2106 1386 enim

501 1421 841 1479 conditionis
854 1440 967 1478 suae
981 1423 1256 1492 ordinem,
1274 1431 1328 1479 et
1338 1421 1612 1496 justitiam
1629 1421 2005 1494 percussionis
2027 1421 2108 1476 in-

501 1511 674 1580 venit,
687 1511 817 1584 quia
827 1513 922 1585 qui
935 1512 1172 1585 benigne
1183 1529 1308 1570 eum
1322 1512 1417 1587 qui
1429 1529 1539 1568 non
1551 1519 1668 1569 erat
1687 1510 1956 1578 condidit,
1981 1525 2107 1565 eum

501 1599 745 1670 profecto
774 1601 870 1675 qui
899 1609 1014 1659 erat
1043 1618 1155 1660 non
1185 1603 1294 1660 nisi
1317 1602 1467 1675 juste
1491 1601 1777 1676 percussit.
1811 1600 2104 1674 Sequitur:

939 1713 1168 1770 CAPUT
1198 1713 1333 1770 x1x
1363 1713 1507 1786 [Rec.
1541 1713 1671 1786 XI].

2214 545 2478 587 reremus.
2513 530 2634 587 Non
2677 545 2802 602 ergo
2843 527 3113 585 Dominus
3153 525 3221 582 ad
3258 527 3448 583 omnia
3479 521 3627 582 748
3656 525 3833 582 verba

2215 619 2374 674 nobis
2403 618 2714 691 respondet,
2746 617 2876 690 quia
2903 618 3058 672 semel
3091 617 3353 686 loquetur,
3370 622 3419 671 et
3433 617 3660 671 secundo
3691 615 3831 686 {dip-

2214 726 2333 764 sum
2361 727 2467 764 non
2498 715 2686 779 repetet
2713 727 2733 773 ;
2763 708 2820 763 id
2861 716 2963 775 est,
2995 708 3052 762 in
3085 705 3174 761 his
3205 722 3325 778 quae
3359 721 3455 777 per
3482 707 3832 776 Scripturam

2215 815 2424 855 sacram
2455 798 2523 854 ad
2556 808 2736 870 patres
2765 806 2982 853 nostros
3013 796 3264 868 protulit,
3298 811 3399 850 nos
3419 794 3639 852 erudire
3670 811 3831 851 cura-

2215 889 2316 945 vit.
2353 890 2374 924 ³
2404 889 2604 944 Dicant
2635 888 2821 960 itaque
2851 896 3052 942 sancta:
3068 886 3329 942 Ecclesiae
3345 885 3620 954 doctores,
3640 884 3838 940 dicant

2216 977 2381 1033 etiam
2420 985 2754 1048 arrogantes,
2789 993 2914 1032 cum
2945 976 3001 1030 in
3041 991 3104 1030 ea
3127 974 3381 1030 laborare
3411 973 3683 1046 quosdam
3717 991 3836 1045 pu-

2216 1065 2600 1122 sillanimitate
2629 1065 2998 1137 conspiciunt,
3030 1064 3161 1136 quia
3189 1063 3350 1118 nobis
3379 1065 3525 1119 Deus
3553 1063 3622 1118 ad
3657 1064 3834 1119 verba

2217 1155 2406 1212 omnia
2432 1172 2543 1212 non
2575 1155 2888 1228 respondet,
2939 1153 3068 1227 quia
3114 1157 3266 1210 semel
3315 1157 3561 1224 loquetur
3589 1154 3758 1219 Deus,
3791 1159 3838 1207 et

2217 1245 2449 1316 idipsum
2477 1245 2699 1299 secundo
2729 1261 2834 1298 non
2863 1249 3055 1314 repetet
3083 1261 3103 1308 ;
3149 1243 3207 1299 id
3249 1253 3350 1312 est,
3395 1242 3837 1315 cogitationibus

2219 1335 2306 1390 vel
2323 1332 2724 1391 tentationibus
2743 1332 3088 1404 singulorum
3111 1348 3222 1388 non
3232 1329 3348 1403 jam
3365 1332 3568 1404 passim
3587 1347 3686 1403 per
3710 1348 3838 1404 pro-

2217 1421 2510 1495 phetarum
2541 1439 2724 1489 voces,
2768 1437 2884 1477 non
2925 1437 3022 1493 per
3053 1421 3299 1492 angelica
3329 1420 3510 1477 ofﬁcia
3537 1420 3835 1489 satisfacit,

2219 1510 2348 1583 quia
2377 1510 2435 1566 in
2464 1509 2750 1581 Scriptura
2780 1525 2932 1566 sacra
2951 1508 3223 1582 quidquid
3245 1517 3423 1581 potest
3451 1509 3689 1582 singulis
3711 1525 3838 1566 eve-

2219 1600 2340 1656 nire
2369 1599 2814 1672 com'prehendit,
2837 1606 3001 1671 atque
3027 1597 3086 1653 in
3115 1597 3213 1654 illa
3233 1613 3329 1670 per
3349 1599 3603 1672 exempla
3632 1615 3838 1671 praece-

2218 1687 2469 1746 dentium
2499 1689 2666 1745 etiam
2697 1689 2870 1744 vitam
2887 1687 3237 1761 sequentium
3256 1688 3556 1745 informare
3584 1690 3833 1746 curavit.

574 1799 746 1858 Vnus.
781 1798 974 1870 13,14.
995 1829 1066 1842 -
1087 1777 1494 1856 Αάυενεαεὶ-ιιτη
1521 1777 1808 1864 contendis,
1841 1799 1984 1872 quod
2005 1816 2101 1855 non

2289 1777 2377 1834 35.
2397 1777 2569 1848 Loqui
2583 1777 2682 1833 Dei
2697 1783 2772 1832 est
2794 1777 3016 1837 Verbum
3039 1777 3293 1848 genuisse.
3311 1807 3383 1818 —
3396 1777 3666 1845 Quamvis
3682 1777 3836 1852 quod

500 1888 574 1948 ad
617 1890 796 1946 omnia
841 1890 1000 1946 verba
1043 1891 1374 1962 responderit
1421 1891 1533 1947 tibi.
1584 1891 1606 1926 ³
1653 1891 1824 1948 Semel
1869 1891 2111 1962 loquetur

504 1982 665 2048 Deus,
695 1986 743 2036 et
770 1981 991 2036 secundo
1020 1981 1257 2054 idipsum
1283 1997 1391 2037 non
1417 1987 1631 2053 repetet.

573 2070 659 2128 34.
690 2072 756 2128 In
786 2071 1065 2142 Scriptura
1093 2087 1249 2126 sacra
1268 2071 1528 2142 quidquid
1547 2070 1680 2126 scire
1715 2087 1809 2126 nos
1838 2069 1998 2138 decet,
2019 2069 2110 2125 do-

503 2168 582 2218 cet
607 2163 770 2219 Deus.
804 2192 860 2204 —
901 2159 1109 2217 Aﬂlicti
1131 2160 1322 2217 ‘cordis
1339 2167 1423 2216 est
1451 2160 1735 2234 proprium
1766 2167 1828 2216 ut
1861 2159 1918 2215 in
1949 2175 2109 2216 omne

488 2251 649 2326 'quod
678 2253 904 2326 appetit,
950 2260 1006 2309 et
1048 2259 1231 2308 tamen
1274 2268 1458 2308 rerum
1486 2251 1737 2308 ordinem
1767 2250 2108 2308 contrarium

505 2343 692 2410 sentit,
725 2341 772 2397 si
804 2342 976 2413 possit
1006 2339 1148 2408 ﬁeri,
1180 2357 1278 2397 cur
1307 2341 1403 2410 ita,
1428 2342 1515 2396 vel
1547 2357 1656 2397 non
1680 2341 1757 2396 ita
1787 2340 1878 2408 sit,
1900 2339 2110 2396 divinis

499 2430 606 2488 sibi
639 2429 960 2503 responderi
990 2429 1220 2486 vocibus
1242 2431 1398 2498 velit,
1421 2437 1484 2486 ut
1515 2432 1688 2486 Deum
1708 2430 1776 2486 de
1805 2437 2003 2486 cuncta
2031 2445 2110 2484 re-

499 2537 627 2576 rum
660 2520 1038 2577 controversia
1070 2520 1338 2590 consulat,
1371 2526 1426 2576 et
1455 2519 1829 2593 responsionis
1867 2517 1985 2590 ejus
2024 2534 2110 2573 eo-

501 2612 653 2684 gnita
706 2613 918 2668 ratione
961 2610 1332 2683 conquiescat.
1383 2611 1517 2668 Elin
1562 2619 1745 2667 autem
1800 2609 2112 2683 praevidens

500 2699 649 2773 quod
675 2701 1006 2772 scripturam
1039 2714 1249 2754 sacram
1265 2699 1537 2756 Dominus
1553 2699 1838 2768 conderet,
1871 2704 1935 2754 ut
1963 2699 2021 2754 in
2050 2714 2114 2755 ea

499 2789 588 2844 vel
614 2789 852 2861 publicis
879 2789 968 2844 vel
999 2790 1232 2846 occultis
1251 2783 1580 2846 cunctorum
1605 2787 2005 2862 quaestionibus
2025 2803 2110 2843 re-

497 2879 810 2952 sponderet,
845 2879 925 2934 ait
948 2896 960 2934 :
994 2880 1262 2936 Adversus
1291 2897 1409 2936 eum
1436 2880 1725 2946 contendis,
1748 2878 1888 2950 quod
1904 2895 2010 2932 non
2037 2877 2112 2932 ad

496 2973 677 3027 omnia
702 2971 862 3027 verba
889 2971 1218 3043 responderit
1251 2971 1362 3028 tibi.
1399 2971 1566 3027 Semel
1597 2972 1840 3042 loquetur
1869 2969 2034 3034 Deus,
2063 2973 2111 3023 et

495 3061 716 3118 secundo
747 3062 979 3134 idipsum
1007 3079 1114 3118 non
1133 3068 1340 3136 repetet.
1361 3062 1442 3118 Ac
1468 3061 1515 3118 si
1548 3061 1796 3141 diceret:
1834 3063 1981 3118 Deus
2000 3060 2110 3116 sin-

495 3151 748 3224 gulorum
778 3149 1041 3208 cordibus
1082 3151 1314 3223 privatis
1359 3150 1590 3208 vocibus
1635 3166 1748 3206 non
1792 3148 2107 3222 respondet,
2140 3163 2183 3226 ο

495 3239 591 3296 sed
620 3241 729 3295 tale
768 3239 1052 3311 eloquium
1097 3240 1390 3306 construit,
1436 3257 1534 3312 per
1579 3239 1732 3312 quod
1779 3246 2107 3296 cunctorum

497 3327 898 3403 quaestionibus
947 3327 1264 3384 satisfaciat.
1311 3327 1452 3402 [νει.
1503 3328 1681 3402 XIX]
1721 3330 1785 3384 In
1823 3329 2109 3402 scripturae

497 3417 702 3493 quippe
731 3416 850 3490 ejus
879 3418 1099 3492 eloquio
1127 3435 1318 3475 causas
1347 3425 1563 3474 nostras
1605 3416 1811 3489 singuli
1853 3416 1900 3473 si
1930 3417 2108 3490 requi-

495 3506 690 3576 rimus,
723 3505 1062 3578 invenimus,
1085 3523 1186 3566 nec
1205 3525 1342 3581 opus
1369 3514 1532 3564 estut
1562 3507 1619 3564 in
1643 3521 1708 3564 eo
1729 3505 1877 3580 quod
1899 3505 2101 3578 specia-

495 3596 623 3652 liter
648 3596 878 3670 quisque
898 3597 1096 3653 tolerat
1122 3596 1438 3669 responderi
1467 3594 1574 3652 sibi
1604 3593 1805 3650 divina
1823 3609 1959 3652 voce
1987 3609 2105 3666 spe-

493 3685 710 3743 cialiter
736 3693 964 3758 quaerat.
995 3686 1077 3742 Ibi
1101 3687 1250 3742 enim
1279 3685 1441 3742 nobis
1470 3683 1736 3742 omnibus
1776 3684 1838 3740 in
1865 3700 1930 3740 eo
1958 3682 2103 3756 quod

492 3775 804 3846 specialiter
821 3775 1064 3848 patimur
1082 3775 1452 3832 communiter
1480 3771 1863 3848 respondetur,
1885 3770 1963 3828 ibi
1992 3771 2108 3828 vita

492 3864 918 3938 przecedentium
949 3865 1014 3922 ﬁt
1041 3865 1220 3922 forma
1248 3864 1617 3940 sequentium.
1652 3865 1726 3922 Ut
1753 3862 1903 3918 enim
1930 3877 2103 3916 unum

491 3970 522 4010 e
550 3953 806 4026 pluribus
834 3955 1200 4029 proferamus,
1231 3971 1356 4014 ecce
1385 3953 1517 4010 dum
1539 3954 1794 4028 passione
1815 3953 2003 4026 aliqua
2016 3951 2103 4007 vel

491 4045 744 4101 molestia
797 4046 980 4103 carnis
1028 4045 1319 4115 efficimur,
1371 4044 1514 4102 scire
1566 4043 1798 4101 fortasse
1856 4040 2102 4099 occultas

490 4144 680 4189 causas
735 4135 1006 4206 passionis
1053 4134 1298 4208 ejusdem
1355 4135 1445 4192 vel
1494 4135 1764 4191 molestiae
1823 4139 2100 4204 optamus,

491 4227 764 4294 quatenus
795 4223 856 4278 in
882 4239 948 4280 eo
975 4224 1122 4298 quod
1151 4225 1393 4296 patimur
1421 4240 1491 4280 ex
1522 4224 1640 4296 ipsa
1659 4239 1849 4280 rerum
1871 4221 2104 4279 scientia

491 4311 856 4367 consolemur.
905 4311 1010 4368 Sed
1039 4313 1170 4385 quia
1213 4311 1280 4368 de
1321 4310 1650 4384 specialibus
1697 4309 2104 4368 tentationibus

490 4401 694 4458 nostris
717 4416 1062 4474 nequaquam
1091 4399 1253 4456 nobis
1278 4400 1512 4472 singulis
1541 4400 1857 4473 specialiter
1876 4415 2100 4471 respon-

488 4489 668 4560 detur,
701 4490 770 4547 ad
800 4491 1138 4564 Scripturam
1158 4507 1367 4548 sacram
1397 4489 1759 4548 recurrimus.
1790 4489 1877 4546 Ibi
1907 4487 2101 4545 videli-

487 4587 574 4636 cet
595 4579 912 4638 invenimus
927 4580 1073 4654 quod
1093 4581 1295 4638 Paulus
1313 4580 1493 4639 carnis
1514 4579 1836 4636 infirmitate
1853 4583 2098 4634 tentatus

486 4669 734 4728 audivit:
779 4673 978 4745 Sufﬁcit
1005 4672 1099 4728 tibi
1124 4671 1303 4743 gratia
1331 4688 1465 4740 mea,
1493 4687 1621 4727 nam
1648 4669 1823 4726 virtus
1852 4669 1912 4724 in
1941 4668 2092 4740 inﬁr-

484 4760 664 4816 mitate
684 4761 963 4834 perﬁcitur
991 4759 1087 4834 (II
1107 4761 1233 4818 Cor.
1264 4775 1366 4829 χιι,
1389 4760 1458 4831 9).
1491 4757 1648 4827 Quod
1671 4756 1884 4814 idcirco
1920 4755 2005 4813 illi
2035 4757 2093 4813 in

484 4849 806 4908 infirmitate
834 4850 1055 4924 propria
1081 4848 1292 4907 dictum
1322 4856 1423 4916 est,
1456 4862 1526 4904 ne
1567 4846 1901 4920 singillatim
1932 4845 2095 4903 nobis

481 4937 740 4996 omnibus
767 4937 1064 4996 diceretur.
1097 4938 1159 4994 In
1191 4937 1472 5008 Scriptura
1514 4933 1684 5008 igitur
1714 4951 1874 4994 sacra
1903 4949 2093 4992 vocem

481 5029 600 5099 Dei,
631 5028 836 5090 afﬂicto
865 5029 1055 5098 Paulo,
1077 5027 1415 5096 audivimus,
1437 5042 1506 5084 ne
1535 5042 1662 5084 cum
1692 5024 1930 5084 fortasse
1959 5023 2096 5082 aﬂli-

556 5221 571 5257 ¹
603 5219 839 5281 Vindoc.
872 5233 926 5281 et
954 5219 1178 5289 Pratel.,
1208 5215 1521 5293 cognitionis
1548 5233 1678 5274 sure.

555 5293 576 5327 ³
605 5293 687 5366 Ita
713 5295 1001 5366 legendum
1023 5308 1094 5351 ex
1113 5288 1244 5350 Mss.
1267 5288 1484 5366 Anglic.
1505 5299 1558 5347 et
1577 5288 2084 5366 nostris._I_n_Edit.,

481 5361 1010 5436 semelloqu'itur.....
1039 5383 1145 5421 non
1173 5361 1382 5436 repetit:
1406 5363 1604 5436 Nostra
1632 5361 1795 5436 lectio
1815 5361 2086 5418 Hebraico

483 5435 660 5491 textui
690 5433 863 5507 magis
881 5437 1170 5492 concinere
1191 5433 1428 5503 videtur,
1452 5435 1510 5490 in
1531 5449 1640 5507 quo
1656 5433 1904 5507 futurum
1925 5447 2087 5507 usur-

482 5513 660 5578 patur,
683 5503 940 5578 iedabber.
962 5508 1218 5562 Attamen
1240 5503 1615 5578 Hieronymus
1629 5504 1983 5578 ve_rtit,semel
2007 5503 2084 5558 lo-

481 5573 683 5646 quitur.
708 5573 975 5649 Caeterum
986 5586 1237 5649 sanctum
1257 5573 1580 5649 Gregorium
1603 5576 1793 5649 legisse
1811 5578 2076 5649 loquetur,

481 5645 628 5718 patet
643 5662 713 5718 ex
734 5645 821 5700 his
840 5663 962 5718 quae
983 5647 1238 5718 leguntur
1257 5645 1420 5715 infra,
1443 5647 1597 5703 num.
1621 5645 1708 5718 35',
1733 5645 1876 5716 quod
1901 5651 2078 5700 autem

477 5717 587 5774 non
603 5717 1044 5790 aitlocutusiest,
1067 5717 1154 5771 sed
1174 5717 1445 5790 loquetur,
1474 5735 1582 5774 non
1606 5717 1844 5774 uidelicet
1872 5721 2074 5786 tempus

475 5789 825 5860 praeteritum,
851 5789 940 5844 sed
967 5787 1214 5857 futurum
1237 5787 1456 5860 ponens.

2218 1867 2298 1923 ait
2329 1884 2340 1924 :
2375 1868 2544 1924 Semel
2573 1869 2816 1939 loquetur
2842 1869 3006 1937 Deus,
3037 1873 3084 1922 et
3111 1867 3334 1923 secundo
3360 1868 3594 1940 idipsum
3615 1886 3728 1926 non
3753 1887 3837 1925 reo

2213 1963 2369 2030 petet,
2401 1957 2508 2015 hoc
2525 1959 2763 2031 i'ntelligi
2785 1958 3048 2015 subtilius
3076 1967 3272 2030 potest,
3291 1957 3440 2032 quod
3454 1959 3614 2016 Pater
3640 1959 3836 2032 unige-

2218 2048 2401 2105 nitum
2431 2047 2960 2106 consubstantialem
3004 2047 3115 2104 sibi
3158 2047 3364 2104 Filium
3409 2049 3619 2121 genuit.
3652 2049 3834 2122 Loqui

2218 2138 2368 2194 enim
2397 2139 2497 2195 Dei
2529 2148 2609 2196 est
2638 2138 2880 2196 Verbum
2932 2139 3200 2210 genuisse.
3246 2138 3425 2195 Semel
3453 2147 3639 2195 autem
3679 2139 3835 2213 loqui

2219 2229 2242 2263 ‘
2272 2229 2374 2284 Dei
2405 2237 2488 2284 est
2515 2227 2758 2286 Verbum
2788 2227 2942 2284 aliud
2971 2237 3167 2301 praeter
3194 2227 3544 2300 unigenitum
3580 2245 3697 2285 non
3737 2229 3833 2287 ha-

2218 2315 2365 2374 bere.
2413 2317 2570 2374 Unde
2613 2327 2666 2374 et
2707 2327 2829 2391 apte
2875 2317 3132 2374 subditur
3174 2333 3186 2372 :
3221 2319 3296 2373 Et
3335 2317 3561 2372 secundo
3597 2319 3834 2390 idipsum

2216 2425 2324 2462 non
2352 2413 2563 2479 repetet,
2595 2407 2726 2480 quia
2749 2407 3008 2464 videlicet
3036 2406 3142 2464 hoc
3160 2407 3339 2478 ipsum
3358 2407 3629 2477 Verbum,
3663 2407 3722 2465 id
3753 2419 3836 2466 est

2219 2498 2447 2566 Filium,
2480 2497 2704 2553 nonnisi
2720 2497 2945 2552 unicum
2965 2497 3174 2568 genuit.
3204 2497 3362 2564 Quod
3395 2506 3580 2553 autem
3599 2513 3712 2554 non
3732 2499 3831 2568 ait,

2219 2587 2449 2643 Locutus
2477 2594 2570 2656 est,
2593 2587 2688 2644 sed
2722 2588 2982 2658 loquetur,
3015 2603 3126 2643 non
3156 2587 3416 2644 videlicet
3443 2596 3663 2660 tempus
3692 2605 3832 2661 prae-

2220 2677 2467 2742 teritum,
2498 2678 2518 2714 δ
2551 2676 2646 2733 sed
2675 2677 2926 2734 futurum
2944 2693 3173 2749 ponens,
3207 2677 3378 2750 liquet
3406 2677 3672 2734 omnibus
3702 2679 3833 2751 quia

2219 2769 2332 2824 Deo
2361 2783 2464 2823 nec
2494 2768 2834 2839 praeteritum
2867 2776 3083 2839 tempus
3111 2767 3387 2838 congruit,
3419 2783 3522 2824 nec
3549 2767 3829 2826 futurum.

2219 2857 2394 2914 Tanto
2423 2873 2550 2930 ergo
2593 2858 2652 2914 in
2702 2874 2767 2914 eo
2801 2856 3089 2930 quodlibet
3131 2866 3347 2928 tempus
3376 2856 3606 2928 ponitur
3635 2857 3829 2928 libere,

2219 2955 2424 3019 quanto
2464 2947 2682 3002 nullum
2723 2963 2868 3002 vere.
2903 2946 3091 3018 Neque
3129 2945 3279 3001 enim
3327 2944 3616 3017 quodlibet
3658 2945 3832 3002 libere

2218 3036 2328 3093 dici
2353 3045 2583 3109 poterat,
2615 3037 2662 3092 si
2691 3037 2884 3094 saltem
2915 3052 3089 3091 unum
3119 3034 3338 3109 proprie
3368 3033 3665 3092 diceretur.
3698 3036 3832 3093 Inde

2218 3127 2406 3199 itaque
2435 3126 2548 3182 dici
2569 3127 2628 3181 in
2647 3127 2761 3182 Deo
2791 3133 3008 3196 tempus
3040 3126 3061 3161 θ
3091 3125 3349 3183 audacter
3368 3123 3649 3198 quoslibet
3677 3126 3829 3196 licet,

2216 3215 2363 3272 unde
2375 3216 2431 3270 in
2449 3231 2512 3271 eo
2532 3215 2643 3272 dici
2659 3214 2878 3286 proprie
2894 3213 3112 3270 nullum
3129 3215 3256 3272 licet
3278 3259 3290 3272 .
3310 3213 3558 3272 Verbum
3587 3231 3830 3291 namque

2217 3307 2377 3362 Pater
2403 3305 2520 3360 sine
2551 3296 2796 3376 tempore
2825 3304 3034 3376 genuit.

2289 3397 2376 3454 36.
2408 3398 2558 3453 Hanc
2583 3397 2973 3468 generationem
3002 3394 3198 3452 mirari
3233 3395 3494 3466 debemus,
3523 3411 3634 3452 non
3662 3413 3830 3455 scru-

2221 3487 2348 3544 tari.
2379 3517 2450 3528 —
2478 3487 2550 3543 Et
2579 3486 2704 3560 quis
2744 3485 2910 3558 digne
2947 3485 3053 3542 fari
3090 3494 3252 3559 queat
3290 3485 3443 3540 illam
3483 3485 3830 3544 ineffabilem

2219 3577 2586 3646 nativitatem,
2626 3576 2775 3651 quod
2818 3577 2885 3634 de
2931 3585 3136 3634 aeterno
3168 3585 3332 3634 natus
3361 3585 3444 3634 est
3490 3586 3827 3649 coaeternus,

2216 3667 2364 3740 quod
2391 3668 2636 3725 existens
2663 3677 2788 3726 ante
2817 3668 3016 3725 saecula
3032 3667 3222 3740 genuit
3249 3669 3537 3742 aequalem,
3572 3669 3726 3742 quod
3749 3673 3830 3744 gi-

2215 3767 2412 3831 gnente
2440 3767 2600 3816 natus
2629 3758 2902 3833 posterior
2941 3773 3053 3815 non
3101 3765 3183 3815 est
3211 3758 3240 3815 ‘l
3267 3759 3400 3827 Quae
3429 3758 3696 3817 videlicet
3725 3778 3829 3817 nos

2214 3849 2404 3905 mirari
2425 3865 2736 3922 possumus,
2761 3847 2857 3905 sed
2886 3847 3091 3905 intueri
3111 3847 3345 3905 minime
3372 3849 3641 3907 valemus.
3665 3851 3828 3909 Illius

2212 3945 2394 3994 autem
2425 3936 2740 3994 nativitatis
2769 3937 2884 3992 vim
2910 3935 3026 4008 jam
3049 3937 3238 3992 mirari
3259 3953 3437 4010 posse,
3469 3939 3827 4012 aliquatenus

2213 4027 2401 4084 videre
2432 4035 2534 4084 est.
2567 4025 2675 4083 Sed
2707 4025 2982 4099 quomodo
3012 4025 3266 4083 videmus
3295 4027 3440 4100 quod
3470 4043 3824 4102 nequaquam

2211 4115 2735 4190 comprehendimus
2752 4116 2780 4173 ?
2800 4117 2900 4172 Est
2915 4124 3098 4174 autem
3119 4115 3268 4190 quod
3285 4115 3352 4172 de
3380 4133 3488 4174 usu
3505 4119 3696 4183 carnis
3717 4129 3826 4177 trao

2210 4205 2341 4263 here
2369 4205 2437 4264 ad
2465 4221 2686 4263 sensum
2715 4205 2944 4278 spiritus
2971 4203 3253 4262 debemus.
3274 4206 3412 4262 Nam
3433 4206 3482 4263 si
3511 4206 3639 4281 quis
3669 4208 3731 4264 in
3746 4219 3824 4266 te-

2210 4297 2396 4354 nebris
2423 4296 2624 4354 clausis
2653 4295 2828 4352 oculis
2851 4294 3047 4367 jaceat,
3077 4304 3240 4370 atque
3258 4303 3385 4354 ante
3415 4311 3544 4353 eum
3565 4295 3822 4356 subitum

2209 4387 2448 4445 lucernae
2478 4387 2669 4442 lumen
2699 4393 2970 4457 erumpat,
3008 4383 3181 4442 clausi
3229 4383 3347 4457 ejus
3376 4386 3528 4442 oculi
3559 4386 3683 4460 ipso
3711 4387 3824 4444 ad-

2209 4484 2379 4533 ventu
2408 4475 2637 4530 luminis
2665 4473 2960 4544 feriuntur,
2991 4481 3055 4531 ut
3082 4481 3382 4546 patescant.
3407 4472 3522 4532 Cur
3539 4491 3674 4549 ergo
3709 4485 3821 4534 tnr-

2206 4565 2320 4623 bati
2351 4571 2500 4634 sunt,
2533 4565 2580 4621 si
2609 4563 2785 4622 clausi
2816 4562 2960 4619 nihil
2993 4561 3256 4620 viderunt
3286 4563 3315 4620 ‘l
3341 4565 3455 4624 Nec
3487 4573 3676 4622 tamen
3707 4567 3822 4624 ali-

2201 4656 2337 4731 quid
2367 4655 2674 4727 perfectum
2707 4653 2836 4722 fuit,
2886 4652 3034 4727 quod
3065 4653 3255 4710 videre
3283 4654 3460 4711 clausi
3490 4663 3819 4726 potuerunt.

2201 4749 2337 4804 Nam
2365 4747 2413 4803 si
2441 4743 2682 4818 perfecte
2724 4752 2905 4802 totum
2936 4743 3224 4813 vidissent,
3257 4760 3359 4802 cur
3386 4745 3566 4818 aperti
3595 4762 3824 4819 quaere-

2201 4845 2323 4893 rent
2351 4833 2498 4908 quod
2530 4833 2786 4890 viderent
2813 4833 2843 4890 ?
2874 4833 2966 4891 Sic
2993 4833 3198 4906 itaque,
3231 4832 3315 4892 sic
3343 4850 3556 4905 sumus,
3588 4851 3720 4892 cum
3753 4836 3822 4892 de

2203 4922 2749 4997 incomprehensibili
2765 4923 3058 4980 nativitate
3075 4921 3280 4980 intueri
3293 4922 3511 4997 aliquid
3524 4940 3816 4982 conamur.

2202 5017 2284 5073 Eo
2313 5015 2432 5089 ipso
2471 5013 2620 5071 enim
2651 5015 2671 5050 ⁷
2703 5029 2813 5088 quo
2841 5011 3080 5084 fulgoris
3108 5011 3476 5074 admiratione
3503 5016 3818 5088 percutitur

2273 5211 2294 5248 ³
2326 5209 2409 5268 Ita
2435 5225 2561 5266 cum
2591 5204 2771 5278 Colb.,
2817 5203 3048 5276 Turon.,
3098 5204 3312 5277 Norm.,
3364 5214 3494 5278 etc.,
3541 5215 3656 5267 vet.
3708 5203 3811 5267 Ed.

2197 5281 2370 5338 Paris.
2405 5283 2465 5337 In
2495 5280 2600 5336 Ed.
2630 5280 2776 5346 aliis,
2800 5280 3026 5336 Discant
3051 5279 3217 5350 igitur
3243 5280 3414 5334 sancti
3441 5281 3684 5336 doctores
3711 5284 3812 5338 Ec-

2195 5354 2384 5422 clesiae,
2413 5353 2619 5408 discant
2645 5359 2693 5407 et
2719 5357 3052 5422 arrogantes,
3083 5367 3200 5404 cum
3225 5350 3373 5407 intra
3392 5369 3507 5407 eam
3539 5353 3809 5410 laborare.

2269 5427 2291 5462 ⁴
2322 5421 2486 5482 Deest
2517 5423 2616 5480 Dei
2647 5423 2704 5478 in
2726 5421 2871 5479 Utic.
2901 5430 2954 5478 et
2982 5423 3118 5482 pler.
3151 5422 3340 5478 Norm.

2263 5497 2286 5532 ⁵
2317 5497 2378 5552 In
2409 5495 2538 5564 Ed.,
2566 5512 2661 5568 nec
2679 5494 2946 5568 futurum.
2960 5492 3461 5568 pontrariqsensu
3491 5495 3699 5568 legitur
3725 5495 3811 5552 sed

2189 5568 2248 5624 in
2277 5568 2406 5626 Mss.
2436 5563 2687 5638 Anglic,
2711 5566 2923 5638 Norm.,
2953 5563 3109 5622 Colb.
3143 5573 3197 5621 et
3211 5563 3357 5621 aliis.

2259 5642 2282 5676 ⁸
2312 5641 2375 5696 In
2405 5637 2607 5705 Editis,
2646 5637 2943 5693 audaciter.

2257 5713 2279 5747 τ
2309 5710 2438 5766 Mss.
2470 5703 2658 5765 Norm.
2691 5717 2745 5764 et
2773 5706 3052 5775 nonnulli,
3083 5704 3224 5778 quod
3245 5703 3459 5778 fulgore
3487 5704 3809 5768 admiratio-

2182 5782 2334 5841 nis...
2367 5780 2510 5854 quod
2546 5779 2722 5836 videre
2750 5795 2855 5836 non
2887 5780 3044 5836 valet.
