3928 6382
153 396 264 454 273

887 403 1260 463 MORALIUM
1301 406 1435 465 LIB.
1477 406 1681 467 XXIII.
1722 439 1793 453 -—
1833 410 1905 469 IN
1939 410 2172 470 CAPUT
2210 412 2452 473 XXXIII
2490 416 2553 474 Β.
2593 418 2737 476 JOB.

3382 423 3494 482 274

156 544 404 638 animus,
437 551 493 638 et
520 543 678 638 quasi
708 544 862 638 videt
890 546 1047 638 quod;
1068 548 1244 605 videri
1275 566 1386 607 non
1417 553 1581 621 valet,
1617 555 1772 612 velut
1801 537 1851 597 Α
1880 554 1955 611 cii
1988 556 2315 617 necessitate
2345 567 2641 632 coguntur,
2675 560 2921 619 studiose
2951 581 3163 638 semper
3195 566 3263 625 ad
3306 569 3491 628 cordis

155 634 219 689 in
249 631 499 689 tenebris
529 632 761 705 positus,
793 633 907 690 vim
942 636 1080 696 lucis
1109 639 1288 697 oculis
1316 641 1519 699 clausis
1553 644 1570 679 ³
1595 643 1768 704 videt.

156 721 302 791 Quia
330 737 465 777 vero
495 726 642 785 749
672 721 791 780 haec
819 721 1025 781 divinae
1056 735 1266 785 natura;
1297 738 1507 788 secreta
1535 732 1768 789 admira-

156 819 238 875 tio
268 837 383 876 non
412 820 576 881 facile
606 821 888 893 occupatis
919 840 1013 895 per
1034 833 1251 883 terrena
1268 827 1545 885 desideria
1572 828 1767 885 menti-

152 908 263 966 bus
306 909 630 979 innotescit,
678 910 700 944 ³
730 917 854 982 apte
882 911 981 968 Dei
1027 914 1235 973 locutio
1278 918 1518 991 qualiter
1558 916 1627 975 ad
1669 935 1768 975 nos

154 999 255 1059 ﬁat
285 1000 554 1071 insinuat,
586 999 778 1059 dicens
799 1015 810 1056 :

442 1153 675 1212 CAPUT
705 1153 814 1213 XX
847 1154 988 1230 [Vet.
1017 1156 1144 1227 XX,
1175 1158 1291 1215 Rec.
1325 1159 1484 1235 XII].

224 1260 688 1320 Vnus.15.—Per
699 1264 961 1320 somnium
979 1264 1038 1320 in
1053 1264 1255 1321 visione
1268 1270 1769 1342 nocturna,quondo

155 1351 325 1407 irruit
351 1367 512 1424 sopor
540 1369 701 1425 super
726 1354 978 1424 homines,
1010 1360 1058 1410 et
1081 1355 1355 1411 dormiunt
1384 1358 1439 1412 in
1471 1359 1676 1416 lectulo.

228 1457 318 1515 37.
360 1460 473 1519 Vox
501 1460 601 1516 Dei
625 1460 851 1517 auditur
890 1464 1105 1533 quando
1153 1464 1451 1535 tranquilla
1498 1471 1662 1521 mente
1702 1466 1768 1521 ab

154 1548 406 1620 operibus
442 1550 786 1606 swcularibus
827 1551 1135 1622 quiescitur.
1187 1583 1258 1594 —
1302 1552 1449 1622 Quid
1491 1562 1572 1610 est
1620 1554 1801 1628 quod'

156 1652 265 1708 per
278 1639 557 1694 somnium
572 1637 735 1695 nobis
758 1639 965 1697 locutio
984 1640 1297 1698 divinitatis
1319 1642 1633 1712 innotescit,
1658 1644 1766 1701 nisi

155 1725 313 1800 quod
356 1727 455 1783 Dei
492 1735 705 1786 secreta
735 1745 847 1785 non
890 1731 1294 1803 cognoscimus,
1342 1732 1387 1788 si
1430 1733 1489 1789 in
1532 1734 1767 1791 terrenis

155 1812 455 1872 desideriis
470 1817 763 1890 vigilemus
783 1819 811 1875 ?
830 1820 892 1875 In
912 1821 1130 1877 somnio
1152 1822 1301 1877 enim
1320 1823 1621 1878 exteriores
1638 1839 1766 1878 sen-

1883 654 2094 704 secreta
2125 647 2447 721 refugiunt;
2494 649 2682 725 ibique
2712 653 3064 726 cogitationis
3095 656 3306 715 intima:
3333 676 3492 719 cacu-

1882 752 2009 792 men
2041 738 2369 808 ascendunt,
2404 747 2459 796 et
2490 740 2661 813 legem
2694 742 2849 814 quasi
2893 743 2951 799 in
2994 745 3277 803 montibus
3318 750 3488 820 perci-

1882 825 2064 897 piunt,
2098 826 2253 896 dum,
2288 830 2608 901 postpositis
2628 829 2963 887 tumultibus
2982 834 3263 890 actionum
3284 842 3488 909 tempo-

1880 918 2103 986 ralium,
2169 919 2226 974 in
2283 919 2771 992 contemplationis
2827 937 2939 976 suae
2989 924 3196 981 vertice
3241 942 3489 999 superna:

1880 1006 2189 1063 voluntatis
2219 1007 2549 1064 sententiam
2582 1016 3016 1081 perscrutantur.
3052 1012 3196 1071 Hinc
3225 1022 3308 1071 est
3341 1019 3490 1090 quod

1881 1095 2029 1152 idem
2062 1097 2283 1169 Moyses
2314 1097 2509 1155 crebro
2540 1097 2607 1155 de
2640 1098 2805 1156 rebus
2834 1099 3023 1157 dubiis
3052 1102 3120 1159 ad
3166 1104 3487 1165 tabernacu-

1880 1185 1995 1242 lum
2057 1186 2223 1254 redit,
2283 1187 2472 1261 ibique
2518 1195 2729 1245 secreto
2776 1190 3075 1247 Dominum
3125 1196 3385 1265 consulit,
3434 1205 3489 1253 et

1882 1275 1904 1311 ³
1935 1274 2071 1348 quid
2100 1275 2238 1333 certi
2271 1275 2529 1333 decernat
2556 1279 2821 1350 agnoscit.
2842 1279 3071 1337 Relictis
3086 1282 3288 1355 quippe
3308 1285 3486 1342 turbis

1879 1364 1946 1421 ad
1978 1366 2397 1423 tabernaculum
2429 1365 2628 1436 redire,
2663 1376 2764 1437 est,
2797 1370 3119 1442 postpositis
3147 1374 3484 1431 exteriorum

1878 1456 2236 1524 tumultibus,
2272 1464 2545 1514 secretum
2579 1459 2781 1515 mentis
2811 1460 3035 1517 intrare.
3070 1460 3152 1517 Ibi
3185 1462 3332 1519 enim
3364 1465 3486 1520 Do-

1878 1545 2068 1602 minus
2097 1547 2431 1615 consulitur,
2465 1555 2519 1603 et
2534 1548 2683 1622 quod
2698 1547 2835 1605 foris
2850 1549 3120 1623 agendum
3140 1558 3222 1608 est
3241 1552 3481 1625 publice,

1879 1633 2033 1691 intus
2062 1636 2297 1692 silenter
2326 1636 2570 1693 auditur.
2617 1638 2736 1696 Hoc
2780 1639 3030 1712 quotidie
3071 1641 3204 1697 boni
3248 1650 3484 1701 rectores

1878 1722 2114 1793 faciunt,
2147 1741 2275 1782 cum
2326 1741 2383 1781 se
2430 1742 2521 1781 res
2567 1725 2765 1783 dubias
2812 1728 3123 1784 discernere
3169 1746 3279 1784 non
3328 1748 3484 1802 posse

1875 1820 2240 1884 cognoscunt,
2274 1813 2339 1870 ad
2373 1820 2647 1870 secretum
2680 1816 2903 1883 mentis,
2936 1816 3091 1872 velut
3119 1816 3186 1872 ad
3207 1818 3482 1890 quoddam

154 1921 248 1960 sus
281 1904 588 1975 dormiunt,
611 1915 665 1964 et
685 1908 949 1965 interiora
964 1917 1285 1967 cernuntur.
1318 1910 1372 1967 Si
1396 1927 1523 1984 ergo
1546 1912 1766 1969 interna
1798 1904 1846 1966 B
1878 1902 2304 1960 tabernaculum
2350 1910 2744 1971 revertuntur;
2794 1903 2989 1960 diVina
3034 1904 3149 1977 1930
3178 1915 3480 1978 perspecta,

154 1996 524 2067 contemplari
555 1998 835 2068 volumus,
867 1998 936 2055 ab
964 2006 1195 2056 externa
1223 1999 1603 2073 implicatione
1624 2001 1766 2059 dor-

155 2083 416 2141 miamus.
452 2085 578 2141 Vox
608 2085 872 2144 videlicet
901 2088 1000 2143 Dei
1032 2089 1186 2161 quasi
1218 2106 1315 2162 per
1342 2091 1622 2147 somnium
1654 2108 1765 2149 au-

153 2172 327 2241 ditur,
362 2175 583 2247 quando
610 2166 915 2251 tranquilla
943 2185 1127 2235 mente
1158 2179 1226 2236 ab
1256 2178 1425 2253 hujus
1457 2182 1645 2239 saeculi
1676 2199 1762 2241 ac-

154 2261 306 2319 tione
338 2262 662 2336 quiescitur,
695 2273 749 2321 et
779 2265 838 2323 in
882 2266 1003 2339 ipso
1049 2269 1254 2325 mentis
1302 2269 1527 2327 silentio
1568 2270 1765 2329 divina

154 2360 429 2425 praecepta
456 2362 776 2426 pensantur.
810 2354 946 2413 Cum
978 2358 1124 2413 enim
1160 2357 1228 2414 ab
1258 2360 1505 2417 externis
1527 2362 1765 2419 actioni-

152 2442 257 2501 bus
300 2458 459 2499 mens
505 2444 739 2516 sopitur,
789 2452 925 2503 tunc
968 2448 1186 2520 plenius
1229 2449 1617 2507 mandatorum
1650 2452 1753 2508 Dei

153 2530 375 2606 pondus
421 2534 757 2606 agnoscitur.
808 2534 963 2595 Tunc
1000 2537 1169 2594 verba
1196 2538 1296 2595 Dei
1328 2556 1483 2597 mens
1512 2541 1763 2599 vivacius

156 2629 427 2694 penetrat,
459 2639 587 2680 cum
617 2622 686 2680 ad
716 2641 772 2681 se
801 2624 1094 2682 admittere
1123 2644 1379 2685 curarum
1410 2631 1759 2688 szecularium

156 2712 435 2768 tumultus
463 2721 698 2770 recusat.
731 2714 872 2770 Male
900 2722 1083 2772 autem
1115 2716 1281 2772 homo
1302 2717 1517 2790 vigilat,
1539 2720 1761 2792 quando

153 2819 280 2858 eum
296 2803 645 2859 saecularium
667 2805 1014 2875 negotiorum
1035 2812 1200 2861 aastus
1222 2806 1525 2863 insolenter
1545 2809 1761 2882 inquie-

151 2899 249 2947 tat.
282 2890 490 2947 Aurem
522 2892 727 2965 quippe
757 2891 941 2949 cordis
968 2900 1312 2950 terrenarum
1359 2896 1759 2967 cogitationum

153 2979 319 3037 turba
357 2979 493 3037 dum
538 2981 833 3054 perstrepit
872 2981 1102 3051 claudit,
1149 2990 1313 3057 atque
1360 2984 1419 3039 in
1463 2987 1761 3043 secretario

151 3069 381 3137 mentis,
400 3076 608 3143 quanto
625 3070 809 3127 minus
825 3087 1081 3128 curarum
1103 3073 1564 3130 tumultuantium
1589 3092 1763 3132 sonus

151 3158 547 3231 compescitur,
590 3166 745 3217 tanto
776 3161 1014 3234 amplius
1043 3178 1153 3218 vox
1183 3164 1530 3236 praesidentis
1554 3164 1763 3237 judicis

152 3265 265 3305 non
297 3247 543 3306 auditur.
574 3250 761 3324 Neque
790 3251 936 3306 enim
969 3251 1207 3324 perfecte
1249 3251 1418 3309 homo
1448 3254 1654 3311 sufﬁcit
1692 3254 1762 3311 ad
1789 3272 1832 3334 α

150 3344 390 3411 utraque
411 3336 646 3406 divisus,
671 3338 765 3395 sed
780 3339 912 3396 dum
944 3340 1024 3397 sic
1038 3341 1273 3397 interius
1293 3342 1503 3398 erudiri
1525 3344 1756 3415 appetit,

152 3435 215 3483 ut
243 3434 430 3483 tamen
446 3428 692 3485 exterius
713 3428 1048 3502 implicetur,
1071 3430 1219 3487 unde
1240 3431 1487 3488 exterius
1503 3431 1757 3489 auditum

157 3517 360 3590 aperit,
396 3516 526 3574 inde
555 3517 789 3574 interius
818 3518 1182 3577 obsurdescit.
1228 3520 1445 3593 Moyses
1487 3520 1758 3579 admistus

150 3606 439 3679 Egyptiis
470 3608 623 3680 quasi
655 3607 941 3681 vigilabat,
974 3617 1030 3665 et
1058 3609 1266 3666 idcirco
1295 3627 1486 3666 vocem
1530 3611 1756 3667 Domini

152 3696 210 3751 in
242 3695 488 3769 [Egypto
520 3688 732 3768 positus
761 3714 873 3753 non
904 3697 1165 3754 audiebat
1207 3697 1411 3770 (Exod.
1447 3716 1508 3766 Il,
1545 3700 1629 3767 11,
1668 3700 1755 3768 12,

148 3785 308 3857 seq.).
335 3785 441 3842 Sed
461 3786 736 3844 exstincto
766 3787 1052 3859 Egyptio,
1086 3795 1373 3861 postquam
1397 3788 1453 3843 in
1481 3788 1758 3845 desertum

149 3874 315 3947 fugit,
352 3874 471 3933 illic
502 3875 633 3932 dum
665 3876 1030 3951 quadraginta
1057 3877 1217 3933 annis
1249 3877 1457 3949 deguit,
1492 3877 1648 3951 quasi
1691 3877 1759 3934 ad

151 3965 420 4039 inquietis
450 3974 791 4024 terrenorum
823 3967 1224 4024 desideriorum
1267 3970 1603 4025 tumultibus
1648 3970 1760 4025 ob-

153 4052 466 4123 dormivit;
499 4064 663 4130 atque
696 4056 903 4114 idcirco
944 4056 1193 4113 divinam
1238 4075 1431 4115 vocem
1476 4059 1759 4131 percipere

154 4145 383 4212 meruit,
419 4147 548 4219 quia
576 4164 672 4219 per
701 4164 993 4220 supernam
1018 4146 1248 4219 gratiam
1270 4154 1477 4220 quanto
1496 4150 1672 4220 magis
1692 4148 1760 4205 ad

154 4235 483 4308 appetendis
540 4238 913 4295 exterioribus
969 4239 1203 4311 torpuit,
1254 4246 1408 4295 tanto
1456 4239 1643 4295 verius
1691 4240 1760 4297 ab

155 4324 543 4397 cognoscenda
585 4326 850 4383 interiora
894 4327 1170 4400 vigilavit.
1218 4329 1425 4386 Rursus
1471 4328 1759 4386 Israelitici

155 4414 351 4487 populi
382 4414 562 4472 turbis
591 4417 871 4488 praalatus,
904 4425 967 4473 ut
996 4417 1132 4491 legis
1161 4424 1431 4491 praecepta
1474 4418 1757 4491 percipiat,

151 4506 209 4561 in
233 4511 481 4559 montem
503 4503 746 4573 ducitur,
770 4512 933 4578 atque
954 4514 1016 4561 ut
1037 4507 1255 4563 interna
1274 4513 1539 4578 penetret,
1564 4506 1633 4563 ab
1653 4523 1761 4562 ex-

151 4593 329 4649 ternis
360 4594 693 4650 tumultibus
722 4596 1035 4652 occultatur
1065 4595 1269 4667 (Exod.
1303 4611 1423 4663 xxx,
1456 4595 1539 4666 3).

225 4679 369 4755 [νει.
402 4681 578 4756 ΧΧ1.]
611 4682 698 4739 38.
735 4683 837 4750 Qui
866 4684 1222 4739 exterioribus
1252 4684 1561 4739 ministeriis
1591 4685 1760 4739 deser-

149 4772 325 4839 viunt,
356 4771 586 4827 studiose
612 4772 685 4827 ad
712 4772 888 4827 cordis
917 4778 1115 4828 secreta
1129 4772 1421 4845 refugiant.
1445 4804 1515 4814 —
1536 4774 1693 4830 Unde
1710 4781 1764 4830 et

149 4860 332 4917 sancti
352 4860 458 4917 viri
481 4861 574 4934 qui
594 4861 965 4918 exterioribus
986 4861 1313 4919 ministeriis
1333 4861 1613 4918 deservire
1634 4863 1764 4919 olli-

228 5022 243 5054 ¹
282 5019 415 5075 Post
444 5020 585 5075 videt
603 5019 806 5091 legitur
836 5019 893 5074 in
936 5017 1155 5075 Editis:
1207 5020 1342 5075 Eti‘u
1375 5036 1599 5091 namque
1645 5022 1759 5077 ait:

148 5091 334 5147 Semel
368 5092 614 5163 loquitur
641 5095 787 5149 Deus
808 5110 819 5147 :
841 5092 1019 5148 David
1039 5109 1156 5145 vero
1198 5092 1766 5162 Verbiunigenitinati-

152 5164 369 5218 vitalem
404 5163 635 5230 intuens,
664 5164 768 5219 ait:
804 5164 983 5220 Semel
1018 5164 1235 5220 locutus
1279 5170 1362 5218 est
1401 5165 1575 5219 Deus:
1626 5164 1767 5232 Quia

149 5234 291 5289 enim
320 5235 620 5305 unigenitus
649 5235 823 5291 Filius
856 5236 991 5291 idem
1029 5235 1253 5292 Verbum
1280 5234 1465 5290 Patris
1493 5241 1543 5289 et
1567 5235 1766 5306 perfec-

152 5307 294 5361 tione
326 5312 482 5362 natus
513 5306 735 5373 dicitur,
765 5314 813 5361 et
834 5324 938 5378 pro
958 5308 1249 5362 wternitate
1267 5323 1471 5378 semper
1484 5307 1634 5361 nasci
1648 5324 1769 5378 per-

147 5378 385 5450 hibetur,
414 5395 573 5433 sacra
594 5379 879 5450 Scriptura
898 5379 1054 5434 libere
1074 5379 1246 5435 dicere
1267 5378 1330 5434 de
1348 5378 1457 5435 Deo
1478 5380 1768 5444 consuevit,

147 5449 282 5521 quia
315 5450 524 5505 locutus
554 5456 650 5515 est,
683 5449 731 5505 et
762 5451 1017 5520 loquitur.
1050 5451 1119 5506 In
1147 5467 1204 5505 eo
1232 5450 1372 5505 enim
1401 5451 1543 5521 quod
1568 5450 1771 5521 perfec-

151 5520 265 5577 tum
305 5520 533 5579 Verbum
560 5521 760 5593 genuit,
792 5528 840 5576 et
870 5522 1070 5577 locutus
1099 5528 1174 5577 est
1202 5522 1365 5578 Pater
1386 5520 1493 5586 {in
1521 5539 1577 5576 eo
1597 5528 1773 5577 autem

148 5593 299 5665 quod
327 5610 535 5665 semper
561 5592 749 5665 gignit,
780 5593 960 5662 utique
982 5592 1239 5663 loquitur,
1262 5594 1505 5663 quamvis
1518 5594 1613 5648 hoc
1631 5594 1772 5664 quod

143 5663 450 5738 perfectum
478 5663 717 5720 diximus
738 5665 1382 5738 proprienondicamus.
1428 5665 1608 5738 Neque
1635 5663 1773 5720 enim

150 5734 296 5817 quod
325 5735 546 5817 factum
558 5752 671 5816 non
697 5734 1216 5817 estpropriedicitur
1234 5754 1340 5817 esse
1353 5734 1666 5817 perfectum,
1686 5738 1772 5817 sed

152 5806 268 5879 ejus
293 5806 687 5881 plenitudinem
710 5806 808 5878 per
835 5806 1124 5881 quamdam
1150 5806 1461 5881 angustiam
1480 5815 1675 5864 nostra:
1696 5810 1769 5863 lo-

151 5878 386 5938 cutionis
415 5878 790 5952 exprimimus,
811 5885 951 5936 sicut
971 5878 1127 5935 etiam
1145 5880 1207 5937 de
1224 5882 1388 5940 Patre
1407 5881 1669 5939 Dominus
1690 5881 1772 5937 di-

1792 4631 1842 4691 D

1878 1990 2039 2065 quasi
2074 2007 2260 2049 coram
2292 1991 2474 2064 posita
2513 2008 2660 2061 arca,
2709 1993 3009 2049 Dominum
3056 1996 3373 2064 consulunt,
3427 2005 3484 2054 et

1876 2080 2027 2153 quod
2058 2080 2216 2153 prius
2247 2081 2399 2137 intus
2430 2088 2673 2139 tacentes
2716 2081 2969 2150 audiunt,
3019 2081 3126 2140 hoc
3157 2082 3295 2140 foris
3332 2093 3479 2157 post-

1875 2169 2105 2226 modum
2148 2177 2371 2243 agentes
2418 2171 2792 2228 innotescunt.
2826 2172 2898 2227 Ut
2926 2173 3076 2228 enim
3105 2174 3479 2232 exterioribus

1876 2259 2078 2318 oﬂiciis
2108 2259 2377 2317 inoﬂ'ense
2414 2258 2750 2330 deserviant,
2800 2260 2871 2317 ad
2917 2270 3126 2319 secreta
3167 2264 3351 2321 cordis
3399 2281 3479 2321 re-

1873 2366 2098 2408 currere
2128 2351 2533 2409 incessabiliter
2552 2360 2781 2420 curant;
2814 2361 2870 2409 et
2888 2352 2967 2411 sic
2988 2369 3181 2411 vocem
3202 2355 3302 2412 Dei
3323 2355 3481 2430 quasi

1874 2457 1971 2513 per
2000 2441 2281 2498 somnium
2315 2441 2573 2511 audiunt,
2607 2442 2740 2499 dum
2775 2443 2833 2499 in
2875 2442 3234 2502 meditatione
3280 2446 3482 2502 mentis

1874 2536 2020 2594 750
2051 2531 2073 2566 ⁸
2104 2546 2137 2587 a
2165 2531 2481 2588 carnalibus
2511 2532 2758 2589 motibus
2787 2531 3203 2591 abstrahuntur.
3237 2534 3381 2592 Hinc
3398 2545 3482 2594 est

1873 2627 2025 2702 quod
2054 2646 2255 2701 sponsa
2288 2629 2345 2685 in
2378 2629 2622 2688 Canticis
2663 2631 3006 2688 canticorum
3054 2633 3240 2703 sponsi
3288 2650 3480 2691 vocem

1873 2717 2030 2790 quasi
2064 2734 2161 2789 per
2190 2718 2469 2774 somnium
2503 2719 2774 2788 audierat,
2807 2736 2929 2793 quae
2958 2719 3175 2777 dicebat
3198 2738 3209 2777 :
3229 2723 3343 2794 Ego
3357 2724 3480 2780 dor-

1870 2806 2001 2872 mia,
2032 2813 2080 2862 et
2108 2825 2202 2863 cor
2229 2826 2404 2864 meum
2432 2809 2622 2881 vigilat
2652 2810 2835 2881 (Cant.
2868 2828 2924 2879 v,
2958 2810 3039 2883 2).
3071 2814 3153 2868 Ac
3171 2811 3217 2867 si
3232 2811 3439 2870 diceret
3464 2831 3475 2869 :

1874 2895 2020 2951 Dum
2043 2896 2351 2953 exteriores
2371 2914 2564 2953 sensus
2584 2898 2652 2953 ab
2669 2898 2838 2971 hujus
2854 2899 2983 2956 vita;
3005 2901 3480 2960 sollicitudinibus

1872 2983 2052 3054 sopio,
2087 2992 2318 3039 vacante
2349 2992 2531 3040 mente
2562 2985 2812 3042 vivacius
2834 2987 3052 3043 interna
3070 3006 3358 3061 cognosco.
3379 2993 3478 3048 Fo-

1872 3071 1950 3128 ris
1979 3071 2217 3140 dormio,
2253 3072 2348 3128 sed
2378 3073 2529 3129 intus
2549 3089 2643 3129 cor
2663 3072 2878 3145 vigilat,
2904 3074 3035 3147 quia
3048 3074 3180 3131 dum
3202 3078 3481 3135 exteriora

1872 3159 2028 3234 quasi
2061 3175 2173 3215 non
2206 3160 2407 3229 sentio,
2441 3160 2709 3217 interiora
2737 3162 2968 3218 solerter
2997 3162 3367 3235 apprehendo.

1944 3248 2032 3305 39.
2065 3248 2296 3305 Nonnisi
2326 3248 2543 3304 obscure
2572 3255 2620 3304 et
2646 3249 2803 3321 quasi
2846 3249 2901 3304 in
2945 3250 3145 3307 visione
3189 3259 3475 3324 nocturna,

1870 3338 2054 3394 divina
2070 3343 2119 3393 et
2146 3338 2359 3394 interna
2389 3339 2826 3409 contemplamur.
2844 3369 2915 3380 —
2929 3339 3075 3396 Bene
3096 3356 3224 3412 ergo
3244 3342 3374 3399 Eliu
3403 3342 3481 3400 ait

1870 3428 2003 3502 quia
2034 3444 2130 3500 per
2160 3425 2439 3483 somnium
2474 3426 2721 3500 loquitur
2749 3428 2915 3497 Deus,
2950 3436 3115 3502 atque
3134 3438 3257 3502 apte
3278 3430 3481 3487 subdi-

1869 3516 1973 3585 dit,
2006 3518 2071 3573 In
2101 3516 2301 3571 visione
2328 3522 2610 3572 nocturna.
2642 3518 2924 3575 Nocturna
2952 3517 3098 3573 enim
3130 3518 3275 3574 visio
3304 3535 3481 3592 appa-

1873 3622 1994 3663 rere
2024 3606 2496 3678 contemplatione
2526 3606 2728 3663 mentis
2748 3606 2851 3663 sub
2873 3606 3204 3680 quibusdam
3227 3608 3478 3680 imagini-

1870 3695 1975 3753 bus
2006 3698 2165 3753 solet.
2201 3699 2264 3755 In
2296 3697 2499 3755 diurna
2528 3707 2712 3754 autem
2736 3698 2856 3756 luce
2877 3699 3083 3755 certius
3102 3699 3400 3768 cernimus,
3420 3699 3476 3756 in

1872 3795 2145 3843 nocturna
2177 3803 2309 3843 vero
2339 3787 2555 3843 visione
2588 3796 2912 3845 cunctanter
2941 3787 3213 3844 videmus.
3249 3789 3321 3845 Et
3349 3789 3479 3862 quia

1871 3879 2049 3936 sancti
2072 3895 2265 3935 omnes
2284 3878 2533 3951 quandiu
2556 3879 2611 3933 in
2634 3877 2738 3935 hac
2760 3879 2877 3934 vita
2890 3888 3020 3935 sunt
3038 3878 3247 3935 divinat
3267 3888 3478 3935 natura;

1870 3977 2079 4025 secreta
2110 3968 2267 4038 quasi
2300 3967 2402 4023 sub
2433 3966 2667 4040 quadam
2692 3966 3082 4039 imaginatione
3102 3964 3473 4037 conspiciunt,

1872 4057 2004 4131 quia
2050 4055 2313 4111 videlicet
2361 4054 2598 4111 necdum
2647 4055 2795 4111 sicut
2843 4062 2972 4109 sunt
3018 4069 3081 4108 ea
3127 4054 3475 4111 manifestius

1870 4146 2341 4217 contemplantur,
2392 4143 2530 4199 bene
2576 4143 2727 4211 Elin,
2780 4151 3066 4215 postquam
3111 4142 3259 4200 dixit
3298 4145 3474 4201 Deum

1871 4234 2035 4291 nobis
2052 4252 2146 4306 per
2167 4233 2444 4289 somnium
2462 4233 2635 4306 loqui,
2659 4232 2865 4289 subdit:
2887 4233 2954 4289 In
2972 4232 3171 4287 visione
3190 4240 3473 4293 nocturna.

1873 4325 1993 4381 Nox
2024 4323 2229 4396 quippe
2260 4330 2341 4378 est
2369 4321 2488 4377 vita
2508 4337 2767 4393 praesens,
2790 4321 2847 4377 in
2869 4337 2978 4395 qua
2996 4321 3243 4395 quandiu
3263 4339 3473 4393 sumus,

1874 4431 1971 4489 per
2000 4413 2108 4470 hoc
2138 4412 2285 4487 quod
2317 4412 2535 4469 interna
2565 4413 2961 4485 conspicimus,
2995 4410 3098 4467 sub
3115 4411 3325 4469 incerta
3344 4414 3476 4472 ima-

1874 4502 2156 4576 ginatione
2183 4502 2505 4575 caligamus.
2530 4501 2805 4575 Propheta
2822 4517 3058 4574 namque
3075 4501 3143 4557 ad
3175 4502 3474 4559 videndum

1874 4580 2444 4665 Dominum‘quadam
2477 4607 2532 4647 se
2566 4592 2740 4663 premi
2772 4591 3008 4663 caligine
3057 4591 3347 4661 sentiebat,
3396 4592 3475 4649 di-

1872 4700 2027 4742 cens:
2054 4682 2252 4739 Anima
2264 4699 2378 4736 mea
2398 4681 2719 4736 desideravit
2741 4687 2785 4736 te
2806 4681 2861 4735 in
2876 4687 3020 4737 nocte
3042 4682 3376 4752 (Isai.xxv1,
3392 4683 3473 4755 9).

1874 4775 1955 4831 Ac
1984 4773 2029 4828 si
2060 4771 2270 4829 diceret
2294 4789 2305 4827 :
2342 4773 2403 4827 In
2435 4769 2539 4827 hac
2568 4769 2903 4827 obscuritate
2932 4770 3061 4826 vitae
3093 4773 3375 4842 prmsentis
3396 4772 3474 4827 vi-

1874 4863 2006 4919 dere
2040 4870 2091 4917 te
2123 4869 2342 4933 appeto,
2376 4859 2468 4915 sed
2517 4858 2699 4916 adhuc
2743 4859 3080 4915 inﬁrmitatis
3130 4859 3322 4915 nubilo
3369 4860 3473 4916 cir-

1876 5023 1984 5076 cit:
2016 5022 2211 5100 listote
2240 5020 2489 5100 perfecti,
2513 5021 2658 5100 sicut
2677 5028 2731 5076 et
2750 5020 2908 5100 Pater
2935 5019 3171 5100 cmlestis
3203 5018 3476 5100 perfectus

1876 5102 1979 5149 est.
2013 5092 2125 5168 sed
2150 5089 2534 5168 desiderantur
2565 5094 2620 5168 in
2648 5090 2912 5168 omnibus
2940 5091 3069 5168 Mss.
3102 5089 3316 5168 Norm._,
3345 5090 3475 5168 _Tu—

1877 5181 2025 5231 ron.,
2060 5163 2319 5230 Vindoc.,
2354 5163 2533 5231 Colb.,
2568 5164 2753 5218 Baluz.
2788 5161 2975 5217 Codex
3004 5159 3097 5214 hic
3126 5168 3179 5215 et
3196 5161 3387 5217 multis
3418 5162 3474 5217 in

1880 5235 2017 5292 locis
2049 5244 2129 5290 est
2160 5251 2357 5289 exesus
2385 5244 2478 5290 aut
2508 5234 2760 5289 mutilus.
2784 5233 2921 5287 Esse
2940 5239 3317 5286 assumentum
3336 5232 3473 5289 mihi

1880 5306 2238 5384 persuadetur
2267 5321 2379 5384 non
2408 5307 2586 5384 solum
2617 5306 2745 5384 Mss.
2771 5301 2905 5359 Cod.
2929 5301 3171 5384 silentio,
3195 5302 3472 5384 sedetiam

1880 5372 2153 5434 sermonis
2182 5377 2341 5444 serie,
2376 5393 2496 5445 qua)
2540 5376 2643 5431 hac
2686 5372 3209 5445 longaparenthesi
3258 5374 3478 5433 videtur

1881 5450 2131 5521 abrupta.
2154 5448 2372 5521 Etenim
2382 5444 2484 5521 his
2499 5447 2703 5521 verbis,
2724 5444 2827 5521 quo
2848 5444 3079 5521 fulgoris
3098 5445 3474 5521 admiratione,

1881 5517 2336 5587 etc.,'succedere
2365 5519 2526 5575 debet
2555 5517 2902 5574 immediate:
2940 5517 3079 5585 Quia
3108 5534 3231 5573 vero
3262 5519 3369 5576 haec
3397 5520 3473 5575 di-

1880 5593 2015 5647 vince
2042 5598 2251 5648 naturw
2276 5597 2471 5646 secreta
2497 5590 2806 5645 admiratio.

1953 5665 1975 5699 ³
2006 5664 2258 5737 Plerique
2287 5664 2475 5737 Nora].
2510 5671 2564 5719 et
2593 5661 2996 5737 Vindqaperte
3017 5659 3114 5717 Dei
3147 5661 3356 5718 locutio.

1954 5738 1974 5771 ³
2005 5734 2194 5793 Norui.
2226 5744 2279 5793 et
2308 5734 2488 5802 Colb.,
2520 5734 2651 5805 quid
2678 5734 2891 5790 certius.

1958 5810 1973 5843 ³
2007 5809 2118 5875 ΑΙ.,
2150 5827 2185 5862 a
2213 5803 2882 5873 ramalibus—sensibus,ut
2902 5806 3104 5879 legitur
3120 5805 3176 5864 in
3210 5803 3468 5871 Vindoc.,

1880 5881 2070 5942 Norm.
2105 5889 2157 5937 et
2188 5880 2332 5946 aliis,
2366 5896 2396 5935 a
2425 5879 2695 5937 Gussanv.
2731 5878 2886 5936 visis.
