3928 6382
483 391 596 450 275

1711 392 1963 450 SANCTI
2001 391 2336 451 GREGORII
2375 392 2600 450 MAGNI

3695 393 3807 452 276

482 531 700 576 6111118οΓ
703 515 826 609 ib?”
831 558 843 570 -
866 516 1052 609 93““
1082 532 1300 609 quod“?
1327 516 1494 609 hui“?
1524 517 1700 573 ηοθῖίδ
1732 519 1748 552 ¹
1767 517 2075 609 -οᾶἷίὲῖηβηῖ
2106 520 2157 580 Α
2190 535 2443 603 Quatuor
2474 534 2677 609 quippe
2706 543 2835 591 sunt
2854 535 3143 608 qualitates
3161 535 3362 609 quibus
3386 535 3524 606 justi
3549 535 3660 590 viri
3679 537 3803 592 ani-

482 607 684 672 vitans,
745 603 1049 660 claritatem
1105 605 1224 661 veri
1279 606 1508 661 luminis
1564 607 1906 679 praestolatus
1960 606 2072 662 ait:

478 697 638 756 Mane
663 693 848 750 astabo
879 693 990 762 tibi,
1029 700 1078 749 et
1105 695 1284 749 videbo
1317 694 1490 767 (Psal.
1523 713 1578 763 v,
1609 696 1689 764 5).
1723 695 1921 752 Adhuc
1951 711 2076 767 ergo

481 768 540 841 in
572 793 732 840 nocte
762 782 946 838 minus
975 800 1030 837 se
1053 783 1239 840 videre
1261 785 1552 856 conspicit,
1571 785 1667 857 qui
1684 783 1752 839 ad
1773 783 2073 840 videndum

480 875 655 932 Deum
703 873 950 930 futurum
1001 889 1159 930 mane
1204 875 1568 947 concupiscit.
1619 874 1764 943 Quia
1813 893 1965 956 vero,
2016 885 2078 932 ut

481 961 748 1028 diximus,
780 961 848 1017 ab
876 961 1138 1018 exteriori
1170 963 1386 1018 actione
1428 979 1638 1019 cessare
1681 963 1928 1020 dormire
1973 973 2074 1032 est,

479 1050 618 1106 bene
645 1049 774 1105 Eliu
803 1049 1016 1106 subdit:
1043 1051 1264 1118 Quando
1288 1051 1452 1106 irruit
1474 1070 1632 1122 sopor
1651 1055 2074 1124 superhomiues.

480 1138 620 1206 Quia
665 1148 847 1196 autem
887 1140 1061 1195 sancti
1105 1139 1212 1194 viri
1255 1155 1380 1196 cum
1423 1142 1682 1196 exteriori
1716 1143 1920 1198 actioni
1965 1161 2075 1200 non

479 1227 818 1298 deserviunt,
853 1230 997 1286 intra
1014 1230 1212 1286 mentis
1236 1231 1256 1266 ²
1279 1231 1488 1287 cubilia
1509 1232 1928 1305 conquiescunt,
1953 1243 2075 1304 apte

481 1316 794 1390 subjungit:
829 1321 903 1375 Et
917 1319 1188 1374 dormiunt
1208 1319 1263 1374 in
1286 1321 1489 1375 lectulo.
1515 1321 1731 1377 Sanctis
1753 1323 1901 1377 enim
1935 1323 2074 1377 viris

481 1409 722 1466 dormire
751 1409 808 1466 in
840 1411 1040 1466 lectulo
1062 1419 1143 1467 est
1164 1411 1306 1466 intra
1331 1412 1530 1468 mentis
1551 1430 1660 1467 suae
1681 1413 1864 1469 cubile
1896 1414 2078 1486 quies-

479 1514 618 1556 cere.
638 1499 789 1555 Unde
807 1499 1069 1570 scriptum
1087 1509 1196 1555 est:
1229 1501 1593 1556 Emsultabunt
1613 1503 1779 1555 sancti
1803 1502 1852 1556 in
1875 1501 2072 1572 gloria,

481 1589 800 1645 laetabuntur
825 1590 883 1644 in
910 1591 1165 1646 cubilibus
1193 1591 1304 1646 suis
1349 1592 1518 1662 (Psal.
1555 1608 1747 1658 CXLIX,
1783 1592 1864 1664 5).
1919 1592 2076 1648 Dica-

480 1687 572 1736 tur
597 1695 744 1752 ergo,
776 1679 924 1752 quod
953 1682 1104 1736 semel
1133 1681 1280 1734 nobis
1314 1681 1551 1751 loquitur
1593 1683 1735 1738 Deus
1773 1699 1874 1754 per
1922 1700 2076 1736 som-

480 1767 631 1821 nium
674 1767 731 1822 in
754 1767 952 1823 visio-ne
977 1776 1256 1837 nocturna,
1286 1771 1497 1840 quando
1533 1771 1702 1826 irruit
1727 1789 1890 1843 sopor
1915 1790 2076 1844 super

2180 641 2276 681 ma
2303 627 2360 682 in
2390 626 2817 697 compunctione
2847 625 3200 682 vehementer
3228 625 3489 693 afﬁcitur,
3523 641 3655 682 cum
3702 636 3803 683 aut

2185 715 2454 770 malorum
2474 732 2706 772 suorum
2729 713 3124 782 reminiscitur,
3147 713 3505 770 considerans
3527 713 3627 770 ubi
3653 715 3796 781 fuit;

2185 813 2278 860 aut
2299 801 2642 875 judiciorum
2675 804 2774 859 Dei
2817 803 3145 860 sententiam
3184 812 3456 870 metuens,
3503 811 3558 860 et
3600 819 3799 860 secum

2185 910 2450 966 quaerens,
2483 894 2686 965 cogitat
2719 893 2814 950 ubi
2848 894 2989 960 erit;
3022 901 3116 950 aut
3145 909 3272 950 cum
3301 893 3446 950 mala
3475 893 3606 950 vitae
3641 911 3803 966 prae-

2185 983 2363 1038 sentis
2391 984 2624 1039 solerter
2643 982 2950 1050 attendens,
2976 1000 3211 1039 moerens
3230 982 3543 1040 considerat
3564 983 3666 1039 ubi
3689 993 3800 1053 est,

2185 1079 2280 1127 aut
2307 1087 2430 1127 cum
2465 1070 2610 1127 bona
2659 1087 2906 1143 supernas
2954 1073 3143 1144 patriae
3191 1073 3620 1144 contemplatur,
3671 1090 3803 1146 qua:

2185 1159 2314 1232 quia
2361 1159 2596 1216 necdum
2644 1159 2990 1232 adipiscitur,
3026 1161 3214 1231 lugens
3243 1161 3516 1233 conspicit
3545 1161 3650 1218 ubi
3684 1178 3798 1217 non

2185 1257 2285 1304 est.
2305 1249 2572 1306 Malorum
2602 1267 2828 1306 suorum
2859 1251 3060 1306 Paulus
3081 1250 3427 1318 meminerat,
3449 1259 3504 1306 et
3518 1268 3590 1307 ex
3625 1251 3710 1308 eis
3742 1269 3803 1308 se

2187 1339 2243 1394 in
2274 1337 2474 1410 quibus
2504 1339 2682 1396 fuerat
2715 1339 3011 1411 afﬂigebat,
3055 1357 3180 1396 cum
3229 1339 3471 1396 diceret:
3520 1341 3642 1396 Non
3678 1357 3804 1396 sum

2185 1425 2374 1496 dignus
2396 1428 2574 1483 vocari
2588 1431 2885 1499 apostolus,
2907 1429 3035 1498 quia
3047 1435 3347 1500 persecutus
3361 1446 3476 1484 sum
3495 1430 3803 1488 Ecclesium

2184 1515 2286 1570 Dei
2307 1516 2357 1588 (1
2383 1516 2510 1572 Cor.
2545 1533 2642 1586 xv,
2679 1517 2758 1588 9).
2783 1519 3018 1574 Rursum
3043 1518 3294 1573 divinum
3314 1517 3595 1590 judicium
3618 1518 3802 1574 subti-

2185 1606 2310 1662 liter
2339 1624 2592 1678 pensans,
2621 1608 2676 1663 in
2694 1608 2884 1664 futuro
2908 1611 3049 1665 male
3079 1626 3196 1665 esse
3227 1609 3525 1677 metuebat,
3559 1609 3796 1666 dicens:

2189 1695 2398 1766 Castigo
2417 1714 2610 1767 corpus
2629 1714 2816 1763 meum,
2835 1704 2882 1752 et
2901 1699 3140 1753 servituti
3159 1699 3276 1768 subj
3282 1699 3404 1764 icio,
3426 1715 3488 1753 ne
3506 1698 3652 1769 forte
3667 1700 3800 1754 aliis

2178 1785 2501 1855 praedicans,
2540 1785 2649 1856 ipse
2678 1787 2932 1858 reprobus
2955 1787 3150 1861 e/ﬁciar
3181 1789 3238 1859 (Ι
3257 1789 3382 1846 Cor.
3404 1805 3486 1854 lx,
3511 1789 3630 1860 27).
3651 1790 3798 1845 Rur-

481 1858 733 1924 homines,
763 1865 812 1915 et
837 1860 1109 1916 dormiunt
1139 1861 1193 1915 in
1223 1862 1428 1930 lectulo,
1463 1863 1592 1936 quia
1633 1863 1900 1918 nimirum
1942 1871 2076 1920 tunc
2109 1885 2154 1946 Β
2184 1891 2276 1929 sus
2333 1874 2479 1929 mala
2527 1875 2814 1944 praesentis
2863 1858 3002 1930 vitae
3039 1858 3320 1948 pensabat,
3366 1893 3492 1932 cum
3541 1858 3793 1934 diceret:

481 1957 689 2006 secreta
715 1949 1026 2006 divinitatis
1053 1953 1423 2024 agnoscimus,
1455 1969 1581 2010 cum
1605 1951 1673 2009 ab
1695 1951 1860 2026 hujus
1880 1953 2074 2010 mundi

481 2039 823 2095 tumultuosa
851 2041 1299 2113 concupiscentia
1327 2042 1474 2099 intra
1503 2042 1705 2098 mentis
1738 2051 1940 2098 nostrae
1970 2059 2082 2098 cu-

479 2127 616 2186 bilia
641 2147 1006 2202 segregamur.
1041 2131 1183 2199 Quia
1212 2147 1362 2200 vero,
1395 2142 1458 2190 ut
1485 2149 1627 2204 sape
1651 2131 1766 2204 jam
1801 2131 2074 2202 diximus,

480 2233 665 2274 aurem
687 2219 870 2276 cordis
890 2221 1163 2276 tumultus
1181 2221 1529 2276 saecularium
1551 2221 1902 2293 negotiorum
1925 2222 2074 2280 clau-

479 2303 582 2374 dit,
630 2316 684 2364 et
729 2309 883 2382 quies
929 2317 1151 2368 secretae
1189 2309 1651 2367 considerationis
1699 2311 1898 2383 aperit,
1953 2321 2077 2385 apte

480 2394 601 2471 subj
609 2398 769 2470 ungit
787 2415 798 2455 :

547 2521 720 2578 Vnus.
747 2523 833 2578 16.
849 2553 920 2565 --
942 2525 1085 2580 Tunc
1098 2525 1272 2596 aperit
1287 2541 1447 2581 aures
1467 2525 1731 2593 virorum,
1755 2531 1803 2580 et
1831 2527 2081 2582 erudiens

478 2623 562 2663 eos
581 2608 803 2664 instruit
818 2611 1124 2682 disciplina.

550 2733 638 2790 40.
674 2735 778 2802 Qui
803 2735 870 2790 ab
901 2737 1252 2792 exterioribus
1279 2739 1522 2810 operibus
1561 2745 1782 2805 cessant,
1829 2740 1900 2794 ad
1945 2756 2078 2793 com-

475 2825 809 2895 punctionem
837 2827 1169 2882 erudiuntur.
1194 2857 1265 2869 —
1295 2828 1429 2884 Cum
1454 2828 1602 2884 enim
1623 2829 1690 2885 ab
1707 2828 2080 2884 exterioribus

480 2913 796 2971 actionibus
823 2916 1136 2988 sopiuntur,
1169 2927 1357 2990 aperta
1385 2935 1515 2975 aure
1545 2919 1752 2974 interni
1803 2917 2079 2974 examinis

480 3019 672 3059 causas
701 3005 952 3062 audiunt.
989 3007 1094 3075 Qui
1125 3007 1258 3064 dum
1287 3008 1570 3066 subtiliter
1599 3010 1687 3068 vel
1720 3009 1935 3082 ﬂagella
1965 3025 2078 3081 pu-

477 3093 641 3162 blica,
675 3096 762 3150 vel
787 3094 1001 3168 judicia
1029 3099 1244 3156 occulta
1261 3099 1634 3167 considerant,
1658 3101 1984 3172 semetipsos
2000 3099 2076 3154 af-

480 3182 638 3238 ﬁcere
668 3183 850 3241 ﬂendo
878 3203 989 3241 non
1017 3197 1250 3244 cessant.
1299 3187 1440 3262 [Rea
1494 3189 1684 3264 XIII.]
1734 3190 1887 3247 Unde
1935 3189 2077 3245 bene

478 3269 687 3326 dictum
717 3281 818 3329 est.
849 3275 924 3330 Et
951 3275 1194 3330 erudiens
1223 3293 1308 3332 eos
1336 3277 1556 3331 instruit
1585 3278 1890 3348 disciplina,
1945 3277 2076 3351 quia

479 3357 850 3418 consideranti
897 3365 1089 3434 menti,
1138 3375 1192 3422 et
1220 3383 1336 3423 sese
1364 3383 1458 3438 per
1505 3367 1888 3438 pcenitentiam
1921 3368 2076 3426 lace-

481 3449 646 3516 ranti,
697 3451 853 3523 quasi
901 3453 1147 3524 quaedam
1192 3456 1362 3528 plagae
1407 3458 1779 3529 percussionis
1823 3467 1954 3516 sunt
2003 3459 2076 3516 la-

481 3545 666 3594 menta
683 3555 804 3594 com
811 3540 1148 3612 punctionis.
1171 3543 1324 3600 Unde
1340 3545 1503 3602 etiam
1519 3546 1778 3602 Salomon
1794 3556 1940 3604 recte
1958 3547 2072 3603 vim

479 3628 847 3697 percussionis
877 3630 1164 3705 utriusque
1193 3632 1532 3706 conjungens
1561 3635 1639 3692 ait
1664 3652 1676 3690 :
1708 3636 1876 3692 Livor
1893 3637 2072 3692 vulne-

477 3717 558 3770 ris
602 3717 854 3790 abstergit
897 3721 1064 3787 mala,
1113 3727 1162 3777 et
1196 3723 1372 3795 plaga:
1394 3724 1451 3778 in
1479 3725 1845 3781 secretioribus
1874 3726 2075 3781 ventris

480 3803 667 3874 (Prov.
702 3821 798 3876 xx,
832 3807 946 3881 30).
981 3809 1083 3866 Per
1111 3811 1341 3868 livorem
1375 3813 1578 3886 quippe
1604 3815 1872 3884 vulneris,
1908 3814 2072 3872 disci-

475 3892 682 3964 plinam
713 3895 975 3956 ’insinuat
1006 3915 1280 3972 corporeae
1310 3903 1698 3974 percussionis.
1733 3904 1910 3977 Plagae
1943 3919 2073 3960 vero

475 3982 532 4038 in
561 3985 951 4044 secretioribus
968 3990 1178 4046 ventris
1198 3999 1327 4047 sunt
1349 3992 1566 4048 interna
1587 3994 1784 4050 mentis
1816 3994 2068 4063 vulnera,

474 4087 594 4144 quae
610 4089 704 4144 per
721 4077 1201 4148 compunctionem
1221 4075 1382 4136 ﬁunt.
1410 4087 1547 4144 751
1578 4081 1732 4138 Sicut
1759 4082 1906 4139 enim
1939 4099 2070 4138 ven-

475 4175 556 4223 ter
583 4169 723 4226 cibis
753 4173 991 4243 repletus
1021 4177 1361 4246 extenditur,
1387 4179 1462 4235 ita
1483 4197 1636 4238 mens
1657 4182 1842 4252 pravis
1863 4183 2069 4254 cogita-

476 4255 721 4313 tionibus
748 4257 976 4317 dilatata
995 4263 1332 4322 sublevatur.
1352 4267 1689 4341 Abstergunt
1710 4271 1882 4343 igitur
1897 4272 2066 4342 mala,

473 4351 528 4398 et
557 4343 700 4400 livor
729 4346 995 4416 vulneris,
1027 4360 1080 4406 et
1110 4352 1279 4424 plagae
1309 4354 1366 4409 in
1398 4357 1786 4415 secretioribus
1831 4361 2064 4428 ventris,

473 4431 603 4504 quia
630 4442 684 4490 et
713 4432 1010 4506 disciplina
1038 4440 1279 4496 exterior
1299 4443 1487 4514 culpas
1507 4444 1692 4514 diluit,
1712 4455 1766 4502 et
1781 4457 2066 4504 extensam

472 4531 710 4578 mentem
759 4527 1112 4597 compunctio
1154 4529 1490 4600 poenitentia:
1521 4532 1733 4591 ultione
1764 4537 2060 4609 transﬁgit.

472 4610 576 4667 Sed
607 4611 714 4670 hoc
742 4614 886 4670 inter
912 4633 968 4672 se
997 4598 1228 4692 utraque
1256 4619 1373 4678 haec
1401 4621 1683 4693 differunt,
1713 4626 1860 4699 quod
1890 4598 2060 4700 plagae
2093 4598 2142 4657 Β

471 4702 885 4772 percussionum
915 4705 1124 4775 dolent,
1157 4709 1395 4766 lamenta
1423 4715 1916 4784 compunctionum
1958 4735 2056 4774 sa-

469 4790 646 4862 piunt.
696 4793 812 4849 Illae
842 4793 1145 4866 aﬂligentes
1174 4800 1442 4868 cruciant,
1479 4802 1584 4858 ista
1615 4804 1890 4874 reﬁciunt,
1927 4808 2061 4864 dum

466 4879 737 4953 afﬂigunt.
773 4882 875 4940 Per
896 4883 1019 4940 illas
1051 4885 1108 4941 in
1141 4886 1442 4944 afﬂictione
1471 4907 1674 4948 mceror
1701 4903 1803 4963 est,
1828 4912 1924 4967 per
1943 4896 2062 4957 haec

469 4969 523 5024 in
555 4987 791 5028 nuerore
812 4973 1024 5031 laetitia.
1048 4975 1189 5043 Quia
1203 4984 1385 5032 tamen
1402 4977 1521 5050 ipsa
1539 4984 1893 5054 compunctio
1908 5003 2060 5044 men-

465 5066 573 5115 tem
605 5061 826 5130 lacerat,
849 5062 1097 5119 eamdem
1119 5067 1601 5138 compunctionem
1623 5087 1734 5128 non
1756 5073 2058 5149 incongrue

463 5145 813 5220 disciplinam
847 5161 1025 5210 vocat.

533 5251 620 5308 41.
673 5258 914 5324 Quatuor
940 5260 1112 5317 modis
1131 5261 1272 5332 justi
1303 5263 1360 5320 in
1387 5269 1777 5339 compunctione
1807 5272 2059 5345 afﬁciun-

467 5344 589 5406 tur;
638 5345 778 5414 quod
822 5351 1056 5422 exemplo
1103 5352 1268 5410 Pauli
1295 5355 1591 5413 ostenditur
1617 5363 1668 5415 et
1693 5360 1938 5419 David-is.
1989 5393 2059 5406 —

537 5587 637 5684 [ἓξ
655 5588 1082 5684 E9,-,3_gt{lfgin_ep}
1325 5600 1643 5684 Lectionem
1659 5606 1788 5666 Mss.
1809 5610 2050 5684 Anglic,

461 5657 674 5740 Norer
699 5657 976 5740 ἲζίιιάοοξ,Δ
993 5673 1122 5740 et_c.,
1157 5657 1544 5740 expressimus;

533 5728 554 5763 ²
582 5729 828 5799 Ebroic.,
859 5728 1118 5794 cubicula;

530 5802 552 5836 ³
581 5801 746 5860 Deest
771 5803 865 5862 hoc
892 5805 951 5863 in
979 5807 1109 5868 Mss.
1139 5811 1329 5871 Norm.
1360 5824 1414 5874 et
1429 5816 1586 5876 Colb.

2185 1963 2328 2018 Dum
2347 1978 2527 2016 sumus
2549 1964 2569 1996 ³
2589 1963 2642 2016 in
2673 1963 2766 2018 hoc
2794 1981 3032 2036 corpore,
3059 1966 3468 2038 peregrinamur
3496 1985 3532 2022 a
3559 1967 3799 2022 Domino

2189 2051 2279 2123 (II
2307 2051 2432 2109 Cor.
2465 2069 2523 2116 v,
2549 2051 2632 2124 6).
2665 2053 2736 2109 Et
2770 2071 2782 2108 :
2837 2055 2991 2112 Video
3019 2056 3188 2110 aliam
3237 2057 3391 2127 legem
3436 2057 3496 2111 in
3543 2058 3799 2115 membris

2186 2141 2313 2196 meis
2357 2147 2733 2212 repugnantem
2782 2143 2882 2214 legi
2931 2145 3116 2199 mentis
3156 2163 3300 2211 mete,
3346 2151 3392 2199 et
3421 2146 3692 2217 captivum
3715 2165 3800 2202 me

2187 2232 2452 2288 ducentem
2484 2233 2539 2288 in
2567 2235 2668 2306 lege
2692 2237 2913 2307 peccati,
2964 2255 3082 2308 qua;
3126 2244 3201 2292 est
3249 2239 3303 2293 in
3343 2239 3592 2294 membris
3641 2241 3793 2296 meis.

2190 2319 2392 2392 Infelix
2419 2338 2506 2392 ego
2534 2323 2707 2388 homo,
2739 2323 2858 2394 quis
2887 2341 2966 2378 me
2997 2325 3240 2381 liberabit
3262 2327 3324 2381 de
3350 2345 3572 2400 corpore
3601 2330 3798 2384 mortis

2187 2408 2346 2479 hujus
2369 2409 2544 2481 (Rom.
2583 2427 2686 2477 vn,
2718 2411 2832 2484 23).
2864 2413 2936 2469 Et
2955 2430 3172 2470 rursum
3195 2415 3338 2473 bona
3359 2425 3576 2473 aeterna:
3596 2420 3796 2491 patriae

2187 2498 2585 2568 considerabat,
2631 2501 2858 2558 dicens:
2917 2503 3157 2562 Videmus
3193 2522 3333 2560 nunc
3373 2523 3475 2579 per
3516 2511 3795 2578 speculum

2188 2587 2246 2642 in
2291 2589 2564 2660 wnigmate
2583 2607 2604 2656 ;
2661 2596 2781 2645 tunc
2831 2599 3006 2648 autem
3060 2592 3198 2663 faeie
3251 2595 3324 2649 ad
3369 2594 3581 2666 faciem.
3631 2599 3796 2655 Nunc

2187 2695 2430 2750 cognosco
2468 2696 2532 2732 ex
2572 2685 2750 2750 parte,
2801 2685 2920 2735 tunc
2965 2687 3139 2736 autem
3181 2699 3505 2754 cognoscam,
3555 2686 3694 2742 sicut
3741 2697 3798 2743 et

2186 2768 2420 2840 cognitus
2440 2786 2556 2823 sum
2573 2771 2632 2841 (Ι
2650 2770 2774 2825 Cor.
2799 2787 2925 2836 xm,
2952 2771 3062 2844 12).
3098 2773 3278 2845 Atque
3304 2773 3539 2830 iterum:
3578 2776 3793 2832 Scimus

2185 2859 2435 2928 quoniam
2465 2858 2512 2914 si
2542 2859 2805 2915 terrestris
2833 2859 3022 2915 domus
3045 2867 3228 2917 nostra
3257 2863 3418 2934 hujus
3439 2863 3793 2922 habitationis

2187 2946 2534 3013 dissolvatur,
2564 2948 2705 3019 quod
2733 2947 3132 3020 aedificationem
3159 2968 3224 3006 ea:
3252 2953 3360 3008 Deo
3381 2953 3655 3020 habemus,
3676 2955 3794 3010 do-

2186 3053 2330 3090 mum
2367 3035 2752 3105 manufaetam,
2794 3043 3048 3094 aeternam
3077 3039 3132 3094 in
3159 3040 3300 3096 caelis
3327 3041 3418 3112 (II
3447 3042 3573 3098 Cor.
3607 3060 3668 3110 v,
3704 3045 3786 3116 1).

2186 3123 2354 3195 Cujus
2377 3123 2575 3181 domus
2603 3125 2749 3181 bona
2780 3125 3020 3196 intuens,
3044 3128 3303 3200 Ephesiis
3317 3129 3485 3187 dicit:
3519 3133 3584 3189 Ut
3602 3133 3791 3190 sciatis

2185 3229 2301 3284 qua
2327 3213 2395 3267 sit
2431 3229 2546 3284 spes
2591 3213 2877 3272 vocationis
2924 3215 3060 3286 ejus,
3108 3223 3156 3272 et
3200 3235 3316 3290 quae
3357 3219 3560 3276 divitia:
3597 3223 3796 3292 glorite

2184 3301 2507 3357 luereditatis
2541 3301 2653 3372 ejus
2686 3303 2738 3358 in
2768 3305 2986 3372 sanctis,
3034 3313 3084 3362 et
3123 3324 3242 3380 qua:
3281 3308 3352 3363 sit
3391 3311 3795 3381 supereminens

2183 3391 2490 3462 magnitudo
2520 3391 2736 3448 virtutis
2765 3393 2880 3464 ejus
2898 3396 2956 3450 in
2974 3413 3092 3462 nos,
3107 3397 3200 3468 qui
3214 3398 3532 3454 credidimus
3556 3399 3787 3472 (Ephes.

2185 3499 2248 3548 II,
2275 3483 2388 3554 18).
2411 3483 2557 3539 Mala
2576 3484 2705 3540 vitae
2738 3488 3020 3558 praesentis
3050 3487 3241 3546 beatus
3269 3489 3372 3546 Job
3402 3493 3788 3563 considerans,

2183 3571 2292 3627 ait:
2334 3573 2570 3628 Tentatio
2603 3580 2678 3628 est
2719 3576 2740 3610 ⁴
2785 3577 2892 3632 vita
2929 3577 3164 3635 humana
3205 3596 3365 3652 super
3411 3587 3617 3636 terram
3659 3583 3791 3654 (Job

2183 3675 2284 3725 vn,
2318 3659 2394 3732 1).
2445 3660 2600 3718 Unde
2640 3663 2820 3719 David
2862 3681 3098 3739 quoque,
3130 3667 3242 3724 ait:
3283 3669 3538 3726 Universa
3571 3673 3792 3730 vanitas

2182 3749 2351 3804 omnis
2388 3750 2539 3806 homo
2567 3751 2742 3807 vivens
2775 3753 2948 3824 (Psal.
2981 3771 3222 3824 xxxvm,
3256 3757 3335 3829 6).
3371 3759 3444 3815 Et
3464 3773 3788 3836 quanquam

2183 3837 2240 3892 in
2271 3839 2507 3911 imagine
2535 3841 2635 3896 Dei
2665 3841 2910 3899 ambulet
2940 3843 3126 3913 homo,
3159 3854 3343 3903 tamen
3374 3865 3515 3906 vane
3559 3861 3789 3909 contur-

2181 3925 2420 3983 babitur.
2451 3928 2556 3994 Qui
2581 3945 2797 3993 rursum
2815 3940 3070 3989 aeternam
3095 3935 3328 4006 patriam
3352 3941 3784 4014 contemplatus,

2181 4026 2235 4074 et
2261 4017 2379 4074 haec
2408 4019 2553 4074 mala
2583 4036 2818 4091 pensans
2848 4022 2905 4076 in
2934 4023 3136 4096 quibus
3163 4034 3300 4096 erat,
3334 4036 3498 4102 atque
3515 4031 3616 4088 illa
3635 4033 3789 4090 bona

2179 4105 2532 4163 considerans
2574 4107 2632 4163 in
2674 4109 2876 4182 quibus
2926 4111 3110 4169 adhuc
3154 4131 3262 4170 non
3311 4127 3446 4187 erat,
3497 4119 3616 4177 ait:
3667 4123 3786 4179 Heu

2176 4212 2257 4250 me
2273 4195 2292 4250 !
2311 4196 2440 4267 quia
2453 4197 2719 4254 incolatus
2735 4217 2876 4255 meus
2887 4203 3236 4275 prolongatus
3251 4213 3325 4261 est
3343 4207 3687 4280 (Psal.cxtx,
3702 4213 3784 4285 5).

2178 4284 2271 4350 Et,
2300 4286 2414 4356 Ego
2444 4285 2564 4342 diri
2593 4287 2647 4342 in
2669 4305 2872 4360 pavore
2899 4307 3050 4346 meo:
3087 4293 3356 4364 projectus
3384 4313 3502 4352 sum
3547 4317 3586 4354 a
3627 4284 3786 4358 vultu

2177 4375 2450 4430 oculorum
2479 4381 2694 4431 tuorum
2725 4377 2896 4450 (Psal.
2933 4396 3074 4447 xxx,
3101 4383 3216 4454 23).
3249 4383 3586 4448 Sublevatus
3607 4388 3667 4444 in
3689 4407 3784 4447 ex-

2177 4462 2326 4530 stasi,
2359 4463 2506 4536 quod
2534 4465 2709 4522 nostri
2741 4466 3064 4540 interpretes
3093 4487 3351 4542 pavorem
3383 4475 3404 4510 ⁸
3437 4477 3666 4549 proprie
3686 4496 3784 4537 vo-

2175 4561 2456 4620 caverunt,
2490 4570 2522 4610 a
2551 4553 2712 4611 vultu
2739 4557 3027 4614 oculorum
3057 4561 3157 4617 Dei
3187 4561 3331 4618 vidit
3358 4579 3415 4619 se
3435 4579 3554 4622 esse
3584 4567 3784 4642 proje—

2171 4649 2341 4696 ctum.
2376 4641 2504 4698 Post
2535 4641 2738 4700 intemi
2769 4645 2970 4718 quippe
3001 4647 3232 4706 luminis
3251 4650 3547 4722 visionem,
3573 4641 3702 4728 quae
3723 4659 3782 4714 in

2171 4725 2288 4800 ejus
2317 4729 2501 4786 anima
2531 4747 2628 4803 per
2657 4736 3152 4807 contemplationis
3181 4739 3414 4811 gratiam
3436 4725 3782 4804 radio—clari-

2171 4821 2298 4876 tatis
2328 4821 2579 4891 emicuit,
2614 4824 2683 4881 ad
2715 4827 3074 4899 semetipsum
3119 4829 3314 4898 rediit;
3361 4841 3416 4889 et
3455 4836 3780 4906 cognitione

2169 4918 2438 4982 percepta,
2491 4911 2580 4967 vel
2609 4912 2812 4986 quibus
2843 4915 2960 4972 illic
2989 4917 3152 4974 bonis
3179 4918 3414 4988 deesset,
3448 4923 3538 4978 vel
3570 4925 3781 4998 quibus

2168 4998 2328 5054 malis
2377 5005 2520 5062 752
2569 5000 2660 5058 hic
2706 5001 2937 5074 adesset,
2987 5005 3218 5065 invenit.
3253 5009 3440 5084 Neque
3467 5012 3620 5068 enim
3653 5018 3780 5088 quis

2166 5097 2451 5168 praesentis
2482 5100 2612 5156 vitae
2642 5102 2790 5158 mala
2819 5103 2967 5160 sicut
2997 5114 3126 5161 sunt
3145 5107 3464 5180 conspicere
3486 5113 3774 5181 praevalet,

2165 5186 2212 5242 si
2236 5186 2382 5243 bona
2409 5196 2624 5246 aeternae
2654 5192 2846 5264 patriae
2875 5209 2970 5264 per
3011 5196 3502 5270 contemplationis
3549 5209 3776 5272 gustum

2169 5277 2485 5349 contingere
2515 5279 2750 5337 necdum
2781 5281 2946 5339 valet.
2981 5283 3136 5340 Unde
3166 5293 3220 5342 et
3243 5301 3276 5342 a
3294 5286 3456 5342 vultu
3477 5291 3776 5348 oculorum

2167 5366 2266 5424 Dei
2291 5367 2597 5440 projectum
2635 5385 2694 5428 se
2723 5385 2840 5429 esse
2870 5373 3150 5446 cognovit.
3200 5373 3535 5436 Sublevatus
3567 5381 3776 5454 quippe

2237 5617 2258 5653 ⁴
2289 5615 2480 5689 Colb._,
2502 5617 2642 5689 Utic.
2671 5627 2729 5689 et
2758 5619 2874 5689 alii,
2907 5619 3018 5676 vita
3045 5621 3292 5676 hominis.

2235 5689 2258 5723 δ
2290 5689 2354 5766 In
2381 5687 2562 5766 Editis
2581 5688 2806 5766 additur
2825 5687 3095 5766 particula
3113 5709 3238 5760 non,
3262 5707 3385 5766 quae
3399 5695 3694 5756 omittitur
3714 5702 3773 5757 in

2162 5757 2288 5816 Mss.
2323 5759 2644 5833 Anglicanis
2673 5770 2728 5820 et
2755 5757 2980 5822 nostris.
