3928 6382
103 400 211 458 277

859 398 1230 456 MORALIUM
1269 401 1403 458 LIB.
1447 401 1654 460 XXIII.
1696 432 1767 446 -
1805 400 1877 461 IN
1913 401 2146 465 CAPUT
2184 405 2428 466 XXXIII
2466 410 2530 466 B.
2569 409 2712 468 JOB.

3327 416 3434 475 278

105 527 252 584 vidit
281 524 436 600 quod
483 522 551 580 de
594 539 651 579 se
680 521 774 581 hic
801 521 987 582 videre
1014 540 1126 581 non
1157 541 1317 598 posse
1344 525 1414 582 ad
1443 543 1500 583 se
1530 527 1719 600 relap-
1746 529 1798 590 A
1828 528 2074 586 vitiatos.
2123 530 2365 588 Proinde
2395 533 2718 604 compuncti
2749 535 3056 605 appetimus
3083 537 3256 596 vitare
3285 539 3434 614 quod

107 635 201 676 sus
232 614 528 688 ingemuit.

177 707 268 764 42.
321 703 753 776 Compunctionis
794 705 997 775 eﬂ'ectus
1042 705 1101 760 in
1123 704 1391 776 perfectis.
1443 735 1514 747 —
1544 705 1723 763 Perfe-

109 807 252 855 ctam
285 794 504 851 scilicet
531 793 775 849 animam
807 793 912 850 ista
939 793 1293 866 compunctio
1323 795 1538 852 allicere
1567 795 1722 852 fami-

111 885 307 942 liarius
337 885 499 952 solet,
533 901 641 957 qua
671 899 861 940 omnes
889 883 1312 956 imaginationes
1331 901 1626 956 corporeas
1647 884 1727 942 in-

109 975 354 1032 solenter
404 973 515 1028 sibi
557 973 845 1030 obviantes
880 975 895 1008 ¹
927 972 1175 1042 discutit,
1208 982 1262 1030 et
1289 973 1473 1030 cordis
1501 975 1725 1031 oculum

111 1065 280 1137 ﬁgere
328 1064 388 1119 in
431 1063 551 1136 ipso
581 1063 737 1120 radio
767 1063 1262 1136 incircumscriptaa
1293 1065 1433 1122 lucis
1463 1064 1722 1123 intendit.

113 1156 224 1212 Has
245 1155 453 1228 quippe
474 1153 776 1226 ﬁgurarum
799 1155 1169 1226 corporalium
1193 1155 1400 1227 species
1416 1155 1484 1210 ad
1499 1173 1555 1212 se
1575 1155 1726 1212 intus

111 1271 182 1310 ex
232 1252 558 1309 inﬁrmitate
605 1252 854 1324 corporis
899 1253 1089 1309 traxit.
1140 1251 1246 1310 Sed
1286 1253 1526 1324 perfecte
1567 1270 1730 1311 com-

113 1353 321 1417 puncta
348 1341 444 1400 hic
471 1357 819 1414 summopere
863 1342 1138 1415 invigilat,
1185 1359 1252 1399 ne
1281 1360 1407 1400 cum
1439 1343 1726 1400 veritatem

117 1433 339 1508 quaerit,
371 1449 492 1488 eam
524 1432 848 1505 imaginatio
877 1431 1308 1506 circumscriptae
1338 1434 1571 1491 visionis
1601 1434 1726 1490 illu-

113 1523 229 1592 dat,
261 1531 604 1595 cunctasque
619 1521 726 1578 sibi
748 1521 1035 1578 obviantes
1050 1523 1320 1595 imagines
1339 1523 1565 1594 respuit.
1589 1522 1730 1590 Quia

113 1613 268 1672 enim
323 1629 417 1685 per
459 1613 586 1670 illas
616 1613 762 1669 infra
790 1630 847 1668 se
877 1613 1026 1685 lapsa
1056 1623 1156 1682 est,
1190 1614 1310 1670 sine
1340 1613 1452 1669 illis
1482 1629 1644 1685 super
1673 1630 1728 1669 se

114 1703 198 1759 ire
258 1710 521 1768 conatur;
583 1710 636 1758 et
685 1709 972 1775 postquam
1034 1719 1128 1774 per
1183 1703 1358 1759 multa
1415 1701 1730 1758 indecenter

112 1808 308 1865 sparsa
336 1801 436 1860 est,
469 1791 527 1846 in
557 1806 731 1846 unum
763 1807 820 1847 se
841 1790 1102 1862 colligere
1133 1790 1352 1858 nititur,
1377 1799 1438 1847 ut
1467 1791 1513 1846 si
1535 1806 1732 1862 magna

1831 617 2084 690 fecimus,
2116 630 2179 678 ut
2208 621 2278 678 ad
2317 620 2376 677 id
2423 621 2571 694 quod
2618 621 2747 678 facti
2791 621 3002 680 fuimus
3049 625 3431 684 reformemur.

1833 708 1987 765 Unde
2016 718 2070 768 et
2101 719 2226 784 apte
2254 712 2534 784 sequitur:

2228 800 2458 858 CAPUT
2489 801 2649 858 XXII
2681 801 2796 876 [Αι.
2829 802 3037 877 XXII].

1906 888 2075 945 Vens.
2112 889 2197 945 17.
2223 920 2295 931 -
2318 891 2380 947 Ut
2395 897 2606 947 avertat
2623 891 2890 948 hominem
2909 893 2975 948 ab
2996 892 3079 948 his
3097 908 3215 964 qua:
3232 893 3377 964 fecit,
3392 903 3441 951 et

1836 978 2016 1033 liberet
2042 996 2160 1033 eum
2188 980 2250 1034 de
2277 981 2547 1053 superbia.

1905 1067 1992 1123 44.
2031 1069 2441 1140 Compunctione
2468 1071 2766 1126 avertimur
2795 1090 2832 1127 a
2853 1073 3080 1144 peccatis
3088 1073 3246 1144 prius
3257 1091 3438 1146 perpe-

1837 1157 2014 1224 tratis,
2045 1164 2094 1212 et
2121 1177 2158 1214 a
2186 1159 2437 1230 superbia
2469 1161 2777 1216 liberamur.
2800 1191 2872 1203 —
2897 1161 3042 1229 Quid
3064 1163 3210 1218 enim
3228 1165 3248 1198 ⁷
3271 1162 3440 1219 homo

1835 1245 1905 1303 de
1937 1247 2121 1318 seipso
2141 1247 2247 1303 nisi
2273 1257 2554 1320 peccatum
2573 1249 2751 1306 fecit?
2768 1253 2913 1312 753
2941 1252 3016 1307 Et
3035 1251 3300 1324 scriptum
3323 1260 3436 1308 est:

1835 1344 2058 1400 Initium
2087 1345 2261 1400 omnis
2304 1347 2504 1418 peccati
2544 1347 2793 1418 superbia
2842 1347 3012 1420 (Eccl.
3046 1365 3103 1416 x,
3139 1349 3250 1421 15).
3295 1349 3443 1405 Bene

1835 1449 1964 1506 ergo
1994 1435 2210 1492 dicitur
2251 1436 2377 1508 quia
2410 1435 2578 1492 homo
2607 1454 2732 1494 cum
2758 1439 2826 1494 ab
2847 1437 2936 1494 his
2955 1455 3077 1511 qua
3099 1438 3228 1494 fecit
3243 1438 3441 1494 averti-

1835 1534 1928 1581 tur
1953 1524 2020 1581 de
2049 1525 2308 1597 superbia
2335 1525 2624 1584 liberatur.
2650 1526 2857 1584 Contra
2874 1528 3216 1585 conditorem
3239 1527 3443 1600 quippe

1837 1613 2126 1686 superbire
2157 1624 2237 1671 est
2269 1625 2542 1688 praecepta
2570 1615 2688 1687 ejus
2719 1617 2998 1688 peccando
3035 1615 3440 1683 transcendere,

1838 1704 1979 1778 quia
2025 1705 2183 1778 quasi
2233 1721 2266 1760 a
2312 1721 2368 1760 se
2405 1703 2600 1777 jugum
2633 1705 3036 1762 dominationis
3065 1705 3181 1778 ejus
3209 1706 3441 1773 excutit,

1843 1797 1864 1832 ⁸
1894 1797 1984 1854 cui
2017 1813 2116 1868 per
2145 1797 2516 1853 obedientiam
2547 1797 2773 1853 subesse
2795 1797 3119 1882 contemnit.
3153 1796 3226 1852 At
3254 1805 3449 1853 contra

116 1885 174 1941 vi
221 1884 430 1941 amoris
479 1883 758 1955 praevalet,
806 1899 924 1939 esse
952 1898 1125 1939 unum
1155 1891 1318 1954 atque
1348 1880 1729 1952 incorporeum
1766 1889 1814 1950 Β
1851 1886 1947 1958 qui
1978 1885 2036 1942 id
2066 1885 2216 1958 quod
2246 1885 2380 1942 fecit
2409 1886 2584 1942 vitare
2601 1886 2827 1958 appetit,
2853 1885 2910 1941 id
2925 1880 3072 1958 quod
3091 1886 3251 1941 aDeo
3271 1884 3448 1941 factus

114 1975 550 2046 contempletur.

186 2061 278 2118 43.
315 2060 794 2132 Contemplationis
823 2075 985 2132 sapor
1012 2074 1120 2114 non
1145 2057 1253 2113 nisi
1289 2057 1490 2129 raptim
1515 2062 1737 2112 mentem

119 2151 297 2224 alﬁcit.
339 2151 481 2208 Hinc
503 2151 587 2224 pii
613 2151 853 2222 gemitus,
885 2147 1244 2204 delectationis
1275 2153 1446 2202 tamen
1473 2150 1733 2217 expertes.

117 2272 189 2284 —
219 2240 382 2298 Unde
412 2238 716 2313 aliquando
745 2238 812 2296 ad
835 2237 1128 2312 quamdam
1150 2235 1470 2292 inusitatam
1491 2232 1736 2291 dulcedi-

123 2347 251 2388 nem
300 2330 510 2387 interni
555 2328 769 2402 saporis
807 2327 1142 2395 admittitur,
1193 2343 1256 2383 ac
1303 2325 1504 2396 raptim
1551 2322 1738 2396 aliquo

124 2420 292 2478 modo
319 2419 538 2477 ardenti
555 2419 757 2492 spiritu
775 2417 958 2475 amata
977 2425 1275 2474 renovatur
1297 2433 1312 2484 ;
1344 2423 1608 2486 tantoque
1626 2428 1738 2468 ma-

123 2513 205 2586 gis
235 2509 441 2578 inhiat,
475 2519 684 2583 quanto
713 2510 888 2582 magis
915 2507 1064 2584 quod
1093 2516 1240 2566 amet
1265 2505 1538 2580 degustat.
1577 2503 1598 2539 ³
1629 2505 1741 2560 At-

124 2616 230 2674 que
262 2599 370 2656 hoc
401 2599 550 2656 intra
590 2616 648 2656 se
678 2599 888 2672 appetit
917 2597 1064 2672 quod
1093 2596 1202 2652 sibi
1231 2595 1395 2652 dulce
1424 2609 1613 2666 sapere
1643 2593 1742 2647 in-

124 2691 400 2747 trinsecus
429 2689 620 2758 sentit,
653 2689 783 2762 quia
804 2687 1066 2744 videlicet
1085 2685 1205 2758 ejus
1221 2701 1408 2742 amore
1427 2681 1743 2742 dulcedinis

124 2777 234 2834 sibi
283 2795 469 2835 coram
504 2793 560 2834 se
589 2777 785 2844 viluit;
832 2785 886 2832 et
927 2785 1216 2848 postquam
1248 2773 1412 2840 hanc,
1443 2781 1744 2842 utcumque

126 2871 148 2904 ³
182 2867 464 2940 percipere
495 2866 696 2938 potuit,
729 2863 866 2938 quid
885 2865 1004 2920 sine
1025 2864 1123 2920 illa
1136 2861 1346 2918 dudum
1368 2859 1564 2916 fuisset
1593 2859 1742 2913 inve-

128 2958 232 3015 nit.
253 2957 356 3014 Cui
388 2956 662 3012 inhaerere
681 2964 932 3022 conatur,
950 2953 1046 3010 sed
1073 2952 1142 3010 ab
1163 2951 1208 3024 ej
1217 2948 1630 3022 usﬁfortitudine
1648 2963 1748 3004 sua

130 3047 315 3106 adhuc
343 3046 671 3103 inﬁrmitate
699 3045 1022 3117 repellitur;
1056 3052 1110 3101 et
1141 3045 1161 3078 ‘
1195 3041 1326 3116 quia
1362 3039 1484 3112 ejus
1515 3037 1747 3094 mundi-

129 3137 262 3195 tiam
323 3135 704 3208 contemplare
760 3150 872 3190 non
930 3133 1097 3201 valet,
1155 3130 1286 3189 ﬁere
1341 3129 1504 3186 dulce
1561 3126 1744 3196 habet,

1848 1987 1930 2035 est
1967 1975 2332 2050 recognoscit,
2383 1986 2437 2033 et
2466 1976 2535 2034 ad
2561 1975 2899 2034 conditionis
2927 1990 3040 2030 suae
3068 1972 3318 2030 ordinem
3346 1971 3448 2027 bu-

1844 2068 2055 2124 militer
2086 2065 2252 2135 redit,
2274 2065 2410 2122 dum
2432 2082 2532 2122 sua
2550 2081 2716 2138 Opera
2734 2064 2972 2136 fugiens,
2994 2063 3160 2121 talem
3180 2078 3239 2119 se
3266 2063 3289 2098 '
3319 2077 3448 2135 qua-

1845 2158 1916 2230 lis
1946 2172 1978 2212 a
2004 2157 2120 2212 Deo
2151 2155 2328 2213 factus
2355 2164 2438 2212 est
2467 2154 2676 2227 diligit.
2707 2153 2850 2222 Quia
2876 2169 3010 2210 vero
3049 2168 3146 2226 per
3191 2150 3334 2209 hanc
3367 2150 3450 2205 in-

1846 2245 2214 2320 telligentiam
2263 2246 2440 2318 gloria
2481 2246 2818 2318 sempiterna
2867 2243 3152 2316 recipitur,
3180 2240 3452 2314 supplicia

1849 2345 2054 2393 aeterna
2084 2336 2355 2403 vitantur,
2387 2343 2511 2407 apte
2541 2333 2932 2406 subjungitur:

2232 2423 2460 2481 CAPUT
2490 2424 2674 2480 XXIII
2705 2421 2850 2497 [Rec.
2881 2421 3064 2496 XIV].

1921 2514 2092 2572 Vnus.
2127 2513 2213 2570 i8.
2236 2515 2534 2570 —Eruens
2563 2513 2801 2568 animam
2845 2511 2960 2581 ejus
2986 2511 3050 2566 de
3093 2508 3451 2582 corruptione,

1850 2609 1898 2660 et
1925 2603 2091 2659 vitam
2121 2603 2294 2669 illius,
2325 2608 2385 2657 ut
2411 2619 2520 2658 non
2550 2607 2786 2658 transeat
2811 2601 2871 2656 in
2897 2599 3155 2673 gladium.

1921 2693 2010 2751 45.
2041 2693 2129 2750 Sic
2155 2693 2368 2748 eruitur
2395 2693 2580 2748 anima
2611 2711 2647 2749 a
2674 2693 3014 2766 corruptione
3040 2697 3088 2746 et
3114 2707 3150 2746 a
3177 2689 3347 2745 divini
3365 2687 3456 2758 juo

1851 2781 1980 2837 dicii
1999 2782 2504 2854 gladio.—0mnis
2539 2781 2742 2856 quippe
2779 2789 3033 2854 peccator
3073 2779 3143 2836 ab
3190 2777 3296 2835 hac
3338 2793 3454 2834 cor-

1854 2870 2114 2941 ruptione
2182 2868 2449 2926 vitiorum
2503 2871 2640 2927 illuc
2694 2869 2764 2927 ad
2821 2868 3064 2942 gladium
3105 2865 3459 2939 compellitur

1857 2957 2095 3014 transire
2124 2971 2434 3030 poenarum,
2482 2966 2546 3012 ut
2590 2957 2737 3013 unde
2781 2957 2875 3016 hic
2918 2958 3108 3030 inique
3155 2956 3431 3014 delectata

1857 3055 1957 3115 est,
2012 3045 2140 3102 inde
2189 3045 2308 3102 illic
2349 3044 2498 3117 juste
2544 3044 2841 3102 crucietur.
2873 3044 3187 3101 Notandum
3217 3051 3302 3100 est
3329 3057 3460 3114 ergo

1858 3135 2006 3209 quod
2035 3138 2180 3193 Deus
2209 3136 2372 3192 nobis
2403 3152 2498 3208 per
2527 3135 2806 3192 somnium
2839 3135 3087 3208 loquens,
3121 3133 3274 3206 prius
3300 3148 3402 3188 nos
3429 3147 3464 3187 a

130 3225 354 3300 sibique
383 3224 453 3281 ad
482 3240 540 3280 se
569 3223 788 3281 cadenti
809 3220 1153 3279 inﬁrmitatis
1182 3237 1296 3276 suae
1316 3219 1588 3306 lacrymas
1616 3225 1749 3306 ster:
1779 3243 1824 3306 ο
1859 3225 2233 3300 corruptione,
2269 3233 2323 3282 et
2354 3225 2706 3298 postmodum
2756 3240 2789 3280 δ
2835 3223 3018 3296 stadio
3065 3222 3282 3290 liberat,
3331 3222 3464 3295 quia

131 3331 284 3372 nere.
315 3315 506 3386 Neque
534 3313 680 3369 enim
712 3315 916 3370 mentis
945 3311 1168 3369 oculum
1199 3317 1380 3383 potest
1423 3307 1481 3363 in
1511 3305 1568 3362 id
1597 3303 1749 3378 quod

133 3405 284 3460 intra
325 3419 384 3460 se
428 3403 630 3476 raptim
674 3402 1024 3475 conspexerit
1050 3400 1235 3472 ﬁgere,
1268 3399 1398 3472 quia
1427 3395 1546 3468 ipso
1577 3403 1748 3450 vetu-

132 3496 295 3552 statis
343 3509 457 3550 suze
504 3508 609 3549 usu
649 3491 906 3548 deorsum
940 3491 1019 3547 ire
1047 3488 1419 3562 compellitur.
1453 3487 1605 3542 Inter
1631 3482 1752 3540 haec

134 3581 386 3649 anhelat,
416 3589 630 3648 aestuat,
662 3596 826 3652 super
866 3595 922 3635 se
964 3579 1043 3634 ire
1073 3585 1323 3644 conatur,
1359 3571 1452 3630 sed
1480 3572 1550 3628 ad
1579 3570 1752 3627 fami-

135 3670 304 3726 liares
336 3668 592 3726 tenebras
622 3685 748 3725 suas
777 3668 924 3726 victa
953 3667 1273 3739 fatigatione
1293 3662 1586 3720 relabitur.
1611 3659 1754 3728 Quia

135 3773 269 3830 ergo
299 3757 382 3814 sic
410 3757 604 3814 aﬁ‘ecta
631 3757 818 3814 anima
845 3767 1037 3816 contra
1065 3753 1414 3826 semetipsam
1446 3766 1610 3822 grave
1639 3765 1752 3806 cer-

135 3856 327 3904 tamen
373 3847 393 3881 ⁵
444 3846 638 3904 tolerat
678 3848 1048 3919 semetipsam,
1081 3853 1136 3902 et
1167 3843 1299 3917 quia
1327 3839 1510 3896 omnis
1539 3837 1658 3896 haec
1685 3837 1754 3894 de

139 3934 307 3992 nobis
337 3936 734 4006 controversia,
769 3938 790 3974 ⁶
821 3953 947 3994 cum
977 3953 1078 3991 nos
1109 3933 1304 4000 aﬂicit,
1337 3929 1592 4004 quamvis
1611 3927 1753 3984 dele-

140 4024 389 4081 ctatione
409 4026 692 4096 permista,
716 4043 826 4083 non
849 4025 1128 4084 modicum
1152 4024 1396 4081 dolorem
1415 4022 1578 4095 parit,
1601 4020 1752 4087 Eliu,

141 4122 436 4187 postquam
481 4114 629 4173 dixit
668 4118 841 4172 Deum
874 4115 1035 4173 nobis
1065 4131 1160 4188 per
1187 4114 1468 4170 somnium
1500 4109 1671 4183 loqui,
1703 4117 1757 4164 et

139 4204 428 4261 locutione
472 4204 592 4278 ejus
634 4215 850 4264 nostras
892 4223 1054 4264 aures
1082 4203 1305 4278 aperiri,
1337 4218 1450 4258 non
1479 4199 1757 4255 immerito

139 4293 395 4349 eamdem
431 4297 774 4371 apertionem
806 4297 1025 4354 aurium
1042 4293 1396 4366 disciplinam
1419 4296 1597 4356 vocat,
1630 4285 1761 4360 quia

142 4397 206 4441 eo
239 4385 417 4460 magis
460 4401 564 4443 nos
609 4385 900 4444 aﬂiciendo
929 4384 1188 4452 conterit,
1223 4398 1331 4456 quo
1361 4379 1535 4452 magis
1563 4377 1631 4434 ad
1661 4393 1760 4432 nos

146 4493 246 4550 per
278 4476 554 4534 occultam
599 4473 719 4546 ejus
749 4474 1131 4547 inspirationis
1161 4471 1388 4544 gratiam
1421 4470 1650 4525 internae
1681 4465 1760 4521 in-

1859 3315 2128 3371 nimirum
2161 3314 2316 3370 illius
2336 3315 2512 3370 vitam
2535 3313 2653 3370 illic
2671 3313 2839 3386 eripit
2858 3311 2926 3369 ab
2947 3311 3160 3368 ultione
3179 3309 3461 3383 supplicii,

1857 3406 2018 3480 cujus
2047 3407 2141 3464 hic
2174 3415 2416 3464 mentem
2451 3403 2732 3462 subtrahit
2760 3421 2791 3462 a
2817 3404 3184 3462 delectatione
3230 3401 3462 3476 peccati.

1859 3498 2048 3570 Neque
2091 3497 2240 3553 enim
2290 3495 2410 3553 illic
2455 3494 2621 3552 habet
2668 3493 2818 3567 quod
2849 3492 3150 3550 formidare
3175 3490 3372 3548 debeat
3397 3488 3468 3546 de

1861 3585 2047 3660 gladio
2103 3585 2412 3653 sententia,
2474 3600 2636 3658 quem
2696 3583 2791 3641 hic
2848 3591 2971 3656 post
3025 3579 3466 3644 emendationem

1863 3691 2018 3731 suam
2051 3675 2290 3748 pollutio
2319 3691 2429 3730 non
2462 3671 2773 3746 corruperit
2802 3672 2998 3744 culpae.
3022 3671 3168 3727 Bene
3184 3683 3312 3739 ergo
3331 3665 3468 3722 dici-

1863 3774 1953 3822 tur
1976 3783 1988 3823 :
2024 3767 2241 3822 Eruens
2260 3765 2499 3821 animam
2523 3763 2639 3834 ejus
2662 3763 2726 3820 de
2753 3761 3116 3834 corruptione,
3145 3764 3195 3814 et
3220 3757 3386 3812 vitam
3402 3755 3468 3811 it-

1865 3856 1990 3922 tius,
2032 3862 2094 3911 ut
2137 3873 2247 3910 non
2295 3859 2534 3910 transeat
2577 3853 2634 3908 in
2681 3851 2943 3924 gladium.
2991 3852 3070 3907 De
3116 3846 3470 3920 corruptione

1823 3983 1828 3994 .
1864 3959 2101 4016 namque
2130 3941 2200 3998 ad
2244 3941 2494 4014 gladium
2527 3939 2764 3996 transire
2793 3948 2878 3995 est
2903 3946 3028 4010 post
3067 3943 3287 4008 peracta
3332 3931 3472 3988 vitia

1864 4031 1933 4087 ad
1963 4029 2248 4087 toleranda
2279 4029 2556 4102 supplicia
2583 4027 2893 4100 pervenire.
2925 4023 3223 4097 Sequitur:

2071 4117 2300 4176 CAPUT
2331 4115 2518 4174 XXIV
2551 4113 2690 4188 [Vet.
2721 4113 2934 4181 XXIII,
2966 4113 3086 4170 Hec.
3117 4108 3268 4184 XV].

1938 4207 2110 4263 Vens.
2147 4206 2233 4262 19.
2257 4206 2598 4275 —Increpat
2624 4218 2834 4273 quoque
2873 4217 2973 4273 per
3018 4199 3255 4255 dolorem
3290 4196 3350 4252 in
3393 4197 3476 4252 te-

1868 4296 2030 4360 ctulo,
2061 4300 2111 4350 et
2136 4294 2316 4350 omnia
2339 4309 2460 4348 ossa
2487 4293 2601 4363 ejus
2629 4306 2945 4348 marcescere
2971 4287 3120 4358 facit.

1939 4383 2030 4439 46.
2063 4383 2130 4440 In
2155 4381 2408 4454 prementi
2437 4381 2571 4447 vita,
2603 4379 2776 4436 omnis
2822 4394 2986 4450 quam
3029 4375 3178 4432 nobis
3218 4389 3479 4448 paramus

1870 4473 2076 4544 requies
2108 4472 2482 4528 tentationibus
2511 4470 2783 4526 turbatur.
2830 4470 2896 4525 In
2925 4466 3154 4539 quolibet
3182 4480 3378 4522 secessu
3401 4465 3479 4520 vi-

146 4565 475 4638 telligeutia‘.
503 4581 674 4621 sonus
703 4564 963 4636 erumpit.
986 4563 1173 4635 Neque
1201 4561 1349 4616 enim
1371 4557 1526 4614 ﬂeret
1555 4554 1762 4612 extrin-
1792 4604 1843 4664 Β
1873 4581 1993 4619 vere
2019 4564 2131 4618 sine
2161 4561 2535 4618 ιεηεαιίοπίὸιιε
2565 4577 2673 4615 non
2697 4575 3001 4632 possumus.
3019 4587 3092 4600 -
3110 4558 3172 4614 In
3201 4557 3485 4630 Scriptura

149 4671 313 4711 secus
342 4653 578 4727 quisque
609 4653 756 4726 quod
785 4661 888 4720 est,
921 4651 967 4708 si
996 4667 1109 4706 non
1139 4649 1471 4705 intrinsecus
1501 4645 1768 4717 potuisset
1795 4645 1843 4664 υ
1875 4669 2030 4710 sacra
2066 4652 2266 4720 lectus,
2315 4651 2434 4707 sive
2479 4648 2757 4721 grabatus,
2823 4648 2870 4683 ³ο
2925 4663 3023 4702 seu
3079 4654 3336 4713 stratum,
3383 4645 3483 4701 ali.

152 4744 367 4801 sentire
395 4743 542 4816 quod
573 4742 819 4798 nondum
850 4749 950 4797 est.
982 4740 1229 4810 Namque
1257 4752 1383 4794 cum
1406 4733 1768 4815 nosmetipsos

153 4811 488 4903 inspicimus
518 4831 659 4886 bene
688 4827 962 4895 conditos,
995 4824 1092 4881 sed
1118 4824 1188 4880 ad
1218 4819 1624 4895 persuasionem
1655 4811 1771 4873 dia-'

157 4919 401 4976 bolicam
445 4919 705 4992 pestifera
751 4914 1111 4974 consensione
1159 4911 1432 4982 deceptos,
1483 4907 1542 4963 in
1587 4907 1771 4962 nobis-

155 5008 413 5080 metipsis
443 5006 787 5065 attendimus
815 5004 969 5066 aliud
999 5019 1115 5059 esse
1157 4999 1304 5074 quod
1336 4999 1588 5064 fecimus,
1621 4993 1772 5052 aliud

155 5099 309 5174 quod
339 5100 470 5158 facti
493 5116 718 5166 sumus;
749 5095 1073 5157 conditione
1093 5109 1192 5148 nos
1214 5093 1475 5162 integros,
1499 5087 1593 5144 sed
1613 5086 1775 5158 culpa

236 5340 252 5374 ι
288 5334 527 5394 Vindoc.
559 5343 616 5392 et
643 5333 855 5406 Norm.,
887 5327 1099 5386 decutit.
1163 5399 1176 5406 _
1211 5398 1224 5406 _
1339 5397 1348 5406 .
1397 5401 1406 5406 _
1696 5391 1729 5406 ,.

235 5411 259 5446 ³
289 5407 514 5465 Ebroic.
547 5415 604 5462 et
621 5396 892 5478 ,Vindoicq
923 5399 1178 5478 atqueﬁad
1205 5398 1300 5454 hoc
1329 5397 1535 5478 intrare
1552 5396 1772 5478 appetit.

233 5485 256 5518 ³
290 5480 463 5538 Iidem
476 5495 603 5537 cum
617 5477 784 5544 Utic.,
802 5469 1006 5546 Pratel:
1016 5481 1070 5529 et
1084 5472 1265 5546 Becc,
1277 5469 1772 5546 perciperemeﬁruit.

234 5555 256 5589 δ
290 5534 618 5618 item,
651 5534 782 5606 cuni
807 5545 1069 5618 Vindoc.,
1092 5534 1353 5608 Co'lb.',-et
1383 5534 1478 5618 ab,
1503 5536 1600 5592 ubi
1622 5534 1777 5618 Editi

161 5607 372 5684 habent
391 5607 418 5680 ἶ
435 5607 567 5695 quia
603 5607 721 5695 ejus
747 5617 1033 5695 mu-nditice
1054 5607 1444 5684 contem-parari
1483 5607 1775 5695 navigabat.

233 5676 412 5756 iiiis
442 5676 829 5752 ievioca'vimus
857 5687 1204 5764 semet-ipsam,
1237 5676 1358 5758 qua:
1379 5681 1579 5764 vpxjn
1599 5676 1780 5735 Editis

163 5753 470 5837 exciderat,
505 5765 640 5822 licet
667 5777 886 5819 sensum
917 5753 1337 5837 exquisitiOrein
1368 5753 1588 5837 eﬂigiat.

238 5822 715 5904 E—Bditi'recent.,
759 5849 878 5889 cum
908 5822 1190 5902 nos'afﬁcit
1213 5827 1419 5901 afﬂigit.
1450 5826 1572 5883 Non
1602 5822 1781 5880 solum

1878 4739 2102 4815 quando
2133 4741 2391 4812 voluptas
2421 4739 2628 4806 carnis,
2651 4735 2950 4810 aliquando
2973 4733 3284 4808 repausatio
3303 4733 3360 4788 in
3389 4732 3484 4789 bo-

1878 4832 1966 4888 nis
1997 4831 2281 4904 operibus,
2314 4827 2616 4902 aliquando
2661 4827 2878 4899 requies
2925 4823 3243 4897 temporalis
3287 4820 3481 4890 accipi-

1880 4931 1992 4979 tur.
2024 4921 2174 4990 Quid
2203 4929 2284 4977 est
2315 4921 2464 4976 enim
2491 4918 2638 4992 quod
2659 4918 2716 4974 in
2736 4916 3042 4988 Evangelio
3061 4921 3250 4972 sanato
3264 4908 3509 4966 cuidam"

1880 5010 2153 5069 Dominus
2183 5009 2358 5067 dicit:
2395 5011 2580 5080 Surge,
2615 5008 2741 5064 tolle
2767 5006 3054 5079 grabatum
3091 5011 3258 5066 tuum,
3287 5006 3336 5054 et
3355 4999 3488 5054 vade

1881 5101 1940 5155 in
1957 5101 2172 5157 domum
2204 5105 2351 5154 tuam
2385 5097 2568 5170 (Joan.
2602 5114 2658 5165 v,
2691 5096 2774 5169 8),
2813 5095 2924 5151 nisi
2964 5091 3110 5166 quod
3159 5105 3256 5162 per
3300 5085 3488 5160 graba-

1885 5333 2156 5392 redundat
2183 5333 2388 5407 afﬂigit,
2411 5329 2706 5407 sed_etiam
2739 5342 2962 5407 sensum
2984 5323 3152 5407 tollit.
3183 5323 3328 5407 Iiinc
3344 5321 3492 5407 dele-

1885 5407 2088 5474 vimus,
2117 5395 2449 5462 secu'tivM'ss.
2495 5401 2764 5474 Colbert._,
2796 5401 3014 5474 Norm._,
3065 5395 3329 5464 Vindoc.,
3381 5402 3488 5452 etc.

1957 5481 1978 5513 ⁷
2013 5469 2236 5534 Ebroic.
2267 5484 2321 5532 et
2349 5475 2442 5547 alii
2473 5475 2686 5547 Nonum,
2717 5472 2781 5528 de
2805 5469 3054 5544 proprio.
3148 5536 3252 5547 __.

1963 5551 1984 5584 ⁸
2014 5551 2095 5606 Ita
2122 5565 2248 5606 cum
2279 5546 2542 5614 Vindoc.,
2567 5536 2836 5613 Colbertf,
2859 5536 2990 5610 et'c.,
3014 5547 3126 5596 vet.
3148 5536 3302 5596 Edit.
3327 5536 3390 5592 In
3410 5551 3492 5590 re-

1887 5630 2030 5679 cent.
2041 5665 2055 5688 ,
2089 5621 2180 5692 qui
2201 5635 2303 5692 per
2318 5615 2750 5692 Ainobedientiam.
3047 5683 3066 5692 _
3355 5678 3366 5689 .

1961 5695 1982 5729 υ
2007 5683 2114 5750 Πίὸ
2137 5683 2407 5747 iri-Editis
2447 5687 2692 5756 additur,
2743 5704 2870 5756 esse,
2919 5683 3072 5760 quod
3118 5683 3496 5756 expunximus

1890 5764 2230 5822 adhaerentes
2259 5763 2387 5820 Mss.
2755 5767 2760 5772 ‘

1973 5838 2018 5873 ¹⁰
2045 5836 2260 5904 Norm.,
2292 5849 2384 5890 seu
2411 5837 2632 5902 stratus,
2663 5839 2719 5888 et
2746 5832 2824 5890 ita
2851 5828 3014 5888 infra.
