3928 6406
505 431 612 492 279

1715 427 1965 486 SANCTI
2002 427 2340 486 GREGORII
2377 426 2602 484 MAGNI

3705 427 3828 485 280

471 571 587 618 tum
634 559 892 631 voluptas
908 557 1155 628 corporis
1173 557 1494 630 designatur
1515 558 1545 614 ?
1563 555 1637 614 Et
1653 556 1882 630 jubetur
1901 557 2093 630 utique
2120 559 2173 619 Α
2199 556 2332 614 dum
2363 555 2672 613 oblectatur
2690 556 2748 611 in
2768 555 2877 624 via,
2901 554 3264 613 obliviscatur
3283 555 3434 629 quod
3453 555 3826 615 desiderabat

469 657 533 705 ut
557 647 668 706 hoc
695 663 864 704 sanus
892 653 1091 719 portet,
1123 645 1220 701 ubi
1249 645 1504 702 inﬁrmus
1539 645 1806 718 jacuerat,
1842 645 1974 717 quia
1999 645 2082 701 ni-

472 735 680 793 mirum
709 734 892 792 omnis
922 735 1020 809 qui
1064 732 1246 791 adhuc
1273 735 1430 790 vitiis
1459 733 1786 801 delectatur,
1825 733 2082 790 inﬁrmus

464 824 612 900 jacet
640 824 700 880 in
730 823 1110 896 voluptatibus
1137 823 1340 880 carnis.
1373 823 1479 879 Sed
1509 832 1731 879 sanatus
1762 822 1872 880 hoc
1901 833 2083 895 portat

475 916 492 954 ί
525 913 624 970 ubi
653 912 909 969 inﬁrmus
946 911 1212 984 jacuerat,
1257 911 1386 985 quia
1433 911 1628 968 divino
1657 911 1936 984 adjutorio
1967 929 2079 970 ere-

473 1015 600 1080 ptus
629 1021 662 1060 a
694 1003 866 1072 vitiis,
915 1002 1162 1076 ejusdem
1208 1003 1390 1061 carnis
1431 1003 1796 1060 contumelias
1828 1012 2080 1075 postmo—

473 1096 606 1154 dum
636 1095 851 1162 tolerat,
885 1093 942 1149 in
971 1093 1131 1167 cujus
1181 1093 1334 1166 prius
1361 1092 1652 1150 desideriis
1683 1093 2076 1166 requiescebat.

473 1185 709 1244 Rursum
740 1198 837 1257 per
864 1183 1065 1240 lectum
1106 1183 1193 1238 vel
1225 1190 1456 1239 stratum
1494 1183 1804 1254 repausatio
1833 1183 1891 1238 in
1919 1182 2081 1239 bonis

474 1273 734 1346 operibus
779 1271 1116 1345 designatur.
1150 1271 1308 1330 Unde
1353 1273 1409 1328 in
1440 1273 1810 1345 apostolorum
1846 1273 2080 1331 Actibus

473 1363 672 1422 Petrus
699 1362 977 1435 apostolus
1004 1361 1141 1420 dicit
1173 1378 1185 1418 :
1218 1363 1416 1430 zEnea,
1446 1368 1593 1417 sanet
1638 1368 1682 1417 te
1709 1363 1970 1418 Dominus
1999 1364 2081 1419 Je-

473 1468 564 1508 sus
594 1451 835 1509 Christus
858 1468 878 1517 ;
905 1468 1082 1523 surge,
1112 1457 1161 1508 et
1179 1457 1350 1508 sterne
1381 1451 1476 1507 tibi
1506 1450 1646 1523 (Act.
1681 1467 1758 1520 ιχ,
1781 1450 1902 1522 34).
1927 1451 2087 1518 Quid

473 1550 557 1601 est
583 1541 785 1610 dicere,
821 1543 1010 1614 Surge,
1045 1541 1174 1609 nisi,
1223 1541 1367 1596 mala
1396 1557 1516 1614 quae
1553 1541 1898 1614 perpetrasti,
1931 1540 2081 1597 dere-

473 1633 663 1706 linque
693 1633 722 1690 ?
758 1633 832 1690 Et
859 1633 995 1707 quid
1023 1641 1108 1690 est
1137 1633 1340 1702 dicere,
1376 1634 1562 1690 Sterne
1593 1633 1708 1698 tibi,
1737 1632 1846 1688 nisi
1877 1649 2080 1690 merce-

473 1719 561 1777 dis
589 1736 780 1778 causas
809 1721 868 1778 in
897 1721 1099 1794 quibus
1120 1723 1461 1794 requiescere
1489 1721 1688 1778 debeas
1717 1738 1940 1794 operare
1968 1723 1998 1779 ?
2020 1732 2082 1780 ut

475 1816 531 1866 et
563 1808 778 1866 deserat
805 1809 1080 1901 surgepdo
1109 1827 1230 1884 qua)
1251 1811 1401 1878 fecit,
1435 1820 1488 1868 et
1515 1811 1764 1868 inveniat
1784 1811 2080 1868 sternendo

2192 643 2250 700 in
2280 645 2475 717 patria.
2510 643 2651 712 Quia
2679 659 2806 716 ergo
2836 644 2892 700 in
2923 643 3027 702 hac
3055 645 3172 701 vita
3190 645 3373 700 omnis
3393 654 3605 714 nostra,
3640 662 3824 720 quam

2191 732 2420 790 fortasse
2451 735 2786 806 paravimus,
2820 734 3035 808 requies
3063 733 3340 802 turbatur,
3373 743 3521 792 recte
3551 735 3773 793 dicitur
3805 755 3818 792 :

2191 824 2438 896 Increpat
2479 839 2682 895 quoque
2716 840 2815 896 per
2853 824 3088 880 dolorem
3129 824 3186 880 in
3234 825 3440 893 lectulo,
3485 824 3546 882 id
3596 833 3706 894 est,
3754 826 3826 882 in

2191 913 2476 984 praesentis
2507 915 2636 970 vitae
2668 913 2856 987 requie
2877 915 2964 970 vel
2984 915 3308 972 tentationis
3325 931 3426 970 nos
3446 915 3700 972 stimulis
3721 918 3824 972 vel

2190 1001 2390 1075 ﬂagelli
2439 1001 2738 1061 aﬂlictione
2783 1003 3095 1061 conturbat.
3152 1005 3289 1062 Nam
3340 1022 3480 1078 saepe
3522 1005 3826 1064 humanus

2190 1092 2408 1149 animus
2450 1092 2755 1166 quamlibet
2795 1093 2951 1150 brevi
2979 1103 3226 1166 tempore
3257 1095 3376 1151 sine
3406 1095 3721 1152 tentatione
3755 1097 3825 1153 in

2189 1179 2350 1237 bonis
2391 1179 2591 1238 studiis
2632 1181 2819 1251 fuerit,
2851 1199 2983 1238 mox
3011 1183 3079 1239 de
3107 1183 3314 1241 eisdem
3345 1183 3546 1241 studiis
3577 1184 3638 1240 in
3671 1185 3825 1258 qni-

2190 1267 2294 1325 bus
2323 1269 2652 1343 quiescendo
2681 1289 2738 1327 se
2767 1271 2966 1340 exerit,
2999 1270 3067 1328 de
3096 1273 3230 1344 ipsis
3261 1272 3573 1330 virtutibus
3594 1273 3823 1348 quibus

2190 1359 2553 1432 multiplicari
2584 1360 2804 1428 nititur,
2835 1359 2970 1416 dum
3000 1361 3263 1434 proﬁcere
3292 1379 3348 1419 se
3378 1363 3568 1430 sentit,
3603 1364 3820 1420 eleva-

2191 1455 2300 1504 tur.
2333 1449 2488 1506 Unde
2522 1451 2615 1522 pio
2657 1451 2889 1508 rectoris
2918 1451 3092 1507 nostri
3123 1451 3519 1519 moderamine,
3555 1451 3819 1524 impulsu

2190 1537 2510 1594 tentationis
2537 1539 2794 1608 afﬁcitur,
2827 1549 2890 1596 ut
2920 1539 2977 1596 in
3007 1555 3071 1596 eo
3102 1539 3220 1612 ipsa
3249 1540 3527 1613 profectus
3559 1542 3650 1597 sui
3681 1543 3822 1598 ela-

2190 1623 2270 1679 tio
2298 1625 2712 1698 comprimatur.
2744 1627 3084 1700 Quapropter
3130 1637 3419 1702 postquam
3466 1629 3657 1687 dixit:
3701 1631 3821 1688 In-

2190 1720 2370 1785 crepat
2408 1732 2613 1786 quoque
2635 1733 2734 1788 per
2761 1717 2996 1772 dolorem
3025 1718 3081 1772 in
3113 1719 3318 1786 lectulo,
3352 1727 3476 1792 apte
3507 1717 3818 1792 subjunxit

2191 1800 2334 1876 [Rea
2368 1805 2422 1860 X
2427 1804 2522 1879 V1]
2548 1821 2560 1860 :
2594 1807 2670 1861 Et
2695 1805 2875 1860 omnia
2904 1823 3022 1861 ossa
3051 1805 3166 1877 ejus
3194 1823 3510 1862 marcescere
3536 1807 3696 1878 facit.

480 1898 630 1973 quod
650 1899 863 1958 fecerit.
887 1892 1046 1968 Quod
1067 1910 1368 1976 utrumque
1380 1902 1654 1976 Propheta
1670 1901 1915 1958 breviter
1934 1919 2077 1958 com-

2263 1892 2351 1949 48.
2400 1894 2507 1949 Per
2554 1894 2886 1948 tentationem
2927 1896 3298 1967 cognoscimus,
3344 1897 3474 1968 quid
3503 1914 3570 1952 ex
3599 1897 3818 1953 viribus

475 1987 789 2061 prehendit,
841 1988 1033 2047 dicens
1083 2007 1096 2047 :
1146 1991 1368 2048 Declina
1409 2009 1446 2048 a
1480 1993 1647 2059 male,
1690 1997 1738 2046 et
1765 1989 1856 2062 fac
1894 1990 2086 2048 bonum

477 2075 656 2148 (Psal.
691 2093 890 2146 xxxvi,
921 2078 1035 2151 27).
1059 2079 1346 2137 Declinare
1375 2081 1577 2154 quippe
1595 2097 1626 2136 a
1645 2080 1790 2135 malo
1818 2088 1901 2137 est
1929 2079 1998 2136 ab
2022 2097 2087 2137 eo

477 2183 588 2240 quo
615 2165 791 2238 jacuit
819 2184 1042 2240 surgere
1073 2187 1087 2237 ;
1122 2169 1330 2226 bonum
1361 2187 1492 2228 vero
1523 2170 1722 2238 facere,
1756 2178 1839 2226 est
1867 2185 2088 2236 merce-3

473 2254 566 2312 dis
596 2271 778 2328 opera,
813 2257 871 2313 in
901 2257 1104 2331 quibus
1135 2259 1478 2334 requiescere
1516 2259 1731 2327 debeat,
1760 2275 2082 2332 praeparare.

477 2342 588 2410 Qui
619 2345 769 2400 enim
803 2345 1097 2404 declinata
1115 2349 1283 2416 malo,
1305 2347 1402 2404 sed
1428 2347 1575 2404 bona
1601 2347 1785 2406 adhuc
1804 2365 1916 2404 non
1932 2349 2084 2418 facit,

483 2431 727 2490 surrexit
757 2433 980 2506 quidem
1029 2435 1099 2492 ab
1141 2451 1206 2493 eo
1244 2452 1353 2510 quo
1393 2435 1590 2509 jacuit,
1625 2437 1718 2494 sed
1749 2439 1845 2496 ubi
1877 2439 2086 2512 requie-

481 2537 633 2580 scere
660 2522 876 2592 debeat,
906 2524 1155 2582 nondum
1185 2527 1402 2584 stravit.
1434 2528 1506 2584 Et
1535 2543 1757 2584 rursum
1791 2529 1965 2586 lectus
1994 2528 2085 2585 vel

475 2619 707 2666 stratum
738 2613 956 2684 requies
987 2615 1305 2686 temporalis
1324 2617 1614 2688 accipitur,
1648 2617 1792 2675 sicut
1819 2617 2083 2690 scriptum

477 2705 561 2754 est
593 2712 607 2751 :
646 2698 961 2754 Universum
1004 2707 1234 2758 stratum
1279 2703 1396 2773 ejus
1424 2705 1649 2761 eersasti
1691 2706 1752 2761 in
1777 2706 2086 2779 inﬁrmitate

474 2790 591 2862 ejus
624 2789 770 2848 754
801 2794 918 2866 (Ps.
950 2811 1042 2864 XL,
1074 2795 1155 2869 4).
1189 2796 1325 2855 Cum
1369 2800 1516 2856 enim
1555 2802 1786 2874 quisque
1813 2802 1962 2860 curis
1990 2820 2084 2858 sae-

479 2881 770 2940 cularibus
812 2883 1072 2956 fatigatus
1117 2885 1367 2943 deserere
1413 2905 1509 2960 per
1555 2889 1803 2947 divinam
1853 2891 2082 2964 gratiam

479 2968 648 3044 hujus
669 2973 866 3029 mundi
895 2973 1095 3031 itinera
1114 2975 1389 3033 laboriosa
1409 2981 1701 3052 compungi
1711 2989 1817 3050 tur,
1842 2981 2083 3054 cogitare

475 3059 624 3116 solet
653 3061 929 3135 quomodo
957 3065 1242 3136 praesentis
1263 3067 1393 3124 vitae
1413 3067 1687 3126 desideria
1706 3070 1901 3144 fugiat,
1931 3080 1986 3127 et
2013 3070 2082 3126 ab

481 3145 600 3220 ejus
641 3149 926 3209 laboribus
968 3155 1294 3227 requiescat,
1336 3157 1556 3231 sibique
1597 3175 1730 3216 mox
1760 3158 2082 3216 desiderata:

479 3236 684 3308 quietis
714 3239 966 3296 ordinem
996 3243 1214 3314 quatit,
1247 3254 1300 3302 et
1336 3247 1490 3303 velut
1516 3248 1792 3320 quoddam
1823 3257 2075 3317 stratum,
2113 3272 2157 3334 ο

477 3325 560 3382 sic
589 3341 624 3380 a
649 3328 866 3384 cunctis
911 3327 1194 3388 laboribus
1231 3334 1552 3390 cessationis
1597 3336 1779 3392 locum
1829 3337 2112 3394 invenire'

475 3411 839 3482 concupiscit.
869 3413 976 3470 Sed
1005 3416 1138 3488 quia
1165 3417 1222 3473 in
1252 3418 1358 3476 bac
1385 3421 1503 3476 vita
1530 3421 1712 3480 adhuc
1741 3422 1908 3479 homo
1936 3424 2080 3496 posi-

476 3505 584 3566 tus,
617 3496 677 3553 in
707 3498 1003 3572 cujuslibet
1029 3503 1244 3562 ordinis
1293 3507 1435 3576 loco,
1467 3508 1526 3564 in
1555 3509 1852 3581 cujuslibet
1883 3513 2077 3569 secreti

477 3585 499 3620 ³
527 3602 742 3645 secessu
763 3589 952 3648 vivere
971 3591 1090 3650 sine
1119 3595 1517 3654 tentationibus
1536 3600 1852 3656 nullatenus
1872 3609 2078 3674 potest,

474 3677 798 3763 plerumque
829 3679 887 3736 in
909 3680 968 3738 id
995 3682 1146 3754 quod
1165 3684 1232 3741 ad
1253 3687 1498 3759 requiem
1522 3689 1880 3759 construitur,
1904 3689 2080 3763 major

471 3762 636 3852 dolor
665 3768 990 3826 tentationis
1018 3771 1322 3832 invenitur.
1359 3775 1514 3833 Unde
1545 3787 1690 3836 recte
1717 3795 1814 3852 per
1843 3762 2078 3852 Prophe-

470 3859 584 3909 tam
611 3851 819 3912 dicitur
851 3873 864 3913 :
904 3858 1216 3918 Universum
1233 3869 1462 3921 stratum
1481 3865 1593 3936 ejus
1613 3851 1836 3924 versasti
1854 3869 1912 3924 in
1929 3851 2078 3940 inﬁr-

468 3939 650 3998 mitate
676 3941 808 4014 ejus.
839 3946 923 4004 Ac
949 3947 996 4003 si
1017 3947 1226 4009 diceret
1261 3970 1274 4008 :
1307 3953 1483 4012 Omne
1502 3957 1646 4029 quod
1669 3955 1762 4014 hic
1789 3956 1897 4014 sibi
1925 3939 2076 4030 para-

468 4029 552 4087 vit
579 4030 648 4087 ad
677 4034 944 4108 requiem,
987 4035 1096 4098 hoc
1140 4041 1194 4097 ei
1243 4045 1472 4102 mutasti
1518 4046 1736 4104 occulto
1761 4029 1978 4118 judicio
2008 4045 2076 4103 ad

469 4120 957 4190 perturbationem.
990 4127 1150 4196 Quod
1172 4131 1264 4202 pio
1285 4133 1507 4205 quidem
1541 4135 1562 4170 ³
1591 4135 1690 4192 Dei
1711 4136 1945 4193 consilio
1965 4135 2074 4208 agi-

469 4219 579 4280 tur,
613 4223 676 4270 ut
692 4215 860 4290 hujus
881 4223 1340 4294 peregrinationis
1361 4235 1607 4300 tempore
1626 4230 1927 4288 electorum
1958 4230 2076 4287 vita

470 4301 742 4360 turbetur.

542 4389 682 4464 [νει.
714 4393 939 4482 ΧχΙν.]
969 4395 1059 4453 47.
1089 4399 1190 4455 Hic
1234 4403 1430 4472 optimo
1477 4403 1578 4460 Dei
1621 4407 1842 4464 consilio
1871 4409 2074 4482 aﬂligi—

469 4496 610 4549 "iur,
630 4496 696 4536 ne
720 4480 865 4538 uiam
879 4500 984 4555 pro
998 4487 1188 4558 patria
1207 4489 1514 4560 diligamus.
1537 4522 1608 4534 —
1635 4494 1741 4552 Via
1771 4480 1972 4569 quippe
1992 4505 2073 4554 est

469 4569 586 4626 vita
612 4586 869 4642 praesens,
915 4591 1024 4648 qua
1049 4575 1118 4632 ad
1148 4578 1382 4648 patriam
1421 4581 1700 4639 tendimus
1735 4601 1746 4646 ;
1781 4593 1835 4641 et
1863 4585 2070 4644 idcirco

467 4657 562 4714 hic
589 4658 810 4715 occulto
835 4658 1049 4732 judicio
1079 4663 1354 4740 frequenti
1396 4671 1809 4741 perturbatione
1837 4675 2070 4732 conteri-

465 4764 610 4818 mur,
643 4765 712 4806 ne
743 4751 890 4808 viam
935 4770 1036 4826 pro
1077 4755 1252 4828 patria
1294 4757 1609 4832 diligamus.
1645 4761 1834 4822 Solent
1863 4767 2066 4823 etenim

465 4838 723 4896 nonnulli
771 4841 1028 4912 viatores,
1077 4861 1202 4902 cum
1253 4863 1467 4906 amoena
1512 4849 1740 4909 fortasse
1785 4853 1844 4909 in
1873 4855 2070 4912 itinere

463 4935 618 5000 prata
643 4929 1016 5003 conspiciunt,
1062 4935 1324 5007 pergendi
1373 4954 1555 4995 moras
1603 4939 1898 5010 innectere,
1955 4951 2009 5000 et
2037 4960 2068 4999 a

461 5018 626 5090 ccepti
658 5017 880 5077 itineris
908 5021 1244 5080 rectitudine
1273 5023 1569 5097 declinare,
1593 5045 1894 5104 eorumque
1924 5047 2068 5104 gres-

461 5123 553 5164 sus
578 5108 762 5166 tardat
793 5110 1151 5182 pulchritudo
1173 5113 1409 5185 itineris,
1433 5117 1562 5174 dum
1585 5118 1837 5178 delectat.
1862 5121 2068 5179 Electis

461 5210 587 5284 ergo
615 5198 728 5254 suis
756 5199 825 5256 ad
872 5218 930 5258 se
977 5204 1337 5278 pergentibus
1366 5208 1638 5265 Dominus
1677 5210 1844 5284 hujus
1873 5211 2066 5268 mundi

463 5279 568 5336 iter
595 5298 846 5372 asperum
875 5289 1029 5362 facit,
1081 5308 1151 5350 ne
1195 5293 1327 5351 dum
1361 5296 1594 5370 quisque
1626 5279 1771 5355 vitai
1786 5300 2070 5372 praesentis

463 5369 669 5464 requie,
701 5376 861 5445 quasi
915 5382 1234 5442 amoenitate
1283 5369 1393 5442 vias
1443 5369 1708 5460 pascitur,
1739 5369 1914 5464 magis
1941 5408 2067 5449 eum

461 5455 559 5515 diu
606 5475 846 5532 pergere,
894 5481 1057 5538 quam
1100 5471 1270 5530 citius
1313 5455 1604 5548 pervenire
1649 5455 1931 5548 delectet;
1977 5497 2066 5550 ne,

535 5709 550 5792 ξ
581 5710 750 5792 Deest
774 5709 1020 5792 inﬁrmus
1050 5715 1350 5792 in_Pratel.,
1369 5723 1652 5792 Beccensi,
1679 5725 1822 5783 Utic.
1846 5735 1899 5784 et
1919 5727 2060 5785 aliis.

459 5781 557 5909 m9.
596 5782 659 5837 In
707 5779 907 5838 iisdem
955 5787 1308 5860 membranis,
1335 5779 2065 5856 'recéssuiivér;Quid;

539 5870 671 5909 tene.

539 5870 671 5910 tene.

2187 1984 2449 2056 propriis,
2480 1985 2609 2055 quid
2637 1986 2818 2042 divino
2848 2004 2914 2042 ex
2942 2005 3156 2044 munere
3169 1990 3453 2062 possimus.
3485 2020 3558 2032 --
3579 1989 3718 2048 Ossa
3750 1991 3814 2046 in

2193 2073 2477 2145 Scriptura
2519 2091 2670 2132 sacra
2715 2076 2948 2134 virtutes
2990 2079 3310 2152 accipimus,
3357 2079 3502 2137 sicut
3531 2081 3811 2154 scriptum

2193 2169 2308 2218 est:
2343 2163 2602 2218 Dominus
2630 2165 2856 2220 custodit
2882 2167 3060 2222 omnia
3086 2183 3207 2247 ossa
3235 2185 3438 2234 eorum,
3460 2185 3630 2224 unum
3649 2187 3720 2225 ea:
3739 2171 3816 2225 eis

2192 2266 2301 2305 non
2341 2259 2637 2308 conteretur
2676 2255 2856 2324 (Psal.
2891 2272 3094 2324 χχχιιι,
3125 2257 3243 2330 2i).
3277 2257 3434 2325 Quod
3465 2258 3666 2331 utique
3698 2276 3812 2316 non

2193 2337 2261 2395 de
2291 2340 2510 2397 ossibus
2540 2343 2805 2414 corporis,
2839 2345 2862 2379 ⁴
2891 2345 2985 2400 sed
3014 2345 3082 2402 de
3111 2346 3327 2402 viribus
3347 2345 3559 2404 dicitur
3577 2347 3808 2404 mentis.

2192 2431 2330 2487 Nam
2372 2438 2520 2487 certe
2564 2431 2824 2489 novimus
2867 2434 3014 2508 quod
3060 2445 3114 2492 et
3157 2437 3460 2494 multorum
3492 2447 3809 2511 martyrum

2192 2521 2555 2592 corporaliter
2582 2538 2704 2578 ossa
2735 2523 3015 2582 confracta
3045 2534 3192 2595 sunt,
3225 2536 3278 2583 et
3299 2537 3680 2600 persecutores
3699 2530 3806 2585 Do-

2192 2610 2352 2678 mini,
2403 2611 2630 2668 latronis
2673 2613 2842 2682 illius,
2892 2615 2982 2672 cui
3031 2615 3239 2674 dictum
3271 2625 3372 2686 est,
3405 2619 3577 2675 Hodie
3605 2636 3810 2676 mecum

2191 2699 2297 2755 eris
2315 2699 2372 2754 in
2384 2701 2645 2772 paradiso
2659 2702 2816 2772 (Luc.
2836 2720 3000 2773 χχιιι,
3023 2704 3139 2777 43),
3161 2705 3304 2763 sicut
3325 2707 3556 2764 latronis
3572 2708 3810 2765 alterius

2191 2788 2249 2844 in
2279 2806 2442 2847 cruce
2470 2807 2632 2848 crura
2659 2791 2956 2864 fregerunt.
2990 2793 3128 2852 Cum
3160 2811 3288 2868 ergo
3319 2795 3567 2868 increpat
3587 2815 3688 2870 per
3707 2799 3808 2856 do-

2190 2877 2362 2934 lorem
2393 2879 2451 2935 in
2482 2881 2704 2950 lectulo,
2737 2881 2927 2939 omnia
2954 2899 3078 2940 ossa
3117 2883 3253 2942 facit
3282 2900 3640 2956 marcescere,
3673 2889 3808 2962 quia

2189 2982 2315 3024 cum
2345 2969 2404 3024 in
2432 2986 2496 3026 ea
2523 2971 2710 3043 requie
2741 2987 2905 3044 quam
2937 2972 3100 3030 nobis
3129 2973 3198 3030 ab
3228 2973 3335 3032 hoc
3363 2977 3566 3034 saeculo
3597 2995 3808 3052 praepa-

2189 3073 2374 3113 ramus
2413 3057 2629 3130 ﬂagello
2658 3059 2978 3117 tentationis
3019 3062 3312 3132 aﬁicimur,
3345 3064 3440 3137 qui
3469 3065 3709 3124 fortasse
3738 3069 3809 3125 de

2189 3144 2491 3202 virtutibus
2511 3146 2714 3202 nostris
2733 3146 2914 3204 inﬂari
2935 3151 3239 3221 potuimus,
3253 3153 3491 3226 cognitas
3506 3152 3809 3213 inﬁmita-

2190 3233 2262 3290 tis
2289 3243 2490 3291 nostrae
2517 3235 2682 3292 taedio
2711 3247 3093 3297 extenuamur.
3118 3239 3256 3299 Cum
3287 3241 3437 3298 enim
3471 3241 3617 3300 sicut
3648 3245 3806 3316 cupi-

2188 3339 2310 3378 mus
2337 3321 2407 3380 ad
2433 3325 2608 3381 Deum
2640 3325 2976 3399 proficimus,
3009 3329 3054 3385 si
3077 3330 3384 3404 profectum
3408 3340 3664 3390 nostrum
3687 3341 3806 3390 ten-

2187 3412 2322 3470 tatio
2370 3414 2525 3471 nulla
2565 3415 2824 3488 pulsaret,
2875 3419 3112 3492 alicujus
3157 3437 3258 3477 nos
3303 3420 3655 3479 fortitudinis
3685 3441 3805 3481 esse

2187 3499 2550 3559 crederemus.
2596 3503 2702 3560 Sed
2747 3507 2879 3578 quia
2918 3506 3208 3566 nobiscum
3249 3525 3491 3582 superna
3518 3509 3806 3584 dispensa-

2187 3589 2339 3646 tione
2367 3591 2566 3662 agitur,
2599 3601 2660 3650 ut
2691 3594 3032 3654 inﬁrmitatis
3060 3607 3262 3654 nostras
3293 3599 3425 3673 quia
3444 3599 3805 3672 proﬁcientes

2187 3677 2594 3750 obliviscimur,
2629 3686 2773 3746 755
2803 3686 3000 3742 tentati
3027 3687 3354 3756 recolamus,
3379 3696 3433 3745 et
3462 3687 3521 3745 in
3543 3690 3805 3762 profectu

2186 3785 2372 3833 nostro
2413 3778 2546 3852 quid
2587 3778 2656 3837 de
2683 3781 2877 3839 divino
2907 3801 3150 3854 munere,
3185 3795 3238 3842 et
3265 3785 3321 3842 in
3353 3787 3662 3846 tentatione
3695 3807 3805 3848 co-

2187 3865 2499 3937 gnoscimus
2527 3870 2622 3942 qui
2695 3871 2764 3928 de
2793 3873 3031 3946 propriis
3051 3875 3268 3932 viribus
3295 3893 3507 3934 sumus.
3540 3878 3679 3946 Quae
3699 3896 3802 3936 nos

2186 3953 2430 4026 profecto
2459 3959 2690 4015 tentatio
2731 3959 2801 4018 ad
2831 3963 3052 4034 plenum
3097 3973 3334 4038 raperet,
3377 3965 3488 4022 nisi
3524 3969 3802 4040 protectio

2185 4059 2420 4116 superna
2447 4057 2707 4105 servaret.
2739 4050 2845 4107 Sed
2873 4053 3074 4124 pulsat,
3121 4071 3223 4112 nec
3251 4055 3494 4129 frangit;
3529 4057 3796 4130 impellit,

2183 4148 2284 4190 nec
2312 4144 2498 4192 movet
2521 4152 2534 4202 ;
2567 4139 2762 4210 quatit,
2798 4156 2899 4197 nec
2927 4141 3136 4214 dejicit,
3159 4153 3222 4201 ut
3249 4144 3316 4202 de
3339 4154 3529 4202 nostra
3561 4145 3799 4204 infirmi-

2182 4231 2291 4280 tate
2335 4225 2636 4285 sentiamus
2682 4246 2800 4288 esse
2841 4233 2864 4268 ⁵
2897 4232 3046 4306 quod
3075 4233 3382 4308 quatimur,
3414 4245 3470 4293 et
3498 4235 3570 4293 de
3598 4237 3800 4294 divino

2181 4331 2406 4373 munere
2435 4333 2550 4374 esse
2579 4319 2727 4392 quod
2754 4330 2980 4379 stamus.
3013 4325 3086 4381 Et
3114 4325 3246 4399 quia
3290 4341 3434 4398 smpe
3464 4327 3656 4384 anima
3685 4328 3802 4386 ali-

2179 4403 2340 4476 cujus
2385 4405 2518 4462 boni
2566 4407 2674 4466 sibi
2721 4412 2960 4482 conscia,
3003 4430 3130 4471 cum
3162 4414 3396 4472 virtutes
3427 4431 3555 4474 suas
3585 4417 3697 4474 sibi
3729 4417 3798 4475 ad

2180 4495 2500 4552 memoriam
2530 4509 2768 4570 revocat,
2803 4501 3036 4576 quadam
3058 4502 3428 4562 delectatione
3448 4508 3720 4580 pascitur,
3744 4519 3797 4566 et

2182 4583 2338 4656 quasi
2359 4587 2722 4658 gratulatione
2742 4592 2976 4664 proprias
2999 4593 3364 4665 plenitudinis
3384 4596 3790 4671 impinguatur,

2180 4671 2319 4730 bene
2375 4674 2582 4733 dicitur
2626 4679 2774 4751 quod
2822 4683 3125 4740 tentatione
3157 4685 3408 4756 pulsante
3440 4697 3793 4746 marcescunt

2177 4778 2318 4832 ossa,
2366 4765 2498 4837 quia
2539 4766 2671 4824 dum
2699 4771 2924 4844 propria
2953 4773 3250 4832 inﬁrmitas
3281 4777 3592 4834 tentatione
3623 4779 3790 4835 inter-

2177 4862 2400 4926 rogante
2441 4858 2809 4928 cognoscitur,
2860 4864 3040 4920 omnis
3083 4865 3180 4921 illa
3208 4875 3523 4924 nostrarum
3557 4868 3789 4936 virium,

2177 4941 2331 4998 velut
2361 4943 2584 5017 pinguis
2614 4948 2918 5024 viridisque
2938 4954 3256 5026 gratulatio,
3281 4954 3468 5014 subito
3487 4957 3790 5014 anxietatis

2175 5047 2408 5090 moerere
2457 5034 2713 5106 siccatur,
2766 5047 2820 5096 et
2850 5041 2945 5113 qui
2974 5059 3074 5098 nos
3104 5043 3339 5116 alicujus
3369 5061 3486 5102 esse
3519 5047 3787 5103 momenti

2174 5120 2320 5178 bona
2347 5132 2536 5181 nostra
2563 5128 2842 5198 pensando
2874 5129 3230 5200 credidimus,
3264 5134 3468 5205 pulsati
3489 5136 3655 5206 paulo
3677 5153 3788 5192 am-

2175 5212 2320 5284 plius
2351 5214 2626 5286 perituros
2674 5233 2776 5272 nos
2801 5216 2915 5290 jam
2959 5217 3182 5294 jamque
3211 5221 3596 5279 formidamus.
3631 5224 3788 5282 Tunc

2180 5317 2341 5358 omne
2383 5302 2658 5361 bonorum
2703 5315 3018 5364 nostrorum
3047 5310 3308 5382 gaudium
3340 5313 3580 5369 vertitur
3609 5313 3669 5369 in
3700 5330 3785 5386 pa-

2181 5407 2368 5448 vorem
2399 5407 2704 5464 poenarum.
2737 5395 2894 5454 Tunc
2921 5396 3144 5471 iniquos
3165 5415 3264 5456 nos
3284 5417 3401 5456 esse
3419 5399 3782 5473 deprehendi-

2179 5495 2320 5549 mus,
2371 5482 2466 5554 qui
2513 5492 2730 5542 sanctos
2773 5485 2936 5558 paulo
2965 5495 3092 5544 ante
3119 5487 3496 5546 credebamus.
3531 5489 3784 5548 Tabescit

2250 5733 2270 5766 ³
2302 5731 2596 5788 Omittitur
2624 5734 2724 5790 Dei
2752 5735 2808 5790 in
2839 5736 3038 5794 Pratel.

2249 5804 2269 5876 ξ
2299 5801 2521 5876 Ebroic.
2555 5813 2610 5862 et
2639 5805 2896 5876 Vindoc.,
2928 5810 3017 5864 sed
3043 5808 3104 5864 de
3135 5807 3434 5866 virtutibus.

2249 5875 2270 5908 ⁵
2300 5874 2491 5930 Norm.
2526 5884 2579 5934 et
2609 5874 3042 5950 Vindocu—quod
3063 5879 3322 5952 patimur.
