3928 6388
163 410 261 469 281

167 552 361 635 mens,_
390 548 626 614 stupent
654 546 822 616 oculi,
865 564 1030 607 omne
1072 552 1219 624 quod
1272 556 1426 628 prius
1443 574 1586 635 pros

166 627 443 687 arridebat
474 635 794 703 evanescit;
829 637 927 694 lux
956 638 1074 711 ipsa
1099 627 1325 700 fastidio
1355 627 1539 715 est:et
1567 627 1696 707 solae
1725 668 1783 709 se

167 718 225 813 in
268 720 458 777 animo
490 724 732 782 tenebrae
778 728 1033 786 mmroris
1073 731 1407 804 eﬂ‘undunt;
1457 737 1601 795 nihil
1634 741 1781 813 quod

165 808 399 868 delectet
428 812 722 885 aspicitur,
746 816 901 874 triste
925 828 1007 877 est
1023 820 1297 896 quidquid
1327 829 1593 887 occurrit.
1627 808 1781 888 Unde

163 906 218 958 et
243 908 369 973 apte
406 902 663 977 sequitur
685 921 698 962 :

557 1026 787 1088 CAPUT
816 1031 978 1092 XXV
1008 1033 1153 1109 [Rea
1173 1036 1383 1114 XVII].

233 1135 408 1193 Vnus.
444 1129 628 1194 2οῘ-
650 1138 667 1173 ¹
692 1138 1087 1201 Abominabilis
1113 1145 1161 1200 ei
1187 1146 1251 1217 ﬁt
1264 1146 1321 1202 in
1343 1147 1457 1205 vita
1472 1166 1572 1207 sua
1594 1152 1776 1224 panis,

157 1230 211 1281 et
233 1225 431 1282 anima:
458 1226 611 1284 illius
639 1227 784 1285 cibus
820 1238 943 1289 ante
970 1233 1365 1295 desiderabilis.

230 1313 325 1371 49.
356 1316 467 1372 Per
487 1333 684 1390 panem
715 1318 771 1375 in
789 1321 1061 1395 Scriptum
1084 1341 1240 1381 sacra
1269 1329 1443 1385 multa
1458 1328 1780 1402 signiﬁcan-

160 1411 285 1461 tur:
309 1408 365 1464 I°
402 1408 686 1476 Christus;
706 1410 765 1467 2°
781 1412 961 1483 gratia
984 1432 1005 1480 ;
1023 1412 1081 1470 3°
1103 1430 1260 1472 sacra
1280 1417 1528 1474 doctrina
1546 1436 1569 1484 ,°
1598 1417 1656 1474 4ο
1675 1420 1776 1476 hat-

156 1496 449 1553 reticorum
513 1498 829 1571 praedicatio
851 1519 873 1567 ;
899 1502 958 1559 5°
989 1503 1285 1560 subsidium
1312 1506 1434 1562 vita
1454 1507 1736 1579 praesentis
1757 1526 1778 1573 ;

155 1583 216 1641 6°
250 1585 568 1655 jucunditas
597 1589 841 1647 humana
870 1591 1251 1651 delectationis.
1284 1625 1356 1637 —
1384 1598 1466 1654 Ac
1496 1597 1543 1653 si
1592 1605 1777 1670 aperte

153 1673 345 1732 dicat:
379 1676 599 1735 Aﬂlicta
617 1695 773 1736 mens
800 1680 908 1737 sibi
940 1681 999 1737 in
1015 1683 1443 1742 amaritudinem
1460 1685 1604 1742 verti
1632 1702 1778 1743 con-

158 1765 376 1823 siderat
403 1767 673 1843 quidquid
694 1785 752 1825 se
779 1777 941 1826 antea
968 1769 1171 1827 blande
1214 1772 1560 1847 libenterque
1598 1775 1776 1832 satia-

157 1853 278 1911 bat.
304 1853 445 1929 [Vet.
468 1856 664 1932 XXV.]
694 1859 761 1913 In
791 1858 1078 1932 Scriptura
1096 1861 1247 1917 enim
1268 1878 1422 1920 sacra
1446 1864 1606 1936 panis
1625 1864 1646 1899 ³
1675 1864 1775 1921 ali-

901 424 1276 487 MORALIUM
1314 430 1450 489 LIB.
1514 433 1718 494 XXIII.
1760 468 1831 482 -—-
1868 441 1941 501 IN
1973 395 2478 509 CAPUTdKXXIII
2520 456 2583 511 B.
2624 457 2776 513 JOB.

3394 467 3500 526 282

1589 578 1780 666 perum
1808 566 1861 627 A
1894 575 1983 623 cto
2012 570 2223 666 Spiritu
2252 573 2399 666 intra
2425 576 2730 635 Ecclesiam
2761 580 2954 654 plenus
2984 596 3065 643 est
3092 603 3217 647 eum
3238 593 3335 666 qui
3354 596 3501 654 mala

1891 675 1989 717 sua
2018 662 2250 721 evadere
2281 664 2481 724 nititur
2529 668 2861 728 eruditionis
2890 675 3134 749 alloquio
3161 662 3495 745 consoletur.

1891 749 2147 822 Fugienti
2177 755 2389 813 scilicet
2406 774 2531 814 cum
2562 761 2798 832 panibus
2818 780 3104 823 occurrere
3125 779 3207 827 est
3228 782 3497 837 metuenti

1890 849 2092 934 aeterna
2138 846 2409 917 supplicia
2455 847 2722 907 doctrinas
2769 870 2935 911 sacrae
2982 871 3131 915 escas
3177 862 3391 934 offerre,
3440 877 3495 924 et

1890 929 2055 986 modo
2086 940 2358 991 tumorem
2390 945 2595 996 terrore
2622 943 3003 1015 comprimere,
3036 948 3201 1005 modo
3230 929 3493 1023 pavorem

1889 1019 2273 1081 exhortatione
2303 1026 2566 1087 refovere.
2599 1030 2739 1099 Quia
2766 1035 2923 1107 panis
2942 1038 3169 1095 refectio
3199 1019 3497 1114 scripturae

1887 1126 2053 1168 sacrae
2098 1129 2210 1170 non
2258 1114 2711 1191 inconvenienter
2756 1126 3043 1198 accipitur,
3094 1145 3189 1200 per
3235 1133 3493 1189 eumdem

1887 1203 2209 1276 prophetam
2248 1207 2452 1266 Iudaeis
2481 1211 2653 1268 solam
2685 1214 2925 1273 litteram
2956 1219 3305 1277 servantibus
3356 1220 3498 1280 dici-

1887 1301 2012 1383 tur:
2071 1296 2246 1363 Quare
2291 1300 2591 1370 appenditis
2632 1312 2930 1375 argentum,
2974 1314 3022 1362 et
3048 1324 3154 1364 non
3182 1309 3240 1364 in
3272 1310 3500 1383 panibus

1889 1382 2044 1473 (Isai.
2077 1402 2168 1453 Lv,
2202 1385 2260 1457 2)
2286 1387 2315 1443 ‘I
2342 1388 2420 1443 Ac
2435 1389 2479 1444 si
2510 1388 2756 1449 diceret:
2790 1395 3036 1452 Pensatis
3064 1414 3218 1455 sacra
3247 1382 3490 1473 eloquia,

1885 1472 1980 1563 sed
2023 1490 2134 1531 non
2178 1476 2237 1532 in
2266 1476 2584 1548 refectione,
2621 1482 2751 1555 quia
2779 1482 2911 1541 dum
2942 1486 3114 1545 solam
3146 1472 3498 1563 litterae/spe-

1885 1560 2025 1619 ciem
2072 1563 2381 1634 custoditis,
2431 1566 2499 1623 de
2540 1570 2775 1641 spiritali
2804 1572 3172 1647 intelligentia
3199 1560 3497 1650 pinguedi-

1886 1669 2010 1709 nem
2056 1654 2282 1712 internae
2331 1658 2646 1717 refectionis
2692 1663 2967 1719 amittitis.
3003 1665 3157 1721 Unde
3204 1666 3323 1724 illic
3369 1678 3498 1739 apte

1884 1742 2273 1816 subjungitur:
2324 1747 2399 1803 Et
2428 1746 2659 1803 laborem
2698 1756 2929 1807 vestrum
2968 1769 3075 1807 non
3112 1753 3169 1808 in
3209 1756 3493 1812 saturitate

1888 1830 2105 1905 (Ibid).

159 1943 388 2036 quando
407 1945 534 2036 ipse
560 1946 853 2016 Dominus,
905 1948 1206 2021 aliquando
1236 1934 1544 2023 spiritualis
1572 1952 1768 2024 gratia,
1803 1934 1851 1996 Β
1958 1953 2097 2030 [Vet.
2147 1958 2374 2035 XXVI.)
2424 1961 2662 2019 Rursum
2712 1980 2808 2036 per
2853 1980 3050 2036 panem
3098 1963 3490 2024 haereticorum

157 2033 466 2107 aliquando
485 2034 691 2092 divinae
713 2036 979 2095 doctrinae
1001 2039 1263 2109 eruditio,
1286 2040 1585 2114 aliquando
1605 2042 1777 2099 haere-

160 2124 404 2182 ticorum
437 2125 778 2198 praedicatio,
820 2127 1119 2201 aliquando
1150 2130 1461 2188 subsidium
1484 2133 1613 2189 vitae
1642 2150 1777 2205 prae.

156 2213 355 2283 sentis,
391 2214 694 2288 aliquando
725 2214 1049 2288 jucunditas
1092 2218 1351 2279 humanae
1396 2221 1779 2281 delectationis

156 2305 457 2379 accipitur.

232 2395 302 2451 In
330 2412 470 2468 pane
486 2395 756 2452 Dominus
777 2396 1048 2470 signatur,
1081 2399 1226 2458 sicut
1257 2401 1452 2475 ipsein
1474 2403 1780 2476 Evangelio

158 2484 340 2544 dicit:
373 2486 490 2557 Ego
544 2501 661 2541 sum
679 2486 840 2558 panis
870 2487 1042 2556 vivus,
1098 2490 1192 2561 qui
1247 2491 1310 2547 de
1355 2491 1480 2549 calo
1536 2491 1783 2549 descendi

155 2577 353 2645 (Joan.
372 2592 451 2644 νι,
470 2575 586 2649 51).

234 2667 482 2723 Rursum
512 2682 609 2741 per
633 2683 828 2740 panem
851 2669 1026 2742 gratia
1044 2668 1179 2726 doni
1196 2670 1464 2743 spiritalis
1485 2672 1780 2745 accipitur,

158 2755 311 2814 sicut
352 2773 449 2830 per
502 2757 825 2832 prophetam
872 2758 1124 2818 dicitur:
1191 2762 1295 2831 Qui
1348 2763 1564 2819 obturat
1619 2781 1782 2820 aures

157 2862 311 2915 suas,
340 2863 407 2902 ne
432 2848 627 2904 audiat
658 2847 987 2920 sanguinem,
1017 2855 1067 2903 et
1091 2850 1295 2905 claudit
1339 2853 1516 2908 oculos
1546 2868 1688 2921 suos,
1719 2869 1784 2909 ne

158 2936 343 2992 videat
366 2937 591 3004 malum,
624 2936 719 2991 iste
748 2936 803 2991 in
851 2937 1065 2993 excelsis
1112 2938 1409 2994 habitabit:
1460 2940 1785 2998 munimenta

158 3041 428 3083 saxorum
480 3023 781 3081 sublimitas
835 3024 970 3095 ejus,
994 3027 1157 3097 panis
1186 3028 1232 3083 ei
1278 3028 1435 3084 datus
1489 3035 1563 3084 est
1616 3030 1781 3100 (Isai.

161 3132 376 3184 χχχιιι,
409 3114 523 3187 15).
557 3112 704 3182 Quid
733 3122 815 3171 est
842 3114 991 3171 enim
1038 3114 1296 3174 obturare
1335 3134 1496 3175 aures
1524 3136 1669 3187 suas,
1711 3135 1782 3177 ne

159 3205 362 3263 audiat
384 3203 733 3277 sanguinem,
765 3202 875 3259 nisi
898 3204 1136 3276 peccatis
1155 3206 1534 3277 suadentibus,
1564 3224 1685 3282 quae
1713 3207 1784 3265 de

1886 2047 2207 2120 praedicatio
2235 2048 2574 2122 designatur,
2607 2052 2752 2109 sicut
2782 2069 2878 2125 per
2906 2053 3254 2111 Salomonem
3286 2056 3492 2112 mulier

1888 2135 2160 2194 haereticae
2202 2139 2445 2196 ecclesias
2488 2149 2682 2213 typum
2713 2152 2948 2214 gestans,
2979 2154 3033 2201 et
3061 2146 3258 2202 stultos
3289 2162 3493 2204 convo-

1887 2242 2036 2296 cans,
2068 2226 2242 2284 dicit:
2294 2230 2468 2286 Panes
2508 2233 2733 2287 occultos
2779 2233 2996 2290 libenter
3021 2234 3154 2291 edite
3179 2235 3373 2307 (Prov.
3408 2254 3488 2306 IX,

1891 2317 2004 2389 17).
2056 2318 2178 2387 Vel,
2211 2318 2361 2389 sicut
2383 2320 2441 2375 in
2472 2329 2659 2378 nostra
2687 2324 3043 2381 translatione
3071 2326 3337 2398 scriptum
3369 2336 3451 2385 est
3477 2346 3488 2385 :

1889 2407 2057 2478 Aquas
2083 2407 2301 2479 furtivae
2326 2409 2587 2467 dulciores
2615 2418 2758 2478 sunt,
2779 2419 2827 2468 et
2840 2414 3001 2484 panis
3019 2416 3354 2474 absconditus
3372 2436 3496 2476 sua-

1889 2497 2027 2554 vior.
2078 2497 2219 2554 Sunt
2264 2500 2412 2555 enim
2442 2502 2726 2557 nonnullae
2755 2501 2990 2560 haereses
3018 2520 3140 2577 qua)
3168 2514 3351 2578 aperte
3380 2523 3490 2565 me-

1891 2596 2055 2645 tuunt
2083 2589 2379 2661 praedicare
2409 2590 2557 2664 quod
2586 2591 2852 2661 sentiunt,
2886 2602 2938 2650 et
2966 2594 3114 2667 apud
3145 2596 3496 2654 inﬁrmorum

1890 2687 2101 2735 mentes
2152 2679 2319 2737 verba
2362 2696 2461 2737 sua
2506 2687 2659 2737 tanto
2706 2682 2880 2754 magis
2910 2684 2931 2718 ⁴
2960 2683 3251 2752 condiunt,
3297 2696 3504 2758 quanto

1891 2769 2047 2840 quasi
2076 2770 2314 2842 amplius
2344 2779 2656 2827 reverenter
2683 2769 3046 2829 abscondunt.
3072 2774 3227 2831 Unde
3246 2791 3360 2832 non
3398 2776 3504 2832 im-

1892 2858 2090 2915 merito
2122 2858 2361 2916 dicitur:
2398 2861 2570 2915 Panes
2597 2862 2823 2917 occultos
2853 2862 3071 2918 libenter
3097 2865 3246 2921 edite.
3289 2866 3505 2923 Miseris

1892 2946 2039 3003 enim
2070 2945 2329 3003 cordibus
2357 2949 2575 3004 occulta
2613 2947 2999 3006 haereticorum
3031 2954 3199 3012 verba
3226 2970 3292 3011 eo
3321 2955 3505 3027 magis

1891 3035 2133 3108 sapiunt,
2177 3051 2285 3109 quo
2338 3051 2465 3093 cum
2522 3036 2749 3112 reliquis
2805 3041 3176 3100 communiter
3231 3060 3342 3101 non
3402 3043 3496 3103 ha-

1896 3124 2119 3182 bentur.

1962 3216 2199 3273 Rursum
2230 3233 2326 3289 per
2353 3233 2551 3290 panem
2581 3218 2889 3275 subsidium
2920 3221 3203 3291 praesentis
3261 3221 3390 3278 vitae
3419 3240 3508 3283 ac—

160 3294 437 3368 sanguine
470 3301 526 3351 Θῑ
553 3308 716 3351 came
744 3302 1067 3362 nascuntur,
1100 3312 1212 3352 non
1252 3297 1495 3370 praebere
1537 3314 1784 3355 00118611-
1812 3298 1856 3362 C
1892 3309 2119 3381 cipitur,
2152 3310 2294 3367 sicut
2321 3310 2488 3367 Iacob
2516 3310 2585 3367 ad
2603 3310 2788 3367 Laban
2810 3311 3102 3380 transiens,
3134 3313 3246 3369 ait:
3274 3313 3505 3371 Domine

159 3402 291 3441 sum
309 3385 340 3441 ‘I
364 3385 437 3441 Et
465 3381 600 3457 quid
614 3390 715 3451 est,
740 3398 809 3438 ne
828 3383 1036 3441 malum
1066 3384 1272 3455 videat,
1294 3387 1486 3444 oculos
1506 3386 1782 3456 claudere,

162 3475 281 3532 nisi
317 3490 482 3532 omne
502 3474 650 3549 quod
678 3474 1008 3532 rectitudini
1039 3476 1333 3534 adversum
1355 3487 1439 3535 est
1454 3494 1567 3534 non
1591 3494 1786 3551 appro-

160 3569 297 3625 bare
317 3565 347 3623 ?
371 3565 480 3622 Iste
506 3564 565 3621 in
593 3564 827 3622 excelsis
858 3563 1161 3636 habitabit,
1195 3568 1329 3641 quia
1374 3567 1630 3641 quamvis
1659 3584 1783 3623 eum

161 3655 353 3713 adhuc
381 3671 508 3713 caro
538 3656 597 3712 in
645 3656 1007 3713 inferioribus
1031 3656 1254 3726 retinet,
1298 3665 1541 3714 mentem
1585 3655 1700 3729 jam
1726 3658 1785 3713 in

160 3744 505 3804 sublimibus
562 3744 708 3803 ﬁxit.
766 3746 1114 3804 Munimenta
1162 3762 1427 3803 saxorum
1472 3745 1787 3803 sublimitas

164 3836 315 3910 ejus,
351 3836 485 3910 quia
517 3837 539 3871 ³
570 3836 665 3911 qui
694 3835 910 3909 abjecta
937 3835 1213 3894 desideria
1241 3846 1471 3895 terrenae
1499 3853 1786 3895 conversa-

164 3927 346 3984 tionis
375 3926 575 3995 calcat,
622 3926 690 3983 ad
719 3941 1014 3997 supernam
1058 3927 1292 4000 patriam
1339 3944 1436 4000 per
1464 3926 1788 4001 praeceden-

168 4016 315 4073 tium
343 4024 564 4089 patrum
593 4015 851 4087 exempla
877 4030 935 4071 se
965 4012 1242 4075 sublevat.
1272 4017 1347 4075 Et
1377 4018 1508 4092 quia
1535 4034 1632 4091 per
1657 4034 1786 4076 con-

166 4106 550 4179 templationis
587 4105 795 4163 donum
825 4105 1001 4177 gratia
1056 4107 1297 4181 spiritali
1353 4108 1606 4177 satiatur,
1664 4117 1788 4182 apte

166 4194 562 4270 subjungitur:
594 4197 764 4255 Panis
792 4199 839 4256 ei
876 4197 1034 4255 datus
1079 4204 1172 4267 est,
1210 4198 1266 4255 id
1316 4207 1399 4255 est
1427 4198 1785 4256 refectionem

168 4285 440 4359 spiritalis
468 4287 656 4359 gratiae
686 4289 942 4362 percipit,
959 4288 1091 4362 quia
1117 4303 1175 4345 se
1198 4304 1229 4344 a
1254 4287 1422 4344 bonis
1452 4286 1661 4343 inﬁmis
1679 4304 1786 4345 cce-

170 4376 334 4434 lestia
363 4375 633 4449 sperando
661 4377 969 4450 suspendit.
1002 4378 1145 4436 Hinc
1175 4378 1343 4435 etiam
1361 4376 1431 4433 de
1462 4385 1656 4434 sancta
1682 4377 1786 4434 Ec-

167 4466 339 4525 clesia
368 4480 463 4538 per
499 4466 680 4523 David
706 4466 978 4525 Dominus
1006 4467 1175 4526 dicit:
1212 4469 1481 4540 Pauperes
1509 4466 1622 4537 ejus
1643 4471 1786 4521 satu-

170 4557 304 4614 rabo
328 4557 561 4628 panibus
601 4557 775 4629 (Psal.
808 4575 1002 4626 cxxxr,
1041 4559 1155 4631 15),
1188 4559 1320 4632 quia
1350 4559 1406 4614 in
1449 4560 1547 4615 illa
1576 4565 1787 4615 mentes

1893 3400 2056 3466 Deus,
2085 3398 2134 3455 si
2159 3399 2366 3455 dederis
2392 3399 2524 3454 mihi
2544 3416 2737 3471 panem
2764 3401 2837 3456 ad
2862 3402 3313 3469 manducandum,
3342 3410 3390 3458 et
3421 3421 3509 3461 oe-

1894 3495 2022 3544 stem
2049 3490 2122 3545 ad
2148 3488 2476 3546 induendum
2514 3490 2730 3562 (Genes.
2763 3508 2965 3559 xxvm,
2997 3491 3113 3562 20).
3144 3492 3217 3548 Et
3262 3491 3408 3549 sicut
3436 3493 3494 3549 in

1895 3579 2199 3652 Evangelio
2245 3580 2516 3636 Dominus
2570 3580 2747 3637 turbis
2804 3597 2861 3636 se
2913 3579 3269 3654 sequentibus
3319 3580 3500 3638 dicit:

1898 3668 2149 3735 Quaeritis
2179 3686 2277 3735 me,
2307 3686 2415 3725 non
2441 3670 2571 3741 quia
2599 3670 2805 3725 vidistis
2824 3671 2996 3742 signa,
3027 3669 3115 3724 sed
3132 3668 3261 3740 quia
3279 3670 3506 3726 mandu-

1895 3759 2054 3815 castis
2082 3776 2147 3814 ea:
2170 3759 2420 3832 panibus,
2452 3765 2500 3815 et
2527 3760 2759 3816 saturati
2786 3760 2909 3816 estis
2934 3760 3121 3831 (Joan.
3153 3776 3231 3827 vr,
3275 3758 3391 3832 26).
3425 3760 3505 3816 De

1895 3857 2103 3921 septem
2149 3849 2297 3904 enim
2340 3848 2576 3921 panibus
2605 3848 2823 3905 fuerant
2849 3848 3051 3905 satiati.
3083 3849 3157 3905 Et
3184 3864 3280 3921 per
3308 3864 3497 3905 eorum

1896 3952 2181 4009 personam
2211 3938 2481 3993 Dominus
2498 3937 2623 3993 illos
2653 3938 2799 3993 intra
2818 3945 3060 3993 sanctam
3081 3937 3385 3992 Ecclesiam
3409 3936 3500 3993 de-

1896 4034 2148 4093 testatur,
2174 4025 2269 4098 qui
2291 4041 2387 4097 per
2413 4041 2597 4082 sacros
2616 4025 2840 4082 ordines
2866 4024 2935 4081 ad
2955 4024 3252 4081 Dominum
3276 4024 3497 4096 propin-

1896 4124 2143 4188 quantes,
2176 4130 2287 4171 non
2331 4114 2388 4169 in
2417 4113 2623 4171 eisdem
2655 4113 2946 4170 ordinibus
2975 4112 3246 4170 virtutum
3277 4114 3499 4181 merita,

1895 4204 1989 4261 sed
2017 4202 2266 4261 subsidia
2292 4204 2421 4260 vitae
2442 4203 2724 4275 praesentis
2742 4203 3044 4276 exquirunt
3069 4219 3082 4268 ;
3107 4218 3209 4259 nec
3250 4202 3495 4274 cogitant

1895 4295 2031 4370 quid
2077 4295 2318 4352 vivendo
2366 4294 2572 4352 imitari
2610 4294 2864 4363 debeant,
2898 4294 2992 4351 sed
3021 4310 3142 4367 quas
3170 4294 3500 4366 compendia

1896 4387 2249 4462 percipiendo
2300 4387 2590 4445 satientur.
2639 4388 2874 4445 Satiatos
2920 4387 3122 4460 quippe
3162 4386 3230 4442 de
3260 4385 3505 4458 panibus

1895 4481 2193 4538 Dominum
2237 4480 2391 4553 sequi
2438 4487 2520 4536 est
2565 4479 2632 4535 de
2679 4486 2867 4536 sancta
2895 4477 3141 4535 Ecclesia
3170 4477 3508 4549 temporalia

1896 4574 2158 4631 alimenta
2205 4573 2522 4646 sumpsisse.
2573 4574 2644 4630 Et
2672 4590 2782 4628 non
2818 4588 2916 4645 pro
2946 4570 3120 4643 signis
3149 4572 3170 4606 ³
3201 4561 3286 4627 est
3311 4570 3502 4626 Domi-

170 4646 477 4703 humilium
506 4648 698 4721 positae
726 4647 1063 4721 spiritalium
1123 4648 1426 4721 implentur
1486 4647 1786 4707 refectione
1814 4659 1863 4719 ι)
1892 4679 2048 4732 num,
2091 4662 2187 4719 sed
2232 4679 2331 4736 ριοο
2380 4662 2616 4735 panibus
2662 4678 2925 4735 qum-ere,
2970 4660 3040 4717 ad
3071 4660 3357 4733 reﬁgionis
3388 4658 3506 4715 om-

168 4743 471 4801 donorum.

242 4836 485 4893 Rursum
516 4853 614 4910 per
644 4853 839 4909 panem
855 4835 1067 4893 divina:
1086 4836 1353 4894 doctrinae
1368 4836 1609 4894 eruditio
1641 4841 1784 4899 756

169 4932 553 5005 designantur,
577 4933 725 4992 sicut
750 4950 846 5007 per
860 4933 1183 5007 prophetam
1203 4933 1428 4992 dicitur:
1457 4935 1559 5002 Qui
1580 4934 1784 4990 habita-

175 5026 243 5079 tis
264 5025 321 5079 in
338 5031 481 5081 terra
499 5025 712 5092 Austri,
729 5044 849 5081 cum
862 5026 1094 5098 panibus
1113 5027 1371 5081 occurrite
1384 5025 1781 5096 fugienti(Isai.

173 5129 297 5181 xxx,
333 5113 445 5184 14).
478 5115 539 5170 In
568 5122 716 5171 terra
743 5116 946 5188 quippe
966 5114 1157 5170 Austri
1187 5113 1439 5170 habitant
1458 5114 1554 5186 qui
1578 5114 1634 5168 in
1664 5130 1783 5169 san-

173 5212 266 5260 cta
292 5203 542 5261 Ecclesia
568 5204 733 5277 positi
764 5204 987 5277 superni
1008 5204 1249 5276 Spiritus
1269 5202 1537 5261 charitate
1553 5202 1783 5275 perﬂan-

175 5301 287 5349 tur.
336 5293 502 5367 Fugit
544 5302 727 5351 autem
775 5294 873 5367 qui
911 5292 1079 5367 hujus
1120 5292 1315 5348 mundi
1366 5292 1509 5347 mala
1551 5291 1785 5349 evadere

172 5383 539 5456 concupiscit.
573 5382 682 5451 Qui
710 5399 837 5457 ergo
885 5384 943 5440 in
975 5392 1118 5441 terra
1172 5382 1361 5439 Austri
1413 5380 1648 5449 habitat,
1685 5380 1784 5436 fu-

175 5471 348 5543 gienti
378 5488 503 5530 cum
534 5471 771 5547 panibus
800 5481 1070 5542 occurrat,
1104 5470 1279 5538 idest,
1315 5470 1363 5527 is
1393 5470 1490 5543 qui
1514 5468 1632 5541 jam
1664 5483 1786 5525 san-

252 5706 265 5741 ³
290 5704 554 5772 Vindoc.,
585 5702 961 5760 abominabilis
994 5703 1081 5760 illi
1108 5702 1236 5774 fuit.

249 5778 271 5812 ²
304 5776 413 5855 llic
441 5777 499 5832 in
526 5775 985 5855 Edit._Qussztnv.
1034 5784 1117 5855 est
1150 5790 1344 5847 magna
1374 5773 1589 5845 lacuna,
1621 5790 1794 5848 quam

176 5866 278 5926 ope
304 5849 434 5926 Mss.
467 5856 523 5904 et
533 5856 652 5926 vet.
670 5846 834 5926 _Edit.
855 5846 1201 5926 agnovimus.

248 5923 269 5957 ³
297 5921 504 5981 Omnes
530 5917 705 5988 Editi,
736 5917 1013 5988 mendose,
1033 5917 1267 5989 objecta.

1892 4753 2064 4822 cium,
2115 4768 2226 4808 non
2273 4769 2372 4825 pro
2421 4751 2685 4824 augendis
2715 4750 3036 4818 virtutibus,
3068 4748 3163 4806 sed
3194 4765 3294 4822 pro
3325 4747 3503 4820 requi-

1894 4840 2082 4897 rendis
2114 4839 2378 4897 subsidiis
2408 4838 2647 4895 inhiare.

1964 4930 2203 4986 Rursum
2229 4946 2323 5001 per
2353 4944 2545 5001 panem
2564 4926 2886 4999 jucunditas
2909 4927 3167 4983 humanae
3187 4924 3501 4981 delectatio-

1893 5020 1981 5075 nis
2009 5019 2298 5090 accipitur.
2331 5018 2486 5075 Unde
2515 5018 2778 5073 Jeremias
2812 5016 3078 5090 propheta
3106 5016 3240 5071 dum
3270 5029 3502 5085 synago-

1894 5128 1971 5181 gae
2001 5108 2243 5181 perditos
2291 5124 2469 5163 mores
2517 5106 2760 5173 defieret,
2811 5106 2989 5161 dixit:
3048 5104 3230 5159 Omnis
3270 5102 3506 5174 populus

1893 5197 2008 5269 ejus
2053 5214 2256 5269 gemens
2301 5204 2349 5252 et
2394 5212 2630 5268 qmerens
2686 5211 2914 5266 panem:
2962 5192 3218 5248 dederunt
3268 5191 3506 5263 pretiosa

1893 5304 2109 5358 qumque
2131 5303 2233 5358 pro
2259 5287 2369 5342 cibo
2398 5288 2469 5341 ad
2498 5284 2904 5355 refocillandam
2935 5280 3173 5337 animam
3205 5279 3431 5353 (Thren.
3468 5298 3507 5348 ι,

1897 5377 2010 5445 11).
2043 5376 2277 5432 Gemens
2291 5376 2437 5431 enim
2470 5373 2706 5447 populus
2725 5371 2924 5445 quierit
2943 5386 3161 5442 panem,
3184 5369 3318 5428 dum
3340 5385 3509 5443 prava

1900 5466 2189 5523 hominum
2214 5464 2514 5521 multitudo
2536 5461 2819 5535 aﬂligitur,
2845 5461 2981 5534 quia
3008 5476 3121 5518 non
3141 5459 3210 5518 ad
3232 5469 3422 5518 votum
3445 5458 3512 5515 de

1977 5701 1996 5734 δ
2028 5698 2256 5764 Turon.,
2289 5696 2538 5751 condunt.

1975 5772 1996 5806 ⁵
2030 5760 2281 5841 Plerique
2326 5768 2538 5841 Norm.,
2572 5771 2646 5841 est
2673 5764 2960 5841 Dominum
2997 5779 3251 5835 quaerere,
3295 5760 3384 5816 sed
3410 5776 3512 5833 pro

1904 5842 2130 5916 panibus
2158 5838 2231 5897 ad
2258 5839 2529 5911 religionis
2558 5838 2801 5912 oﬂicium.
