3928 6380
457 386 562 444 283

1663 387 1910 444 SANCTI
1947 385 2286 446 GREGORII
2324 389 2550 446 MAGNI

3675 396 3781 454 284

459 512 743 584 praesentis
787 510 912 566 vitae
949 511 1294 584 jucunditate
1322 518 1568 572 satiatur.
1601 515 1705 571 Sed
1735 525 1786 572 et
1816 517 2054 587 pretiosa
2079 518 2131 578 Α
2159 516 2396 572 virtutes
2431 515 2766 585 humiliant;
2799 517 3013 590 ﬂagella
3039 519 3170 575 dum
3201 529 3440 589 tentant,
3488 533 3782 595 surgentes

381 666 386 671 ο
457 616 687 672 (μιωῳιο
730 616 828 672 pro
875 600 1000 656 cibo
1041 602 1152 670 dat,
1186 603 1314 676 quia
1341 605 1573 660 virtutes
1605 606 1774 660 menti
1808 605 1863 659 in
1895 623 2061 676 appe-

457 691 620 746 titum
663 689 1042 747 delectationis
1086 694 1414 749 transitoria:
1445 695 1694 750 inclinat.
1738 697 1809 750 Et
1840 696 2059 752 refocil-

455 779 567 834 lare
614 779 851 834 animam
885 785 1028 842 757
1057 780 1275 851 nititur,
1309 783 1440 855 quia
1471 783 1741 855 perversis
1769 785 1885 839 suis
1915 785 2058 840 desi-

453 875 623 931 deriis
665 877 975 932 satisfacere
1018 886 1265 934 certatur.
1312 880 1466 935 Unde
1495 879 1632 935 bene
1665 898 1796 936 mox
1827 899 1895 936 ex
1924 899 2058 938 voce

454 965 608 1019 illitis
655 966 837 1020 electa)
885 966 1262 1022 multitudinis
1292 968 1516 1024 subdit:
1560 971 1704 1035 Vide,
1736 971 1979 1035 Domine,
2010 979 2059 1026 et

452 1053 726 1107 considera
769 1055 894 1124 quia
937 1055 1080 1124 facta
1121 1073 1234 1110 sum
1279 1059 1399 1113 vilis
1427 1060 1660 1129 (Thrcn.
1695 1077 1732 1127 ι,
1771 1061 1880 1132 11).
1915 1061 2056 1118 Vilis

453 1141 654 1213 quippe
683 1141 835 1213 plebs
865 1143 962 1199 Dei
986 1145 1238 1214 efﬁcitur,
1261 1147 1480 1218 quando
1503 1165 1800 1219 pravorum
1823 1166 2054 1206 numero

453 1239 748 1297 crescente,
796 1231 854 1286 in
901 1233 980 1288 eis
1025 1251 1135 1288 non
1181 1251 1397 1291 summa
1449 1245 1502 1292 et
1547 1237 1807 1304 caelestia,
1842 1238 1933 1292 sed
1965 1237 2054 1294 ab-

448 1319 594 1390 jecta
624 1329 679 1376 et
707 1330 922 1378 terrena
947 1331 1204 1380 sectatur.

527 1408 666 1482 [Vet.
706 1413 962 1487 XXVII]
1011 1415 1099 1470 50.
1150 1416 1420 1486 Quidquid
1448 1417 1609 1488 sapit,
1656 1418 1710 1472 vi
1758 1417 2055 1472 tentationis

458 1501 963 1558 cultorescit.—Eliu
983 1505 1166 1577 itaque
1187 1506 1317 1578 quid
1339 1507 1490 1562 aliud
1513 1523 1706 1578 panem
1733 1524 1895 1578 quam
1920 1523 2054 1578 prae-

457 1591 627 1647 sentis
655 1592 783 1648 vitae
813 1594 1228 1653 delectationem
1253 1601 1458 1654 vocat?
1487 1599 1592 1666 Qui
1622 1609 1906 1670 postquam
1938 1599 2052 1654 vim

451 1679 778 1735 tentationis
799 1684 1086 1753 expressit,
1119 1685 1268 1740 illico
1289 1687 1536 1742 subdidit
1561 1704 1574 1743 :
1595 1689 1983 1742 Abominabilis
2007 1689 2056 1742 ei

454 1767 514 1837 ﬁt
542 1767 599 1820 in
625 1768 738 1822 vita
764 1785 863 1823 sua
885 1772 1066 1838 panis,
1099 1779 1146 1825 et
1172 1774 1364 1828 animm
1394 1775 1538 1830 illius
1559 1776 1703 1828 cibus
1722 1783 1842 1830 ante
1861 1777 2055 1830 deside-

2169 606 2226 660 in
2257 605 2420 661 corde
2443 605 2608 677 hujus
2631 606 2822 662 mundi
2873 608 3180 679 voluptates
3207 609 3509 668 eradicant.
3533 613 3641 668 Per
3667 622 3782 670 ten-

2171 695 2345 748 tantia
2386 695 2526 750 vitia
2563 695 2830 752 discimus
2861 698 2882 732 ³
2914 697 3047 770 quid
3073 696 3140 752 de
3161 698 3323 754 nobis
3349 700 3543 768 simus,
3579 718 3679 772 per
3707 702 3783 760 fe-

2172 783 2376 838 rientia
2403 783 2614 854 ﬂagella
2643 786 3026 856 Cognoscimus
3056 786 3191 858 quid
3221 786 3287 842 de
3317 787 3423 845 hoc
3453 790 3667 846 mundo
3685 791 3786 847 fu-

2167 873 2400 942 giamus.
2433 873 2534 928 Per
2565 875 2658 928 illa
2690 875 3093 946 restringimur,
3127 893 3195 931 ne
3225 876 3560 935 intrinsecus
3589 882 3784 936 extol-

2168 962 2364 1028 lamur,
2399 979 2495 1033 per
2528 964 2629 1018 ista
2659 965 3098 1036 comprimimur,
3132 983 3202 1022 ne
3249 967 3384 1040 quid
3431 970 3787 1028 extrinsecus

2165 1061 2504 1121 appetamus.
2541 1054 2598 1107 In
2625 1052 2726 1109 hac
2757 1071 2884 1125 ergo
2913 1056 3028 1109 vita
3049 1055 3178 1110 dum
3213 1073 3424 1126 smnus,
3454 1067 3508 1114 et
3547 1059 3785 1132 ﬂagellis

2164 1140 2346 1208 atteri,
2391 1151 2444 1196 et
2477 1142 2774 1214 aliquando
2808 1146 3002 1200 tentari
3060 1145 3218 1201 vitiis
3267 1163 3485 1204 necesse
3515 1159 3616 1206 est.
3653 1149 3784 1208 Sive

2163 1229 2310 1282 enim
2347 1229 2398 1283 in
2435 1230 2714 1287 laboribus
2760 1233 3120 1304 ﬂagellorum,
3147 1251 3241 1290 seu
3275 1236 3330 1290 in
3357 1239 3662 1294 certamine
3686 1241 3784 1296 vi-

2164 1318 2390 1386 tiorum,
2418 1337 2527 1374 non
2545 1323 2722 1376 solum
2749 1324 2908 1378 nobis
2931 1332 3119 1380 nostra
3139 1326 3435 1383 inﬁrmitas
3457 1329 3781 1398 innotescit,

2163 1406 2259 1460 sed
2280 1409 2519 1464 etiamin
2541 1420 2742 1482 quanta
2761 1413 2966 1468 virtute
2984 1414 3376 1485 profecerimus
3395 1420 3772 1488 agnoscimus.

2167 1492 2310 1565 [Hec
2353 1498 2592 1572 XVIII.]
2624 1501 2794 1555 Nemo
2825 1502 3023 1572 quippe
3045 1503 3190 1558 vires
3225 1521 3351 1559 suas
3401 1506 3456 1559 in
3514 1523 3648 1578 pace
3677 1525 3785 1564 co-

2164 1584 2395 1654 gnoscit.
2430 1585 2485 1640 Si
2513 1587 2658 1641 enim
2690 1587 2832 1642 bella
2859 1589 3076 1658 desunt,
3109 1596 3254 1654 758
3298 1593 3573 1650 virtutum
3614 1613 3782 1668 expe-

2164 1680 2400 1736 rimenta
2433 1699 2539 1738 non
2593 1685 2882 1756 prodeunt.
2940 1688 3290 1759 Improvidus
3347 1691 3506 1745 miles
3537 1701 3642 1758 est,
3681 1693 3782 1764 qui

2163 1767 2361 1824 fortem
2395 1789 2450 1827 se
2495 1773 2549 1826 in
2591 1791 2720 1846 pace
2762 1778 3043 1848 gloriatur.
3094 1777 3231 1851 [νεῖ.
3283 1780 3576 1854 ΧΧΥΙΙΙ]
3631 1782 3782 1848 Quia

456 1855 666 1924 ναδίιεε,
696 1857 826 1928 quia
853 1858 1112 1916 videlicet
1139 1878 1302 1917 omne
1329 1863 1476 1934 quod
1504 1863 1656 1934 prius
1691 1864 1758 1920 de
1789 1866 1909 1936 ipsa
1937 1883 2058 1937 pro.
2091 1869 2138 1929 Β
2167 1873 2296 1928 ergo
2329 1876 2470 1932 saepe
2500 1862 2704 1918 virium
2723 1867 2917 1921 merita
2940 1885 3036 1939 per
3063 1867 3404 1940 ﬂagellorum
3429 1870 3666 1926 adversa
3685 1889 3779 1943 pa-

453 1945 712 2014 speritate
732 1945 956 2002 vivendi
973 1947 1132 2005 dulce
1147 1951 1406 2021 sapiebat,
1440 1953 1788 2023 postmodum
1820 1970 1916 2025 per
1938 1955 2050 2009 vim

453 2034 779 2092 tentationis
820 2040 1128 2096 amarescit.
1160 2041 1566 2112 Nonnunquam
1611 2058 1740 2098 vero
1782 2043 2051 2116 quidquid

451 2121 658 2192 gaudii,
691 2123 963 2197 quidquid
994 2127 1218 2184 virtutis
1247 2129 1429 2184 favere
1449 2129 1757 2198 videbatur,
1777 2131 1959 2187 subito
1993 2134 2051 2189 in

452 2225 653 2281 pavore
674 2215 994 2270 tentationis
1029 2217 1321 2286 amittitur,
1340 2227 1394 2274 et
1426 2219 1580 2290 quasi
1624 2229 1919 2277 evacuatus
1950 2223 2048 2278 eis-

452 2298 576 2356 dem
607 2302 909 2360 virtutibus
937 2305 1112 2361 tristis
1153 2307 1370 2362 animus
1399 2309 1516 2364 solo
1545 2325 1779 2365 maerore
1810 2312 2050 2382 posside-

451 2393 558 2443 tur.
594 2389 728 2446 Cum
763 2393 910 2448 enim
941 2396 1103 2465 paulo
1133 2395 1774 2468 vehementiusimpulsu
1795 2400 2048 2456 teutatio-

447 2474 534 2530 nis
575 2475 832 2548 aﬂicitur,
883 2481 1011 2552 quia
1057 2498 1278 2538 exerere
1326 2483 1438 2538 vim
1488 2484 1663 2540 solitae
1704 2486 2048 2544 fortitudinis

446 2579 558 2620 non
601 2566 766 2635 valet,
811 2584 930 2624 eam
953 2567 1068 2640 jam
1099 2571 1251 2626 velut
1281 2571 1549 2642 perditam
1581 2574 1751 2643 dolet,
1783 2592 1948 2649 seque
1977 2594 2046 2633 ex

446 2671 501 2710 se
530 2672 766 2713 vacuum
789 2660 1048 2728 sentiens,
1086 2660 1464 2718 inﬁrmitatem
1487 2681 1642 2720 suam
1669 2668 1684 2701 ¹
1713 2681 1782 2721 ex
1812 2667 1928 2737 ipsa
1948 2682 2047 2722 sua

445 2745 709 2805 inanitate
737 2753 1035 2822 cognoscit.
1070 2752 1224 2809 Unde
1251 2753 1322 2810 ab
1350 2754 1501 2810 omni
1535 2772 1665 2810 mox
1690 2754 2045 2827 jucunditate

445 2836 602 2906 quasi
631 2836 938 2912 frangitur;
972 2850 1023 2897 et
1053 2858 1200 2898 escas
1220 2843 1420 2914 prioris
1441 2843 1647 2902 laetitiae
1672 2863 1954 2918 respuens,
1980 2866 2044 2905 eo

439 2942 600 2998 quem
643 2928 821 2984 solum
865 2929 1099 2986 libenter
1139 2932 1348 3003 appetit
1394 2932 1547 2990 luctu
1577 2935 1832 2992 satiatur.
1867 2939 2042 2994 Unus-

437 3013 669 3087 quisque
697 3017 843 3072 enim
875 3035 1000 3074 cum
1031 3019 1137 3075 sibi
1170 3021 1310 3076 bene
1340 3021 1566 3078 vivendi
1596 3026 1934 3096 prosperitas
1961 3045 2041 3084 ar-

437 3103 578 3161 ridet
623 3105 924 3176 hilarescit,
969 3118 1132 3183 atque
1175 3110 1292 3182 ipsa
1333 3110 1583 3169 hilaritas
1613 3115 1859 3172 animum
1891 3119 2043 3176 velut

2167 1947 2386 2016 teﬁunt,
2409 1959 2532 2022 apte
2555 1952 2684 2007 Eliu
2722 1953 3025 2027 subjungit,
3058 1957 3278 2014 dicens:

2731 2042 2960 2100 CAPUT
2982 2045 3189 2102 XXVI.

2235 2126 2406 2184 Vsus.
2441 2127 2528 2184 2i.
2555 2159 2628 2172 —
2658 2131 2894 2187 Tabescet
2922 2151 3047 2188 caro
3070 2134 3238 2202 illius,
3268 2142 3315 2191 et
3351 2152 3470 2192 ossa
3505 2155 3624 2208 qua:
3645 2143 3776 2193 tecta

2159 2214 2380 2286 fuerant
2416 2217 2779 2276 nudabuntur.

2227 2303 2316 2360 52.
2350 2305 2514 2360 Nemo
2551 2313 2809 2376 quantum
2839 2309 3148 2380 profecerit,
3205 2311 3314 2367 nisi
3349 2313 3492 2368 inter
3535 2315 3770 2371 adversa

2157 2396 2433 2466 cognoscit.
2467 2427 2538 2438 —
2563 2397 2699 2454 Cum
2731 2400 2879 2455 enim
2913 2400 3142 2474 ﬂagellis
3174 2406 3552 2476 prementibus
3581 2411 3772 2464 omnis

2154 2485 2400 2540 exterior
2441 2487 2694 2560 voluptas
2715 2491 2988 2559 atteritur,
3015 2492 3246 2550 internae
3263 2495 3614 2553 fortitudinis
3644 2516 3774 2556 ossa

2153 2572 2454 2630 nudantur.
2487 2575 2632 2642 Quid
2676 2585 2856 2632 autem
2886 2578 2992 2635 hoc
3037 2581 3156 2636 loco
3185 2584 3369 2640 carnis
3399 2587 3628 2642 nomine
3658 2589 3770 2648 nisi

2155 2661 2273 2734 ipsa
2299 2662 2591 2720 delectatio
2617 2668 2852 2722 carnalis
2878 2669 3148 2740 accipitur
3168 2673 3196 2728 ?
3218 2673 3320 2730 Vel
3350 2675 3489 2746 quid
3518 2694 3616 2748 per
3647 2695 3775 2734 ossa

2152 2750 2260 2806 nisi
2285 2751 2520 2809 virtutes
2543 2755 2741 2810 animae
2761 2755 3120 2828 designantur
3141 2761 3168 2816 “i
3188 2761 3439 2819 Tabescit
3465 2781 3594 2835 ergo
3615 2783 3770 2836 caro,

2153 2850 2207 2896 et
2237 2858 2359 2897 ossa
2411 2843 2710 2912 nudantur,
2771 2846 2901 2917 quia
2929 2845 3062 2902 dum
3125 2848 3356 2922 ﬂagellis
3402 2855 3771 2924 arguentibus

2157 2930 2396 2986 carnalis
2430 2931 2723 2988 delectatio
2753 2943 3102 3004 extenuatur,
3135 2953 3196 2993 ea
3226 2955 3345 3012 qua
3375 2940 3584 2997 (ludum
3609 2946 3772 3016 quasi

2157 3018 2262 3074 sub
2295 3036 2457 3076 carne
2485 3021 2758 3080 latuerant
2782 3024 3052 3080 virtutum
3076 3026 3244 3083 fortia
3273 3029 3558 3100 pateﬁunt.
3593 3033 3773 3089 Nemo

2156 3107 2359 3178 quippe
2385 3118 2653 3180 quantum
2678 3111 2970 3181 profecerit
2995 3115 3107 3170 nisi
3141 3116 3287 3172 inter
3307 3117 3536 3175 adversa
3565 3137 3772 3192 cogno-

435 3193 816 3251 desiderabilis
845 3196 1003 3252 cibus
1028 3198 1223 3253 reﬁcit.
1253 3200 1358 3256 Sed
1389 3204 1849 3261 cum-tentatione
1879 3209 2038 3277 paulo

2156 3195 2276 3251 scit.
2312 3196 2449 3253 Cum
2477 3200 2626 3254 enim
2662 3199 3164 3276 adsuntprospera,
3200 3209 3220 3243 ‘
3254 3207 3406 3263 cerni
3429 3209 3637 3266 virium
3669 3211 3770 3268 do-

433 3283 673 3354 amplius
700 3283 1026 3340 imminente
1055 3287 1322 3356 pulsatur,
1367 3303 1398 3342 a
1427 3300 1608 3345 mente
1637 3291 1757 3362 ejus
1785 3310 1881 3364 per
1909 3312 2040 3350 moe-

433 3369 575 3424 roris
602 3369 886 3427 fastidium
919 3371 1180 3443 gaudium
1211 3391 1374 3430 omne
1403 3377 1700 3447 respuitur,
1732 3397 1854 3452 quae
1884 3383 2039 3452 prius

434 3457 624 3514 eodem
673 3461 879 3532 gaudio
928 3461 1083 3534 quasi
1126 3463 1320 3518 satiata
1364 3463 1666 3523 laetabatur.
1700 3467 1840 3534 Quia
1873 3470 2041 3542 igitur

434 3543 602 3602 homo
631 3554 876 3606 tentatus
904 3549 975 3606 ab
1003 3566 1099 3623 ore
1127 3550 1309 3607 cordis
1338 3568 1557 3610 omnem
1603 3555 1790 3612 cibum
1830 3561 2040 3631 respuit

433 3633 834 3706 delectationis,
869 3639 891 3674 ³
911 3638 1164 3710 nihilque
1185 3655 1308 3695 eum
1327 3641 1478 3698 aliud
1499 3660 1659 3715 quam
1682 3649 2036 3720 semetipsum

436 3727 492 3776 et
519 3738 847 3794 cognoscere
875 3736 930 3783 et
956 3727 1086 3784 ﬂere
1114 3728 1366 3800 delectat,
1396 3729 1534 3787 bene
1563 3732 1769 3790 dicitur
1791 3753 1802 3792 ε
1828 3737 2040 3794 Abomi-

434 3809 632 3866 nabilis
675 3813 723 3868 ei
766 3815 828 3886 ﬁt
856 3815 914 3871 in
945 3817 1056 3873 vita
1083 3834 1182 3874 sua
1206 3820 1387 3890 panis,
1413 3826 1463 3876 et
1491 3823 1684 3879 anima:
1709 3825 1860 3882 illius
1893 3827 2038 3882 cibus

429 3904 550 3954 ante
577 3900 963 3962 desiderabilis.

493 3987 583 4045 51.
625 3993 988 4050 Tentationum
1017 4001 1065 4050 et
1085 3997 1418 4068 ﬂagellorum.
1447 4000 1674 4057 utilitas.
1705 4033 1777 4044 —
1805 4003 1930 4071 Sed,
1964 4005 2034 4060 si-

424 4087 518 4134 cut
532 4082 784 4152 superius
803 4083 1052 4141 diximus
1074 4087 1258 4158 (Nunt.
1281 4087 1398 4160 48),
1424 4089 1634 4148 idcirco
1652 4092 2032 4150 moderamine

427 4164 658 4219 occultae
679 4167 1104 4238 dispensationis
1127 4173 1200 4229 ita
1221 4176 1422 4230 tentari
1443 4179 1836 4248 permittimur,
1857 4189 1918 4237 ut
1937 4184 2033 4255 qui

427 4266 496 4304 ex
525 4250 718 4308 divino
749 4271 977 4312 munere
1007 4258 1064 4313 in
1090 4261 1297 4316 virtute
1330 4263 1668 4334 proﬁcimus,
1701 4269 1865 4324 etiam
1898 4250 2032 4343 quid

424 4354 615 4394 sumus
640 4357 708 4395 ex
737 4343 958 4414 propria
989 4345 1318 4405 inﬁrmitate
1347 4367 1715 4409 memoremur
1737 4373 1750 4423 ;
1775 4366 1828 4414 et
1847 4360 1941 4430 qui
1963 4375 2036 4422 ex

429 4429 782 4500 perceptione
810 4434 1057 4490 muneris
1084 4452 1246 4507 opera
1275 4438 1499 4495 virtutis
1530 4441 1838 4514 inferimus,
1861 4429 1928 4502 ex
1951 4449 2032 4505 in-

422 4515 700 4575 firmitatis
730 4529 930 4577 nostris
953 4526 1221 4581 memoria
1249 4528 1582 4585 sacriﬁcium
1599 4530 1932 4592 humilitatis
1953 4539 2032 4594 of-

425 4603 686 4664 feramus.
739 4609 1054 4682 Aliquando
1100 4622 1280 4671 autem
1325 4627 1448 4689 post
1490 4620 1793 4690 profectum
1824 4625 2029 4683 virium

421 4711 535 4751 non
565 4697 746 4754 solum
777 4707 996 4758 tentant
1016 4702 1172 4771 vitia,
1205 4707 1299 4762 sed
1319 4707 1486 4762 etiam
1507 4709 1722 4780 ﬂagella
1736 4714 2018 4786 castigant.

419 4784 554 4842 Cum
587 4795 772 4844 autem
808 4798 1085 4848 tentamur
1104 4793 1276 4861 vitiis,
1307 4797 1396 4867 pia
1415 4795 1818 4868 dispensatione
1841 4784 2019 4860 nobis-

421 4891 547 4930 cum
579 4877 778 4948 agitur,
813 4895 880 4934 ne
909 4879 996 4936 his
1022 4881 1322 4940 virtutibus
1351 4885 1553 4958 quibus
1583 4888 1900 4959 proﬁcimus
1927 4910 2018 4950 ex-

423 4963 702 5020 tollamur.
733 4965 872 5024 Cum
903 4985 1031 5024 vero
1058 4969 1288 5042 ﬂagellis
1314 4973 1620 5044 atterimur,
1655 4979 1814 5035 malis
1844 4979 2016 5038 incre-

417 5054 672 5121 pantibus
721 5055 1085 5115 admonemur
1127 5077 1197 5116 ne
1242 5064 1448 5120 mundo
1499 5065 1814 5125 blandiente
1859 5073 2016 5127 sedu-

413 5155 619 5197 camur.
667 5144 818 5202 Vitia
864 5146 996 5202 dum
1045 5165 1145 5203 nos
1187 5156 1416 5220 tentant,
1450 5155 1797 5224 proﬁcientes
1825 5159 1882 5214 in
1913 5177 2014 5217 nos

485 5313 500 5348 ι
533 5313 871 5398 Editdiom,
905 5320 1148 5398 Sixti_V,_
1178 5342 1243 5379 ea;
1265 5327 1380 5398 ipsa
1407 5344 1506 5383 sua
1526 5331 1772 5389 vanitate.
1797 5335 2012 5394 Habent

413 5381 559 5460 Mss:
573 5383 876 5460 Angliam
904 5393 1098 5460 nostri,
1129 5381 1404 5455 ῗηαηίὶαιὲ.

485 5453 507 5548 ς
537 5453 890 5548 1312133919.,
927 5453 1159 5548 Vindoc.
1191 5475 1244 5524 et
1259 5453 1378 5548 alii.
1396 5453 1474 5527 ίΑι
1494 5472 1665 5548 Editi,
1685 5476 1920 5548 nihilque
1939 5481 2004 5536 ei.

482 5526 506 5604 εξ
531 5524 1080 5621 ριξξ.ι1ξῖοξιιξζ,1ᾳ-ιιοά
1100 5537 1161 5621 de
1184 5524 1478 5614 inobvister
1505 5536 1757 5614 ferientia
1797 5524 2006 5621 ﬂagella

415 5595 637 5668 quidde
663 5595 756 5668 (ioc
783 5595 978 5655 mundo
1011 5607 1312 5668 sentiamus.

482 5666 770 5792 ‘Zindoc.
817 5678 874 5726 et
912 5672 1048 5742 pler.
1097 5666 1310 5750 Noun,
1359 5686 1501 5740 cerni
1549 5687 1804 5745 virtutum
1850 5693 2002 5748 docu-

482 5753 524 5790 νη
588 5781 600 5792 .

411 5752 600 5793 menta.

481 5810 504 5843 δ
537 5809 702 5882 Pler.,
735 5817 782 5868 et
809 5815 1089 5874 nudentur.

2149 3297 2409 3343 cnmenta
2451 3305 2561 3344 non
2593 3299 2840 3362 possunt.
2887 3294 3040 3350 Unde
3087 3297 3223 3353 alias
3251 3298 3515 3370 scriptum
3549 3310 3669 3357 est:
3699 3305 3770 3360 In

2147 3375 2237 3430 die
2267 3377 2544 3432 mandavit
2571 3381 2825 3436 Dominus
2863 3383 3291 3441 misericordiam
3338 3404 3519 3454 suam,
3544 3397 3595 3444 et
3613 3399 3770 3448 nocte

2148 3464 2438 3520 declaravit
2455 3468 2482 3535 (
2487 3469 2636 3524 Psat.
2669 3485 2781 3536 xm,
2812 3471 2870 3542 9)
2901 3489 2914 3538 ;
2939 3473 3068 3545 quia
3099 3475 3359 3532 videlicet
3379 3479 3770 3552 unusquisque

2147 3555 2373 3625 superni
2402 3554 2534 3612 doni
2567 3558 2798 3628 gratiam
2831 3559 2886 3614 in
2915 3563 3316 3636 tranquillitate
3333 3566 3537 3638 quietis
3567 3571 3770 3640 perci-

2147 3642 2248 3714 pit,
2284 3643 2379 3700 sed
2409 3653 2676 3716 quantum
2707 3651 3028 3720 perceperit,
3060 3651 3120 3706 in
3167 3652 3497 3712 adversitate
3527 3666 3769 3728 pertur—

2145 3731 2386 3790 bationis
2407 3735 2668 3794 ostendit.
2701 3737 2960 3797 Tabescat
2988 3757 3116 3814 ergo
3144 3760 3293 3813 caro,
3327 3747 3348 3781 ⁵
3381 3754 3443 3801 ut
3473 3747 3768 3806 nudentur

2146 3837 2288 3878 ossa.
2313 3824 2628 3880 Feriamur6
2650 3829 2893 3899 paternis
2912 3833 3373 3903 correptionihus,
3395 3844 3459 3892 ut
3478 3848 3760 3910 quantum

2145 3911 2470 3983 proﬁcimus
2498 3930 2875 3986 agnoscamus.
2909 3921 3162 3992 Flagellis
3192 3924 3340 3978 enim
3370 3927 3598 3982 Domini
3633 3929 3760 4001 pin-

2145 4000 2322 4072 guedo
2349 4003 2590 4058 carnalis
2619 4004 3000 4065 delectationis
3021 4011 3293 4080 atteritur,
3338 4013 3433 4069 sed
3479 4000 3759 4076 virtutum

2143 4097 2459 4147 nostrarum
2505 4109 2627 4149 ossa
2666 4094 2951 4166 pateﬁunt.
3002 4099 3179 4155 Decus
3225 4109 3476 4156 nostrum
3503 4105 3761 4162 exterius

2145 4179 2263 4251 ipsa
2294 4181 2462 4254 hujus
2506 4184 2701 4240 mundi
2733 4184 3060 4244 adversitate
3091 4189 3350 4258 foedatur,
3401 4191 3496 4247 sed
3526 4195 3667 4266 quid
3697 4197 3755 4252 in

2143 4269 2305 4325 nobis
2335 4271 2668 4328 intrinsecus
2704 4273 2904 4331 latebat
2945 4276 3272 4334 ostenditur.
3305 4279 3474 4336 Caesis
3511 4298 3758 4358 namque

2141 4361 2406 4430 apostolis
2443 4361 2830 4420 denuntiatum
2875 4375 2956 4422 est
3001 4383 3070 4422 ne
3105 4368 3464 4440 loquerentur
3509 4373 3664 4430 ultra
3697 4375 3755 4431 in

2141 4449 2365 4505 nomine
2396 4451 2544 4518 Jesu,
2577 4451 2670 4507 sed
2717 4469 2913 4525 magna
2962 4457 3332 4513 exsultatione
3393 4460 3566 4532 gavisi
3599 4475 3754 4533 sunt,

2143 4538 2291 4610 quod
2317 4538 2472 4611 digni
2501 4539 2679 4597 habiti
2708 4552 2837 4599 sunt
2865 4545 2885 4578 ⁷
2917 4561 3016 4616 pro
3044 4547 3269 4602 nomine
3297 4547 3425 4604 Jesu
3466 4561 3756 4611 contume-

2143 4627 2271 4682 liam
2305 4629 2438 4699 pati,
2473 4631 2702 4702 suisque
2733 4631 3059 4690 adversariis
3105 4653 3228 4692 cum
3280 4637 3487 4696 ﬁducia
3514 4657 3756 4714 respon-

2137 4713 2372 4772 derunt:
2410 4719 2630 4774 Obedire
2653 4727 2860 4791 oportet
2889 4724 3000 4778 Deo
3037 4725 3208 4795 magis
3241 4743 3404 4796 quam
3450 4713 3758 4788 hominibus

2129 4805 2277 4874 (Act.
2311 4822 2365 4872 v,
2400 4805 2516 4877 29).
2550 4809 2692 4864 Ecce
2725 4810 2872 4866 inter
2901 4811 3132 4869 adversa
3155 4815 3396 4872 validius
3419 4818 3546 4874 ﬁdei
3581 4823 3755 4878 robur

2129 4894 2396 4962 emicuit;
2431 4911 2558 4952 ecce
2599 4898 2819 4955 concisa
2846 4909 2927 4957 est
2975 4901 3266 4974 integritas
3314 4908 3587 4977 carnium,
3647 4913 3746 4969 sed

2132 4983 2406 5054 patefacta
2433 4992 2566 5040 sunt
2611 5003 2736 5042 ossa
2782 4989 3074 5046 virtutum.
3111 4992 3253 5048 Hinc
3296 4994 3365 5050 de
3393 4996 3472 5052 eis
3520 5015 3618 5069 per
3643 5001 3752 5056 Sa-

2125 5072 2389 5144 pientiam
2421 5074 2645 5134 dicitur:
2691 5078 2835 5134 Deus
2868 5079 3084 5134 tentavit
3141 5082 3286 5150 illos,
3309 5092 3357 5138 et
3393 5085 3592 5140 invenit
3628 5089 3749 5143 illos

2122 5162 2312 5234 dignos
2353 5181 2405 5218 se
2445 5164 2600 5236 (Sap.
2637 5183 2720 5234 III,
2748 5167 2824 5233 5).
2856 5167 2876 5202 ⁸
2907 5168 3124 5226 Tentati
3158 5181 3287 5230 sunt
3315 5175 3522 5247 quippe
3552 5177 3748 5235 adver-

2199 5341 2220 5374 δ
2241 5339 2418 5422 Editi,
2443 5342 2686 5411 pater-nis
2713 5345 3242 5415 perturbationibus;
3290 5351 3438 5422 quod
3474 5351 3534 5407 in
3571 5355 3746 5410 nullis

2128 5410 2261 5466 Mss.
2299 5410 2550 5482 legimus.

2200 5482 2464 5561 7_Turon.
2495 5494 2548 5540 et
2588 5486 2800 5556 Norm.,
2841 5505 2944 5560 pro
2991 5490 3198 5546 nomine
3229 5491 3342 5561 ejus
3395 5498 3741 5553 rontunteluis

2115 5553 2264 5624 pati.

2201 5625 2222 5709 ξ
2252 5625 2514 5709 Y_ind0c.,
2551 5630 2731 5709 tentati
2769 5638 2956 5709 sunt...
2988 5629 3389 5709 inadversitate
3419 5639 3734 5709 plagarum,

2123 5696 2225 5825 ,ἕξάι
2230 5696 2398 5822 1:ligni
2433 5697 2630 5754 inventi
2665 5708 2788 5756 sunt
2827 5704 2882 5758 in
2938 5704 3174 5760 nuditate
3210 5696 3438 5763 ossium:
3468 5696 3656 5768 Baluz.
3688 5696 3738 5768 et

2171 5784 2202 5823 0
2275 5809 2309 5825 ..
2341 5783 2570 5824 ossuum.

2171 5784 2309 5834 011).,
2341 5784 2570 5824 ossuum.
