3928 6388
145 363 252 422 285

847 373 1221 435 MORALIUM
1259 379 1392 437 LIB.
1435 382 1639 443 XXIII.
1682 416 1746 428 —
1788 387 1860 444 IN
1899 389 2127 448 CAPUT
2166 391 2406 452 XXXIII
2446 398 2506 454 B.
2548 400 2690 456 JOB.

3383 411 3489 470 286

146 497 312 597 sitate
344 497 656 598 plagarum,
683 501 798 598 sed
840 503 993 576 digni
1041 505 1254 565 inventi
1299 519 1428 567 sunt
1474 513 1772 572 mulatione
1799 519 1851 578 A
1879 519 2161 578 manitatis
2203 538 2336 590 suae,
2383 533 2726 596 peccatorem
2773 545 2830 587 se
2875 545 2945 588 ex
2973 535 3089 591 suis
3117 537 3336 596 meritis
3369 556 3484 598 cer-

147 587 384 644 ossium.
426 588 566 644 Nam
601 591 731 663 quia
761 592 877 650 huic
905 611 1097 652 eorum
1149 598 1245 656 illa
1275 603 1504 658 tentatio
1534 613 1614 660 est
1645 623 1764 678 quae

147 694 220 732 ex
251 676 487 749 ﬂagellis
517 679 835 750 adhibetur,
885 683 1005 742 illic
1053 697 1235 759 aperte
1270 689 1599 761 declaratur,
1633 676 1765 751 dum

146 766 405 839 sequitur
437 785 450 824 :
493 771 771 842 Tanquam
799 790 994 830 aurum
1022 775 1080 830 in
1099 777 1318 848 fornace
1341 783 1592 854 proba-vit
1623 785 1766 852 illos,

146 862 196 948 et
221 857 386 948 quasi
412 858 711 915 holocausti
738 862 960 919 hostium
1000 869 1197 940 accepit
1225 869 1349 926 illos
1380 872 1534 946 (Sap.
1567 890 1650 942 III,
1683 875 1762 948 6).

145 945 291 1014 Quia
321 961 452 1020 ergo
483 948 921 1026 uniuscujusque
956 955 1103 1014 vires
1132 975 1245 1014 non
1277 961 1384 1018 nisi
1415 979 1512 1034 per
1538 945 1766 1022 adversa

145 1035 443 1108 pateﬁunt,
487 1037 630 1095 bene
676 1039 882 1098 dicitur
913 1061 925 1100 :
968 1047 1204 1103 Tabescet
1232 1051 1370 1106 enim
1399 1069 1524 1108 caro
1553 1053 1688 1124 ejus,
1720 1063 1768 1112 et

145 1142 269 1182 ossa
298 1144 422 1198 qua:
467 1134 594 1184 tecta
639 1129 858 1201 fuerant
904 1135 1269 1196 mutabuntur.
1322 1142 1572 1200 Tabescit
1615 1147 1762 1201 enim

144 1233 298 1286 caro,
333 1217 467 1274 dum
500 1235 663 1278 omne
694 1221 839 1296 quod
881 1223 1096 1283 ﬂuxum
1138 1229 1532 1307 inﬁrmumque
1561 1245 1644 1292 est
1673 1236 1765 1292 ﬂa-

146 1307 311 1378 gellis
341 1311 622 1368 atteritur.
656 1313 950 1371 Nudantur
968 1333 1112 1386 ossa,
1143 1318 1278 1376 dum
1308 1339 1404 1394 per
1433 1323 1550 1382 haec
1581 1325 1638 1381 in
1669 1344 1764 1384 no-

145 1395 235 1452 bis
265 1399 437 1455 etiam
471 1401 620 1473 quod
648 1403 895 1460 validum
945 1406 1077 1464 latet
1105 1410 1368 1480 aperitur.
1419 1413 1560 1481 Quia
1609 1433 1760 1485 vero,

144 1487 294 1545 sicut
325 1498 380 1546 et
408 1491 660 1564 superius
689 1492 900 1550 dictum
923 1505 1030 1565 est,
1054 1498 1110 1553 in
1143 1499 1261 1572 ipsa
1288 1501 1618 1560 adversitate
1650 1513 1764 1561 ten-

144 1579 382 1637 tationis
412 1597 522 1637 non
553 1583 733 1638 solum
763 1583 1038 1658 detegitur
1067 1588 1240 1645 robur
1269 1591 1635 1663 fortitudinis,
1670 1595 1766 1652 sed

143 1669 321 1726 etiam
351 1672 701 1744 cognoscitur
723 1673 1016 1732 inﬁrmitas
1039 1675 1424 1750 humanitatis,
1447 1692 1501 1740 et
1522 1693 1765 1742 tentatus

142 1757 392 1831 quisque
419 1760 656 1818 ostendit
680 1763 898 1836 quidem
924 1775 1191 1838 quantum
1217 1767 1284 1825 de
1303 1771 1417 1826 Deo
1447 1773 1762 1844 profecerit,

1875 623 2023 676 nere,
2055 617 2218 682 atque
2248 612 2395 684 apud
2423 629 2479 668 se
2509 617 2878 688 arrogantiam
2909 635 2979 675 ex
3008 625 3247 694 propriis
3269 627 3484 687 viribus

1873 715 1986 755 non
2015 699 2236 757 habere.
2272 703 2418 770 Quid
2447 705 2596 760 enim
2629 723 2839 776 sumus,
2865 710 2964 764 sia
2983 711 3287 770 conditoris
3308 719 3482 774 nostri

1874 789 2213 859 protectione
2241 790 2558 849 deseramur
2577 794 2604 850 (ἲ
2625 794 2756 862 Quae
2799 797 3067 853 nimirum
3086 803 3351 871 protectio
3381 807 3482 861 mi-

1875 891 1980 931 nus
2016 880 2321 936 necessaria
2371 882 2638 952 creditur,
2685 884 2731 939 si
2780 901 2996 958 semper
3040 886 3326 944 habeatur.
3377 890 3482 947 Sed

1873 965 2086 1021 utiliter
2113 969 2436 1043 plerumque
2466 972 2831 1042 subtrahitur,
2865 984 2925 1031 ut
2944 975 3171 1032 sibimet
3187 977 3292 1050 ipsi
3313 977 3483 1036 homo

1873 1073 2037 1130 quam
2067 1058 2185 1115 sine
2216 1060 2310 1116 illa
2340 1061 2483 1118 nihil
2513 1064 2584 1120 sit
2603 1065 2944 1122 ostendatur.
2977 1068 3172 1124 Manus
3192 1068 3362 1140 igitur
3383 1071 3481 1126 Dei

1873 1146 2169 1220 aliquando
2199 1167 2298 1206 nos
2329 1152 2488 1208 nobis
2516 1171 2612 1226 per
2641 1155 2870 1214 adversa
2890 1157 3154 1224 insinuat,
3176 1175 3296 1230 quae
3314 1159 3479 1214 etiam

1873 1238 2178 1295 nescientes
2199 1257 2298 1297 nos
2327 1243 2384 1298 in
2407 1246 2679 1316 prosperis
2698 1254 2898 1318 portat.
2933 1248 3050 1316 Qua
3073 1247 3480 1305 destitutidqu

1872 1325 2064 1383 cadere
2094 1327 2410 1400 incipimus,
2443 1341 2498 1388 et
2527 1341 2710 1389 tamen
2739 1333 2915 1406 adjuti
2946 1335 3270 1404 retinemur,
3304 1345 3358 1393 et
3385 1335 3481 1394 do-

1873 1418 2050 1474 ctrina
2081 1419 2143 1475 ﬁt
2163 1421 2309 1493 quod
2331 1421 2387 1476 in
2411 1422 2566 1495 lapsu
2585 1423 2948 1496 trepidamus,
2979 1435 3035 1482 et
3060 1425 3312 1482 custodia
3332 1426 3482 1500 quod

1875 1508 1934 1565 in
1962 1519 2108 1567 statu
2137 1529 2543 1584 permanemus.

1957 1607 2100 1664 760
2141 1602 2228 1658 54.
2279 1605 2566 1676 Nunquam
2608 1606 2670 1661 de
2706 1606 2910 1663 viribus
2937 1608 3134 1663 nostris
3159 1624 3481 1679 prcesumen-

1874 1698 2018 1755 dum.
2069 1731 2139 1741 —
2184 1703 2358 1757 Nemo
2395 1719 2522 1773 ergo
2571 1720 2626 1757 se
2673 1705 2911 1776 alicujus
2950 1706 3180 1761 virtutis
3223 1705 3478 1772 aestimet,

1873 1787 2038 1842 etiam
2083 1805 2209 1845 cum
2249 1789 2382 1861 quid
2423 1789 2642 1846 fortiter
2672 1798 2870 1862 potest,
2903 1793 3035 1864 quia
3063 1793 3108 1848 si
3137 1791 3331 1846 divina
3359 1808 3480 1863 pro-

142 1846 240 1902 sed
275 1848 335 1902 in
369 1848 503 1921 ipsis
523 1849 866 1923 ﬂagellorum
887 1854 1284 1914 afﬂictionibus
1305 1859 1470 1916 etiam
1493 1871 1760 1934 quantum

1880 1877 2044 1934 lectio
2071 1877 2306 1946 deserat,
2331 1879 2410 1934 ibi
2434 1889 2657 1951 repente
2685 1881 2962 1936 enerviter
2988 1879 3264 1948 obruitur,
3299 1879 3396 1935 ubi
3425 1895 3481 1934 se

141 1937 210 1992 de
244 1939 548 2012 semetipso
579 1941 652 1996 sit
694 1941 950 2000 inﬁrmus
991 1947 1258 2017 agnoscit,
1296 1949 1311 1982 ¹
1345 1949 1476 2022 quia
1504 1968 1616 2006 non
1647 1961 1762 2008 tan-

144 2027 442 2084 tummodo
472 2028 755 2086 nudantur
802 2047 942 2102 ossa,
992 2034 1086 2090 sed
1135 2035 1300 2092 etiam
1352 2037 1582 2097 tabescit
1611 2057 1760 2110 caro,

142 2130 272 2194 apte
300 2121 666 2198 subjungitur
700 2143 712 2182 :

530 2211 759 2271 CAPUT
789 2215 1000 2274 xxvn
1033 2215 1176 2292 [Rea
1207 2217 1388 2294 XIX].

213 2304 594 2362 Vnas.22.—’
607 2308 1075 2382 Appropinquabit
1088 2313 1424 2385 corruptioni
1436 2314 1615 2371 anima
1629 2315 1762 2385 ejus,

141 2399 190 2448 et
217 2394 339 2450 vita
366 2395 520 2451 illius
547 2397 861 2469 mortiferis.

211 2481 312 2540 53.
344 2485 396 2540 A
427 2487 754 2558 corruptela,
787 2504 905 2543 cum
952 2490 1122 2562 magis
1166 2491 1440 2549 imminere
1467 2493 1678 2549 videtur
1707 2492 1766 2548 in

143 2573 460 2640 tentatione,
493 2575 808 2633 liberamur.
831 2608 901 2618 —
921 2578 1138 2636 Tentati
1161 2581 1308 2637 enim
1329 2581 1767 2656 uniuscujusque

137 2662 487 2738 jnstianima
499 2667 840 2738 corruptioni
853 2669 1291 2743 appropinquare
1301 2671 1511 2730 dicitur
1523 2673 1766 2746 quando,

141 2768 214 2808 ne
252 2769 377 2808 eam
411 2754 592 2812 virtus
613 2757 788 2828 possit
815 2759 1104 2828 extollere,
1127 2775 1224 2832 per
1251 2759 1466 2832 ﬂagella
1484 2763 1767 2835 compelli-

144 2860 240 2908 tur
287 2851 424 2924 quid
457 2849 603 2907 759
632 2854 706 2910 sit
749 2871 818 2910 ex
865 2855 1087 2926 propria
1132 2856 1456 2916 inﬁrmitate
1486 2860 1507 2895 ³
1539 2860 1762 2917 sentire.

143 2938 510 3013 Corruptioni
545 2941 807 3000 videlicet
853 2944 1276 3018 appropinquat,
1307 2948 1439 3020 quia
1467 2964 1535 3004 ex
1564 2951 1680 3006 suis
1709 2966 1766 3006 se

145 3029 371 3086 viribus
403 3030 424 3065 ‘
455 3030 756 3102 perditioni
805 3033 1125 3104 proximum
1156 3051 1268 3090 non
1300 3035 1535 3108 ignorat,
1569 3046 1630 3095 ut
1659 3037 1766 3098 hoc

144 3119 303 3193 quod
331 3136 367 3176 a
394 3119 707 3193 perditione
753 3121 913 3194 longe
954 3132 1054 3191 est,
1101 3140 1211 3180 non
1241 3125 1368 3194 sibi,
1401 3127 1496 3182 sed
1523 3127 1764 3186 Domino

1876 1967 2124 2024 valenter
2162 1977 2305 2024 stare
2343 1968 2700 2040 gloriabatur.
2747 1970 2893 2038 Quid
2921 1979 3004 2026 est
3031 1971 3180 2026 enim
3215 1967 3363 2042 quod
3393 1969 3482 2024 vir

1874 2056 1977 2112 Dei
2004 2065 2195 2114 contra
2209 2059 2380 2115 altare
2407 2059 2666 2116 Samaria:
2685 2059 2756 2115 ad
2776 2057 3215 2132 prophetandum
3237 2057 3483 2116 directus

1875 2155 2144 2217 praesente
2190 2163 2314 2219 rege
2355 2148 2741 2205 auctoritatem
2788 2149 2977 2206 liberae
3024 2149 3178 2206 vocis
3207 2149 3479 2215 exercuit,

1875 2233 2230 2310 ejusdemque
2260 2237 2403 2309 regis
2431 2244 2720 2295 extensum
2753 2237 3043 2295 brachium
3075 2239 3096 2275 ⁸
3143 2238 3201 2294 in
3243 2239 3480 2310 rigorem

1877 2325 2208 2383 mirabiliter
2226 2328 2506 2397 astrinxit,
2525 2327 2672 2402 quod
2693 2337 2875 2385 tamen
2899 2345 3029 2385 mox
3049 2327 3482 2386 misericorditer

1877 2415 2040 2473 saluti
2070 2417 2313 2475 restituit
2344 2419 2466 2490 (III
2487 2421 2614 2492 Reg.
2645 2436 2764 2487 xm,
2797 2418 2854 2492 4)
2879 2418 2908 2474 ‘l
2935 2418 3096 2492 cujus
3117 2419 3174 2474 in
3205 2417 3370 2474 domo
3399 2418 3482 2473 in-

1877 2505 2085 2562 vitatus
2127 2506 2413 2564 comedere
2453 2507 2653 2576 noluit,
2699 2507 2828 2580 quia
2852 2524 2920 2564 ne
2948 2508 3007 2564 in
3037 2508 3128 2563 via
3147 2505 3480 2576 comedet-et,

1877 2593 2272 2667 prohibitionis
2313 2595 2606 2655 dominicae
2651 2606 2920 2670 praecepta
2947 2597 3238 2654 servavit?
3267 2593 3374 2663 Qui
3402 2601 3479 2650 ta-

1879 2699 2004 2739 men
2035 2682 2093 2738 in
2139 2682 2329 2740 eadem
2358 2684 2452 2741 via
2497 2691 2550 2741 et
2589 2684 2845 2742 seductus
2889 2684 3148 2752 comedit,
3197 2691 3252 2740 et
3293 2690 3482 2757 pastus

1880 2771 2112 2828 interiit.
2143 2771 2262 2840 Qua
2291 2773 2350 2829 in
2379 2789 2437 2829 re
2463 2773 2598 2846 quid
2625 2773 2818 2830 subtili
2855 2773 3294 2832 consideratione
3321 2772 3476 2829 colli-

1877 2859 2077 2930 gimus,
2109 2861 2264 2932 quid,
2297 2870 2359 2918 ut
2401 2861 2478 2919 ita
2505 2861 2764 2932 dixerim,
2795 2864 2817 2899 "
2847 2862 3199 2920 formidando
3235 2863 3476 2936 suspica-

1877 2965 2022 3017 mur,
2054 2949 2164 3005 nisi
2193 2949 2340 3022 quod
2369 2949 2598 3006 forsitan
2619 2951 2765 3022 apud
2787 2952 3142 3024 semetipsum
3168 2953 3369 3010 tacitus
3382 2970 3481 3026 pro

1877 3038 2165 3111 praeceptis
2215 3038 2515 3096 dominicis
2554 3053 2734 3110 regem
2772 3055 2830 3094 se
2858 3043 3253 3114 contempsisse
3285 3043 3478 3114 gloria-

1876 3127 2038 3184 batur
2067 3128 2094 3184 ?
2113 3128 2133 3163 ⁸
2163 3127 2317 3185 Unde
2363 3127 2432 3184 ab
2465 3127 2682 3184 interna
2712 3145 2842 3184 mox
2871 3128 3146 3188 soliditate
3191 3140 3480 3206 quassatus

146 3209 393 3266 tribuat;
418 3210 844 3284 Appropinquat
865 3230 996 3270 vero
1017 3213 1340 3282 mortiferis,
1367 3217 1497 3289 quia
1514 3233 1584 3272 ex
1614 3217 1765 3275 inﬁr-
1795 3233 1840 3294 ο
1875 3227 1992 3286 est;
2027 3225 2080 3273 et
2105 3217 2232 3274 inde
2262 3218 2313 3274 ei
2343 3219 2402 3274 in
2431 3234 2594 3292 opere
2622 3219 2784 3292 culpa
2810 3219 3104 3292 subrepsit,
3136 3219 3283 3277 unde
3305 3222 3482 3292 gloria

147 3299 350 3356 mitate
379 3299 562 3356 carnis
590 3301 910 3374 proximum
941 3320 998 3359 se
1028 3305 1268 3376 peccatis
1288 3315 1520 3362 mortem
1543 3307 1770 3365 ferenti-

147 3387 258 3444 bus
307 3388 554 3460 respicit,
583 3406 615 3446 a
643 3391 856 3464 quibus
886 3391 1081 3450 divino
1124 3410 1353 3451 munere
1396 3403 1548 3454 tanto
1595 3398 1768 3471 magis

149 3477 320 3550 longe
348 3477 434 3546 ﬁt,
467 3489 673 3553 quanto
719 3498 777 3538 se
823 3481 905 3539 eis
950 3483 1270 3555 proximum
1299 3501 1369 3542 ex
1411 3487 1526 3544 suis
1553 3488 1766 3546 meritis

147 3567 543 3640 deprehendit.
587 3571 690 3628 Per
734 3575 1259 3647 contemplationem
1289 3576 1628 3635 conditionis
1655 3595 1767 3636 sua:

151 3661 336 3718 David
369 3664 714 3736 corruptioni
755 3667 1310 3740 appropinquaverat,
1343 3685 1468 3724 cum
1499 3668 1717 3730 dicebat
1750 3689 1762 3727 :

153 3751 438 3820 Memento,
480 3754 722 3825 Domine,
769 3757 911 3826 quod
950 3757 1132 3828 pulvis
1177 3774 1358 3815 sumus
1392 3775 1404 3814 :
1436 3760 1589 3815 homo
1635 3761 1770 3818 sicut

153 3841 342 3913 fenum
372 3843 482 3899 dies
509 3844 624 3916 ejus
650 3845 831 3916 (Psal.
856 3861 950 3914 cu,
976 3845 1090 3918 15).
1112 3846 1216 3902 Per
1242 3849 1766 3921 contemplationem

155 3949 382 4006 quoque
409 3933 751 3992 inﬁrmitatis
771 3935 1007 4008 propriae
1025 3935 1228 3993 Paulus
1248 3937 1555 3995 mortiferis
1575 3955 1765 4012 appro-

158 4023 544 4096 pinquaverat,
561 4040 690 4080 cum
709 4023 926 4082 dicebat
950 4042 962 4081 :
995 4025 1152 4084 Video
1171 4025 1341 4082 aliam
1363 4028 1521 4099 legem
1537 4027 1592 4083 in
1611 4046 1766 4084 mem-

157 4113 271 4168 bris
298 4112 428 4169 meis
455 4119 834 4186 repugnantem
879 4114 979 4187 legi
1023 4115 1211 4172 mentis
1248 4133 1392 4186 mete,
1423 4123 1473 4172 et
1499 4118 1769 4190 captivum

163 4220 240 4259 me
265 4203 535 4260 ducentem
561 4205 620 4260 in
649 4206 754 4276 lege
773 4205 999 4277 peccati,
1020 4221 1137 4276 qua:
1155 4213 1230 4272 est
1257 4207 1314 4261 in
1341 4207 1589 4262 membris
1615 4207 1762 4264 meis.

161 4291 366 4364 Infelix
392 4311 481 4366 ego
508 4294 684 4363 homo,
715 4295 832 4366 quis
861 4311 941 4349 me
970 4295 1216 4351 liberabit
1243 4295 1305 4351 de
1332 4313 1552 4368 corpore
1580 4296 1766 4352 mortis

1875 3307 1935 3363 in
1965 3307 2131 3364 corde
2159 3309 2422 3376 surrexit,
2457 3317 2518 3366 ut
2547 3308 2826 3380 prophetae
2851 3309 2974 3365 falsi
3007 3309 3192 3365 verbis
3218 3309 3480 3382 deceptus

1875 3395 2128 3464 disceret,
2153 3397 2284 3470 quia
2301 3415 2646 3472 nequaquam
2669 3399 2905 3472 propriae
2926 3398 3274 3456 fortitudinis
3291 3399 3478 3468 fuerit,

1875 3487 2022 3562 quod
2054 3488 2124 3544 ad
2153 3488 2296 3560 regis
2325 3487 2492 3544 verba
2520 3487 2828 3544 restitisset.
2863 3488 3009 3543 Bene
3039 3497 3222 3545 autem
3263 3503 3334 3544 ex
3363 3487 3483 3562 ejus

1875 3594 1968 3633 ore
1999 3577 2193 3633 mortis
2223 3577 2550 3633 sententiam
2599 3577 2828 3650 accepit,
2877 3575 3035 3648 cujus
3081 3575 3403 3632 seductione
3451 3595 3484 3634 a

1875 3667 2005 3723 vitae
2047 3673 2318 3739 praecepto
2360 3664 2624 3734 deviavit,
2673 3674 2736 3722 ut
2779 3663 2908 3721 inde
2954 3681 3170 3737 pinnam
3211 3665 3482 3721 veraciter

1874 3762 2132 3824 sumeret,
2178 3755 2324 3810 unde
2354 3755 2571 3827 culpam
2602 3753 2941 3826 negligenter
2975 3753 3306 3810 admisisset.
3339 3753 3483 3822 Quia

1875 3845 2045 3918 igitur
2060 3860 2509 3917 unumquemque
2524 3843 2758 3900 electum
2775 3859 2937 3900 suum
2949 3843 3142 3900 divina
3157 3843 3333 3916 gratia
3347 3852 3481 3900 tunc

1875 3933 2050 4007 magis
2078 3932 2382 3990 erudiendo
2412 3932 2674 4000 custodit,
2705 3949 2832 3990 cum
2859 3932 3013 4006 quasi
3043 3932 3357 4004 percutiens
3385 3931 3475 3988 de-

1874 4024 2026 4092 serit,
2049 4023 2264 4080 dicatur
2281 4031 2446 4078 recte:
2469 4023 2938 4093 Appropinquabit
2955 4022 3480 4092 corruptionianima

1874 4111 2008 4182 ejus,
2037 4118 2086 4168 et
2112 4113 2222 4166 vita
2260 4111 2412 4166 illius
2439 4109 2750 4180 mortiferis,
2796 4118 2859 4166 ut
2891 4125 2999 4182 quo
3025 4125 3082 4166 se
3112 4109 3230 4165 suis
3258 4108 3476 4164 viribus

1875 4201 2122 4258 vicinum
2153 4199 2320 4256 morti
2349 4215 2444 4272 per
2471 4197 2702 4255 adversa
2729 4197 3060 4266 considerat,
3095 4197 3239 4254 eoin
3259 4197 3480 4254 cunctis

1875 4307 1994 4364 quae
2025 4289 2244 4346 fortiter
2261 4289 2452 4362 egerit,
2476 4287 2544 4345 ad
2565 4287 2770 4354 divinae
2793 4288 2904 4362 spei
2939 4287 3224 4344 munimen
3258 4285 3476 4360 fugiens

91 4370 102 4381 ’
159 4383 321 4455 hujus
352 4383 529 4456 (Rom.
561 4401 662 4454 vn,
693 4384 786 4458 23)
820 4384 848 4441 Ἰ
877 4382 1234 4458 Corruptioni
1263 4401 1390 4458 ergo
1420 4386 1442 4421 ⁵
1473 4395 1528 4443 et
1557 4384 1762 4444 morti-
1789 4383 1838 4443 D
1869 4378 2102 4438 solidius
2129 4379 2310 4437 vivat.

161 4472 295 4532 feris
321 4473 762 4548 appropinquare
791 4481 893 4542 est,
925 4473 1271 4533 considerata
1312 4473 1634 4534 inﬁrmitate
1664 4474 1764 4532 hu-

238 4671 253 4704 ¹
286 4668 401 4736 ΑΙ.,
431 4684 542 4724 non
567 4668 707 4724 enim
735 4668 1115 4724 tantummodo.

170 4814 180 4824 .
233 4741 258 4824 ξ
287 4741 498 4810 Baluz.,
529 4739 672 4798 Utic.
695 4749 752 4797 et
769 4740 1076 4809 al.'Norm.,
1099 4740 1587 4813 appropinquavit;
1620 4750 1674 4799 et
1693 4741 1769 4798 ita

559 4883 916 4967 ac‘plerique,
947 4899 1266 4967 cognoscere.
1429 4955 1438 4966 .

239 4959 258 4992 ‘
286 4955 513 5013 Ebroic.
545 4964 600 5011 et
628 4955 888 5028 Vindoc.,
915 4955 1250 5028 corruptioni
1271 4955 1604 5027 proximum.

236 5030 256 5064 δ
286 5029 400 5097 AL,
433 5028 516 5082 vel
545 5027 861 5096 mortiferis.

237 5103 259 5136 ⁵
285 5101 429 5156 Pler.
463 5098 641 5166 Editi,
673 5098 1066 5154 miserabiliter.
1091 5097 1165 5155 At
1187 5099 1312 5155 MSS.
1347 5097 1557 5165 Baluz.,
1588 5097 1770 5166 Colh.,

171 5172 390 5241 Turon.,
426 5169 694 5238 Vindoc.,
725 5171 942 5240 Norm.,
971 5170 1188 5242 Anglic.
1221 5179 1277 5227 et
1300 5178 1408 5226 vet.
1441 5168 1546 5226 Ed.
1579 5169 1770 5238 Basil.,

171 5243 504 5302 mirabiliter.

169 5243 504 5302 mirabiliter.

1948 4676 1968 4708 ⁷
2002 4673 2083 4729 Ita
2107 4672 2234 4729 Mss.
2267 4680 2321 4728 et
2349 4679 2460 4728 vet.
2494 4669 2596 4726 Ed.
2631 4671 2693 4726 In
2723 4677 2928 4724 recent.
2953 4666 3154 4723 habes:
3181 4666 3481 4736 formidan-

1877 4747 2004 4800 dum
2041 4741 2520 4816 suspicamurnisi
2564 4741 2706 4812 quod
2733 4739 2966 4816 forsitan
2994 4739 3151 4816 quia;
3177 4739 3239 4816 In
3269 4739 3477 4816 Baluzz,

1877 4833 1976 4889 pro
2005 4808 2362 4892 suspigamur,
2387 4808 2946 4892 legitursuspieamus,
2968 4808 3090 4892 etin
3113 4808 3293 4892 Coll);3
3319 4808 3478 4892 susci-

1873 4879 2111 4960 piamus:
2147 4886 2256 4960 Sed
2303 4879 2503 4960 mentis
2531 4879 2887 4960 crassissimis
2925 4886 3135 4960 scatent
3164 4879 3219 4960 hi
3252 4879 3482 4960 Codices

1880 4949 2262 5024 vetustissimi,
2295 4956 2444 5029 quod
2478 4963 2643 5010 tantae
2675 4952 3025 5026 antiquitatis
3045 4949 3262 5022 pondus
3289 4957 3344 5003 et
3364 4965 3478 5020 pre-

1885 5031 2022 5087 tium
2050 5030 2287 5102 multum
2317 5028 2512 5082 elevat.
2535 5097 2586 5102 η
2783 5096 2796 5102 ,
2941 5093 2951 5102 ,
3145 5091 3153 5100 ,
3221 5091 3230 5099 .

1955 5103 1976 5135 ⁸
2007 5099 2407 5157 Revocavimus
2436 5115 2505 5152 ex
2535 5097 2661 5154 Mss.
2689 5096 2841 5162 unde,
2865 5096 3023 5164 cujus
3045 5096 3340 5148 emissione
3364 5105 3478 5145 mu-

1883 5172 2016 5228 tilus
2041 5178 2123 5228 est
2152 5186 2344 5228 sensus
2375 5169 2434 5225 in
2469 5168 2594 5224 aliis
2613 5166 2798 5223 editis.
