3928 6390
436 425 540 484 287

1221 728 1556 817 LIBER
1662 726 2277 825 VIGESIMUS

1634 420 1885 508 SANCTI
1921 420 2258 482 enueonn
2292 422 2523 483 MAGNI

2392 724 2953 828 QUARTUS.

443 888 1224 972 Ezponunturundecim
1252 905 1477 972 versus
1506 890 1885 972 posteriores
1911 904 2060 967 cap.
2099 903 2321 972 xxxnr,
2360 885 2824 972 et_octodecint
2857 887 3290 972 priores__cap.
3319 902 3541 972 _xxx1v,
3574 901 3757 972 pra:

521 964 833 1051 claraque
875 970 956 1032 dc
988 968 1242 1035 Christo
1271 964 1650 1042 mediatore,
1683 968 1760 1031 de
1799 964 2371 1049 contemplatione,
2400 964 2481 1028 de
2532 983 2646 1031 con
2662 964 2970 1033 versio'nis
2998 964 3250 1044 ordine,
3293 964 3374 1030 de
3421 964 3771 1051 pastorali

526 1049 742 1130 ofﬁcio
771 1050 1102 1114 docentur.

970 1181 1199 1242 CAPUT
1226 1181 1518 1240 PRIMUM.

515 1274 567 1330 1.
607 1271 816 1341 Cuncti,
845 1235 1208 1337 etiam—electi,
1657 1269 1874 1327 obnoxii
1901 1274 2042 1327 sunt.
2074 1235 2128 1296 Α
2157 1269 2324 1312 carne
2371 1254 2600 1312 veniens
2637 1254 2930 1324 Dominus,
2971 1270 3084 1312 non
3143 1254 3362 1328 culpam
3408 1261 3659 1312 nostram
3702 1273 3779 1315 ex

441 1394 513 1408 —
540 1362 677 1419 Elin
716 1363 838 1420 vim
876 1377 1126 1434 supernae
1162 1359 1586 1434 dispensationis
1624 1359 1932 1429 insinuans,
1978 1357 2047 1416 de

447 1454 462 1488 ¹
495 1450 658 1509 electi
697 1449 1135 1524 uniuscujusque
1174 1449 1524 1524 percussione
1564 1449 1778 1520 intulit,
1807 1447 1998 1506 dicens
2030 1463 2044 1505 :

441 1539 914 1613 Appropinqth
937 1539 1270 1611 corruptioni
1295 1538 1480 1594 anima
1506 1538 1640 1609 ejus,
1669 1544 1719 1594 et
1743 1538 1856 1594 vita
1897 1537 2050 1594 illius

444 1626 759 1701 mortiferis.
791 1628 866 1684 Et
889 1625 1024 1684 dum
1070 1633 1342 1685 tentatum
1385 1626 1668 1684 hominem
1709 1628 2051 1684 demonstrat

444 1734 642 1787 unum,
668 1717 729 1773 in
760 1732 868 1791 qua
886 1716 1191 1774 tentatioue
1204 1717 1278 1773 sit
1295 1717 1534 1789 positum
1549 1716 1856 1774 humanum
1877 1730 2050 1788 genus

446 1804 691 1867 ostendit
711 1805 1032 1863 universum
1059 1823 1074 1874 ;
1106 1803 1349 1880 dumque
1375 1814 1560 1862 narrat
1581 1804 1718 1878 quid
1735 1804 2053 1877 specialiter

447 1903 642 1968 agatur
668 1893 728 1951 in
756 1894 1013 1968 singulis,
1062 1893 1277 1969 liquido
1304 1893 1526 1952 intimat
1556 1892 1692 1967 quid
1720 1892 2050 1966 generaliter

446 1989 639 2056 agatur
684 1983 744 2040 in
785 1984 1019 2043 cunctis.
1066 1984 1162 2041 Sic
1199 1983 1348 2040 enim
1391 1982 1750 2040 tentationem
1779 1985 2052 2057 expressit

447 2071 835 2146 quorumdam,
865 2073 1084 2146 proprie
1129 2072 1492 2146 singulorum,
1524 2078 1586 2129 ut
1613 2071 1785 2144 possit
1804 2071 2050 2145 intelligi

447 2170 502 2219 et
527 2161 916 2219 universaliter
934 2162 1204 2218 omnium.
1236 2161 1510 2220 Cunctum
1530 2161 1734 2234 quippe
1747 2162 2050 2219 electorum

449 2265 619 2322 genus
648 2250 707 2306 in
736 2249 840 2308 hac
865 2251 982 2308 vita
1000 2249 1167 2324 hujus
1195 2250 1362 2308 taedio
1379 2249 1584 2307 laboris
1607 2249 1867 2308 aﬁicitur.
1890 2251 2050 2308 Unde

449 2346 505 2396 et
531 2354 664 2396 mox
691 2338 826 2398 huic
851 2341 1090 2412 generali
1117 2339 1444 2413 pestilentiae
1469 2341 1718 2412 generale
1747 2340 2052 2400 subintulit

457 2426 764 2489 remedium
793 2429 1104 2498 medicinae,
1133 2429 1324 2486 dicens
1356 2446 1370 2486 :

1086 2519 1317 2579 CAPUT
1346 2518 1416 2576 II.

1708 2486 1741 2497 ρ

2156 1343 2322 1412 vitio,
2345 1358 2457 1400 non
2477 1359 2701 1417 pmnam
2721 1359 2791 1402 ex
2812 1343 3134 1402 necessitate
3151 1343 3395 1418 suscepit
3416 1343 3598 1418 (nulla
3615 1345 3778 1403 enim

2159 1432 2284 1490 labe
2314 1432 2527 1506 peccati
2559 1433 2823 1506 pollutus,
2845 1441 3028 1491 reatus
3047 1433 3225 1490 nostri
3253 1433 3428 1492 teneri
3446 1433 3781 1494 conditione

2158 1538 2270 1580 non
2299 1522 2500 1596 potuit,
2533 1532 2697 1597 atque
2726 1522 2851 1581 ideo
2871 1531 3103 1582 mortem
3132 1530 3378 1580 nostram
3399 1525 3555 1582 omni
3583 1541 3779 1584 neces-

2160 1611 2323 1670 sitate
2352 1613 2579 1683 calcata,
2609 1629 2738 1673 cum
2760 1613 2961 1683 voluit,
2984 1620 3178 1688 sponte
3197 1615 3488 1691 suscepit),
3516 1624 3671 1675 recte
3692 1616 3779 1674 di.

2162 1700 2312 1758 citur
2337 1701 2486 1775 quod
2506 1717 2606 1774 pro
2634 1708 2843 1759 tentato
2872 1699 3098 1759 homine
3117 1703 3222 1760 iste
3249 1704 3476 1776 angelus
3502 1722 3684 1763 unum
3706 1706 3781 1765 de

2159 1789 2445 1848 similibus
2473 1790 2740 1864 loquitur,
2773 1790 2904 1865 quia
2931 1807 3032 1850 nec
3050 1791 3129 1848 ita
3146 1800 3307 1850 natus
3325 1800 3390 1851 ut
3415 1793 3642 1868 reliqui,
3671 1812 3783 1854 nec

2159 1883 2241 1941 ita
2271 1891 2546 1960 mortuus,
2578 1901 2680 1944 nec
2707 1886 2788 1942 ita
2831 1885 3204 1943 resuscitatus.
3236 1885 3361 1944 Non
3389 1886 3541 1944 enim
3571 1904 3776 1962 coope-

2157 1981 2315 2031 rante
2345 1973 2518 2043 coitu,
2563 1973 2659 2030 sed
2688 1973 2900 2047 Spiritu
2944 1982 3134 2032 sancto
3175 1975 3600 2048 superveniente
3627 1993 3784 2034 con-

2157 2072 2351 2136 ceptus
2379 2072 2462 2121 est
2500 2063 2653 2135 (Luc.
2687 2080 2729 2132 r,
2751 2062 2870 2136 33).
2890 2064 3066 2122 Natus
3085 2073 3269 2122 autem
3289 2073 3540 2122 materna
3556 2066 3784 2128 viscera

2158 2161 2214 2211 et
2241 2152 2481 2210 fecunda
2510 2151 2787 2222 exhibuit,
2810 2162 2865 2210 et
2894 2153 3215 2227 incorrupta
3231 2154 3494 2212 servavit.
3528 2155 3783 2214 Rursum

2158 2259 2261 2298 nos
2291 2258 2483 2299 omnes
2511 2258 2637 2301 cum
2657 2243 2919 2300 nolumus
2938 2243 3232 2313 morimur,
3256 2244 3387 2319 quia
3404 2244 3475 2302 ad
3491 2246 3783 2304 solvenda)

2159 2351 2338 2410 poenae
2355 2333 2605 2392 debitum
2628 2335 2805 2408 culpae
2826 2344 3026 2392 nostrae
3045 2334 3366 2394 conditione
3384 2344 3744 2397 coarctamur
3764 2356 3781 2407 ;

2159 2425 2256 2482 ille
2283 2433 2490 2494 autem,
2522 2423 2655 2499 quia
2685 2425 2825 2481 nulli
2870 2424 3138 2482 admistus
3179 2435 3261 2483 est
3300 2426 3498 2500 culpae,
3531 2428 3681 2485 nulli
3712 2445 3785 2486 ex

2159 2512 2487 2570 necessitate
2517 2512 2813 2571 succubuit
2851 2529 3044 2587 poema.
3093 2514 3200 2571 Sed
3241 2515 3373 2589 quia
3414 2517 3638 2590 culpam
3682 2533 3783 2575 no-

519 2609 654 2667 CAP.
685 2624 889 2679 xum,
911 2606 1083 2667 Vsus.
1110 2608 1200 2677 23,
1230 2605 1459 2665 2L—Si
1484 2603 1655 2676 fuerit
1674 2621 1780 2678 pro
1808 2621 1866 2662 eo
1895 2621 2048 2678 ange-
2082 2593 2130 2656 B
2158 2611 2330 2661 stram
2361 2604 2384 2639 ‘
2415 2601 2757 2660 dominando
2785 2602 3055 2672 subdidit,
3087 2618 3303 2677 pmnam
3334 2614 3579 2663 nostram
3612 2606 3783 2664 mise~

452 2697 536 2753 lus
565 2697 779 2768 loquens
816 2711 983 2753 unum
1021 2696 1084 2752 de
1121 2694 1407 2765 similibus,
1435 2699 1496 2751 ut
1521 2694 1800 2752 annuntiet
1825 2694 2052 2751 hominis

449 2785 770 2859 (equitatem,
798 2785 1132 2844 miserebitur
1157 2784 1289 2856 ejus.

523 2875 668 2952 [Rec.
700 2875 809 2952 ΙΙ.]
841 2877 894 2936 2.
931 2877 1176 2936 Christus
1203 2877 1347 2934 Deus
1373 2881 1422 2931 et
1448 2875 1600 2931 homo
1623 2891 1728 2948 pro
1753 2873 2054 2931 hominibus

449 2967 620 3024 Deum
631 2967 952 3040 interpellat.
965 2965 1362 3024 Iucarnationis
1374 2963 1891 3033 ceconomia.—Quis
1903 2964 2053 3021 enim

448 3061 532 3112 est
558 3055 662 3113 iste
689 3057 936 3130 angelus,
968 3055 1078 3112 nisi
1099 3053 1194 3111 ille
1222 3053 1318 3130 qui
1337 3069 1436 3126 per
1458 3052 1782 3128 prophetam
1805 3051 2051 3110 dicitur:

448 3145 634 3220 Magni
645 3145 854 3204 consilii
866 3147 1084 3219 angelus
1096 3144 1202 3214 (Is.
1227 3160 1312 3211 rx,
1327 3143 1382 3212 6,
1399 3160 1496 3200 sec.
1516 3144 1692 3215 LXX)
1707 3145 1735 3200 ἵ
1749 3142 1893 3211 Quia
1905 3141 2054 3198 enim

453 3234 642 3293 Gmca
659 3236 851 3308 lingua
867 3234 1240 3308 evangelizare
1258 3233 1588 3290 denuntiare
1605 3232 1836 3300 dicitur,
1862 3239 2056 3289 semet-

453 3325 638 3397 ipsum
664 3323 828 3382 nobis
870 3324 1208 3381 annuntians
1235 3323 1507 3381 Dominus
1545 3322 1772 3394 angelus
1802 3329 2054 3380 vocatur.

450 3413 526 3468 Et
548 3409 688 3469 bene
715 3413 795 3470 ait
825 3429 839 3469 :
878 3411 938 3469 Si
957 3439 970 3449 -
980 3410 1148 3483 fuerit
1168 3428 1274 3483 pro
1305 3427 1363 3466 eo
1390 3411 1609 3482 angelus
1640 3411 1874 3482 loquens,
1904 3410 2057 3486 quia,

450 3499 596 3559 sicut
620 3499 700 3557 ait
715 3500 1032 3574 Apostolus,
1055 3499 1222 3558 etiam
1237 3499 1553 3572 interpellat
1570 3514 1671 3572 pro
1690 3498 1852 3556 nobis
1870 3500 2054 3572 (Rom.

456 3605 580 3660 vm,
617 3588 738 3664 34).
770 3588 876 3648 Sed
903 3588 1039 3664 quid
1080 3605 1182 3662 pro
1208 3588 1371 3646 nobis
1404 3589 1681 3663 loquatur,
1713 3587 2005 3647 audiamus
2041 3591 2053 3631 τ

460 3681 632 3740 Unum
658 3681 722 3739 de
759 3680 1041 3740 similibus.
1072 3680 1192 3739 Mos
1218 3678 1508 3738 medicinae
1549 3687 1632 3736 est
1671 3686 1735 3736 ut
1760 3678 2059 3754 aliquando

451 3768 663 3829 similia
689 3767 987 3840 similibus,
1015 3768 1316 3843 aliquando
1339 3768 1619 3827 contraria
1645 3768 1942 3826 contrariis
1958 3785 2058 3828 cu-

452 3867 556 3916 ret.
589 3858 612 3894 ³
639 3859 778 3917 Nam
807 3875 950 3933 saepe
967 3858 1149 3918 calida
1165 3858 1379 3928 calidis,
1408 3858 1610 3932 frigida
1626 3857 1884 3932 frigidis;
1915 3874 2058 3933 saepe

2161 2691 2336 2749 rando
2361 2692 2623 2765 suscepit,
2657 2691 2802 2750 sicut
2830 2692 2946 2766 ipse
2974 2692 3054 2748 ait
3084 2707 3104 2747 :
3131 2692 3445 2748 Potestotem
3472 2694 3638 2751 habeo
3659 2712 3782 2768 po-

2158 2781 2320 2838 nendi
2345 2783 2584 2839 animam
2611 2797 2804 2848 meam,
2845 2787 2896 2838 et
2923 2787 3235 2854 potestatem
3260 2782 3422 2839 habeo
3452 2784 3648 2841 iterum
3677 2802 3788 2843 su-

2161 2871 2336 2928 mendi
2357 2888 2472 2928 eam
2495 2871 2677 2944 (Joan.
2700 2888 2754 2940 x,
2780 2869 2894 2943 18).
2911 2869 3020 2938 Qui
3039 2870 3204 2928 etiam
3225 2872 3492 2944 praemisit
3516 2891 3529 2929 :
3561 2875 3585 2910 ⁵
3612 2875 3786 2932 Nemo

2163 2964 2307 3020 tollit
2331 2980 2444 3020 eam
2475 2982 2511 3020 a
2540 2980 2640 3034 me,
2673 2962 2763 3020 sed
2788 2979 2878 3034 ego
2900 2979 3044 3035 pono
3071 2978 3186 3019 eam
3211 2980 3248 3019 a
3278 2964 3497 3036 meipso.
3529 2966 3785 3023 Rursum

2164 3069 2278 3110 non
2308 3062 2372 3112 ut
2399 3053 2602 3128 reliqui
2631 3052 2928 3111 suscitatus
2955 3061 3057 3122 est,
3081 3053 3211 3127 quia
3233 3062 3423 3110 nostra
3440 3057 3787 3113 resurrectio

2164 3142 2224 3200 in
2256 3141 2445 3200 saeculi
2474 3141 2642 3198 ﬁnem
2665 3140 2838 3198 dilata
2863 3150 2964 3210 est,
2994 3140 3150 3199 illius
3176 3157 3308 3198 vero
3328 3141 3418 3199 die
3448 3142 3616 3200 tertio
3639 3146 3787 3202 cele-

2165 3231 2342 3288 brata.
2373 3231 2446 3288 Et
2463 3246 2566 3288 nos
2591 3229 2812 3305 quidem
2833 3245 2930 3304 per
2947 3231 3108 3288 illum
3127 3231 3486 3305 resurgimus,
3506 3247 3641 3290 nam
3662 3233 3789 3308 ipse

2166 3332 2267 3395 per
2291 3335 2368 3377 se.
2399 3321 2588 3394 Neque
2616 3319 2764 3377 enim
2807 3319 2904 3394 qui
2946 3321 3092 3378 Deus
3119 3329 3236 3378 erat
3263 3321 3408 3379 sicut
3436 3337 3539 3379 nos
3565 3321 3638 3379 ab
3667 3324 3788 3382 alio

2166 3419 2232 3468 ut
2275 3408 2595 3467 resuscitari
2628 3409 2896 3482 potuisset
2930 3409 3230 3484 indigebat.
3281 3413 3345 3469 In
3385 3428 3451 3468 eo
3494 3428 3626 3485 ergo
3656 3412 3789 3486 ejus

2167 3501 2499 3558 resurrectio
2518 3500 2688 3558 distat
2704 3517 2738 3558 a
2753 3509 2962 3571 nostra,
2993 3501 3142 3576 quod
3161 3518 3274 3560 non
3294 3518 3392 3577 per
3404 3503 3788 3580 nosmetipsos

2166 3590 2529 3665 resurgimus,
2561 3590 2706 3650 sicut
2723 3591 2861 3666 ipse.
2884 3591 2992 3649 Pro
3011 3607 3076 3649 eo
3094 3591 3244 3650 enim
3269 3593 3416 3668 quod
3441 3593 3789 3668 simpliciter

2166 3679 2427 3738 homines
2443 3695 2657 3750 sumus,
2679 3680 2956 3754 superiori
2982 3679 3260 3754 adjutorio
3278 3689 3342 3739 ut
3369 3697 3662 3756 resurgere
3692 3701 3786 3743 va-

2166 3768 2378 3826 leamus
2398 3768 2732 3842 indigemus.
2755 3769 2856 3827 Ille
2869 3777 3053 3826 autem
3073 3768 3320 3842 ejusdem
3348 3773 3788 3832 resurrectionis

2166 3859 2283 3916 vim
2334 3874 2462 3916 cum
2507 3859 2665 3916 Patre
2710 3865 2767 3916 et
2810 3859 3023 3933 Spiritu
3065 3868 3256 3919 sancto
3299 3862 3448 3920 Deus
3491 3861 3783 3933 exhibuit,

453 3957 636 4008 autem
663 3948 867 4024 frigida
892 3948 1110 4020 calidis,
1141 3950 1321 4010 calida
1348 3947 1568 4024 frigidis
1589 3965 1783 4007 sanare
1809 3965 2052 4008 consue—
2080 3949 2126 4012 G
2157 3963 2322 4023 quam
2344 3955 2529 4004 tamen
2549 3947 2702 4005 solus
2723 3949 2780 4004 in
2803 3946 3147 4006 humanitate
3171 3949 3436 4024 percepit.
3467 3948 3611 4026 [νει.
3637 3950 3785 4028 ΙΙΙ.]

459 4040 561 4098 vit.
593 4040 841 4100 Veniens
867 4057 996 4116 ergo
1038 4041 1108 4098 ad
1152 4057 1256 4099 nos
1296 4041 1534 4114 desuper
1571 4040 1822 4100 medicus
1848 4049 2053 4111 noster,

453 4127 727 4202 tantisque
742 4147 843 4188 nos
856 4130 1148 4189 inveniens
1168 4129 1529 4206 languoribus
1543 4146 1778 4204 pressos,
1792 4130 2055 4205 quiddam

453 4213 615 4272 nobis
641 4216 842 4286 simile,
871 4226 927 4275 et
966 4217 1229 4292 quiddam
1271 4218 1614 4276 contrarium
1661 4218 1947 4293 apposuit.‘
1967 4218 2056 4276 Ad

453 4302 709 4361 homines
736 4304 938 4378 quippe
965 4304 1135 4363 homo
1164 4307 1340 4375 venit,
1371 4307 1469 4364 sed
1495 4306 1565 4364 ad
1592 4317 1902 4380 peccatores
1925 4307 2057 4382 jus-

454 4401 560 4449 tus.
592 4391 960 4451 Concordavit
988 4394 1150 4452 nobis
1192 4397 1425 4453 veritate
1466 4403 1698 4467 naturae,
1729 4397 1824 4454 sed
1850 4397 2056 4455 discre-

452 4481 607 4554 pavit
633 4497 666 4538 a
692 4482 853 4540 nobis
881 4485 904 4520 ³
933 4483 1122 4558 vigore
1147 4483 1402 4556 justitias.
1431 4485 1683 4544 Vitiosus
1711 4488 1859 4545 enim
1889 4486 2057 4546 homo

453 4570 657 4643 corrigi
683 4587 796 4628 non
817 4579 1034 4646 poterat
1061 4572 1170 4630 nisi
1191 4589 1288 4646 per
1314 4575 1510 4632 Deum.
1543 4574 1735 4633 Videri
1767 4584 1952 4634 autem
1966 4575 2056 4634 de-

452 4658 576 4716 buit
594 4660 690 4734 qui
709 4661 1038 4735 corrigebat,
1057 4671 1121 4722 ut
1134 4663 1428 4737 praebendo
1447 4664 1776 4722 imitationis
1796 4665 2055 4734 formam,

451 4756 717 4807 anteactae
743 4751 970 4809 malitiae
998 4762 1273 4813 mutarent
1305 4753 1496 4812 vitam.
1531 4755 1637 4812 Sed
1656 4755 1834 4812 videri
1865 4755 1933 4812 ab
1960 4756 2056 4814 ho-

451 4838 603 4898 mine
639 4857 755 4898 non
797 4849 1012 4914 poterat
1055 4844 1202 4902 Deus
1233 4862 1246 4912 ;
1279 4860 1407 4918 ergo
1452 4844 1623 4902 homo
1658 4844 1834 4902 factus
1863 4853 1966 4915 est,
1995 4853 2060 4903 ut

450 4931 629 4989 videri
658 4933 944 5006 potuisset.
999 4931 1138 5008 [νει.
1171 4932 1279 5009 ΙΙ.]
1307 4934 1496 4992 Justus
1526 4935 1696 5008 igitur
1723 4942 1887 5010 atque
1914 4935 2057 4993 invi-

336 5070 345 5085 .
451 5030 636 5088 sibilis
663 5033 828 5102 Deus,
872 5033 1127 5107 apparuit
1149 5028 1287 5088 761
1321 5031 1523 5088 similis
1551 5031 1710 5089 nobis
1738 5031 1906 5088 homo
1925 5031 2056 5088 visi-

451 5119 603 5190 bilis,
634 5128 699 5179 ut
724 5121 858 5180 dum
888 5122 1110 5181 videtur
1128 5138 1197 5179 ex
1227 5121 1422 5190 simili,
1453 5131 1670 5180 curaret
1699 5137 1769 5179 ex
1792 5121 1977 5194 justo;
2002 5131 2057 5180 et

451 5205 584 5263 dum
614 5210 842 5268 veritate
875 5212 1089 5285 generis
1135 5209 1435 5269 concordat
1479 5208 1816 5278 conditioni,
1850 5210 2055 5267 virtute

453 5295 591 5352 artis
618 5296 865 5356 obviaret
878 5299 1229 5373 aegritudini.

521 5381 574 5438 3.
605 5383 863 5442 Dominus
892 5388 947 5442 in
989 5406 1147 5445 carne
1173 5388 1403 5454 veniens,
1433 5403 1523 5443 nec
1568 5388 1782 5460 culpam
1809 5404 1875 5443 eo:
1900 5387 2051 5454 vitio,

455 5486 544 5530 nec
580 5487 794 5543 poenam
836 5491 902 5529 ea:
940 5478 1235 5534 necessitate
1274 5476 1517 5550 suscepit.
1548 5507 1620 5518 —-
1645 5476 1788 5546 Quia
1817 5493 1946 5550 ergo
1995 5475 2054 5532 in

534 5664 555 5743 ξ
584 5660 740 5743 golb.
773 5669 837 5743 et
854 5662 1062 5743 Βώρῳ,
1082 5666 1219 5743 elati
1239 5667 1568 5743 ;man_ifesta
1595 5667 2050 5743 hallucinatione.

532 5733 555 5771 ⁸
584 5733 754 5802 Utic.,
796 5733 1041 5804 Pratell.,
1079 5735 1182 5792 Ed.
1233 5745 1342 5794 vet.
1389 5739 1562 5795 Paris.
1606 5746 1660 5795 et
1696 5739 1885 5808 Basil.,
1930 5756 2057 5794 nam

532 5804 798 5879 peAcalida
824 5805 1034 5879 calidis,
1063 5823 1195 5879 saepe
1221 5815 1395 5879 autem
1421 5809 1627 5879 frigida
1681 5810 1892 5875 calidis,
1948 5818 2052 5867 etc.

460 5821 596 5877 scepe
621 5820 798 5884 cauda
824 5820 1034 5872 taliaes,
1063 5823 1195 5878 saepe
1221 5820 1395 5864 autem
1421 5820 1627 5879 frigida
1681 5820 1892 5875 calidis,
1948 5820 2052 5867 etc.

537 5879 558 5912 ³
587 5876 679 5937 διο
706 5874 1208 5946 Vindoc.,'Baluz.,
1229 5878 1471 5947 Colb._et
1497 5881 1709 5948 Norm.,
1733 5897 1834 5954 pro
1854 5881 2051 5953 rigore,

2163 4035 2305 4105 Quia
2330 4035 2504 4110 igitur
2528 4035 2799 4094 Dominus
2826 4051 2956 4093 vere
2975 4044 3156 4106 natus,
3189 4053 3317 4096 vere
3344 4038 3787 4111 mortuus,',vere

2163 4125 2480 4194 suscitatus,
2514 4125 2576 4182 in
2603 4126 2865 4183 omnibus
2882 4132 3068 4184 tamen
3088 4125 3256 4184 distat
3284 4143 3316 4184 a
3343 4126 3510 4185 nobis
3540 4130 3786 4188 veritate

2164 4223 2396 4285 naturae,
2425 4214 2564 4272 bene
2613 4214 2839 4284 dicitur,
2883 4215 3016 4290 quia
3059 4232 3161 4290 pro
3204 4216 3367 4274 nobis
3412 4217 3647 4290 angelus
3678 4218 3787 4276 iste

2163 4320 2339 4361 unum
2365 4303 2434 4362 de
2465 4303 2743 4363 similibus
2784 4304 3048 4379 loquitur.
3093 4304 3233 4364 Cum
3276 4305 3426 4362 enim
3466 4305 3527 4362 in
3558 4306 3786 4366 cunctis

2163 4395 2579 4470 operationibus
2608 4395 2723 4453 suis
2752 4396 3024 4453 immensa
3041 4412 3143 4454 nos
3162 4395 3370 4453 virtute
3399 4398 3784 4466 transcendat,

2163 4485 2223 4541 in
2252 4499 2364 4541 uno
2400 4493 2586 4542 tamen
2613 4500 2647 4541 a
2672 4483 2854 4555 nobis,
2891 4483 2950 4542 id
2978 4494 3060 4542 est
3089 4485 3149 4542 in
3177 4484 3371 4542 format
3401 4485 3637 4544 veritate
3670 4502 3784 4544 non

2165 4573 2460 4647 discrepat.

2235 4663 2289 4720 4.
2336 4664 2448 4720 P-ro
2475 4662 2628 4719 nobis
2657 4663 2815 4720 Patri
2857 4663 3115 4736 loquitur,
3146 4679 3264 4719 cum
3291 4679 3345 4719 se
3369 4662 3523 4720 nobis
3551 4663 3786 4722 similem

2167 4757 2410 4815 ostendit.
2441 4786 2508 4798 —-
2537 4756 2644 4812 Per
2692 4754 2800 4814 hoc
2844 4772 2944 4829 pro
2984 4756 3146 4815 nobis
3184 4756 3334 4814 Patri
3377 4757 3653 4831 loquitur,
3684 4775 3786 4833 per

2167 4844 2316 4921 quod
2330 4845 2690 4918 semetipsum
2705 4844 2866 4902 nobis
2879 4845 3120 4904 similem
3136 4844 3397 4904 ostendit.
3419 4845 3602 4921 Loqui
3618 4847 3784 4921 quip-

2164 4952 2233 5010 pe
2264 4934 2401 5008 ejus,
2428 4935 2516 4991 vel
2548 4934 2922 5008 interpellare,
2952 4942 3036 4993 est
3071 4935 3251 5009 ipsum
3282 4952 3342 4992 se
3383 4951 3486 5009 pro
3516 4935 3784 4993 homini-

2163 5024 2268 5081 bus
2295 5023 2580 5080 hominem
2611 5023 3004 5081 demonstrare.
3054 5025 3127 5082 Et
3160 5025 3299 5082 bene
3328 5040 3458 5082 cum
3487 5023 3730 5082 dixisset
3763 5042 3775 5079 :

2169 5114 2342 5171 Unum
2370 5113 2432 5168 de
2456 5113 2719 5169 similibus
2750 5115 2772 5150 ⁶
2804 5113 3062 5184 loquitur,
3085 5113 3237 5170 illico
3251 5111 3513 5186 adjunxit
3542 5130 3556 5170 :
3598 5116 3667 5171 Ut
3682 5130 3777 5169 an-

2165 5201 2368 5258 nuntiet
2395 5201 2625 5258 hominis
2651 5202 2969 5273 wquitatem.
2992 5190 3146 5270 Quia
3181 5201 3289 5257 nisi
3325 5201 3421 5259 ille
3447 5194 3779 5258 hdminibus

2081 5315 2130 5374 ι)
2161 5289 2363 5346 similis
2392 5289 2565 5361 ﬁeret,
2606 5306 2798 5364 aequus
2826 5289 2993 5347 homo
3024 5297 3152 5348 ante
3187 5291 3362 5346 Deum
3392 5305 3506 5346 non
3533 5305 3779 5362 appare-

2162 5388 2264 5438 ret.
2299 5380 2433 5437 Inde
2451 5380 2658 5455 quippe
2678 5380 2972 5439 annuntiat
2990 5379 3304 5454 aequitatem
3326 5387 3595 5447 nostram,
3618 5377 3773 5434 unde

2162 5469 2437 5544 suscipere
2460 5469 2720 5544 dignatus
2747 5477 2830 5527 est
2857 5468 3235 5528 inﬁrmitatem
3265 5476 3534 5526 nostram.
3564 5466 3776 5526 Omnes

2163 5668 2328 5742 quod_
2342 5667 2548 5726 habent
2569 5668 2746 5742 Editi.

2236 5741 2257 5776 ⁴
2286 5739 2516 5807 Turon.,
2548 5740 2869 5795 damnando.

2235 5812 2256 5846 ⁵
2284 5810 2504 5867 Pratell.
2538 5817 2593 5866 et
2618 5810 2714 5865 alii
2744 5811 2956 5878 Norm.,
2988 5826 3137 5865 nemo
3170 5810 3331 5867 tollet.

2236 5884 2259 5918 ⁸
2291 5881 2525 5940 Vindoc.
2557 5891 2614 5941 et
2641 5883 2856 5950 Norm.,
2889 5883 3120 5954 loquens.
