3928 6372
144 305 251 362 289

870 311 1241 369 MORALIUM
1282 312 1413 369 LIB.
1457 314 1667 371 XXIV.
1711 343 1781 359 —
1819 310 1889 373 IN
1928 314 2156 372 CAPUT
2197 312 2433 374 XXXIII
2474 320 2534 374 Β.
2576 320 2717 377 JOB.

3375 324 3478 380 290

140 429 402 488 videlicet
420 447 522 487 nos
544 433 770 492 inimica
795 434 891 491 illa
910 438 1188 508 persuasio
1211 438 1266 494 in
1289 438 1468 512 culpae
1488 440 1742 511 contagio
1772 441 1825 501 Λ
1850 439 2168 496 circumcisis
2186 440 2402 513 (Ezech.
2424 458 2605 511 χχχιι,
2634 445 2747 516 19).
2794 445 2986 504 Omnis
3006 450 3153 505 enim
3175 464 3270 522 qui
3292 448 3468 506 findi—

138 518 205 575 ab
232 520 352 592 ipsa
372 521 559 577 radice
584 523 855 595 polluerat
873 525 1088 594 (Genes.
1112 544 1197 596 ιιι,
1219 528 1303 599 5),
1326 529 1622 603 nullusque
1637 537 1755 585 erat

140 609 234 683 qui
260 609 407 682 apud
437 612 613 667 Deum
646 629 745 684 pro
775 616 1152 686 peccatoribus
1179 617 1430 690 loquens,
1463 636 1495 674 a
1529 627 1754 691 peccato

140 700 281 755 liber
307 710 614 773 appareret,
647 703 775 776 quia
814 721 883 759 ex
933 705 1123 761 eadem
1158 724 1334 763 massa
1372 709 1552 765 editos
1600 725 1755 781 reque

139 797 370 845 cunctos
399 806 500 863 par
527 798 710 848 reatus
739 793 1047 851 involverat
1079 796 1254 869 (Rom.
1288 815 1347 864 v,
1382 798 1491 871 11).
1518 798 1756 854 Proinde

141 876 295 931 venit
323 876 394 934 ad
424 894 524 934 nos
551 878 876 952 Unigenitus
918 879 1115 951 Patris,
1163 884 1461 956 assumpsit
1489 901 1560 939 ex
1596 885 1757 941 nobis

141 972 417 1036 naturam,
479 984 591 1023 non
667 977 983 1041 perpetrans
1044 973 1284 1044 culpam.
1350 974 1481 1029 Sine
1533 981 1757 1046 peccato

140 1065 347 1138 quippe
381 1062 526 1121 762
555 1082 670 1123 esse
699 1067 910 1137 debuit,
929 1070 1025 1143 qui
1051 1087 1149 1142 pro
1171 1073 1557 1144 peccatoribus
1590 1074 1757 1129 inter-

140 1157 333 1213 venire
377 1157 666 1230 potuisset,
710 1158 841 1233 quia
875 1160 1142 1219 nimirum
1184 1163 1376 1219 alienat
1422 1164 1760 1236 pollutionis

140 1245 397 1319 contagia
438 1263 552 1303 non
582 1254 838 1320 tergeret,
878 1249 924 1306 si
972 1252 1193 1324 propria
1235 1253 1550 1309 sustineret.
1608 1255 1755 1309 Bene

142 1351 271 1407 ergo
295 1334 505 1393 dicitur
531 1336 662 1408 quia
684 1336 742 1399 in
769 1352 834 1393 eo
858 1340 873 1373 ¹
898 1338 1044 1413 quod
1064 1339 1265 1396 similis
1287 1341 1447 1397 nobis
1469 1343 1753 1415 apparuit,

142 1424 458 1499 equitatem
480 1424 804 1485 hominibus
827 1429 1200 1486 annuntiavit.
1225 1431 1574 1488 Intercedens
1604 1432 1756 1488 enim

144 1530 241 1586 pro
270 1514 679 1588 peccatoribus,
706 1518 1065 1591 semetipsum
1101 1518 1313 1593 justum
1346 1520 1631 1578 hominem
1661 1521 1757 1595 qui

145 1619 243 1676 pro
269 1604 397 1662 aliis
428 1604 829 1679 indulgentiam
852 1614 1155 1664 mereretur
1172 1609 1435 1667 ostendit.
1459 1610 1754 1683 Sequitur:

594 1696 849 1765 CAPUT
883 1699 957 1755 III
990 1697 1134 1773 [Rec.
1167 1700 1306 1774 111].

1868 537 2035 586 tatem
2067 529 2409 587 inﬁrmitatis
2446 547 2557 587 suae
2583 532 2931 590 considerare
2962 538 3213 608 negligit,
3249 539 3345 595 sed
3376 555 3469 611 per

1869 618 2124 675 elationis
2154 620 2356 676 fastum
2386 620 2611 676 virtutis
2630 639 2740 678 suae
2764 624 2992 693 gloriam
3013 626 3274 694 attendit,
3316 627 3464 683 unde

1869 707 2161 780 pulchrior
2188 717 2291 777 est,
2326 708 2453 764 inde
2483 708 2785 779 descendit,
2817 713 2945 783 quia
2972 714 3289 769 extollendo
3311 732 3366 770 se
3398 716 3465 770 de

1871 798 1985 854 suis
2011 799 2247 867 meritis,
2276 798 2402 855 inde
2423 800 2443 834 ⁴
2464 799 2521 854 in
2546 800 2657 855 ima
2674 801 2929 857 interitus
2951 804 3180 871 corruit,
3199 805 3343 859 unde
3361 807 3473 873 glo-

1870 888 2082 942 riosum
2111 904 2168 943 se
2199 905 2313 944 esse
2333 887 2629 960 judicavit.
2659 890 2765 958 Qui
2783 890 3123 948 descendens
3148 908 3276 949 cum
3308 891 3475 949 incir-

1872 975 2134 1033 cumcisis
2163 977 2390 1044 dormit,
2418 979 2548 1052 quia
2580 981 2637 1035 in
2667 988 2870 1037 (eterna
2898 989 3071 1038 morte
3103 999 3229 1039 cum
3263 984 3477 1039 caeteris

1872 1066 2252 1137 peccatoribus
2280 1067 2487 1125 deﬁcit.
2522 1069 2662 1138 Quia
2697 1087 2824 1142 ergo
2858 1070 3026 1127 homo
3058 1073 3159 1127 iste
3189 1071 3480 1127 humiliter

1871 1157 2213 1229 corruptioni
2232 1174 2287 1213 se
2311 1158 2685 1231 propinquum
2716 1176 2831 1216 esse
2846 1162 3127 1233 cognovit,
3157 1161 3296 1218 bene
3324 1161 3393 1217 de
3412 1179 3477 1218 eo

1872 1245 2116 1303 dicitur:
2148 1247 2343 1304 Libera
2379 1266 2516 1315 eum,
2546 1254 2606 1305 ut
2638 1267 2745 1304 non
2772 1251 3047 1306 descendat
3082 1250 3141 1306 in
3167 1252 3479 1323 corruptio—

1870 1350 2013 1401 nem,
2046 1342 2108 1391 ut
2151 1352 2215 1392 eo
2254 1337 2428 1409 magis
2473 1338 2670 1394 evadat
2706 1356 2947 1411 pmnam,
2991 1356 3101 1413 quo
3133 1340 3324 1397 oculos
3349 1358 3478 1397 suos

1873 1424 1895 1459 ⁵
1912 1440 2025 1481 non
2050 1424 2290 1482 advertit
2304 1426 2373 1483 ad
2393 1428 2634 1499 culpam.
2655 1427 2798 1496 Quia
2823 1445 2955 1485 vero
2979 1429 3167 1485 nullus
3186 1436 3303 1486 erat
3317 1428 3478 1501 cujus

1872 1514 2089 1571 meritis
2118 1516 2280 1573 nobis
2298 1518 2574 1574 Dominus
2599 1520 2888 1591 propitiari
2919 1518 3228 1587 debuisset;
3262 1520 3480 1593 Unige-

1873 1603 2027 1660 nitus
2054 1603 2255 1676 Patris,
2287 1606 2520 1663 formam
2549 1607 2894 1664 inﬁrmitatis
2924 1616 3123 1666 nostra
3151 1609 3480 1681 suscipiens,

1872 1693 2024 1751 solus
2050 1692 2236 1765 justus
2264 1698 2539 1769 apparuit,
2561 1706 2624 1755 ut
2655 1714 2756 1770 pro
2781 1698 3166 1770 peccatoribus
3197 1700 3219 1735 ⁸
3249 1699 3480 1756 interce-

217 1783 393 1845 Vnns.
423 1784 513 1843 24.
545 1817 618 1828 -
641 1787 978 1846 Miserebitur
996 1788 1129 1860 ejus,
1150 1796 1198 1845 et
1214 1790 1348 1846 dicet
1368 1807 1385 1846 :
1405 1790 1602 1848 Libera
1621 1806 1758 1859 eum,
1790 1806 1838 1867 Β
1874 1782 2029 1839 deret
2062 1784 2229 1855 (Phil.
2248 1802 2312 1853 II,
2350 1786 2429 1857 7).

148 1881 206 1931 ut
229 1892 341 1931 non
360 1875 640 1933 descendat
658 1876 714 1933 in
734 1878 1145 1950 corruptionem,
1163 1877 1340 1935 inveni
1367 1880 1425 1936 in
1445 1896 1549 1951 quo
1568 1880 1616 1936 ei
1629 1896 1765 1951 pro-

151 1965 334 2037 pitier.

224 2056 280 2113 5.
314 2056 471 2112 Solus
505 2056 748 2115 Christus
780 2076 876 2116 nos
907 2059 1170 2126 liberavit,
1195 2060 1465 2130 Deumque
1487 2056 1768 2131 propitia-

157 2146 247 2203 vit.
279 2147 565 2204 Fortitudo
584 2166 650 2204 es;
668 2148 981 2206 humilitate.
1003 2180 1074 2191 —
1092 2148 1360 2207 Mediator
1380 2148 1479 2205 Dei
1506 2154 1560 2204 et
1589 2147 1768 2205 homi-

159 2253 316 2306 num,
344 2236 516 2293 homo
545 2237 797 2296 Christus
824 2240 981 2297 Jesus
1011 2240 1068 2296 in
1098 2255 1163 2296 eo
1203 2238 1497 2295 miseretur
1524 2236 1766 2308 homini,

159 2344 265 2401 quo
293 2328 531 2384 formam
561 2328 805 2387 hominis
843 2331 1079 2404 sumpsit
1113 2330 1179 2404 (Ι
1226 2331 1361 2388 Tim.
1404 2347 1468 2397 ιι,
1499 2330 1535 2387 5
1564 2349 1585 2396 ;
1627 2330 1769 2387 Phi-

162 2416 290 2488 lipp.
316 2433 381 2483 u,
414 2417 468 2489 7)
494 2435 516 2484 ;
543 2435 652 2492 qua
680 2420 1059 2479 misericordia
1086 2440 1186 2496 pro
1223 2422 1510 2496 redempto
1539 2420 1769 2479 homine

160 2506 297 2564 dicit
321 2506 471 2564 Patri
497 2527 509 2565 :
532 2510 726 2568 Libera
745 2529 881 2583 eum,
903 2520 962 2569 ut
980 2532 1088 2572 non
1106 2516 1380 2573 descendat
1398 2516 1455 2571 in
1474 2515 1770 2587 corruptio-

160 2613 291 2653 nem.
344 2596 503 2655 Sicut
540 2596 656 2671 jam
698 2618 862 2674 supra
902 2602 1171 2673 diximus,
1218 2605 1241 2641 ³
1284 2604 1466 2663 dicere
1527 2603 1646 2677 ejus
1688 2613 1771 2662 est

161 2685 348 2742 Libera
379 2688 663 2755 hominem,
701 2700 953 2748 naturam
983 2693 1228 2751 hominis
1260 2694 1591 2753 assumendo
1620 2694 1772 2751 libe-

162 2792 274 2831 ram
295 2774 698 2835 demonstrare.
726 2781 814 2836 Ex
834 2797 898 2837 ea
916 2783 1118 2855 quippe
1137 2800 1300 2840 carne
1320 2801 1487 2857 quam
1511 2783 1769 2856 sumpsit,

161 2865 325 2921 etiam
352 2864 502 2923 hanc
526 2867 772 2923 ostendit
794 2869 1023 2927 liberam
1050 2888 1213 2945 quam
1243 2872 1496 2929 redemit.
1534 2872 1665 2939 Quae
1689 2886 1773 2927 re-

162 2954 382 3028 dempta
411 2956 674 3014 videlicet
703 2974 829 3015 caro
876 2976 976 3017 nos
1016 2978 1227 3031 sumus,
1260 2964 1281 2997 ³
1312 2962 1408 3036 qui
1454 2962 1772 3034 cognitione

163 3043 336 3098 nostri
364 3052 550 3101 reatus
570 3045 952 3118 astringimur.
977 3048 1080 3104 Sed
1098 3049 1416 3107 Mediatoris
1436 3051 1582 3107 tanti
1604 3050 1772 3123 aequi-

1947 1873 1999 1930 6.
2040 1874 2239 1931 Nullus
2271 1875 2545 1931 hominum
2580 1892 2761 1933 coram
2802 1877 2911 1933 Deo
2957 1875 3268 1933 intercessor
3303 1877 3486 1948 justus

1871 1978 1976 2035 pro
2006 1961 2307 2019 hominibus
2330 1964 2758 2036 apparuit.—Et
2780 1964 2921 2022 bene
2947 1982 3045 2038 pro
3073 1964 3357 2039 redempta
3386 1966 3483 2023 ho-

1877 2051 2027 2108 mine
2068 2051 2176 2108 isto
2207 2052 2441 2126 loquens
2474 2054 2702 2127 angelus
2727 2053 2866 2112 dicit
2893 2072 2905 2112 :
2938 2055 3125 2111 Inveni
3140 2055 3198 2110 in
3216 2072 3319 2126 quo
3343 2071 3487 2127 pro-

1870 2141 2039 2214 pitier
2056 2141 2125 2197 ei.
2154 2142 2237 2199 Ac
2256 2142 2303 2197 si
2318 2150 2503 2215 aperte
2530 2148 2676 2207 763
2703 2143 2972 2201 Mediator
2994 2144 3093 2200 Dei
3114 2152 3169 2201 et
3193 2143 3482 2201 hominum

1879 2240 2060 2298 dicat:
2095 2241 2240 2312 Quia
2264 2242 2455 2299 nullus
2482 2240 2781 2299 hominum
2810 2242 2919 2299 fuit
2938 2243 3033 2315 qui
3056 2259 3240 2301 coram
3268 2246 3382 2301 Deo
3404 2246 3485 2301 in-

1878 2337 2147 2389 tercessor
2191 2330 2374 2404 justus
2420 2348 2518 2404 pro
2564 2330 2888 2389 hominibus
2912 2342 3215 2405 appareret,
3256 2342 3484 2391 memet-

1880 2420 2062 2492 ipsum
2094 2420 2162 2477 ad
2192 2420 2615 2493 propitiandum
2638 2420 2962 2479 hominibus
2978 2422 3261 2479 hominem
3276 2424 3406 2491 feci,
3429 2432 3484 2480 et

1880 2510 2013 2567 dum
2040 2526 2128 2565 me
2156 2508 2442 2566 hominem
2464 2510 2719 2580 exhibui,
2739 2513 2759 2547 ⁷
2792 2512 2851 2568 in
2867 2528 2976 2584 quo
2990 2510 3138 2583 juste
3160 2511 3487 2569 hominibus
3590 2506 3605 2515 ’

1880 2599 2213 2674 propitiarer
2242 2598 2456 2656 inveni.
2491 2600 2563 2656 Et
2591 2599 2722 2674 quia
2750 2599 3135 2657 infirmitatem
3172 2601 3486 2673 suscipiens

1879 2690 2174 2760 Dominus,
2203 2686 2341 2747 dum
2366 2705 2584 2763 pmnam
2615 2697 2863 2747 nostram
2894 2689 3181 2748 moriendo
3203 2692 3489 2759 toleravit,

1881 2780 2293 2853 corruptionem
2316 2788 2561 2836 nostram
2588 2780 2926 2853 resurgendo
2947 2781 3207 2849 mutavit,
3232 2780 3371 2837 bene
3388 2782 3490 2838 iste

1881 2869 2111 2939 angelus
2128 2868 2483 2925 mortalitatis
2497 2877 2698 2926 nostra;
2713 2871 2927 2943 ﬂagella
2941 2868 3251 2944 subjungit,
3270 2887 3486 2929 eorum-

1884 2973 1990 3029 que
2019 2956 2313 3013 miseretur
2346 2956 2536 3013 dicens
2562 2975 2574 3013 :

2501 3044 2732 3102 CAPUT
2769 3044 2867 3103 IV.

162 3139 269 3231 tate
295 3132 621 3236 liberamur,
651 3134 933 3236 sicutipse
961 3137 1040 3194 ait
1070 3155 1082 3194 :
1118 3139 1178 3195 Si
1195 3156 1290 3236 pos
1310 3140 1486 3236 Filius
1522 3140 1774 3236 liberave-
1805 3172 1850 3236 c
1959 3134 2131 3193 Vnus.
2163 3133 2252 3191 25.
2277 3134 2703 3236 .-—“Cons‘umpta
2720 3140 2795 3234 est
2821 3151 2946 3192 caro
2968 3133 3082 3207 ejus
3107 3153 3144 3194 a
3170 3137 3447 3209 suppliciis
3474 3155 3492 3200 ;

162 3221 255 3287 rit,
286 3239 407 3277 vere
438 3222 591 3278 liberi
615 3223 764 3279 eritis
796 3224 977 3295 (Joan.
1000 3243 1125 3296 vm,
1154 3226 1270 3300 36).
1294 3228 1367 3282 Et
1384 3226 1525 3283 bene
1548 3243 1646 3299 pro
1667 3225 1772 3284 hoc

163 3310 445 3384 redempto
466 3310 691 3368 homine
710 3311 947 3370 dicitur:
970 3315 1093 3373 Non
1114 3315 1389 3372 descendat
1405 3317 1459 3371 in
1474 3316 1773 3389 corruptio-

162 3416 295 3456 nem.
332 3397 473 3474 [νει.
508 3400 634 3475 ιγ.]
665 3402 927 3475 Superius
955 3404 1105 3461 enim
1134 3404 1347 3463 dictum
1373 3406 1554 3462 fuerat
1599 3423 1610 3462 :
1650 3405 1775 3477 Ap-

158 3489 543 3563 propinquabit
562 3493 893 3564 corruptioni
911 3494 1092 3550 anima
1107 3494 1246 3566 ejus;
1266 3495 1618 3569 postmodum
1636 3493 1774 3551 dici-

164 3585 253 3634 tur
287 3597 299 3635 :
332 3580 453 3638 Non
483 3579 759 3637 descendat
793 3582 847 3637 in
869 3584 1281 3655 corruptionem.
1316 3584 1398 3641 Ac
1425 3585 1471 3640 si
1501 3584 1711 3641 diceret
1759 3599 1771 3639 :

165 3667 304 3737 Quia
331 3669 713 3743 cognoscendo
756 3670 1135 3729 inﬁrmitatem
1168 3690 1347 3742 suam,
1397 3689 1513 3730 esse
1555 3689 1611 3730 se
1641 3690 1775 3731 cor-

166 3758 413 3833 ruptioni
430 3760 747 3832 proximum
767 3776 879 3818 non
902 3762 1139 3834 ignorat,
1156 3763 1364 3821 idcirco
1381 3763 1449 3820 ad
1465 3764 1770 3837 corruptio-

167 3848 250 3905 nis
280 3848 573 3905 interitum
594 3865 705 3906 non
726 3849 1041 3909 descendat.
1071 3852 1158 3909 Ad
1179 3853 1593 3925 corruptionem
1625 3852 1775 3909 enim

162 3936 307 4010 juste
342 3938 718 4010 descenderet,
762 3941 808 3997 si
853 3942 966 3999 suis
1006 3942 1219 3999 viribus
1264 3943 1425 4016 longe
1466 3959 1523 3999 se
1565 3959 1597 3999 a
1645 3959 1780 4000 cor-

168 4031 425 4102 ruptione
448 4046 565 4087 esse
581 4030 877 4104 judicaret.
909 4033 1015 4091 Sed
1046 4033 1176 4106 quia
1198 4032 1548 4107 corruptioni
1584 4047 1779 4105 appro-

167 4119 461 4193 pinquavit
483 4120 791 4191 humiliter,
822 4122 983 4179 debet
1002 4123 1070 4180 ab
1089 4140 1152 4180 ea
1182 4122 1616 4181 misericorditer
1646 4121 1779 4178 libe-

171 4210 279 4266 rari
314 4227 326 4267 :
358 4217 423 4266 ut
439 4227 504 4266 eo
530 4220 722 4268 contra
750 4211 1130 4285 impugnantia
1150 4213 1286 4270 vitia
1301 4213 1466 4268 fortis
1487 4212 1700 4285 sit,quo
1723 4227 1780 4267 se

168 4298 284 4356 suis
315 4298 529 4355 meritis
547 4299 795 4372 agnoscit
814 4300 1119 4358 inﬁrmum.
1152 4301 1415 4376 Quisquis
1435 4301 1590 4357 enim
1611 4315 1783 4373 supra

168 4403 225 4445 se
253 4387 566 4455 extollitur,
597 4388 718 4461 ipso
754 4389 1008 4446 elationis
1036 4407 1148 4447 suae
1176 4390 1428 4464 pondere
1459 4396 1727 4463 gravatur
1762 4408 1777 4459 ;

169 4484 224 4535 et
250 4493 317 4533 eo
344 4493 402 4534 se
431 4477 489 4534 in
520 4478 729 4536 inﬁmis
758 4480 975 4553 mergit,
1010 4496 1140 4554 quo,
1170 4480 1230 4536 in
1263 4478 1536 4553 superbiai
1574 4478 1779 4535 vitium

1884 3231 2192 3281 revertatur
2219 3224 2291 3280 ad
2313 3224 2423 3280 dies
2450 3224 2814 3280 adolescentiae
2845 3241 2973 3281 sum.

1958 3315 2010 3371 7.
2051 3315 2099 3371 Α
2134 3315 2239 3371 Deo
2265 3314 2572 3382 recedentes,
2604 3314 2739 3370 nihil
2765 3313 2875 3369 nisi
2894 3330 2998 3385 quo
3022 3314 3495 3389 aﬂligeremur,in-

1885 3404 2140 3460 venimus.
2170 3434 2242 3445 —
2269 3404 2330 3459 In
2350 3403 2449 3460 illo
2467 3402 2669 3476 quippe
2690 3403 2869 3476 primo
2890 3402 3118 3461 homine
3145 3421 3177 3461 a
3204 3406 3320 3463 Deo
3346 3423 3494 3465 rece-

1888 3492 2053 3550 dente
2101 3494 2309 3567 repulsi
2343 3510 2376 3550 a
2416 3492 2655 3567 paradisi
2700 3493 2939 3566 gaudiis,
2982 3494 3042 3550 in
3072 3494 3215 3553 hanc
3240 3501 3494 3556 mortalis

1888 3583 2020 3640 vitae
2050 3600 2356 3642 aerumnam
2386 3584 2712 3653 cecidimus,
2743 3592 2798 3640 et
2826 3600 2991 3657 quam
3015 3600 3237 3656 gravem
3261 3587 3481 3658 culpam

1887 3675 2161 3746 serpentis
2211 3675 2470 3732 suasione
2524 3672 2907 3732 commisimus
2963 3673 3174 3746 (Genes.
3232 3692 3317 3743 III,
3365 3676 3487 3747 23),

1892 3764 1913 3800 ⁸
1944 3779 2106 3837 poena
2153 3772 2358 3821 nostra:
2406 3764 2638 3821 ultionis
2667 3763 2955 3821 sentimus.
3003 3763 3123 3821 Huc
3150 3763 3299 3820 enim
3328 3765 3491 3837 lapsi,

1888 3852 2033 3910 nihil
2051 3862 2209 3912 extra
2232 3856 2430 3923 Deum,
2462 3853 2569 3912 nisi
2590 3870 2700 3928 quo
2725 3854 3116 3927 aﬂligeremur,
3150 3854 3491 3911 invenimus.

1888 3944 1962 4001 Et
1977 3944 2107 4017 quia
2121 3960 2218 4017 per
2237 3944 2527 4002 oculorum
2549 3943 2733 3999 visum
2748 3959 2968 4000 carnem
2982 3942 3155 4000 secuti
3183 3959 3397 4011 sumus,
3418 3942 3486 3999 de

1890 4031 2010 4105 ipsa
2038 4048 2225 4100 carne,
2257 4048 2423 4104 quam
2461 4032 2752 4104 praeceptis
2788 4030 2888 4086 Dei
2924 4028 3346 4102 praeposuimns,
3377 4029 3487 4087 ﬂa-

1890 4121 2181 4193 gellamur.
2220 4122 2283 4176 In
2311 4120 2432 4192 ipsa
2464 4118 2668 4193 quippe
2707 4117 2953 4192 quotidie
2975 4117 3263 4190 gemitum,
3288 4118 3347 4174 in
3364 4118 3482 4191 ipsa

1890 4211 2222 4279 cruciatum,
2253 4210 2312 4267 in
2342 4210 2461 4283 ipsa
2490 4210 2778 4266 interitum
2812 4210 3074 4282 patimur,
3110 4216 3175 4266 ut
3197 4209 3307 4269 hoc
3333 4210 3497 4267 nobis

1892 4303 1914 4338 ⁹
1946 4302 2089 4358 mira
2116 4300 2480 4374 dispositione
2502 4299 2776 4358 Dominus
2800 4299 2860 4355 in
2878 4315 3098 4371 poenam
3120 4307 3381 4370 verteret,
3399 4316 3497 4373 per

1893 4390 2041 4465 quod
2069 4391 2303 4449 fecimus
2322 4391 2539 4463 culpam
2559 4432 2573 4458 ,
2608 4405 2709 4447 nec
2723 4389 2946 4446 aliunde
2961 4395 3101 4446 esset
3126 4388 3350 4445 interim
3372 4405 3496 4447 cen-

1892 4497 2021 4538 sura
2050 4480 2335 4554 supplicii,
2360 4479 2467 4536 nisi
2493 4478 2641 4535 unde
2661 4480 2841 4536 fuerat
2859 4495 3021 4537 causa
3037 4480 3266 4552 peccati,
3282 4486 3347 4536 ut
3372 4478 3496 4551 ejus

170 4583 459 4640 promens,
480 4568 548 4625 ab
564 4585 629 4626 eo
649 4569 744 4642 qui
760 4585 887 4626 vere
907 4539 1156 4627 excelsus
1176 4577 1258 4626 est
1279 4570 1563 4642 elongavit
1585 4587 1597 4637 ;
1619 4576 1785 4643 atque
1809 4539 1860 4599 D
1893 4570 2077 4627 carnis
2106 4568 2476 4625 amaritudine
2506 4566 2675 4624 homo
2702 4567 3016 4625 erudiretur
3030 4568 3101 4625 ad
3118 4568 3315 4638 vitam,
3333 4566 3493 4641 cujus

171 4656 300 4714 inde
329 4657 503 4730 magis
526 4658 638 4714 ima
657 4658 884 4731 appetit,
909 4658 1053 4715 unde
1072 4675 1128 4715 se
1149 4656 1513 4730 conjunctum
1544 4658 1781 4714 summis

170 4746 469 4803 aestimavit
490 4741 524 4816 ;’
547 4745 691 4805 sicut
713 4764 808 4820 per
827 4747 1152 4821 prophetam
1172 4747 1472 4805 extollenti
1491 4763 1549 4805 se
1578 4747 1781 4804 animae

170 4834 379 4897 dicitur
417 4855 430 4894 :
465 4838 579 4907 Quo
601 4837 881 4912 pulchrior
907 4854 959 4894 es
987 4837 1251 4908 descende,
1280 4843 1328 4894 et
1353 4837 1531 4895 dormi
1557 4854 1676 4894 cum
1702 4836 1783 4893 in-

250 5074 682 5208 i_Sugglevimus
708 5090 779 5136 ex
803 5074 931 5137 Mss.
956 5072 1175 5152 Anglic.
1194 5080 1248 5134 et
1262 5072 1468 5134 nostris
1498 5075 1781 5147 voculam,

250 5151 348 5208 bis.
470 5151 651 5208 Editis
677 5154 1042 5208 exsulantem.

176 5151 348 5221 nobis,
372 5151 443 5208 ab
470 5151 651 5208 Editis
677 5154 1042 5209 exsulantem.

249 5224 273 5259 ³
310 5224 491 5302 Locus
515 5223 609 5281 hic
637 5224 906 5302 in_Edi_tis
939 5231 1140 5296 poSter.
1176 5223 1253 5279 ita
1278 5221 1517 5302 habetur
1561 5220 1786 5302 :“dicere

210 5294 289 5361 ius
315 5301 394 5351 est
432 5296 659 5352 liberare
701 5293 980 5362 hominem,
1027 5302 1280 5351 naturam
1307 5294 1534 5350 hominis
1566 5293 1787 5349 liberam

328 5374 559 5423 usti-are.
602 5367 813 5435 Quibus
858 5367 1003 5423 nihil
1049 5367 1354 5424 obscurius.
1402 5365 1516 5437 Ope
1558 5365 1687 5421 Mss.
1732 5371 1787 5420 et

174 5446 289 5495 vet.
321 5438 485 5517 Edit._
516 5455 644 5495 eum
673 5440 1143 5517 sitrestituimus,
1182 5446 1246 5517 ut
1290 5437 1480 5517 omnia
1497 5442 1731 5517 pateant
1769 5452 1784 5503 ;

174 5526 369 5567 sensus
398 5510 548 5566 enim
574 5517 676 5579 est,
708 5510 990 5567 Christum
1019 5506 1154 5567 tunc
1183 5510 1392 5566 dixisse
1416 5506 1567 5579 Patri
1595 5506 1662 5562 de
1689 5506 1787 5562 ho-

175 5583 329 5638 mine
354 5578 741 5654 lapso,i_l_ibera
768 5599 906 5654 eum,
945 5581 1165 5654 quando
1204 5589 1458 5637 naturam
1486 5578 1789 5635 humanam

173 5652 511 5711 assumendo
540 5652 771 5710 liberam
795 5652 1212 5709 demonstravit.

248 5727 276 5804 ᾗ
299 5726 394 5785 Sic
412 5722 749 5804 c_u_m_Colb.,
770 5724 991 5804 Ebroic.
1021 5724 1339 5804 caeterisque
1360 5723 1556 5804 Norm.
1579 5729 1793 5804 veteres

175 5797 354 5868 Edit.,
397 5796 497 5855 ubi
547 5795 607 5853 in
640 5795 1039 5856 recentioribus
1071 5794 1293 5870 legitui‘,
1334 5794 1430 5869 qui
1474 5794 1789 5852 conditione.

1892 4658 2262 4716 oblectatione
2290 4657 2561 4732 superbiae
2599 4657 2852 4730 pervenit
2878 4658 2947 4715 ad
2971 4666 3232 4716 mortem.

1964 4747 2019 4805 8.
2060 4748 2109 4805 Α
2140 4746 2379 4805 carnalis
2416 4748 2535 4804 vitce
2562 4747 2840 4820 suppliciis
2872 4747 3117 4807 Christus
3142 4765 3239 4805 nos
3262 4746 3422 4816 eruit,
3449 4750 3501 4801 et

1893 4836 2184 4895 innovavit.
2226 4867 2297 4879 —
2324 4836 2466 4906 Quia
2493 4852 2622 4911 ergo
2651 4836 2960 4895 innumeris
2987 4835 3294 4896 humanum
3323 4850 3495 4908 genus

1894 5066 2297 5147 Balug._habet,
2324 5066 2654 5147 sanatione,
2681 5085 2783 5147 prs
2802 5066 3115 5147 ρροηέιίοηει
3151 5135 3162 5146 .
3207 5140 3219 5147 ,
3289 5134 3300 5147 .

1967 5146 1989 5180 ⁴
2028 5141 2202 5209 Editi,
2229 5135 2290 5196 in
2314 5135 2425 5197 ima
2452 5135 2701 5196 deterius:
2733 5135 2911 5207 Colbi,
2930 5139 2990 5193 in
3008 5153 3117 5193 una
3141 5135 3384 5194 interius.
3403 5135 3495 5195 Se-

1895 5215 2127 5291 quimur
2150 5215 2277 5291 Mss.
2311 5211 2822 5291 Baluz.,gVindoc.,
2851 5211 3049 5291 Norm:

1968 5289 1988 5323 ⁵
2024 5285 2199 5354 Editi,
2220 5301 2327 5362 non
2343 5279 2607 5362 avertite
2639 5285 2817 5362 culpa,
2835 5297 2944 5362 quo
2972 5279 3426 5362 nihilinsulsius,
3450 5290 3506 5337 et

1895 5375 1927 5416 a
1950 5365 2133 5414 mente
2152 5352 2325 5412 sancti
2342 5355 2595 5412 Doctoris
2616 5352 2787 5425 magis
2801 5352 3065 5409 alienum.
3096 5352 3288 5411 Lectio
3310 5362 3508 5412 nostra

1896 5438 1978 5487 est
2006 5430 2134 5485 Mss.
2168 5427 2332 5498 Angl.
2362 5432 2417 5481 et
2452 5426 2652 5482 Gallic.

1971 5503 1992 5537 ⁸
2034 5495 2296 5564 νὶηάοοῖ,
2327 5498 2529 5553 Pratel.
2562 5504 2618 5552 et
2651 5496 2773 5565 alii,
2795 5495 3144 5553 intercedens.

1971 5575 1992 5608 ⁷
2020 5570 2288 5654 .Ebroic”
2318 5569 2378 5625 in
2405 5585 2508 5640 quo
2528 5566 2679 5639 justo
2707 5569 2913 5626 homine
2930 5568 3233 5627 hominibus
3242 5568 3510 5642 propitia-

1899 5662 1992 5704 rer
2010 5660 2210 5700 inveni.

1975 5718 1997 5753 ⁸
2035 5714 2262 5786 Pratel.,
2284 5728 2455 5786 ptence
2474 5717 2672 5769 nostra:
2685 5712 2891 5786 ultione
2913 5713 3185 5770 sentimus.

1973 5791 1995 5826 θ
2036 5781 2306 5856 Vindoc.;
2332 5784 2531 5845 Norm.
2563 5791 2620 5844 et
2646 5785 2745 5855 al.,
2776 5783 2920 5843 mira
2947 5781 3358 5858 dispensatione.
