3928 6374
136 295 248 351 293

863 299 1234 358 MORALIUM
1277 302 1409 358 LIB.
1453 303 1659 360 XXIV.
1703 333 1771 345 —
1811 303 1881 362 IN
1919 305 2148 362 CAPUT
2187 307 2425 366 XXXIII
2467 310 2528 367 Β.
2569 311 2711 369 JOB.

3370 319 3476 374 294

141 420 248 477 Dei
277 419 450 510 facies
475 419 700 478 dicitur.
737 419 874 495 [νει.
917 423 1064 499 νη]
1096 425 1236 493 Quia
1263 427 1409 484 enim
1442 445 1537 501 per
1563 429 1758 486 faciem
1789 434 1840 493 A
1875 433 2003 506 quia
2029 434 2408 506 experimento
2433 435 2630 492 didicit
2658 446 2926 510 quantum
2954 440 3217 498 obediens
3245 459 3362 501 esse
3383 445 3479 500 de-

133 507 446 583 quemlibet
481 510 854 582 agnoscimus,
903 529 1014 569 non
1065 513 1345 573 immerito
1387 519 1760 590 cognitionem

136 597 258 666 Dei,
306 597 510 654 faciem
561 598 680 672 ejus
724 616 1008 657 vocamus.
1055 603 1210 660 Unde
1257 605 1424 662 Jacob
1471 615 1758 681 postquam

1869 521 1995 578 beat
2013 530 2312 595 praecepto.
2342 523 2413 578 Et
2442 539 2604 596 quem
2621 533 2756 582 tunc
2774 529 2935 598 culpa
2954 528 3114 586 duxit
3134 532 3202 588 ad
3229 550 3443 604 poenam
3461 579 3475 603 ,

1871 627 2018 668 nunc
2057 629 2216 684 paena
2259 628 2361 667 sua
2412 613 2696 684 restringit
2741 631 2772 669 a
2810 618 2991 687 culpa,
3025 627 3086 674 ut
3115 627 3268 677 tanto
3297 625 3477 695 magis

134 704 262 785 cum
303 688 556 785 angeIo‘
590 689 832 746 luctatus
866 699 969 759 est,
1009 691 1118 748 ait:
1171 695 1288 752 Vidi
1307 696 1594 751 Dominum
1623 697 1762 766 facie
1869 699 2186 776 delinquere
2218 710 2446 769 metuat,
2477 711 2685 775 quanto
2713 713 2938 776 cogente
2966 709 3240 780 supplicio
3268 721 3321 767 et
3349 688 3467 785 ipse

133 778 204 832 ad
224 775 420 846 faciem
454 776 666 849 (Genes.
702 795 888 847 χχχιι,
919 780 1033 852 30).
1067 782 1147 838 Ac
1167 784 1214 839 si
1236 784 1476 840 diceret:
1512 786 1757 858 Cognovi

132 865 462 936 Dominum,
504 866 636 940 quia
683 885 770 924 me
815 886 1144 942 cognoscere
1192 873 1308 946 ipse
1351 875 1611 947 dignatus
1653 886 1754 934 est.

131 955 310 1023 Quam
332 955 710 1028 cognitionem
742 958 1062 1030 plenissime
1109 962 1229 1018 fieri
1279 965 1484 1020 Paulus
1525 973 1759 1023 testatur

130 1043 188 1100 in
220 1044 335 1101 ﬁne
365 1044 559 1102 dicens
583 1063 596 1102 :
638 1049 783 1104 Tunc
809 1066 1112 1120 cog-noscam
1139 1051 1276 1107 sicut
1303 1060 1351 1108 et
1377 1056 1612 1125 cognitus
1641 1073 1758 1111 sum

133 1133 192 1206 (Ι
221 1134 352 1191 Cor.
385 1152 511 1227 vni,
548 1135 660 1208 I2).
694 1137 835 1227 Quia
861 1155 990 1212 ergo
1015 1148 1135 1212 post
1168 1140 1417 1199 laborum
1433 1145 1754 1227 certamina,

130 1230 258 1295 post
299 1223 673 1282 tentationum
704 1225 925 1294 ﬂuctus,
969 1246 1109 1301 saepe
1141 1231 1162 1265 ³
1200 1231 1257 1286 in
1305 1247 1532 1289 excessu
1572 1223 1758 1292 anima

131 1308 518 1381 suspenditur,
549 1317 612 1366 ut
635 1311 1009 1383 cognitionem
1039 1313 1246 1371 divinae
1277 1319 1582 1388 praesentiae
1612 1336 1758 1376 con-

132 1397 454 1469 templetur,
484 1415 650 1472 quam
677 1407 863 1457 tamen
896 1404 1242 1474 praesentiam
1261 1412 1313 1460 et
1329 1407 1534 1463 sentire
1555 1408 1750 1480 possit,

131 1497 186 1544 et
212 1489 442 1561 expiem
471 1506 584 1547 non
613 1491 807 1564 possit,
851 1501 997 1550 recte
1026 1503 1150 1566 post
1177 1502 1261 1551 tot
1288 1496 1504 1554 labores
1548 1499 1615 1556 de
1647 1499 1756 1557 hoc

131 1584 347 1635 tentato
375 1577 604 1638 homine
633 1581 874 1639 dicitur:
921 1585 1121 1642 Videbit
1147 1585 1334 1656 facient
1355 1587 1468 1658 ejus
1490 1589 1545 1643 in
1554 1589 1750 1660 jubilo.

132 1665 284 1735 Quia
315 1685 444 1726 vero
473 1672 852 1746 unusquisque
885 1681 1092 1746 quanto
1112 1675 1350 1748 amplius
1369 1677 1612 1734 ocelestia
1627 1695 1754 1736 con-

130 1757 455 1830 templatur,
487 1767 640 1816 tanto
676 1762 848 1834 magis
875 1779 908 1819 a
935 1770 1152 1819 terrena
1181 1766 1497 1837 operatione
1529 1768 1753 1842 corrigi-

129 1855 247 1915 tur,
289 1847 428 1904 bene
474 1859 598 1922 post
645 1852 875 1924 gratiam
924 1854 1430 1927 contemplationis,
1475 1856 1751 1928 justitiam

131 1935 325 1994 subdit
354 1939 713 2011 operationis,
745 1941 939 2000 dicens
971 1962 982 2000 :

749 2066 980 2126 CAPUT
1000 2068 1120 2127 VII.

201 2169 342 2227 Iern.
364 2202 437 2214 —
463 2173 540 2230 Et
566 2173 747 2229 reddet
769 2175 970 2230 homini
979 2176 1074 2247 jus
1085 2177 1256 2234 titiam
1282 2196 1459 2236 suam.

202 2279 292 2337 13.
329 2283 449 2350 Qua
475 2283 684 2340 ratione
703 2284 921 2355 justitia
949 2295 1134 2344 nostra
1163 2289 1394 2347 dicatur.
1430 2321 1502 2332 —
1527 2290 1754 2348 Justitia

130 2377 322 2426 nostra
349 2369 580 2442 dicitur,
621 2389 733 2430 non
773 2390 894 2448 quae
937 2392 1007 2431 ex
1052 2387 1242 2435 nostro
1284 2388 1471 2437 nostra
1507 2389 1609 2447 est,
1657 2379 1751 2436 sed

130 2475 250 2530 qua:
281 2458 480 2516 divina
507 2461 758 2534 largitate
797 2463 860 2521 ﬁt
906 2475 1112 2535 nostra,
1157 2467 1302 2525 sicut
1349 2469 1408 2526 in
1461 2469 1754 2526 Dominica

131 2548 382 2604 oratione
413 2548 652 2607 dicimus
676 2569 688 2608 :
713 2553 912 2608 Panem
930 2562 1168 2612 nostrum
1182 2559 1552 2628 quotidianum
1570 2559 1642 2614 da
1660 2575 1752 2613 no-

132 2635 206 2690 bis
227 2635 386 2692 hodie
405 2636 622 2709 (Matth.
649 2658 730 2710 vr,
763 2643 860 2710 II;
893 2644 1022 2700 Luc.
1047 2661 1132 2714 xx,
1150 2645 1230 2719 3).
1252 2647 1395 2704 Ecce
1425 2655 1477 2703 et
1497 2657 1751 2704 nostrum

130 2726 372 2784 dicimus
396 2747 411 2796 ;
444 2737 500 2786 et
530 2737 739 2801 tamen,
769 2739 832 2789 ut
861 2733 1022 2790 detur
1049 2753 1290 2793 oramus.
1325 2739 1522 2794 Noster
1551 2738 1753 2812 quippe

131 2815 211 2884 Iit,
243 2833 372 2874 cum
405 2819 699 2891 accipitur,
728 2821 824 2894 qui
851 2831 1037 2878 tamen
1058 2824 1157 2880 Dei
1177 2832 1280 2893 est,
1304 2827 1432 2899 quia
1448 2825 1516 2882 ab
1541 2827 1640 2881 illo
1660 2827 1752 2882 da-

131 2914 238 2964 tur.
277 2910 348 2964 Et
369 2908 471 2964 Dei
500 2924 630 2980 ergo
659 2917 739 2964 est
769 2926 838 2966 ex
869 2928 1114 2980 munere,
1144 2922 1198 2968 et
1226 2921 1414 2970 noster
1438 2915 1501 2972 fit
1532 2914 1756 2971 veraci-

130 3005 210 3054 ter
238 3013 336 3070 per
365 2997 765 3070 acceptionem.
796 3001 876 3055 Ita
903 3016 1030 3073 ergo
1060 3001 1164 3058 hoc
1196 3003 1316 3060 loco
1351 3003 1568 3060 homini
1598 3021 1754 3062 suam

125 3083 404 3157 justitiam
447 3085 723 3143 Dominus
769 3087 970 3158 reddit,
1003 3107 1114 3146 non
1145 3108 1309 3165 quam
1353 3108 1423 3148 ex
1463 3095 1756 3167 semetipso

1785 1807 1833 1869 B

1862 789 1977 861 jam
2005 792 2151 865 quod
2183 793 2520 866 perpetravit
2549 802 2789 850 accusat.
2823 795 2976 851 Unde
3006 803 3061 853 et
3088 801 3370 871 sequitur:

2314 917 2543 975 CAPUT
2569 919 2695 976 VIII
2724 919 2868 995 [Rea
2916 922 3032 996 VI].

1941 1021 2109 1077 Vens.
2139 1022 2228 1079 27.
2267 1054 2338 1065 -—
2375 1023 2630 1095 Respiciet
2664 1025 2918 1096 homines,
2947 1033 2994 1082 et
3022 1027 3194 1085 dicet:
3225 1031 3460 1088 Peccavi.

1951 1115 2095 1174 766
2142 1117 2226 1175 15.
2263 1120 2364 1188 Qui
2382 1127 2693 1176 sanctorum
2721 1124 2949 1179 Patrum
2967 1127 3210 1197 exempla
3227 1129 3464 1200 respicit,

1861 1220 2184 1287 peccatorem
2228 1230 2281 1269 se
2317 1214 2582 1286 intelligit,
2627 1216 2767 1284 quod
2786 1216 3012 1286 justitia:
3038 1225 3112 1273 est
3140 1219 3379 1276 initium.
3403 1252 3474 1262 —

1865 1305 1934 1360 Se
1964 1313 2300 1376 peccatorem
2335 1321 2444 1360 non
2473 1315 2846 1377 cognosceret,
2877 1309 2923 1364 si
2939 1305 3217 1379 justitiam
3238 1327 3350 1366 non
3375 1310 3476 1366 ha-

1865 1394 2035 1450 heret.
2075 1396 2246 1452 Nemo
2292 1396 2495 1469 quippe
2538 1396 2928 1453 tortitudinem
2971 1414 3149 1466 suam,
3200 1399 3307 1454 nisi
3338 1416 3465 1456 cum

1866 1491 2048 1540 rectus
2093 1501 2209 1540 esse
2244 1485 2493 1556 coeperit,
2525 1483 2910 1557 deprehendit.
2944 1487 3080 1542 Nam
3108 1487 3203 1559 qui
3233 1488 3467 1544 omnino

1865 1592 2155 1648 perversus
2184 1585 2286 1645 est,
2317 1594 2493 1652 neque
2515 1577 2620 1634 hoc
2645 1585 2824 1649 potest
2841 1576 3029 1633 videre
3059 1577 3207 1650 quod
3233 1586 3338 1635 est.
3365 1579 3473 1648 Qui

1865 1683 1995 1723 vero
2007 1676 2346 1740 peccatorem
2359 1686 2414 1724 se
2432 1669 2712 1738 intelligit,
2715 1667 2828 1739 jam
2840 1684 2910 1722 ex
2925 1675 3076 1739 parte
3091 1668 3278 1741 aliqua
3287 1669 3307 1740 j
3317 1678 3474 1725 ustus

1867 1772 1982 1812 esse
2014 1756 2322 1824 inchoavit,
2347 1764 2510 1829 atque
2538 1756 2595 1812 id
2621 1757 2769 1828 quod
2799 1772 2910 1811 non
2935 1755 3121 1828 justus
3152 1757 3374 1826 fecerat,
3397 1774 3468 1814 ex

1867 1861 1931 1902 eo
1968 1845 2117 1918 quod
2139 1844 2326 1917 justus
2351 1851 2432 1900 est
2453 1851 2697 1902 accusat.
2727 1845 2847 1912 Qua
2862 1845 3211 1902 accusatione
3231 1863 3330 1902 sua
3359 1849 3470 1903 Deo

1865 1934 2132 1992 inhaerere
2185 1932 2434 2000 inchoat,
2471 1933 2604 1990 dum
2646 1941 2859 1990 rectum
2897 1939 3090 1990 contra
3114 1951 3170 1990 se
3191 1934 3470 2006 judicium

1862 2025 2168 2098 proferens,
2199 2023 2308 2080 hoc
2349 2023 2405 2078 in
2437 2039 2493 2080 se
2516 2022 2668 2098 quod
2698 2023 2781 2078 illi
2811 2024 2980 2079 sentit
3007 2022 3300 2096 displicere
3324 2042 3475 2082 con-

1861 2113 2105 2172 demnat.
2139 2115 2378 2184 Recepta
2414 2129 2542 2184 ergo
2566 2110 2792 2184 justitia
2822 2128 2921 2168 sua
2953 2112 3090 2170 dicit
3128 2112 3295 2172 homo
3324 2115 3424 2172 iste
3455 2136 3464 2172 :

1862 2204 2097 2263 Peccavi.
2117 2205 2188 2260 Et
2205 2201 2508 2259 notandum
2537 2202 2684 2276 quod
2709 2203 3092 2276 praemittitur:
3125 2205 3353 2276 Respicit
3367 2207 3472 2261 ho-

1860 2299 2024 2352 mines
2043 2304 2131 2364 ;et
2153 2303 2285 2353 tunc
2304 2294 2509 2351 deinde
2523 2293 2916 2368 subjungitur:
2951 2296 3025 2352 Et
3047 2295 3200 2362 dicet,
3232 2297 3468 2353 Peccavi.

1861 2388 1990 2445 Ideo
2019 2390 2167 2445 enim
2205 2389 2465 2444 nonnulli
2491 2404 2742 2462 peccasse
2765 2405 2819 2444 se
2840 2389 3118 2458 nesciunt,
3140 2390 3269 2464 quia
3283 2391 3465 2448 homi-

1861 2497 1958 2537 nes
1987 2497 2100 2536 non
2130 2480 2449 2537 attendunt.
2490 2481 2627 2538 Nam
2666 2481 2712 2536 si
2741 2480 3152 2536 considerarent
3190 2480 3468 2552 homines,

1861 2571 2032 2628 citius
2062 2577 2420 2643 agnoscerent
2457 2579 2725 2644 quantum
2751 2569 3028 2642 peccando
3050 2569 3193 2625 infra
3213 2569 3471 2626 homines

1861 2661 2210 2719 cecidissent.
2265 2662 2337 2719 Et
2383 2662 2638 2735 quamvis
2678 2661 2964 2735 Scriptura
2990 2679 3144 2720 sacra
3170 2661 3471 2736 aliquando

1861 2748 2116 2807 homines
2164 2767 2364 2823 ponere
2411 2753 2586 2808 soleat
2619 2751 2863 2808 humana
2889 2753 3190 2825 sapientes,
3221 2753 3365 2810 sicut
3392 2754 3472 2809 ait

1864 2839 2160 2910 Apostolus
2186 2859 2197 2896 :
2236 2843 2369 2898 Cum
2405 2843 2545 2898 enim
2572 2843 2640 2896 sit
2659 2843 2798 2898 inter
2824 2860 2916 2897 vos
2947 2844 3093 2898 zelus
3121 2849 3168 2898 et
3193 2843 3468 2912 contentio,

1863 2945 2032 2982 nonne
2051 2929 2292 2983 car-nales
2321 2929 2441 2983 estis
2473 2930 2530 3000 (Ι
2549 2930 2676 2985 Cor.
2711 2947 2796 2996 m,
2823 2930 2879 3002 3)
2905 2930 2934 2986 i'
2962 2930 3190 3001 etpaulo
3207 2939 3328 3002 post
3345 2932 3470 2988 sub-

1857 3016 2007 3088 jicit,
2035 3015 2224 3073 dicens
2249 3033 2260 3072 :
2297 3017 2482 3074 Nonne
2508 3017 2740 3072 homines
2767 3017 2888 3072 estis
2905 3020 2934 3074 ?
2962 3030 3358 3090 nonnunquam
3381 3026 3472 3075 ta-

1864 3121 1991 3162 men
2029 3105 2286 3162 homines
2312 3104 2450 3162 dicit
2481 3121 2574 3162 eos
2603 3123 2740 3179 quos
2769 3121 2801 3161 a
2837 3104 3030 3163 bestiis
3059 3107 3080 3141 ³
3099 3105 3240 3162 ratio
3269 3105 3469 3163 distin-

130 3173 350 3269 habuit,
383 3174 478 3230 sed
508 3192 673 3249 quam
703 3178 959 3269 conditus
989 3188 1050 3237 ut
1088 3181 1313 3240 haberet
1343 3185 1574 3257 accepit,
1606 3192 1662 3241 et
1690 3186 1749 3242 in
1789 3171 1832 3233 (ἶ
1863 3195 2003 3268 guit,
2041 3193 2098 3251 id
2117 3203 2198 3252 est
2223 3213 2363 3269 quos
2392 3213 2504 3252 non
2529 3171 2690 3252 atteri
2719 3195 2943 3252 bestiali
2972 3195 3292 3268 passionum
3313 3204 3468 3253 motu

128 3280 233 3338 qua
260 3264 451 3336 lapsus
475 3279 819 3335 perseverare
849 3268 1048 3325 noluit.
1098 3271 1256 3327 Illam
1295 3281 1424 3345 ergo
1474 3271 1750 3345 justitiam

129 3353 321 3411 reddet
350 3356 498 3410 Deus
525 3353 763 3425 homini,
791 3355 859 3413 ad
888 3375 1051 3432 quam
1068 3360 1325 3418 conditus
1345 3361 1475 3430 fuit,
1499 3363 1750 3420 utinhzn-

125 3459 247 3500 rere
275 3445 395 3500 Deo
423 3443 610 3513 libeat,
636 3451 700 3500 ut
729 3445 998 3503 minacem
1029 3447 1148 3520 ejus
1194 3453 1526 3509 sententiam
1572 3454 1754 3526 perti-

133 3542 359 3602 mescat,
392 3539 454 3588 ut
481 3533 752 3606 serpentis
781 3535 968 3593 callidi
996 3536 1216 3597 blandis
1253 3539 1368 3613 jam
1417 3542 1753 3615 promissio-

133 3621 300 3678 nibus
332 3637 448 3678 non
479 3621 686 3680 credat.

204 3729 292 3784 14.
329 3728 576 3796 Quotidie
602 3729 844 3788 diabolus
873 3731 1028 3787 verba
1053 3733 1153 3788 Dei
1199 3733 1261 3788 de
1301 3735 1547 3790 cordibus
1589 3735 1753 3792 homi-

132 3837 257 3875 num
286 3825 516 3875 conatur
541 3821 777 3878 euellere.
807 3853 878 3864 —
905 3821 1060 3890 Quod
1087 3823 1238 3880 enim
1267 3825 1327 3881 in
1357 3826 1614 3898 paradiso
1643 3828 1755 3901 egit

136 3909 349 3979 (Genes.
383 3924 468 3976 III,
499 3908 582 3981 5),
602 3908 707 3966 hoc
723 3910 967 3984 quotidie
987 3913 1249 3985 antiquus
1269 3911 1444 3971 hostis
1459 3932 1617 3988 agere
1642 3933 1755 3972 non

135 3997 372 4054 desistit.
397 3997 580 4054 Verba
610 3999 810 4072 quippe
830 3999 927 4056 Dei
947 4000 1014 4056 de
1040 4000 1301 4058 cordibus
1329 4001 1622 4060 hominum
1641 4021 1754 4060 mo-

136 4086 270 4144 litur
296 4086 557 4156 evellere,
607 4095 769 4162 atque
813 4090 870 4145 in
911 4090 990 4145 eis
1036 4091 1165 4148 ﬁcta
1213 4092 1599 4164 promissionis
1643 4111 1754 4150 sua:

133 4177 518 4234 blandimenta
548 4178 791 4236 radicare
816 4199 828 4247 ;
859 4181 1106 4254 quotidie
1136 4183 1194 4238 id
1223 4184 1370 4257 quod
1399 4186 1544 4240 Deus
1575 4185 1756 4240 mina-

134 4278 224 4326 tur
258 4268 494 4341 levigat,
523 4277 579 4326 et
607 4269 676 4326 ad
705 4270 811 4328 hoc
840 4272 1175 4329 credendum
1215 4275 1364 4348 quod
1391 4274 1592 4331 falsum
1618 4290 1758 4348 pro-

135 4359 318 4416 mittit
347 4359 570 4415 invitat.
605 4361 764 4417 Falso
793 4361 942 4418 enim
978 4363 1271 4435 pollicetur
1304 4365 1651 4437 temporalia,
1696 4373 1758 4421 ut

138 4447 425 4505 mentibus
467 4446 761 4505 hominum
797 4465 858 4506 ea
903 4439 1176 4523 supplicia
1217 4451 1417 4525 leviget
1461 4471 1580 4527 quae
1611 4456 1757 4512 Deus

1861 3285 2221 3342 demonstrat.
2265 3285 2478 3354 Quibus
2501 3301 2599 3358 per
2629 3285 2956 3359 prophetam
2985 3284 3257 3342 Dominus
3288 3285 3425 3343 dicit
3453 3305 3464 3343 :

1871 3378 1968 3436 Vos
1998 3384 2173 3434 autem
2203 3395 2378 3450 greges
2409 3395 2622 3450 pascua:
2663 3395 2788 3433 mete
2821 3375 3054 3432 homines
3097 3375 3219 3430 estis
3248 3378 3465 3446 (Ezech.

1863 3484 2058 3536 xxxrv,
2086 3467 2202 3538 3i),
2220 3467 2350 3541 quia
2379 3467 2504 3524 illos
2531 3467 2800 3524 nimirum
2823 3465 3096 3524 Dominus
3117 3465 3311 3539 pascit,
3331 3484 3470 3540 quos

1863 3558 2119 3630 voluptas
2163 3558 2345 3614 carnis
2384 3556 2769 3628 jumentorum
2816 3573 2968 3614 more
3015 3573 3127 3613 non
3165 3556 3358 3614 allicit.
3395 3561 3467 3613 At

1861 3652 2057 3704 contra
2079 3645 2138 3701 hi
2159 3646 2254 3720 qui
2275 3647 2484 3704 carnali
2505 3645 2785 3704 ail‘ectioni
2812 3644 3204 3713 succumbunt,
3225 3661 3340 3701 non
3353 3644 3467 3716 jam

1863 3734 2140 3805 homines,
2166 3734 2260 3792 sed
2284 3733 2537 3807 jumenta
2555 3735 2939 3804 nominantur,
2979 3734 3126 3791 sicut
3147 3732 3213 3790 de
3243 3733 3471 3807 quibus-

1864 3822 1990 3880 dam
2021 3823 2078 3879 in
2110 3831 2332 3896 peccato
2353 3842 2454 3880 suo
2483 3823 2848 3880 morientibus
2889 3840 2985 3896 per
3014 3822 3342 3895 prophetam
3385 3821 3470 3878 di-

1863 3915 2044 3972 citur:
2083 3915 2534 3986 Computruerunt
2569 3912 2813 3981 jumenta
2843 3913 2897 3967 in
2925 3919 3150 3968 stercore
3182 3929 3276 3966 suo
3309 3911 3468 3982 (Joel.

1866 4023 1907 4075 I,
1947 4007 2060 4077 17).
2109 4006 2366 4062 Iumenta
2407 4006 2613 4078 quippe
2653 4005 2710 4060 in
2754 4014 2995 4060 stercore
3027 4019 3128 4058 suo
3157 4009 3469 4074 computre-

1865 4113 2018 4153 scere
2049 4103 2129 4150 est
2163 4096 2407 4152 carnales
2452 4094 2708 4150 homines
2742 4093 2798 4148 in
2829 4091 3000 4148 fetore
3030 4091 3268 4148 luxuriae
3293 4093 3470 4148 vitam

1867 4186 2046 4241 ﬁnire.
2095 4186 2214 4241 Non
2257 4185 2404 4240 enim
2436 4201 2552 4241 esse
2580 4183 2854 4250 homines,
2886 4181 2980 4239 sed
2999 4181 3256 4254 jumenta
3279 4180 3474 4238 decla-

1865 4281 2080 4344 rantur,
2105 4273 2172 4330 de
2189 4273 2390 4347 quibus
2420 4291 2516 4347 per
2531 4271 2854 4346 prophetam
2883 4272 3092 4329 dicitur
3117 4289 3127 4327 :
3169 4272 3474 4343 Unusquis-

1865 4381 1965 4435 que
1979 4365 2051 4420 ad
2069 4381 2287 4419 tererem
2309 4363 2553 4435 proximi
2571 4362 2657 4419 sui
2671 4362 2938 4418 hinniebat
2967 4362 3181 4434 (Jerem.
3206 4379 3265 4431 v,
3295 4362 3379 4434 8).
3404 4362 3475 4417 Et

1866 4451 1935 4509 de
1969 4452 2170 4526 quibus
2192 4452 2458 4526 propheta
2471 4452 2614 4508 alius
2629 4450 2802 4508 dicit:
2831 4452 2851 4486 ‘
2879 4451 2945 4507 Ut
2959 4468 3146 4507 carnes
3161 4449 3476 4515 asinorum,

135 4538 386 4593 minatur
407 4543 633 4594 aeterna.
664 4539 801 4595 Nam
849 4556 975 4597 cum
1017 4542 1303 4613 praesentis
1350 4542 1478 4599 vitae
1527 4543 1758 4616 gloriam
1789 4537 1839 4598 D
1870 4558 2054 4597 carnes
2067 4559 2248 4598 eorum
2265 4545 2540 4614 ;etﬂurus
2559 4543 3020 4613 equorum,ﬂuxus
3039 4558 3219 4596 eorum
3253 4539 3472 4612 (Ezech.

135 4626 394 4700 spondet,
447 4627 582 4699 quid
618 4627 773 4684 aliud
820 4646 1008 4702 quam,
1061 4631 1298 4699 Gustate,
1347 4637 1395 4686 et
1435 4633 1582 4687 eritis
1628 4633 1766 4692 sicut
1871 4649 2038 4702 xxm,
2063 4633 2178 4704 20).
2207 4631 2362 4690 Unde
2391 4640 2444 4689 et
2470 4648 2564 4706 per
2595 4630 2773 4688 David
2805 4631 3048 4688 dicitur:
3083 4631 3252 4686 Homo
3283 4647 3399 4686 cum
3418 4630 3476 4684 in

138 4715 261 4772 dii?
293 4715 438 4790 [νει.
482 4714 660 4788 VIII.]
711 4717 793 4773 Ac
829 4717 876 4773 si
917 4726 1100 4790 aperte
1148 4718 1323 4776 dicat:
1377 4721 1759 4794 Temporalem

138 4802 646 4876 concupiscentiam
685 4807 914 4877 tangite,
945 4815 998 4862 et
1027 4804 1084 4860 in
1117 4805 1222 4864 hoc
1253 4808 1463 4866 mundo
1492 4811 1760 4868 sublimes

138 4901 416 4967 apparete.
447 4894 521 4949 Et
546 4910 673 4951 cum
697 4895 952 4952 timorem
975 4895 1182 4952 divinae
1199 4898 1487 4956 sententias
1502 4916 1760 4957 amovere

140 4992 394 5052 conatur,
433 4983 569 5056 quid
593 4983 746 5041 aliud
777 4985 1023 5060 loquitur
1059 5001 1225 5059 quam
1263 4986 1320 5044 id
1367 4988 1516 5061 quod
1563 4991 1760 5062 primis

142 5073 471 5130 hominibus
499 5073 678 5131 dixit:
712 5074 824 5131 Cur
834 5075 1085 5146 praecepit
1105 5074 1248 5130 vobis
1275 5076 1442 5143 Deus,
1470 5084 1529 5133 ut
1558 5096 1662 5133 non
1681 5097 1761 5134 co-

141 5163 416 5220 mederetis
444 5163 508 5217 de
535 5163 680 5218 omni
705 5163 846 5235 ligno
868 5163 1118 5235 paradisi
1149 5163 1358 5235 (Genes.
1391 5181 1477 5232 III,
1511 5166 1600 5240 1)?
1655 5165 1762 5223 Sed

143 5254 274 5328 quia
297 5252 498 5310 divino
525 5268 752 5310 munere
781 5251 1096 5326 redemptus
1127 5252 1294 5310 homo
1309 5253 1584 5326 justitiam
1619 5272 1763 5314 rece-

144 5343 246 5416 pit,
276 5359 447 5416 quam
475 5341 688 5399 dudum
730 5343 988 5401 conditus
1029 5343 1238 5414 amisit,
1287 5345 1656 5402 robustiorem
1706 5361 1763 5402 se

142 5432 252 5504 jam
275 5442 474 5492 contra
491 5433 872 5492 blandimenta
891 5434 1103 5493 callidae
1126 5434 1498 5508 persuasionis
1517 5445 1756 5505 exercet,

221 5633 236 5668 ¹
269 5633 466 5690 Baluz.
499 5640 558 5690 et
583 5631 768 5700 Colb.,
810 5633 1015 5688 locutus
1038 5639 1136 5691 est.

218 5706 240 5741 ²
271 5705 474 5774 Iidem,
503 5720 646 5776 swpe
673 5704 728 5776 in
757 5703 996 5776 excelsis.

217 5779 239 5812 ³
268 5777 520 5838 Colbert.
553 5774 610 5834 et
637 5775 848 5846 Baluz.,
877 5774 1087 5832 ratione
1111 5777 1409 5852 distinguit.

1873 4722 2069 4778 honore
2108 4729 2256 4792 esset,
2306 4740 2411 4777 non
2452 4721 2730 4788 intellexit,
2762 4725 3100 4793 comparatus
3128 4725 3204 4776 est
3221 4717 3476 4789 jumentis

1875 4811 2262 4885 insipientibus,
2309 4818 2356 4867 et
2403 4811 2592 4866 simil-is
2618 4809 2793 4882 factus
2821 4817 2894 4865 est
2917 4810 3026 4866 illis
3057 4808 3232 4882 (Psal.
3276 4823 3476 4870 XLVIII,

1879 4901 1992 4974 13).
2026 4902 2164 4960 Cum
2188 4918 2317 4974 ergo
2338 4908 2607 4958 vocentur
2627 4898 2882 4955 homines
2904 4897 2963 4954 hi
2993 4898 3088 4971 qui
3115 4895 3348 4968 justitiaa
3380 4911 3478 4948 ra-

1879 4990 2035 5046 tione
2064 4990 2284 5047 suﬂ'ulti
2317 4995 2466 5058 sunt,
2497 4997 2552 5046 et
2583 4987 2987 5044 irrationabilia
3007 4985 3264 5058 jumenta
3301 4981 3475 5037 nomi-

1877 5086 2080 5135 nentur
2117 5077 2176 5134 hi
2205 5079 2301 5150 qui
2337 5077 2544 5134 carnali
2573 5074 2930 5134 delectationi
2961 5071 3303 5140 deserviunt,
3330 5075 3478 5128 recte

1879 5167 1946 5224 de
1976 5167 2081 5225 hoc
2110 5168 2410 5239 pcenitente
2442 5166 2668 5224 dicitur:
2693 5163 2950 5235 Respiciet
2975 5159 3231 5227 homines,
3254 5165 3302 5216 et
3322 5159 3474 5216 dicet:

1877 5257 2112 5316 Peccavi.
2149 5255 2288 5331 [Vet.
2320 5256 2448 5331 IX.]
2506 5257 2587 5314 Ac
2612 5255 2659 5312 si
2691 5254 2942 5311 dicatur:
2974 5251 3303 5308 Sanctorum
3333 5249 3477 5306 viro-

1879 5362 2003 5402 rum
2034 5347 2288 5420 exempla
2315 5345 2609 5418 conspicit,
2645 5351 2810 5417 atque
2844 5357 3036 5398 eorum
3065 5337 3480 5412 comparatione

1879 5451 1936 5493 se
1980 5451 2233 5508 pensans,
2267 5436 2522 5507 iniquum
2551 5449 2609 5490 se
2635 5447 2752 5488 esse
2784 5429 3168 5505 deprehendit.
3198 5428 3305 5497 Qui
3329 5428 3479 5485 enim

1953 5637 1974 5672 ⁴
2005 5635 2236 5703 Turon.,
2266 5639 2325 5690 ut
2355 5631 2956 5702 carnesjumentorum;
2985 5633 3044 5690 in
3073 5628 3259 5697 Colb.,
3291 5626 3475 5688 Baluz.

1880 5714 1935 5764 et
1952 5707 2100 5777 aliis,
2129 5707 2425 5764 asinorum.
