  <div class='ocr_page' id='page_1' title='image "/cluster/home/n/w/nwhite01/storage/ocr_20150623/76/umn.31951002477369g/155.png"; bbox 0 0 3928 6378; ppageno 0'>
   <div class='ocr_carea' id='block_1_1' title="bbox 454 288 568 346">
    <p class='ocr_par' dir='ltr' id='par_1_1' title="bbox 454 288 568 346">
     <span class='ocr_line' id='line_1_1' title="bbox 454 288 568 346; baseline 0.018 -2"><span class='ocrx_word' id='word_1_1' title='bbox 454 288 568 346; x_wconf 77' lang='lat'>295</span> 
     </span>
    </p>
   </div>
   <div class='ocr_carea' id='block_1_2' title="bbox 1649 287 2534 348">
    <p class='ocr_par' dir='ltr' id='par_1_2' title="bbox 1649 287 2534 348">
     <span class='ocr_line' id='line_1_2' title="bbox 1649 287 2534 348; baseline 0.001 -3"><span class='ocrx_word' id='word_1_2' title='bbox 1649 287 1897 346; x_wconf 80' lang='lat' dir='ltr'>SANCTI</span> <span class='ocrx_word' id='word_1_3' title='bbox 1937 289 2272 347; x_wconf 84' lang='lat' dir='ltr'>GREGORII</span> <span class='ocrx_word' id='word_1_4' title='bbox 2310 289 2534 348; x_wconf 81' lang='lat' dir='ltr'>MAGNI</span> 
     </span>
    </p>
   </div>
   <div class='ocr_carea' id='block_1_3' title="bbox 3646 288 3771 345">
    <p class='ocr_par' dir='ltr' id='par_1_3' title="bbox 3646 288 3771 345">
     <span class='ocr_line' id='line_1_3' title="bbox 3646 288 3771 345; baseline 0 0"><span class='ocrx_word' id='word_1_5' title='bbox 3646 288 3771 345; x_wconf 77' lang='lat'>296</span> 
     </span>
    </p>
   </div>
   <div class='ocr_carea' id='block_1_4' title="bbox 457 413 3790 488">
    <p class='ocr_par' dir='ltr' id='par_1_4' title="bbox 457 413 3790 488">
     <span class='ocr_line' id='line_1_4' title="bbox 457 413 3790 488; baseline -0 -18"><span class='ocrx_word' id='word_1_6' title='bbox 457 413 774 486; x_wconf 86' lang='lat' dir='ltr'>plenissime</span> <span class='ocrx_word' id='word_1_7' title='bbox 799 413 1102 484; x_wconf 79' lang='lat' dir='ltr'>intelligere</span> <span class='ocrx_word' id='word_1_8' title='bbox 1133 416 1340 486; x_wconf 88' lang='lat' dir='ltr'>appetit</span> <span class='ocrx_word' id='word_1_9' title='bbox 1361 415 1540 488; x_wconf 84' lang='lat' dir='ltr'>qualis</span> <span class='ocrx_word' id='word_1_10' title='bbox 1567 423 1671 484; x_wconf 89' lang='lat' dir='ltr'>est,</span> <span class='ocrx_word' id='word_1_11' title='bbox 1707 415 1842 472; x_wconf 90' lang='lat' dir='ltr'>tales</span> <span class='ocrx_word' id='word_1_12' title='bbox 1894 415 2066 472; x_wconf 90' lang='lat' dir='ltr'>nimi-</span> <span class='ocrx_word' id='word_1_13' title='bbox 2091 418 2140 478; x_wconf 82' lang='lat' dir='ltr'><strong>A</strong></span> <span class='ocrx_word' id='word_1_14' title='bbox 2184 416 2385 478; x_wconf 84' lang='lat' dir='ltr'>Christi</span> <span class='ocrx_word' id='word_1_15' title='bbox 2413 416 2578 472; x_wconf 84' lang='lat' dir='ltr'>bonus</span> <span class='ocrx_word' id='word_1_16' title='bbox 2602 415 2736 472; x_wconf 86' lang='lat' dir='ltr'>odor</span> <span class='ocrx_word' id='word_1_17' title='bbox 2764 429 2949 470; x_wconf 82' lang='lat' dir='ltr'>sumus</span> <span class='ocrx_word' id='word_1_18' title='bbox 2975 416 3084 470; x_wconf 77' lang='lat' dir='ltr'>Deo</span> <span class='ocrx_word' id='word_1_19' title='bbox 3117 414 3204 486; x_wconf 89' lang='lat' dir='ltr'>(II</span> <span class='ocrx_word' id='word_1_20' title='bbox 3225 413 3356 470; x_wconf 86' lang='lat' dir='ltr'>Cor.</span> <span class='ocrx_word' id='word_1_21' title='bbox 3377 429 3442 482; x_wconf 87' lang='grc' dir='ltr'><strong>ιι,</strong></span> <span class='ocrx_word' id='word_1_22' title='bbox 3466 414 3790 486; x_wconf 76' lang='lat' dir='ltr'>t5)?Eleci</span> 
     </span>
    </p>
   </div>
   <div class='ocr_carea' id='block_1_5' title="bbox 457 499 2050 576">
    <p class='ocr_par' dir='ltr' id='par_1_5' title="bbox 457 499 2050 576">
     <span class='ocr_line' id='line_1_5' title="bbox 457 499 2050 576; baseline 0.001 -19"><span class='ocrx_word' id='word_1_23' title='bbox 457 517 579 557; x_wconf 89' lang='lat' dir='ltr'>rum</span> <span class='ocrx_word' id='word_1_24' title='bbox 627 499 788 556; x_wconf 81' lang='lat' dir='ltr'>debet</span> <span class='ocrx_word' id='word_1_25' title='bbox 829 501 1143 574; x_wconf 81' lang='lat' dir='ltr'>conspicere</span> <span class='ocrx_word' id='word_1_26' title='bbox 1189 505 1368 576; x_wconf 85' lang='lat' dir='ltr'>qualis</span> <span class='ocrx_word' id='word_1_27' title='bbox 1409 520 1523 560; x_wconf 90' lang='lat' dir='ltr'>non</span> <span class='ocrx_word' id='word_1_28' title='bbox 1564 513 1647 560; x_wconf 89' lang='lat' dir='ltr'>est</span> <span class='ocrx_word' id='word_1_29' title='bbox 1669 512 1732 560; x_wconf 90' lang='lat' dir='ltr'>ut</span> <span class='ocrx_word' id='word_1_30' title='bbox 1760 521 1830 560; x_wconf 85' lang='lat' dir='ltr'>ex</span> <span class='ocrx_word' id='word_1_31' title='bbox 1866 503 2050 559; x_wconf 87' lang='lat' dir='ltr'>bono—</span> 
     </span>
    </p>
   </div>
   <div class='ocr_carea' id='block_1_6' title="bbox 457 589 2054 666">
    <p class='ocr_par' dir='ltr' id='par_1_6' title="bbox 457 589 2054 666">
     <span class='ocr_line' id='line_1_6' title="bbox 457 589 2054 666; baseline 0.002 -21"><span class='ocrx_word' id='word_1_32' title='bbox 457 607 578 646; x_wconf 88' lang='lat' dir='ltr'>rum</span> <span class='ocrx_word' id='word_1_33' title='bbox 609 589 788 646; x_wconf 83' lang='lat' dir='ltr'>forma</span> <span class='ocrx_word' id='word_1_34' title='bbox 817 591 1096 660; x_wconf 74' lang='lat' dir='ltr'>metiatur,</span> <span class='ocrx_word' id='word_1_35' title='bbox 1145 601 1352 666; x_wconf 90' lang='lat' dir='ltr'>quanto</span> <span class='ocrx_word' id='word_1_36' title='bbox 1383 594 1496 666; x_wconf 85' lang='lat' dir='ltr'>ipse</span> <span class='ocrx_word' id='word_1_37' title='bbox 1525 593 1744 650; x_wconf 89' lang='lat' dir='ltr'>deserto</span> <span class='ocrx_word' id='word_1_38' title='bbox 1768 593 1916 649; x_wconf 93' lang='lat' dir='ltr'>bono</span> <span class='ocrx_word' id='word_1_39' title='bbox 1945 591 2054 648; x_wconf 92' lang='lat' dir='ltr'>de-</span> 
     </span>
    </p>
   </div>
   <div class='ocr_carea' id='block_1_7' title="bbox 459 679 2052 756">
    <p class='ocr_par' dir='ltr' id='par_1_7' title="bbox 459 679 2052 756">
     <span class='ocr_line' id='line_1_7' title="bbox 459 679 2052 756; baseline 0.003 -23"><span class='ocrx_word' id='word_1_40' title='bbox 459 679 650 734; x_wconf 79' lang='lat' dir='ltr'>formis</span> <span class='ocrx_word' id='word_1_41' title='bbox 697 687 796 734; x_wconf 90' lang='lat' dir='ltr'>est.</span> <span class='ocrx_word' id='word_1_42' title='bbox 837 681 922 734; x_wconf 79' lang='lat' dir='ltr'><strong>Ex</strong></span> <span class='ocrx_word' id='word_1_43' title='bbox 967 679 1054 734; x_wconf 90' lang='lat' dir='ltr'>his</span> <span class='ocrx_word' id='word_1_44' title='bbox 1085 681 1285 753; x_wconf 83' lang='lat' dir='ltr'>quippe</span> <span class='ocrx_word' id='word_1_45' title='bbox 1333 683 1536 756; x_wconf 85' lang='lat' dir='ltr'>quibus</span> <span class='ocrx_word' id='word_1_46' title='bbox 1562 681 1880 754; x_wconf 86' lang='lat' dir='ltr'>plenissime</span> <span class='ocrx_word' id='word_1_47' title='bbox 1907 681 2052 738; x_wconf 88' lang='lat' dir='ltr'>bona</span> 
     </span>
    </p>
   </div>
   <div class='ocr_carea' id='block_1_8' title="bbox 457 769 2053 846">
    <p class='ocr_par' dir='ltr' id='par_1_8' title="bbox 457 769 2053 846">
     <span class='ocr_line' id='line_1_8' title="bbox 457 769 2053 846; baseline 0.003 -23"><span class='ocrx_word' id='word_1_48' title='bbox 457 769 680 838; x_wconf 86' lang='lat' dir='ltr'>adsunt,</span> <span class='ocrx_word' id='word_1_49' title='bbox 713 769 998 841; x_wconf 80' lang='lat' dir='ltr'>perpendit</span> <span class='ocrx_word' id='word_1_50' title='bbox 1027 779 1194 839; x_wconf 91' lang='lat' dir='ltr'>recte,</span> <span class='ocrx_word' id='word_1_51' title='bbox 1220 788 1338 844; x_wconf 83' lang='lat' dir='ltr'>quae</span> <span class='ocrx_word' id='word_1_52' title='bbox 1361 773 1469 828; x_wconf 89' lang='lat' dir='ltr'>sibi</span> <span class='ocrx_word' id='word_1_53' title='bbox 1490 773 1678 829; x_wconf 90' lang='lat' dir='ltr'>minus</span> <span class='ocrx_word' id='word_1_54' title='bbox 1704 779 1856 842; x_wconf 90' lang='lat' dir='ltr'>sunt,</span> <span class='ocrx_word' id='word_1_55' title='bbox 1887 779 2053 846; x_wconf 88' lang='lat' dir='ltr'>atque</span> 
     </span>
    </p>
   </div>
   <div class='ocr_carea' id='block_1_9' title="bbox 461 857 2051 933">
    <p class='ocr_par' dir='ltr' id='par_1_9' title="bbox 461 857 2051 933">
     <span class='ocr_line' id='line_1_9' title="bbox 461 857 2051 933; baseline 0.003 -21"><span class='ocrx_word' id='word_1_56' title='bbox 461 860 516 913; x_wconf 91' lang='lat' dir='ltr'>in</span> <span class='ocrx_word' id='word_1_57' title='bbox 551 859 774 913; x_wconf 90' lang='lat' dir='ltr'>illorum</span> <span class='ocrx_word' id='word_1_58' title='bbox 797 857 1212 929; x_wconf 85' lang='lat' dir='ltr'>pulchritudine</span> <span class='ocrx_word' id='word_1_59' title='bbox 1241 861 1518 933; x_wconf 84' lang='lat' dir='ltr'>conspicit</span> <span class='ocrx_word' id='word_1_60' title='bbox 1544 861 1850 919; x_wconf 86' lang='lat' dir='ltr'>foeditatem</span> <span class='ocrx_word' id='word_1_61' title='bbox 1873 877 2051 930; x_wconf 91' lang='lat' dir='ltr'>suam,</span> 
     </span>
    </p>
   </div>
   <div class='ocr_carea' id='block_1_10' title="bbox 460 947 2055 1022">
    <p class='ocr_par' dir='ltr' id='par_1_10' title="bbox 460 947 2055 1022">
     <span class='ocr_line' id='line_1_10' title="bbox 460 947 2055 1022; baseline 0.003 -20"><span class='ocrx_word' id='word_1_62' title='bbox 460 964 624 1021; x_wconf 89' lang='lat' dir='ltr'>quam</span> <span class='ocrx_word' id='word_1_63' title='bbox 655 948 713 1002; x_wconf 92' lang='lat' dir='ltr'>in</span> <span class='ocrx_word' id='word_1_64' title='bbox 744 947 1037 1019; x_wconf 89' lang='lat' dir='ltr'>semetipso</span> <span class='ocrx_word' id='word_1_65' title='bbox 1066 957 1120 1005; x_wconf 92' lang='lat' dir='ltr'>et</span> <span class='ocrx_word' id='word_1_66' title='bbox 1148 956 1326 1021; x_wconf 83' lang='lat' dir='ltr'>potest</span> <span class='ocrx_word' id='word_1_67' title='bbox 1365 951 1599 1022; x_wconf 87' lang='lat' dir='ltr'>perpeti,</span> <span class='ocrx_word' id='word_1_68' title='bbox 1631 960 1686 1008; x_wconf 93' lang='lat' dir='ltr'>et</span> <span class='ocrx_word' id='word_1_69' title='bbox 1714 952 1917 1008; x_wconf 89' lang='lat' dir='ltr'>sentire</span> <span class='ocrx_word' id='word_1_70' title='bbox 1943 967 2055 1006; x_wconf 91' lang='lat' dir='ltr'>non</span> 
     </span>
    </p>
   </div>
   <div class='ocr_carea' id='block_1_11' title="bbox 463 1035 2058 1113">
    <p class='ocr_par' dir='ltr' id='par_1_11' title="bbox 463 1035 2058 1113">
     <span class='ocr_line' id='line_1_11' title="bbox 463 1035 2058 1113; baseline 0.003 -23"><span class='ocrx_word' id='word_1_71' title='bbox 463 1042 659 1108; x_wconf 85' lang='lat' dir='ltr'>potest.</span> <span class='ocrx_word' id='word_1_72' title='bbox 693 1035 897 1092; x_wconf 90' lang='lat' dir='ltr'>Lucem</span> <span class='ocrx_word' id='word_1_73' title='bbox 941 1051 1180 1110; x_wconf 89' lang='lat' dir='ltr'>namque</span> <span class='ocrx_word' id='word_1_74' title='bbox 1221 1038 1382 1095; x_wconf 87' lang='lat' dir='ltr'>debet</span> <span class='ocrx_word' id='word_1_75' title='bbox 1419 1040 1759 1112; x_wconf 89' lang='lat' dir='ltr'>conspicere,</span> <span class='ocrx_word' id='word_1_76' title='bbox 1810 1041 1906 1113; x_wconf 88' lang='lat' dir='ltr'>qui</span> <span class='ocrx_word' id='word_1_77' title='bbox 1935 1039 2058 1095; x_wconf 83' lang='lat' dir='ltr'>vult</span> 
     </span>
    </p>
   </div>
   <div class='ocr_carea' id='block_1_12' title="bbox 465 1123 2054 1203">
    <p class='ocr_par' dir='ltr' id='par_1_12' title="bbox 465 1123 2054 1203">
     <span class='ocr_line' id='line_1_12' title="bbox 465 1123 2054 1203; baseline 0.003 -24"><span class='ocrx_word' id='word_1_78' title='bbox 465 1125 532 1180; x_wconf 89' lang='lat' dir='ltr'>de</span> <span class='ocrx_word' id='word_1_79' title='bbox 559 1124 800 1180; x_wconf 87' lang='lat' dir='ltr'>tenebris</span> <span class='ocrx_word' id='word_1_80' title='bbox 821 1123 1094 1197; x_wconf 86' lang='lat' dir='ltr'>judicare,</span> <span class='ocrx_word' id='word_1_81' title='bbox 1121 1135 1186 1183; x_wconf 88' lang='lat' dir='ltr'>ut</span> <span class='ocrx_word' id='word_1_82' title='bbox 1217 1128 1276 1184; x_wconf 89' lang='lat' dir='ltr'>in</span> <span class='ocrx_word' id='word_1_83' title='bbox 1304 1129 1401 1185; x_wconf 92' lang='lat' dir='ltr'>illa</span> <span class='ocrx_word' id='word_1_84' title='bbox 1426 1129 1613 1186; x_wconf 83' lang='lat' dir='ltr'>videat</span> <span class='ocrx_word' id='word_1_85' title='bbox 1644 1129 1781 1203; x_wconf 91' lang='lat' dir='ltr'>quid</span> <span class='ocrx_word' id='word_1_86' title='bbox 1812 1128 1880 1184; x_wconf 88' lang='lat' dir='ltr'>de</span> <span class='ocrx_word' id='word_1_87' title='bbox 1907 1138 2054 1185; x_wconf 85' lang='lat' dir='ltr'>tene-</span> 
     </span>
    </p>
   </div>
   <div class='ocr_carea' id='block_1_13' title="bbox 465 1213 2058 1291">
    <p class='ocr_par' dir='ltr' id='par_1_13' title="bbox 465 1213 2058 1291">
     <span class='ocr_line' id='line_1_13' title="bbox 465 1213 2058 1291; baseline 0.001 -20"><span class='ocrx_word' id='word_1_88' title='bbox 465 1213 581 1271; x_wconf 87' lang='lat' dir='ltr'>bris</span> <span class='ocrx_word' id='word_1_89' title='bbox 608 1214 867 1284; x_wconf 62' lang='lat' dir='ltr'>aastimet,</span> <span class='ocrx_word' id='word_1_90' title='bbox 911 1232 1006 1287; x_wconf 89' lang='lat' dir='ltr'>per</span> <span class='ocrx_word' id='word_1_91' title='bbox 1027 1231 1162 1289; x_wconf 91' lang='lat' dir='ltr'>quas</span> <span class='ocrx_word' id='word_1_92' title='bbox 1195 1216 1381 1273; x_wconf 87' lang='lat' dir='ltr'>videre</span> <span class='ocrx_word' id='word_1_93' title='bbox 1407 1218 1764 1291; x_wconf 76' lang='lat' dir='ltr'>praepeditur.</span> <span class='ocrx_word' id='word_1_94' title='bbox 1795 1219 2058 1275; x_wconf 88' lang='lat' dir='ltr'>Peccator</span> 
     </span>
    </p>
   </div>
   <div class='ocr_carea' id='block_1_14' title="bbox 466 1302 2056 1381">
    <p class='ocr_par' dir='ltr' id='par_1_14' title="bbox 466 1302 2056 1381">
     <span class='ocr_line' id='line_1_14' title="bbox 466 1302 2056 1381; baseline 0.003 -23"><span class='ocrx_word' id='word_1_95' title='bbox 466 1317 704 1376; x_wconf 85' lang='lat' dir='ltr'>namque</span> <span class='ocrx_word' id='word_1_96' title='bbox 725 1302 772 1360; x_wconf 91' lang='lat' dir='ltr'>si</span> <span class='ocrx_word' id='word_1_97' title='bbox 795 1303 1078 1376; x_wconf 87' lang='lat' dir='ltr'>incognita</span> <span class='ocrx_word' id='word_1_98' title='bbox 1097 1303 1213 1361; x_wconf 86' lang='lat' dir='ltr'>vita</span> <span class='ocrx_word' id='word_1_99' title='bbox 1235 1303 1512 1377; x_wconf 91' lang='lat' dir='ltr'>justorum</span> <span class='ocrx_word' id='word_1_100' title='bbox 1543 1307 1898 1381; x_wconf 90' lang='lat' dir='ltr'>semetipsum</span> <span class='ocrx_word' id='word_1_101' title='bbox 1930 1323 2056 1364; x_wconf 86' lang='lat' dir='ltr'>con-</span> 
     </span>
    </p>
   </div>
   <div class='ocr_carea' id='block_1_15' title="bbox 465 1391 2060 1467">
    <p class='ocr_par' dir='ltr' id='par_1_15' title="bbox 465 1391 2060 1467">
     <span class='ocr_line' id='line_1_15' title="bbox 465 1391 2060 1467; baseline 0.003 -20"><span class='ocrx_word' id='word_1_102' title='bbox 465 1391 650 1462; x_wconf 87' lang='lat' dir='ltr'>spicit,</span> <span class='ocrx_word' id='word_1_103' title='bbox 679 1399 1019 1464; x_wconf 87' lang='lat' dir='ltr'>peccatorem</span> <span class='ocrx_word' id='word_1_104' title='bbox 1049 1408 1106 1449; x_wconf 90' lang='lat' dir='ltr'>se</span> <span class='ocrx_word' id='word_1_105' title='bbox 1135 1393 1449 1451; x_wconf 88' lang='lat' dir='ltr'>nullatenus</span> <span class='ocrx_word' id='word_1_106' title='bbox 1477 1393 1916 1467; x_wconf 90' lang='lat' dir='ltr'>comprehendit.</span> <span class='ocrx_word' id='word_1_107' title='bbox 1948 1395 2060 1452; x_wconf 85' lang='lat' dir='ltr'>Vi—</span> 
     </span>
    </p>
   </div>
   <div class='ocr_carea' id='block_1_16' title="bbox 465 1479 2058 1558">
    <p class='ocr_par' dir='ltr' id='par_1_16' title="bbox 465 1479 2058 1558">
     <span class='ocr_line' id='line_1_16' title="bbox 465 1479 2058 1558; baseline 0.002 -21"><span class='ocrx_word' id='word_1_108' title='bbox 465 1479 594 1538; x_wconf 89' lang='lat' dir='ltr'>dere</span> <span class='ocrx_word' id='word_1_109' title='bbox 613 1482 762 1538; x_wconf 90' lang='lat' dir='ltr'>enim</span> <span class='ocrx_word' id='word_1_110' title='bbox 777 1499 835 1539; x_wconf 90' lang='lat' dir='ltr'>se</span> <span class='ocrx_word' id='word_1_111' title='bbox 851 1499 962 1540; x_wconf 90' lang='lat' dir='ltr'>non</span> <span class='ocrx_word' id='word_1_112' title='bbox 979 1485 1605 1558; x_wconf 89' lang='lat' dir='ltr'>potest,quia,fulgorem</span> <span class='ocrx_word' id='word_1_113' title='bbox 1628 1487 1767 1543; x_wconf 89' lang='lat' dir='ltr'>lucis</span> <span class='ocrx_word' id='word_1_114' title='bbox 1783 1486 2058 1554; x_wconf 89' lang='lat' dir='ltr'>nesciens,</span> 
     </span>
    </p>
   </div>
   <div class='ocr_carea' id='block_1_17' title="bbox 465 1572 2059 1650">
    <p class='ocr_par' dir='ltr' id='par_1_17' title="bbox 465 1572 2059 1650">
     <span class='ocr_line' id='line_1_17' title="bbox 465 1572 2059 1650; baseline 0.002 -21"><span class='ocrx_word' id='word_1_115' title='bbox 465 1587 593 1629; x_wconf 91' lang='lat' dir='ltr'>cum</span> <span class='ocrx_word' id='word_1_116' title='bbox 609 1572 967 1644; x_wconf 87' lang='lat' dir='ltr'>semetipsum</span> <span class='ocrx_word' id='word_1_117' title='bbox 988 1574 1275 1646; x_wconf 89' lang='lat' dir='ltr'>conspicit,</span> <span class='ocrx_word' id='word_1_118' title='bbox 1299 1575 1433 1648; x_wconf 89' lang='lat' dir='ltr'>quid</span> <span class='ocrx_word' id='word_1_119' title='bbox 1451 1575 1603 1632; x_wconf 84' lang='lat' dir='ltr'>aliud</span> <span class='ocrx_word' id='word_1_120' title='bbox 1623 1592 1786 1650; x_wconf 91' lang='lat' dir='ltr'>quam</span> <span class='ocrx_word' id='word_1_121' title='bbox 1803 1575 2059 1632; x_wconf 81' lang='lat' dir='ltr'>tenebras</span> 
     </span>
    </p>
   </div>
   <div class='ocr_carea' id='block_1_18' title="bbox 464 1660 2062 1736">
    <p class='ocr_par' dir='ltr' id='par_1_18' title="bbox 464 1660 2062 1736">
     <span class='ocr_line' id='line_1_18' title="bbox 464 1660 2062 1736; baseline 0.003 -20"><span class='ocrx_word' id='word_1_122' title='bbox 464 1660 730 1716; x_wconf 83' lang='lat' dir='ltr'>attendit?</span> <span class='ocrx_word' id='word_1_123' title='bbox 741 1661 1020 1716; x_wconf 84' lang='lat' dir='ltr'>Justorum</span> <span class='ocrx_word' id='word_1_124' title='bbox 1039 1678 1166 1734; x_wconf 88' lang='lat' dir='ltr'>ergo</span> <span class='ocrx_word' id='word_1_125' title='bbox 1182 1662 1444 1721; x_wconf 89' lang='lat' dir='ltr'>debemus</span> <span class='ocrx_word' id='word_1_126' title='bbox 1463 1664 1633 1722; x_wconf 85' lang='lat' dir='ltr'>vitam</span> <span class='ocrx_word' id='word_1_127' title='bbox 1655 1665 2062 1736; x_wconf 89' lang='lat' dir='ltr'>conspicere,ut</span> 
     </span>
    </p>
   </div>
   <div class='ocr_carea' id='block_1_19' title="bbox 467 1746 2060 1819">
    <p class='ocr_par' dir='ltr' id='par_1_19' title="bbox 467 1746 2060 1819">
     <span class='ocr_line' id='line_1_19' title="bbox 467 1746 2060 1819; baseline 0.003 -15"><span class='ocrx_word' id='word_1_128' title='bbox 467 1746 755 1804; x_wconf 83' lang='lat' dir='ltr'>subtiliter</span> <span class='ocrx_word' id='word_1_129' title='bbox 768 1747 1242 1819; x_wconf 85' lang='lat' dir='ltr'>deprehendamus</span> <span class='ocrx_word' id='word_1_130' title='bbox 1261 1760 1526 1808; x_wconf 91' lang='lat' dir='ltr'>nostram.</span> <span class='ocrx_word' id='word_1_131' title='bbox 1548 1753 1777 1808; x_wconf 90' lang='lat' dir='ltr'>Illorum</span> <span class='ocrx_word' id='word_1_132' title='bbox 1798 1752 2060 1810; x_wconf 85' lang='lat' dir='ltr'>videlicet</span> 
     </span>
    </p>
   </div>
   <div class='ocr_carea' id='block_1_20' title="bbox 467 1834 2057 1913">
    <p class='ocr_par' dir='ltr' id='par_1_20' title="bbox 467 1834 2057 1913">
     <span class='ocr_line' id='line_1_20' title="bbox 467 1834 2057 1913; baseline 0.005 -23"><span class='ocrx_word' id='word_1_133' title='bbox 467 1834 697 1907; x_wconf 87' lang='lat' dir='ltr'>species,</span> <span class='ocrx_word' id='word_1_134' title='bbox 739 1835 893 1908; x_wconf 92' lang='lat' dir='ltr'>quasi</span> <span class='ocrx_word' id='word_1_135' title='bbox 939 1836 1188 1909; x_wconf 87' lang='lat' dir='ltr'>quaedam</span> <span class='ocrx_word' id='word_1_136' title='bbox 1230 1837 1409 1895; x_wconf 88' lang='lat' dir='ltr'>forma</span> <span class='ocrx_word' id='word_1_137' title='bbox 1447 1837 1608 1896; x_wconf 89' lang='lat' dir='ltr'>nobis</span> <span class='ocrx_word' id='word_1_138' title='bbox 1639 1838 1908 1897; x_wconf 88' lang='lat' dir='ltr'>imitanda</span> <span class='ocrx_word' id='word_1_139' title='bbox 1936 1857 2057 1913; x_wconf 88' lang='lat' dir='ltr'>pro-</span> 
     </span>
    </p>
   </div>
   <div class='ocr_carea' id='block_1_21' title="bbox 467 1923 712 1994">
    <p class='ocr_par' dir='ltr' id='par_1_21' title="bbox 467 1923 712 1994">
     <span class='ocr_line' id='line_1_21' title="bbox 467 1923 712 1994; baseline 0.004 -15"><span class='ocrx_word' id='word_1_140' title='bbox 467 1923 712 1994; x_wconf 89' lang='lat' dir='ltr'>ponitur.</span> 
     </span>
    </p>
   </div>
   <div class='ocr_carea' id='block_1_22' title="bbox 545 2061 2062 2137">
    <p class='ocr_par' dir='ltr' id='par_1_22' title="bbox 545 2061 2062 2137">
     <span class='ocr_line' id='line_1_22' title="bbox 545 2061 2062 2137; baseline 0 -17"><span class='ocrx_word' id='word_1_141' title='bbox 545 2061 956 2121; x_wconf 74' lang='grc' dir='ltr'>76716..Ῑιιδιὶ</span> <span class='ocrx_word' id='word_1_142' title='bbox 981 2063 1107 2120; x_wconf 89' lang='lat' dir='ltr'>libri</span> <span class='ocrx_word' id='word_1_143' title='bbox 1119 2070 1264 2132; x_wconf 87' lang='lat' dir='ltr'>sunt,</span> <span class='ocrx_word' id='word_1_144' title='bbox 1292 2083 1358 2120; x_wconf 69' lang='lat' dir='ltr'>ea:</span> <span class='ocrx_word' id='word_1_145' title='bbox 1385 2065 1575 2137; x_wconf 89' lang='lat' dir='ltr'>quibus</span> <span class='ocrx_word' id='word_1_146' title='bbox 1594 2063 2062 2136; x_wconf 76' lang='lat' dir='ltr'>judicabimur.—</span> 
     </span>
    </p>
   </div>
   <div class='ocr_carea' id='block_1_23' title="bbox 470 2153 2063 2223">
    <p class='ocr_par' dir='ltr' id='par_1_23' title="bbox 470 2153 2063 2223">
     <span class='ocr_line' id='line_1_23' title="bbox 470 2153 2063 2223; baseline -0.002 -10"><span class='ocrx_word' id='word_1_147' title='bbox 470 2155 484 2191; x_wconf 88' lang='grc'>¹</span> <span class='ocrx_word' id='word_1_148' title='bbox 511 2153 662 2214; x_wconf 84' lang='lat' dir='ltr'>Viva</span> <span class='ocrx_word' id='word_1_149' title='bbox 679 2154 845 2212; x_wconf 91' lang='lat' dir='ltr'>lectio</span> <span class='ocrx_word' id='word_1_150' title='bbox 865 2161 946 2210; x_wconf 88' lang='lat' dir='ltr'>est</span> <span class='ocrx_word' id='word_1_151' title='bbox 965 2153 1082 2210; x_wconf 85' lang='lat' dir='ltr'>vita</span> <span class='ocrx_word' id='word_1_152' title='bbox 1097 2153 1391 2223; x_wconf 90' lang='lat' dir='ltr'>bonorum;</span> <span class='ocrx_word' id='word_1_153' title='bbox 1417 2154 1563 2211; x_wconf 91' lang='lat' dir='ltr'>unde</span> <span class='ocrx_word' id='word_1_154' title='bbox 1583 2162 1636 2211; x_wconf 92' lang='lat' dir='ltr'>et</span> <span class='ocrx_word' id='word_1_155' title='bbox 1657 2171 1768 2210; x_wconf 91' lang='lat' dir='ltr'>non</span> <span class='ocrx_word' id='word_1_156' title='bbox 1781 2154 2063 2211; x_wconf 89' lang='lat' dir='ltr'>immerito</span> 
     </span>
    </p>
   </div>
   <div class='ocr_carea' id='block_1_24' title="bbox 470 2243 2065 2318">
    <p class='ocr_par' dir='ltr' id='par_1_24' title="bbox 470 2243 2065 2318">
     <span class='ocr_line' id='line_1_24' title="bbox 470 2243 2065 2318; baseline -0.002 -18"><span class='ocrx_word' id='word_1_157' title='bbox 470 2244 640 2300; x_wconf 89' lang='lat' dir='ltr'>iidem</span> <span class='ocrx_word' id='word_1_158' title='bbox 670 2243 809 2316; x_wconf 89' lang='lat' dir='ltr'>justi</span> <span class='ocrx_word' id='word_1_159' title='bbox 841 2245 898 2299; x_wconf 92' lang='lat' dir='ltr'>in</span> <span class='ocrx_word' id='word_1_160' title='bbox 929 2259 1084 2300; x_wconf 90' lang='lat' dir='ltr'>sacro</span> <span class='ocrx_word' id='word_1_161' title='bbox 1112 2243 1332 2318; x_wconf 92' lang='lat' dir='ltr'>eloquio</span> <span class='ocrx_word' id='word_1_162' title='bbox 1355 2243 1486 2300; x_wconf 89' lang='lat' dir='ltr'>libri</span> <span class='ocrx_word' id='word_1_163' title='bbox 1506 2245 1889 2312; x_wconf 85' lang='lat' dir='ltr'>nominantur,</span> <span class='ocrx_word' id='word_1_164' title='bbox 1920 2243 2065 2300; x_wconf 90' lang='lat' dir='ltr'>sicut</span> 
     </span>
    </p>
   </div>
   <div class='ocr_carea' id='block_1_25' title="bbox 469 2332 2064 2406">
    <p class='ocr_par' dir='ltr' id='par_1_25' title="bbox 469 2332 2064 2406">
     <span class='ocr_line' id='line_1_25' title="bbox 469 2332 2064 2406; baseline -0.003 -17"><span class='ocrx_word' id='word_1_165' title='bbox 469 2333 735 2406; x_wconf 90' lang='lat' dir='ltr'>scriptum</span> <span class='ocrx_word' id='word_1_166' title='bbox 755 2341 856 2389; x_wconf 88' lang='lat' dir='ltr'>est:</span> <span class='ocrx_word' id='word_1_167' title='bbox 874 2332 1024 2388; x_wconf 80' lang='lat' dir='ltr'>Libri</span> <span class='ocrx_word' id='word_1_168' title='bbox 1037 2333 1412 2405; x_wconf 84' lang='lat' dir='ltr'>apertisunt,et</span> <span class='ocrx_word' id='word_1_169' title='bbox 1429 2332 1570 2389; x_wconf 86' lang='lat' dir='ltr'>alius</span> <span class='ocrx_word' id='word_1_170' title='bbox 1589 2333 1719 2388; x_wconf 85' lang='lat' dir='ltr'>liber</span> <span class='ocrx_word' id='word_1_171' title='bbox 1737 2337 1954 2404; x_wconf 88' lang='lat' dir='ltr'>apertus</span> <span class='ocrx_word' id='word_1_172' title='bbox 1967 2337 2064 2397; x_wconf 86' lang='lat' dir='ltr'>est,</span> 
     </span>
    </p>
   </div>
   <div class='ocr_carea' id='block_1_26' title="bbox 472 2419 2067 2494">
    <p class='ocr_par' dir='ltr' id='par_1_26' title="bbox 472 2419 2067 2494">
     <span class='ocr_line' id='line_1_26' title="bbox 472 2419 2067 2494; baseline -0.001 -17"><span class='ocrx_word' id='word_1_173' title='bbox 472 2422 564 2494; x_wconf 91' lang='lat' dir='ltr'>qui</span> <span class='ocrx_word' id='word_1_174' title='bbox 597 2428 673 2477; x_wconf 85' lang='lat' dir='ltr'>est</span> <span class='ocrx_word' id='word_1_175' title='bbox 687 2422 826 2491; x_wconf 68' lang='lat' dir='ltr'>vitm,</span> <span class='ocrx_word' id='word_1_176' title='bbox 847 2429 896 2477; x_wconf 89' lang='lat' dir='ltr'>et</span> <span class='ocrx_word' id='word_1_177' title='bbox 904 2421 1137 2492; x_wconf 86' lang='lat' dir='ltr'>judicati</span> <span class='ocrx_word' id='word_1_178' title='bbox 1163 2429 1287 2478; x_wconf 89' lang='lat' dir='ltr'>sunt</span> <span class='ocrx_word' id='word_1_179' title='bbox 1311 2422 1510 2478; x_wconf 80' lang='lat' dir='ltr'>mortui</span> <span class='ocrx_word' id='word_1_180' title='bbox 1527 2439 1592 2478; x_wconf 75' lang='lat' dir='ltr'>ex</span> <span class='ocrx_word' id='word_1_181' title='bbox 1613 2421 1695 2477; x_wconf 84' lang='lat' dir='ltr'>his</span> <span class='ocrx_word' id='word_1_182' title='bbox 1718 2438 1834 2492; x_wconf 74' lang='lat' dir='ltr'>qua:</span> <span class='ocrx_word' id='word_1_183' title='bbox 1859 2419 2067 2491; x_wconf 85' lang='lat' dir='ltr'>scripta</span> 
     </span>
    </p>
   </div>
   <div class='ocr_carea' id='block_1_27' title="bbox 472 2509 2068 2584">
    <p class='ocr_par' dir='ltr' id='par_1_27' title="bbox 472 2509 2068 2584">
     <span class='ocr_line' id='line_1_27' title="bbox 472 2509 2068 2584; baseline -0.002 -18"><span class='ocrx_word' id='word_1_184' title='bbox 472 2517 627 2568; x_wconf 84' lang='lat' dir='ltr'>erant</span> <span class='ocrx_word' id='word_1_185' title='bbox 653 2511 709 2566; x_wconf 88' lang='lat' dir='ltr'>in</span> <span class='ocrx_word' id='word_1_186' title='bbox 740 2510 890 2568; x_wconf 79' lang='lat' dir='ltr'>libris</span> <span class='ocrx_word' id='word_1_187' title='bbox 921 2512 1109 2584; x_wconf 85' lang='lat' dir='ltr'>(Apoc.</span> <span class='ocrx_word' id='word_1_188' title='bbox 1141 2528 1240 2580; x_wconf 82' lang='lat' dir='ltr'>xx,</span> <span class='ocrx_word' id='word_1_189' title='bbox 1265 2512 1378 2584; x_wconf 79' lang='grc'><strong>12).</strong></span> <span class='ocrx_word' id='word_1_190' title='bbox 1397 2511 1560 2568; x_wconf 90' lang='lat' dir='ltr'>Liber</span> <span class='ocrx_word' id='word_1_191' title='bbox 1579 2526 1814 2584; x_wconf 86' lang='lat' dir='ltr'>namque</span> <span class='ocrx_word' id='word_1_192' title='bbox 1833 2509 1962 2566; x_wconf 70' lang='lat' dir='ltr'>vitae</span> <span class='ocrx_word' id='word_1_193' title='bbox 1985 2516 2068 2564; x_wconf 92' lang='lat' dir='ltr'>est</span> 
     </span>
    </p>
   </div>
   <div class='ocr_carea' id='block_1_28' title="bbox 476 2598 2065 2674">
    <p class='ocr_par' dir='ltr' id='par_1_28' title="bbox 476 2598 2065 2674">
     <span class='ocr_line' id='line_1_28' title="bbox 476 2598 2065 2674; baseline -0.003 -18"><span class='ocrx_word' id='word_1_194' title='bbox 476 2602 597 2674; x_wconf 90' lang='lat' dir='ltr'>ipsa</span> <span class='ocrx_word' id='word_1_195' title='bbox 614 2601 760 2656; x_wconf 85' lang='lat' dir='ltr'>visio</span> <span class='ocrx_word' id='word_1_196' title='bbox 788 2600 1133 2656; x_wconf 86' lang='lat' dir='ltr'>advenientis</span> <span class='ocrx_word' id='word_1_197' title='bbox 1149 2599 1372 2672; x_wconf 91' lang='lat' dir='ltr'>judicis.</span> <span class='ocrx_word' id='word_1_198' title='bbox 1406 2601 1468 2656; x_wconf 92' lang='lat' dir='ltr'>In</span> <span class='ocrx_word' id='word_1_199' title='bbox 1489 2617 1598 2673; x_wconf 94' lang='lat' dir='ltr'>quo</span> <span class='ocrx_word' id='word_1_200' title='bbox 1619 2599 1775 2673; x_wconf 91' lang='lat' dir='ltr'>quasi</span> <span class='ocrx_word' id='word_1_201' title='bbox 1796 2598 2065 2670; x_wconf 91' lang='lat' dir='ltr'>scriptum</span> 
     </span>
    </p>
   </div>
   <div class='ocr_carea' id='block_1_29' title="bbox 472 2688 2064 2764">
    <p class='ocr_par' dir='ltr' id='par_1_29' title="bbox 472 2688 2064 2764">
     <span class='ocr_line' id='line_1_29' title="bbox 472 2688 2064 2764; baseline -0.003 -18"><span class='ocrx_word' id='word_1_202' title='bbox 472 2698 555 2748; x_wconf 92' lang='lat' dir='ltr'>est</span> <span class='ocrx_word' id='word_1_203' title='bbox 575 2706 738 2747; x_wconf 90' lang='lat' dir='ltr'>omne</span> <span class='ocrx_word' id='word_1_204' title='bbox 758 2689 1098 2758; x_wconf 89' lang='lat' dir='ltr'>mandatum,</span> <span class='ocrx_word' id='word_1_205' title='bbox 1119 2691 1250 2764; x_wconf 87' lang='lat' dir='ltr'>quia</span> <span class='ocrx_word' id='word_1_206' title='bbox 1265 2689 1513 2764; x_wconf 91' lang='lat' dir='ltr'>quisquis</span> <span class='ocrx_word' id='word_1_207' title='bbox 1527 2706 1653 2746; x_wconf 90' lang='lat' dir='ltr'>eum</span> <span class='ocrx_word' id='word_1_208' title='bbox 1671 2688 1892 2757; x_wconf 88' lang='lat' dir='ltr'>viderit,</span> <span class='ocrx_word' id='word_1_209' title='bbox 1913 2704 2064 2754; x_wconf 85' lang='lat' dir='ltr'>mox,</span> 
     </span>
    </p>
   </div>
   <div class='ocr_carea' id='block_1_30' title="bbox 479 2777 2066 2853">
    <p class='ocr_par' dir='ltr' id='par_1_30' title="bbox 479 2777 2066 2853">
     <span class='ocr_line' id='line_1_30' title="bbox 479 2777 2066 2853; baseline -0.003 -16"><span class='ocrx_word' id='word_1_210' title='bbox 479 2789 619 2839; x_wconf 89' lang='lat' dir='ltr'>teste</span> <span class='ocrx_word' id='word_1_211' title='bbox 649 2780 1006 2850; x_wconf 87' lang='lat' dir='ltr'>conscientia,</span> <span class='ocrx_word' id='word_1_212' title='bbox 1027 2779 1297 2853; x_wconf 89' lang='lat' dir='ltr'>quidquid</span> <span class='ocrx_word' id='word_1_213' title='bbox 1318 2797 1429 2838; x_wconf 92' lang='lat' dir='ltr'>non</span> <span class='ocrx_word' id='word_1_214' title='bbox 1449 2780 1580 2837; x_wconf 91' lang='lat' dir='ltr'>fecit</span> <span class='ocrx_word' id='word_1_215' title='bbox 1601 2779 1880 2852; x_wconf 81' lang='lat' dir='ltr'>intelligit.</span> <span class='ocrx_word' id='word_1_216' title='bbox 1912 2777 2066 2834; x_wconf 87' lang='lat' dir='ltr'>Libri</span> 
     </span>
    </p>
   </div>
   <div class='ocr_carea' id='block_1_31' title="bbox 479 2867 2069 2945">
    <p class='ocr_par' dir='ltr' id='par_1_31' title="bbox 479 2867 2069 2945">
     <span class='ocr_line' id='line_1_31' title="bbox 479 2867 2069 2945; baseline -0.004 -17"><span class='ocrx_word' id='word_1_217' title='bbox 479 2873 648 2928; x_wconf 90' lang='lat' dir='ltr'>etiam</span> <span class='ocrx_word' id='word_1_218' title='bbox 692 2872 865 2945; x_wconf 89' lang='lat' dir='ltr'>aperti</span> <span class='ocrx_word' id='word_1_219' title='bbox 911 2871 1244 2939; x_wconf 86' lang='lat' dir='ltr'>referuntur,</span> <span class='ocrx_word' id='word_1_220' title='bbox 1293 2872 1424 2944; x_wconf 88' lang='lat' dir='ltr'>quia</span> <span class='ocrx_word' id='word_1_221' title='bbox 1458 2869 1736 2942; x_wconf 91' lang='lat' dir='ltr'>justorum</span> <span class='ocrx_word' id='word_1_222' title='bbox 1773 2877 1908 2926; x_wconf 89' lang='lat' dir='ltr'>tunc</span> <span class='ocrx_word' id='word_1_223' title='bbox 1949 2867 2069 2924; x_wconf 91' lang='lat' dir='ltr'>vita</span> 
     </span>
    </p>
   </div>
   <div class='ocr_carea' id='block_1_32' title="bbox 478 2956 2069 3033">
    <p class='ocr_par' dir='ltr' id='par_1_32' title="bbox 478 2956 2069 3033">
     <span class='ocr_line' id='line_1_32' title="bbox 478 2956 2069 3033; baseline -0.004 -16"><span class='ocrx_word' id='word_1_224' title='bbox 478 2961 835 3032; x_wconf 90' lang='lat' dir='ltr'>conspicitur,</span> <span class='ocrx_word' id='word_1_225' title='bbox 881 2959 938 3015; x_wconf 92' lang='lat' dir='ltr'>in</span> <span class='ocrx_word' id='word_1_226' title='bbox 969 2959 1168 3033; x_wconf 90' lang='lat' dir='ltr'>quibus</span> <span class='ocrx_word' id='word_1_227' title='bbox 1197 2958 1455 3016; x_wconf 88' lang='lat' dir='ltr'>mandata</span> <span class='ocrx_word' id='word_1_228' title='bbox 1481 2957 1724 3016; x_wconf 87' lang='lat' dir='ltr'>coelestia</span> <span class='ocrx_word' id='word_1_229' title='bbox 1755 2973 1918 3030; x_wconf 92' lang='lat' dir='ltr'>opere</span> <span class='ocrx_word' id='word_1_230' title='bbox 1947 2956 2069 3012; x_wconf 90' lang='lat' dir='ltr'>im—</span> 
     </span>
    </p>
   </div>
   <div class='ocr_carea' id='block_1_33' title="bbox 474 3045 2068 3123">
    <p class='ocr_par' dir='ltr' id='par_1_33' title="bbox 474 3045 2068 3123">
     <span class='ocr_line' id='line_1_33' title="bbox 474 3045 2068 3123; baseline -0.004 -17"><span class='ocrx_word' id='word_1_231' title='bbox 474 3065 658 3123; x_wconf 88' lang='lat' dir='ltr'>pressa</span> <span class='ocrx_word' id='word_1_232' title='bbox 699 3055 1021 3106; x_wconf 88' lang='lat' dir='ltr'>cernuntur.</span> <span class='ocrx_word' id='word_1_233' title='bbox 1071 3049 1144 3106; x_wconf 89' lang='lat' dir='ltr'>Et</span> <span class='ocrx_word' id='word_1_234' title='bbox 1183 3047 1417 3120; x_wconf 90' lang='lat' dir='ltr'>judicati</span> <span class='ocrx_word' id='word_1_235' title='bbox 1465 3055 1595 3104; x_wconf 90' lang='lat' dir='ltr'>sunt</span> <span class='ocrx_word' id='word_1_236' title='bbox 1633 3047 1837 3103; x_wconf 89' lang='lat' dir='ltr'>mortui</span> <span class='ocrx_word' id='word_1_237' title='bbox 1879 3063 1950 3102; x_wconf 82' lang='lat' dir='ltr'>ex</span> <span class='ocrx_word' id='word_1_238' title='bbox 1977 3045 2068 3101; x_wconf 90' lang='lat' dir='ltr'>his</span> 
     </span>
    </p>
   </div>
   <div class='ocr_carea' id='block_1_34' title="bbox 473 3134 2147 3220">
    <p class='ocr_par' dir='ltr' id='par_1_34' title="bbox 473 3134 2147 3220">
     <span class='ocr_line' id='line_1_34' title="bbox 473 3134 2147 3220; baseline -0.004 -23"><span class='ocrx_word' id='word_1_239' title='bbox 473 3157 594 3214; x_wconf 62' lang='lat' dir='ltr'>quas</span> <span class='ocrx_word' id='word_1_240' title='bbox 625 3140 828 3214; x_wconf 89' lang='lat' dir='ltr'>scripta</span> <span class='ocrx_word' id='word_1_241' title='bbox 855 3146 1012 3197; x_wconf 91' lang='lat' dir='ltr'>erant</span> <span class='ocrx_word' id='word_1_242' title='bbox 1039 3137 1098 3195; x_wconf 90' lang='lat' dir='ltr'>in</span> <span class='ocrx_word' id='word_1_243' title='bbox 1128 3138 1307 3208; x_wconf 88' lang='lat' dir='ltr'>libris,</span> <span class='ocrx_word' id='word_1_244' title='bbox 1333 3137 1465 3212; x_wconf 90' lang='lat' dir='ltr'>quia</span> <span class='ocrx_word' id='word_1_245' title='bbox 1492 3138 1550 3194; x_wconf 88' lang='lat' dir='ltr'>in</span> <span class='ocrx_word' id='word_1_246' title='bbox 1579 3144 1796 3195; x_wconf 87' lang='lat' dir='ltr'>ostensa</span> <span class='ocrx_word' id='word_1_247' title='bbox 1820 3135 1938 3193; x_wconf 89' lang='lat' dir='ltr'>vita</span> <span class='ocrx_word' id='word_1_248' title='bbox 1951 3134 2066 3208; x_wconf 90' lang='lat' dir='ltr'>jus-</span> <span class='ocrx_word' id='word_1_249' title='bbox 2103 3159 2147 3220; x_wconf 72' lang='grc' dir='ltr'>ο</span> 
     </span>
    </p>
   </div>
   <div class='ocr_carea' id='block_1_35' title="bbox 470 3225 2070 3301">
    <p class='ocr_par' dir='ltr' id='par_1_35' title="bbox 470 3225 2070 3301">
     <span class='ocr_line' id='line_1_35' title="bbox 470 3225 2070 3301; baseline -0.003 -17"><span class='ocrx_word' id='word_1_250' title='bbox 470 3236 677 3298; x_wconf 89' lang='lat' dir='ltr'>torum,</span> <span class='ocrx_word' id='word_1_251' title='bbox 707 3229 862 3301; x_wconf 88' lang='lat' dir='ltr'>quasi</span> <span class='ocrx_word' id='word_1_252' title='bbox 889 3228 947 3284; x_wconf 91' lang='lat' dir='ltr'>in</span> <span class='ocrx_word' id='word_1_253' title='bbox 973 3227 1308 3299; x_wconf 85' lang='lat' dir='ltr'>expansione</span> <span class='ocrx_word' id='word_1_254' title='bbox 1335 3227 1603 3284; x_wconf 89' lang='lat' dir='ltr'>librorum</span> <span class='ocrx_word' id='word_1_255' title='bbox 1644 3228 1835 3299; x_wconf 84' lang='lat' dir='ltr'>legunt</span> <span class='ocrx_word' id='word_1_256' title='bbox 1855 3225 2070 3283; x_wconf 91' lang='lat' dir='ltr'>bonum</span> 
     </span>
    </p>
   </div>
   <div class='ocr_carea' id='block_1_36' title="bbox 475 3317 2070 3392">
    <p class='ocr_par' dir='ltr' id='par_1_36' title="bbox 475 3317 2070 3392">
     <span class='ocr_line' id='line_1_36' title="bbox 475 3317 2070 3392; baseline -0.001 -17"><span class='ocrx_word' id='word_1_257' title='bbox 475 3319 622 3392; x_wconf 90' lang='lat' dir='ltr'>quod</span> <span class='ocrx_word' id='word_1_258' title='bbox 650 3334 807 3390; x_wconf 87' lang='lat' dir='ltr'>agere</span> <span class='ocrx_word' id='word_1_259' title='bbox 830 3318 934 3390; x_wconf 89' lang='lat' dir='ltr'>ipsi</span> <span class='ocrx_word' id='word_1_260' title='bbox 962 3317 1278 3385; x_wconf 90' lang='lat' dir='ltr'>noluerunt,</span> <span class='ocrx_word' id='word_1_261' title='bbox 1301 3325 1462 3391; x_wconf 90' lang='lat' dir='ltr'>atque</span> <span class='ocrx_word' id='word_1_262' title='bbox 1490 3333 1560 3373; x_wconf 86' lang='lat' dir='ltr'>ex</span> <span class='ocrx_word' id='word_1_263' title='bbox 1581 3334 1770 3374; x_wconf 90' lang='lat' dir='ltr'>eorum</span> <span class='ocrx_word' id='word_1_264' title='bbox 1802 3317 1898 3390; x_wconf 90' lang='lat' dir='ltr'>qui</span> <span class='ocrx_word' id='word_1_265' title='bbox 1929 3317 2070 3373; x_wconf 74' lang='lat' dir='ltr'>fece~</span> 
     </span>
    </p>
   </div>
   <div class='ocr_carea' id='block_1_37' title="bbox 484 3401 2073 3477">
    <p class='ocr_par' dir='ltr' id='par_1_37' title="bbox 484 3401 2073 3477">
     <span class='ocr_line' id='line_1_37' title="bbox 484 3401 2073 3477; baseline -0.003 -16"><span class='ocrx_word' id='word_1_266' title='bbox 484 3413 615 3461; x_wconf 89' lang='lat' dir='ltr'>runt</span> <span class='ocrx_word' id='word_1_267' title='bbox 642 3405 1050 3477; x_wconf 88' lang='lat' dir='ltr'>comparatione</span> <span class='ocrx_word' id='word_1_268' title='bbox 1065 3403 1415 3460; x_wconf 87' lang='lat' dir='ltr'>damnantur.</span> <span class='ocrx_word' id='word_1_269' title='bbox 1443 3405 1521 3461; x_wconf 88' lang='lat' dir='ltr'>Ne</span> <span class='ocrx_word' id='word_1_270' title='bbox 1536 3420 1662 3477; x_wconf 88' lang='lat' dir='ltr'>ergo</span> <span class='ocrx_word' id='word_1_271' title='bbox 1692 3401 2073 3475; x_wconf 90' lang='lat' dir='ltr'>unusquisque</span> 
     </span>
    </p>
   </div>
   <div class='ocr_carea' id='block_1_38' title="bbox 480 3491 2072 3568">
    <p class='ocr_par' dir='ltr' id='par_1_38' title="bbox 480 3491 2072 3568">
     <span class='ocr_line' id='line_1_38' title="bbox 480 3491 2072 3568; baseline -0.003 -16"><span class='ocrx_word' id='word_1_272' title='bbox 480 3504 613 3552; x_wconf 91' lang='lat' dir='ltr'>tunc</span> <span class='ocrx_word' id='word_1_273' title='bbox 644 3495 839 3552; x_wconf 86' lang='lat' dir='ltr'>videns</span> <span class='ocrx_word' id='word_1_274' title='bbox 873 3512 964 3552; x_wconf 88' lang='lat' dir='ltr'>eos</span> <span class='ocrx_word' id='word_1_275' title='bbox 993 3494 1138 3568; x_wconf 89' lang='lat' dir='ltr'>quod</span> <span class='ocrx_word' id='word_1_276' title='bbox 1177 3511 1288 3552; x_wconf 92' lang='lat' dir='ltr'>non</span> <span class='ocrx_word' id='word_1_277' title='bbox 1319 3494 1450 3552; x_wconf 86' lang='lat' dir='ltr'>fecit</span> <span class='ocrx_word' id='word_1_278' title='bbox 1483 3494 1700 3562; x_wconf 86' lang='lat' dir='ltr'>deﬂeat,</span> <span class='ocrx_word' id='word_1_279' title='bbox 1730 3509 1878 3549; x_wconf 91' lang='lat' dir='ltr'>nunc</span> <span class='ocrx_word' id='word_1_280' title='bbox 1907 3491 1965 3548; x_wconf 91' lang='lat' dir='ltr'>in</span> <span class='ocrx_word' id='word_1_281' title='bbox 1993 3491 2072 3548; x_wconf 91' lang='lat' dir='ltr'>eis</span> 
     </span>
    </p>
   </div>
   <div class='ocr_carea' id='block_1_39' title="bbox 489 3581 2070 3660">
    <p class='ocr_par' dir='ltr' id='par_1_39' title="bbox 489 3581 2070 3660">
     <span class='ocr_line' id='line_1_39' title="bbox 489 3581 2070 3660; baseline -0.003 -17"><span class='ocrx_word' id='word_1_282' title='bbox 489 3585 639 3660; x_wconf 90' lang='lat' dir='ltr'>quod</span> <span class='ocrx_word' id='word_1_283' title='bbox 682 3585 932 3644; x_wconf 83' lang='lat' dir='ltr'>imitetur</span> <span class='ocrx_word' id='word_1_284' title='bbox 956 3583 1218 3642; x_wconf 87' lang='lat' dir='ltr'>attendat.</span> <span class='ocrx_word' id='word_1_285' title='bbox 1261 3583 1419 3652; x_wconf 90' lang='lat' dir='ltr'>Quod</span> <span class='ocrx_word' id='word_1_286' title='bbox 1447 3582 1667 3657; x_wconf 88' lang='lat' dir='ltr'>quidem</span> <span class='ocrx_word' id='word_1_287' title='bbox 1698 3581 1874 3640; x_wconf 88' lang='lat' dir='ltr'>facere</span> <span class='ocrx_word' id='word_1_288' title='bbox 1911 3581 2070 3638; x_wconf 90' lang='lat' dir='ltr'>electi</span> 
     </span>
    </p>
   </div>
   <div class='ocr_carea' id='block_1_40' title="bbox 486 3669 2072 3746">
    <p class='ocr_par' dir='ltr' id='par_1_40' title="bbox 486 3669 2072 3746">
     <span class='ocr_line' id='line_1_40' title="bbox 486 3669 2072 3746; baseline -0.003 -15"><span class='ocrx_word' id='word_1_289' title='bbox 486 3692 597 3732; x_wconf 92' lang='lat' dir='ltr'>non</span> <span class='ocrx_word' id='word_1_290' title='bbox 644 3682 881 3732; x_wconf 81' lang='lat' dir='ltr'>cessant.</span> <span class='ocrx_word' id='word_1_291' title='bbox 929 3675 951 3710; x_wconf 78' lang='grc'><em>³</em></span> <span class='ocrx_word' id='word_1_292' title='bbox 996 3673 1284 3732; x_wconf 90' lang='lat' dir='ltr'>Meliorum</span> <span class='ocrx_word' id='word_1_293' title='bbox 1331 3688 1569 3746; x_wconf 90' lang='lat' dir='ltr'>namque</span> <span class='ocrx_word' id='word_1_294' title='bbox 1609 3670 1781 3728; x_wconf 88' lang='lat' dir='ltr'>vitam</span> <span class='ocrx_word' id='word_1_295' title='bbox 1810 3669 2072 3728; x_wconf 84' lang='lat' dir='ltr'>conside-</span> 
     </span>
    </p>
   </div>
   <div class='ocr_carea' id='block_1_41' title="bbox 486 3761 1944 3832">
    <p class='ocr_par' dir='ltr' id='par_1_41' title="bbox 486 3761 1944 3832">
     <span class='ocr_line' id='line_1_41' title="bbox 486 3761 1944 3832; baseline -0.001 -15"><span class='ocrx_word' id='word_1_296' title='bbox 486 3772 630 3832; x_wconf 92' lang='lat' dir='ltr'>rant,</span> <span class='ocrx_word' id='word_1_297' title='bbox 661 3773 715 3820; x_wconf 92' lang='lat' dir='ltr'>et</span> <span class='ocrx_word' id='word_1_298' title='bbox 742 3763 1028 3821; x_wconf 88' lang='lat' dir='ltr'>deterioris</span> <span class='ocrx_word' id='word_1_299' title='bbox 1055 3779 1185 3820; x_wconf 90' lang='lat' dir='ltr'>usus</span> <span class='ocrx_word' id='word_1_300' title='bbox 1210 3761 1679 3820; x_wconf 86' lang='lat' dir='ltr'>conversationem</span> <span class='ocrx_word' id='word_1_301' title='bbox 1709 3766 1944 3816; x_wconf 89' lang='lat' dir='ltr'>mutant.</span> 
     </span>
    </p>
   </div>
   <div class='ocr_carea' id='block_1_42' title="bbox 543 3849 2071 3928">
    <p class='ocr_par' dir='ltr' id='par_1_42' title="bbox 543 3849 2071 3928">
     <span class='ocr_line' id='line_1_42' title="bbox 543 3849 2071 3928; baseline -0.006 -16"><span class='ocrx_word' id='word_1_302' title='bbox 543 3851 688 3928; x_wconf 87' lang='lat' dir='ltr'>[Vet.</span> <span class='ocrx_word' id='word_1_303' title='bbox 718 3851 814 3926; x_wconf 83' lang='grc' dir='ltr'>Χ.]</span> <span class='ocrx_word' id='word_1_304' title='bbox 866 3853 951 3909; x_wconf 92' lang='grc'><strong>17.</strong></span> <span class='ocrx_word' id='word_1_305' title='bbox 983 3853 1056 3922; x_wconf 80' lang='lat' dir='ltr'>Et</span> <span class='ocrx_word' id='word_1_306' title='bbox 1087 3850 1202 3908; x_wconf 82' lang='lat' dir='ltr'>tilia</span> <span class='ocrx_word' id='word_1_307' title='bbox 1231 3852 1368 3907; x_wconf 75' lang='lat' dir='ltr'>inter</span> <span class='ocrx_word' id='word_1_308' title='bbox 1394 3867 1512 3923; x_wconf 76' lang='lat' dir='ltr'>qua:</span> <span class='ocrx_word' id='word_1_309' title='bbox 1534 3867 1689 3922; x_wconf 75' lang='lat' dir='ltr'>pasci</span> <span class='ocrx_word' id='word_1_310' title='bbox 1710 3849 1967 3905; x_wconf 79' lang='lat' dir='ltr'>debemus.</span> <span class='ocrx_word' id='word_1_311' title='bbox 1999 3877 2071 3890; x_wconf 95' lang='lat'><strong>—</strong></span> 
     </span>
    </p>
   </div>
   <div class='ocr_carea' id='block_1_43' title="bbox 481 3936 2072 4015">
    <p class='ocr_par' dir='ltr' id='par_1_43' title="bbox 481 3936 2072 4015">
     <span class='ocr_line' id='line_1_43' title="bbox 481 3936 2072 4015; baseline -0.004 -16"><span class='ocrx_word' id='word_1_312' title='bbox 481 3941 636 3999; x_wconf 90' lang='lat' dir='ltr'>Unde</span> <span class='ocrx_word' id='word_1_313' title='bbox 662 3941 847 4015; x_wconf 89' lang='lat' dir='ltr'>sponsi</span> <span class='ocrx_word' id='word_1_314' title='bbox 878 3957 1012 4000; x_wconf 90' lang='lat' dir='ltr'>voce</span> <span class='ocrx_word' id='word_1_315' title='bbox 1039 3947 1239 3997; x_wconf 64' lang='lat' dir='ltr'>sancta:</span> <span class='ocrx_word' id='word_1_316' title='bbox 1255 3938 1513 3997; x_wconf 67' lang='lat' dir='ltr'>Ecclesiae</span> <span class='ocrx_word' id='word_1_317' title='bbox 1535 3937 1590 3994; x_wconf 92' lang='lat' dir='ltr'>in</span> <span class='ocrx_word' id='word_1_318' title='bbox 1613 3937 1856 3996; x_wconf 89' lang='lat' dir='ltr'>Canticis</span> <span class='ocrx_word' id='word_1_319' title='bbox 1883 3936 2072 3993; x_wconf 90' lang='lat' dir='ltr'>canti-</span> 
     </span>
    </p>
   </div>
   <div class='ocr_carea' id='block_1_44' title="bbox 483 4027 2069 4091">
    <p class='ocr_par' dir='ltr' id='par_1_44' title="bbox 483 4027 2069 4091">
     <span class='ocr_line' id='line_1_44' title="bbox 483 4027 2069 4091; baseline -0.005 0"><span class='ocrx_word' id='word_1_320' title='bbox 483 4049 674 4091; x_wconf 89' lang='lat' dir='ltr'>corum</span> <span class='ocrx_word' id='word_1_321' title='bbox 705 4031 941 4090; x_wconf 89' lang='lat' dir='ltr'>dicitur:</span> <span class='ocrx_word' id='word_1_322' title='bbox 973 4032 1093 4088; x_wconf 91' lang='lat' dir='ltr'>Duo</span> <span class='ocrx_word' id='word_1_323' title='bbox 1122 4031 1285 4087; x_wconf 85' lang='lat' dir='ltr'>ubera</span> <span class='ocrx_word' id='word_1_324' title='bbox 1319 4035 1411 4086; x_wconf 90' lang='lat' dir='ltr'>tua</span> <span class='ocrx_word' id='word_1_325' title='bbox 1438 4029 1572 4085; x_wconf 80' lang='lat' dir='ltr'>sicut</span> <span class='ocrx_word' id='word_1_326' title='bbox 1603 4029 1707 4084; x_wconf 88' lang='lat' dir='ltr'>duo</span> <span class='ocrx_word' id='word_1_327' title='bbox 1733 4027 1946 4084; x_wconf 84' lang='lat' dir='ltr'>hinnuli</span> <span class='ocrx_word' id='word_1_328' title='bbox 1985 4043 2069 4083; x_wconf 85' lang='lat' dir='ltr'>ca-</span> 
     </span>
    </p>
   </div>
   <div class='ocr_carea' id='block_1_45' title="bbox 473 4117 2066 4196">
    <p class='ocr_par' dir='ltr' id='par_1_45' title="bbox 473 4117 2066 4196">
     <span class='ocr_line' id='line_1_45' title="bbox 473 4117 2066 4196; baseline -0.004 -16"><span class='ocrx_word' id='word_1_329' title='bbox 473 4142 617 4196; x_wconf 72' lang='lat' dir='ltr'>prae</span> <span class='ocrx_word' id='word_1_330' title='bbox 627 4125 851 4196; x_wconf 83' lang='lat' dir='ltr'>gemelli,</span> <span class='ocrx_word' id='word_1_331' title='bbox 879 4123 973 4195; x_wconf 87' lang='lat' dir='ltr'>qui</span> <span class='ocrx_word' id='word_1_332' title='bbox 995 4129 1290 4196; x_wconf 84' lang='lat' dir='ltr'>pascuntur</span> <span class='ocrx_word' id='word_1_333' title='bbox 1304 4121 1359 4179; x_wconf 90' lang='lat' dir='ltr'>in</span> <span class='ocrx_word' id='word_1_334' title='bbox 1383 4121 1421 4179; x_wconf 90' lang='lat' dir='ltr'>li</span> <span class='ocrx_word' id='word_1_335' title='bbox 1427 4122 1536 4188; x_wconf 87' lang='lat' dir='ltr'>liis,</span> <span class='ocrx_word' id='word_1_336' title='bbox 1551 4121 1710 4177; x_wconf 84' lang='lat' dir='ltr'>donec</span> <span class='ocrx_word' id='word_1_337' title='bbox 1721 4119 1922 4193; x_wconf 77' lang='lat' dir='ltr'>aspiret</span> <span class='ocrx_word' id='word_1_338' title='bbox 1935 4117 2066 4188; x_wconf 88' lang='lat' dir='ltr'>dies,</span> 
     </span>
    </p>
   </div>
   <div class='ocr_carea' id='block_1_46' title="bbox 483 4211 2068 4284">
    <p class='ocr_par' dir='ltr' id='par_1_46' title="bbox 483 4211 2068 4284">
     <span class='ocr_line' id='line_1_46' title="bbox 483 4211 2068 4284; baseline -0.003 -15"><span class='ocrx_word' id='word_1_339' title='bbox 483 4221 530 4269; x_wconf 87' lang='lat' dir='ltr'>et</span> <span class='ocrx_word' id='word_1_340' title='bbox 565 4214 887 4270; x_wconf 78' lang='lat' dir='ltr'>inclinentur</span> <span class='ocrx_word' id='word_1_341' title='bbox 913 4214 1113 4269; x_wconf 70' lang='lat' dir='ltr'>umbra:</span> <span class='ocrx_word' id='word_1_342' title='bbox 1147 4213 1328 4284; x_wconf 83' lang='lat' dir='ltr'>(Cant.</span> <span class='ocrx_word' id='word_1_343' title='bbox 1361 4229 1440 4280; x_wconf 86' lang='lat' dir='ltr'>Iv,</span> <span class='ocrx_word' id='word_1_344' title='bbox 1470 4212 1552 4284; x_wconf 81' lang='grc'>5).</span> <span class='ocrx_word' id='word_1_345' title='bbox 1599 4211 1732 4280; x_wconf 66' lang='lat' dir='ltr'>Quae</span> <span class='ocrx_word' id='word_1_346' title='bbox 1760 4211 1910 4268; x_wconf 89' lang='lat' dir='ltr'>enim</span> <span class='ocrx_word' id='word_1_347' title='bbox 1937 4213 2068 4266; x_wconf 87' lang='lat' dir='ltr'>sunt</span> 
     </span>
    </p>
   </div>
   <div class='ocr_carea' id='block_1_47' title="bbox 473 4298 2068 4372">
    <p class='ocr_par' dir='ltr' id='par_1_47' title="bbox 473 4298 2068 4372">
     <span class='ocr_line' id='line_1_47' title="bbox 473 4298 2068 4372; baseline -0.005 -12"><span class='ocrx_word' id='word_1_348' title='bbox 473 4303 586 4360; x_wconf 90' lang='lat' dir='ltr'>duo</span> <span class='ocrx_word' id='word_1_349' title='bbox 603 4301 906 4368; x_wconf 90' lang='lat' dir='ltr'>ubera,nisi</span> <span class='ocrx_word' id='word_1_350' title='bbox 932 4317 1001 4356; x_wconf 85' lang='lat' dir='ltr'>ex</span> <span class='ocrx_word' id='word_1_351' title='bbox 1024 4300 1210 4357; x_wconf 61' lang='lat' dir='ltr'>Iudaea</span> <span class='ocrx_word' id='word_1_352' title='bbox 1237 4317 1300 4358; x_wconf 92' lang='lat' dir='ltr'>ac</span> <span class='ocrx_word' id='word_1_353' title='bbox 1327 4298 1629 4372; x_wconf 77' lang='lat' dir='ltr'>gentilitate</span> <span class='ocrx_word' id='word_1_354' title='bbox 1650 4299 1878 4355; x_wconf 88' lang='lat' dir='ltr'>veniens</span> <span class='ocrx_word' id='word_1_355' title='bbox 1905 4305 2068 4354; x_wconf 87' lang='lat' dir='ltr'>uter-</span> 
     </span>
    </p>
   </div>
   <div class='ocr_carea' id='block_1_48' title="bbox 481 4385 2068 4466">
    <p class='ocr_par' dir='ltr' id='par_1_48' title="bbox 481 4385 2068 4466">
     <span class='ocr_line' id='line_1_48' title="bbox 481 4385 2068 4466; baseline -0.005 -19"><span class='ocrx_word' id='word_1_356' title='bbox 481 4407 588 4466; x_wconf 89' lang='lat' dir='ltr'>que</span> <span class='ocrx_word' id='word_1_357' title='bbox 616 4391 873 4464; x_wconf 88' lang='lat' dir='ltr'>populus,</span> <span class='ocrx_word' id='word_1_358' title='bbox 903 4389 998 4462; x_wconf 90' lang='lat' dir='ltr'>qui</span> <span class='ocrx_word' id='word_1_359' title='bbox 1028 4389 1086 4444; x_wconf 90' lang='lat' dir='ltr'>in</span> <span class='ocrx_word' id='word_1_360' title='bbox 1112 4395 1311 4444; x_wconf 65' lang='lat' dir='ltr'>sanctae</span> <span class='ocrx_word' id='word_1_361' title='bbox 1339 4387 1598 4444; x_wconf 64' lang='lat' dir='ltr'>Ecclesiae</span> <span class='ocrx_word' id='word_1_362' title='bbox 1613 4403 1843 4459; x_wconf 89' lang='lat' dir='ltr'>corpore</span> <span class='ocrx_word' id='word_1_363' title='bbox 1873 4402 1969 4458; x_wconf 90' lang='lat' dir='ltr'>per</span> <span class='ocrx_word' id='word_1_364' title='bbox 1984 4385 2068 4440; x_wconf 90' lang='lat' dir='ltr'>in-</span> 
     </span>
    </p>
   </div>
   <div class='ocr_carea' id='block_1_49' title="bbox 475 4473 2066 4551">
    <p class='ocr_par' dir='ltr' id='par_1_49' title="bbox 475 4473 2066 4551">
     <span class='ocr_line' id='line_1_49' title="bbox 475 4473 2066 4551; baseline -0.005 -13"><span class='ocrx_word' id='word_1_365' title='bbox 475 4479 780 4538; x_wconf 88' lang='lat' dir='ltr'>tentionem</span> <span class='ocrx_word' id='word_1_366' title='bbox 819 4476 1100 4551; x_wconf 70' lang='lat' dir='ltr'>sapientiae</span> <span class='ocrx_word' id='word_1_367' title='bbox 1128 4492 1326 4533; x_wconf 90' lang='lat' dir='ltr'>arcano</span> <span class='ocrx_word' id='word_1_368' title='bbox 1362 4483 1444 4533; x_wconf 92' lang='lat' dir='ltr'>est</span> <span class='ocrx_word' id='word_1_369' title='bbox 1488 4475 1670 4533; x_wconf 89' lang='lat' dir='ltr'>cordis</span> <span class='ocrx_word' id='word_1_370' title='bbox 1701 4473 1952 4532; x_wconf 81' lang='lat' dir='ltr'>inﬁxus?</span> <span class='ocrx_word' id='word_1_371' title='bbox 1978 4475 2066 4532; x_wconf 83' lang='lat' dir='ltr'><strong>Ex</strong></span> 
     </span>
    </p>
   </div>
   <div class='ocr_carea' id='block_1_50' title="bbox 475 4562 2065 4644">
    <p class='ocr_par' dir='ltr' id='par_1_50' title="bbox 475 4562 2065 4644">
     <span class='ocr_line' id='line_1_50' title="bbox 475 4562 2065 4644; baseline -0.005 -18"><span class='ocrx_word' id='word_1_372' title='bbox 475 4586 587 4644; x_wconf 92' lang='lat' dir='ltr'>quo</span> <span class='ocrx_word' id='word_1_373' title='bbox 605 4569 810 4642; x_wconf 90' lang='lat' dir='ltr'>populo</span> <span class='ocrx_word' id='word_1_374' title='bbox 828 4567 888 4624; x_wconf 90' lang='lat' dir='ltr'>hi</span> <span class='ocrx_word' id='word_1_375' title='bbox 909 4566 1005 4641; x_wconf 88' lang='lat' dir='ltr'>qui</span> <span class='ocrx_word' id='word_1_376' title='bbox 1023 4566 1184 4622; x_wconf 88' lang='lat' dir='ltr'>electi</span> <span class='ocrx_word' id='word_1_377' title='bbox 1200 4571 1328 4622; x_wconf 90' lang='lat' dir='ltr'>sunt</span> <span class='ocrx_word' id='word_1_378' title='bbox 1355 4563 1564 4621; x_wconf 91' lang='lat' dir='ltr'>idcirco</span> <span class='ocrx_word' id='word_1_379' title='bbox 1583 4579 1788 4636; x_wconf 75' lang='lat' dir='ltr'>capreae</span> <span class='ocrx_word' id='word_1_380' title='bbox 1812 4562 2065 4620; x_wconf 92' lang='lat' dir='ltr'>hinnulis</span> 
     </span>
    </p>
   </div>
   <div class='ocr_carea' id='block_1_51' title="bbox 481 4652 2068 4730">
    <p class='ocr_par' dir='ltr' id='par_1_51' title="bbox 481 4652 2068 4730">
     <span class='ocr_line' id='line_1_51' title="bbox 481 4652 2068 4730; baseline -0.004 -14"><span class='ocrx_word' id='word_1_381' title='bbox 481 4663 892 4730; x_wconf 86' lang='lat' dir='ltr'>comparantur,</span> <span class='ocrx_word' id='word_1_382' title='bbox 931 4655 1060 4728; x_wconf 90' lang='lat' dir='ltr'>quia</span> <span class='ocrx_word' id='word_1_383' title='bbox 1085 4670 1182 4727; x_wconf 91' lang='lat' dir='ltr'>per</span> <span class='ocrx_word' id='word_1_384' title='bbox 1207 4652 1578 4710; x_wconf 88' lang='lat' dir='ltr'>humilitatem</span> <span class='ocrx_word' id='word_1_385' title='bbox 1609 4652 1832 4726; x_wconf 91' lang='lat' dir='ltr'>quidem</span> <span class='ocrx_word' id='word_1_386' title='bbox 1869 4668 2068 4726; x_wconf 84' lang='lat' dir='ltr'>parvos</span> 
     </span>
    </p>
   </div>
   <div class='ocr_carea' id='block_1_52' title="bbox 475 4742 2064 4821">
    <p class='ocr_par' dir='ltr' id='par_1_52' title="bbox 475 4742 2064 4821">
     <span class='ocr_line' id='line_1_52' title="bbox 475 4742 2064 4821; baseline -0.005 -15"><span class='ocrx_word' id='word_1_387' title='bbox 475 4765 592 4806; x_wconf 89' lang='lat' dir='ltr'>sese</span> <span class='ocrx_word' id='word_1_388' title='bbox 621 4765 684 4806; x_wconf 87' lang='lat' dir='ltr'>ac</span> <span class='ocrx_word' id='word_1_389' title='bbox 711 4751 1020 4821; x_wconf 88' lang='lat' dir='ltr'>peccatores</span> <span class='ocrx_word' id='word_1_390' title='bbox 1039 4744 1376 4816; x_wconf 90' lang='lat' dir='ltr'>intelligunt,</span> <span class='ocrx_word' id='word_1_391' title='bbox 1406 4743 1499 4800; x_wconf 92' lang='lat' dir='ltr'>sed</span> <span class='ocrx_word' id='word_1_392' title='bbox 1518 4743 1597 4799; x_wconf 89' lang='lat' dir='ltr'>eis</span> <span class='ocrx_word' id='word_1_393' title='bbox 1616 4759 1711 4816; x_wconf 90' lang='lat' dir='ltr'>per</span> <span class='ocrx_word' id='word_1_394' title='bbox 1739 4742 2064 4799; x_wconf 88' lang='lat' dir='ltr'>cbaritatem</span> 
     </span>
    </p>
   </div>
   <div class='ocr_carea' id='block_1_53' title="bbox 470 4831 2066 4908">
    <p class='ocr_par' dir='ltr' id='par_1_53' title="bbox 470 4831 2066 4908">
     <span class='ocr_line' id='line_1_53' title="bbox 470 4831 2066 4908; baseline -0.007 -10"><span class='ocrx_word' id='word_1_395' title='bbox 470 4837 849 4903; x_wconf 82' lang='lat' dir='ltr'>currentibus,</span> <span class='ocrx_word' id='word_1_396' title='bbox 868 4835 914 4892; x_wconf 92' lang='lat' dir='ltr'>si</span> <span class='ocrx_word' id='word_1_397' title='bbox 945 4851 1053 4908; x_wconf 91' lang='lat' dir='ltr'>qua</span> <span class='ocrx_word' id='word_1_398' title='bbox 1079 4834 1360 4891; x_wconf 89' lang='lat' dir='ltr'>obstacula</span> <span class='ocrx_word' id='word_1_399' title='bbox 1387 4832 1454 4889; x_wconf 91' lang='lat' dir='ltr'>de</span> <span class='ocrx_word' id='word_1_400' title='bbox 1483 4831 1880 4906; x_wconf 89' lang='lat' dir='ltr'>impedimento</span> <span class='ocrx_word' id='word_1_401' title='bbox 1915 4839 2066 4888; x_wconf 92' lang='lat' dir='ltr'>tem—</span> 
     </span>
    </p>
   </div>
   <div class='ocr_carea' id='block_1_54' title="bbox 474 4920 2066 5003">
    <p class='ocr_par' dir='ltr' id='par_1_54' title="bbox 474 4920 2066 5003">
     <span class='ocr_line' id='line_1_54' title="bbox 474 4920 2066 5003; baseline -0.007 -17"><span class='ocrx_word' id='word_1_402' title='bbox 474 4927 782 5003; x_wconf 88' lang='lat' dir='ltr'>poralitatis</span> <span class='ocrx_word' id='word_1_403' title='bbox 824 4923 1072 4994; x_wconf 87' lang='lat' dir='ltr'>obviant,</span> <span class='ocrx_word' id='word_1_404' title='bbox 1109 4929 1414 4992; x_wconf 90' lang='lat' dir='ltr'>transeunt,</span> <span class='ocrx_word' id='word_1_405' title='bbox 1456 4928 1510 4977; x_wconf 92' lang='lat' dir='ltr'>et</span> <span class='ocrx_word' id='word_1_406' title='bbox 1555 4920 1699 4977; x_wconf 88' lang='lat' dir='ltr'>datis</span> <span class='ocrx_word' id='word_1_407' title='bbox 1727 4920 2066 4992; x_wconf 85' lang='lat' dir='ltr'>contempla-</span> 
     </span>
    </p>
   </div>
   <div class='ocr_carea' id='block_1_55' title="bbox 473 5010 2067 5088">
    <p class='ocr_par' dir='ltr' id='par_1_55' title="bbox 473 5010 2067 5088">
     <span class='ocr_line' id='line_1_55' title="bbox 473 5010 2067 5088; baseline -0.006 -11"><span class='ocrx_word' id='word_1_408' title='bbox 473 5019 642 5076; x_wconf 82' lang='lat' dir='ltr'>tionis</span> <span class='ocrx_word' id='word_1_409' title='bbox 661 5016 912 5086; x_wconf 88' lang='lat' dir='ltr'>saltibus,</span> <span class='ocrx_word' id='word_1_410' title='bbox 944 5014 1013 5072; x_wconf 92' lang='lat' dir='ltr'>ad</span> <span class='ocrx_word' id='word_1_411' title='bbox 1039 5030 1275 5088; x_wconf 88' lang='lat' dir='ltr'>superna</span> <span class='ocrx_word' id='word_1_412' title='bbox 1293 5011 1688 5070; x_wconf 90' lang='lat' dir='ltr'>conscendunt.</span> <span class='ocrx_word' id='word_1_413' title='bbox 1721 5010 1827 5080; x_wconf 91' lang='lat' dir='ltr'>Qui</span> <span class='ocrx_word' id='word_1_414' title='bbox 1858 5019 1919 5068; x_wconf 91' lang='lat' dir='ltr'>ut</span> <span class='ocrx_word' id='word_1_415' title='bbox 1948 5011 2067 5067; x_wconf 87' lang='lat' dir='ltr'>haec</span> 
     </span>
    </p>
   </div>
   <div class='ocr_carea' id='block_1_56' title="bbox 471 5100 2062 5182">
    <p class='ocr_par' dir='ltr' id='par_1_56' title="bbox 471 5100 2062 5182">
     <span class='ocr_line' id='line_1_56' title="bbox 471 5100 2062 5182; baseline -0.006 -18"><span class='ocrx_word' id='word_1_416' title='bbox 471 5119 636 5182; x_wconf 89' lang='lat' dir='ltr'>agant</span> <span class='ocrx_word' id='word_1_417' title='bbox 649 5107 1073 5182; x_wconf 67' lang='lat' dir='ltr'>praecedentium</span> <span class='ocrx_word' id='word_1_418' title='bbox 1091 5111 1404 5160; x_wconf 86' lang='lat' dir='ltr'>sanctorum</span> <span class='ocrx_word' id='word_1_419' title='bbox 1415 5101 1666 5173; x_wconf 84' lang='lat' dir='ltr'>exempla</span> <span class='ocrx_word' id='word_1_420' title='bbox 1680 5100 2062 5172; x_wconf 89' lang='lat' dir='ltr'>conspiciunt.</span> 
     </span>
    </p>
   </div>
   <div class='ocr_carea' id='block_1_57' title="bbox 475 5187 2062 5267">
    <p class='ocr_par' dir='ltr' id='par_1_57' title="bbox 475 5187 2062 5267">
     <span class='ocr_line' id='line_1_57' title="bbox 475 5187 2062 5267; baseline -0.006 -15"><span class='ocrx_word' id='word_1_421' title='bbox 475 5195 631 5253; x_wconf 88' lang='lat' dir='ltr'>Unde</span> <span class='ocrx_word' id='word_1_422' title='bbox 659 5206 713 5254; x_wconf 88' lang='lat' dir='ltr'>et</span> <span class='ocrx_word' id='word_1_423' title='bbox 727 5198 785 5252; x_wconf 91' lang='lat' dir='ltr'>in</span> <span class='ocrx_word' id='word_1_424' title='bbox 802 5195 938 5252; x_wconf 88' lang='lat' dir='ltr'>liliis</span> <span class='ocrx_word' id='word_1_425' title='bbox 953 5193 1102 5267; x_wconf 91' lang='lat' dir='ltr'>pasci</span> <span class='ocrx_word' id='word_1_426' title='bbox 1127 5193 1457 5249; x_wconf 90' lang='lat' dir='ltr'>referuntur.</span> <span class='ocrx_word' id='word_1_427' title='bbox 1481 5188 1626 5258; x_wconf 87' lang='lat' dir='ltr'>Quid</span> <span class='ocrx_word' id='word_1_428' title='bbox 1643 5188 1789 5244; x_wconf 91' lang='lat' dir='ltr'>enim</span> <span class='ocrx_word' id='word_1_429' title='bbox 1808 5203 1904 5260; x_wconf 89' lang='lat' dir='ltr'>per</span> <span class='ocrx_word' id='word_1_430' title='bbox 1920 5187 2062 5255; x_wconf 91' lang='lat' dir='ltr'>lilia,</span> 
     </span>
    </p>
   </div>
   <div class='ocr_carea' id='block_1_58' title="bbox 476 5277 2060 5352">
    <p class='ocr_par' dir='ltr' id='par_1_58' title="bbox 476 5277 2060 5352">
     <span class='ocr_line' id='line_1_58' title="bbox 476 5277 2060 5352; baseline -0.004 -12"><span class='ocrx_word' id='word_1_431' title='bbox 476 5287 497 5319; x_wconf 80' lang='grc'><strong>³</strong></span> <span class='ocrx_word' id='word_1_432' title='bbox 522 5285 631 5341; x_wconf 89' lang='lat' dir='ltr'>nisi</span> <span class='ocrx_word' id='word_1_433' title='bbox 660 5285 882 5342; x_wconf 89' lang='lat' dir='ltr'>illorum</span> <span class='ocrx_word' id='word_1_434' title='bbox 911 5285 1027 5342; x_wconf 84' lang='lat' dir='ltr'>vita</span> <span class='ocrx_word' id='word_1_435' title='bbox 1045 5283 1371 5350; x_wconf 88' lang='lat' dir='ltr'>declaratur,</span> <span class='ocrx_word' id='word_1_436' title='bbox 1404 5278 1500 5352; x_wconf 91' lang='lat' dir='ltr'>qui</span> <span class='ocrx_word' id='word_1_437' title='bbox 1527 5279 1796 5336; x_wconf 88' lang='lat' dir='ltr'>veraciter</span> <span class='ocrx_word' id='word_1_438' title='bbox 1827 5277 2060 5336; x_wconf 90' lang='lat' dir='ltr'>dicunt:</span> 
     </span>
    </p>
   </div>
   <div class='ocr_carea' id='block_1_59' title="bbox 544 5469 2068 5546">
    <p class='ocr_par' dir='ltr' id='par_1_59' title="bbox 544 5469 2068 5546">
     <span class='ocr_line' id='line_1_59' title="bbox 544 5469 2068 5546; baseline -0.004 -14"><span class='ocrx_word' id='word_1_439' title='bbox 544 5478 558 5546; x_wconf 56' lang='grc' dir='ltr'>ξ</span> <span class='ocrx_word' id='word_1_440' title='bbox 603 5475 684 5532; x_wconf 90' lang='lat' dir='ltr'>Ita</span> <span class='ocrx_word' id='word_1_441' title='bbox 705 5475 914 5543; x_wconf 90' lang='lat' dir='ltr'>Baluz.,</span> <span class='ocrx_word' id='word_1_442' title='bbox 933 5475 1111 5542; x_wconf 87' lang='lat' dir='ltr'>Colb.,</span> <span class='ocrx_word' id='word_1_443' title='bbox 1142 5475 1329 5532; x_wconf 83' lang='lat' dir='ltr'>Norm.</span> <span class='ocrx_word' id='word_1_444' title='bbox 1348 5469 1422 5546; x_wconf 58' lang='lat' dir='ltr'>&#39;At</span> <span class='ocrx_word' id='word_1_445' title='bbox 1437 5472 1588 5529; x_wconf 89' lang='lat' dir='ltr'>Editi</span> <span class='ocrx_word' id='word_1_446' title='bbox 1609 5479 1730 5546; x_wconf 87' lang='lat' dir='ltr'>post</span> <span class='ocrx_word' id='word_1_447' title='bbox 1743 5471 2068 5546; x_wconf 79' lang='lat' dir='ltr'>proponitur</span> 
     </span>
    </p>
   </div>
   <div class='ocr_carea' id='block_1_60' title="bbox 469 5543 2069 5616">
    <p class='ocr_par' dir='ltr' id='par_1_60' title="bbox 469 5543 2069 5616">
     <span class='ocr_line' id='line_1_60' title="bbox 469 5543 2069 5616; baseline -0.003 -13"><span class='ocrx_word' id='word_1_448' title='bbox 469 5544 677 5604; x_wconf 87' lang='lat' dir='ltr'>habent</span> <span class='ocrx_word' id='word_1_449' title='bbox 690 5547 820 5616; x_wconf 87' lang='lat' dir='ltr'>quia</span> <span class='ocrx_word' id='word_1_450' title='bbox 842 5546 958 5600; x_wconf 82' lang='lat' dir='ltr'>viva</span> <span class='ocrx_word' id='word_1_451' title='bbox 973 5546 1120 5616; x_wconf 86' lang='lat' dir='ltr'>lectio</span> <span class='ocrx_word' id='word_1_452' title='bbox 1131 5553 1202 5600; x_wconf 86' lang='lat' dir='ltr'>est</span> <span class='ocrx_word' id='word_1_453' title='bbox 1220 5547 1328 5601; x_wconf 84' lang='lat' dir='ltr'>vita</span> <span class='ocrx_word' id='word_1_454' title='bbox 1349 5543 1628 5610; x_wconf 67' lang='lat' dir='ltr'>bonorum}</span> <span class='ocrx_word' id='word_1_455' title='bbox 1645 5543 1798 5598; x_wconf 75' lang='lat' dir='ltr'>unde.</span> <span class='ocrx_word' id='word_1_456' title='bbox 1823 5543 1928 5600; x_wconf 87' lang='lat' dir='ltr'>Sed</span> <span class='ocrx_word' id='word_1_457' title='bbox 1948 5544 2069 5598; x_wconf 88' lang='lat' dir='ltr'>obs-</span> 
     </span>
    </p>
   </div>
   <div class='ocr_carea' id='block_1_61' title="bbox 467 5615 2068 5686">
    <p class='ocr_par' dir='ltr' id='par_1_61' title="bbox 467 5615 2068 5686">
     <span class='ocr_line' id='line_1_61' title="bbox 467 5615 2068 5686; baseline -0.004 -10"><span class='ocrx_word' id='word_1_458' title='bbox 467 5618 657 5677; x_wconf 86' lang='lat' dir='ltr'>curior</span> <span class='ocrx_word' id='word_1_459' title='bbox 696 5615 760 5672; x_wconf 84' lang='lat' dir='ltr'>ﬁt</span> <span class='ocrx_word' id='word_1_460' title='bbox 811 5632 1002 5672; x_wconf 87' lang='lat' dir='ltr'>sensus</span> <span class='ocrx_word' id='word_1_461' title='bbox 1056 5615 1335 5672; x_wconf 87' lang='lat' dir='ltr'>additione</span> <span class='ocrx_word' id='word_1_462' title='bbox 1355 5617 1566 5672; x_wconf 66' lang='lat' dir='ltr'>voculae</span> <span class='ocrx_word' id='word_1_463' title='bbox 1596 5616 1744 5686; x_wconf 84' lang='lat' dir='ltr'>quia,</span> <span class='ocrx_word' id='word_1_464' title='bbox 1776 5622 1830 5686; x_wconf 84' lang='lat' dir='ltr'>et</span> <span class='ocrx_word' id='word_1_465' title='bbox 1859 5621 2068 5686; x_wconf 81' lang='lat' dir='ltr'>mutata</span> 
     </span>
    </p>
   </div>
   <div class='ocr_carea' id='block_1_62' title="bbox 465 5683 2070 5762">
    <p class='ocr_par' dir='ltr' id='par_1_62' title="bbox 465 5683 2070 5762">
     <span class='ocr_line' id='line_1_62' title="bbox 465 5683 2070 5762; baseline -0.002 -18"><span class='ocrx_word' id='word_1_466' title='bbox 465 5688 862 5762; x_wconf 84' lang='lat' dir='ltr'>punctuatione</span> <span class='ocrx_word' id='word_1_467' title='bbox 933 5687 1046 5742; x_wconf 86' lang='lat' dir='ltr'>Hac</span> <span class='ocrx_word' id='word_1_468' title='bbox 1059 5701 1192 5744; x_wconf 92' lang='lat' dir='ltr'>voce</span> <span class='ocrx_word' id='word_1_469' title='bbox 1215 5683 1742 5762; x_wconf 47' lang='lat' dir='ltr'>(pu_nctuatio),_licet</span> <span class='ocrx_word' id='word_1_470' title='bbox 1756 5703 1811 5762; x_wconf 75' lang='lat' dir='ltr'>in</span> <span class='ocrx_word' id='word_1_471' title='bbox 1816 5685 1940 5762; x_wconf 78' lang='lat' dir='ltr'>inus</span> <span class='ocrx_word' id='word_1_472' title='bbox 1959 5683 2070 5762; x_wconf 76' lang='lat' dir='ltr'>usi-</span> 
     </span>
    </p>
   </div>
   <div class='ocr_carea' id='block_1_63' title="bbox 466 5754 2068 5829">
    <p class='ocr_par' dir='ltr' id='par_1_63' title="bbox 466 5754 2068 5829">
     <span class='ocr_line' id='line_1_63' title="bbox 466 5754 2068 5829; baseline -0.002 -12"><span class='ocrx_word' id='word_1_473' title='bbox 466 5754 599 5829; x_wconf 74' lang='lat' dir='ltr'>tata,</span> <span class='ocrx_word' id='word_1_474' title='bbox 634 5767 732 5818; x_wconf 86' lang='lat' dir='ltr'>aut</span> <span class='ocrx_word' id='word_1_475' title='bbox 767 5759 932 5818; x_wconf 86' lang='lat' dir='ltr'>etiam</span> <span class='ocrx_word' id='word_1_476' title='bbox 964 5773 1150 5816; x_wconf 86' lang='lat' dir='ltr'>recens</span> <span class='ocrx_word' id='word_1_477' title='bbox 1186 5754 1441 5824; x_wconf 65' lang='lat' dir='ltr'>conflata,</span> <span class='ocrx_word' id='word_1_478' title='bbox 1470 5754 1738 5828; x_wconf 63' lang='lat' dir='ltr'>uti&#39;coget</span> <span class='ocrx_word' id='word_1_479' title='bbox 1764 5754 2068 5828; x_wconf 88' lang='lat' dir='ltr'>aliquando</span> 
     </span>
    </p>
   </div>
   <div class='ocr_carea' id='block_1_64' title="bbox 2159 500 3792 581">
    <p class='ocr_par' dir='ltr' id='par_1_64' title="bbox 2159 500 3792 581">
     <span class='ocr_line' id='line_1_64' title="bbox 2159 500 3792 581; baseline -0.002 -16"><span class='ocrx_word' id='word_1_480' title='bbox 2159 525 2290 581; x_wconf 88' lang='lat' dir='ltr'>ergo</span> <span class='ocrx_word' id='word_1_481' title='bbox 2299 515 2362 564; x_wconf 90' lang='lat' dir='ltr'>ut</span> <span class='ocrx_word' id='word_1_482' title='bbox 2373 504 2587 578; x_wconf 88' lang='lat' dir='ltr'>assequi</span> <span class='ocrx_word' id='word_1_483' title='bbox 2604 519 2818 562; x_wconf 91' lang='lat' dir='ltr'>summa</span> <span class='ocrx_word' id='word_1_484' title='bbox 2829 503 3484 576; x_wconf 70' lang='lat' dir='ltr'>prasvaleant,conspecta</span> <span class='ocrx_word' id='word_1_485' title='bbox 3495 500 3792 561; x_wconf 83' lang='lat' dir='ltr'>odorifera</span> 
     </span>
    </p>
   </div>
   <div class='ocr_carea' id='block_1_65' title="bbox 2159 590 3792 665">
    <p class='ocr_par' dir='ltr' id='par_1_65' title="bbox 2159 590 3792 665">
     <span class='ocr_line' id='line_1_65' title="bbox 2159 590 3792 665; baseline -0.004 -11"><span class='ocrx_word' id='word_1_486' title='bbox 2159 605 2216 654; x_wconf 92' lang='lat' dir='ltr'>et</span> <span class='ocrx_word' id='word_1_487' title='bbox 2235 593 2478 653; x_wconf 87' lang='lat' dir='ltr'>candida</span> <span class='ocrx_word' id='word_1_488' title='bbox 2500 593 2778 665; x_wconf 90' lang='lat' dir='ltr'>justorum</span> <span class='ocrx_word' id='word_1_489' title='bbox 2799 593 2934 660; x_wconf 86' lang='lat' dir='ltr'>vita,</span> <span class='ocrx_word' id='word_1_490' title='bbox 2965 591 3257 648; x_wconf 90' lang='lat' dir='ltr'>satiantur.</span> <span class='ocrx_word' id='word_1_491' title='bbox 3286 591 3410 647; x_wconf 84' lang='lat' dir='ltr'>Jam</span> <span class='ocrx_word' id='word_1_492' title='bbox 3441 590 3671 664; x_wconf 90' lang='lat' dir='ltr'>quidem</span> <span class='ocrx_word' id='word_1_493' title='bbox 3695 593 3792 648; x_wconf 84' lang='lat' dir='ltr'>vi-</span> 
     </span>
    </p>
   </div>
   <div class='ocr_carea' id='block_1_66' title="bbox 2161 679 3794 752">
    <p class='ocr_par' dir='ltr' id='par_1_66' title="bbox 2161 679 3794 752">
     <span class='ocr_line' id='line_1_66' title="bbox 2161 679 3794 752; baseline -0.004 -8"><span class='ocrx_word' id='word_1_494' title='bbox 2161 689 2288 744; x_wconf 91' lang='lat' dir='ltr'>dere</span> <span class='ocrx_word' id='word_1_495' title='bbox 2334 683 2634 740; x_wconf 90' lang='lat' dir='ltr'>Dominum</span> <span class='ocrx_word' id='word_1_496' title='bbox 2662 681 2883 748; x_wconf 88' lang='lat' dir='ltr'>sitiunt,</span> <span class='ocrx_word' id='word_1_497' title='bbox 2914 679 3030 752; x_wconf 90' lang='lat' dir='ltr'>jam</span> <span class='ocrx_word' id='word_1_498' title='bbox 3059 679 3126 736; x_wconf 92' lang='lat' dir='ltr'>de</span> <span class='ocrx_word' id='word_1_499' title='bbox 3154 679 3274 752; x_wconf 88' lang='lat' dir='ltr'>ejus</span> <span class='ocrx_word' id='word_1_500' title='bbox 3303 681 3794 752; x_wconf 87' lang='lat' dir='ltr'>contemplatione</span> 
     </span>
    </p>
   </div>
   <div class='ocr_carea' id='block_1_67' title="bbox 2162 769 3794 843">
    <p class='ocr_par' dir='ltr' id='par_1_67' title="bbox 2162 769 3794 843">
     <span class='ocr_line' id='line_1_67' title="bbox 2162 769 3794 843; baseline -0.004 -9"><span class='ocrx_word' id='word_1_501' title='bbox 2162 775 2350 834; x_wconf 88' lang='lat' dir='ltr'>satiari</span> <span class='ocrx_word' id='word_1_502' title='bbox 2381 772 2668 831; x_wconf 89' lang='lat' dir='ltr'>charitatis</span> <span class='ocrx_word' id='word_1_503' title='bbox 2697 770 2920 828; x_wconf 87' lang='lat' dir='ltr'>aestibus</span> <span class='ocrx_word' id='word_1_504' title='bbox 2961 769 3338 826; x_wconf 88' lang='lat' dir='ltr'>inardescunt.</span> <span class='ocrx_word' id='word_1_505' title='bbox 3387 769 3494 826; x_wconf 88' lang='lat' dir='ltr'>Sed</span> <span class='ocrx_word' id='word_1_506' title='bbox 3537 771 3673 843; x_wconf 85' lang='lat' dir='ltr'>quia</span> <span class='ocrx_word' id='word_1_507' title='bbox 3727 773 3794 828; x_wconf 89' lang='lat' dir='ltr'>in</span> 
     </span>
    </p>
   </div>
   <div class='ocr_carea' id='block_1_68' title="bbox 2163 859 3794 935">
    <p class='ocr_par' dir='ltr' id='par_1_68' title="bbox 2163 859 3794 935">
     <span class='ocr_line' id='line_1_68' title="bbox 2163 859 3794 935; baseline -0.003 -13"><span class='ocrx_word' id='word_1_508' title='bbox 2163 865 2268 922; x_wconf 88' lang='lat' dir='ltr'>hac</span> <span class='ocrx_word' id='word_1_509' title='bbox 2295 863 2411 920; x_wconf 91' lang='lat' dir='ltr'>vita</span> <span class='ocrx_word' id='word_1_510' title='bbox 2452 860 2618 935; x_wconf 88' lang='lat' dir='ltr'>positi</span> <span class='ocrx_word' id='word_1_511' title='bbox 2664 859 2902 916; x_wconf 89' lang='lat' dir='ltr'>necdum</span> <span class='ocrx_word' id='word_1_512' title='bbox 2948 859 3157 928; x_wconf 88' lang='lat' dir='ltr'>valent,</span> <span class='ocrx_word' id='word_1_513' title='bbox 3207 875 3306 931; x_wconf 91' lang='lat' dir='ltr'>per</span> <span class='ocrx_word' id='word_1_514' title='bbox 3350 859 3794 931; x_wconf 67' lang='lat' dir='ltr'>praecedentium</span> 
     </span>
    </p>
   </div>
   <div class='ocr_carea' id='block_1_69' title="bbox 2165 947 3799 1023">
    <p class='ocr_par' dir='ltr' id='par_1_69' title="bbox 2165 947 3799 1023">
     <span class='ocr_line' id='line_1_69' title="bbox 2165 947 3799 1023; baseline -0.002 -13"><span class='ocrx_word' id='word_1_515' title='bbox 2165 953 2388 1010; x_wconf 89' lang='lat' dir='ltr'>interim</span> <span class='ocrx_word' id='word_1_516' title='bbox 2417 952 2642 1007; x_wconf 90' lang='lat' dir='ltr'>Patrum</span> <span class='ocrx_word' id='word_1_517' title='bbox 2693 947 2948 1020; x_wconf 83' lang='lat' dir='ltr'>exempla</span> <span class='ocrx_word' id='word_1_518' title='bbox 2987 955 3307 1020; x_wconf 88' lang='lat' dir='ltr'>pascuntur.</span> <span class='ocrx_word' id='word_1_519' title='bbox 3354 947 3514 1005; x_wconf 87' lang='lat' dir='ltr'>Unde</span> <span class='ocrx_word' id='word_1_520' title='bbox 3556 957 3612 1006; x_wconf 92' lang='lat' dir='ltr'>et</span> <span class='ocrx_word' id='word_1_521' title='bbox 3660 958 3799 1023; x_wconf 87' lang='lat' dir='ltr'>apte</span> 
     </span>
    </p>
   </div>
   <div class='ocr_carea' id='block_1_70' title="bbox 2164 1036 3796 1113">
    <p class='ocr_par' dir='ltr' id='par_1_70' title="bbox 2164 1036 3796 1113">
     <span class='ocr_line' id='line_1_70' title="bbox 2164 1036 3796 1113; baseline -0.003 -14"><span class='ocrx_word' id='word_1_522' title='bbox 2164 1042 2283 1099; x_wconf 92' lang='lat' dir='ltr'>illic</span> <span class='ocrx_word' id='word_1_523' title='bbox 2326 1049 2541 1113; x_wconf 88' lang='lat' dir='ltr'>tempus</span> <span class='ocrx_word' id='word_1_524' title='bbox 2569 1039 2636 1095; x_wconf 92' lang='lat' dir='ltr'>de</span> <span class='ocrx_word' id='word_1_525' title='bbox 2667 1039 2786 1110; x_wconf 89' lang='lat' dir='ltr'>ipso</span> <span class='ocrx_word' id='word_1_526' title='bbox 2815 1039 3063 1093; x_wconf 90' lang='lat' dir='ltr'>liliorum</span> <span class='ocrx_word' id='word_1_527' title='bbox 3107 1044 3264 1109; x_wconf 91' lang='lat' dir='ltr'>pastu</span> <span class='ocrx_word' id='word_1_528' title='bbox 3311 1036 3598 1106; x_wconf 89' lang='lat' dir='ltr'>deﬁnitur,</span> <span class='ocrx_word' id='word_1_529' title='bbox 3649 1037 3796 1094; x_wconf 88' lang='lat' dir='ltr'>dum</span> 
     </span>
    </p>
   </div>
   <div class='ocr_carea' id='block_1_71' title="bbox 2164 1125 3799 1199">
    <p class='ocr_par' dir='ltr' id='par_1_71' title="bbox 2164 1125 3799 1199">
     <span class='ocr_line' id='line_1_71' title="bbox 2164 1125 3799 1199; baseline -0.003 -11"><span class='ocrx_word' id='word_1_530' title='bbox 2164 1129 2403 1188; x_wconf 79' lang='lat' dir='ltr'>dicitur:</span> <span class='ocrx_word' id='word_1_531' title='bbox 2437 1131 2612 1186; x_wconf 89' lang='lat' dir='ltr'>Donec</span> <span class='ocrx_word' id='word_1_532' title='bbox 2629 1127 2830 1199; x_wconf 83' lang='lat' dir='ltr'>aspiret</span> <span class='ocrx_word' id='word_1_533' title='bbox 2853 1127 2980 1195; x_wconf 90' lang='lat' dir='ltr'>dies,</span> <span class='ocrx_word' id='word_1_534' title='bbox 3003 1132 3050 1180; x_wconf 84' lang='lat' dir='ltr'>et</span> <span class='ocrx_word' id='word_1_535' title='bbox 3066 1125 3386 1181; x_wconf 82' lang='lat' dir='ltr'>inclinentur</span> <span class='ocrx_word' id='word_1_536' title='bbox 3403 1128 3627 1184; x_wconf 57' lang='lat' dir='ltr'>umbras.</span> <span class='ocrx_word' id='word_1_537' title='bbox 3647 1127 3799 1184; x_wconf 81' lang='lat' dir='ltr'>Tan-</span> 
     </span>
    </p>
   </div>
   <div class='ocr_carea' id='block_1_72' title="bbox 2167 1213 3803 1292">
    <p class='ocr_par' dir='ltr' id='par_1_72' title="bbox 2167 1213 3803 1292">
     <span class='ocr_line' id='line_1_72' title="bbox 2167 1213 3803 1292; baseline -0.001 -17"><span class='ocrx_word' id='word_1_538' title='bbox 2167 1218 2265 1275; x_wconf 90' lang='lat' dir='ltr'>diu</span> <span class='ocrx_word' id='word_1_539' title='bbox 2277 1217 2480 1292; x_wconf 91' lang='lat' dir='ltr'>quippe</span> <span class='ocrx_word' id='word_1_540' title='bbox 2502 1216 2650 1274; x_wconf 89' lang='lat' dir='ltr'>reﬁci</span> <span class='ocrx_word' id='word_1_541' title='bbox 2663 1215 2941 1289; x_wconf 90' lang='lat' dir='ltr'>justorum</span> <span class='ocrx_word' id='word_1_542' title='bbox 2962 1213 3232 1286; x_wconf 77' lang='lat' dir='ltr'>exemplis</span> <span class='ocrx_word' id='word_1_543' title='bbox 3251 1213 3588 1286; x_wconf 86' lang='lat' dir='ltr'>indigemus,</span> <span class='ocrx_word' id='word_1_544' title='bbox 3607 1215 3803 1274; x_wconf 90' lang='lat' dir='ltr'>donec</span> 
     </span>
    </p>
   </div>
   <div class='ocr_carea' id='block_1_73' title="bbox 2167 1305 3793 1385">
    <p class='ocr_par' dir='ltr' id='par_1_73' title="bbox 2167 1305 3793 1385">
     <span class='ocr_line' id='line_1_73' title="bbox 2167 1305 3793 1385; baseline -0.001 -17"><span class='ocrx_word' id='word_1_545' title='bbox 2167 1311 2456 1385; x_wconf 62' lang='lat' dir='ltr'>prasentis</span> <span class='ocrx_word' id='word_1_546' title='bbox 2483 1308 2838 1366; x_wconf 87' lang='lat' dir='ltr'>mortalitatis</span> <span class='ocrx_word' id='word_1_547' title='bbox 2865 1305 3110 1374; x_wconf 89' lang='lat' dir='ltr'>umbras,</span> <span class='ocrx_word' id='word_1_548' title='bbox 3140 1314 3346 1362; x_wconf 68' lang='lat' dir='ltr'>aeterno</span> <span class='ocrx_word' id='word_1_549' title='bbox 3366 1305 3456 1363; x_wconf 90' lang='lat' dir='ltr'>die</span> <span class='ocrx_word' id='word_1_550' title='bbox 3475 1306 3793 1380; x_wconf 86' lang='lat' dir='ltr'>aspirante,</span> 
     </span>
    </p>
   </div>
   <div class='ocr_carea' id='block_1_74' title="bbox 2169 1396 3799 1471">
    <p class='ocr_par' dir='ltr' id='par_1_74' title="bbox 2169 1396 3799 1471">
     <span class='ocr_line' id='line_1_74' title="bbox 2169 1396 3799 1471; baseline -0.004 -11"><span class='ocrx_word' id='word_1_551' title='bbox 2169 1411 2530 1460; x_wconf 83' lang='lat' dir='ltr'>transeamus.</span> <span class='ocrx_word' id='word_1_552' title='bbox 2564 1400 2702 1457; x_wconf 88' lang='lat' dir='ltr'>Cum</span> <span class='ocrx_word' id='word_1_553' title='bbox 2731 1398 2881 1455; x_wconf 88' lang='lat' dir='ltr'>enim</span> <span class='ocrx_word' id='word_1_554' title='bbox 2911 1397 3081 1470; x_wconf 89' lang='lat' dir='ltr'>hujus</span> <span class='ocrx_word' id='word_1_555' title='bbox 3109 1396 3540 1469; x_wconf 86' lang='lat' dir='ltr'>temporalitatis</span> <span class='ocrx_word' id='word_1_556' title='bbox 3568 1399 3799 1471; x_wconf 88' lang='lat' dir='ltr'>umbra,</span> 
     </span>
    </p>
   </div>
   <div class='ocr_carea' id='block_1_75' title="bbox 2171 1487 3802 1564">
    <p class='ocr_par' dir='ltr' id='par_1_75' title="bbox 2171 1487 3802 1564">
     <span class='ocr_line' id='line_1_75' title="bbox 2171 1487 3802 1564; baseline -0.002 -16"><span class='ocrx_word' id='word_1_557' title='bbox 2171 1498 2446 1548; x_wconf 89' lang='lat' dir='ltr'>transacta</span> <span class='ocrx_word' id='word_1_558' title='bbox 2472 1489 2578 1547; x_wconf 88' lang='lat' dir='ltr'>hac</span> <span class='ocrx_word' id='word_1_559' title='bbox 2602 1488 2956 1558; x_wconf 82' lang='lat' dir='ltr'>mortalitate,</span> <span class='ocrx_word' id='word_1_560' title='bbox 2973 1487 3142 1545; x_wconf 85' lang='lat' dir='ltr'>fuerit</span> <span class='ocrx_word' id='word_1_561' title='bbox 3156 1487 3444 1558; x_wconf 88' lang='lat' dir='ltr'>inclinata,</span> <span class='ocrx_word' id='word_1_562' title='bbox 3463 1489 3595 1562; x_wconf 86' lang='lat' dir='ltr'>quia</span> <span class='ocrx_word' id='word_1_563' title='bbox 3612 1489 3802 1564; x_wconf 88' lang='lat' dir='ltr'>ipsius</span> 
     </span>
    </p>
   </div>
   <div class='ocr_carea' id='block_1_76' title="bbox 2173 1575 3801 1652">
    <p class='ocr_par' dir='ltr' id='par_1_76' title="bbox 2173 1575 3801 1652">
     <span class='ocr_line' id='line_1_76' title="bbox 2173 1575 3801 1652; baseline -0.003 -14"><span class='ocrx_word' id='word_1_564' title='bbox 2173 1581 2284 1638; x_wconf 91' lang='lat' dir='ltr'>diei</span> <span class='ocrx_word' id='word_1_565' title='bbox 2316 1581 2598 1639; x_wconf 90' lang='lat' dir='ltr'>internum</span> <span class='ocrx_word' id='word_1_566' title='bbox 2628 1581 2818 1637; x_wconf 88' lang='lat' dir='ltr'>lumen</span> <span class='ocrx_word' id='word_1_567' title='bbox 2845 1578 3145 1646; x_wconf 90' lang='lat' dir='ltr'>cernimus,</span> <span class='ocrx_word' id='word_1_568' title='bbox 3178 1593 3523 1652; x_wconf 89' lang='lat' dir='ltr'>nequaquam</span> <span class='ocrx_word' id='word_1_569' title='bbox 3549 1575 3676 1649; x_wconf 87' lang='lat' dir='ltr'>jam</span> <span class='ocrx_word' id='word_1_570' title='bbox 3707 1594 3801 1652; x_wconf 87' lang='lat' dir='ltr'>ap-</span> 
     </span>
    </p>
   </div>
   <div class='ocr_carea' id='block_1_77' title="bbox 2175 1665 3798 1743">
    <p class='ocr_par' dir='ltr' id='par_1_77' title="bbox 2175 1665 3798 1743">
     <span class='ocr_line' id='line_1_77' title="bbox 2175 1665 3798 1743; baseline -0.002 -16"><span class='ocrx_word' id='word_1_571' title='bbox 2175 1671 2414 1743; x_wconf 88' lang='lat' dir='ltr'>petimus</span> <span class='ocrx_word' id='word_1_572' title='bbox 2441 1678 2504 1727; x_wconf 91' lang='lat' dir='ltr'>ut</span> <span class='ocrx_word' id='word_1_573' title='bbox 2529 1668 2601 1726; x_wconf 89' lang='lat' dir='ltr'>ad</span> <span class='ocrx_word' id='word_1_574' title='bbox 2628 1683 2872 1725; x_wconf 87' lang='lat' dir='ltr'>amorem</span> <span class='ocrx_word' id='word_1_575' title='bbox 2893 1665 3010 1740; x_wconf 89' lang='lat' dir='ltr'>ejus</span> <span class='ocrx_word' id='word_1_576' title='bbox 3039 1683 3136 1739; x_wconf 89' lang='lat' dir='ltr'>per</span> <span class='ocrx_word' id='word_1_577' title='bbox 3162 1666 3399 1724; x_wconf 89' lang='lat' dir='ltr'>aliorum</span> <span class='ocrx_word' id='word_1_578' title='bbox 3415 1667 3678 1740; x_wconf 84' lang='lat' dir='ltr'>exempla</span> <span class='ocrx_word' id='word_1_579' title='bbox 3701 1666 3798 1724; x_wconf 82' lang='lat' dir='ltr'>ﬁa-</span> 
     </span>
    </p>
   </div>
   <div class='ocr_carea' id='block_1_78' title="bbox 2091 1755 3801 1855">
    <p class='ocr_par' dir='ltr' id='par_1_78' title="bbox 2091 1755 3801 1855">
     <span class='ocr_line' id='line_1_78' title="bbox 2091 1755 3801 1855; baseline -0.001 -41"><span class='ocrx_word' id='word_1_580' title='bbox 2091 1794 2137 1855; x_wconf 78' lang='grc' dir='ltr'><strong>Β</strong></span> <span class='ocrx_word' id='word_1_581' title='bbox 2173 1775 2413 1832; x_wconf 88' lang='lat' dir='ltr'>gremus.</span> <span class='ocrx_word' id='word_1_582' title='bbox 2445 1759 2605 1817; x_wconf 89' lang='lat' dir='ltr'>Nunc</span> <span class='ocrx_word' id='word_1_583' title='bbox 2631 1765 2816 1814; x_wconf 83' lang='lat' dir='ltr'>autem</span> <span class='ocrx_word' id='word_1_584' title='bbox 2842 1755 2972 1830; x_wconf 89' lang='lat' dir='ltr'>quia</span> <span class='ocrx_word' id='word_1_585' title='bbox 2999 1755 3236 1814; x_wconf 88' lang='lat' dir='ltr'>necdum</span> <span class='ocrx_word' id='word_1_586' title='bbox 3265 1771 3392 1814; x_wconf 91' lang='lat' dir='ltr'>eum</span> <span class='ocrx_word' id='word_1_587' title='bbox 3422 1755 3635 1814; x_wconf 89' lang='lat' dir='ltr'>intueri</span> <span class='ocrx_word' id='word_1_588' title='bbox 3667 1772 3801 1829; x_wconf 85' lang='lat' dir='ltr'>pos-</span> 
     </span>
    </p>
   </div>
   <div class='ocr_carea' id='block_1_79' title="bbox 2175 1845 3799 1920">
    <p class='ocr_par' dir='ltr' id='par_1_79' title="bbox 2175 1845 3799 1920">
     <span class='ocr_line' id='line_1_79' title="bbox 2175 1845 3799 1920; baseline -0.002 -15"><span class='ocrx_word' id='word_1_589' title='bbox 2175 1865 2389 1918; x_wconf 88' lang='lat' dir='ltr'>sumus,</span> <span class='ocrx_word' id='word_1_590' title='bbox 2418 1861 2766 1919; x_wconf 89' lang='lat' dir='ltr'>summopere</span> <span class='ocrx_word' id='word_1_591' title='bbox 2793 1861 3013 1904; x_wconf 88' lang='lat' dir='ltr'>necesse</span> <span class='ocrx_word' id='word_1_592' title='bbox 3041 1855 3127 1904; x_wconf 88' lang='lat' dir='ltr'>est</span> <span class='ocrx_word' id='word_1_593' title='bbox 3161 1853 3225 1902; x_wconf 90' lang='lat' dir='ltr'>ut</span> <span class='ocrx_word' id='word_1_594' title='bbox 3253 1861 3443 1903; x_wconf 90' lang='lat' dir='ltr'>eorum</span> <span class='ocrx_word' id='word_1_595' title='bbox 3493 1845 3591 1920; x_wconf 90' lang='lat' dir='ltr'>qui</span> <span class='ocrx_word' id='word_1_596' title='bbox 3632 1845 3799 1902; x_wconf 91' lang='lat' dir='ltr'>illum</span> 
     </span>
    </p>
   </div>
   <div class='ocr_carea' id='block_1_80' title="bbox 2171 1934 3802 2010">
    <p class='ocr_par' dir='ltr' id='par_1_80' title="bbox 2171 1934 3802 2010">
     <span class='ocr_line' id='line_1_80' title="bbox 2171 1934 3802 2010; baseline -0.001 -16"><span class='ocrx_word' id='word_1_597' title='bbox 2171 1938 2415 2010; x_wconf 89' lang='lat' dir='ltr'>perfecte</span> <span class='ocrx_word' id='word_1_598' title='bbox 2455 1936 2628 1993; x_wconf 90' lang='lat' dir='ltr'>secuti</span> <span class='ocrx_word' id='word_1_599' title='bbox 2663 1943 2794 1992; x_wconf 89' lang='lat' dir='ltr'>sunt</span> <span class='ocrx_word' id='word_1_600' title='bbox 2831 1934 3140 2008; x_wconf 88' lang='lat' dir='ltr'>conspectis</span> <span class='ocrx_word' id='word_1_601' title='bbox 3185 1935 3498 1992; x_wconf 90' lang='lat' dir='ltr'>actionibus</span> <span class='ocrx_word' id='word_1_602' title='bbox 3528 1937 3550 1971; x_wconf 78' lang='lat'><strong>‘</strong></span> <span class='ocrx_word' id='word_1_603' title='bbox 3580 1935 3802 1992; x_wconf 91' lang='lat' dir='ltr'>incite-</span> 
     </span>
    </p>
   </div>
   <div class='ocr_carea' id='block_1_81' title="bbox 2175 2023 3800 2099">
    <p class='ocr_par' dir='ltr' id='par_1_81' title="bbox 2175 2023 3800 2099">
     <span class='ocr_line' id='line_1_81' title="bbox 2175 2023 3800 2099; baseline -0.001 -16"><span class='ocrx_word' id='word_1_604' title='bbox 2175 2044 2321 2083; x_wconf 89' lang='lat' dir='ltr'>mur.</span> <span class='ocrx_word' id='word_1_605' title='bbox 2353 2029 2672 2083; x_wconf 89' lang='lat' dir='ltr'>Intueamur</span> <span class='ocrx_word' id='word_1_606' title='bbox 2702 2042 2832 2098; x_wconf 88' lang='lat' dir='ltr'>ergo</span> <span class='ocrx_word' id='word_1_607' title='bbox 2863 2041 3027 2099; x_wconf 87' lang='lat' dir='ltr'>quam</span> <span class='ocrx_word' id='word_1_608' title='bbox 3066 2023 3299 2098; x_wconf 91' lang='lat' dir='ltr'>pulchra</span> <span class='ocrx_word' id='word_1_609' title='bbox 3329 2031 3412 2080; x_wconf 88' lang='lat' dir='ltr'>est</span> <span class='ocrx_word' id='word_1_610' title='bbox 3439 2025 3671 2098; x_wconf 84' lang='lat' dir='ltr'>agilitas</span> <span class='ocrx_word' id='word_1_611' title='bbox 3700 2042 3800 2082; x_wconf 92' lang='lat' dir='ltr'>se-</span> 
     </span>
    </p>
   </div>
   <div class='ocr_carea' id='block_1_82' title="bbox 2174 2112 3802 2190">
    <p class='ocr_par' dir='ltr' id='par_1_82' title="bbox 2174 2112 3802 2190">
     <span class='ocr_line' id='line_1_82' title="bbox 2174 2112 3802 2190; baseline -0.002 -17"><span class='ocrx_word' id='word_1_612' title='bbox 2174 2116 2489 2190; x_wconf 91' lang='lat' dir='ltr'>quentium,</span> <span class='ocrx_word' id='word_1_613' title='bbox 2520 2122 2574 2171; x_wconf 91' lang='lat' dir='ltr'>et</span> <span class='ocrx_word' id='word_1_614' title='bbox 2601 2114 2887 2171; x_wconf 88' lang='lat' dir='ltr'>videamus</span> <span class='ocrx_word' id='word_1_615' title='bbox 2924 2129 3088 2188; x_wconf 89' lang='lat' dir='ltr'>quam</span> <span class='ocrx_word' id='word_1_616' title='bbox 3136 2114 3316 2186; x_wconf 90' lang='lat' dir='ltr'>turpis</span> <span class='ocrx_word' id='word_1_617' title='bbox 3357 2113 3432 2170; x_wconf 91' lang='lat' dir='ltr'>sit</span> <span class='ocrx_word' id='word_1_618' title='bbox 3462 2115 3483 2149; x_wconf 83' lang='grc'>⁵</span> <span class='ocrx_word' id='word_1_619' title='bbox 3514 2112 3802 2171; x_wconf 89' lang='lat' dir='ltr'>hebetudo</span> 
     </span>
    </p>
   </div>
   <div class='ocr_carea' id='block_1_83' title="bbox 2175 2202 3802 2277">
    <p class='ocr_par' dir='ltr' id='par_1_83' title="bbox 2175 2202 3802 2277">
     <span class='ocr_line' id='line_1_83' title="bbox 2175 2202 3802 2277; baseline 0.001 -18"><span class='ocrx_word' id='word_1_620' title='bbox 2175 2205 2478 2276; x_wconf 90' lang='lat' dir='ltr'>pigrorum.</span> <span class='ocrx_word' id='word_1_621' title='bbox 2512 2203 2712 2260; x_wconf 90' lang='lat' dir='ltr'>Statim</span> <span class='ocrx_word' id='word_1_622' title='bbox 2741 2218 2998 2275; x_wconf 88' lang='lat' dir='ltr'>namque,</span> <span class='ocrx_word' id='word_1_623' title='bbox 3050 2211 3114 2259; x_wconf 89' lang='lat' dir='ltr'>ut</span> <span class='ocrx_word' id='word_1_624' title='bbox 3153 2202 3291 2258; x_wconf 90' lang='lat' dir='ltr'>bene</span> <span class='ocrx_word' id='word_1_625' title='bbox 3321 2203 3606 2275; x_wconf 88' lang='lat' dir='ltr'>agentium</span> <span class='ocrx_word' id='word_1_626' title='bbox 3655 2214 3802 2277; x_wconf 88' lang='lat' dir='ltr'>gesta</span> 
     </span>
    </p>
   </div>
   <div class='ocr_carea' id='block_1_84' title="bbox 2175 2291 3803 2376">
    <p class='ocr_par' dir='ltr' id='par_1_84' title="bbox 2175 2291 3803 2376">
     <span class='ocr_line' id='line_1_84' title="bbox 2175 2291 3803 2376; baseline 0.001 -27"><span class='ocrx_word' id='word_1_627' title='bbox 2175 2292 2521 2376; x_wconf 75' lang='lat' dir='ltr'>respicimus,</span> <span class='ocrx_word' id='word_1_628' title='bbox 2547 2291 2910 2364; x_wconf 88' lang='lat' dir='ltr'>nosmetipsos</span> <span class='ocrx_word' id='word_1_629' title='bbox 2930 2291 3252 2349; x_wconf 86' lang='lat' dir='ltr'>confusione</span> <span class='ocrx_word' id='word_1_630' title='bbox 3272 2291 3472 2349; x_wconf 86' lang='lat' dir='ltr'>intima</span> <span class='ocrx_word' id='word_1_631' title='bbox 3490 2292 3803 2350; x_wconf 87' lang='lat' dir='ltr'>ulciscente</span> 
     </span>
    </p>
   </div>
   <div class='ocr_carea' id='block_1_85' title="bbox 2169 2380 3800 2450">
    <p class='ocr_par' dir='ltr' id='par_1_85' title="bbox 2169 2380 3800 2450">
     <span class='ocr_line' id='line_1_85' title="bbox 2169 2380 3800 2450; baseline 0.001 -11"><span class='ocrx_word' id='word_1_632' title='bbox 2169 2381 2485 2440; x_wconf 84' lang='lat' dir='ltr'>Judicamus</span> <span class='ocrx_word' id='word_1_633' title='bbox 2510 2399 2520 2438; x_wconf 96' lang='lat'>:</span> <span class='ocrx_word' id='word_1_634' title='bbox 2555 2397 2687 2437; x_wconf 83' lang='lat' dir='ltr'>mox</span> <span class='ocrx_word' id='word_1_635' title='bbox 2715 2380 3050 2438; x_wconf 90' lang='lat' dir='ltr'>verecundia</span> <span class='ocrx_word' id='word_1_636' title='bbox 3081 2389 3321 2437; x_wconf 90' lang='lat' dir='ltr'>mentem</span> <span class='ocrx_word' id='word_1_637' title='bbox 3350 2383 3623 2450; x_wconf 90' lang='lat' dir='ltr'>concutit,</span> <span class='ocrx_word' id='word_1_638' title='bbox 3667 2399 3800 2440; x_wconf 83' lang='lat' dir='ltr'>mox</span> 
     </span>
    </p>
   </div>
   <div class='ocr_carea' id='block_1_86' title="bbox 2171 2469 3798 2545">
    <p class='ocr_par' dir='ltr' id='par_1_86' title="bbox 2171 2469 3798 2545">
     <span class='ocr_line' id='line_1_86' title="bbox 2171 2469 3798 2545; baseline -0.001 -16"><span class='ocrx_word' id='word_1_639' title='bbox 2171 2471 2321 2545; x_wconf 89' lang='lat' dir='ltr'>juste</span> <span class='ocrx_word' id='word_1_640' title='bbox 2342 2471 2574 2528; x_wconf 66' lang='lat' dir='ltr'>saeviens</span> <span class='ocrx_word' id='word_1_641' title='bbox 2596 2479 2777 2532; x_wconf 86' lang='lat' dir='ltr'>reatus</span> <span class='ocrx_word' id='word_1_642' title='bbox 2796 2471 3036 2538; x_wconf 90' lang='lat' dir='ltr'>addicit;</span> <span class='ocrx_word' id='word_1_643' title='bbox 3059 2469 3484 2528; x_wconf 90' lang='lat' dir='ltr'>etvehementer</span> <span class='ocrx_word' id='word_1_644' title='bbox 3497 2469 3605 2529; x_wconf 91' lang='lat' dir='ltr'>hoc</span> <span class='ocrx_word' id='word_1_645' title='bbox 3627 2473 3798 2530; x_wconf 90' lang='lat' dir='ltr'>etiam</span> 
     </span>
    </p>
   </div>
   <div class='ocr_carea' id='block_1_87' title="bbox 2180 2558 3552 2634">
    <p class='ocr_par' dir='ltr' id='par_1_87' title="bbox 2180 2558 3552 2634">
     <span class='ocr_line' id='line_1_87' title="bbox 2180 2558 3552 2634; baseline -0.001 -15"><span class='ocrx_word' id='word_1_646' title='bbox 2180 2561 2457 2634; x_wconf 87' lang='lat' dir='ltr'>displicet,</span> <span class='ocrx_word' id='word_1_647' title='bbox 2491 2559 2639 2634; x_wconf 92' lang='lat' dir='ltr'>quod</span> <span class='ocrx_word' id='word_1_648' title='bbox 2667 2559 2849 2617; x_wconf 90' lang='lat' dir='ltr'>adhuc</span> <span class='ocrx_word' id='word_1_649' title='bbox 2876 2559 3105 2618; x_wconf 86' lang='lat' dir='ltr'>fortasse</span> <span class='ocrx_word' id='word_1_650' title='bbox 3133 2558 3369 2632; x_wconf 90' lang='lat' dir='ltr'>turpiter</span> <span class='ocrx_word' id='word_1_651' title='bbox 3398 2559 3552 2617; x_wconf 89' lang='lat' dir='ltr'>libet.</span> 
     </span>
    </p>
   </div>
   <div class='ocr_carea' id='block_1_88' title="bbox 2251 2649 3800 2722">
    <p class='ocr_par' dir='ltr' id='par_1_88' title="bbox 2251 2649 3800 2722">
     <span class='ocr_line' id='line_1_88' title="bbox 2251 2649 3800 2722; baseline -0.001 -15"><span class='ocrx_word' id='word_1_652' title='bbox 2251 2651 2336 2707; x_wconf 91' lang='grc'><strong>18.</strong></span> <span class='ocrx_word' id='word_1_653' title='bbox 2363 2653 2550 2708; x_wconf 83' lang='lat' dir='ltr'>Justus</span> <span class='ocrx_word' id='word_1_654' title='bbox 2580 2651 2827 2722; x_wconf 77' lang='lat' dir='ltr'>tentplum</span> <span class='ocrx_word' id='word_1_655' title='bbox 2854 2649 2953 2707; x_wconf 87' lang='lat' dir='ltr'>Dei</span> <span class='ocrx_word' id='word_1_656' title='bbox 2977 2656 3071 2716; x_wconf 84' lang='lat' dir='ltr'>est,</span> <span class='ocrx_word' id='word_1_657' title='bbox 3110 2667 3176 2705; x_wconf 76' lang='lat' dir='ltr'>ea:</span> <span class='ocrx_word' id='word_1_658' title='bbox 3215 2649 3367 2719; x_wconf 87' lang='lat' dir='ltr'>cujus</span> <span class='ocrx_word' id='word_1_659' title='bbox 3413 2656 3695 2722; x_wconf 84' lang='lat' dir='ltr'>conspectu</span> <span class='ocrx_word' id='word_1_660' title='bbox 3739 2650 3800 2706; x_wconf 84' lang='lat' dir='ltr'>de</span> 
     </span>
    </p>
   </div>
   <div class='ocr_carea' id='block_1_89' title="bbox 2177 2737 3800 2812">
    <p class='ocr_par' dir='ltr' id='par_1_89' title="bbox 2177 2737 3800 2812">
     <span class='ocr_line' id='line_1_89' title="bbox 2177 2737 3800 2812; baseline 0 -17"><span class='ocrx_word' id='word_1_661' title='bbox 2177 2740 2552 2811; x_wconf 83' lang='lat' dir='ltr'>iniquitatibus</span> <span class='ocrx_word' id='word_1_662' title='bbox 2579 2738 2776 2795; x_wconf 83' lang='lat' dir='ltr'>nostris</span> <span class='ocrx_word' id='word_1_663' title='bbox 2803 2738 3200 2810; x_wconf 80' lang='lat' dir='ltr'>confundimur.</span> <span class='ocrx_word' id='word_1_664' title='bbox 3248 2768 3320 2780; x_wconf 90' lang='lat'>-</span> <span class='ocrx_word' id='word_1_665' title='bbox 3349 2737 3504 2796; x_wconf 92' lang='lat' dir='ltr'>Unde</span> <span class='ocrx_word' id='word_1_666' title='bbox 3533 2739 3677 2795; x_wconf 88' lang='lat' dir='ltr'>bene</span> <span class='ocrx_word' id='word_1_667' title='bbox 3705 2755 3800 2812; x_wconf 86' lang='lat' dir='ltr'>per</span> 
     </span>
    </p>
   </div>
   <div class='ocr_carea' id='block_1_90' title="bbox 2177 2831 3796 2905">
    <p class='ocr_par' dir='ltr' id='par_1_90' title="bbox 2177 2831 3796 2905">
     <span class='ocr_line' id='line_1_90' title="bbox 2177 2831 3796 2905; baseline -0.001 -11"><span class='ocrx_word' id='word_1_668' title='bbox 2177 2837 2520 2895; x_wconf 88' lang='lat' dir='ltr'>Ezechielem</span> <span class='ocrx_word' id='word_1_669' title='bbox 2562 2836 2769 2895; x_wconf 87' lang='lat' dir='ltr'>dicitur</span> <span class='ocrx_word' id='word_1_670' title='bbox 2804 2853 2816 2892; x_wconf 90' lang='lat'><strong>:</strong></span> <span class='ocrx_word' id='word_1_671' title='bbox 2859 2837 2968 2893; x_wconf 87' lang='lat' dir='ltr'>Fili</span> <span class='ocrx_word' id='word_1_672' title='bbox 2995 2835 3243 2905; x_wconf 80' lang='lat' dir='ltr'>hominis,</span> <span class='ocrx_word' id='word_1_673' title='bbox 3274 2831 3420 2890; x_wconf 87' lang='lat'>768</span> <span class='ocrx_word' id='word_1_674' title='bbox 3449 2835 3665 2891; x_wconf 78' lang='lat' dir='ltr'>ostende</span> <span class='ocrx_word' id='word_1_675' title='bbox 3691 2837 3796 2892; x_wconf 87' lang='lat' dir='ltr'>do-</span> 
     </span>
    </p>
   </div>
   <div class='ocr_carea' id='block_1_91' title="bbox 2178 2926 3800 3000">
    <p class='ocr_par' dir='ltr' id='par_1_91' title="bbox 2178 2926 3800 3000">
     <span class='ocr_line' id='line_1_91' title="bbox 2178 2926 3800 3000; baseline -0.002 -15"><span class='ocrx_word' id='word_1_676' title='bbox 2178 2930 2290 2985; x_wconf 90' lang='lat' dir='ltr'>mui</span> <span class='ocrx_word' id='word_1_677' title='bbox 2323 2931 2497 2987; x_wconf 84' lang='lat' dir='ltr'>Israel</span> <span class='ocrx_word' id='word_1_678' title='bbox 2526 2929 2794 3000; x_wconf 80' lang='lat' dir='ltr'>templum,</span> <span class='ocrx_word' id='word_1_679' title='bbox 2814 2933 2874 2983; x_wconf 86' lang='lat' dir='ltr'>ut</span> <span class='ocrx_word' id='word_1_680' title='bbox 2901 2926 3300 2998; x_wconf 79' lang='lat' dir='ltr'>confundantur</span> <span class='ocrx_word' id='word_1_681' title='bbox 3323 2927 3389 2984; x_wconf 88' lang='lat' dir='ltr'>ab</span> <span class='ocrx_word' id='word_1_682' title='bbox 3418 2927 3800 2998; x_wconf 80' lang='lat' dir='ltr'>iniquitatibus</span> 
     </span>
    </p>
   </div>
   <div class='ocr_carea' id='block_1_92' title="bbox 2177 3015 3796 3088">
    <p class='ocr_par' dir='ltr' id='par_1_92' title="bbox 2177 3015 3796 3088">
     <span class='ocr_line' id='line_1_92' title="bbox 2177 3015 3796 3088; baseline -0.002 -14"><span class='ocrx_word' id='word_1_683' title='bbox 2177 3019 2306 3087; x_wconf 85' lang='lat' dir='ltr'>suis,</span> <span class='ocrx_word' id='word_1_684' title='bbox 2339 3025 2389 3074; x_wconf 90' lang='lat' dir='ltr'>et</span> <span class='ocrx_word' id='word_1_685' title='bbox 2412 3019 2704 3074; x_wconf 88' lang='lat' dir='ltr'>metiantur</span> <span class='ocrx_word' id='word_1_686' title='bbox 2735 3017 3018 3088; x_wconf 84' lang='lat' dir='ltr'>fabricam,</span> <span class='ocrx_word' id='word_1_687' title='bbox 3049 3022 3096 3071; x_wconf 87' lang='lat' dir='ltr'>et</span> <span class='ocrx_word' id='word_1_688' title='bbox 3127 3015 3433 3072; x_wconf 86' lang='lat' dir='ltr'>erubescant</span> <span class='ocrx_word' id='word_1_689' title='bbox 3456 3033 3522 3072; x_wconf 78' lang='lat' dir='ltr'>ea:</span> <span class='ocrx_word' id='word_1_690' title='bbox 3547 3015 3796 3071; x_wconf 83' lang='lat' dir='ltr'>omnibus</span> 
     </span>
    </p>
   </div>
   <div class='ocr_carea' id='block_1_93' title="bbox 2179 3106 3798 3182">
    <p class='ocr_par' dir='ltr' id='par_1_93' title="bbox 2179 3106 3798 3182">
     <span class='ocr_line' id='line_1_93' title="bbox 2179 3106 3798 3182; baseline -0.002 -16"><span class='ocrx_word' id='word_1_691' title='bbox 2179 3127 2297 3182; x_wconf 78' lang='lat' dir='ltr'>qua:</span> <span class='ocrx_word' id='word_1_692' title='bbox 2323 3109 2559 3181; x_wconf 83' lang='lat' dir='ltr'>fecerunt</span> <span class='ocrx_word' id='word_1_693' title='bbox 2589 3109 2804 3179; x_wconf 82' lang='lat' dir='ltr'>(Ezech.</span> <span class='ocrx_word' id='word_1_694' title='bbox 2838 3124 2998 3178; x_wconf 64' lang='lat' dir='ltr'>xum,</span> <span class='ocrx_word' id='word_1_695' title='bbox 3024 3108 3136 3181; x_wconf 91' lang='grc'><strong>10).</strong></span> <span class='ocrx_word' id='word_1_696' title='bbox 3155 3107 3444 3181; x_wconf 89' lang='lat' dir='ltr'>Templum</span> <span class='ocrx_word' id='word_1_697' title='bbox 3466 3107 3676 3181; x_wconf 89' lang='lat' dir='ltr'>quippe</span> <span class='ocrx_word' id='word_1_698' title='bbox 3695 3106 3798 3164; x_wconf 92' lang='lat' dir='ltr'>Dei</span> 
     </span>
    </p>
   </div>
   <div class='ocr_carea' id='block_1_94' title="bbox 2181 3196 3796 3271">
    <p class='ocr_par' dir='ltr' id='par_1_94' title="bbox 2181 3196 3796 3271">
     <span class='ocr_line' id='line_1_94' title="bbox 2181 3196 3796 3271; baseline -0.001 -15"><span class='ocrx_word' id='word_1_699' title='bbox 2181 3199 2314 3256; x_wconf 88' lang='lat' dir='ltr'>ﬁliis</span> <span class='ocrx_word' id='word_1_700' title='bbox 2344 3199 2506 3255; x_wconf 90' lang='lat' dir='ltr'>Israel</span> <span class='ocrx_word' id='word_1_701' title='bbox 2529 3197 2598 3254; x_wconf 94' lang='lat' dir='ltr'>ad</span> <span class='ocrx_word' id='word_1_702' title='bbox 2617 3196 2998 3255; x_wconf 84' lang='lat' dir='ltr'>confusionem</span> <span class='ocrx_word' id='word_1_703' title='bbox 3016 3198 3342 3266; x_wconf 88' lang='lat' dir='ltr'>ostenditur,</span> <span class='ocrx_word' id='word_1_704' title='bbox 3367 3196 3589 3271; x_wconf 91' lang='lat' dir='ltr'>quando</span> <span class='ocrx_word' id='word_1_705' title='bbox 3606 3197 3796 3254; x_wconf 87' lang='lat' dir='ltr'>unius-</span> 
     </span>
    </p>
   </div>
   <div class='ocr_carea' id='block_1_95' title="bbox 2179 3284 3794 3362">
    <p class='ocr_par' dir='ltr' id='par_1_95' title="bbox 2179 3284 3794 3362">
     <span class='ocr_line' id='line_1_95' title="bbox 2179 3284 3794 3362; baseline -0.002 -17"><span class='ocrx_word' id='word_1_706' title='bbox 2179 3286 2448 3362; x_wconf 87' lang='lat' dir='ltr'>cujusque</span> <span class='ocrx_word' id='word_1_707' title='bbox 2470 3285 2609 3360; x_wconf 91' lang='lat' dir='ltr'>justi</span> <span class='ocrx_word' id='word_1_708' title='bbox 2639 3285 2844 3354; x_wconf 92' lang='lat' dir='ltr'>anima,</span> <span class='ocrx_word' id='word_1_709' title='bbox 2875 3304 3038 3360; x_wconf 91' lang='lat' dir='ltr'>quam</span> <span class='ocrx_word' id='word_1_710' title='bbox 3068 3285 3388 3360; x_wconf 91' lang='lat' dir='ltr'>inspirando</span> <span class='ocrx_word' id='word_1_711' title='bbox 3411 3287 3556 3343; x_wconf 89' lang='lat' dir='ltr'>Deus</span> <span class='ocrx_word' id='word_1_712' title='bbox 3577 3284 3794 3343; x_wconf 87' lang='lat' dir='ltr'>inhabi-</span> 
     </span>
    </p>
   </div>
   <div class='ocr_carea' id='block_1_96' title="bbox 2181 3375 3788 3449">
    <p class='ocr_par' dir='ltr' id='par_1_96' title="bbox 2181 3375 3788 3449">
     <span class='ocr_line' id='line_1_96' title="bbox 2181 3375 3788 3449; baseline -0.001 -16"><span class='ocrx_word' id='word_1_713' title='bbox 2181 3383 2280 3445; x_wconf 87' lang='lat' dir='ltr'>tat,</span> <span class='ocrx_word' id='word_1_714' title='bbox 2313 3383 2520 3448; x_wconf 90' lang='lat' dir='ltr'>quanta</span> <span class='ocrx_word' id='word_1_715' title='bbox 2549 3376 2837 3433; x_wconf 88' lang='lat' dir='ltr'>sanctitate</span> <span class='ocrx_word' id='word_1_716' title='bbox 2865 3376 3088 3449; x_wconf 82' lang='lat' dir='ltr'>fulgeat,</span> <span class='ocrx_word' id='word_1_717' title='bbox 3119 3376 3189 3434; x_wconf 91' lang='lat' dir='ltr'>ad</span> <span class='ocrx_word' id='word_1_718' title='bbox 3215 3375 3602 3434; x_wconf 87' lang='lat' dir='ltr'>confusionem</span> <span class='ocrx_word' id='word_1_719' title='bbox 3637 3393 3788 3433; x_wconf 89' lang='lat' dir='ltr'>suam</span> 
     </span>
    </p>
   </div>
   <div class='ocr_carea' id='block_1_97' title="bbox 2181 3463 3790 3539">
    <p class='ocr_par' dir='ltr' id='par_1_97' title="bbox 2181 3463 3790 3539">
     <span class='ocr_line' id='line_1_97' title="bbox 2181 3463 3790 3539; baseline 0.001 -18"><span class='ocrx_word' id='word_1_720' title='bbox 2181 3465 2562 3538; x_wconf 89' lang='lat' dir='ltr'>peccatoribus</span> <span class='ocrx_word' id='word_1_721' title='bbox 2601 3465 3026 3534; x_wconf 89' lang='lat' dir='ltr'>demonstratur,</span> <span class='ocrx_word' id='word_1_722' title='bbox 3077 3475 3139 3522; x_wconf 90' lang='lat' dir='ltr'>ut</span> <span class='ocrx_word' id='word_1_723' title='bbox 3167 3466 3224 3522; x_wconf 91' lang='lat' dir='ltr'>in</span> <span class='ocrx_word' id='word_1_724' title='bbox 3256 3465 3353 3522; x_wconf 88' lang='lat' dir='ltr'>illa</span> <span class='ocrx_word' id='word_1_725' title='bbox 3379 3465 3590 3522; x_wconf 88' lang='lat' dir='ltr'>bonum</span> <span class='ocrx_word' id='word_1_726' title='bbox 3644 3463 3790 3539; x_wconf 89' lang='lat' dir='ltr'>quod</span> 
     </span>
    </p>
   </div>
   <div class='ocr_carea' id='block_1_98' title="bbox 2181 3554 3788 3630">
    <p class='ocr_par' dir='ltr' id='par_1_98' title="bbox 2181 3554 3788 3630">
     <span class='ocr_line' id='line_1_98' title="bbox 2181 3554 3788 3630; baseline 0 -18"><span class='ocrx_word' id='word_1_727' title='bbox 2181 3555 2466 3628; x_wconf 86' lang='lat' dir='ltr'>negligunt</span> <span class='ocrx_word' id='word_1_728' title='bbox 2495 3555 2741 3625; x_wconf 87' lang='lat' dir='ltr'>videant,</span> <span class='ocrx_word' id='word_1_729' title='bbox 2771 3563 2825 3614; x_wconf 90' lang='lat' dir='ltr'>et</span> <span class='ocrx_word' id='word_1_730' title='bbox 2853 3555 2911 3613; x_wconf 90' lang='lat' dir='ltr'>in</span> <span class='ocrx_word' id='word_1_731' title='bbox 2939 3555 3134 3628; x_wconf 89' lang='lat' dir='ltr'>seipsis</span> <span class='ocrx_word' id='word_1_732' title='bbox 3154 3557 3361 3612; x_wconf 90' lang='lat' dir='ltr'>malum</span> <span class='ocrx_word' id='word_1_733' title='bbox 3383 3554 3531 3630; x_wconf 92' lang='lat' dir='ltr'>quod</span> <span class='ocrx_word' id='word_1_734' title='bbox 3559 3571 3788 3629; x_wconf 84' lang='lat' dir='ltr'>operan-</span> 
     </span>
    </p>
   </div>
   <div class='ocr_carea' id='block_1_99' title="bbox 2179 3645 3792 3720">
    <p class='ocr_par' dir='ltr' id='par_1_99' title="bbox 2179 3645 3792 3720">
     <span class='ocr_line' id='line_1_99' title="bbox 2179 3645 3792 3720; baseline 0.002 -20"><span class='ocrx_word' id='word_1_735' title='bbox 2179 3651 2272 3702; x_wconf 92' lang='lat' dir='ltr'>tur</span> <span class='ocrx_word' id='word_1_736' title='bbox 2317 3645 2661 3704; x_wconf 90' lang='lat' dir='ltr'>erubescant.</span> <span class='ocrx_word' id='word_1_737' title='bbox 2712 3647 2894 3704; x_wconf 87' lang='lat' dir='ltr'>Metiri</span> <span class='ocrx_word' id='word_1_738' title='bbox 2942 3663 3076 3704; x_wconf 83' lang='lat' dir='ltr'>vero</span> <span class='ocrx_word' id='word_1_739' title='bbox 3121 3646 3388 3704; x_wconf 90' lang='lat' dir='ltr'>fabricam</span> <span class='ocrx_word' id='word_1_740' title='bbox 3435 3655 3515 3702; x_wconf 88' lang='lat' dir='ltr'>est</span> <span class='ocrx_word' id='word_1_741' title='bbox 3562 3662 3792 3720; x_wconf 88' lang='lat' dir='ltr'>pensare</span> 
     </span>
    </p>
   </div>
   <div class='ocr_carea' id='block_1_100' title="bbox 2180 3733 3793 3808">
    <p class='ocr_par' dir='ltr' id='par_1_100' title="bbox 2180 3733 3793 3808">
     <span class='ocr_line' id='line_1_100' title="bbox 2180 3733 3793 3808; baseline 0.001 -17"><span class='ocrx_word' id='word_1_742' title='bbox 2180 3734 2457 3791; x_wconf 88' lang='lat' dir='ltr'>subtiliter</span> <span class='ocrx_word' id='word_1_743' title='bbox 2480 3733 2759 3808; x_wconf 89' lang='lat' dir='ltr'>justorum</span> <span class='ocrx_word' id='word_1_744' title='bbox 2791 3735 2983 3792; x_wconf 88' lang='lat' dir='ltr'>vitam.</span> <span class='ocrx_word' id='word_1_745' title='bbox 3035 3734 3141 3792; x_wconf 92' lang='lat' dir='ltr'>Sed</span> <span class='ocrx_word' id='word_1_746' title='bbox 3178 3734 3310 3792; x_wconf 90' lang='lat' dir='ltr'>dum</span> <span class='ocrx_word' id='word_1_747' title='bbox 3353 3734 3580 3793; x_wconf 87' lang='lat' dir='ltr'>metitur</span> <span class='ocrx_word' id='word_1_748' title='bbox 3612 3735 3793 3792; x_wconf 82' lang='lat' dir='ltr'>fabri-</span> 
     </span>
    </p>
   </div>
   <div class='ocr_carea' id='block_1_101' title="bbox 2177 3826 3790 3900">
    <p class='ocr_par' dir='ltr' id='par_1_101' title="bbox 2177 3826 3790 3900">
     <span class='ocr_line' id='line_1_101' title="bbox 2177 3826 3790 3900; baseline 0.001 -17"><span class='ocrx_word' id='word_1_749' title='bbox 2177 3842 2320 3895; x_wconf 89' lang='lat' dir='ltr'>cam,</span> <span class='ocrx_word' id='word_1_750' title='bbox 2363 3842 2583 3884; x_wconf 87' lang='lat' dir='ltr'>necesse</span> <span class='ocrx_word' id='word_1_751' title='bbox 2613 3836 2694 3884; x_wconf 90' lang='lat' dir='ltr'>est</span> <span class='ocrx_word' id='word_1_752' title='bbox 2721 3834 2783 3884; x_wconf 90' lang='lat' dir='ltr'>ut</span> <span class='ocrx_word' id='word_1_753' title='bbox 2810 3843 2882 3884; x_wconf 84' lang='lat' dir='ltr'>ex</span> <span class='ocrx_word' id='word_1_754' title='bbox 2911 3827 3128 3884; x_wconf 92' lang='lat' dir='ltr'>cunctis</span> <span class='ocrx_word' id='word_1_755' title='bbox 3160 3843 3282 3900; x_wconf 64' lang='lat' dir='ltr'>quae</span> <span class='ocrx_word' id='word_1_756' title='bbox 3311 3826 3548 3884; x_wconf 90' lang='lat' dir='ltr'>fecimus</span> <span class='ocrx_word' id='word_1_757' title='bbox 3585 3826 3790 3884; x_wconf 88' lang='lat' dir='ltr'>erube-</span> 
     </span>
    </p>
   </div>
   <div class='ocr_carea' id='block_1_102' title="bbox 2177 3914 3790 3989">
    <p class='ocr_par' dir='ltr' id='par_1_102' title="bbox 2177 3914 3790 3989">
     <span class='ocr_line' id='line_1_102' title="bbox 2177 3914 3790 3989; baseline 0 -17"><span class='ocrx_word' id='word_1_758' title='bbox 2177 3930 2412 3984; x_wconf 89' lang='lat' dir='ltr'>scamus,</span> <span class='ocrx_word' id='word_1_759' title='bbox 2461 3915 2592 3988; x_wconf 87' lang='lat' dir='ltr'>quia</span> <span class='ocrx_word' id='word_1_760' title='bbox 2621 3915 2892 3972; x_wconf 90' lang='lat' dir='ltr'>bonorum</span> <span class='ocrx_word' id='word_1_761' title='bbox 2923 3915 3095 3972; x_wconf 89' lang='lat' dir='ltr'>vitam</span> <span class='ocrx_word' id='word_1_762' title='bbox 3125 3924 3330 3989; x_wconf 91' lang='lat' dir='ltr'>quanto</span> <span class='ocrx_word' id='word_1_763' title='bbox 3358 3914 3622 3972; x_wconf 89' lang='lat' dir='ltr'>subtilius</span> <span class='ocrx_word' id='word_1_764' title='bbox 3649 3932 3790 3988; x_wconf 88' lang='lat' dir='ltr'>pen-</span> 
     </span>
    </p>
   </div>
   <div class='ocr_carea' id='block_1_103' title="bbox 2177 4004 3790 4075">
    <p class='ocr_par' dir='ltr' id='par_1_103' title="bbox 2177 4004 3790 4075">
     <span class='ocr_line' id='line_1_103' title="bbox 2177 4004 3790 4075; baseline -0.001 -11"><span class='ocrx_word' id='word_1_765' title='bbox 2177 4007 2350 4064; x_wconf 90' lang='lat' dir='ltr'>sando</span> <span class='ocrx_word' id='word_1_766' title='bbox 2397 4005 2750 4075; x_wconf 87' lang='lat' dir='ltr'>discutimus,</span> <span class='ocrx_word' id='word_1_767' title='bbox 2803 4014 2955 4062; x_wconf 88' lang='lat' dir='ltr'>tanto</span> <span class='ocrx_word' id='word_1_768' title='bbox 2997 4004 3244 4062; x_wconf 87' lang='lat' dir='ltr'>severius</span> <span class='ocrx_word' id='word_1_769' title='bbox 3290 4006 3349 4062; x_wconf 89' lang='lat' dir='ltr'>in</span> <span class='ocrx_word' id='word_1_770' title='bbox 3396 4005 3556 4062; x_wconf 89' lang='lat' dir='ltr'>nobis</span> <span class='ocrx_word' id='word_1_771' title='bbox 3603 4006 3790 4062; x_wconf 89' lang='lat' dir='ltr'>omnia</span> 
     </span>
    </p>
   </div>
   <div class='ocr_carea' id='block_1_104' title="bbox 2179 4094 3786 4170">
    <p class='ocr_par' dir='ltr' id='par_1_104' title="bbox 2179 4094 3786 4170">
     <span class='ocr_line' id='line_1_104' title="bbox 2179 4094 3786 4170; baseline -0.001 -17"><span class='ocrx_word' id='word_1_772' title='bbox 2179 4096 2369 4170; x_wconf 90' lang='lat' dir='ltr'>inique</span> <span class='ocrx_word' id='word_1_773' title='bbox 2397 4103 2546 4168; x_wconf 90' lang='lat' dir='ltr'>gesta</span> <span class='ocrx_word' id='word_1_774' title='bbox 2566 4094 2942 4168; x_wconf 88' lang='lat' dir='ltr'>reprobamus.</span> <span class='ocrx_word' id='word_1_775' title='bbox 2978 4095 3122 4150; x_wconf 89' lang='lat' dir='ltr'>Bene</span> <span class='ocrx_word' id='word_1_776' title='bbox 3151 4103 3335 4152; x_wconf 90' lang='lat' dir='ltr'>autem</span> <span class='ocrx_word' id='word_1_777' title='bbox 3357 4094 3643 4168; x_wconf 69' lang='lat' dir='ltr'>prophetas</span> <span class='ocrx_word' id='word_1_778' title='bbox 3657 4096 3786 4154; x_wconf 65' lang='lat' dir='ltr'>dicio</span> 
     </span>
    </p>
   </div>
   <div class='ocr_carea' id='block_1_105' title="bbox 2176 4181 3788 4258">
    <p class='ocr_par' dir='ltr' id='par_1_105' title="bbox 2176 4181 3788 4258">
     <span class='ocr_line' id='line_1_105' title="bbox 2176 4181 3788 4258; baseline -0.002 -15"><span class='ocrx_word' id='word_1_779' title='bbox 2176 4195 2268 4244; x_wconf 89' lang='lat' dir='ltr'>tur</span> <span class='ocrx_word' id='word_1_780' title='bbox 2295 4193 2357 4242; x_wconf 90' lang='lat' dir='ltr'>ut</span> <span class='ocrx_word' id='word_1_781' title='bbox 2385 4185 2638 4243; x_wconf 87' lang='lat' dir='ltr'>ostendat</span> <span class='ocrx_word' id='word_1_782' title='bbox 2666 4185 2954 4258; x_wconf 89' lang='lat' dir='ltr'>templum.</span> <span class='ocrx_word' id='word_1_783' title='bbox 2986 4183 3127 4253; x_wconf 89' lang='lat' dir='ltr'>Quia</span> <span class='ocrx_word' id='word_1_784' title='bbox 3147 4181 3296 4240; x_wconf 90' lang='lat' dir='ltr'>enim</span> <span class='ocrx_word' id='word_1_785' title='bbox 3311 4183 3592 4256; x_wconf 87' lang='lat' dir='ltr'>justorum</span> <span class='ocrx_word' id='word_1_786' title='bbox 3615 4184 3788 4243; x_wconf 84' lang='lat' dir='ltr'>recti-</span> 
     </span>
    </p>
   </div>
   <div class='ocr_carea' id='block_1_106' title="bbox 2177 4277 3782 4354">
    <p class='ocr_par' dir='ltr' id='par_1_106' title="bbox 2177 4277 3782 4354">
     <span class='ocr_line' id='line_1_106' title="bbox 2177 4277 3782 4354; baseline -0.002 -16"><span class='ocrx_word' id='word_1_787' title='bbox 2177 4280 2427 4338; x_wconf 90' lang='lat' dir='ltr'>tudinem</span> <span class='ocrx_word' id='word_1_788' title='bbox 2485 4279 2837 4338; x_wconf 89' lang='lat' dir='ltr'>considerare</span> <span class='ocrx_word' id='word_1_789' title='bbox 2893 4289 3147 4354; x_wconf 88' lang='lat' dir='ltr'>peccator</span> <span class='ocrx_word' id='word_1_790' title='bbox 3201 4277 3538 4346; x_wconf 87' lang='lat' dir='ltr'>dissimulat,</span> <span class='ocrx_word' id='word_1_791' title='bbox 3595 4279 3782 4336; x_wconf 89' lang='lat' dir='ltr'>saltem</span> 
     </span>
    </p>
   </div>
   <div class='ocr_carea' id='block_1_107' title="bbox 2176 4365 3785 4443">
    <p class='ocr_par' dir='ltr' id='par_1_107' title="bbox 2176 4365 3785 4443">
     <span class='ocr_line' id='line_1_107' title="bbox 2176 4365 3785 4443; baseline -0.002 -18"><span class='ocrx_word' id='word_1_792' title='bbox 2176 4367 2320 4428; x_wconf 90' lang='lat' dir='ltr'>hanc</span> <span class='ocrx_word' id='word_1_793' title='bbox 2335 4387 2404 4428; x_wconf 84' lang='lat' dir='ltr'>ex</span> <span class='ocrx_word' id='word_1_794' title='bbox 2433 4385 2568 4428; x_wconf 88' lang='lat' dir='ltr'>voce</span> <span class='ocrx_word' id='word_1_795' title='bbox 2597 4369 2947 4443; x_wconf 82' lang='lat' dir='ltr'>praedicantis</span> <span class='ocrx_word' id='word_1_796' title='bbox 2965 4377 3242 4442; x_wconf 85' lang='lat' dir='ltr'>agnoscat.</span> <span class='ocrx_word' id='word_1_797' title='bbox 3267 4365 3557 4441; x_wconf 90' lang='lat' dir='ltr'>Templum</span> <span class='ocrx_word' id='word_1_798' title='bbox 3587 4367 3785 4441; x_wconf 89' lang='lat' dir='ltr'>quippe</span> 
     </span>
    </p>
   </div>
   <div class='ocr_carea' id='block_1_108' title="bbox 2174 4456 3784 4532">
    <p class='ocr_par' dir='ltr' id='par_1_108' title="bbox 2174 4456 3784 4532">
     <span class='ocr_line' id='line_1_108' title="bbox 2174 4456 3784 4532; baseline -0.002 -18"><span class='ocrx_word' id='word_1_799' title='bbox 2174 4457 2558 4532; x_wconf 89' lang='lat' dir='ltr'>peccatoribus</span> <span class='ocrx_word' id='word_1_800' title='bbox 2600 4459 2888 4516; x_wconf 88' lang='lat' dir='ltr'>ostendere</span> <span class='ocrx_word' id='word_1_801' title='bbox 2929 4465 3010 4514; x_wconf 92' lang='lat' dir='ltr'>est</span> <span class='ocrx_word' id='word_1_802' title='bbox 3054 4467 3246 4530; x_wconf 89' lang='lat' dir='ltr'>sponte</span> <span class='ocrx_word' id='word_1_803' title='bbox 3293 4473 3394 4514; x_wconf 89' lang='lat' dir='ltr'>sua</span> <span class='ocrx_word' id='word_1_804' title='bbox 3439 4456 3784 4514; x_wconf 89' lang='lat' dir='ltr'>considerare</span> 
     </span>
    </p>
   </div>
   <div class='ocr_carea' id='block_1_109' title="bbox 2175 4547 3784 4623">
    <p class='ocr_par' dir='ltr' id='par_1_109' title="bbox 2175 4547 3784 4623">
     <span class='ocr_line' id='line_1_109' title="bbox 2175 4547 3784 4623; baseline -0.002 -17"><span class='ocrx_word' id='word_1_805' title='bbox 2175 4549 2496 4607; x_wconf 87' lang='lat' dir='ltr'>nolentibus</span> <span class='ocrx_word' id='word_1_806' title='bbox 2525 4557 2800 4608; x_wconf 89' lang='lat' dir='ltr'>rectorum</span> <span class='ocrx_word' id='word_1_807' title='bbox 2829 4565 2995 4623; x_wconf 87' lang='lat' dir='ltr'>opera</span> <span class='ocrx_word' id='word_1_808' title='bbox 3021 4563 3262 4605; x_wconf 90' lang='lat' dir='ltr'>narrare.</span> <span class='ocrx_word' id='word_1_809' title='bbox 3287 4547 3393 4617; x_wconf 89' lang='lat' dir='ltr'>Qui</span> <span class='ocrx_word' id='word_1_810' title='bbox 3415 4547 3620 4621; x_wconf 87' lang='lat' dir='ltr'>itaque,</span> <span class='ocrx_word' id='word_1_811' title='bbox 3643 4547 3784 4604; x_wconf 89' lang='lat' dir='ltr'>sicut</span> 
     </span>
    </p>
   </div>
   <div class='ocr_carea' id='block_1_110' title="bbox 2175 4637 3785 4712">
    <p class='ocr_par' dir='ltr' id='par_1_110' title="bbox 2175 4637 3785 4712">
     <span class='ocr_line' id='line_1_110' title="bbox 2175 4637 3785 4712; baseline -0.003 -17"><span class='ocrx_word' id='word_1_812' title='bbox 2175 4639 2443 4708; x_wconf 85' lang='lat' dir='ltr'>diximus,</span> <span class='ocrx_word' id='word_1_813' title='bbox 2475 4639 2704 4712; x_wconf 91' lang='lat' dir='ltr'>perduci</span> <span class='ocrx_word' id='word_1_814' title='bbox 2733 4638 2802 4695; x_wconf 92' lang='lat' dir='ltr'>ad</span> <span class='ocrx_word' id='word_1_815' title='bbox 2831 4654 3046 4695; x_wconf 88' lang='lat' dir='ltr'>summa</span> <span class='ocrx_word' id='word_1_816' title='bbox 3075 4637 3406 4706; x_wconf 88' lang='lat' dir='ltr'>desiderant,</span> <span class='ocrx_word' id='word_1_817' title='bbox 3439 4652 3654 4708; x_wconf 90' lang='lat' dir='ltr'>semper</span> <span class='ocrx_word' id='word_1_818' title='bbox 3680 4649 3785 4690; x_wconf 86' lang='lat' dir='ltr'>ne-</span> 
     </span>
    </p>
   </div>
   <div class='ocr_carea' id='block_1_111' title="bbox 2174 4727 3780 4803">
    <p class='ocr_par' dir='ltr' id='par_1_111' title="bbox 2174 4727 3780 4803">
     <span class='ocr_line' id='line_1_111' title="bbox 2174 4727 3780 4803; baseline -0.006 -14"><span class='ocrx_word' id='word_1_819' title='bbox 2174 4749 2323 4790; x_wconf 90' lang='lat' dir='ltr'>cesse</span> <span class='ocrx_word' id='word_1_820' title='bbox 2358 4739 2441 4789; x_wconf 90' lang='lat' dir='ltr'>est</span> <span class='ocrx_word' id='word_1_821' title='bbox 2467 4741 2532 4789; x_wconf 91' lang='lat' dir='ltr'>ut</span> <span class='ocrx_word' id='word_1_822' title='bbox 2561 4731 2854 4788; x_wconf 90' lang='lat' dir='ltr'>meliorum</span> <span class='ocrx_word' id='word_1_823' title='bbox 2884 4728 3237 4803; x_wconf 87' lang='lat' dir='ltr'>provectibus</span> <span class='ocrx_word' id='word_1_824' title='bbox 3266 4727 3576 4797; x_wconf 88' lang='lat' dir='ltr'>intendant,</span> <span class='ocrx_word' id='word_1_825' title='bbox 3601 4734 3780 4801; x_wconf 82' lang='lat' dir='ltr'>quate-</span> 
     </span>
    </p>
   </div>
   <div class='ocr_carea' id='block_1_112' title="bbox 2173 4817 3781 4892">
    <p class='ocr_par' dir='ltr' id='par_1_112' title="bbox 2173 4817 3781 4892">
     <span class='ocr_line' id='line_1_112' title="bbox 2173 4817 3781 4892; baseline -0.005 -14"><span class='ocrx_word' id='word_1_826' title='bbox 2173 4838 2280 4878; x_wconf 90' lang='lat' dir='ltr'>nus</span> <span class='ocrx_word' id='word_1_827' title='bbox 2309 4830 2466 4879; x_wconf 87' lang='lat' dir='ltr'>tanto</span> <span class='ocrx_word' id='word_1_828' title='bbox 2513 4818 2822 4878; x_wconf 85' lang='lat' dir='ltr'>districtius</span> <span class='ocrx_word' id='word_1_829' title='bbox 2859 4819 2918 4876; x_wconf 91' lang='lat' dir='ltr'>in</span> <span class='ocrx_word' id='word_1_830' title='bbox 2947 4836 3005 4877; x_wconf 90' lang='lat' dir='ltr'>se</span> <span class='ocrx_word' id='word_1_831' title='bbox 3033 4820 3223 4892; x_wconf 86' lang='lat' dir='ltr'>culpas</span> <span class='ocrx_word' id='word_1_832' title='bbox 3263 4817 3537 4892; x_wconf 89' lang='lat' dir='ltr'>judicent,</span> <span class='ocrx_word' id='word_1_833' title='bbox 3581 4823 3781 4891; x_wconf 92' lang='lat' dir='ltr'>quanto</span> 
     </span>
    </p>
   </div>
   <div class='ocr_carea' id='block_1_113' title="bbox 2175 4905 3341 4982">
    <p class='ocr_par' dir='ltr' id='par_1_113' title="bbox 2175 4905 3341 4982">
     <span class='ocr_line' id='line_1_113' title="bbox 2175 4905 3341 4982; baseline -0.005 -14"><span class='ocrx_word' id='word_1_834' title='bbox 2175 4911 2235 4968; x_wconf 90' lang='lat' dir='ltr'>in</span> <span class='ocrx_word' id='word_1_835' title='bbox 2265 4909 2380 4967; x_wconf 91' lang='lat' dir='ltr'>illis</span> <span class='ocrx_word' id='word_1_836' title='bbox 2411 4909 2554 4966; x_wconf 91' lang='lat' dir='ltr'>alius</span> <span class='ocrx_word' id='word_1_837' title='bbox 2583 4907 2730 4982; x_wconf 89' lang='lat' dir='ltr'>quod</span> <span class='ocrx_word' id='word_1_838' title='bbox 2758 4906 3102 4964; x_wconf 91' lang='lat' dir='ltr'>admirentur</span> <span class='ocrx_word' id='word_1_839' title='bbox 3133 4905 3341 4963; x_wconf 86' lang='lat' dir='ltr'>vident.</span> 
     </span>
    </p>
   </div>
   <div class='ocr_carea' id='block_1_114' title="bbox 2247 4990 3781 5074">
    <p class='ocr_par' dir='ltr' id='par_1_114' title="bbox 2247 4990 3781 5074">
     <span class='ocr_line' id='line_1_114' title="bbox 2247 4990 3781 5074; baseline -0.008 -15"><span class='ocrx_word' id='word_1_840' title='bbox 2247 5002 2333 5059; x_wconf 91' lang='grc'>19.</span> <span class='ocrx_word' id='word_1_841' title='bbox 2367 5001 2481 5074; x_wconf 86' lang='lat' dir='ltr'>Ipsi</span> <span class='ocrx_word' id='word_1_842' title='bbox 2499 4999 2639 5071; x_wconf 87' lang='lat' dir='ltr'>justi</span> <span class='ocrx_word' id='word_1_843' title='bbox 2665 5017 2730 5055; x_wconf 73' lang='lat' dir='ltr'>ex</span> <span class='ocrx_word' id='word_1_844' title='bbox 2757 4999 2992 5055; x_wconf 83' lang='lat' dir='ltr'>aliorum</span> <span class='ocrx_word' id='word_1_845' title='bbox 3027 5002 3328 5052; x_wconf 88' lang='lat' dir='ltr'>sanctorum</span> <span class='ocrx_word' id='word_1_846' title='bbox 3373 4990 3781 5053; x_wconf 75' lang='lat' dir='ltr'>consideratione</span> 
     </span>
    </p>
   </div>
   <div class='ocr_carea' id='block_1_115' title="bbox 2168 5087 3776 5168">
    <p class='ocr_par' dir='ltr' id='par_1_115' title="bbox 2168 5087 3776 5168">
     <span class='ocr_line' id='line_1_115' title="bbox 2168 5087 3776 5168; baseline -0.006 -18"><span class='ocrx_word' id='word_1_847' title='bbox 2168 5093 2662 5168; x_wconf 65' lang='lat' dir='ltr'>proﬁciunt—Sed</span> <span class='ocrx_word' id='word_1_848' title='bbox 2677 5091 2810 5166; x_wconf 91' lang='lat' dir='ltr'>quid</span> <span class='ocrx_word' id='word_1_849' title='bbox 2822 5091 2927 5150; x_wconf 89' lang='lat' dir='ltr'>ista</span> <span class='ocrx_word' id='word_1_850' title='bbox 2943 5089 3009 5148; x_wconf 91' lang='lat' dir='ltr'>de</span> <span class='ocrx_word' id='word_1_851' title='bbox 3026 5089 3378 5164; x_wconf 89' lang='lat' dir='ltr'>peccantibus</span> <span class='ocrx_word' id='word_1_852' title='bbox 3394 5087 3776 5155; x_wconf 89' lang='lat' dir='ltr'>dicimus,cum</span> 
     </span>
    </p>
   </div>
   <div class='ocr_carea' id='block_1_116' title="bbox 2174 5173 3776 5258">
    <p class='ocr_par' dir='ltr' id='par_1_116' title="bbox 2174 5173 3776 5258">
     <span class='ocr_line' id='line_1_116' title="bbox 2174 5173 3776 5258; baseline -0.007 -17"><span class='ocrx_word' id='word_1_853' title='bbox 2174 5183 2324 5257; x_wconf 90' lang='lat' dir='ltr'>ipsos</span> <span class='ocrx_word' id='word_1_854' title='bbox 2351 5199 2569 5258; x_wconf 88' lang='lat' dir='ltr'>quoque</span> <span class='ocrx_word' id='word_1_855' title='bbox 2597 5187 2906 5254; x_wconf 90' lang='lat' dir='ltr'>operatores</span> <span class='ocrx_word' id='word_1_856' title='bbox 2945 5178 3178 5251; x_wconf 77' lang='lat' dir='ltr'>justitiae</span> <span class='ocrx_word' id='word_1_857' title='bbox 3208 5183 3359 5234; x_wconf 89' lang='lat' dir='ltr'>tanta</span> <span class='ocrx_word' id='word_1_858' title='bbox 3385 5176 3615 5252; x_wconf 89' lang='lat' dir='ltr'>provehi</span> <span class='ocrx_word' id='word_1_859' title='bbox 3657 5173 3776 5231; x_wconf 88' lang='lat' dir='ltr'>dis-</span> 
     </span>
    </p>
   </div>
   <div class='ocr_carea' id='block_1_117' title="bbox 2174 5259 3776 5348">
    <p class='ocr_par' dir='ltr' id='par_1_117' title="bbox 2174 5259 3776 5348">
     <span class='ocr_line' id='line_1_117' title="bbox 2174 5259 3776 5348; baseline -0.007 -17"><span class='ocrx_word' id='word_1_860' title='bbox 2174 5271 2495 5348; x_wconf 87' lang='lat' dir='ltr'>pensatione</span> <span class='ocrx_word' id='word_1_861' title='bbox 2541 5270 2828 5329; x_wconf 86' lang='lat' dir='ltr'>videamus</span> <span class='ocrx_word' id='word_1_862' title='bbox 2873 5270 2930 5343; x_wconf 94' lang='grc' dir='ltr'>(Ι</span> <span class='ocrx_word' id='word_1_863' title='bbox 2957 5271 3082 5328; x_wconf 87' lang='lat' dir='ltr'>Cor.</span> <span class='ocrx_word' id='word_1_864' title='bbox 3127 5285 3228 5338; x_wconf 84' lang='lat' dir='ltr'>xu,</span> <span class='ocrx_word' id='word_1_865' title='bbox 3270 5267 3324 5338; x_wconf 90' lang='lat'>8,</span> <span class='ocrx_word' id='word_1_866' title='bbox 3374 5267 3430 5337; x_wconf 89' lang='lat'>9,</span> <span class='ocrx_word' id='word_1_867' title='bbox 3477 5266 3541 5324; x_wconf 90' lang='grc'><strong>10</strong></span> <span class='ocrx_word' id='word_1_868' title='bbox 3569 5272 3616 5323; x_wconf 88' lang='lat' dir='ltr'>et</span> <span class='ocrx_word' id='word_1_869' title='bbox 3645 5259 3776 5336; x_wconf 80' lang='lat' dir='ltr'>il)?</span> 
     </span>
    </p>
   </div>
   <div class='ocr_carea' id='block_1_118' title="bbox 2175 5457 3592 5535">
    <p class='ocr_par' dir='ltr' id='par_1_118' title="bbox 2175 5457 3592 5535">
     <span class='ocr_line' id='line_1_118' title="bbox 2175 5457 3592 5535; baseline -0.007 -9"><span class='ocrx_word' id='word_1_870' title='bbox 2175 5465 2490 5535; x_wconf 89' lang='lat' dir='ltr'>necessitas,</span> <span class='ocrx_word' id='word_1_871' title='bbox 2521 5481 2589 5522; x_wconf 90' lang='lat' dir='ltr'>ne</span> <span class='ocrx_word' id='word_1_872' title='bbox 2618 5459 3214 5535; x_wconf 87' lang='lat' dir='ltr'>circumlocutionibus</span> <span class='ocrx_word' id='word_1_873' title='bbox 3231 5457 3395 5535; x_wconf 85' lang='lat' dir='ltr'>detur</span> <span class='ocrx_word' id='word_1_874' title='bbox 3424 5459 3592 5518; x_wconf 91' lang='lat' dir='ltr'>locus.</span> 
     </span>
    </p>
   </div>
   <div class='ocr_carea' id='block_1_119' title="bbox 2248 5533 3406 5605">
    <p class='ocr_par' dir='ltr' id='par_1_119' title="bbox 2248 5533 3406 5605">
     <span class='ocr_line' id='line_1_119' title="bbox 2248 5533 3406 5605; baseline -0.007 -9"><span class='ocrx_word' id='word_1_875' title='bbox 2248 5541 2270 5574; x_wconf 77' lang='grc'>²</span> <span class='ocrx_word' id='word_1_876' title='bbox 2298 5533 2482 5605; x_wconf 79' lang='lat' dir='ltr'>Editi,</span> <span class='ocrx_word' id='word_1_877' title='bbox 2504 5535 2908 5594; x_wconf 90' lang='lat' dir='ltr'>reluctantibus</span> <span class='ocrx_word' id='word_1_878' title='bbox 2934 5536 3086 5602; x_wconf 71' lang='lat' dir='ltr'>Mss,</span> <span class='ocrx_word' id='word_1_879' title='bbox 3118 5533 3406 5588; x_wconf 82' lang='lat' dir='ltr'>meliorem.</span> 
     </span>
    </p>
   </div>
   <div class='ocr_carea' id='block_1_120' title="bbox 2247 5608 3447 5676">
    <p class='ocr_par' dir='ltr' id='par_1_120' title="bbox 2247 5608 3447 5676">
     <span class='ocr_line' id='line_1_120' title="bbox 2247 5608 3447 5676; baseline -0.006 -11"><span class='ocrx_word' id='word_1_880' title='bbox 2247 5612 2268 5646; x_wconf 82' lang='grc'>³</span> <span class='ocrx_word' id='word_1_881' title='bbox 2302 5611 2532 5676; x_wconf 89' lang='lat' dir='ltr'>Turon.,</span> <span class='ocrx_word' id='word_1_882' title='bbox 2563 5609 2670 5663; x_wconf 87' lang='lat' dir='ltr'>nisi</span> <span class='ocrx_word' id='word_1_883' title='bbox 2699 5608 2920 5664; x_wconf 87' lang='lat' dir='ltr'>illorum</span> <span class='ocrx_word' id='word_1_884' title='bbox 2947 5608 3057 5662; x_wconf 84' lang='lat' dir='ltr'>vita</span> <span class='ocrx_word' id='word_1_885' title='bbox 3085 5610 3447 5675; x_wconf 85' lang='lat' dir='ltr'>comparatur.</span> 
     </span>
    </p>
   </div>
   <div class='ocr_carea' id='block_1_121' title="bbox 2249 5679 2846 5748">
    <p class='ocr_par' dir='ltr' id='par_1_121' title="bbox 2249 5679 2846 5748">
     <span class='ocr_line' id='line_1_121' title="bbox 2249 5679 2846 5748; baseline -0.002 -13"><span class='ocrx_word' id='word_1_886' title='bbox 2249 5682 2270 5717; x_wconf 76' lang='grc'><strong>⁴</strong></span> <span class='ocrx_word' id='word_1_887' title='bbox 2301 5681 2530 5748; x_wconf 88' lang='lat' dir='ltr'>Turon.,</span> <span class='ocrx_word' id='word_1_888' title='bbox 2557 5679 2846 5734; x_wconf 85' lang='lat' dir='ltr'>imitemur.</span> 
     </span>
    </p>
   </div>
   <div class='ocr_carea' id='block_1_122' title="bbox 2250 5746 3274 5822">
    <p class='ocr_par' dir='ltr' id='par_1_122' title="bbox 2250 5746 3274 5822">
     <span class='ocr_line' id='line_1_122' title="bbox 2250 5746 3274 5822; baseline -0.006 -14"><span class='ocrx_word' id='word_1_889' title='bbox 2250 5755 2270 5786; x_wconf 76' lang='grc'><strong>⁵</strong></span> <span class='ocrx_word' id='word_1_890' title='bbox 2301 5750 2451 5808; x_wconf 90' lang='lat' dir='ltr'>Idem</span> <span class='ocrx_word' id='word_1_891' title='bbox 2483 5746 2693 5818; x_wconf 84' lang='lat' dir='ltr'>Codex,</span> <span class='ocrx_word' id='word_1_892' title='bbox 2725 5749 2958 5822; x_wconf 79' lang='lat' dir='ltr'>tepitudo</span> <span class='ocrx_word' id='word_1_893' title='bbox 2975 5746 3274 5820; x_wconf 84' lang='lat' dir='ltr'>pigrorum.</span> 
     </span>
    </p>
   </div>
  </div>
