3928 6442
893 355 1275 413 MORALI'UM
1311 353 1446 414 LIB.
1489 353 1702 414 XXIV.
1737 383 1814 399 -—
1848 353 1923 414 IN
1953 354 2187 418 CAPUT
2225 361 2467 421 XXXIII
2504 368 2570 422 D.
2611 368 2754 424 JOB.

3364 369 3472 433 298

147 481 308 538 Μία
330 495 578 553 Μωφθ
601 479 812 536 mm
843 480 1094 536 πίθωίῶ
1127 479 1351 553 accipit,
1379 485 1436 536 et
1471 488 1656 536 tamen
1682 477 1756 537 ad
1782 482 1834 541 A
1861 492 1916 542 et
1941 487 2090 544 vires
2117 502 2245 544 suas
2271 487 2332 542 in
2351 484 2689 545 humilitatis
2714 493 2922 563 gremio
2946 491 3204 567 nutriret,
3227 497 3468 556 crudeli-

147 572 415 628 virtutem
434 570 588 626 mirae
601 569 950 626 abstinentiae
961 586 1071 627 non
1091 571 1371 644 pertingit.
1389 571 1548 627 Alius
1561 586 1758 639 magna

146 662 499 721 abstinentiae
530 661 736 716 virtute
765 661 1092 733 accingitur,
1123 678 1223 718 nec
1248 669 1433 718 tamen
1464 661 1521 716 in
1543 676 1758 717 summa

146 751 394 809 scientia
419 750 888 822 contemplatione
909 751 1197 808 dilatatur.
1219 751 1380 808 Alius
1409 765 1507 824 per
1523 751 1755 822 prophe-

145 845 234 900 tiie
272 843 542 915 spiritum
573 842 721 898 valet
759 841 948 898 omnia
987 850 1219 899 ventura
1256 857 1620 915 praenoscere,
1657 838 1754 896 sed

144 944 329 991 tamen
371 949 471 1006 per
495 934 807 990 curationis
851 934 1080 1006 gratiam
1130 951 1243 990 non
1279 933 1428 989 valet
1469 930 1754 1004 praesentis

143 1025 414 1082 molestia
447 1025 591 1080 mala
617 1025 927 1082 sublevare.
962 1025 1122 1081 Alius
1160 1041 1258 1098 per
1290 1022 1593 1080 curationis
1623 1037 1754 1093 gra-

139 1119 278 1174 tiam
309 1117 458 1174 mala
487 1117 774 1188 praesentis
816 1116 1083 1172 molestiae
1123 1115 1398 1180 sublevat,
1437 1113 1534 1168 sed
1567 1119 1752 1167 tamen

141 1209 273 1282 quia
313 1207 624 1280 prophetia:
667 1207 927 1279 spiritum
963 1222 1075 1262 non
1106 1205 1292 1270 habet,
1327 1203 1463 1280 quid
1493 1208 1754 1274 sequatur

140 1299 383 1371 ignorat.
403 1297 565 1353 Alius
585 1296 966 1368 indigentibus
989 1297 1163 1352 multa
1181 1295 1295 1368 jam
1319 1294 1540 1367 propria
1564 1291 1752 1364 largiri

139 1395 345 1462 potest,
393 1387 488 1443 sed
531 1395 714 1443 tamen
758 1385 962 1458 injuste
993 1387 1282 1459 agentibus
1311 1383 1538 1440 obviare
1582 1381 1752 1436 libero

139 1493 252 1533 non
289 1484 488 1548 potest.
512 1476 672 1531 Alius
703 1473 908 1546 injuste
928 1473 1216 1546 agentibus
1243 1471 1503 1529 audacter
1523 1487 1621 1543 pro
1645 1472 1752 1525 Deo

140 1565 358 1631 obviat,
393 1565 490 1621 sed
521 1572 704 1620 tamen
749 1564 1126 1636 indigentibus
1157 1580 1276 1636 quae
1315 1562 1480 1618 habet
1511 1559 1754 1616 tribuere

139 1656 337 1712 omnia
379 1662 612 1710 recusat.
661 1654 821 1709 Alius
853 1653 968 1725 jam
999 1661 1054 1710 et
1099 1654 1166 1709 ab
1196 1653 1374 1708 otioso
1404 1667 1461 1707 se
1503 1659 1754 1706 sermone

138 1748 506 1820 restringens,
559 1745 762 1818 linguae
808 1745 1094 1801 lasciviam
1139 1751 1382 1815 superat,
1428 1741 1526 1797 sed
1568 1747 1755 1795 tamen

1865 577 1995 634 tatis
2043 591 2158 634 suae
2213 577 2455 651 antiqua;
2525 593 2639 634 non
2697 577 2991 640 immemor
3022 629 3038 654 ,
3093 587 3470 658 apostolorum

1865 668 2114 725 omnium
2144 665 2521 726 innocentiam
2562 674 2990 744 contemplatus,
3035 673 3112 730 ait
3145 695 3156 732 :
3192 675 3304 748 Ego
3333 679 3472 735 enim

1863 774 1979 814 sum
2008 760 2256 814 minimus
2275 762 2660 832 apostolorum,
2691 763 2785 833 qui
2812 780 2919 817 non
2947 781 3064 820 sum
3086 763 3276 835 dignus
3293 769 3474 825 vocari

1863 851 2299 920 apostolus,un
2335 858 2639 922 persecutus
2668 865 2783 910 sum
2810 851 3101 910 Ecclesium
3129 854 3228 910 Dei
3254 857 3312 927 (Ι
3345 859 3470 917 Cor.

1862 953 1960 1008 xv,
1991 937 2072 1012 9).
2113 940 2186 996 Et
2222 947 2407 998 tamen
2441 941 2764 1000 eorumdem
2807 943 3056 1001 omnium
3096 945 3476 1018 apostolorum

1861 1027 2095 1100 primus,
2119 1031 2272 1102 quasi
2297 1031 2508 1104 accepti
2540 1031 2884 1106 principatus
2906 1034 3202 1103 oblitus,ac
3217 1036 3264 1092 si
3293 1037 3478 1094 minus

1862 1115 1976 1189 ipse
2005 1118 2216 1192 aliquid
2246 1127 2478 1192 saperet,
2527 1119 2584 1178 in
2634 1123 2804 1180 Paulo
2857 1125 3181 1197 sapientiam
3221 1127 3476 1196 miratur,

1861 1203 2086 1263 dicens:
2125 1209 2271 1264 Sicut
2299 1215 2346 1262 et
2377 1210 2718 1266 charissimus
2747 1213 2922 1283 frater
2949 1221 3128 1270 (proster
3159 1215 3365 1272 Paulus
3401 1237 3476 1275 se-

1861 1299 2090 1352 cundum
2119 1298 2299 1354 datam
2325 1299 2424 1354 sibi
2451 1301 2768 1372 sapientiam
2807 1303 3022 1376 scripsit
3051 1304 3216 1374 vobis,
3257 1307 3392 1364 sicut
3428 1319 3478 1367 et

1861 1385 1920 1441 in
1947 1389 2186 1444 omnibus
2215 1390 2470 1460 epistolis,
2510 1390 2724 1461 loquens
2768 1391 2823 1446 in
2871 1395 2944 1447 eis
2991 1395 3052 1449 de
3081 1394 3162 1450 his
3193 1397 3247 1450 in
3277 1400 3468 1468 quibus

1863 1485 1986 1532 sunt
2012 1479 2252 1550 qumdam
2281 1479 2517 1552 difﬁcilia
2549 1478 2927 1548 intellecluﬂl
2955 1482 3098 1540 Petr.
3144 1487 3472 1560 [11,15,16).

1863 1569 2004 1624 Ecce
2034 1569 2236 1624 Paulus
2265 1569 2321 1624 in
2350 1570 2616 1642 apostolis
2647 1571 2882 1627 miratur
2910 1572 3312 1645 innocentiam,
3350 1594 3477 1634 ecce

1863 1658 2236 1727 apostolorum
2277 1657 2532 1730 princeps
2569 1659 2802 1716 miratur
2831 1660 2889 1716 in
2921 1661 3092 1717 Paulo
3121 1663 3474 1734 sapientiam.

1868 1744 2006 1818 [νει.
2037 1745 2196 1818 ΧΠ]
2223 1745 2369 1813 Quid
2397 1757 2478 1801 est
2508 1749 2635 1814 hoc,
2668 1747 2776 1802 nisi
2815 1747 2960 1820 quod
2992 1751 3167 1806 sancti
3192 1751 3320 1820 viri,
3344 1753 3478 1811 dum

139 1835 332 1893 adhuc
362 1835 703 1906 insurgentes
733 1833 829 1890 im
864 1833 1119 1890 stimulos
1145 1832 1385 1904 perfecte
1416 1845 1530 1886 non
1557 1829 1752 1886 calcat
1783 1848 1830 1909 Β
1865 1837 2136 1891 virtutum
2156 1835 2597 1891 consideratione
2615 1838 2861 1894 vicissim
2879 1837 2982 1892 sibi
3001 1840 3140 1894 alios
3158 1839 3479 1912 praeferunt,

141 1926 307 1982 Alius
349 1927 726 1998 insurgentem
774 1925 912 1980 iram
950 1923 1065 1996 jam
1099 1924 1340 1995 perfecte
1379 1921 1627 1989 edomat,
1655 1917 1754 1974 sed

139 2031 330 2090 tamen
360 2015 547 2074 adhuc
583 2016 828 2088 linguam
857 2015 917 2070 in
950 2014 1203 2070 laetitiam
1231 2012 1466 2067 relaxat.
1497 2007 1652 2078 Quid
1677 2013 1764 2064 est

141 2105 270 2174 hoc,
303 2104 457 2179 quod
501 2105 601 2161 iste
641 2122 708 2162 eo
737 2106 883 2162 bono
913 2103 1124 2176 indiget
1153 2119 1263 2176 quo
1301 2103 1444 2159 alius
1473 2099 1678 2172 pollet;
1711 2102 1767 2153 et

144 2196 261 2264 illo,
283 2211 415 2252 cum
445 2197 638 2251 multis
675 2195 900 2266 polleat,
935 2193 1156 2250 abunde
1182 2193 1310 2248 aliis
1329 2191 1542 2248 bonum
1567 2191 1761 2246 adesse

141 2286 461 2343 considerat
489 2287 637 2362 quod
664 2285 773 2343 sibi
803 2287 991 2344 deesse
1019 2284 1283 2356 suspirat,
1305 2283 1415 2338 nisi
1437 2280 1586 2354 quod
1619 2282 1764 2336 mira

140 2379 438 2436 nobiscum
461 2379 870 2451 dispensatione
889 2377 1092 2450 agitur,
1115 2383 1175 2432 ut
1198 2391 1294 2448 per
1322 2373 1429 2430 hoc
1449 2372 1600 2446 quod
1620 2372 1766 2428 alter

141 2466 406 2539 babet,et
437 2470 544 2525 iste
575 2486 684 2525 non
713 2467 904 2536 habet,
931 2470 947 2503 ¹
981 2484 1126 2523 unus
1155 2465 1329 2521 altero
1360 2463 1559 2519 melior
1579 2469 1761 2518 osten-

140 2561 328 2630 datur,
349 2568 622 2634 quatenus
636 2567 792 2616 tanto
807 2558 1092 2615 ardentius
1111 2555 1180 2612 ad
1209 2554 1585 2611 humilitatem
1609 2550 1759 2625 quis-

142 2667 248 2724 que
276 2649 557 2727 proﬁciat,
591 2657 797 2728 quanto
826 2665 897 2705 ex
923 2647 1087 2704 bonis
1117 2663 1238 2720 quae
1271 2659 1383 2700 non
1415 2641 1582 2699 habet
1619 2641 1758 2697 infe-

143 2740 348 2797 riorem
376 2756 440 2796 se
467 2737 800 2794 habentibus
831 2736 1065 2810 pensat?
1094 2735 1294 2808 Sicque
1315 2732 1380 2788 ﬁt
1408 2738 1469 2786 ut
1498 2730 1633 2786 dum
1666 2729 1762 2784 ille

142 2831 202 2886 in
233 2831 363 2900 isto,
396 2837 562 2903 atque
603 2829 697 2885 hic
738 2829 795 2883 in
838 2827 938 2882 illo
969 2825 1195 2897 respicit
1239 2821 1389 2896 quod
1431 2819 1757 2890 admiretur,

142 2920 412 2978 distincta
434 2919 580 2974 bona
599 2923 654 2973 et
677 2915 746 2973 ab
765 2913 1062 2970 altitudine
1081 2912 1340 2968 elationis
1364 2909 1687 2980 reprimant,
1706 2911 1762 2961 et

140 3008 212 3068 ad
241 3009 494 3066 studium
520 3005 798 3078 profectus
817 3001 1138 3059 accendant.
1173 2999 1374 3070 Magna
1397 3010 1636 3068 namque
1654 2993 1759 3050 sol-

139 3098 443 3158 licitudine
471 3094 540 3152 ad
585 3110 776 3150 curam
824 3098 1025 3149 nostrae
1073 3086 1475 3145 meliorationis
1505 3083 1760 3156 accingi-

1877 1924 2124 1981 volantia
2151 1923 2413 1980 animalia
2437 1925 2648 1980 alarum
2680 1925 3030 1997 percussione
3059 1945 3114 1983 se
3142 1935 3396 2001 tangunt,
3420 1939 3484 1987 ut

1877 2028 1942 2070 eo
1971 2012 2039 2070 ad
2069 2014 2314 2070 volatum
2347 2030 2402 2070 se
2423 2013 2592 2071 altius
2619 2015 2882 2085 excitent,
2907 2033 3016 2089 quo
3045 2015 3316 2076 humilius
3341 2021 3479 2078 alter

1877 2103 1935 2159 in
1951 2105 2124 2160 altero
2140 2104 2286 2177 quod
2308 2103 2612 2160 admiretur
2626 2104 2822 2161 videt?
2847 2107 2986 2163 Hinc
3007 2105 3192 2180 itaque
3219 2110 3480 2181 colligen-

1876 2193 2008 2249 dum
2025 2203 2107 2251 est
2118 2202 2323 2268 quanta
2337 2195 2598 2251 debemus
2613 2195 2988 2253 sollicitudine
3007 2197 3296 2255 meliorum
3309 2199 3482 2257 vitam

1875 2281 2192 2353 conspicere
2222 2299 2342 2350 nos,
2382 2283 2476 2356 qui
2508 2285 2563 2339 in
2593 2281 2805 2339 inlimis
2829 2282 3098 2355 jacemus,
3135 2286 3178 2342 si
3211 2293 3265 2342 et
3293 2285 3350 2342 hi
3384 2285 3480 2361 qui

1869 2371 1983 2443 jam
2009 2378 2162 2428 tanta
2191 2373 2480 2429 sanctitate
2509 2374 2773 2430 sublimes
2802 2383 2952 2443 sunt,
2986 2381 3048 2431 ut
3080 2393 3175 2449 per
3195 2377 3482 2434 humilita-

1872 2460 1945 2516 tis
1973 2476 2216 2532 gressum
2246 2462 2316 2518 ad
2344 2462 2554 2534 majora
2582 2462 2894 2534 proficiant,
2925 2463 3108 2522 adhuc
3135 2471 3394 2538 quierunt
3417 2466 3478 2522 in

1871 2551 1996 2608 aliis
2026 2551 2173 2625 quod
2205 2552 2492 2608 imitantes
2521 2552 2888 2610 admirentur.

1939 2642 2030 2700 21.
2063 2643 2293 2714 Reprobi
2320 2644 2392 2699 ad
2415 2643 2736 2699 deteriorum
2765 2648 3004 2717 exempla
3035 2664 3237 2718 semper
3264 2661 3482 2704 conver-

1873 2726 2264 2790 tuntur.—Sed
2289 2731 2408 2792 haec
2428 2733 2648 2807 reprobi
2679 2735 2957 2803 nesciunt,
2979 2735 3109 2808 quia
3135 2735 3336 2792 mentis
3355 2753 3485 2792 ocu-

1869 2819 1954 2874 los
1995 2833 2211 2893 semper
2248 2823 2306 2878 in
2333 2822 2548 2880 infimis
2575 2831 2856 2895 premunt,
2889 2825 2984 2898 qui
3015 2831 3068 2880 et
3101 2822 3145 2881 si
3175 2825 3394 2898 quando
3424 2825 3485 2880 in

1869 2907 2016 2962 viam
2027 2909 2254 2963 Domini
2267 2911 2640 2979 veniunt,non
2654 2912 2723 2966 ad
2739 2912 3034 2969 meliorum
3050 2914 3402 2986 vestigia,sed
3417 2911 3488 2970 ad

1869 2997 2136 3055 intuenda
2164 3013 2380 3072 semper
2408 2997 2744 3056 deteriorum
2772 3003 3027 3074 exempla
3047 3011 3364 3060 vertuntur.
3383 3005 3488 3060 Ne-

1868 3102 1972 3160 que
2001 3087 2150 3144 enim
2179 3103 2370 3146 eorum
2393 3090 2566 3146 vitam
2589 3090 2965 3160 considerant,
2991 3090 3194 3165 quibus
3223 3109 3278 3148 se
3299 3092 3486 3151 burni-

140 3208 295 3260 mur,
329 3187 554 3264 quando
583 3185 641 3242 id
668 3184 895 3240 virtutis
930 3183 986 3238 in
1011 3181 1136 3238 aliis
1169 3180 1448 3236 cernimus
1467 3175 1616 3250 quod
1640 3191 1753 3232 non
1785 3211 1830 3274 α
1867 3175 2056 3234 liando
2086 3187 2442 3252 postponant,
2476 3177 2571 3236 sed
2592 3180 2795 3254 quibus
2823 3179 3196 3253 superbiendo
3221 3200 3278 3238 se
3298 3183 3491 3254 przefe.

140 3281 440 3338 habemus.
463 3275 620 3334 Unde
640 3273 894 3331 Ezechiel
916 3271 1200 3346 propheta,
1225 3286 1352 3326 cum
1369 3268 1618 3324 volantia
1637 3268 1754 3323 ani-

143 3367 742 3438 malia‘descripsisset,
769 3361 1027 3436 adjunxit
1051 3379 1064 3418 :
1095 3363 1169 3416 Et
1196 3358 1385 3416 audivi
1409 3363 1532 3430 post
1557 3375 1637 3413 me
1666 3373 1770 3412 vo-

143 3479 258 3519 cem
298 3454 661 3515 commotionis
706 3470 910 3524 magna:
943 3469 962 3506 :
1007 3451 1290 3508 Benedicta
1331 3449 1510 3522 gloria
1551 3445 1772 3504 Domini

147 3555 172 3588 ³
201 3552 268 3608 de
301 3553 414 3607 loco
445 3553 621 3602 sancto
641 3561 757 3611 suo,
789 3550 839 3599 et
865 3559 1037 3598 vocem
1065 3544 1281 3598 alarum
1305 3540 1624 3596 animalium
1649 3553 1770 3612 per-

144 3653 470 3710 cutientium
486 3647 626 3706 769
657 3652 884 3706 alteram
903 3647 975 3704 ad
993 3648 1224 3702 alteram
1243 3645 1433 3714 (Ezec.
1449 3661 1534 3712 III,
1554 3640 1768 3714 12,13.)

147 3741 303 3816 Quid
333 3757 577 3816 namque
606 3740 719 3796 alas
749 3737 1098 3802 animalium,
1123 3734 1232 3790 nisi
1254 3733 1488 3788 virtutes
1509 3731 1774 3788 debemus

149 3833 365 3894 sentire
395 3838 710 3889 sanctorum
733 3829 761 3886 ?
793 3827 900 3898 Qui
929 3826 1060 3883 dum
1092 3831 1314 3880 terrena
1343 3822 1679 3896 despiciunt,
1705 3819 1776 3876 ad

147 3923 407 3984 caelestia
439 3920 677 3978 volando
707 3919 1087 3977 sublevantur.
1113 3912 1253 3990 [Vet.
1286 3910 1414 3986 ΧΙ.]
1446 3909 1601 3967 Unde
1633 3916 1776 3965 recte

149 4015 434 4089 etiamper
445 4011 638 4068 Isaiam
654 4009 890 4066 dicitur:
919 4006 1026 4078 Qui
1045 4003 1385 4078 conﬁduntin
1398 4001 1648 4070 Domino,
1663 4017 1775 4054 mu-

149 4106 325 4162 abunt
343 4088 746 4176 fortitudinem,
766 4102 1033 4154 assumant
1053 4111 1257 4170 pennas
1279 4099 1337 4147 ut
1363 4090 1561 4163 aquilae
1579 4088 1773 4161 (Isai).

151 4212 255 4266 XL,
277 4193 396 4265 31).
427 4191 690 4249 Volantia
719 4190 901 4264 itaque
931 4186 1196 4242 animalia
1232 4184 1336 4241 alis
1367 4181 1483 4238 suis
1521 4196 1578 4235 se
1611 4177 1776 4234 vicis-

154 4287 267 4346 sim
293 4285 524 4352 feriunt,
558 4283 688 4360 quia
716 4289 1034 4338 sanctorum
1069 4285 1280 4334 mentes
1310 4275 1369 4330 in
1397 4291 1464 4331 eo
1494 4269 1645 4347 quod
1675 4287 1779 4326 su-

153 4395 338 4455 perna
361 4384 652 4452 appetunt,
677 4373 1040 4433 consideratis
1064 4372 1307 4430 invicem
1337 4368 1564 4428 alternis
1587 4365 1780 4423 virtu-

155 4459 698 4534 tibus'excitantur.
748 4469 855 4526 Ala
897 4468 1047 4526 enim
1092 4481 1193 4523 sua
1238 4481 1324 4521 me
1377 4461 1636 4537 percutit,
1681 4458 1779 4532 qui

156 4562 424 4638 exemplo
451 4557 764 4619 sanctitatis
793 4557 1029 4632 propriae
1061 4573 1146 4613 me
1166 4553 1237 4612 ad
1267 4553 1468 4610 melius
1497 4547 1773 4607 accendit.

157 4655 238 4716 Et
265 4653 358 4712 ala
384 4667 508 4728 mea
527 4651 778 4710 vicinum
805 4648 1012 4708 animal
1041 4647 1202 4712 ferio,
1226 4644 1273 4700 si
1297 4641 1596 4717 aliquando
1609 4639 1790 4713 'alter-t

159 4760 310 4818 opus
335 4743 547 4802 bonum
567 4739 714 4818 quod
746 4739 1002 4797 imitetur
1031 4733 1290 4793 ostendo.

239 4833 330 4894 20.
367 4832 520 4904 Quod
547 4826 782 4906 eiemplo
811 4833 1118 4888 sanctorum
1146 4823 1513 4898 apostolorum
1541 4819 1708 4878 Pauli
1740 4824 1791 4876 et

160 4925 322 4986 Petri
347 4923 719 4997 conﬁrmatur.
745 4951 810 4964 --
840 4918 947 4978 Sed
977 4917 1108 4994 quia
1134 4922 1454 4974 sanctorum
1487 4913 1661 4969 vitam
1701 4909 1791 4968 si-

163 5013 423 5088 gniﬁcari
455 5013 577 5072 istis
603 5010 940 5070 animalibus
969 5007 1240 5073 diximus,
1275 5005 1412 5062 libet
1444 5003 1504 5059 in
1533 5002 1656 5075 ipso
1680 5017 1794 5057 vo-

163 5105 292 5162 latu
314 5103 642 5162 animalium
663 5101 856 5160 oculos
875 5100 1079 5159 mentis
1099 5097 1373 5165 attollere,
1393 5101 1446 5154 et
1467 5097 1676 5168 quanta
1695 5090 1794 5147 vi—
1816 5126 1828 5138 ο

1877 3277 2021 3326 rant.
2054 3271 2364 3328 Deteriores
2392 3289 2631 3344 namque
2661 3271 2986 3344 respiciunt,
3009 3272 3212 3345 quibus
3235 3271 3492 3330 meliores

1879 3375 1934 3414 se
1955 3373 2070 3415 esse
2091 3359 2428 3432 gloriantur;
2451 3367 2506 3416 et
2523 3358 2732 3418 idcirco
2754 3359 3018 3433 proiicere
3035 3359 3103 3417 ad
3126 3362 3354 3419 meliora
3375 3379 3488 3419 non

1879 3457 2130 3522 possunt,
2162 3451 2292 3525 quia
2320 3449 2426 3508 hoc
2453 3450 2560 3508 sibi
2585 3453 2834 3530 sufﬁcere
2865 3451 3160 3520 aestimant,
3189 3453 3337 3527 quod
3360 3469 3493 3524 pes-

1879 3539 2048 3597 simos
2089 3541 2448 3598 antecedunt.
2502 3542 2547 3598 Ο
2592 3541 2803 3609 miseri,
2843 3539 2992 3597 viam
3036 3549 3289 3612 pergunt,
3341 3549 3395 3596 et
3432 3540 3491 3596 in

1880 3635 2033 3700 terga
2071 3629 2396 3702 respiciunt.
2439 3631 2542 3688 Per
2589 3649 2739 3702 spem
2787 3629 3032 3704 quidem,
3069 3626 3222 3702 quasi
3267 3635 3394 3684 ante
3433 3644 3490 3683 se

1881 3720 2076 3792 pedem
2109 3720 2418 3792 proferunt,
2437 3719 2531 3776 sed
2555 3737 2650 3792 per
2669 3718 3168 3776 considerationem
3192 3731 3492 3790 pravorum

1883 3809 2177 3866 hominum
2213 3819 2334 3882 post
2364 3826 2420 3866 se
2447 3810 2638 3865 oculos
2668 3809 2930 3865 tendunt.
2961 3809 3111 3866 [tecti
3136 3805 3312 3863 videri
3331 3820 3489 3878 appe-

1885 3907 2031 3965 tunt,
2061 3899 2155 3954 sed
2184 3899 2252 3953 ad
2285 3897 2646 3955 inveniendos
2672 3915 2728 3953 se
2754 3905 2957 3954 tortam
2977 3898 3222 3967 regulam
3242 3903 3490 3952 sumunt.

1883 3985 1939 4043 Si
1968 3985 2118 4042 enim
2167 3985 2488 4056 semetipsos
2527 3985 2716 4058 quales
2761 3994 2892 4040 sunt
2947 3999 3272 4056 cognoscere
3317 3998 3496 4055 appe—

1883 4083 2012 4131 tunt
2045 4118 2059 4143 ,
2107 4091 2220 4129 non
2275 4073 2613 4130 deteriorum
2655 4072 3005 4143 conspicere,
3049 4071 3143 4126 sed
3197 4070 3491 4128 meliorum

1883 4163 2136 4237 exempla
2163 4161 2485 4220 debuerant.
2531 4161 2744 4220 Idcirco
2776 4177 2906 4233 ergo
2945 4168 3260 4234 peccatores
3290 4177 3346 4216 se
3373 4175 3492 4216 esse

1886 4268 1998 4310 non
2028 4251 2366 4325 intelligunt,
2386 4250 2516 4326 quia
2535 4251 2792 4308 homines
2813 4267 2924 4307 non
2945 4250 3262 4306 attendunt.
3289 4249 3427 4306 Nam
3445 4248 3492 4305 si

1886 4351 2142 4408 homines
2169 4351 2516 4408 attenderem
2538 4357 2806 4424 quantum
2839 4345 2982 4404 770
3009 4345 3285 4421 peccando
3315 4345 3500 4404 dista-

1886 4448 2009 4498 rent
2051 4459 2083 4498 a
2123 4441 2285 4498 bonis
2323 4439 2670 4510 hominibus,
2718 4439 3056 4496 invenirent.
3099 4439 3178 4495 De
3215 4435 3323 4494 hoc
3368 4453 3498 4509 ergo

1887 4535 2187 4607 poenitente
2217 4533 2314 4608 qui
2354 4533 2565 4592 idcirco
2592 4533 2867 4590 bonorum
2900 4532 3157 4604 exempla
3184 4527 3500 4588 considerat

1898 4630 1961 4680 ut
1980 4624 2311 4697 sibimetipsi
2349 4632 2618 4698 quantum
2657 4639 2691 4680 a
2717 4621 2866 4680 bono
2907 4637 3167 4680 receccan
3196 4619 3506 4678 innotescat

1896 4713 2035 4772 bene
2062 4715 2302 4773 dicitur:

2513 4822 2743 4882 CAPUT
2780 4821 2881 4880 IX.

1971 4933 2144 4992 Vnus.
2187 4933 2276 4990 27.
2304 4959 2378 4974 -·
2403 4931 2662 5002 Respiciet
2687 4931 2922 4986 homines
2949 4935 3000 4984 et
3023 4927 3158 4984 dicet
3186 4945 3204 4983 :
3235 4929 3257 4964 ³
3285 4920 3508 4984 Peccavi

1900 5033 1950 5082 et
1974 5043 2092 5080 uere
2120 5023 2345 5094 deliqui,
2372 5029 2422 5078 et
2447 5029 2509 5078 ait
2533 5038 2680 5078 eram
2707 5022 2897 5093 dignus
2923 5036 3030 5076 non
3056 5018 3249 5089 recepi.

1968 5116 2060 5173 22.
2089 5115 2232 5171 Dum
2259 5129 2314 5168 se
2341 5114 2458 5186 ﬁcte
2472 5119 2768 5185 peceatores
2789 5127 2896 5167 esse
2923 5111 3260 5182 conﬁtentur,
3287 5107 3354 5163 de
3371 5121 3510 5162 con-

161 5196 364 5257 dissim
391 5195 606 5268 alarum
627 5192 981 5268 percussione
1000 5208 1058 5248 se
1083 5189 1350 5266 excitent,
1377 5183 1576 5244 subtili
1597 5181 1765 5240 consi-

1897 5205 2126 5278 fessione
2148 5181 2350 5276 peccati
2367 5181 2561 5258 ornari
2579 5203 2788 5267 uolunt,
2807 5215 2914 5256 non
2931 5196 3314 5254 hundliari.-—
3333 5198 3358 5233 ⁸
3375 5199 3510 5256 Peo-

164 5285 461 5343 deratione
489 5301 738 5358 pensare.
773 5279 978 5340 Paulus
1007 5298 1267 5354 namque,
1301 5295 1430 5336 cum
1463 5282 1795 5332 caeterorum

161 5383 492 5433 sanctorum
523 5372 960 5431 sollicitudinem
991 5373 1050 5430 in
1082 5369 1476 5445 praedicatione
1509 5362 1796 5422 robustius

165 5465 482 5523 laborando
510 5463 947 5534 transcenderet,
970 5471 1034 5521 ut
1061 5461 1134 5520 ab
1150 5459 1392 5519 elatione
1411 5475 1470 5516 se
1498 5461 1792 5532 premeret,

253 5704 277 5740 ¹
310 5702 538 5762 Ebroic.
571 5707 626 5758 et
663 5699 782 5770 alii,
814 5715 956 5758 unus
993 5697 1158 5755 atteri
1190 5695 1400 5756 melior.

250 5779 275 5814 ³
311 5775 556 5834 Vindoc.
589 5781 644 5832 et
681 5775 894 5843 Baluz.,
929 5772 994 5828 de
1024 5771 1134 5826 ιοοο
1171 5784 1286 5844 ξαο·
1599 5837 1613 5844 -
1646 5833 1684 5844 -
1767 5833 1777 5844 -

252 5849 278 5886 ι
313 5833 519 5907 Pratel.
549 5853 607 5904 et
771 5833 1020 5919 peccam';
1045 5840 1306 5914 sequitur,
1356 5845 1407 5896 et
1430 5851 1552 5896 cere
1577 5833 1797 5905 ἀσδαιιί.

471 5961 725 6022 Pam.
758 5958 808 6021 L
845 5955 1061 6021 XXVI.

1903 5305 2112 5353 catores
2141 5311 2197 5350 se
2239 5309 2354 5348 esse
2391 5293 2715 5365 plerumque
2755 5289 3092 5346 conﬁtentur
3123 5288 3292 5344 etiam
3325 5288 3418 5362 qui
3449 5303 3507 5344 se

1905 5400 2155 5460 peccasse
2191 5399 2304 5438 non
2346 5381 2598 5438 credunt.
2635 5380 2772 5436 Nam
2807 5395 2946 5450 saepe
2991 5378 3265 5452 contingit
3301 5385 3365 5435 ut
3392 5393 3512 5450 pas-

1905 5476 2009 5533 sim
2038 5491 2095 5532 se
2123 5469 2380 5529 homines
2408 5468 2629 5545 iniquos
2648 5483 2766 5524 esse
2791 5467 3088 5537 fateantur,
3111 5465 3207 5524 sed
3227 5482 3355 5526 cum
3375 5481 3514 5544 pec-

1981 5708 2002 5743 ⁸
2037 5703 2264 5774 Pratel.,
2291 5698 2556 5772 Vindoc.,
2585 5697 2818 5774 Turoni”
2849 5703 3151 5772 peccatores
3177 5717 3234 5758 se
3255 5695 3514 5772 conﬁtcn-

1910 5785 1999 5835 tur
2029 5779 2188 5835 etiam
2209 5771 2304 5849 qui
2330 5791 2384 5830 se
2411 5791 2516 5831 esse
2535 5771 2642 5830 non
2666 5771 2907 5829 credunt.

3203 5941 3272 6000 10
