3928 6380
444 324 554 382 299

1654 313 1903 371 SANCTI
1935 311 2273 388 caecout!
2310 311 2537 368 MAGNI

440 454 564 504 cata
589 459 689 500 sua
716 439 984 497 veraciter
1009 437 1135 495 aliis
1172 438 1534 512 arguentibus
1571 437 1828 506 audiunt,
1860 435 2045 492 defen-
2072 439 2124 498 Α
2147 433 2446 500 consensit,
2477 440 2622 490 recte
2665 432 2841 490 dicit:
2887 428 3163 488 Liberavit
3197 429 3439 486 animam
3480 446 3656 498 mm,
3701 446 3776 485 ne

443 533 584 590 dunt
611 547 668 587 se
697 544 1064 601 summopere,
1095 535 1260 602 atque
1285 528 1608 585 innocentes
1635 527 1814 584 videri
1845 541 2050 582 conan-

443 630 554 678 tur.
579 619 968 692 Unusquisque
996 635 1125 691 ergo
1155 635 1282 675 cum
1309 618 1438 674 talis
1470 625 1572 686 est,
1603 617 1652 673 si
1680 615 2050 688 deliquissese

445 709 601 778 dicit,
633 725 762 765 vere
791 724 902 765 non
931 706 1087 777 dicit,
1119 706 1322 782 quippe
1355 708 1450 781 qui
1479 714 1818 780 peccatorem
1853 721 1911 762 se
1937 718 2050 760 non

442 817 514 856 ex
532 797 718 856 cordis
743 798 962 866 intimo,
995 795 1091 852 sed
1116 797 1454 854 verbotenus
1481 795 1696 851 asserit.
1727 794 1873 864 Quia
1901 796 2050 852 enim

445 889 714 962 scriptum
761 895 842 944 est
885 904 896 942 :
941 886 1126 942 Justus
1161 887 1219 942 in
1257 885 1526 959 principio
1559 892 1838 941 accusator
1865 893 1938 942 est
1963 887 2054 942 sui

449 978 637 1049 (Prov.
687 992 849 1044 xvm,
899 973 1016 1046 17),
1065 975 1168 1030 iste
1210 974 1278 1030 de
1319 974 1665 1031 confessione
1694 974 1906 1048 peccati
1951 990 2055 1030 or-

446 1067 567 1124 nari
602 1066 802 1133 voluit,
835 1081 945 1120 non
974 1064 1298 1130 humiliari;
1328 1080 1426 1136 per
1453 1064 1864 1122 accusationem
1895 1081 2053 1121 suam

446 1156 678 1214 humilis
705 1154 937 1227 appetiit
968 1153 1172 1220 videri,
1190 1170 1302 1209 non
1324 1169 1460 1210 esse.
1491 1154 1631 1209 Nam
1661 1153 1708 1209 si
1735 1152 2050 1210 conﬁtendo

447 1253 734 1319 peccatum
763 1259 878 1299 esse
901 1241 1131 1297 humilis
1154 1241 1428 1299 veraciter
1455 1249 1756 1314 appeteret,
1779 1240 1848 1297 de
1868 1257 2054 1314 perpe-

449 1335 686 1391 tratione
716 1333 922 1405 peccati
961 1339 1254 1403 arguentes
1285 1348 1342 1388 se
1372 1331 1511 1388 alios
1540 1346 1651 1386 non
1681 1330 2051 1402 impugnaret.

448 1427 636 1498 Itaque
657 1423 842 1496 justus
865 1423 1039 1479 vitam
1069 1439 1224 1480 suam
1249 1421 1506 1496 judicans
1535 1439 1631 1496 per
1661 1423 1913 1494 exempla
1943 1438 2054 1478 me-

450 1515 653 1570 liorum
670 1529 740 1569 ex
757 1512 940 1570 cordis
967 1513 1169 1569 intimo
1191 1513 1475 1585 cognoscit
1503 1529 1559 1569 se
1586 1529 1701 1568 esse
1722 1511 1872 1585 quod
1891 1511 2050 1568 dicit.

449 1603 546 1660 Ait
572 1605 723 1660 enim
749 1623 760 1660 :
793 1604 1032 1668 Peccavi,
1062 1610 1110 1659 et
1136 1620 1254 1658 vere
1279 1602 1499 1674 deliqui.
1532 1604 1713 1674 Atque
1737 1599 1805 1656 de
1833 1615 1898 1656 eo
1932 1600 2053 1672 ipso

451 1693 598 1766 quod
638 1695 839 1752 tolerat
883 1690 1114 1764 flagello-
1135 1689 1458 1763 subjungit:
1495 1692 1571 1748 Et
1597 1697 1657 1746 ut
1681 1706 1835 1746 eram
1861 1687 2054 1760 dignus

447 1797 556 1836 non
584 1780 772 1852 recepi.

521 1869 610 1926 23.
656 1867 760 1936 Qui
781 1884 886 1940 pro
908 1867 1133 1940 peccatis
1167 1869 1496 1940 ﬂagellatur,
1537 1866 1714 1923 minus
1753 1883 1806 1922 se
1827 1881 2056 1937 percus-

448 1975 567 2014 sum
595 1974 756 2029 quam
782 1963 1071 2023 mereatur,
1109 1964 1377 2029 agnoscat.
1409 1959 1576 2014 Pama
1617 1973 1712 2011 nos
1740 1954 2058 2025 interrogat,

449 2047 497 2102 si
525 2065 642 2102 vere
669 2049 884 2119 culpam
908 2064 1275 2118 agnoscamus.
1300 2077 1372 2089 —
1400 2044 1789 2117 Unusquisque
1820 2043 1970 2098 enim
1999 2041 2058 2096 in

449 2136 665 2209 ﬂagello
693 2137 908 2210 positus
938 2137 1122 2193 minus
1141 2138 1325 2194 adhuc
1353 2144 1575 2208 peccata
1600 2151 1698 2190 sua
1719 2131 2053 2198 considerat,

449 2227 495 2283 si
517 2229 606 2282 vel
625 2235 841 2283 tantum
871 2228 957 2283 vel
987 2228 1227 2300 amplius
1255 2243 1312 2282 se
1342 2241 1658 2298 percussum
1688 2239 1852 2296 quam
1886 2235 2054 2276 mere-

449 2315 613 2373 batur
643 2317 947 2374 existimat.
999 2319 1106 2373 Iste
1134 2323 1340 2382 autem,
1389 2314 1518 2386 quia
1548 2319 1754 2385 quanto
1785 2308 2056 2380 majorum

449 2407 704 2479 exempla
731 2406 1066 2474 considerat,
1098 2412 1254 2462 tanto
1285 2403 1611 2459 districtiori
1651 2397 2060 2457 examinatione

449 2511 508 2552 se
555 2504 767 2568 pensat,
817 2495 1004 2551 minus
1045 2510 1104 2550 se
1158 2509 1480 2566 percussum
1528 2508 1694 2565 quam
1748 2487 2062 2545 merebatur

449 2586 719 2656 agnoscit,
743 2584 876 2656 quia
894 2584 952 2638 in
974 2583 1200 2638 illorum
1215 2581 1436 2654 justitia
1455 2580 1729 2654 conspicit
1757 2592 1921 2652 quam
1944 2591 2058 2648 gra-

449 2673 539 2728 vis
585 2671 694 2728 sibi
731 2671 896 2742 culpa
942 2670 1112 2727 fuerit
1153 2671 1304 2744 quod
1350 2671 1588 2736 erravit;
1631 2676 1686 2725 et
1715 2667 1924 2723 idcirco
1953 2662 2062 2719 hoc

451 2764 600 2837 quod
629 2761 836 2836 patitur
855 2761 1170 2818 districtum
1191 2777 1306 2818 esse
1327 2779 1439 2818 non
1456 2761 1644 2829 sentit,
1661 2758 1792 2832 quia
1809 2755 2059 2813 districte

451 2852 612 2908 novit
642 2867 869 2923 pensare
893 2850 1043 2924 quod
1072 2851 1222 2907 fecit.
1265 2851 1440 2908 Valde
1477 2859 1660 2906 autem
1693 2847 1855 2902 facile
1887 2851 1968 2900 est
1995 2849 2059 2898 ut

451 2946 794 3012 peccatorem
839 2955 895 2994 se
941 2939 1196 3011 quisque,
1232 2955 1359 2994 cum
1390 2938 1534 2994 nihil
1565 2953 1664 3010 pro
1696 2941 1919 3007 peccato
1955 2946 2058 2987 suo

453 3029 663 3101 patitur
692 3029 948 3083 fateatur.
994 3027 1195 3082 Secure
1232 3018 1494 3083 videlicet
1523 3025 1747 3098 iniquos
1777 3040 1878 3078 nos
1906 3019 2058 3076 dici-

449 3133 594 3186 mus,
626 3133 754 3174 cum
785 3115 1092 3172 vindictam
1121 3115 1332 3170 nullam
1354 3113 1423 3170 de
1444 3113 1739 3185 iniquitate
1763 3111 2052 3167 sentimus.

448 3207 586 3263 Nam
615 3212 928 3278 peccatores
961 3220 1062 3258 nos
1090 3202 1315 3275 quidem
1345 3203 1404 3258 in
1433 3200 1838 3275 tranquillitate
1869 3194 2062 3272 loqui;

451 3309 597 3362 mur,
629 3293 724 3350 sed
753 3308 879 3348 cum
910 3290 976 3346 de
999 3291 1234 3362 peccatis
1256 3291 1393 3362 ipsis
1413 3289 1628 3362 flagello
1658 3289 2062 3346 interveniente

449 3382 810 3453 corripimur,
847 3394 1280 3436 murmuramus.
1314 3380 1480 3436 Poena
1508 3396 1636 3452 ergo
1679 3395 1780 3436 nos
1809 3379 2062 3434 interro-

452 3477 562 3540 gat,
607 3468 654 3524 si
701 3467 969 3524 veraciter
1009 3467 1394 3539 cognoscimus
1449 3469 1688 3541 culpam.
1729 3467 1831 3524 Vir
1873 3467 2060 3539 itaque

447 3557 651 3630 justus,
684 3558 815 3632 quia
841 3558 1060 3634 culpam
1093 3574 1248 3615 suam
1271 3558 1518 3618 districte
1536 3557 1867 3626 considerat,
1891 3559 2058 3614 etiam

450 3647 512 3702 in
540 3647 756 3722 ﬂagello
785 3649 997 3720 positus
1025 3648 1174 3706 dicat
1198 3665 1210 3704 :
1244 3649 1320 3706 Et
1346 3653 1407 3704 ut
1431 3649 1625 3721 dignus
1648 3664 1799 3704 eram
1826 3664 1936 3704 non
1961 3663 2060 3702 re-

450 3737 580 3808 cepi.
613 3737 872 3810 Sequitur
903 3755 917 3796 :

1086 3827 1318 3885 CAPUT
1359 3827 1436 3884 X.

524 3913 690 3972 Vsus.
714 3915 804 3973 28.
830 3947 895 3958 —
923 3916 1195 3972 Liberavit
1219 3916 1359 3972 enim
1384 3915 1624 3972 animam
1651 3931 1824 3979 suam,
1853 3930 2060 3985 ne-per-

445 4011 586 4078 geret
617 4005 674 4060 in
701 4005 993 4062 interitum.

521 4094 610 4150 24.
635 4096 836 4150 Gratiae
859 4095 1230 4166 prceveuientis
1256 4100 1307 4148 et
1340 4093 1494 4149 liberi
1509 4093 1728 4148 arbitrii
1748 4094 2057 4165 subsequen-

454 4182 520 4238 tis
549 4183 848 4238 concordia.
872 4189 953 4224 '—
981 4183 1123 4248 Quia
1161 4181 1533 4254 praeveniente
1563 4181 1753 4240 divina
1796 4183 1968 4256 gratia
1996 4184 2057 4239 in

451 4269 769 4342 operatione
797 4269 962 4338 bona,
985 4271 1269 4326 ‘nostrum
1291 4270 1528 4326 liberum
1557 4271 1850 4329 arbitrium
1875 4272 2056 4345 sequi-

451 4365 568 4426 tur,
600 4359 964 4430 nosmetipsos
995 4357 1228 4414 liberare
1255 4358 1516 4429 dicimur,
1547 4361 1642 4433 qui
1667 4361 1925 4439 liberanti
1954 4379 2054 4418 nos

452 4447 692 4504 Domino
733 4446 1128 4504 consentimus.
1177 4448 1330 4506 Unde
1373 4449 1594 4520 Paulus,
1635 4468 1762 4509 cum
1793 4452 2002 4508 diceret
2036 4470 2048 4510 :

2151 530 2391 595 pergeret
2418 522 2475 577 in
2501 522 2798 579 interitum.
2839 521 3106 595 Sequitur
3129 537 3141 575 :

2230 613 2367 670 Iern.
2391 641 2461 654 —
2483 611 2584 669 Sed
2611 610 2787 666 vivens
2819 609 2985 664 lucem
3019 607 3236 664 videret.

2229 701 2432 758 Lucem
2461 699 2675 758 scilicet
2703 697 2958 754 veritatis
2991 712 3157 771 quam
3187 693 3352 753 corde
3391 699 3648 751 mortuus
3671 695 3781 752 vi—

2161 788 2288 847 dere
2329 805 2445 846 non
2491 795 2695 862 posset.
2729 786 2833 844 Vel
2876 793 3044 854 certe,
3096 785 3227 858 quia
3267 783 3541 841 Dominus
3581 783 3775 842 dixit:

2159 879 2275 952 Ego
2301 896 2419 934 sum
2441 880 2537 935 tua:
2567 876 2754 933 mundi
2779 875 2971 948 (Joan.
2990 891 3116 942 vm,
3139 873 3252 946 12),
3284 873 3560 931 videbunt
3586 874 3778 933 lucem

2161 976 2325 1032 etiam
2356 976 2581 1043 mortui,
2619 972 2758 1029 771
2790 973 3011 1046 quando
3043 987 3237 1028 omnes
3276 969 3470 1042 injustl
3498 986 3628 1027 eum
3666 986 3785 1028 ve-

2163 1065 2283 1120 nire
2321 1064 2392 1120 ad
2423 1064 2700 1136 judicium
2743 1062 2802 1118 in
2833 1061 3198 1117 humanitatis
3233 1059 3413 1116 forma
3457 1075 3787 1132 conspexe-

2163 1152 2295 1209 rint.
2341 1152 2446 1208 Sed
2490 1153 2686 1208 vivens
2733 1159 2865 1208 tunc
2911 1151 3094 1207 lucem
3144 1147 3396 1220 respicit,
3440 1147 3538 1220 qui
3580 1147 3786 1205 liberis

2164 1245 2340 1301 oculis
2366 1244 2548 1304 cordis
2577 1246 2638 1302 in
2667 1245 2847 1302 forma
2871 1261 3000 1301 eum
3029 1240 3352 1300 divinitatis
3379 1239 3638 1298 attendit.
3669 1243 3786 1298 Se-

2164 1333 2355 1406 quitur
2376 1352 2389 1391 ι

2591 1421 2820 1480 CAPUT
2861 1421 2940 1478 xx
2981 1419 3129 1495 [Rec.
3170 1417 3318 1492 VII].

2233 1511 2405 1569 Vens.
2432 1513 2752 1570 29.—H¢ec
2787 1511 2968 1567 omnia
3007 1516 3266 1582 operatur
3291 1509 3439 1566 Deus
3474 1507 3648 1564 tribus
3687 1508 3786 1564 oi-

2161 1599 2304 1656 cibus
2325 1617 2426 1673 per
2450 1601 2711 1673 singulos.
2996 1655 3009 1671 ,

2232 1693 2321 1750 25.
2369 1693 2560 1750 Tribus
2587 1693 2791 1749 vicibus
2836 1691 2984 1747 electi
3020 1691 3180 1763 prius
3220 1706 3466 1757 marore,
3503 1688 3784 1760 posterius

2084 1790 2132 1852 Β
2159 1781 2355 1853 gaudio
2383 1782 2522 1854 afﬁci
2555 1783 2741 1836 solent.
2768 1810 2840 1822 -—
2863 1781 2942 1836 De
2980 1779 3088 1837 hoc
3128 1787 3342 1836 tentato
3385 1777 3783 1851 ﬂagellatoque

2165 1868 2392 1926 homine
2418 1869 2631 1926 dictum
2657 1870 2911 1943 superius
2947 1870 3162 1927 fuerat:
3198 1867 3599 1926 Abominabilis
3625 1867 3676 1924 ei
3717 1867 3786 1938 ﬁt

2166 1958 2224 2013 in
2240 1959 2352 2015 vita
2373 1976 2476 2016 sua
2493 1959 2654 2031 panis
2667 1978 2689 2026 ;
2702 1966 2750 2015 et
2767 1959 3222 2032 appropinquavit
3238 1957 3578 2030 corruptioni
3590 1956 3786 2014 anima

2167 2047 2300 2118 ejus,
2321 2055 2370 2104 et
2395 2048 2508 2104 vita
2531 2049 2682 2105 illius
2706 2050 3020 2120 mortiferis.
3041 2048 3279 2105 Inferius
3299 2063 3431 2104 vero
3459 2047 3786 2105 subnexum

2169 2146 2286 2194 est:
2318 2138 2701 2209 Deprecabitur
2715 2138 2904 2202 Deum,
2921 2144 2968 2192 et
2990 2137 3276 2209 placabilis
3300 2137 3348 2192 ei
3374 2136 3478 2192 erit
3491 2155 3513 2202 ;
3543 2143 3593 2192 et
3618 2137 3785 2192 uide—

2170 2227 2244 2282 bit
2271 2226 2462 2296 faciem
2480 2225 2593 2296 ejus
2619 2226 2677 2280 in
2695 2227 2893 2297 jubilo,
2915 2232 2962 2280 et
2990 2226 3237 2282 liberavit
3257 2226 3497 2281 animam
3513 2242 3691 2294 suam,
3713 2243 3788 2282 ne

2162 2321 2403 2386 pergeret
2429 2315 2486 2368 in
2513 2315 2806 2382 interitum,
2838 2315 2927 2369 sed
2955 2315 3131 2370 vivens
3161 2316 3326 2372 lucem
3353 2315 3574 2370 videret.
3601 2317 3666 2372 In
3689 2314 3786 2372 his

2169 2403 2354 2476 itaque
2373 2402 2489 2474 jam
2518 2403 2765 2461 collectis
2793 2404 3240 2477 coacervatisque
3267 2404 3582 2473 sententiis,
3604 2412 3662 2461 et
3688 2421 3786 2462 su-

2167 2508 2266 2565 pra
2287 2509 2490 2550 mmror
2504 2493 2912 2561 amaritudinis,
2935 2501 2989 2549 et
3008 2494 3068 2549 in
3077 2494 3190 2549 ira3
3213 2491 3336 2564 subj
3345 2501 3512 2550 uncta
3531 2501 3616 2550 est
3636 2493 3789 2551 laeti-

2167 2580 2246 2638 tia
2274 2582 2611 2650 securitatis;
2644 2599 2884 2655 moxque
2915 2589 3035 2655 post
3055 2581 3174 2638 haec
3192 2581 3431 2640 dicitur:
3450 2584 3578 2640 Haec
3595 2583 3790 2640 omnia

2167 2678 2422 2742 operatur
2444 2673 2587 2728 Deus
2616 2672 2784 2728 tribus
2808 2672 3008 2726 vicibus
3031 2688 3131 2744 per
3158 2671 3417 2742 singulos.
3443 2674 3526 2729 Ac
3553 2672 3602 2728 si
3625 2671 3790 2730 dice-

2167 2767 2287 2815 ret:
2321 2760 2478 2827 Quod
2507 2761 2674 2816 semel
2696 2760 2764 2817 de
2783 2777 2895 2817 uno
2915 2759 3056 2828 dixi,
3090 2759 3196 2816 hoc
3220 2759 3403 2817 tribus
3425 2761 3648 2819 vicibus
3677 2778 3789 2834 per

2167 2847 2412 2919 singulos
2453 2849 2654 2920 agitur.
2715 2849 2820 2905 Sed
2865 2850 3096 2906 solerter
3138 2847 3470 2904 intuendum
3517 2856 3603 2904 est
3652 2865 3788 2924 qua)

2165 2944 2275 2993 tres
2303 2937 2422 2994 istae
2443 2937 2593 2994 vices
2621 2938 2734 2993 sint
2754 2939 2957 3012 quibus
2978 2937 3361 3011 unusquisque
3388 2937 3560 2994 homo
3581 2937 3785 2995 anxie-

2166 3033 2277 3081 tate
2325 3025 2578 3082 maeroris
2628 3027 2886 3096 aﬂicitur,
2918 3035 2972 3082 et
3024 3033 3147 3098 post
3189 3041 3482 3082 maerorem
3521 3026 3790 3098 protinus

2094 3153 2138 3214 Ο
2169 3114 2237 3171 ad
2265 3115 2617 3172 securitatem
2647 3115 2854 3170 laetitiae
2883 3123 3193 3171 revocatur.
3226 3113 3288 3170 Id
3317 3114 3466 3170 enim
3495 3116 3784 3187 superius,

2169 3203 2314 3260 sicut
2335 3203 2451 3275 jam
2473 3203 2617 3271 dixi,
2636 3211 2972 3272 narraverat,
2997 3203 3145 3276 quod
3165 3212 3220 3260 et
3243 3203 3426 3274 gravis
3459 3204 3614 3276 prius
3641 3221 3786 3263 mm-

2168 3309 2261 3349 ror
2279 3293 2468 3359 afﬁcit,
2486 3279 2548 3348 et.
2561 3307 2757 3364 magna
2775 3291 3129 3364 postmodum
3146 3291 3341 3347 laetitia
3355 3292 3579 3348 attollit.
3599 3291 3787 3364 Igitur

2169 3383 2216 3438 si
2246 3382 2542 3452 vigilanter
2578 3381 2939 3451 intendimus,
2973 3382 3073 3438 has
3103 3387 3214 3438 tres
3252 3381 3404 3439 vices
3437 3383 3694 3439 mmroris
3721 3391 3787 3440 et

2169 3471 2375 3526 laetitiae
2405 3471 2465 3526 in
2495 3469 2930 3545 uniuscujusque
2949 3471 3111 3528 electi
3135 3471 3322 3526 animo
3353 3471 3477 3528 istis
3505 3472 3786 3528 alternari

2169 3557 2348 3614 modis
2374 3559 2712 3628 invenimus,
2736 3560 2794 3618 id
2820 3568 2907 3617 est
2925 3562 2948 3596 δ
2975 3558 3360 3628 conversione,
3387 3559 3703 3618 tentatione
3722 3569 3788 3618 et

2168 3655 2366 3704 morte.

2239 3735 2399 3793 26.1.
2429 3738 2498 3794 In
2523 3738 2880 3804 conversione,
2909 3753 3028 3794 cum
3055 3736 3177 3793 hinc
3203 3736 3428 3810 spiritus
3446 3741 3620 3803 vocat,
3650 3736 3786 3794 hinc

2166 3843 2292 3882 caro
2319 3829 2694 3884 revocat—In
2724 3827 2904 3902 prima
2930 3826 3138 3900 quippe
3167 3843 3332 3900 quam
3361 3826 3611 3883 diximus
3643 3843 3784 3885 con-

2165 3916 2436 3973 versionis
2455 3917 2576 3974 vice
2603 3918 2784 3990 gravis
2814 3933 3018 3973 mceror
3048 3924 3150 3984 est,
3185 3933 3314 3974 cum
3342 3932 3443 3973 sua
3471 3915 3782 3990 unusquis-

2166 4021 2272 4078 que
2310 4013 2532 4078 peccata
2559 4006 2933 4073 considerans,
2978 4021 3237 4064 curarum
3267 4006 3620 4064 saecularium
3650 4006 3783 4064 vult

2165 4095 2456 4167 compedes
2483 4111 2761 4167 rumpere,
2794 4102 2849 4150 et
2875 4094 3024 4150 viam
3049 4095 3151 4152 Dei
3182 4111 3279 4168 per
3297 4095 3537 4168 spatium
3563 4111 3782 4153 secum

2165 4184 2598 4240 conversationis
2613 4183 2924 4250 ambulare;
2953 4183 3357 4240 desideriorum
3380 4183 3782 4256 temporalium

2165 4288 2305 4330 onus
2331 4289 2493 4345 grave
2521 4271 2780 4345 abjicere,
2813 4280 2867 4329 et
2896 4274 2918 4308 ⁸
2949 4273 3070 4330 leve
3097 4271 3300 4344 jugum
3329 4272 3558 4330 Domini
3597 4271 3783 4330 libera

2163 4363 2428 4418 servitute
2469 4369 2706 4434 portare.
2741 4361 3016 4434 Cogitanti
3049 4361 3199 4418 enim
3245 4362 3351 4418 ista
3387 4361 3632 4418 occurrit
3675 4362 3782 4421 illa

2161 4449 2453 4506 familiaris
2498 4467 2597 4508 sua
2642 4451 2936 4509 delectatio
2979 4449 3236 4518 carnalis,
3286 4465 3409 4523 quae
3462 4449 3779 4506 inveterata

451 4535 829 4592 Abundantius
867 4536 980 4593 illis
1017 4537 1255 4594 omnibus
1289 4540 1530 4596 laboravi
1555 4518 1621 4611 Ι
1644 4541 1769 4598 Cor.
1801 4557 1898 4609 xv,
1933 4541 2048 4614 10),
2081 4518 2131 4578 Ῑ)
2158 4537 2395 4607 dudum,
2439 4547 2645 4613 quanto
2689 4557 2816 4596 eum
2861 4537 3076 4596 diutius
3121 4518 3326 4606 tenuit,
3373 4543 3532 4594 tanto
3561 4537 3778 4596 arctius

452 4639 522 4680 ne
541 4623 750 4682 labores
765 4643 894 4682 suos
908 4627 1013 4684 sibi
1029 4627 1285 4686 tribuisse
1296 4629 1754 4699 videretur,illico
1769 4627 1856 4702 adj
1863 4629 2046 4686 unxit:

449 4715 572 4772 Non
617 4722 790 4772 autem
835 4734 943 4788 ego,
992 4719 1082 4774 sed
1126 4719 1305 4790 gratia
1337 4718 1438 4774 Dei
1475 4735 1693 4774 mecum.
1731 4718 1872 4786 Quia
1899 4719 2050 4775 enim

451 4806 874 4879 prmvenientem
904 4809 1002 4865 Dei
1030 4810 1262 4882 gratiam
1285 4809 1308 4844 ³
1328 4809 1387 4864 in
1415 4821 1473 4864 se
1502 4823 1599 4880 per
1626 4806 1863 4863 liberum
1892 4807 2050 4864 arbi-

453 4895 620 4952 trium
669 4896 848 4953 fuerat
887 4898 1233 4965 subsecutus,
1277 4904 1401 4968 apte
1447 4895 1753 4968 subjungit,
1795 4897 1999 4955 Mecum
2028 4915 2048 4955 :

447 4992 512 5042 ut
537 4993 592 5042 et
620 4985 812 5043 divino
842 4989 1058 5044 muneri
1101 5003 1215 5043 non
1243 4992 1386 5042 esset
1414 4985 1682 5057 ingratus,
1715 4993 1770 5042 et
1796 4994 1979 5044 tamen
2015 5001 2049 5044 a

448 5075 643 5132 merito
673 5077 836 5132 liberi
876 5076 1094 5131 arbitrii
1135 5091 1247 5130 non
1281 5081 1588 5130 remaneret
1617 5081 1936 5134 extraneus.
1968 5078 2048 5133 De

447 5161 554 5223 hoc
567 5174 751 5225 autem
767 5165 863 5236 qui
881 5163 1163 5220 liberatori
1182 5180 1284 5220 suo
1297 5164 1653 5237 semetipsum
1667 5166 2047 5239 cognoscendo

450 5475 760 5548 quiioribus,
790 5481 1032 5548 nostrum
1079 5477 1298 5532 liberum
1332 5475 1622 5533 arbitrium
1649 5479 1940 5548 sequimur.
1971 5479 2048 5534 At

451 5546 676 5621 inAltlss.
701 5546 929 5621 Turon,
961 5547 1172 5621 Norm.,
1202 5557 1331 5616 etc.,
1363 5549 1615 5621 legimus,
1641 5546 1899 5619 sequitur.

523 5616 545 5648 ²
575 5615 748 5692 Ed‘iti,
789 5617 1093 5692 etiam_ipse
1125 5615 1225 5692 per
1255 5615 1476 5676 liberuin
1505 5615 1809 5692 arbitrium.
1853 5621 2047 5692 Repu-

453 5694 621 5770 gnant
647 5687 776 5745 Mss.
791 5687 1027 5770 Anglic:
1059 5687 1331 5750 etCallic.
1361 5707 1396 5748 a
1421 5691 1623 5767 quibus
1650 5697 1897 5750 nostram
1927 5687 2044 5750 lec-

450 5765 660 5818 tionem
687 5765 1010 5835 accipimus.

525 5401 541 5440 ¹
569 5403 632 5460 In
661 5400 814 5459 Edit.
855 5399 1058 5474 Vatic.,
1091 5401 1260 5462 Gilot.
1309 5409 1364 5462 et
1402 5400 1676 5532 plerisque
1703 5399 1870 5462 etiam
1899 5403 2046 5464 anti-

529 5475 760 5532 ioribus.
790 5481 1032 5529 nostrum
1079 5477 1298 5532 liberum
1332 5494 1400 5532 ar
1437 5478 1622 5532 itrium
1649 5479 1940 5532 sequimur.
1971 5479 2046 5532 At

2158 4629 2433 4701 astringit,
2461 4637 2626 4704 atque
2651 4645 2684 4686 a
2711 4646 2767 4686 se
2795 4627 3011 4685 tardius
3037 4628 3189 4685 abire
3221 4625 3518 4700 permittit.
3543 4626 3620 4683 Et
3644 4627 3776 4702 quis

2157 4719 2238 4776 ibi
2268 4735 2488 4789 maeror,
2511 4737 2633 4792 quas
2665 4721 2916 4776 anxietas
2937 4717 3141 4788 cordis,
3175 4716 3397 4791 quando
3426 4716 3564 4774 hinc
3591 4716 3779 4790 spiri-

2155 4815 2246 4864 tus
2271 4815 2452 4876 vocat,
2483 4807 2617 4865 hinc
2643 4825 2770 4866 caro
2799 4815 3054 4874 revocat;
3087 4805 3222 4862 hinc
3248 4821 3405 4862 amor
3434 4821 3596 4862 novae
3625 4821 3777 4864 con-

2156 4896 2484 4954 versationis
2519 4897 2753 4967 invitat,
2784 4895 2918 4954 hinc
2946 4911 3079 4953 usus
3118 4901 3349 4950 vetustae
3387 4893 3776 4967 perversitatis

2156 4987 2477 5060 impugnat;
2518 4985 2652 5044 hinc
2684 4985 2958 5043 desiderio
2986 4984 3056 5042 ad
3083 4985 3361 5042 caelestem
3391 4982 3630 5056 patriam
3661 4981 3775 5042 ﬂa-

2155 5082 2293 5148 grat,
2309 5084 2364 5133 et
2389 5075 2523 5133 hinc
2550 5076 2610 5132 in
2641 5075 2934 5148 semetipso
2955 5073 3234 5130 carnalem
3250 5072 3771 5146 concupiscentiam

2152 5166 2372 5236 tolerat,
2415 5181 2538 5240 qua)
2579 5180 2709 5222 eum
2747 5165 2916 5222 etiam
2953 5163 3142 5238 aliquo
3179 5161 3348 5221 modo
3381 5163 3631 5220 invitum
3663 5162 3774 5221 de-

2227 5408 2249 5442 ³
2290 5404 2791 5476 Vindoc.getgpler.
2822 5401 3039 5476 Norm_.,
3077 5400 3315 5476 subjecta
3345 5407 3440 5457 est.

2226 5478 2248 5552 ξ
2287 5477 2498 5552 Baluz.,
2531 5468 2797 5544 Colbert.,
2851 5468 3092 5552 Anglic,
3149 5468 3364 5552 Norm.,
3406 5479 3535 5540 etc.,
3577 5468 3678 5529 hic
3713 5476 3770 5530 et

2154 5548 2298 5614 infra
2326 5547 2549 5616 habent,
2587 5548 2996 5614 conversatione,
3040 5547 3504 5616 con-versationem,
3537 5560 3768 5599 conver—

2153 5620 2394 5688 sationis,
2443 5615 2542 5690 pro
2587 5618 2942 5687 conversione,
2988 5623 3118 5682 etc.,
3165 5615 3398 5672 fortasse
3439 5615 3512 5670 ob
3556 5629 3762 5674 vocum

2154 5691 2382 5748 illarum
2415 5690 2763 5747 afﬁnitatem.

2224 5763 2249 5800 ⁸
2287 5761 2406 5833 AL,
2429 5761 2558 5819 lem.
