3928 6442
125 363 216 420 30!

854 360 1235 420 MORALIUM
1271 362 1407 420 LIB.
1448 360 1658 422 XXIV.
1697 392 1770 407 -
1805 364 1881 422 IN
1915 364 2148 424 CAPUT
2183 368 2427 427 XXXIII
2462 370 2526 426 B.
2566 370 2711 428 10B.

3338 372 3453 433 302

127 490 322 549 lectat?
348 490 520 547 Recte
545 503 676 561 ergo
724 485 793 545 de
820 484 928 546 hoc
953 498 1324 548 amarescente
1352 490 1582 547 homine
1608 491 1722 549 dici
1750 494 1803 555 Α
1843 495 2153 562 solationis,
2182 495 2277 553 sed
2304 494 2506 551 durum
2534 495 2776 552 laborem
2805 496 3157 568 postmodum
3180 497 3206 535 ⁸
3231 497 3451 574 θιρθι-ί.

125 586 289 655 potest
315 595 327 634 :
361 577 753 635 Abominabilis
788 577 837 633 ei
863 578 924 651 ﬁt
951 579 1011 635 in
1036 580 1151 635 vita
1195 596 1297 636 sua
1319 580 1480 651 panis
1502 598 1524 645 ;
1550 587 1602 636 et
1628 598 1724 653 ap-

120 668 496 745 propinquavit
509 668 842 740 corruptioni
858 669 1038 725 anima
1058 670 1193 741 ejus,
1214 675 1262 725 et
1279 668 1389 724 vita
1402 669 1552 724 illius
1569 687 1726 725 mor.

128 757 421 831 tiferis.Sed
441 758 573 831 quia
590 757 782 814 divina
802 759 976 832 gratia
995 759 1092 817 diu
1111 776 1212 816 nos
1242 759 1364 816 istis
1381 757 1722 816 difﬁcultati-

125 850 218 906 bus
232 847 378 905 afﬁci
393 863 507 903 non
528 846 1008 920 permittit,ruptis
1031 856 1383 921 peccatorum
1406 856 1722 906 nostrorum

126 937 353 997 vinculis
381 937 550 993 citius
575 953 677 992 nos
720 935 787 992 ad
820 936 1133 994 libertatem
1163 953 1323 993 novae
1349 936 1724 993 conversatio-

126 1028 205 1083 nis
227 1023 568 1083 consolando
595 1023 870 1095 perducit,
913 1033 972 1081 et
1006 1025 1406 1099 praecedentem
1436 1024 1723 1081 tristitiam

124 1115 455 1188 subsequens
480 1112 674 1169 laetitia
701 1112 949 1181 refovet;
984 1114 1064 1171 ita
1092 1122 1156 1172 ut
1180 1114 1435 1172 conversi
1461 1115 1726 1171 uniuscu-

119 1205 309 1278 jusque
330 1203 557 1260 animus
571 1218 636 1257 eo
651 1203 827 1274 magis
852 1202 925 1260 ad
940 1211 1136 1260 votum
1162 1220 1326 1261 suum
1346 1201 1723 1276 perveniendo

125 1294 369 1368 gaudeat,
399 1310 511 1367 quo
537 1292 712 1364 magis
745 1308 802 1348 se
849 1309 948 1364 pro
990 1293 1091 1350 illo
1119 1293 1380 1351 meminit
1420 1293 1724 1351 laborando

124 1384 378 1442 doluisse.
413 1383 503 1440 Fit
533 1381 688 1438 cordi
716 1381 984 1439 immensa
1030 1384 1248 1453 laetitia,
1301 1384 1436 1457 quia
1462 1384 1514 1440 ei
1562 1398 1729 1457 quem

124 1474 412 1542 desiderat,
436 1471 554 1545 jam
582 1487 680 1544 per
722 1489 876 1544 spem
922 1473 1233 1531 securitatis
1280 1474 1638 1547 propinquat,
1667 1479 1732 1529 ut

125 1572 262 1622 recte
279 1564 349 1620 de
379 1562 489 1619 hoc
514 1561 626 1618 dici
655 1559 849 1618 debeat
876 1579 889 1618 :
925 1563 1310 1634 Deprecabitur
1328 1564 1519 1631 Deum,
1540 1570 1590 1617 et
1611 1564 1732 1633 pla-

125 1654 302 1710 cabilis
329 1654 379 1709 ei
428 1653 569 1718 erit;
598 1659 647 1708 et
689 1653 881 1708 videbit
908 1654 1099 1724 faciem
1126 1653 1241 1724 ejus
1288 1654 1348 1709 in
1383 1653 1585 1725 jubilo.
1620 1651 1728 1709 Vel

125 1752 269 1802 certe
296 1762 308 1800 :
339 1742 609 1801 Liberavit
632 1743 870 1800 animam
897 1760 1051 1800 suam
1094 1760 1155 1801 ne
1187 1750 1427 1817 pergeret
1448 1744 1509 1799 in
1532 1741 1732 1799 interi-

128 1842 253 1901 tum,
280 1833 374 1890 sed
399 1834 573 1890 civem
605 1834 771 1890 lucem
794 1834 1012 1891 videret.

188 1926 277 1983 27.
310 1925 364 1981 2.
398 1924 467 1981 In
495 1923 839 1981 tentationum
882 1925 1270 1983 exercitatione.
1312 1925 1567 1983 Acriores
1612 1929 1737 1979 sunt

119 2020 235 2088 post
249 2013 641 2070 conversionem
660 2015 1006 2072 tentationum
1023 2016 1397 2073 stimuli—At
1417 2031 1487 2071 ne
1507 2028 1735 2069 conver-

125 2122 213 2162 sus
225 2104 465 2179 quisque
478 2103 595 2177 jam
614 2113 869 2163 sanctum
890 2121 947 2162 se
968 2122 1088 2163 esse
1106 2106 1316 2175 credat,
1338 2113 1394 2162 et
1412 2120 1577 2178 quem
1598 2119 1736 2159 mos-

126 2196 260 2254 roris
309 2211 497 2269 pugna
532 2211 789 2268 superare
822 2212 936 2252 non
974 2196 1173 2265 valuit,
1222 2196 1344 2269 ipsa
1376 2191 1734 2268 postmodum

126 2285 386 2342 securitas
423 2291 654 2353 sternat,
687 2284 1037 2358 dispensante
1079 2287 1195 2341 Deo
1219 2289 1364 2349 772
1394 2283 1735 2357 permittitur

126 2390 183 2439 ut
229 2391 358 2455 post
410 2382 830 2439 conversionem
859 2398 1017 2439 suam
1072 2383 1443 2439 tentationum
1490 2378 1737 2437 stimulis

128 2472 405 2546 fatigetur.
456 2472 578 2527 Jam
629 2471 855 2545 quidem
902 2487 999 2543 per
1029 2472 1453 2528 conversionem
1484 2468 1736 2527 Rubrum

129 2576 271 2618 mare
298 2559 600 2617 transitum
628 2568 749 2628 est;
782 2559 880 2616 sed
909 2559 1095 2617 adhuc
1125 2560 1184 2615 in
1211 2576 1399 2616 eremo
1425 2559 1554 2614 vitae
1601 2572 1737 2629 prie-

129 2650 295 2707 sentis
333 2655 465 2705 ante
500 2648 702 2706 faciem
747 2648 938 2706 hostes
986 2657 1307 2707 occurrunt.
1346 2649 1466 2705 Jam
1514 2652 1739 2718 peccata

128 2739 401 2813 praterita
431 2738 585 2794 velut
622 2738 928 2794 exstinctos
971 2739 1269 2812 Egyptios
1305 2744 1429 2810 post
1458 2743 1614 2808 terga
1641 2749 1740 2789 re—

132 2831 437 2906 linquimus
460 2849 474 2899 ;
499 2830 596 2887 sed
610 2829 796 2886 adhuc
810 2832 1067 2886 nocentia
1080 2831 1241 2895 vitia,
1255 2827 1413 2902 quasi
1430 2826 1529 2883 alii
1553 2825 1740 2881 hostes

128 2922 373 2992 obviant,
430 2927 497 2976 ut
544 2919 619 2975 ad
674 2926 876 2975 terram
945 2918 1332 2992 promissionis
1386 2914 1741 2989 pergentibus

126 3020 367 3085 coeptum
399 3010 509 3066 iter
538 3008 933 3065 intercludant.
966 3009 1087 3065 1am
1118 3008 1331 3080 priores
1358 3006 1557 3078 culpas,
1587 3005 1742 3061 velut

133 3104 486 3176 insequentes
503 3098 832 3166 adversarii,
854 3098 972 3153 sola
1000 3098 1194 3155 divina
1221 3100 1431 3157 virtute
1453 3102 1741 3170 prostratus

130 3198 280 3259 sunt,
308 3188 410 3246 sed
438 3186 813 3277 tentationum
833 3186 1229 3277 stimuli,quasi
1244 3187 1429 3243 hostes
1448 3186 1548 3242 alii
1572 3189 1590 3223 ί
1611 3202 1743 3243 con-
1773 3215 1819 3277 ρ

129 3287 213 3336 tra
239 3278 448 3335 faciem
475 3275 733 3343 veniunt,
764 3275 859 3349 qui
890 3283 944 3332 et
971 3292 1098 3333 cum
1125 3283 1314 3333 nostro
1345 3274 1534 3331 labore
1563 3288 1740 3347 supe-

127 3377 344 3427 rentur.
380 3366 684 3425 Conversio
703 3365 966 3423 videlicet
994 3368 1344 3424 securitatem
1375 3366 1547 3439 parit,
1566 3374 1743 3423 mater

130 3467 316 3516 autem
342 3456 693 3530 negligentiae
715 3456 853 3511 solet
877 3473 992 3513 esse
1012 3457 1301 3514 securitas.
1324 3456 1402 3513 Ne
1431 3472 1562 3529 ergo
1591 3472 1746 3513 secu-

125 3549 258 3605 ritas
286 3544 684 3618 negligentiam
725 3552 967 3616 generet,
996 3546 1269 3620 scriptum
1295 3553 1415 3602 est:
1453 3545 1586 3614 Fili,
1606 3562 1748 3601 acce-

127 3638 256 3693 dens
301 3635 378 3692 ad
422 3634 721 3690 servitutem
761 3635 881 3701 Dei,
911 3642 995 3692 sta
1042 3637 1099 3691 in
1135 3635 1358 3705 justitia
1385 3640 1435 3690 et
1464 3635 1670 3704 timore,
1701 3641 1751 3691 et

122 3743 388 3801 prwpara
414 3725 651 3781 animam
691 3732 835 3781 tuam
875 3726 948 3781 ad
982 3726 1317 3782 tentationem
1340 3726 1533 3797 (Eccli.
1567 3742 1631 3794 Ir,
1666 3725 1745 3798 1).

127 3820 253 3877 Non
277 3816 429 3874 enim
466 3815 565 3885 ait,
597 3816 665 3872 ad
696 3817 967 3888 requiem,
998 3815 1093 3872 sed
1116 3815 1186 3872 ad
1208 3815 1596 3883 tentationem,
1620 3813 1751 3886 quia

124 3906 310 3966 hostis
338 3911 524 3961 noster
553 3903 736 3961 adhuc
763 3905 822 3960 in
852 3904 957 3959 hac
986 3904 1101 3959 vita
1133 3920 1234 3960 nos
1265 3903 1504 3975 positos,
1541 3908 1752 3973 quanto

127 3996 310 4071 magis
368 4011 471 4053 nos
505 3993 615 4051 sibi
661 3994 931 4050 rebellare
980 3993 1273 4066 conspicit,
1324 3999 1482 4049 tanto
1511 3991 1753 4063 amplius

127 4099 453 4160 expugnare
509 4082 815 4141 contendit.
873 4083 984 4149 Eos
1022 4081 1173 4138 enim
1222 4080 1442 4153 pulsare
1498 4077 1752 4151 negligit,

128 4194 271 4253 quos
300 4176 493 4250 quieto
512 4175 638 4248 jure
656 4174 941 4249 possidere
964 4191 1021 4232 se
1042 4174 1229 4231 sentit.
1263 4172 1472 4231 Contra
1492 4187 1593 4228 nos
1619 4187 1753 4228 vero

129 4284 198 4326 eo
226 4266 626 4325 vehementius
654 4266 943 4334 incitatur,
964 4281 1074 4339 quo
1094 4281 1165 4321 ex
1191 4263 1359 4322 corde
1385 4270 1575 4320 nostro
1596 4260 1754 4335 quasi

128 4372 202 4414 ex
226 4355 362 4429 jure
380 4356 619 4430 proprias
641 4355 1005 4414 habitationis
1023 4354 1343 4427 expellitur.
1380 4353 1496 4409 Hoc
1523 4351 1673 4407 enim
1693 4351 1753 4407 in

128 4446 318 4521 seipso
347 4446 621 4504 Dominus
649 4446 752 4503 sub
783 4444 1021 4520 quadam
1052 4443 1469 4518 dispensatione
1496 4438 1757 4513 ﬁguravit

1831 594 1926 643 tur
1954 584 2315 659 probationis.

1906 674 2046 751 [νει.
2074 675 2265 751 XIII.]
2296 675 2385 733 28.
2426 675 2555 732 Tres
2582 674 2939 730 conversionis
2966 675 3187 746 gradus.
3219 708 3291 722 —
3317 680 3454 737 Tres

1833 764 2035 839 quippe
2064 764 2216 821 modi
2245 772 2377 823 sunt
2395 779 2815 832 conversorum,
2836 762 3142 832 inchoatio,
3164 766 3450 838 medietas,

1832 864 1997 931 atque
2017 857 2301 930 perfectio.
2319 857 2383 913 In
2404 853 2761 913 inchoatione
2780 860 2963 909 autem
2982 852 3282 910 inveniunt
3296 854 3453 912 blan-

1834 947 2081 1004 dimenta
2108 943 2442 1013 dulcedinis,
2471 943 2532 998 in
2553 940 2736 999 medio
2755 957 2974 1016 quoque
3001 949 3250 1015 tempore
3268 950 3456 1000 certa-

1836 1036 1989 1094 mina
2037 1034 2381 1103 tentationis,
2434 1033 2505 1090 ad
2550 1040 2862 1090 extremum
2892 1048 3026 1090 vero
3055 1032 3454 1106 perfectionem

1835 1125 2220 1202 plenitudinis.
2254 1125 2414 1182 Prius
2441 1141 2573 1197 ergo
2591 1123 2720 1181 illos
2748 1122 2939 1181 dulcia
2964 1122 3300 1197 suscipiunt,
3331 1140 3457 1198 quae

1835 1217 2230 1284 consolentur;
2273 1213 2629 1287 postmodum
2658 1228 2865 1281 amara,
2898 1228 3020 1286 quas
3049 1221 3370 1282 exerceant;
3401 1220 3458 1270 et

1838 1314 1972 1363 tunc
1999 1305 2223 1363 demum
2252 1304 2446 1361 suavia
2462 1310 2629 1377 atque
2647 1301 2931 1371 sublimia,
2954 1318 3077 1375 quae
3098 1302 3454 1361 conﬁrment.

1836 1397 1976 1454 Nam
2021 1404 2076 1452 et
2120 1410 2378 1469 sponsam
2418 1409 2574 1450 suam
2619 1392 2708 1448 vir
2748 1391 2981 1466 quisque
3010 1392 3164 1464 prius
3191 1391 3454 1450 dulcibus

1837 1483 2236 1541 blandimentis
2280 1483 2451 1550 fovet,
2499 1497 2665 1554 quam
2714 1488 2899 1536 tamen
2946 1480 3062 1552 jam
3101 1479 3456 1552 conjunctam

1838 1573 2045 1645 asperis
2071 1571 2545 1645 increpationibus
2573 1569 2796 1643 probat,
2828 1568 3115 1642 probatam
3146 1585 3279 1625 vero
3306 1585 3459 1627 secu-

1839 1663 1917 1719 ris
1944 1662 2372 1735 cogitationibus
2399 1660 2663 1733 possidet.
2715 1657 2871 1716 Unde
2927 1664 2981 1713 et
3032 1657 3187 1729 plebs
3237 1658 3458 1714 Israeli-

1838 1752 1970 1820 tica,
2029 1768 2156 1809 cum
2213 1748 2591 1822 despondente
2645 1762 2704 1802 se
2756 1747 2872 1801 Deo
2919 1743 2990 1800 ad
3031 1760 3211 1801 sacras
3256 1746 3460 1803 mentis

1763 1854 1812 1916 Β
1840 1841 2063 1914 nuptias
2091 1856 2161 1896 ex
2188 1839 2434 1910 {Egypto
2461 1842 2772 1903 vocaretur,
2817 1831 2974 1906 quasi
3016 1832 3306 1889 arrharum
3334 1833 3459 1891 vice

1844 1929 2000 2004 prius
2025 1928 2238 2000 accepit
2264 1925 2646 1984 blandimenta
2674 1923 2992 1995 signorum;
3025 1919 3324 1995 conjuncta
3348 1937 3458 1980 au-

1844 2029 1979 2090 tem,
2018 2016 2441 2092 probationibus
2471 2021 2758 2073 exercetur
2786 2013 2846 2069 in
2875 2027 3089 2079 eremo;
3123 2010 3352 2084 probata
3369 2026 3461 2069 ve-

1844 2128 1929 2181 ro,
1959 2111 2020 2167 in
2049 2107 2495 2184 repromissionis
2521 2114 2673 2165 terra
2700 2103 2926 2161 virtutis
2952 2100 3302 2176 plenitudine
3330 2117 3461 2159 con-

1843 2202 2117 2259 ﬁrmatur.
2162 2203 2307 2259 Ante
2351 2199 2520 2272 igitur
2547 2198 2608 2254 in
2637 2194 2923 2253 miraculis
2968 2192 3282 2267 degustavit
3310 2191 3462 2267 quod

1844 2300 2143 2367 appeteret,
2173 2290 2527 2364 postmodum
2558 2288 2615 2343 in
2642 2286 2828 2344 labore
2856 2291 3068 2342 tentata
3095 2290 3177 2339 est
3205 2282 3254 2340 si
3281 2289 3462 2340 custo-

1846 2383 1965 2439 dire
1999 2381 2219 2439 noverit
2246 2379 2395 2455 quod
2435 2385 2738 2452 gustasset;
2785 2375 2856 2433 ad
2899 2382 3212 2432 extremum
3243 2387 3465 2447 quoque

1844 2471 2064 2545 plenius
2107 2469 2355 2542 accipere
2412 2468 2637 2535 meruit,
2692 2464 2842 2538 quod
2895 2462 3179 2520 laboribus
3232 2461 3468 2535 probata

1845 2561 2166 2621 custodivit.
2191 2561 2273 2616 Ita
2302 2575 2430 2631 ergo
2450 2557 2620 2613 vitam
2650 2552 3087 2627 uniuscujusque
3101 2550 3380 2621 conversi,
3409 2558 3467 2609 et

1846 2650 2130 2709 inchoatio
2154 2648 2359 2707 blanda
2384 2646 2711 2721 permulcet,
2746 2652 2800 2701 et
2827 2659 3017 2717 aspera
3047 2641 3312 2700 medietas
3339 2656 3466 2715 pro-

1845 2739 1962 2808 bat,
1992 2748 2046 2797 et
2073 2741 2236 2813 plena
2259 2745 2383 2812 post
2406 2735 2673 2810 perfectio
2701 2733 2943 2791 roborat.

1918 2830 2007 2888 29.
2040 2830 2208 2887 Initia
2250 2826 2607 2884 conversionis
2639 2823 2989 2897 pacatissima
3016 2821 3291 2895 excipiunt
3328 2838 3469 2894 gra-

1847 2932 1934 2974 ves
1963 2917 2288 2972 tentationes.
2318 2916 2547 2971 —Nam
2576 2929 2720 2984 saepe
2748 2912 3003 2969 conversi
3031 2912 3238 2985 quique
3258 2911 3318 2968 in
3345 2910 3469 2984 ipso

1849 3005 2032 3063 adhuc
2050 3004 2206 3061 aditu
2233 3000 2609 3060 inchoationis
2627 3016 2762 3068 suae,
2782 3002 2872 3055 vel
2888 3000 3355 3072 tranquillitatem
3375 3016 3471 3073 pa-

1849 3098 2186 3158 catissimam
2214 3095 2420 3165 carnis,
2451 3094 2541 3150 vel
2570 3092 2717 3149 dona
2745 3090 3072 3165 prophetiae,
3096 3092 3186 3146 vel
3206 3090 3469 3164 praedica-

1851 3196 2039 3245 menta
2082 3186 2372 3256 doctrinae,
2402 3188 2548 3247 773
2577 3181 2666 3237 vel
2705 3180 2993 3253 signorum
3045 3179 3334 3250 miracula,
3378 3166 3499 3237 vel.

1854 3287 2085 3362 gratiam
2124 3282 2432 3343 curationis
2468 3279 2751 3353 accipiunt
2781 3279 2841 3351 (Ι
2869 3278 2995 3336 Cor.
3026 3294 3132 3347 χιι,
3169 3278 3302 3351 10);
3347 3285 3474 3352 post

1854 3380 1974 3437 haec
2001 3386 2185 3435 autem
2206 3375 2362 3432 duris
2390 3374 2762 3431 tentationum
2792 3368 3214 3445 probationibus
3242 3368 3474 3443 fatigan-

1855 3476 1968 3538 tur,
1998 3485 2031 3525 a
2059 3467 2263 3542 quibus
2309 3464 2716 3523 tentationibus
2750 3461 2956 3531 adhuc,
2984 3477 3112 3519 cum
3142 3461 3473 3533 inciperent,

1855 3558 2018 3615 valde
2052 3557 2256 3613 liberos
2284 3572 2342 3613 se
2371 3572 2487 3633 esse
2507 3552 2882 3612 crediderunt.
2917 3549 3076 3619 Quod
3105 3549 3313 3605 divinas
3342 3565 3477 3623 gra-

1854 3647 1950 3704 tias
1974 3646 2386 3719 dispensatione
2412 3645 2616 3717 agitur,
2646 3656 2717 3699 ne
2749 3641 2811 3698 in
2831 3639 3187 3698 inchoatione
3215 3653 3315 3695 sua
3342 3646 3476 3695 ten-

1857 3736 2134 3793 tationum
2166 3738 2188 3771 ³
2210 3734 2503 3807 asperitate
2530 3738 2850 3805 tangantur,
2875 3730 3005 3803 quia
3030 3728 3076 3787 si
3097 3744 3290 3785 eorum
3311 3726 3475 3785 initia

1859 3825 2172 3882 amaritudo
2199 3823 2524 3883 tentationis
2541 3821 2841 3893 exciperet,
2862 3826 2975 3876 tam
2994 3818 3157 3875 facile
3176 3817 3247 3873 ad
3269 3833 3334 3873 ea
3354 3833 3478 3891 quae

1860 3915 2198 3989 reliquerant
2228 3913 2475 3970 redirent
2502 3927 2667 3985 quam
2697 3925 2800 3966 nec
2829 3908 3050 3981 longius
3077 3907 3472 3973 discesserant;

1860 4020 1990 4061 nam
2018 4004 2350 4075 contemptis
2380 4001 2533 4074 prius
2562 3998 2738 4065 vitiis,
2783 3995 2941 4068 quasi
2977 3995 3142 4067 juxta
3171 3994 3367 4065 positis
3397 4007 3480 4050 re-

1860 4092 2198 4166 plicarentur
2228 4089 2411 4164 [quasi
2440 4086 2929 4159 reimplicarentur,
2959 4099 3057 4139 seu
3084 4082 3277 4159 iterum
3298 4080 3476 4153 impli-

1862 4180 2159 4255 carentur].
2187 4179 2344 4237 Unde
2370 4185 2424 4234 et
2451 4177 2720 4250 scriptum
2748 4182 2862 4232 est:
2900 4174 3035 4230 Cum
3061 4171 3315 4229 emisisset
3340 4172 3482 4228 Pha-

1861 4290 1962 4330 rao
1989 4274 2267 4346 populum,
2304 4287 2413 4327 non
2440 4286 2524 4326 eos
2554 4268 2713 4324 duxit
2739 4266 3000 4323 Dominus
3023 4281 3125 4337 per
3158 4264 3303 4321 viam
3328 4270 3485 4323 terra

1863 4364 2212 4433 Philisthiim,
2242 4379 2360 4434 quce
2376 4361 2554 4417 vicina
2581 4365 2675 4428 est,
2702 4364 2958 4431 reputans
2975 4372 3039 4412 ne
3056 4354 3198 4427 forte
3209 4356 3488 4429 paeniteret

1864 4475 2002 4525 eum,
2034 4457 2084 4512 si
2111 4455 2326 4512 vidisset
2342 4455 2626 4511 adversum
2644 4468 2698 4507 se
2725 4452 2865 4508 bella
2881 4465 3214 4521 consurgere,
3238 4454 3289 4504 et
3313 4465 3487 4506 rever-

131 4536 361 4610 (Matth.
394 4553 477 4606 Iv,
502 4537 582 4608 l),
611 4536 707 4611 qui
735 4533 1169 4604 diabolum_non
1196 4532 1307 4589 nisi
1336 4538 1462 4641 post
1480 4530 1737 4641 baptisma

1866 4552 2064 4602 teretur
2112 4544 2172 4601 in
2215 4546 2507 4617 [Egyptum
2547 4543 2754 4615 (Ewod.
2787 4557 2914 4607 xm,
2950 4540 3066 4613 17).
3115 4539 3205 4595 Ex
3242 4537 3489 4612 IEgypto

128 4642 190 4684 se
216 4633 443 4683 tentare
466 4624 742 4698 permisit,
764 4632 828 4687 ut
842 4624 1069 4696 signum
1082 4621 1243 4678 nobis
1258 4619 1538 4695 quoddam
1554 4618 1759 4675 futurae

128 4717 527 4776 conversionis
554 4715 839 4786 innueret,
873 4714 1023 4788 quod
1049 4713 1299 4771 membra
1327 4710 1449 4785 ejus
1466 4718 1760 4784 postquam

129 4806 202 4864 ad
262 4807 446 4863 Deum
493 4805 847 4879 proficerent,
904 4810 1044 4860 tunc
1100 4802 1344 4859 acriores
1382 4799 1762 4861 tentationum

132 4894 383 4953 insidias
408 4895 729 4953 tolerarent.
762 4894 894 4950 Post
920 4892 1157 4966 primam
1187 4890 1360 4963 igitur
1386 4890 1567 4947 vicem
1617 4904 1767 4944 mai-

132 4985 290 5042 roris
328 4992 495 5059 atque
521 4985 586 5040 lae
597 4984 754 5054 titias,
786 5000 954 5058 quam
982 4981 1366 5055 unusquisque
1392 4995 1490 5051 per
1515 4977 1764 5035 studium

132 5074 532 5133 conversionis
558 5073 830 5147 agnoscit,
862 5073 980 5130 haec
1010 5069 1252 5128 secunda
1295 5067 1602 5133 suboritur,
1635 5066 1767 5139 quia

132 5181 211 5222 ne
241 5164 560 5223 securitatis
579 5162 920 5236 negligentia
940 5161 1305 5227 dissolvatur,
1323 5156 1570 5230 impulsu
1590 5161 1765 5211 tenta-

134 5256 323 5313 tionis
340 5255 602 5314 afﬁcitur.
625 5254 700 5311 Et
718 5253 943 5327 quidem
965 5251 1199 5327 quisque
1219 5249 1280 5306 in
1298 5247 1420 5321 ipsa
1445 5244 1765 5303 conversio-

137 5345 236 5404 nis
249 5345 425 5405 initio
446 5360 647 5420 magna
660 5345 994 5420 plerumque
1021 5341 1302 5417 excipitur
1328 5337 1625 5399 dulcedine
1644 5351 1775 5396 con-

225 5629 247 5666 ²
279 5628 512 5687 Ehroic.
546 5633 603 5685 et
629 5621 898 5698 Vindoc.,
924 5630 1048 5681 ante
1068 5624 1280 5698 faciem.

218 5699 561 5774 tPler-iqns,
593 5697 874 5774 meum!“
904 5698 1229 5774 τεηξαείοτιίξ·

1868 4636 2052 4710 itaque
2080 4636 2413 4693 exeuntibus
2439 4650 2470 4690 θ
2497 4634 2686 4690 vicino
2713 4631 2862 4689 bello
2890 4628 3322 4698 subtrahuntur,
3358 4628 3492 4702 quia

1870 4724 2385 4800 derelinquentibus
2399 4722 2664 4782 saeculum
2675 4722 2931 4798 quaedam
2942 4720 3097 4796 prius
3112 4717 3491 4793 tranquillitas

1871 4814 2202 4885 ostenditur,
2224 4832 2293 4873 ne
2323 4813 2382 4873 in
2411 4815 2530 4887 ipsa
2556 4829 2657 4870 sua
2681 4810 3056 4869 teneritudine
3078 4816 3244 4882 atque
3263 4806 3489 4864 inchoa-

1870 4907 2023 4965 tione
2050 4906 2281 4975 turbati,
2324 4904 2395 4962 ad
2429 4903 2540 4961 hoc
2566 4902 2747 4960 territi
2776 4900 3003 4958 redeant
3033 4900 3055 4935 ‘
3098 4896 3247 4971 quod
3292 4909 3491 4951 evase-

1871 5005 2022 5053 runt.
2080 4996 2241 5052 Prius
2291 5010 2419 5067 ergo
2470 4992 2800 5050 suavitatem
2857 4986 3173 5046 securitatis
3218 4983 3489 5051 sentiunt,

1873 5087 2027 5160 prius
2068 5085 2220 5158 pacis
2247 5083 2432 5158 quiete
2459 5083 2814 5149 nutriuntur;
2864 5087 2990 5152 post
3033 5075 3309 5148 cognitam
3358 5087 3490 5128 vero

1874 5174 2248 5243 dulcedinem,
2280 5180 2435 5230 tanto
2458 5172 2575 5245 jam
2605 5169 2953 5228 tolerabilius
2979 5163 3351 5223 tentationum
3378 5177 3493 5221 cer-

1878 5265 2089 5323 tamina
2143 5264 2440 5333 sustinent,
2489 5268 2696 5336 quanto
2742 5259 2803 5315 in
2835 5258 2950 5315 Deo
2992 5254 3160 5312 altius
3186 5265 3496 5327 cognovere

1883 5355 2033 5430 quod
2059 5360 2265 5413 ament.
2296 5350 2454 5411 Unde
2481 5357 2537 5409 et
2563 5351 2760 5407 Petrus
2785 5345 2943 5422 prius
2969 5344 3031 5404 in
3059 5349 3309 5403 montem
3339 5342 3497 5405 duci-

1889 5634 2007 5684 rere
2052 5608 2227 5682 coacti
2267 5626 2461 5680 sumus
2501 5622 2785 5689 communi
2814 5625 3087 5672 consensu
3116 5604 3248 5689 Mss.
3278 5599 3500 5689 Νοιυιξι.9

1888 5682 2153 5765 Pindon,
2198 5694 2412 5765 Baluz.,
2458 5687 2642 5757 Colb.,
2690 5692 2822 5757 etc.,
2869 5702 3008 5760 quos
3051 5682 3303 5756 sequitur
3338 5682 3503 5735 vetus

219 5773 246 5807 ³
277 5764 759 5845 Εάἱῐϊριόῐὶίῄιθ,
796 5767 1117 5845 adpersitate
1161 5768 1508 5845 frangantur.
1554 5768 1782 5845 Optime
1889 5769 2062 5845 editig
2089 5764 2432 5845 Parisiensis.

136 5853 428 5918 quantum
452 5839 528 5903 ad
551 5839 811 5902 sarisam.
861 5839 1183 5900 Lectionem
1232 5839 1424 5900 tamen
1452 5839 1780 5902 hanc—dese-

1962 5844 1985 5879 ⁴
2015 5842 2248 5911 Turon.,
2277 5836 2421 5912 quod
2445 5834 2764 5896 devicerunt.
