3928 6382
449 397 560 461 307

1668 399 1921 460 SANCTI
1970 399 2312 459 GBEGORII
2346 400 2574 461 MAGNI

3669 399 3780 457 308

449 523 666 592 mortis,
699 520 828 595 quia
855 538 952 596 per
979 524 1086 582 tria
1114 523 1252 596 hac,
1269 534 1325 583 et
1351 527 1509 584 duris
1532 528 1776 600 primum
1805 527 2050 584 stimulis
2075 531 2128 593 Α
2162 535 2316 597 runt,
2337 529 2710 604 correptisque
2730 529 3010 588 licentiam
3037 525 3331 583 tribuunt’
3347 532 3414 582 ut
3435 527 3484 583 si
3515 526 3656 601 quid
3675 543 3782 602 pro

351 672 357 678 ,
449 611 703 671 mceroris
731 610 990 682 afﬁcitur,
1021 621 1080 670 et
1107 615 1324 688 magnis
1353 615 1706 688 postmodum
1737 617 2051 673 securitatis

449 701 668 778 gaudiis
727 701 1028 760 refovetur.
1087 703 1162 760 Et
1215 705 1348 778 quia
1403 707 1564 764 electi
1617 706 2053 781 uniuscujusque

450 808 610 858 mens
649 788 843 850 iisdem
881 789 1062 847 tribus
1103 791 1343 862 vicibus,
1387 791 1445 848 id
1492 800 1575 850 est
1601 793 1692 850 vel
1716 793 1903 852 labore
1925 811 2053 852 con-

451 881 749 949 versionis,
780 880 868 936 vel
896 881 1203 938 tentatione
1231 881 1598 954 probationis,
1636 884 1725 942 vel
1754 885 2056 942 formidine

453 971 752 1029 solutionis
779 971 1062 1041 atteritur,
1095 979 1259 1046 atque
1286 974 1405 1046 ipsa
1432 974 1718 1032 attritibne
1745 983 1973 1049 purgata
1994 975 2058 1031 li-

451 1060 698 1128 beratur,
729 1067 852 1132 apte
879 1060 998 1134 subj
1006 1061 1272 1132 ungitur:

845 1174 1076 1234 CAPUT
1111 1175 1214 1232 xn
1264 1173 1406 1250 [νει.
1459 1175 1643 1252 XIX].

527 1267 701 1326 Vsus.
758 1265 846 1324 30.
892 1295 964 1308 —
1025 1265 1090 1323 Ut
1140 1272 1345 1322 reuocet
1395 1267 1606 1323 animas
1660 1281 1843 1323 eorum
1887 1283 1922 1323 a
1951 1282 2065 1322 cor-

455 1356 724 1430 ruptione,
759 1361 808 1411 et
831 1353 1099 1410 illuminat
1124 1355 1234 1410 luce
1263 1355 1568 1412 viventium.

527 1443 618 1502 35.
651 1444 776 1500 Lua:
802 1458 1062 1514 prasens,
1095 1443 1433 1498 morientium
1469 1449 1585 1509 est;
1615 1443 1710 1498 lum
1739 1448 1956 1510 (eterna,
1987 1441 2068 1496 vi-

459 1533 716 1589 ventium.
749 1561 821 1574 —
849 1531 972 1587 Lux
1003 1532 1207 1605 quippe
1238 1531 1598 1588 morientium
1622 1538 1724 1599 est,
1757 1547 1920 1604 quam
1953 1545 2072 1586 cor-

458 1621 642 1696 poreis
661 1621 840 1678 oculis
859 1619 1160 1678 cernimus.
1195 1621 1300 1689 Qui
1318 1629 1502 1677 autem
1515 1620 1698 1677 adhuc
1713 1619 1844 1676 huic
1861 1618 2072 1676 mundo

459 1709 686 1778 vivunt,
715 1710 841 1766 luce
860 1711 1218 1766 morientium
1241 1711 1652 1768 tenebrescunt.
1676 1710 2076 1766 Illuminantur

459 1808 646 1855 autem
694 1799 818 1854 luce
846 1798 1178 1866 viventium,
1213 1799 1331 1872 qui,
1374 1799 1630 1872 despecto
1659 1797 1958 1869 temporali
1991 1796 2082 1851 lu-

2161 619 2359 692 seipsis
2383 619 2590 691 justius
2617 619 2859 676 sentiant
2887 619 3184 686 fateantur,
3234 615 3341 672 hoc
3367 632 3782 690 nonnunquam

2153 708 2329 765 etiam
2342 717 2656 781 arrogantes
2677 707 2884 763 imitari
2915 713 3200 779 appetunt.
3230 704 3518 777 Paulisper
3543 705 3700 762 enim
3725 705 3786 760 in

2165 797 2350 854 verbis
2378 798 2612 854 elatione
2633 797 2955 869 postposita,
2981 794 3138 868 quasi
3183 809 3376 850 eorum
3407 809 3547 866 quos
3603 794 3788 851 corri-

2166 888 2348 962 piunt,
2381 889 2404 922 ⁶
2433 887 2478 943 si
2526 886 2671 942 forte
2702 885 2938 957 reperire
2977 884 3277 957 potuerint,
3305 881 3586 956 justitiam
3617 899 3793 957 qua-

2166 985 2320 1046 runt,
2350 993 2463 1033 non
2493 977 2622 1050 quia
2649 976 2725 1031 ita
2763 976 3030 1042 sentiunt,
3055 973 3150 1030 sed
3180 973 3310 1047 quia
3337 972 3523 1029 ornari
3553 989 3654 1046 per
3682 971 3792 1029 hn'

2171 1069 2426 1126 militatis
2459 1069 2694 1140 speciem
2739 1065 3157 1138 concupiscunt.
3195 1064 3451 1120 Metuunt
3477 1063 3631 1119 enim
3663 1065 3689 1099 ⁸
3719 1079 3795 1119 ne

2176 1157 2398 1231 superbi
2429 1174 2494 1215 ac
2527 1156 2754 1225 tumidi,
2788 1155 2918 1229 quia
2946 1161 3096 1222 sunt,
3129 1167 3245 1208 esse
3277 1151 3597 1208 videantur.
3628 1151 3798 1209 Unde

2174 1247 2307 1303 Eliu
2331 1247 2517 1302 statim
2545 1245 2819 1314 subdidit,
2841 1244 3067 1301 dicens:
3097 1243 3155 1298 Si
3168 1247 3345 1298 autem
3373 1241 3529 1297 habes
3547 1241 3697 1313 quod
3720 1241 3796 1297 lo-

2177 1337 2384 1406 quaris,
2411 1337 2668 1408 responde
2686 1335 2853 1400 mihi;
2883 1335 3114 1405 loquere,
3143 1333 3264 1388 volo
3288 1332 3428 1388 enim
3450 1338 3496 1386 te
3522 1348 3800 1405 apparere

2169 1426 2399 1498 justum.
2432 1427 2538 1484 Sed
2567 1427 2696 1500 quia
2728 1425 2847 1482 hac
2873 1440 2943 1480 ex
2973 1423 3138 1482 corde
3168 1440 3280 1480 non
3308 1423 3564 1496 protulit,
3595 1421 3799 1480 audire

2181 1517 2330 1592 quod
2344 1517 2636 1591 quasierat
2650 1531 2760 1570 non
2777 1514 3283 1588 exspectavit.Nam
3301 1513 3455 1569 illico
3471 1511 3795 1584 subjunxit:

2187 1609 2339 1678 Quod
2365 1609 2412 1664 si
2438 1625 2544 1664 non
2565 1608 2739 1673 habes,
2767 1605 2898 1661 audi
2924 1621 3005 1660 me
3015 1622 3037 1669 ;
3064 1610 3192 1671 tace,
3213 1609 3262 1658 et
3289 1603 3476 1659 docebo
3508 1610 3554 1659 te
3581 1603 3802 1674 sapien-

2189 1699 2336 1755 tiam.
2389 1699 2497 1767 Qui
2554 1699 2704 1754 enim
2758 1695 3027 1751 veraciter
3080 1703 3338 1767 quarunt
3383 1694 3578 1750 audire
3644 1692 3802 1768 quod

2183 1789 2394 1862 justum
2413 1797 2712 1860 est,aquan
2722 1786 2906 1842 imiter
2924 1793 3246 1856 exspectant
3265 1783 3458 1841 audire
3478 1783 3628 1858 quod
3648 1799 3802 1856 qua-

464 1886 639 1956 mine,
678 1885 750 1942 ad
793 1885 1142 1958 splendorem
1186 1887 1420 1944 interna
1449 1887 1718 1945 claritatis
1755 1892 2072 1955 recurrunt,
2102 1886 2151 1949 B
2184 1885 2335 1940 runt.
2368 1878 2498 1934 Eliu
2525 1882 2731 1944 autem,
2762 1875 2893 1948 quia
2916 1875 3186 1931 veraciter
3215 1873 3596 1947 requisitionis
3626 1873 3804 1931 verba

435 1979 616 2039 ’⁸77⁸7
660 1989 724 2038 ut
753 1979 832 2036 ibi
862 1979 1076 2050 vivant,
1109 1980 1206 2038 ubi
1230 1997 1424 2039 verum
1458 1985 1647 2039 lumen
1661 1980 1953 2038 sentiendo
1977 1981 2074 2037 vi-

466 2070 658 2140 deant,
689 2068 789 2126 ubi
832 2084 943 2125 non
974 2068 1129 2126 aliud
1176 2071 1386 2140 lumen,
1431 2079 1595 2145 atque
1624 2070 1783 2126 aliud
1811 2069 1948 2138 vita,
1979 2068 2076 2125 sed

439 2160 570 2230 _ubi
599 2161 720 2233 ipsa
748 2159 849 2215 lux
871 2160 990 2216 vita
1001 2160 1094 2229 sit,
1117 2159 1217 2216 ubi
1237 2159 1318 2217 sic
1345 2177 1448 2218 nos
1462 2162 1561 2217 lux
1576 2161 1827 2216 exterius
1841 2161 2078 2216 circum-

467 2248 700 2328 scribat,
751 2257 815 2303 ut
845 2247 1081 2306 interius
1131 2249 1362 2321 impleat
1391 2267 1406 2316 ;
1439 2249 1519 2306 sic
1546 2249 1782 2304 interius
1811 2248 2076 2322 impleat,

468 2347 535 2394 ut
578 2336 1061 2410 incircumscripta
1107 2337 1352 2394 exterius
1381 2337 1821 2396 circumscribat.
1852 2337 2080 2394 illumi-

471 2434 680 2484 nantur
727 2443 857 2500 ergo
898 2427 1004 2486 hac
1049 2429 1175 2486 luce
1205 2429 1540 2498 viventium,
1573 2445 1738 2502 quam
1768 2435 1922 2484 tanto
1947 2435 2082 2486 tunc

475 2516 747 2574 subtilius
777 2517 1152 2590 conspiciunt,
1185 2525 1394 2591 quanto
1434 2534 1585 2576 nunc
1612 2517 1682 2573 ad
1705 2517 1858 2572 illam
1891 2516 2084 2589 purius

477 2603 702 2660 vivunt.

444 2755 450 2760 ο
548 2689 640 2749 36.
673 2690 904 2762 Superbi
927 2691 1069 2747 veris
1092 2699 1144 2748 et
1164 2693 1405 2766 mysticis
1429 2694 1619 2751 inania
1633 2703 1682 2752 et
1701 2695 1902 2753 tumida
1921 2695 2088 2750 solent

471 2779 815 2855 permiscere.
862 2810 934 2822 —
974 2781 1172 2855 Magna
1204 2783 1334 2840 Eliu
1361 2800 1426 2841 ac
1454 2785 1614 2841 valde
1644 2785 1808 2842 fortia
1832 2783 2082 2858 protulit,

442 2945 448 2951 .
476 2869 574 2926 sed
603 2869 711 2926 hoc
749 2870 1131 2944 unusquisque
1159 2888 1418 2944 arrogans
1445 2873 1645 2930 habere
1675 2873 1959 2946 proprium
1987 2889 2088 2929 so-

475 2959 574 3028 let,
611 2958 760 3032 quod
803 2958 933 3016 dum
980 2976 1108 3016 vera
1134 2977 1200 3017 ac
1228 2962 1463 3034 mystica
1491 2963 1760 3035 loquitur,
1777 2961 1960 3018 subito
1990 2977 2087 3034 per

475 3053 751 3103 tumorem
767 3046 951 3103 cordis
966 3047 1217 3120 quadam
1240 3047 1430 3106 inania
1445 3059 1499 3106 et
1517 3050 1752 3123 superba
1771 3050 2084 3123 permiscet.

475 3135 634 3194 Foris
675 3136 826 3192 enim
875 3138 1091 3210 placere
1135 3139 1349 3212 appetit
1396 3139 1456 3196 in
1494 3139 1603 3198 hoc
1639 3141 1789 3214 quod
1817 3139 2089 3196 veraciter

2183 1986 2299 2029 non
2327 1967 2580 2043 protulit,
2610 1965 2721 2022 dici
2751 1963 2896 2038 quod
2926 1964 3221 2037 quaesierat
3246 1979 3359 2019 non
3391 1961 3669 2036 permisit,
3703 1961 3804 2018 sed

2185 2075 2318 2118 mox
2351 2055 2500 2130 quod
2529 2055 2863 2112 intrinsecus
2884 2053 3128 2126 gestabat
3159 2055 3363 2126 erupit,
3393 2051 3732 2126 qualemque
3746 2066 3805 2107 se

2188 2151 2247 2207 in
2287 2148 2464 2206 oculis
2493 2146 2606 2202 suis
2647 2143 2884 2201 habebat
2913 2144 3175 2212 ostendit,
3205 2143 3434 2200 dicens:
3471 2144 3682 2209 Tace,et
3709 2141 3802 2196 do-

2187 2238 2305 2295 cebo
2335 2244 2380 2293 te
2409 2235 2742 2309 sapientiam.
2775 2235 3110 2307 Arrogantes
3139 2233 3286 2288 enim
3308 2232 3418 2288 viri
3448 2229 3676 2304 quando
3701 2227 3804 2284 ali-

2189 2327 2324 2404 quid
2345 2327 2634 2385 humiliter
2648 2324 2968 2392 sonant,diu
2986 2323 3042 2378 in
3060 2321 3304 2394 ejusdem
3327 2321 3671 2377 humilitatis
3683 2334 3806 2390 spe-

2191 2420 2275 2477 cie
2305 2436 2416 2476 non
2437 2417 2755 2492 perdurant.
2775 2415 2913 2472 Cum
2936 2414 3164 2470 fortasse
3186 2419 3446 2484 quarunt
3463 2418 3528 2467 ut
3545 2408 3803 2480 audiant,

2192 2525 2324 2567 mox
2353 2506 2628 2581 loquendo
2683 2505 2912 2561 obviant
2939 2519 3010 2559 ne
3054 2501 3374 2570 doceantur,
3403 2500 3536 2574 quia
3563 2497 3806 2572 superfi-

2191 2601 2333 2658 ciem
2359 2599 2513 2655 vocis
2543 2612 2705 2669 quam
2736 2595 3077 2668 protulerant
3101 2593 3268 2650 citius
3297 2589 3692 2648 ostentationis
3723 2590 3808 2645 in-

2191 2691 2366 2746 tentio
2383 2688 2552 2753 '7'7'86
2568 2685 3034 2758 comprimit,qua
3045 2699 3115 2739 ex
3131 2683 3313 2740 radice
3328 2681 3510 2738 cordis
3525 2680 3805 2751 exsurgit,

2193 2796 2356 2860 atque
2375 2786 2618 2843 eamdem
2640 2783 2973 2840 humilitatis
2992 2781 3229 2836 formam
3249 2780 3430 2852 specie
3448 2785 3612 2834 tenus
3641 2792 3808 2832 sum-

2194 2887 2344 2952 ptam
2368 2893 2432 2933 eo
2459 2876 2691 2933 celerius
2720 2872 2955 2947 probant
3001 2872 3131 2944 quia
3159 2869 3339 2925 aliena
3367 2876 3472 2937 est,
3503 2882 3617 2940 quo
3649 2866 3806 2920 illam

2195 2967 2406 3023 diutius
2423 2973 2609 3021 tenere
2640 2981 2750 3019 non
2778 2968 3026 3034 possunt.
3059 2961 3201 3016 Ecce
3226 2959 3356 3014 Elin
3369 2956 3656 3029 justitiam
3677 2971 3806 3010 cum

2195 3057 2428 3130 requirit
2453 3063 2517 3111 ut
2546 3055 2741 3121 discat,
2771 3051 3049 3124 promittit
3075 3050 3206 3122 quia
3225 3049 3436 3105 doceat.
3469 3046 3615 3102 Ecce
3647 3043 3806 3116 quasi

2195 3143 2526 3218 requirendo
2556 3141 2703 3214 quod
2725 3140 2935 3211 justum
2967 3147 3048 3194 est
3076 3136 3288 3211 aliquid
3327 3136 3554 3208 planum
3589 3147 3810 3189 sonue-

477 3224 680 3291 sentit;
714 3232 770 3279 et
798 3222 928 3280 inde
951 3241 1084 3280 mox
1112 3225 1381 3284 inanescit
1399 3244 1433 3284 a
1461 3245 1615 3298 vero,
1636 3229 1784 3286 unde
1809 3231 1824 3264 ί
1855 3245 1952 3302 per
1981 3229 2089 3284 ela-
2117 3246 2163 3306 α
2195 3242 2280 3291 rat
2309 3236 2495 3306 lingua
2519 3251 2532 3300 ;
2567 3233 2662 3288 sed
2691 3249 2823 3287 mox
2843 3231 3020 3288 celare
3047 3246 3158 3286 non
3188 3228 3370 3301 potuit
3399 3226 3505 3282 hoc
3533 3223 3687 3298 quod
3716 3224 3812 3279 al-

479 3314 654 3372 tionis
681 3321 880 3386 typum
914 3314 1122 3370 recedit
1140 3315 1209 3371 ab
1238 3316 1458 3375 intimo.
1481 3319 1624 3387 Quia
1642 3319 1793 3375 enim
1808 3318 2088 3390 approba-
2193 3333 2313 3381 tum
2344 3323 2590 3379 tumebat
2618 3321 2970 3378 conscientia.
3025 3321 3162 3376 Nam
3216 3324 3435 3390 repente
3468 3313 3807 3388 subjunxit:

481 3403 532 3460 ri
579 3402 776 3458 doctus
819 3401 1063 3460 exterius
1096 3405 1334 3476 .quarit,
1373 3405 1524 3464 intus
1552 3407 1955 3480 plenitudinem
1982 3421 2091 3478 qua

445 3565 450 3572 _
484 3489 786 3546 docebatur
814 3490 1040 3548 amittit.
1073 3493 1228 3550 Unde
1256 3501 1310 3549 et
1351 3495 1503 3565 Elin,
1535 3511 1698 3568 quem
1727 3503 1913 3550 tenere
1941 3510 2090 3550 arro-

482 3579 730 3652 gantium
760 3588 957 3654 typum
988 3597 1129 3654 sape
1153 3583 1268 3656 jam
1297 3583 1566 3654 diximus,
1595 3591 1884 3657 postquam
1917 3584 2092 3638 multa

482 3670 769 3741 sapientia
799 3669 1076 3742 profunda
1102 3671 1349 3745 digessit,
1371 3671 1556 3729 subito
1581 3680 1704 3744 post
1733 3671 1949 3728 easdem
1971 3687 2090 3726 sen-

482 3759 687 3814 tentias
735 3774 956 3816 veraces
999 3775 1066 3817 ac
1111 3761 1376 3833 mysticas
1412 3760 1558 3816 fastu
1585 3760 1832 3816 scientia
1868 3759 2092 3815 inﬂatus

483 3849 800 3918 extollitur,
830 3849 990 3921 cujus
1016 3866 1151 3906 mox
1181 3849 1491 3907 inﬂationis
1523 3850 1722 3910 merito
1749 3849 1871 3922 ejus
1897 3865 2092 3906 sensus

483 3938 553 3996 ad
581 3938 771 3997 inania
798 3938 966 3996 verba
993 3939 1298 3997 derivatur.
1327 3940 1466 3996 Nam
1495 3938 1766 4006 subdidit,
1795 3937 2016 3996 dicens:

837 4075 842 4080 .
1079 4026 1312 4085 CAPUT
1345 4027 1500 4085 XIII.

559 4116 738 4174 Vnus.
769 4117 956 4176 31-33.
997 4148 1069 4161 —
1115 4119 1364 4186 Attende,
1393 4119 1514 4185 Job,
1545 4125 1594 4175 et
1618 4118 1752 4175 audi
1777 4135 1880 4188 me,
1908 4123 1959 4173 et
1987 4123 2094 4173 tace

488 4202 616 4278 dum
645 4221 736 4275 ego
761 4207 971 4274 loquor.
991 4207 1054 4262 Si
1063 4213 1240 4264 autem
1258 4208 1415 4263 habes
1434 4208 1577 4278 quod
1597 4207 1862 4277 loquaris,
1878 4223 2094 4277 respon-

455 4297 463 4305 ’
489 4271 553 4349 de
579 4271 713 4348 mihi
729 4309 748 4346 :
773 4271 1008 4362 loquere,
1027 4296 1148 4349 volo
1175 4295 1314 4350 enim
1337 4302 1381 4351 te
1407 4271 1675 4367 apparere
1681 4271 1908 4364 justum.
1943 4271 2096 4364 Quod

489 4381 540 4434 si
579 4397 686 4437 non
714 4380 894 4448 habes,
922 4381 1058 4437 audi
1083 4399 1164 4438 me
1180 4399 1202 4448 ;
1232 4388 1361 4448 tace,
1391 4388 1441 4438 et
1467 4383 1652 4439 docebo
1687 4391 1732 4439 te
1757 4385 2091 4457 sapientiam.

566 4468 656 4527 37.
683 4469 906 4538 Quando
927 4470 1136 4542 aliquid
1153 4471 1422 4527 humiliter
1443 4472 1754 4542 loquuntur,
1770 4474 1865 4528 diu
1884 4474 1940 4529 in
1959 4475 2096 4544 ejus-

492 4557 614 4613 dem
643 4558 964 4614 humilitatis
991 4561 1154 4631 specie
1180 4576 1286 4616 non
1298 4567 1660 4632 perseverant.
1693 4562 2006 4630 —Qualem
2036 4578 2094 4620 se

458 4717 466 4726 .
491 4648 640 4720 apud
667 4665 724 4706 se
751 4649 948 4705 habeat
976 4648 1082 4707 hac
1106 4650 1387 4708 locutione
1415 4649 1755 4722 manifestat,
1785 4668 1894 4725 qua
1921 4652 2094 4711 dicit:

493 4737 738 4808 Attende,
783 4741 902 4808 Job,
952 4748 1004 4796 et
1037 4741 1170 4798 audi
1212 4759 1311 4812 me,
1348 4748 1396 4798 et
1441 4749 1550 4799 tace
1595 4743 1722 4798 dum
1761 4760 1850 4815 ego
1883 4744 2094 4814 loquor.

491 4831 769 4888 Immensa
796 4830 944 4887 enim
977 4830 1235 4905 superbia
1261 4839 1364 4902 est,
1395 4848 1428 4888 a
1453 4831 1670 4888 seniore
1701 4831 1811 4888 sibi
1845 4849 2098 4890 reveren-

491 4919 626 4974 tiam
658 4919 895 4993 exigere,
927 4928 982 4978 et
1003 4921 1288 4978 silentium
1310 4921 1580 4994 imperare
1609 4921 1830 4977 meliori
1859 4938 1936 4978 se.
1955 4922 2094 4997 [νει.

491 5010 640 5086 ΧΧ.]
679 5012 820 5081 Quia
865 5020 1050 5069 autem
1080 5013 1468 5086 pradicatores
1489 5011 1630 5085 justi
1660 5011 1793 5068 dum
1823 5013 2101 5086 quoslibet

491 5102 823 5174 corripiunt,
859 5117 1002 5175 sape
1031 5118 1130 5175 per
1155 5101 1492 5158 humilitatis
1523 5101 1790 5173 gratiam'
1806 5102 1875 5158 ad
1895 5102 2099 5176 cogita-

495 5190 710 5246 tionum
741 5206 966 5248 suarum
995 5189 1197 5247 intima
1224 5195 1601 5258 revertuntur,
1623 5197 1786 5262 atque
1806 5191 1864 5246 in
1884 5205 1950 5246 eo
1979 5189 2099 5262 ipso

497 5276 646 5348 quod
681 5280 1013 5352 corripiunt,
1050 5295 1121 5336 ne
1163 5279 1301 5352 quid
1327 5278 1560 5335 fortasse
1581 5277 1853 5336 fallantur
1889 5279 2100 5352 exqui-

573 5503 597 5584 Ῐ
623 5500 793 5584 ἓίξΨί
801 5543 847 5584 2’.
887 5500 1132 5584 (ἔρυὲἴῧε
1177 5512 1248 5584 ‘3}.
1271 5504 1368 5584 ab:
1392 5521 1496 5578 Ρθν
1516 5506 1828 5584 Εζίὲυαίίοπίε
1861 5509 2094 5584 urbem.

573 5572 597 5608 ²
624 5571 775 5629 Edit.
807 5573 1167 5650 Basil.__l£illi,
1198 5571 1484 5650 vaticaiia,
1507 5577 1705 5648 Gilot.,
1736 5581 1808 5635 ad
1834 5571 2100 5650 cdqnitio-

499 5659 630 5701 num
678 5659 920 5700 suarum.
960 5644 1214 5700 Nostram
1255 5644 1546 5704 lectionem
1583 5644 1832 5706 eruimus
1866 5644 1938 5707 εἰ
1964 5652 2096 5708 Mss.

501 5713 746 5774 Anglia.
773 5715 991 5774 Norm..
1021 5715 1252 5774 Turon..
1283 5727 1389 5774 etc.

501 5716 746 5788 Anglia,
773 5716 991 5797 l‘lorm.,
1021 5716 1389 5799 Turon.,.etc.
1465 5789 1476 5800 .

503 5788 608 5916 “ﬂ:
625 5786 872 5862 Anglia,
897 5787 1090 5846 Norm.
1123 5795 1178 5844 et
1204 5789 1324 5857 alii,
1353 5795 1477 5844 utsi
1501 5791 1632 5861 quid
1652 5808 1758 5864 pro
1782 5809 1836 5848 se
1858 5792 1965 5866 ipsi
1980 5791 2102 5866 jus-

523 5876 628 5916 ιω.

2204 3415 2356 3480 Tace,
2399 3417 2447 3466 et
2474 3411 2658 3466 docebo
2695 3417 2739 3464 te
2767 3409 3100 3480 sapientiam.
3133 3408 3274 3476 Quia
3308 3423 3442 3462 vero
3487 3411 3812 3476 arrogantes

2198 3517 2390 3558 omnes
2418 3501 2476 3556 in
2509 3515 2573 3555 eo
2595 3499 2740 3572 quod
2771 3499 3061 3586 proferunt
3089 3497 3266 3570 typho
3289 3495 3562 3569 superbia
3591 3495 3813 3586 inﬂan-

2195 3599 2311 3660 tur,
2338 3598 2412 3659 et,
2443 3591 2596 3646 velut
2627 3590 2684 3644 in
2713 3585 2824 3644 alto
2855 3588 3020 3660 positi
3051 3587 3130 3643 sic
3143 3587 3434 3644 doctorum
3455 3585 3697 3658 speciem
3717 3601 3811 3640 su-

2199 3687 2382 3745 munt,
2415 3695 2478 3736 ac
2515 3679 2560 3734 si
2605 3695 2796 3735 eorum
2835 3677 3002 3733 verba
3029 3676 3346 3748 dignatione
3376 3675 3611 3749 quadam
3643 3690 3814 3746 super

2200 3769 2456 3843 indignos
2485 3769 2740 3825 homines
2766 3767 2984 3824 calitus
3013 3765 3389 3834 effundantur,
3410 3764 3550 3820 bene
3575 3779 3608 3819 a
3635 3763 3813 3836 scrip-

2198 3867 2317 3916 tore
2341 3858 2510 3930 hujus
2525 3857 2772 3913 historia
2793 3872 2983 3912 versus
3003 3855 3398 3927 interponitur,
3423 3870 3533 3927 quo
3548 3853 3808 3910 dicatur:

2441 3999 2670 4058 CAPUT
2701 3998 2834 4055 XIV
2857 3997 2999 4072 [Vet.
3030 3999 3185 4066 XXI,
3207 3999 3328 4056 Rec.
3369 3995 3552 4072 VIII].

2271 4116 2405 4175 CAP.
2463 4129 2663 4182 xxxrv,
2720 4113 2890 4169 Vsus.
2949 4113 3545 4172 l.—7Pronuntians
3601 4129 3815 4184 quoque

2201 4207 2358 4273 Eliu,
2385 4205 2546 4262 etiam
2573 4205 2680 4260 hac
2711 4205 2913 4259 locutus
2941 4209 3034 4260 est.

2273 4296 2362 4353 38.
2394 4294 2534 4350 Iusti
2561 4310 2628 4348 ea:
2644 4293 2824 4348 radice
2843 4293 3161 4348 humilitatis
3191 4293 3522 4363 loquuntur;
3539 4308 3688 4347 secus
3708 4292 3813 4347 ini-

2201 4387 2314 4459 qui.
2331 4416 2404 4427 —
2423 4383 2568 4452 Quid
2597 4382 2744 4438 enim
2769 4398 2864 4454 per
2883 4382 3050 4455 hujus
3075 4381 3545 4454 pronuntiationis
3569 4381 3815 4438 vocabu-

2203 4476 2342 4542 lum,
2373 4472 2480 4528 nisi
2497 4471 2710 4528 inﬂatio
2730 4471 2986 4527 elationis
3016 4469 3349 4538 ostenditur,
3375 4477 3438 4526 ut
3471 4469 3664 4538 verba,
3693 4487 3816 4544 qua

2203 4564 2271 4620 de
2289 4563 2401 4618 alta
2437 4561 2706 4633 superbia
2737 4560 2919 4616 radice
2937 4558 3254 4628 veniebant,
3273 4562 3400 4616 cum
3418 4559 3660 4631 quadam
3683 4577 3817 4633 qua-

2204 4653 2250 4710 si
2283 4653 2578 4710 altitudine
2607 4659 2660 4707 et
2698 4651 3056 4707 distinctione
3086 4649 3464 4722 procederent.
3497 4650 3580 4704 Ita
3616 4650 3820 4706 videli-

2205 4751 2292 4800 cet
2317 4741 2612 4814 pradicare
2632 4757 2824 4797 omnes
2839 4747 3155 4812 arrogantes
3171 4740 3350 4795 solent
3366 4739 3394 4795 ?
3410 4738 3550 4796 Cum
3569 4739 3816 4812 quodam

2205 4832 2355 4888 enim
2371 4831 2518 4886 fastu
2534 4832 2821 4904 proferunt
2839 4830 2945 4888 hoc
2965 4827 3112 4903 quod
3128 4829 3486 4900 singulariter
3504 4829 3818 4885 intellexis-

2206 4940 2264 4980 se
2292 4941 2350 4980 se
2377 4923 2646 4991 credunt;
2687 4931 2744 4979 et
2768 4923 2997 4979 fortasse
3025 4930 3160 4978 tunc
3192 4920 3566 4998 humilitatem
3599 4921 3817 4992 pradi-

2205 5020 2355 5080 cant,
2381 5030 2509 5070 cum
2557 5028 2654 5085 per
2689 5012 2945 5068 elationis
2973 5011 3209 5084 typhum
3257 5012 3510 5082 exempla
3539 5009 3817 5082 superbia

2208 5111 2502 5160 ostentant.
2523 5102 2678 5158 Unde
2709 5101 2770 5157 ﬁt
2797 5109 2861 5156 ut
2883 5117 3073 5156 eorum
3105 5099 3425 5172 pradicatio
3451 5114 3686 5155 concors
3709 5097 3816 5154 sibi

2208 5208 2428 5248 manere
2476 5207 2586 5248 non
2618 5191 2812 5264 possit,
2843 5189 2973 5262 quia
3012 5189 3070 5246 id
3099 5189 3248 5263 quod
3277 5195 3490 5244 rectum
3523 5188 3818 5260 loquentes

2206 5283 2502 5351 seminant,
2532 5297 2786 5355 perverse
2810 5287 3086 5336 tumentes
3115 5279 3463 5352 impugnant.
3487 5277 3817 5335 Humilibus

2277 5514 2301 5550 ‘
2329 5513 2448 5585 AL,
2475 5512 2526 5568 si
2542 5513 2682 5585 forte
2701 5511 2931 5585 reperiri
2962 5510 3218 5585 potuerit.

2277 5585 2300 5620 ⁸
2331 5583 2639 5653 Turon.,ne
2665 5583 2914 5653 superbia
2945 5583 3155 5638 tumidi.

2277 5656 2302 5690 ⁸
2331 5655 2518 5711 Baluz.
2551 5662 2605 5710 et
2633 5654 2814 5723 Colb.,
2837 5654 3148 5724 corrumpit.

2277 5727 2301 5762 "
2335 5725 2567 5808 Italliss.
2591 5722 2873 5808 passimet
2901 5733 3012 5782 vet.
3033 5722 3186 5781 Edit.
3221 5724 3288 5780 In
3314 5729 3525 5780 recent.
3566 5724 3808 5798 legitur:

2201 5803 2559 5868 pronuntians
2589 5803 2784 5869 itaque.
