3928 6386
183 402 295 460 309

936 398 1315 460 MORALIUM
1351 401 1488 461 LIB.
1524 401 1733 461 xxxv.
1774 431 1845 446 -
1883 402 1963 462 1M
1998 402 2229 462 CAPUT
2265 400 2509 462 xxxrv
2548 403 2612 460 B.
2651 403 2794 461 JOB.
2898 360 2911 365 ’

3410 404 3518 461 310

175 543 420 602 namque
443 524 791 584 auditoribus
807 524 976 582 verba
994 541 1094 582 sua
1121 542 1234 583 non
1258 528 1665 601 compatiendo,
1696 529 1793 587 sed
1818 531 1871 592 Α
1963 530 2142 586 Justos
2171 528 2440 599 falsorum
2467 526 2754 582 criminum
2773 529 3107 588 insimulant.
3139 561 3212 575 —-
3239 532 3369 589 Haec
3390 531 3516 590 bea-

177 617 279 673 vix
308 615 665 688 dedignanda
694 615 1025 688 largiuntur.
1044 614 1229 689 Longe
1248 617 1451 690 quippe
1471 633 1527 673 se
1548 618 1605 673 in
1625 618 1799 675 altum

175 707 389 778 positos
432 706 732 773 aestimant,
782 712 837 760 et
880 720 1044 777 super
1084 705 1306 762 eosdem
1344 706 1626 763 auditores
1670 723 1799 764 suos

180 797 197 831 ¹
212 794 757 869 quasipraecedentes
773 793 1040 851 doctrinae
1059 802 1371 868 respectum
1384 796 1483 851 vix
1498 795 1565 852 de
1582 812 1801 853 summo

176 887 476 959 dignanter
515 884 810 941 inclinant.
854 885 931 940 At
973 892 1164 941 contra
1208 884 1379 941 verba
1413 884 1690 957 justorum
1734 901 1804 941 ex

174 974 366 1032 radice
394 974 632 1030 veniunt
660 972 1019 1042 humilitatis,
1048 981 1110 1030 ut
1137 973 1382 1031 fructum
1412 976 1635 1030 valeant
1662 974 1805 1031 ferre

174 1067 404 1142 pietatis
428 1084 441 1122 :
474 1072 530 1121 et
559 1063 836 1139 quidquid
866 1064 1084 1121 salubre
1117 1066 1422 1138 potuerint,
1449 1082 1561 1121 non
1590 1073 1804 1121 tumen-

175 1158 273 1229 do,
330 1156 427 1215 sed
482 1154 869 1228 compatiendo
922 1153 1370 1211 subministrant.
1423 1155 1445 1191 ²
1492 1156 1595 1211 Per
1641 1153 1806 1211 verba

175 1249 388 1322 quippe
416 1245 707 1304 charitatis
738 1244 825 1300 vel
855 1259 912 1299 se
944 1244 1001 1299 in
1034 1242 1384 1300 auditoribus
1412 1244 1547 1313 suis,
1578 1244 1666 1299 vel
1696 1260 1806 1299 au-

175 1337 393 1394 ditores
436 1350 567 1392 suos
599 1334 657 1390 in
686 1349 743 1389 se
774 1333 853 1388 ita
890 1332 1310 1402 transformant,
1339 1349 1405 1389 ac
1434 1332 1480 1388 si
1508 1340 1562 1388 et
1596 1333 1679 1388 illi
1710 1348 1806 1405 per

160 1424 318 1481 .istos
348 1424 457 1481 hoc
485 1421 635 1497 quod
656 1420 894 1478 audiunt
920 1421 1179 1491 doceant,
1208 1429 1265 1478 et
1299 1423 1390 1479 isti
1420 1438 1516 1495 per
1545 1422 1670 1478 illos
1699 1421 1807 1477 hoc

178 1515 333 1590 quod
372 1513 622 1571 docendo
662 1513 956 1585 proferunt
1001 1512 1237 1569 discant.
1287 1513 1418 1568 Elin
1448 1528 1576 1583 ergo
1608 1519 1805 1583 typum

176 1605 564 1677 arrogantium
582 1610 798 1677 tenens,
829 1609 885 1658 et
917 1603 938 1637 ³
968 1618 1097 1658 cum
1127 1601 1598 1674 pronuntiationis
1627 1608 1806 1656 osten-

177 1696 400 1752 tatione
430 1692 722 1761 inchoans,
751 1690 887 1767 quid
914 1690 1065 1747 dicat
1098 1690 1407 1748 audiamus.
1436 1690 1730 1763 Sequitur:

810 1780 1040 1841 CAPUT
1066 1781 1193 1839 XV.

1907 626 2024 675 tum
2056 618 2159 675 Job
2199 616 2408 674 dixisse
2437 617 2709 690 queritur,
2740 632 2862 689 quas
2890 626 3077 674 tamen
3118 622 3247 691 quia
3284 623 3518 679 minime

1908 708 2133 776 dixerit,
2153 708 2418 781 requisita
2446 721 2612 762 sacrm
2632 704 2880 762 historiae
2908 708 3076 763 verba
3090 716 3378 769 testantur.
3411 713 3519 770 Sed

1909 798 2004 869 qui
2028 796 2305 868 judicium
2342 811 2496 869 aeque
2517 796 2827 868 quaesierat,
2857 812 2928 852 ex
2956 797 3118 868 culpa
3137 813 3300 869 quam
3330 800 3518 870 ﬁnxit,

1910 885 2168 958 protinus
2204 886 2534 941 sententiam
2565 885 2897 956 promulgat.
2920 885 3058 941 Nam
3080 887 3330 957 sequitur
3363 905 3373 943 :

1982 974 2158 1031 Vens.
2195 976 2249 1042 7,
2288 975 2343 1030 8.
2375 1006 2446 1016 —
2478 973 2609 1042 Quis
2655 979 2730 1029 est
2757 973 2865 1043 vir,
2895 979 2955 1029 ut
2979 981 3056 1029 est
3098 974 3221 1040 Job,
3263 976 3358 1046 qui
3397 976 3524 1033 bibit

1912 1063 2373 1119 subsannationem
2410 1063 2567 1134 quasi
2591 1078 2812 1133 aquam,
2846 1063 2941 1134 qui
2965 1063 3218 1133 graditur
3249 1081 3367 1119 cum
3393 1083 3525 1137 ope-

1912 1154 2157 1209 rantibus
2184 1153 2543 1225 iniquitatem,
2573 1158 2623 1207 et
2649 1152 2893 1208 ambulat
2919 1170 3036 1208 cum
3062 1154 3197 1209 viris
3226 1155 3404 1227 impiis
3424 1159 3451 1211 ‘2’

1985 1242 2131 1317 [Rea
2162 1241 2291 1316 IX.]
2314 1244 2456 1299 Ecce
2480 1241 2757 1314 judicium
2786 1258 3037 1315 quarens
3072 1242 3348 1315 judicium
3388 1262 3527 1317 pro—

1912 1332 2065 1400 tulit,
2090 1339 2145 1387 et
2180 1338 2306 1403 post
2333 1331 2719 1403 allegationem
2750 1348 2906 1388 suam
2928 1332 3084 1388 nulla
3112 1332 3257 1389 beati
3286 1334 3389 1389 Job
3418 1350 3527 1388 ex-

1913 1428 2156 1493 spectata
2185 1421 2482 1488 sententia,
2513 1436 2639 1475 eum
2684 1418 3039 1476 damnatione
3067 1418 3299 1491 dignum
3334 1437 3403 1475 ex
3430 1411 3528 1476 re-

1914 1506 2216 1579 proborum
2252 1508 2512 1562 societate
2535 1507 2831 1579 judicavit.
2883 1509 2981 1563 Ait
3027 1508 3178 1562 enim
3216 1524 3228 1561 :
3278 1507 3409 1574 Quis
3455 1513 3531 1563 est

1916 1596 2023 1665 vir,
2062 1603 2122 1651 ut
2148 1602 2223 1651 est
2248 1596 2346 1651 Job
2376 1596 2405 1652 ἢ
2436 1598 2506 1653 Ut
2532 1598 2725 1669 utique
2756 1595 3171 1663 subaudiamus,
3195 1596 3403 1653 nullus.
3431 1597 3527 1654 At-

1916 1702 2022 1759 que
2048 1685 2335 1758 suhjungit
2358 1704 2369 1741 :
2399 1688 2501 1754 Qui
2520 1687 2646 1741 bibit
2661 1688 3122 1741 subsannationem
3140 1688 3295 1756 quasi
3308 1704 3528 1757 aquam.

1914 1776 2075 1847 Aqua
2100 1782 2285 1830 autem
2313 1789 2441 1830 cum
2490 1773 2724 1841 bibitur,
2770 1773 2845 1827 ita
2876 1771 3084 1844 liquide
3124 1774 3386 1840 sumitur,
3418 1775 3439 1809 ³
3470 1784 3533 1831 ut

251 1872 430 1931 Vnus.
463 1872 519 1942 2,
547 1871 602 1929 3.
633 1902 705 1915 —
732 1871 952 1937 Audite,
982 1868 1261 1943 sapientes,
1284 1868 1446 1925 verba
1463 1885 1597 1937 mea,
1624 1873 1809 1924 etern-
1835 1888 1885 1950 Β
1913 1863 1984 1919 ad
2012 1862 2350 1919 sorbendum
2370 1860 2524 1917 nulla
2546 1860 2632 1916 sui
2653 1860 2988 1933 pinguedine
3016 1860 3341 1916 retardetur.
3380 1862 3533 1918 Sub-

179 1964 284 2021 diti
311 1965 612 2023 auscultate
628 1979 729 2019 me.
757 1961 928 2019 Auris
955 1960 1095 2017 enim
1121 1960 1283 2017 verba
1302 1960 1520 2033 probat,
1550 1965 1598 2014 et
1623 1964 1809 2030 guttur

184 2072 333 2112 essm
361 2060 523 2128 gustu
549 2054 829 2125 dijudicat.

252 2150 344 2207 39.
380 2150 609 2223 Superbi
649 2151 883 2206 doctores
920 2166 1029 2205 non
1068 2153 1317 2221 quaerunt
1360 2146 1640 2203 auditores
1683 2162 1807 2203 suos

180 2241 447 2315 sapientes
476 2243 688 2315 ejﬁcere,
736 2241 828 2296 sed
863 2256 1017 2296 suam
1062 2239 1381 2312 sapientiam
1419 2244 1699 2293 ostentare.
1738 2265 1811 2278 —

158 2331 267 2388 .Ac
294 2331 344 2387 si
376 2330 586 2388 diceret
609 2349 621 2387 :
655 2331 811 2388 Sicut
834 2346 935 2387 nec
957 2329 1107 2386 auris
1126 2345 1296 2398 escas,
1314 2344 1417 2386 nec
1436 2336 1626 2402 guttur
1639 2325 1810 2383 verba

181 2420 473 2492 cognoscit
494 2438 508 2487 ;
543 2421 620 2476 ita
647 2436 749 2476 nec
768 2420 971 2475 stultus
991 2420 1224 2493 quisque
1246 2418 1577 2474 sententiam
1594 2417 1809 2489 sapien-

183 2510 256 2565 tis
312 2509 597 2581 intelligit.
640 2509 924 2581 Sapientes
972 2525 1101 2581 ergo
1145 2515 1310 2581 atque
1360 2507 1565 2564 eruditi
1619 2506 1809 2563 audite

187 2598 346 2672 quod
373 2599 523 2667 dico,
560 2600 655 2672 qui
684 2599 916 2671 potestis
941 2613 1005 2654 ea
1032 2615 1153 2671 quae
1183 2597 1393 2653 fuerint
1420 2596 1568 2653 dicta
1597 2611 1812 2667 cogno-

190 2703 365 2745 scere.
399 2685 703 2744 Videamus
746 2686 915 2758 igitur
957 2692 1227 2757 quantum
1254 2691 1486 2752 tumeat,
1519 2684 1615 2757 qui
1644 2682 1813 2739 verba

189 2792 291 2833 sua
320 2792 435 2832 non
466 2776 578 2832 nisi
604 2792 636 2832 a
655 2775 996 2847 sapientibus
1024 2774 1209 2830 audiri
1230 2774 1487 2831 decenter
1506 2773 1809 2829 existimat.

186 2868 373 2925 Verus
403 2872 590 2921 autem
621 2865 904 2936 sapientiae
930 2863 1256 2934 praedicator
1271 2862 1442 2918 dicit:
1479 2860 1814 2932 Sapientibus

189 2963 243 3013 et
267 2954 642 3028 insipientibus
673 2953 875 3008 debitor
902 2968 1019 3006 sum
1059 2951 1238 3021 (Rom.
1270 2968 1309 3018 ι,
1343 2950 1456 3022 lli).
1505 2950 1581 3005 At
1625 2956 1818 3006 contra

185 3062 461 3119 arrogans
490 3045 550 3101 in
580 3042 972 3115 praedicatione
1002 3058 1101 3097 sua
1133 3057 1292 3097 aures
1319 3039 1706 3096 tantummodo
1735 3056 1817 3095 sa-

189 3137 474 3211 pientium
504 3138 808 3205 exspectat,
839 3131 969 3204 quia
988 3147 1099 3186 non
1122 3130 1245 3186 ideo
1265 3128 1526 3201 praedicat
1552 3136 1616 3183 ut
1646 3126 1817 3200 possit

190 3224 480 3301 quoslibet
506 3223 778 3294 sapientes
811 3220 1046 3288 efﬁcere,
1078 3218 1172 3275 sed
1204 3218 1327 3275 ideo
1355 3220 1627 3290 sapientes
1656 3236 1819 3292 quaa—
1849 3249 1894 3310 Ο

186 3318 289 3385 rit,
306 3322 372 3371 ut
384 3314 561 3387 possit
581 3311 731 3386 quod
750 3312 981 3367 senserit
999 3308 1367 3382 superbiendo
1384 3315 1709 3365 monstrare.
1732 3310 1813 3365 Si-

191 3413 292 3465 cut
321 3404 473 3461 enim
499 3402 752 3475 superius
781 3400 993 3459 dictum
1024 3407 1124 3468 est,
1157 3414 1270 3455 non
1300 3398 1427 3454 illos
1455 3400 1664 3471 appetit
1693 3415 1814 3456 eru-

190 3494 340 3562 dire,
373 3490 469 3548 sed
495 3507 552 3547 se
581 3488 907 3556 ostendere;
947 3504 1048 3546 nec
1082 3489 1330 3544 intuetur
1366 3503 1529 3560 quam
1553 3487 1692 3559 justi
1719 3492 1817 3562 qui

191 3585 437 3643 audiunt
466 3581 625 3652 ﬁant,
653 3582 749 3639 sed
780 3582 895 3655 ipse
923 3596 1088 3654 quam
1118 3579 1315 3635 doctus
1344 3580 1389 3647 ‘,
1421 3595 1548 3634 cum
1578 3594 1611 3634 a
1639 3578 1818 3634 doctis

192 3681 431 3740 auditur
460 3676 605 3735 7'79
633 3685 911 3752 appareat.
943 3675 1084 3750 [νει.
1116 3675 1282 3732 XXII
1286 3673 1327 3748 .]
1358 3673 1500 3742 Quia
1528 3690 1661 3730 vero
1685 3691 1817 3747 prae-

194 3772 540 3831 dicationem
565 3768 944 3841 arrogantium
972 3765 1164 3823 nullus
1188 3763 1525 3833 admitteret,
1552 3765 1600 3821 si
1627 3782 1739 3822 non
1766 3774 1823 3823 et

192 3859 415 3936 aliquid
461 3859 530 3917 de
577 3858 914 3915 humilitatis
958 3855 1197 3927 imagine
1240 3854 1651 3925 permiscerent,
1682 3853 1823 3910 bene

196 3951 335 4009 Eliu
376 3956 668 4023 postquam
698 3963 796 4021 per
818 3945 1035 4003 tumida
1063 3944 1231 4000 verba
1260 3960 1317 4000 se
1346 3944 1570 4013 extulit,
1602 3960 1822 3999 rursum

198 4039 360 4114 quasi
380 4038 452 4096 ad
470 4037 802 4111 mqualitatis
818 4033 1171 4093 concordiam
1183 4031 1596 4102 condescendit,
1611 4031 1819 4088 dicens:

814 4150 1044 4209 CAPUT
1074 4149 1226 4206 XVI.

274 4248 451 4307 Vsus.
475 4247 531 4305 4.
561 4276 634 4290 -
659 4244 933 4303 Iudicium
973 4241 1229 4313 eligamus
1255 4238 1427 4304 nobis,
1472 4244 1522 4294 et
1562 4238 1705 4293 inter
1730 4254 1828 4294 nos

196 4338 482 4394 videamus
500 4336 632 4408 quid
655 4337 725 4391 sit
742 4334 954 4390 melius.

276 4429 370 4485 40.
402 4426 769 4483 Humilitatem
796 4423 1114 4496 quandoque
1136 4435 1254 4492 prce
1285 4435 1340 4474 se
1367 4418 1575 4489 ferunt,
1603 4415 1693 4472 sed
1726 4416 1831 4487 ﬁc-

204 4527 339 4576 tam.
370 4549 444 4560 —
471 4516 578 4574 Sed
613 4523 803 4572 utrum
844 4513 955 4569 hoc
995 4510 1274 4583 judicium
1313 4522 1384 4563 ex
1414 4505 1617 4562 humili
1662 4502 1829 4560 corde

202 4607 514 4685 quaesierit,
561 4605 725 4663 facile
754 4602 1161 4676 cognoscimus,
1205 4599 1252 4654 si
1295 4594 1684 4669 subsequentia
1711 4592 1830 4666 ejus
1853 4613 1905 4673 D

202 4697 379 4756 verba
411 4711 720 4770 pensemus.
757 4692 1051 4766 Sequitur:

278 4790 456 4850 Vnus.
488 4790 542 4858 ὅ,
582 4789 635 4846 6.
666 4819 738 4831 —
768 4786 910 4855 Quia
929 4784 1071 4841 dixit
1092 4783 1230 4839 Job:
1259 4781 1444 4837 Justus
1462 4794 1603 4845 sum,
1621 4783 1670 4833 et
1688 4777 1832 4833 Deus

205 4880 466 4938 subvertit
497 4878 763 4949 judicium
789 4892 979 4932 meum.
1002 4875 1069 4931 In
1088 4871 1383 4941 judicando
1412 4869 1552 4925 enim
1572 4884 1651 4929 me
1675 4883 1833 4922 men—-

210 4974 430 5030 dacium
456 4976 568 5035 est;
596 4975 646 5025 et
664 4968 901 5024 violenta
927 4963 1123 5036 sagitta
1161 4977 1280 5017 mea
1308 4960 1505 5031 absque
1548 4959 1663 5015 ullo
1700 4973 1832 5030 pec-

211 5069 355 5121 cato.

292 5295 309 5328 ¹
344 5293 525 5349 Locus
548 5289 923 5364 subobscurus
937 5286 997 5364 in
1022 5282 1227 5350 Editis,
1254 5296 1359 5364 nec
1381 5278 1584 5364 claripr
1697 5277 1829 5364 Mss.

214 5364 443 5447 Ebroic.
475 5370 531 5419 et
558 5361 707 5447 aliis,
734 5360 833 5447 ubi
861 5359 1065 5432 legitur
1096 5374 1109 5412 :
1155 5353 1313 5431 quasi
1334 5350 1668 5425 procedentis
1700 5350 1835 5406 doc-

218 5440 379 5492 trinae
398 5441 711 5507 respectum,
741 5440 846 5488 etc.
1174 5491 1188 5500 ,

291 5508 315 5542 ³
343 5506 568 5563 Ebroic.
600 5511 655 5560 et
682 5502 947 5569 Vindoc.,
989 5501 1045 5556 vi
1082 5497 1275 5570 quippe
1314 5495 1614 5553 charitatis.
1646 5494 1835 5553 Turo-

218 5578 430 5628 nensis-
458 5578 551 5628 cia
577 5576 769 5628 auinne
796 5573 1097 5628 charitatis.

216 5594 430 5647 nensts,
458 5595 551 5633 ma
577 5591 769 5647 quippe
796 5589 1097 5629 cnamatis.

290 5652 314 5687 ³
344 5648 572 5731 Pratel.,
603 5663 722 5702 cum
737 5644 1183 5765 1Ξῖὶιηοιῃωξιίαείοιῃρε
1208 5642 1484 5699 inchoans.
1613 5707 1648 5719 η

291 5724 315 5757 ι
346 5720 630 5765 “mnuum
672 5736 709 5765 α
806 5720 903 5765 etis
949 5731 1008 5765 in
1048 5714 1201 5765 Edit-
1250 5715 1409 5765 Rom.
1455 5717 1511 5765 et
1553 5710 1648 5765 all]

291 5724 315 5757 ‘
346 5714 631 5801 Omissum
672 5736 709 5773 a
737 5714 903 5773 doctis
949 5714 1008 5770 in
1250 5715 1409 5772 Rom.
1455 5717 1511 5794 et
1553 5714 1679 5767 aliis

220 5793 709 5920 ἷιὲιὲειὲιὲιὲἓὲχ
733 5788 866 5847 Mss.
895 5784 1145 5857 Anghc.,
1163 5785 1380 5855 Norm.,
1414 5780 1682 5849 Vindoc.,
1710 5777 1790 5836 Co
1814 5808 1835 5821 -

351 5908 363 5920 .
397 5874 457 5919 et
471 5874 666 5917 batuz.

1916 1952 2301 2010 sannationem
2348 1966 2484 2007 vero
2530 1959 2593 2007 ut
2632 1947 2831 2023 aquam
2863 1948 3051 2004 bibere
3081 1957 3163 2005 est
3208 1951 3383 2005 Deum
3414 1949 3533 2007 sine

1916 2042 2105 2115 aliquo
2126 2039 2412 2097 obstaculo
2442 2038 2799 2111 cogitationis
2828 2036 3084 2106 irridere,
3113 2044 3177 2091 ut
3207 2038 3265 2092 in
3294 2053 3360 2092 eo
3385 2037 3533 2110 quod

1916 2131 2165 2205 superbit
2194 2131 2385 2204 lingua
2409 2130 2500 2185 vel
2524 2128 2884 2196 conscientia,
2906 2127 3061 2183 nulla
3086 2126 3384 2200 trepidatio
3405 2143 3533 2183 con-

1916 2224 2170 2285 tradicat.
2195 2223 2324 2279 Haec
2344 2228 2526 2278 autem
2549 2220 2667 2293 ejus
2696 2220 2969 2276 sententia
2989 2234 3151 2292 super
3181 2217 3402 2273 beatum
3432 2217 3536 2273 Job

1917 2324 2187 2391 quantum
2213 2332 2245 2372 a
2272 2316 2494 2372 tramite
2529 2314 2782 2370 veritatis
2826 2312 3124 2380 exorbitet,
3170 2311 3266 2366 illa
3309 2309 3535 2367 Domini

1917 2407 2271 2463 attestatione
2302 2404 2707 2476 cognoscimus,
2742 2419 2854 2477 qua
2898 2402 2968 2459 ad
3013 2401 3297 2457 diabolum
3345 2399 3484 2455 dicit
3517 2416 3529 2455 :

1919 2496 2180 2567 Nunquid
2204 2494 2554 2551 considerasti
2572 2510 2782 2551 servum
2808 2508 2983 2547 meum
3005 2491 3124 2558 Job,
3154 2488 3296 2559 quod
3330 2505 3439 2542 non
3466 2488 3538 2541 sit

1918 2586 1969 2641 ei
1994 2585 2188 2640 similis
2215 2584 2275 2639 in
2304 2591 2449 2639 terra
2472 2583 2593 2657 (Job
2614 2599 2655 2652 ι,
2685 2580 2795 2653 8)?
2812 2582 2955 2637 Ecce
2976 2595 3140 2652 quem
3166 2577 3384 2635 Veritas
3400 2575 3538 2631 dicit

1921 2674 2126 2749 absque
2176 2673 2589 2747 comparatione
2626 2673 2862 2745 justum,
2914 2685 3040 2724 eum
3091 2668 3223 2723 Eliu
3269 2665 3466 2722 asserit
3514 2666 3535 2699 θ

1921 2763 2129 2837 absque
2157 2764 2571 2835 comparatione
2599 2768 2962 2835 peccatorem.
2996 2757 3103 2815 Sed
3123 2756 3244 2813 haec
3271 2770 3387 2810 esse
3414 2769 3537 2825 pro-

1922 2853 2045 2925 pria
2080 2854 2457 2924 arrogantium
2486 2851 2912 2925 praedicatorum
2941 2849 3143 2915 solent,
3172 2854 3235 2901 ut
3263 2844 3429 2899 etiam
3458 2842 3537 2897 af-

1926 2941 2107 2999 ﬂictos
2131 2941 2413 2996 auditores
2442 2956 2572 2996 suos
2603 2941 2775 3009 magis
2797 2938 3047 2995 districte
3075 2935 3351 3006 corripere
3376 2948 3539 3005 appe-

1926 3038 2066 3100 tant,
2098 3046 2262 3104 quam
2292 3028 2495 3085 blande
2523 3026 2792 3083 refovere.
2838 3025 2971 3081 Plus
3016 3025 3164 3079 enim
3198 3021 3445 3088 student,
3475 3027 3540 3075 ut

1927 3121 2075 3175 mala
2120 3116 2462 3192 objurganda
2506 3116 2812 3186 increpent,
2858 3127 3021 3185 quam
3069 3110 3215 3165 bona
3260 3108 3538 3165 laudando

1925 3211 2280 3269 conﬁrment.
2329 3207 2650 3282 Superiores
2699 3205 2901 3278 quippe
2929 3204 2949 3238 ⁷
2980 3200 3160 3257 videri
3199 3200 3538 3268 desiderant,

1923 3310 1979 3357 et
2006 3301 2183 3373 magis
2212 3298 2452 3371 gaudent
2477 3312 2608 3352 cum
2636 3310 2829 3350 eorum
2866 3291 3116 3348 animum
3160 3291 3181 3325 ⁸
3224 3292 3305 3345 ira
3338 3289 3539 3356 elevat,

1925 3406 2091 3465 quam
2120 3404 2248 3445 cum
2271 3386 2512 3443 charitas
2532 3390 2804 3456 exaequat.
2828 3381 3055 3453 Semper
3075 3378 3327 3435 invenire
3348 3385 3543 3450 optant

1925 3479 2076 3555 quod
2106 3475 2442 3550 increpando
2474 3472 2650 3547 rigide
2678 3472 2901 3529 feriant.
2933 3468 3090 3527 Unde
3118 3469 3387 3541 scriptum
3418 3474 3537 3523 est:

1926 3571 1995 3627 In
2022 3585 2113 3624 ore
2141 3568 2292 3622 stulti
2311 3566 2466 3637 virga
2484 3562 2742 3635 superbia
2757 3561 2953 3633 (Prov.
2977 3575 3099 3627 xxv,
3130 3558 3213 3629 3),
3241 3556 3371 3629 quia
3390 3556 3542 3611 vide-

1928 3658 2060 3716 licet
2106 3663 2391 3731 percutere
2433 3651 2611 3726 rigide
2652 3651 2782 3721 scit,
2827 3649 2925 3706 sed
2967 3646 3209 3719 compati
3252 3644 3543 3700 humiliter

1929 3747 2127 3805 nescit.

2002 3864 2092 3921 41.
2126 3861 2308 3920 Sancti
2330 3858 2731 3933 prmdioatores,
2760 3872 2879 3911 cum
2903 3854 3041 3912 alios
3069 3850 3369 3924 correpturi
3396 3854 3540 3912 sunt,

1933 3957 2295 4015 blandimenta
2315 3952 2667 4025 prmittunt.
2712 3950 2777 4006 Ut
2798 3946 2961 4018 periti
2988 3944 3196 4008 medici,
3226 3943 3385 4013 prius
3406 3940 3545 4010 pal—

1927 4054 2085 4120 pant,
2111 4050 2293 4117 postea
2319 4041 2542 4112 feriunt.
2573 4066 2646 4080 —
2673 4038 2697 4072 9
2727 4035 2918 4091 Solent
2960 4031 3126 4086 etiam
3157 4028 3545 4120 praedicatores

1928 4114 2068 4207 justi
2099 4114 2381 4189 auditores
2407 4143 2537 4184 suos
2565 4120 2910 4196 objurgando
2947 4117 3244 4190 corripere,
3276 4115 3455 4171 solent
3484 4114 3543 4169 in

1934 4204 2128 4278 eorum
2148 4219 2286 4275 vitia
2302 4215 2555 4273 districta
2573 4210 2948 4284 increpatione
2963 4207 3178 4263 saevire.
3199 4204 3354 4262 Unde
3376 4204 3546 4276 scrip-

1935 4320 2055 4369 tum
2082 4316 2165 4365 est
2194 4326 2208 4365 :
2253 4305 2421 4366 Verba
2438 4302 2755 4375 sapientium
2783 4298 2941 4370 quasi
2958 4295 3184 4362 stimuli,
3213 4300 3262 4348 et
3286 4292 3422 4347 sicut
3440 4293 3545 4347 cla-

1934 4401 1991 4455 vi
2016 4400 2075 4455 in
2093 4399 2263 4454 altum
2290 4393 2456 4467 deﬁxi
2485 4391 2656 4465 (Eccl.
2689 4403 2794 4457 xu,
2823 4387 2936 4458 11).
2968 4386 3133 4442 Recte
3153 4390 3336 4439 autem
3354 4395 3547 4436 eorum

1936 4490 2107 4547 verba
2133 4487 2278 4546 clavi
2308 4484 2489 4542 vocati
2519 4488 2671 4549 sunt,
2701 4478 2833 4552 quia
2878 4476 3071 4550 culpas
3098 4472 3546 4545 delinquentium

1936 4578 2194 4637 nesciunt
2219 4576 2466 4648 palpare,
2486 4569 2582 4627 sed
2601 4581 2863 4641 pungere.
2886 4567 2976 4621 An
2996 4562 3225 4621 Joannis
3252 4558 3421 4614 verba
3438 4557 3547 4648 cla-

1933 4671 1994 4726 vi
2013 4684 2127 4726 non
2141 4646 2471 4733 erantcum
2496 4658 2717 4716 dicebat
2742 4676 2755 4714 :
2779 4655 3062 4727 Progenies
3078 4652 3408 4724 viperarum,
3430 4646 3550 4718 quis

1936 4759 2085 4816 vobis
2098 4752 2480 4814 demonstravit
2492 4748 2674 4821 fugere
2686 4748 2753 4804 ab
2764 4748 2853 4801 ira
2868 4750 3093 4800 ventura
3107 4746 3129 4813 (
3138 4741 3328 4819 Matth.
3351 4755 3438 4805 ιιι,
3457 4737 3486 4791 7
3491 4735 3551 4807 )‘l

1939 4851 2031 4907 An
2058 4846 2227 4905 verba
2271 4840 2538 4915 Stephani
2580 4837 2725 4895 clavi
2765 4852 2880 4891 non
2908 4840 3087 4900 erant,
3126 4846 3254 4887 cum
3284 4824 3499 4883 dicebat
3533 4840 3546 4878 :

1950 4948 2050 5006 Vos
2071 4941 2218 5001 780
2245 4957 2448 5014 semper
2478 4937 2711 5012 Spiritui
2756 4939 2935 4991 sancto
2979 4928 3228 4987 resistitis
3269 4925 3415 5014 (Act.
3444 4938 3546 4989 vn,

1939 5035 2060 5108 lii).
2089 5036 2181 5092 An
2210 5010 2379 5089 verba
2402 5010 2563 5088 Pauli
2596 5026 2743 5085 clavi
2771 5040 2885 5080 non
2912 5026 3091 5087 erant,
3119 5031 3249 5072 cum
3277 5010 3496 5069 dicebat
3532 5027 3546 5066 :

2012 5271 2035 5305 ³
2066 5266 2332 5335 Vindoc.,
2360 5271 2420 5320 ut
2446 5263 2520 5335 ad
2547 5255 2970 5335 absorbendum;

2014 5341 2037 5378 ⁸
2075 5321 2406 5398 Ῐιί-Ῠίιίᾱὸο.
2440 5334 2592 5389 deest
2635 5330 2848 5398 absque,
2880 5321 2976 5379 sed
3022 5321 3249 5398 vitiose,
3277 5323 3333 5374 et
3360 5325 3557 5375 contra

1941 5390 2389 5480 sancti—Gregorii
2413 5390 2857 5480 mentem,cujus
2878 5407 3076 5480 scopus
3092 5390 3379 5480 estdicere
3403 5405 3556 5480 e'uin-

1943 5462 2206 5542 1127:1361;
2224 5462 2389 5552 qouem
2418 5478 2566 5552 Deus
2580 5462 2747 5552 justis
2765 5462 3026 5549 bmnibus
3326 5462 3396 5517 ab
3425 5462 3557 5517 Eliu

1943 5534 2262 5629 iugum-uni
2293 5547 2547 5605 omnium
2576 5534 2988 5625 nequissimum
3004 5534 3339 5616 judicatum.

2017 5629 2037 5664 ⁷
2070 5628 2285 5684 Norm..
2312 5618 2483 5674 Vind.
2507 5625 2562 5673 et
2588 5615 2708 5683 alii,
2737 5630 2786 5668 si
2816 5611 2990 5684 videri
3017 5605 3339 5684 desiderant.

2020 5640 2035 5664 ’⁸
2070 5640 2285 5690 ΝΟΓΙΠ.,
2323 5640 2483 5674 Vlnu.
2507 5640 2562 5673 et
2588 5640 2708 5683 aut,
2737 5640 2786 5668 si
2816 5640 2953 5667 vum
2973 5640 2990 5663 ι
3017 5640 3209 5663 Mam:
3226 5640 3340 5661 ιιιιι.

2020 5700 2043 5735 ⁸
2074 5697 2214 5755 Male
2242 5694 2301 5748 in
2328 5690 2481 5746 Edit.
2514 5690 2673 5745 Rom.
2705 5692 2760 5741 et
2788 5683 2934 5750 aliis,
2955 5681 3033 5735 ita
3057 5679 3242 5734 elevat.

2016 5773 2040 5808 ’
2076 5770 2207 5827 Haec
2234 5763 2573 5822 omittuntur
2599 5759 2660 5816 in
2689 5756 2880 5814 Baluz.
