  <div class='ocr_page' id='page_1' title='image "/cluster/home/n/w/nwhite01/storage/ocr_20150623/76/umn.31951002477369g/164.png"; bbox 0 0 3928 6378; ppageno 0'>
   <div class='ocr_carea' id='block_1_1' title="bbox 187 373 287 431">
    <p class='ocr_par' dir='ltr' id='par_1_1' title="bbox 187 373 287 431">
     <span class='ocr_line' id='line_1_1' title="bbox 187 373 287 431; baseline -0.01 0"><span class='ocrx_word' id='word_1_1' title='bbox 187 373 287 431; x_wconf 75' lang='grc'>313</span> 
     </span>
    </p>
   </div>
   <div class='ocr_carea' id='block_1_2' title="bbox 760 505 1209 568">
    <p class='ocr_par' dir='ltr' id='par_1_2' title="bbox 760 505 1209 568">
     <span class='ocr_line' id='line_1_2' title="bbox 760 505 1209 568; baseline 0.007 -3"><span class='ocrx_word' id='word_1_2' title='bbox 760 505 990 565; x_wconf 80' lang='lat' dir='ltr'>CAPUT</span> <span class='ocrx_word' id='word_1_3' title='bbox 1028 506 1209 568; x_wconf 86' lang='lat' dir='ltr'>XVII.</span> 
     </span>
    </p>
   </div>
   <div class='ocr_carea' id='block_1_3' title="bbox 244 590 1782 677">
    <p class='ocr_par' dir='ltr' id='par_1_3' title="bbox 244 590 1782 677">
     <span class='ocr_line' id='line_1_3' title="bbox 244 590 1782 677; baseline 0.01 -22"><span class='ocrx_word' id='word_1_4' title='bbox 244 590 406 655; x_wconf 73' lang='lat' dir='ltr'>Vens.</span> <span class='ocrx_word' id='word_1_5' title='bbox 424 592 717 657; x_wconf 74' lang='lat' dir='ltr'>9.—Di.rit</span> <span class='ocrx_word' id='word_1_6' title='bbox 735 601 907 658; x_wconf 88' lang='lat' dir='ltr'>enim:</span> <span class='ocrx_word' id='word_1_7' title='bbox 928 600 1049 659; x_wconf 89' lang='lat' dir='ltr'>Non</span> <span class='ocrx_word' id='word_1_8' title='bbox 1062 602 1297 676; x_wconf 79' lang='lat' dir='ltr'>placebit</span> <span class='ocrx_word' id='word_1_9' title='bbox 1314 605 1399 662; x_wconf 86' lang='lat' dir='ltr'>vir</span> <span class='ocrx_word' id='word_1_10' title='bbox 1416 604 1549 677; x_wconf 83' lang='lat' dir='ltr'>Deo,</span> <span class='ocrx_word' id='word_1_11' title='bbox 1567 609 1782 672; x_wconf 65' lang='lat' dir='ltr'>etiamsi</span> 
     </span>
    </p>
   </div>
   <div class='ocr_carea' id='block_1_4' title="bbox 186 688 714 747">
    <p class='ocr_par' dir='ltr' id='par_1_4' title="bbox 186 688 714 747">
     <span class='ocr_line' id='line_1_4' title="bbox 186 688 714 747; baseline 0.006 -3"><span class='ocrx_word' id='word_1_12' title='bbox 186 688 469 745; x_wconf 79' lang='lat' dir='ltr'>cucurrerit</span> <span class='ocrx_word' id='word_1_13' title='bbox 490 706 609 745; x_wconf 85' lang='lat' dir='ltr'>eum</span> <span class='ocrx_word' id='word_1_14' title='bbox 638 708 714 747; x_wconf 85' lang='lat' dir='ltr'>eo.</span> 
     </span>
    </p>
   </div>
   <div class='ocr_carea' id='block_1_5' title="bbox 246 772 1777 860">
    <p class='ocr_par' dir='ltr' id='par_1_5' title="bbox 246 772 1777 860">
     <span class='ocr_line' id='line_1_5' title="bbox 246 772 1777 860; baseline 0.011 -28"><span class='ocrx_word' id='word_1_15' title='bbox 246 772 330 833; x_wconf 79' lang='grc'>43.</span> <span class='ocrx_word' id='word_1_16' title='bbox 360 776 556 833; x_wconf 79' lang='lat' dir='ltr'>Aliena</span> <span class='ocrx_word' id='word_1_17' title='bbox 582 797 783 852; x_wconf 85' lang='lat' dir='ltr'>semper</span> <span class='ocrx_word' id='word_1_18' title='bbox 811 788 888 837; x_wconf 87' lang='lat' dir='ltr'>est</span> <span class='ocrx_word' id='word_1_19' title='bbox 913 800 948 838; x_wconf 89' lang='lat' dir='ltr'>a</span> <span class='ocrx_word' id='word_1_20' title='bbox 980 781 1202 839; x_wconf 74' lang='lat' dir='ltr'>veritate</span> <span class='ocrx_word' id='word_1_21' title='bbox 1232 784 1500 856; x_wconf 79' lang='lat' dir='ltr'>superbia.</span> <span class='ocrx_word' id='word_1_22' title='bbox 1523 820 1594 831; x_wconf 98' lang='lat'><em>—</em></span> <span class='ocrx_word' id='word_1_23' title='bbox 1618 790 1777 860; x_wconf 88' lang='lat' dir='ltr'>Quod</span> 
     </span>
    </p>
   </div>
   <div class='ocr_carea' id='block_1_6' title="bbox 185 866 1779 947">
    <p class='ocr_par' dir='ltr' id='par_1_6' title="bbox 185 866 1779 947">
     <span class='ocr_line' id='line_1_6' title="bbox 185 866 1779 947; baseline 0.011 -26"><span class='ocrx_word' id='word_1_24' title='bbox 185 866 415 940; x_wconf 82' lang='lat' dir='ltr'>profecto</span> <span class='ocrx_word' id='word_1_25' title='bbox 432 866 564 940; x_wconf 86' lang='lat' dir='ltr'>quia</span> <span class='ocrx_word' id='word_1_26' title='bbox 582 868 813 926; x_wconf 89' lang='lat' dir='ltr'>minime</span> <span class='ocrx_word' id='word_1_27' title='bbox 830 869 1161 945; x_wconf 87' lang='lat' dir='ltr'>dixerit,qui</span> <span class='ocrx_word' id='word_1_28' title='bbox 1169 874 1321 947; x_wconf 88' lang='lat' dir='ltr'>squis</span> <span class='ocrx_word' id='word_1_29' title='bbox 1338 874 1480 933; x_wconf 86' lang='lat' dir='ltr'>beati</span> <span class='ocrx_word' id='word_1_30' title='bbox 1497 880 1527 934; x_wconf 84' lang='lat' dir='ltr'>.l</span> <span class='ocrx_word' id='word_1_31' title='bbox 1530 880 1599 935; x_wconf 92' lang='lat' dir='ltr'>ob</span> <span class='ocrx_word' id='word_1_32' title='bbox 1613 883 1779 938; x_wconf 86' lang='lat' dir='ltr'>verba</span> 
     </span>
    </p>
   </div>
   <div class='ocr_carea' id='block_1_7' title="bbox 182 952 1778 1042">
    <p class='ocr_par' dir='ltr' id='par_1_7' title="bbox 182 952 1778 1042">
     <span class='ocr_line' id='line_1_7' title="bbox 182 952 1778 1042; baseline 0.01 -31"><span class='ocrx_word' id='word_1_33' title='bbox 182 952 691 1028; x_wconf 78' lang='lat' dir='ltr'>Iegitagnoscit.Sed</span> <span class='ocrx_word' id='word_1_34' title='bbox 711 960 806 1033; x_wconf 89' lang='lat' dir='ltr'>qui</span> <span class='ocrx_word' id='word_1_35' title='bbox 825 959 1035 1018; x_wconf 89' lang='lat' dir='ltr'>idcirco</span> <span class='ocrx_word' id='word_1_36' title='bbox 1059 963 1327 1035; x_wconf 84' lang='lat' dir='ltr'>loquitur,</span> <span class='ocrx_word' id='word_1_37' title='bbox 1342 974 1405 1021; x_wconf 91' lang='lat' dir='ltr'>ut</span> <span class='ocrx_word' id='word_1_38' title='bbox 1425 971 1778 1042; x_wconf 78' lang='lat' dir='ltr'>semetipsum</span> 
     </span>
    </p>
   </div>
   <div class='ocr_carea' id='block_1_8' title="bbox 182 1043 1780 1131">
    <p class='ocr_par' dir='ltr' id='par_1_8' title="bbox 182 1043 1780 1131">
     <span class='ocr_line' id='line_1_8' title="bbox 182 1043 1780 1131; baseline 0.009 -30"><span class='ocrx_word' id='word_1_39' title='bbox 182 1043 510 1102; x_wconf 89' lang='lat' dir='ltr'>ostendendo</span> <span class='ocrx_word' id='word_1_40' title='bbox 537 1048 849 1120; x_wconf 82' lang='lat' dir='ltr'>superbiat,</span> <span class='ocrx_word' id='word_1_41' title='bbox 884 1050 1019 1123; x_wconf 91' lang='lat' dir='ltr'>quid</span> <span class='ocrx_word' id='word_1_42' title='bbox 1044 1052 1248 1108; x_wconf 90' lang='lat' dir='ltr'>mirum</span> <span class='ocrx_word' id='word_1_43' title='bbox 1274 1054 1319 1110; x_wconf 92' lang='lat' dir='ltr'>si</span> <span class='ocrx_word' id='word_1_44' title='bbox 1348 1053 1405 1110; x_wconf 93' lang='lat' dir='ltr'>in</span> <span class='ocrx_word' id='word_1_45' title='bbox 1426 1056 1599 1114; x_wconf 85' lang='lat' dir='ltr'>altero</span> <span class='ocrx_word' id='word_1_46' title='bbox 1620 1059 1780 1131; x_wconf 84' lang='lat' dir='ltr'>ﬁngit</span> 
     </span>
    </p>
   </div>
   <div class='ocr_carea' id='block_1_9' title="bbox 180 1131 1779 1206">
    <p class='ocr_par' dir='ltr' id='par_1_9' title="bbox 180 1131 1779 1206">
     <span class='ocr_line' id='line_1_9' title="bbox 180 1131 1779 1206; baseline 0.012 -21"><span class='ocrx_word' id='word_1_47' title='bbox 180 1131 317 1206; x_wconf 89' lang='lat' dir='ltr'>quod</span> <span class='ocrx_word' id='word_1_48' title='bbox 344 1132 707 1205; x_wconf 83' lang='lat' dir='ltr'>reprehendat</span> <span class='ocrx_word' id='word_1_49' title='bbox 725 1136 752 1192; x_wconf 78' lang='lat' dir='ltr'>i‘</span> <span class='ocrx_word' id='word_1_50' title='bbox 774 1135 1072 1204; x_wconf 88' lang='lat' dir='ltr'>Quomodo</span> <span class='ocrx_word' id='word_1_51' title='bbox 1108 1140 1257 1197; x_wconf 91' lang='lat' dir='ltr'>enim</span> <span class='ocrx_word' id='word_1_52' title='bbox 1271 1141 1491 1200; x_wconf 88' lang='lat' dir='ltr'>veritati</span> <span class='ocrx_word' id='word_1_53' title='bbox 1507 1145 1779 1204; x_wconf 77' lang='lat' dir='ltr'>cohaereat</span> 
     </span>
    </p>
   </div>
   <div class='ocr_carea' id='block_1_10' title="bbox 178 1219 1778 1311">
    <p class='ocr_par' dir='ltr' id='par_1_10' title="bbox 178 1219 1778 1311">
     <span class='ocr_line' id='line_1_10' title="bbox 178 1219 1778 1311; baseline 0.009 -31"><span class='ocrx_word' id='word_1_54' title='bbox 178 1220 233 1280; x_wconf 87' lang='lat' dir='ltr'>in</span> <span class='ocrx_word' id='word_1_55' title='bbox 250 1219 428 1278; x_wconf 82' lang='lat' dir='ltr'>verbis</span> <span class='ocrx_word' id='word_1_56' title='bbox 444 1223 863 1297; x_wconf 88' lang='lat' dir='ltr'>increpationis,</span> <span class='ocrx_word' id='word_1_57' title='bbox 885 1244 1051 1301; x_wconf 87' lang='lat' dir='ltr'>quem</span> <span class='ocrx_word' id='word_1_58' title='bbox 1074 1230 1220 1287; x_wconf 90' lang='lat' dir='ltr'>intra</span> <span class='ocrx_word' id='word_1_59' title='bbox 1240 1234 1595 1307; x_wconf 82' lang='lat' dir='ltr'>semetipsum</span> <span class='ocrx_word' id='word_1_60' title='bbox 1618 1236 1778 1311; x_wconf 80' lang='lat' dir='ltr'>longe</span> 
     </span>
    </p>
   </div>
   <div class='ocr_carea' id='block_1_11' title="bbox 110 1308 1768 1400">
    <p class='ocr_par' dir='ltr' id='par_1_11' title="bbox 110 1308 1768 1400">
     <span class='ocr_line' id='line_1_11' title="bbox 110 1308 1768 1400; baseline 0.013 -35"><span class='ocrx_word' id='word_1_61' title='bbox 110 1324 115 1332; x_wconf 80' lang='lat'><strong>‘</strong></span> <span class='ocrx_word' id='word_1_62' title='bbox 176 1308 237 1367; x_wconf 84' lang='lat' dir='ltr'>ab</span> <span class='ocrx_word' id='word_1_63' title='bbox 263 1311 443 1368; x_wconf 87' lang='lat' dir='ltr'>eadem</span> <span class='ocrx_word' id='word_1_64' title='bbox 475 1314 705 1371; x_wconf 81' lang='lat' dir='ltr'>veritate</span> <span class='ocrx_word' id='word_1_65' title='bbox 735 1314 955 1374; x_wconf 85' lang='lat' dir='ltr'>dirimit</span> <span class='ocrx_word' id='word_1_66' title='bbox 984 1327 1173 1375; x_wconf 88' lang='lat' dir='ltr'>tumor</span> <span class='ocrx_word' id='word_1_67' title='bbox 1202 1322 1450 1381; x_wconf 74' lang='lat' dir='ltr'>mentis?</span> <span class='ocrx_word' id='word_1_68' title='bbox 1472 1308 1768 1400; x_wconf 69' lang='lat' dir='ltr'>Sequitur:</span> 
     </span>
    </p>
   </div>
   <div class='ocr_carea' id='block_1_12' title="bbox 240 1403 1513 1471">
    <p class='ocr_par' dir='ltr' id='par_1_12' title="bbox 240 1403 1513 1471">
     <span class='ocr_line' id='line_1_12' title="bbox 240 1403 1513 1471; baseline 0.01 -13"><span class='ocrx_word' id='word_1_69' title='bbox 240 1403 403 1459; x_wconf 75' lang='lat' dir='ltr'>Vens.</span> <span class='ocrx_word' id='word_1_70' title='bbox 440 1404 525 1460; x_wconf 90' lang='grc'>10.</span> <span class='ocrx_word' id='word_1_71' title='bbox 558 1437 629 1448; x_wconf 90' lang='grc'><strong>-</strong></span> <span class='ocrx_word' id='word_1_72' title='bbox 668 1407 794 1463; x_wconf 88' lang='lat' dir='ltr'>Ideo</span> <span class='ocrx_word' id='word_1_73' title='bbox 823 1408 931 1463; x_wconf 86' lang='lat' dir='ltr'>viri</span> <span class='ocrx_word' id='word_1_74' title='bbox 960 1410 1174 1465; x_wconf 84' lang='lat' dir='ltr'>cordati</span> <span class='ocrx_word' id='word_1_75' title='bbox 1207 1413 1387 1468; x_wconf 78' lang='lat' dir='ltr'>audite</span> <span class='ocrx_word' id='word_1_76' title='bbox 1416 1432 1513 1471; x_wconf 84' lang='lat' dir='ltr'>me.</span> 
     </span>
    </p>
   </div>
   <div class='ocr_carea' id='block_1_13' title="bbox 236 1490 1777 1572">
    <p class='ocr_par' dir='ltr' id='par_1_13' title="bbox 236 1490 1777 1572">
     <span class='ocr_line' id='line_1_13' title="bbox 236 1490 1777 1572; baseline 0.01 -23"><span class='ocrx_word' id='word_1_77' title='bbox 236 1490 375 1549; x_wconf 88' lang='lat' dir='ltr'>Ecce</span> <span class='ocrx_word' id='word_1_78' title='bbox 403 1494 607 1551; x_wconf 87' lang='lat' dir='ltr'>iterum</span> <span class='ocrx_word' id='word_1_79' title='bbox 639 1495 785 1553; x_wconf 84' lang='lat' dir='ltr'>fastu</span> <span class='ocrx_word' id='word_1_80' title='bbox 815 1499 1091 1572; x_wconf 82' lang='lat' dir='ltr'>superbiae</span> <span class='ocrx_word' id='word_1_81' title='bbox 1120 1501 1367 1569; x_wconf 87' lang='lat' dir='ltr'>inﬂatus,</span> <span class='ocrx_word' id='word_1_82' title='bbox 1396 1520 1490 1562; x_wconf 90' lang='lat' dir='ltr'>eos</span> <span class='ocrx_word' id='word_1_83' title='bbox 1515 1513 1777 1564; x_wconf 89' lang='lat' dir='ltr'>tantum-</span> 
     </span>
    </p>
   </div>
   <div class='ocr_carea' id='block_1_14' title="bbox 176 1581 1774 1669">
    <p class='ocr_par' dir='ltr' id='par_1_14' title="bbox 176 1581 1774 1669">
     <span class='ocr_line' id='line_1_14' title="bbox 176 1581 1774 1669; baseline 0.011 -33"><span class='ocrx_word' id='word_1_84' title='bbox 176 1581 351 1652; x_wconf 90' lang='lat' dir='ltr'>modo,</span> <span class='ocrx_word' id='word_1_85' title='bbox 382 1583 475 1658; x_wconf 88' lang='lat' dir='ltr'>qui</span> <span class='ocrx_word' id='word_1_86' title='bbox 510 1586 668 1660; x_wconf 89' lang='lat' dir='ltr'>quasi</span> <span class='ocrx_word' id='word_1_87' title='bbox 709 1586 873 1660; x_wconf 83' lang='lat' dir='ltr'>digne</span> <span class='ocrx_word' id='word_1_88' title='bbox 906 1589 1289 1663; x_wconf 84' lang='lat' dir='ltr'>intelligendo,</span> <span class='ocrx_word' id='word_1_89' title='bbox 1329 1611 1385 1650; x_wconf 90' lang='lat' dir='ltr'>se</span> <span class='ocrx_word' id='word_1_90' title='bbox 1419 1595 1637 1669; x_wconf 84' lang='lat' dir='ltr'>assequi</span> <span class='ocrx_word' id='word_1_91' title='bbox 1664 1613 1774 1655; x_wconf 86' lang='lat' dir='ltr'>va—&#39;</span> 
     </span>
    </p>
   </div>
   <div class='ocr_carea' id='block_1_15' title="bbox 175 1670 1770 1756">
    <p class='ocr_par' dir='ltr' id='par_1_15' title="bbox 175 1670 1770 1756">
     <span class='ocr_line' id='line_1_15' title="bbox 175 1670 1770 1756; baseline 0.009 -25"><span class='ocrx_word' id='word_1_92' title='bbox 175 1670 319 1731; x_wconf 85' lang='lat' dir='ltr'>Ieant</span> <span class='ocrx_word' id='word_1_93' title='bbox 345 1675 563 1747; x_wconf 58' lang='lat' dir='ltr'>quaerit,</span> <span class='ocrx_word' id='word_1_94' title='bbox 585 1682 640 1731; x_wconf 93' lang='lat' dir='ltr'>et</span> <span class='ocrx_word' id='word_1_95' title='bbox 669 1676 750 1733; x_wconf 89' lang='lat' dir='ltr'>sic</span> <span class='ocrx_word' id='word_1_96' title='bbox 775 1675 923 1753; x_wconf 90' lang='lat' dir='ltr'>quod</span> <span class='ocrx_word' id='word_1_97' title='bbox 954 1680 1227 1738; x_wconf 84' lang='lat' dir='ltr'>sentiebat</span> <span class='ocrx_word' id='word_1_98' title='bbox 1254 1684 1520 1756; x_wconf 83' lang='lat' dir='ltr'>erumpit,</span> <span class='ocrx_word' id='word_1_99' title='bbox 1547 1683 1770 1745; x_wconf 83' lang='lat' dir='ltr'>dicens:</span> 
     </span>
    </p>
   </div>
   <div class='ocr_carea' id='block_1_16' title="bbox 723 1794 1211 1856">
    <p class='ocr_par' dir='ltr' id='par_1_16' title="bbox 723 1794 1211 1856">
     <span class='ocr_line' id='line_1_16' title="bbox 723 1794 1211 1856; baseline 0.006 -3"><span class='ocrx_word' id='word_1_100' title='bbox 723 1794 954 1853; x_wconf 80' lang='lat' dir='ltr'>CAPUT</span> <span class='ocrx_word' id='word_1_101' title='bbox 1006 1797 1211 1856; x_wconf 81' lang='lat' dir='ltr'>XVIII.</span> 
     </span>
    </p>
   </div>
   <div class='ocr_carea' id='block_1_17' title="bbox 915 374 2766 465">
    <p class='ocr_par' dir='ltr' id='par_1_17' title="bbox 915 374 2766 465">
     <span class='ocr_line' id='line_1_17' title="bbox 915 374 2766 465; baseline 0.018 -34"><span class='ocrx_word' id='word_1_102' title='bbox 915 374 1295 439; x_wconf 75' lang='lat' dir='ltr'>MOBALIUM</span> <span class='ocrx_word' id='word_1_103' title='bbox 1328 380 1469 443; x_wconf 80' lang='lat' dir='ltr'>LIB.</span> <span class='ocrx_word' id='word_1_104' title='bbox 1506 383 1720 448; x_wconf 79' lang='lat' dir='ltr'><strong>XXIV.</strong></span> <span class='ocrx_word' id='word_1_105' title='bbox 1755 422 1826 441; x_wconf 79' lang='lat'>-—-</span> <span class='ocrx_word' id='word_1_106' title='bbox 1865 393 1939 451; x_wconf 81' lang='lat' dir='ltr'>IN</span> <span class='ocrx_word' id='word_1_107' title='bbox 1969 394 2200 455; x_wconf 76' lang='lat' dir='ltr'>CAPUT</span> <span class='ocrx_word' id='word_1_108' title='bbox 2235 399 2482 460; x_wconf 80' lang='lat' dir='ltr'><strong>XXXIV</strong></span> <span class='ocrx_word' id='word_1_109' title='bbox 2520 404 2583 460; x_wconf 85' lang='grc' dir='ltr'>Β.</span> <span class='ocrx_word' id='word_1_110' title='bbox 2624 406 2766 465; x_wconf 80' lang='lat' dir='ltr'>JOB.</span> 
     </span>
    </p>
   </div>
   <div class='ocr_carea' id='block_1_18' title="bbox 3393 418 3501 476">
    <p class='ocr_par' dir='ltr' id='par_1_18' title="bbox 3393 418 3501 476">
     <span class='ocr_line' id='line_1_18' title="bbox 3393 418 3501 476; baseline 0 0"><span class='ocrx_word' id='word_1_111' title='bbox 3393 418 3501 476; x_wconf 73' lang='lat' dir='ltr'>3M</span> 
     </span>
    </p>
   </div>
   <div class='ocr_carea' id='block_1_19' title="bbox 1808 522 3498 611">
    <p class='ocr_par' dir='ltr' id='par_1_19' title="bbox 1808 522 3498 611">
     <span class='ocr_line' id='line_1_19' title="bbox 1808 522 3498 611; baseline 0.021 -34"><span class='ocrx_word' id='word_1_112' title='bbox 1808 522 1862 584; x_wconf 83' lang='grc' dir='ltr'><strong>Α</strong></span> <span class='ocrx_word' id='word_1_113' title='bbox 1888 522 2031 611; x_wconf 85' lang='lat' dir='ltr'>dare</span> <span class='ocrx_word' id='word_1_114' title='bbox 2047 522 2212 585; x_wconf 88' lang='lat' dir='ltr'>dictis</span> <span class='ocrx_word' id='word_1_115' title='bbox 2242 527 2512 589; x_wconf 83' lang='lat' dir='ltr'>Veritatis</span> <span class='ocrx_word' id='word_1_116' title='bbox 2535 533 2805 604; x_wconf 82' lang='lat' dir='ltr'>creditur,</span> <span class='ocrx_word' id='word_1_117' title='bbox 2840 539 2952 597; x_wconf 88' lang='lat' dir='ltr'>nisi</span> <span class='ocrx_word' id='word_1_118' title='bbox 2971 542 3165 603; x_wconf 80' lang='lat' dir='ltr'>subtili</span> <span class='ocrx_word' id='word_1_119' title='bbox 3185 545 3498 611; x_wconf 76' lang='lat' dir='ltr'>considera-</span> 
     </span>
    </p>
   </div>
   <div class='ocr_carea' id='block_1_20' title="bbox 1886 612 3499 706">
    <p class='ocr_par' dir='ltr' id='par_1_20' title="bbox 1886 612 3499 706">
     <span class='ocr_line' id='line_1_20' title="bbox 1886 612 3499 706; baseline 0.019 -37"><span class='ocrx_word' id='word_1_120' title='bbox 1886 612 2039 706; x_wconf 81' lang='lat' dir='ltr'>tione</span> <span class='ocrx_word' id='word_1_121' title='bbox 2084 626 2362 690; x_wconf 87' lang='lat' dir='ltr'>pensetur.</span> <span class='ocrx_word' id='word_1_122' title='bbox 2412 621 2583 680; x_wconf 84' lang='lat' dir='ltr'>Aliud</span> <span class='ocrx_word' id='word_1_123' title='bbox 2628 640 2867 701; x_wconf 87' lang='lat' dir='ltr'>namque</span> <span class='ocrx_word' id='word_1_124' title='bbox 2908 639 2990 686; x_wconf 87' lang='lat' dir='ltr'>est</span> <span class='ocrx_word' id='word_1_125' title='bbox 3031 632 3311 706; x_wconf 87' lang='lat' dir='ltr'>damnare,</span> <span class='ocrx_word' id='word_1_126' title='bbox 3345 637 3499 698; x_wconf 78' lang='lat' dir='ltr'>aliud</span> 
     </span>
    </p>
   </div>
   <div class='ocr_carea' id='block_1_21' title="bbox 1888 704 3499 793">
    <p class='ocr_par' dir='ltr' id='par_1_21' title="bbox 1888 704 3499 793">
     <span class='ocr_line' id='line_1_21' title="bbox 1888 704 3499 793; baseline 0.017 -31"><span class='ocrx_word' id='word_1_127' title='bbox 1888 704 2150 779; x_wconf 78' lang='lat' dir='ltr'>afﬂigere.</span> <span class='ocrx_word' id='word_1_128' title='bbox 2182 708 2398 783; x_wconf 81' lang='lat' dir='ltr'>Aﬂligit</span> <span class='ocrx_word' id='word_1_129' title='bbox 2421 728 2547 785; x_wconf 83' lang='lat' dir='ltr'>ergo</span> <span class='ocrx_word' id='word_1_130' title='bbox 2570 713 2734 786; x_wconf 79' lang='lat' dir='ltr'>juxta</span> <span class='ocrx_word' id='word_1_131' title='bbox 2763 718 2976 792; x_wconf 87' lang='lat' dir='ltr'>aliquid</span> <span class='ocrx_word' id='word_1_132' title='bbox 3005 722 3230 793; x_wconf 83' lang='lat' dir='ltr'>frustra,</span> <span class='ocrx_word' id='word_1_133' title='bbox 3262 704 3357 784; x_wconf 83' lang='lat' dir='ltr'>sed</span> <span class='ocrx_word' id='word_1_134' title='bbox 3385 730 3499 789; x_wconf 81' lang='lat' dir='ltr'>tru-</span> 
     </span>
    </p>
   </div>
   <div class='ocr_carea' id='block_1_22' title="bbox 1889 799 3498 882">
    <p class='ocr_par' dir='ltr' id='par_1_22' title="bbox 1889 799 3498 882">
     <span class='ocr_line' id='line_1_22' title="bbox 1889 799 3498 882; baseline 0.013 -28"><span class='ocrx_word' id='word_1_135' title='bbox 1889 804 2003 854; x_wconf 86' lang='lat' dir='ltr'>stra</span> <span class='ocrx_word' id='word_1_136' title='bbox 2031 816 2146 855; x_wconf 89' lang='lat' dir='ltr'>non</span> <span class='ocrx_word' id='word_1_137' title='bbox 2175 799 2422 858; x_wconf 86' lang='lat' dir='ltr'>damnat.</span> <span class='ocrx_word' id='word_1_138' title='bbox 2458 804 2662 861; x_wconf 84' lang='lat' dir='ltr'>Annon</span> <span class='ocrx_word' id='word_1_139' title='bbox 2700 803 2864 877; x_wconf 80' lang='lat' dir='ltr'>juxta</span> <span class='ocrx_word' id='word_1_140' title='bbox 2903 807 3119 882; x_wconf 90' lang='lat' dir='ltr'>aliquid</span> <span class='ocrx_word' id='word_1_141' title='bbox 3146 812 3354 873; x_wconf 86' lang='lat' dir='ltr'>frustra</span> <span class='ocrx_word' id='word_1_142' title='bbox 3396 817 3498 875; x_wconf 87' lang='lat' dir='ltr'>Job</span> 
     </span>
    </p>
   </div>
   <div class='ocr_carea' id='block_1_23' title="bbox 1889 885 3497 970">
    <p class='ocr_par' dir='ltr' id='par_1_23' title="bbox 1889 885 3497 970">
     <span class='ocr_line' id='line_1_23' title="bbox 1889 885 3497 970; baseline 0.013 -28"><span class='ocrx_word' id='word_1_143' title='bbox 1889 885 2184 957; x_wconf 76' lang='lat' dir='ltr'>aﬂlixerat,</span> <span class='ocrx_word' id='word_1_144' title='bbox 2207 888 2227 922; x_wconf 72' lang='grc'>³</span> <span class='ocrx_word' id='word_1_145' title='bbox 2246 906 2375 947; x_wconf 90' lang='lat' dir='ltr'>cum</span> <span class='ocrx_word' id='word_1_146' title='bbox 2398 908 2509 949; x_wconf 93' lang='lat' dir='ltr'>non</span> <span class='ocrx_word' id='word_1_147' title='bbox 2540 893 2828 952; x_wconf 87' lang='lat' dir='ltr'>delebatur</span> <span class='ocrx_word' id='word_1_148' title='bbox 2859 897 3082 970; x_wconf 87' lang='lat' dir='ltr'>vitium,</span> <span class='ocrx_word' id='word_1_149' title='bbox 3112 901 3209 958; x_wconf 90' lang='lat' dir='ltr'>sed</span> <span class='ocrx_word' id='word_1_150' title='bbox 3239 904 3497 962; x_wconf 87' lang='lat' dir='ltr'>meritum</span> 
     </span>
    </p>
   </div>
   <div class='ocr_carea' id='block_1_24' title="bbox 1889 977 3497 1065">
    <p class='ocr_par' dir='ltr' id='par_1_24' title="bbox 1889 977 3497 1065">
     <span class='ocr_line' id='line_1_24' title="bbox 1889 977 3497 1065; baseline 0.01 -31"><span class='ocrx_word' id='word_1_151' title='bbox 1889 977 2236 1065; x_wconf 78' lang='lat' dir='ltr'>augebatur?</span> <span class='ocrx_word' id='word_1_152' title='bbox 2283 980 2511 1039; x_wconf 89' lang='lat' dir='ltr'>Frustra</span> <span class='ocrx_word' id='word_1_153' title='bbox 2550 983 2700 1040; x_wconf 91' lang='lat' dir='ltr'>enim</span> <span class='ocrx_word' id='word_1_154' title='bbox 2734 985 3102 1046; x_wconf 88' lang='lat' dir='ltr'>condemnare</span> <span class='ocrx_word' id='word_1_155' title='bbox 3142 1008 3255 1049; x_wconf 91' lang='lat' dir='ltr'>non</span> <span class='ocrx_word' id='word_1_156' title='bbox 3299 1000 3497 1065; x_wconf 86' lang='lat' dir='ltr'>potest,</span> 
     </span>
    </p>
   </div>
   <div class='ocr_carea' id='block_1_25' title="bbox 1889 1062 3497 1156">
    <p class='ocr_par' dir='ltr' id='par_1_25' title="bbox 1889 1062 3497 1156">
     <span class='ocr_line' id='line_1_25' title="bbox 1889 1062 3497 1156; baseline 0.011 -34"><span class='ocrx_word' id='word_1_157' title='bbox 1889 1067 2020 1142; x_wconf 87' lang='lat' dir='ltr'>quia</span> <span class='ocrx_word' id='word_1_158' title='bbox 2050 1062 2332 1126; x_wconf 87' lang='lat' dir='ltr'>damnatio</span> <span class='ocrx_word' id='word_1_159' title='bbox 2363 1070 2483 1128; x_wconf 83' lang='lat' dir='ltr'>ﬁeri</span> <span class='ocrx_word' id='word_1_160' title='bbox 2513 1088 2627 1129; x_wconf 92' lang='lat' dir='ltr'>non</span> <span class='ocrx_word' id='word_1_161' title='bbox 2662 1089 2731 1131; x_wconf 80' lang='lat' dir='ltr'>ex</span> <span class='ocrx_word' id='word_1_162' title='bbox 2772 1085 2922 1149; x_wconf 88' lang='lat' dir='ltr'>parte</span> <span class='ocrx_word' id='word_1_163' title='bbox 2955 1078 3023 1135; x_wconf 90' lang='lat' dir='ltr'>ad</span> <span class='ocrx_word' id='word_1_164' title='bbox 3053 1079 3265 1156; x_wconf 89' lang='lat' dir='ltr'>aliquid</span> <span class='ocrx_word' id='word_1_165' title='bbox 3298 1062 3497 1155; x_wconf 81' lang='lat' dir='ltr'>potest,</span> 
     </span>
    </p>
   </div>
   <div class='ocr_carea' id='block_1_26' title="bbox 1890 1159 3499 1246">
    <p class='ocr_par' dir='ltr' id='par_1_26' title="bbox 1890 1159 3499 1246">
     <span class='ocr_line' id='line_1_26' title="bbox 1890 1159 3499 1246; baseline 0.012 -35"><span class='ocrx_word' id='word_1_166' title='bbox 1890 1175 2011 1232; x_wconf 70' lang='lat' dir='ltr'>quae</span> <span class='ocrx_word' id='word_1_167' title='bbox 2042 1159 2306 1217; x_wconf 85' lang='lat' dir='ltr'>videlicet</span> <span class='ocrx_word' id='word_1_168' title='bbox 2333 1160 2392 1217; x_wconf 90' lang='lat' dir='ltr'>in</span> <span class='ocrx_word' id='word_1_169' title='bbox 2420 1170 2670 1220; x_wconf 84' lang='lat' dir='ltr'>extremo</span> <span class='ocrx_word' id='word_1_170' title='bbox 2695 1166 2858 1237; x_wconf 87' lang='lat' dir='ltr'>punit</span> <span class='ocrx_word' id='word_1_171' title='bbox 2883 1185 3047 1228; x_wconf 90' lang='lat' dir='ltr'>omne</span> <span class='ocrx_word' id='word_1_172' title='bbox 3070 1172 3216 1244; x_wconf 90' lang='lat' dir='ltr'>quod</span> <span class='ocrx_word' id='word_1_173' title='bbox 3238 1171 3331 1228; x_wconf 90' lang='lat' dir='ltr'>hic</span> <span class='ocrx_word' id='word_1_174' title='bbox 3351 1171 3499 1246; x_wconf 85' lang='lat' dir='ltr'>quis-</span> 
     </span>
    </p>
   </div>
   <div class='ocr_carea' id='block_1_27' title="bbox 1890 1247 3501 1330">
    <p class='ocr_par' dir='ltr' id='par_1_27' title="bbox 1890 1247 3501 1330">
     <span class='ocr_line' id='line_1_27' title="bbox 1890 1247 3501 1330; baseline 0.009 -28"><span class='ocrx_word' id='word_1_175' title='bbox 1890 1264 1996 1322; x_wconf 88' lang='lat' dir='ltr'>que</span> <span class='ocrx_word' id='word_1_176' title='bbox 2025 1247 2215 1322; x_wconf 90' lang='lat' dir='ltr'>inique</span> <span class='ocrx_word' id='word_1_177' title='bbox 2246 1250 2609 1310; x_wconf 88' lang='lat' dir='ltr'>commiserit.</span> <span class='ocrx_word' id='word_1_178' title='bbox 2657 1255 2770 1313; x_wconf 90' lang='lat' dir='ltr'>Nec</span> <span class='ocrx_word' id='word_1_179' title='bbox 2798 1257 3150 1330; x_wconf 87' lang='lat' dir='ltr'>omnipotens</span> <span class='ocrx_word' id='word_1_180' title='bbox 3182 1260 3330 1317; x_wconf 88' lang='lat' dir='ltr'>Deus</span> <span class='ocrx_word' id='word_1_181' title='bbox 3358 1259 3501 1317; x_wconf 86' lang='lat' dir='ltr'>sub-</span> 
     </span>
    </p>
   </div>
   <div class='ocr_carea' id='block_1_28' title="bbox 1887 1336 3498 1415">
    <p class='ocr_par' dir='ltr' id='par_1_28' title="bbox 1887 1336 3498 1415">
     <span class='ocr_line' id='line_1_28' title="bbox 1887 1336 3498 1415; baseline 0.006 -22"><span class='ocrx_word' id='word_1_182' title='bbox 1887 1336 2057 1394; x_wconf 89' lang='lat' dir='ltr'>vertit</span> <span class='ocrx_word' id='word_1_183' title='bbox 2078 1337 2379 1411; x_wconf 81' lang='lat' dir='ltr'>judicium,</span> <span class='ocrx_word' id='word_1_184' title='bbox 2414 1341 2548 1415; x_wconf 84' lang='lat' dir='ltr'>quia</span> <span class='ocrx_word' id='word_1_185' title='bbox 2574 1343 2675 1400; x_wconf 87' lang='lat' dir='ltr'>etsi</span> <span class='ocrx_word' id='word_1_186' title='bbox 2709 1346 2895 1403; x_wconf 86' lang='lat' dir='ltr'>minus</span> <span class='ocrx_word' id='word_1_187' title='bbox 2925 1355 3072 1404; x_wconf 87' lang='lat' dir='ltr'>recta</span> <span class='ocrx_word' id='word_1_188' title='bbox 3100 1347 3363 1406; x_wconf 90' lang='lat' dir='ltr'>videntur</span> <span class='ocrx_word' id='word_1_189' title='bbox 3382 1364 3498 1406; x_wconf 90' lang='lat' dir='ltr'>esse</span> 
     </span>
    </p>
   </div>
   <div class='ocr_carea' id='block_1_29' title="bbox 1887 1431 3497 1502">
    <p class='ocr_par' dir='ltr' id='par_1_29' title="bbox 1887 1431 3497 1502">
     <span class='ocr_line' id='line_1_29' title="bbox 1887 1431 3497 1502; baseline 0.008 -19"><span class='ocrx_word' id='word_1_190' title='bbox 1887 1443 2010 1501; x_wconf 81' lang='lat' dir='ltr'>quae</span> <span class='ocrx_word' id='word_1_191' title='bbox 2041 1431 2302 1502; x_wconf 83' lang='lat' dir='ltr'>patimur,</span> <span class='ocrx_word' id='word_1_192' title='bbox 2335 1440 2481 1488; x_wconf 86' lang='lat' dir='ltr'>recte</span> <span class='ocrx_word' id='word_1_193' title='bbox 2511 1441 2695 1490; x_wconf 89' lang='lat' dir='ltr'>tamen</span> <span class='ocrx_word' id='word_1_194' title='bbox 2720 1437 2741 1470; x_wconf 81' lang='grc'><strong>³</strong></span> <span class='ocrx_word' id='word_1_195' title='bbox 2770 1436 2830 1492; x_wconf 86' lang='lat' dir='ltr'>in</span> <span class='ocrx_word' id='word_1_196' title='bbox 2860 1438 3079 1494; x_wconf 91' lang='lat' dir='ltr'>occulto</span> <span class='ocrx_word' id='word_1_197' title='bbox 3109 1438 3364 1499; x_wconf 78' lang='lat' dir='ltr'>examine</span> <span class='ocrx_word' id='word_1_198' title='bbox 3391 1437 3497 1495; x_wconf 83' lang='lat' dir='ltr'>de—</span> 
     </span>
    </p>
   </div>
   <div class='ocr_carea' id='block_1_30' title="bbox 1884 1522 2558 1594">
    <p class='ocr_par' dir='ltr' id='par_1_30' title="bbox 1884 1522 2558 1594">
     <span class='ocr_line' id='line_1_30' title="bbox 1884 1522 2558 1594; baseline 0.003 -18"><span class='ocrx_word' id='word_1_199' title='bbox 1884 1527 2215 1577; x_wconf 89' lang='lat' dir='ltr'>cernuntur.</span> <span class='ocrx_word' id='word_1_200' title='bbox 2254 1522 2516 1594; x_wconf 78' lang='lat' dir='ltr'>Sequitur</span> <span class='ocrx_word' id='word_1_201' title='bbox 2547 1540 2558 1578; x_wconf 93' lang='lat'>:</span> 
     </span>
    </p>
   </div>
   <div class='ocr_carea' id='block_1_31' title="bbox 2316 1613 3052 1694">
    <p class='ocr_par' dir='ltr' id='par_1_31' title="bbox 2316 1613 3052 1694">
     <span class='ocr_line' id='line_1_31' title="bbox 2316 1613 3052 1694; baseline 0.007 -23"><span class='ocrx_word' id='word_1_202' title='bbox 2316 1613 2546 1672; x_wconf 83' lang='lat' dir='ltr'><strong>CAPUT</strong></span> <span class='ocrx_word' id='word_1_203' title='bbox 2586 1616 2694 1673; x_wconf 83' lang='lat' dir='ltr'>XX</span> <span class='ocrx_word' id='word_1_204' title='bbox 2738 1616 2881 1691; x_wconf 84' lang='lat' dir='ltr'>[Rec.</span> <span class='ocrx_word' id='word_1_205' title='bbox 2924 1617 3052 1694; x_wconf 77' lang='lat' dir='ltr'>XI].</span> 
     </span>
    </p>
   </div>
   <div class='ocr_carea' id='block_1_32' title="bbox 1959 1704 3493 1782">
    <p class='ocr_par' dir='ltr' id='par_1_32' title="bbox 1959 1704 3493 1782">
     <span class='ocr_line' id='line_1_32' title="bbox 1959 1704 3493 1782; baseline 0.004 -21"><span class='ocrx_word' id='word_1_206' title='bbox 1959 1704 2131 1761; x_wconf 74' lang='lat' dir='ltr'>Vnus.</span> <span class='ocrx_word' id='word_1_207' title='bbox 2164 1704 2251 1760; x_wconf 76' lang='lat' dir='ltr'>I3.</span> <span class='ocrx_word' id='word_1_208' title='bbox 2282 1734 2354 1745; x_wconf 96' lang='lat'>—</span> <span class='ocrx_word' id='word_1_209' title='bbox 2386 1707 2549 1771; x_wconf 89' lang='lat' dir='ltr'>Quem</span> <span class='ocrx_word' id='word_1_210' title='bbox 2568 1707 2837 1760; x_wconf 77' lang='lat' dir='ltr'>constituit</span> <span class='ocrx_word' id='word_1_211' title='bbox 2871 1708 3041 1761; x_wconf 87' lang='lat' dir='ltr'>alium</span> <span class='ocrx_word' id='word_1_212' title='bbox 3080 1725 3240 1779; x_wconf 82' lang='lat' dir='ltr'>super</span> <span class='ocrx_word' id='word_1_213' title='bbox 3271 1716 3493 1782; x_wconf 85' lang='lat' dir='ltr'>terram,</span> 
     </span>
    </p>
   </div>
   <div class='ocr_carea' id='block_1_33' title="bbox 1883 1796 3423 1868">
    <p class='ocr_par' dir='ltr' id='par_1_33' title="bbox 1883 1796 3423 1868">
     <span class='ocr_line' id='line_1_33' title="bbox 1883 1796 3423 1868; baseline 0.004 -16"><span class='ocrx_word' id='word_1_214' title='bbox 1883 1803 1981 1852; x_wconf 84' lang='lat' dir='ltr'>aut</span> <span class='ocrx_word' id='word_1_215' title='bbox 2004 1814 2157 1868; x_wconf 80' lang='lat' dir='ltr'>quem</span> <span class='ocrx_word' id='word_1_216' title='bbox 2180 1796 2362 1867; x_wconf 78' lang='lat' dir='ltr'>posuit</span> <span class='ocrx_word' id='word_1_217' title='bbox 2388 1813 2549 1868; x_wconf 83' lang='lat' dir='ltr'>super</span> <span class='ocrx_word' id='word_1_218' title='bbox 2577 1797 2774 1865; x_wconf 87' lang='lat' dir='ltr'>orbem,</span> <span class='ocrx_word' id='word_1_219' title='bbox 2808 1814 2960 1868; x_wconf 87' lang='lat' dir='ltr'>quem</span> <span class='ocrx_word' id='word_1_220' title='bbox 2987 1798 3285 1868; x_wconf 82' lang='lat' dir='ltr'>fabricatus</span> <span class='ocrx_word' id='word_1_221' title='bbox 3308 1805 3423 1859; x_wconf 77' lang='lat' dir='ltr'>est?</span> 
     </span>
    </p>
   </div>
   <div class='ocr_carea' id='block_1_34' title="bbox 235 1886 1776 1988">
    <p class='ocr_par' dir='ltr' id='par_1_34' title="bbox 235 1909 1776 1988">
     <span class='ocr_line' id='line_1_34' title="bbox 235 1909 1776 1988; baseline 0.006 -21"><span class='ocrx_word' id='word_1_222' title='bbox 235 1909 399 1967; x_wconf 70' lang='lat' dir='ltr'>Vens.</span> <span class='ocrx_word' id='word_1_223' title='bbox 433 1910 504 1968; x_wconf 73' lang='grc'>10</span> <span class='ocrx_word' id='word_1_224' title='bbox 532 1918 587 1968; x_wconf 75' lang='lat' dir='ltr'>et</span> <span class='ocrx_word' id='word_1_225' title='bbox 618 1912 783 1969; x_wconf 76' lang='lat' dir='ltr'>H.--</span> <span class='ocrx_word' id='word_1_226' title='bbox 809 1912 967 1969; x_wconf 80' lang='lat' dir='ltr'>Absit</span> <span class='ocrx_word' id='word_1_227' title='bbox 991 1932 1027 1970; x_wconf 83' lang='grc' dir='ltr'><strong><em>α</em></strong></span> <span class='ocrx_word' id='word_1_228' title='bbox 1054 1915 1165 1971; x_wconf 86' lang='lat' dir='ltr'>Deo</span> <span class='ocrx_word' id='word_1_229' title='bbox 1198 1916 1462 1988; x_wconf 73' lang='lat' dir='ltr'>impietas,</span> <span class='ocrx_word' id='word_1_230' title='bbox 1485 1922 1535 1973; x_wconf 86' lang='lat' dir='ltr'>et</span> <span class='ocrx_word' id='word_1_231' title='bbox 1557 1918 1625 1973; x_wconf 84' lang='lat' dir='ltr'>ab</span> <span class='ocrx_word' id='word_1_232' title='bbox 1654 1920 1776 1976; x_wconf 82' lang='lat' dir='ltr'>0m-</span> 
     </span>
    </p>
   </div>
   <div class='ocr_carea' id='block_1_35' title="bbox 1890 1886 3499 1988">
    <p class='ocr_par' dir='ltr' id='par_1_35' title="bbox 1955 1886 3499 1964">
     <span class='ocr_line' id='line_1_35' title="bbox 1955 1886 3499 1964; baseline 0.004 -22"><span class='ocrx_word' id='word_1_233' title='bbox 1955 1886 2046 1942; x_wconf 79' lang='grc'>4-6.</span> <span class='ocrx_word' id='word_1_234' title='bbox 2100 1887 2264 1954; x_wconf 83' lang='lat' dir='ltr'>Quem</span> <span class='ocrx_word' id='word_1_235' title='bbox 2292 1903 2389 1956; x_wconf 87' lang='lat' dir='ltr'>per</span> <span class='ocrx_word' id='word_1_236' title='bbox 2416 1902 2469 1941; x_wconf 82' lang='lat' dir='ltr'>se</span> <span class='ocrx_word' id='word_1_237' title='bbox 2513 1886 2748 1940; x_wconf 77' lang='lat' dir='ltr'>condidit</span> <span class='ocrx_word' id='word_1_238' title='bbox 2778 1887 3056 1953; x_wconf 86' lang='lat' dir='ltr'>mundum,</span> <span class='ocrx_word' id='word_1_239' title='bbox 3082 1906 3181 1959; x_wconf 85' lang='lat' dir='ltr'>per</span> <span class='ocrx_word' id='word_1_240' title='bbox 3208 1907 3262 1945; x_wconf 84' lang='lat' dir='ltr'>se</span> <span class='ocrx_word' id='word_1_241' title='bbox 3292 1908 3499 1964; x_wconf 84' lang='lat' dir='ltr'>quoque</span> 
     </span>
    </p>
   </div>
   <div class='ocr_carea' id='block_1_36' title="bbox 168 2000 1779 2079">
    <p class='ocr_par' dir='ltr' id='par_1_36' title="bbox 168 2000 1779 2079">
     <span class='ocr_line' id='line_1_36' title="bbox 168 2000 1779 2079; baseline 0.007 -23"><span class='ocrx_word' id='word_1_242' title='bbox 168 2000 417 2073; x_wconf 69' lang='lat' dir='ltr'>nipotente</span> <span class='ocrx_word' id='word_1_243' title='bbox 464 2004 740 2075; x_wconf 71' lang='lat' dir='ltr'>iniquitas.</span> <span class='ocrx_word' id='word_1_244' title='bbox 783 2007 929 2077; x_wconf 81' lang='lat' dir='ltr'>Opus</span> <span class='ocrx_word' id='word_1_245' title='bbox 962 2008 1103 2062; x_wconf 74' lang='lat' dir='ltr'>enim</span> <span class='ocrx_word' id='word_1_246' title='bbox 1144 2008 1379 2064; x_wconf 76' lang='lat' dir='ltr'>hominis</span> <span class='ocrx_word' id='word_1_247' title='bbox 1418 2010 1601 2065; x_wconf 82' lang='lat' dir='ltr'>reddet</span> <span class='ocrx_word' id='word_1_248' title='bbox 1628 2010 1697 2079; x_wconf 81' lang='lat' dir='ltr'>ei,</span> <span class='ocrx_word' id='word_1_249' title='bbox 1728 2017 1779 2067; x_wconf 86' lang='lat' dir='ltr'>et</span> 
     </span>
    </p>
   </div>
   <div class='ocr_carea' id='block_1_37' title="bbox 164 2090 1211 2165">
    <p class='ocr_par' dir='ltr' id='par_1_37' title="bbox 164 2090 1211 2165">
     <span class='ocr_line' id='line_1_37' title="bbox 164 2090 1211 2165; baseline 0.008 -19"><span class='ocrx_word' id='word_1_250' title='bbox 164 2090 317 2160; x_wconf 70' lang='lat' dir='ltr'>ﬂuctu</span> <span class='ocrx_word' id='word_1_251' title='bbox 344 2093 463 2148; x_wconf 78' lang='lat' dir='ltr'>vias</span> <span class='ocrx_word' id='word_1_252' title='bbox 490 2094 828 2165; x_wconf 78' lang='lat' dir='ltr'>singulorum</span> <span class='ocrx_word' id='word_1_253' title='bbox 856 2098 1095 2153; x_wconf 82' lang='lat' dir='ltr'>restituet</span> <span class='ocrx_word' id='word_1_254' title='bbox 1119 2098 1211 2155; x_wconf 85' lang='lat' dir='ltr'>eis.</span> 
     </span>
    </p>
   </div>
   <div class='ocr_carea' id='block_1_38' title="bbox 240 2180 1774 2259">
    <p class='ocr_par' dir='ltr' id='par_1_38' title="bbox 240 2180 1774 2259">
     <span class='ocr_line' id='line_1_38' title="bbox 240 2180 1774 2259; baseline 0.005 -21"><span class='ocrx_word' id='word_1_255' title='bbox 240 2185 382 2245; x_wconf 80' lang='lat'>782</span> <span class='ocrx_word' id='word_1_256' title='bbox 408 2181 498 2240; x_wconf 67' lang='grc'>44.</span> <span class='ocrx_word' id='word_1_257' title='bbox 548 2180 691 2239; x_wconf 76' lang='lat' dir='ltr'>Deus</span> <span class='ocrx_word' id='word_1_258' title='bbox 717 2184 777 2240; x_wconf 77' lang='lat' dir='ltr'>in</span> <span class='ocrx_word' id='word_1_259' title='bbox 803 2184 901 2241; x_wconf 82' lang='lat' dir='ltr'>hac</span> <span class='ocrx_word' id='word_1_260' title='bbox 928 2187 1038 2241; x_wconf 84' lang='lat' dir='ltr'>vita</span> <span class='ocrx_word' id='word_1_261' title='bbox 1072 2203 1181 2242; x_wconf 82' lang='lat' dir='ltr'>non</span> <span class='ocrx_word' id='word_1_262' title='bbox 1217 2203 1419 2259; x_wconf 77' lang='lat' dir='ltr'>semper</span> <span class='ocrx_word' id='word_1_263' title='bbox 1444 2189 1624 2245; x_wconf 83' lang='lat' dir='ltr'>reddit</span> <span class='ocrx_word' id='word_1_264' title='bbox 1650 2190 1774 2245; x_wconf 82' lang='lat' dir='ltr'>sin-</span> 
     </span>
    </p>
   </div>
   <div class='ocr_carea' id='block_1_39' title="bbox 175 2277 1775 2359">
    <p class='ocr_par' dir='ltr' id='par_1_39' title="bbox 175 2277 1775 2359">
     <span class='ocr_line' id='line_1_39' title="bbox 175 2277 1775 2359; baseline 0.006 -25"><span class='ocrx_word' id='word_1_265' title='bbox 175 2277 303 2350; x_wconf 81' lang='lat' dir='ltr'>gulis</span> <span class='ocrx_word' id='word_1_266' title='bbox 318 2279 488 2350; x_wconf 71' lang='lat' dir='ltr'>juccta</span> <span class='ocrx_word' id='word_1_267' title='bbox 519 2278 927 2355; x_wconf 62' lang='lat' dir='ltr'>operm—Bene</span> <span class='ocrx_word' id='word_1_268' title='bbox 952 2281 1120 2353; x_wconf 82' lang='lat' dir='ltr'>dixit,</span> <span class='ocrx_word' id='word_1_269' title='bbox 1152 2283 1281 2357; x_wconf 86' lang='lat' dir='ltr'>quia</span> <span class='ocrx_word' id='word_1_270' title='bbox 1310 2285 1368 2340; x_wconf 90' lang='lat' dir='ltr'>in</span> <span class='ocrx_word' id='word_1_271' title='bbox 1398 2286 1775 2359; x_wconf 89' lang='lat' dir='ltr'>omnipotente</span> 
     </span>
    </p>
   </div>
   <div class='ocr_carea' id='block_1_40' title="bbox 170 2362 1776 2445">
    <p class='ocr_par' dir='ltr' id='par_1_40' title="bbox 170 2362 1776 2445">
     <span class='ocr_line' id='line_1_40' title="bbox 170 2362 1776 2445; baseline 0.007 -23"><span class='ocrx_word' id='word_1_272' title='bbox 170 2364 277 2423; x_wconf 87' lang='lat' dir='ltr'>Deo</span> <span class='ocrx_word' id='word_1_273' title='bbox 300 2365 574 2443; x_wconf 87' lang='lat' dir='ltr'>iniquitas</span> <span class='ocrx_word' id='word_1_274' title='bbox 601 2362 689 2427; x_wconf 86' lang='lat' dir='ltr'>vel</span> <span class='ocrx_word' id='word_1_275' title='bbox 720 2370 975 2445; x_wconf 85' lang='lat' dir='ltr'>impietas</span> <span class='ocrx_word' id='word_1_276' title='bbox 1006 2388 1116 2429; x_wconf 91' lang='lat' dir='ltr'>non</span> <span class='ocrx_word' id='word_1_277' title='bbox 1147 2381 1249 2429; x_wconf 89' lang='lat' dir='ltr'>est.</span> <span class='ocrx_word' id='word_1_278' title='bbox 1300 2371 1407 2429; x_wconf 86' lang='lat' dir='ltr'>Sed</span> <span class='ocrx_word' id='word_1_279' title='bbox 1438 2374 1495 2429; x_wconf 91' lang='lat' dir='ltr'>in</span> <span class='ocrx_word' id='word_1_280' title='bbox 1527 2374 1631 2431; x_wconf 88' lang='lat' dir='ltr'>hac</span> <span class='ocrx_word' id='word_1_281' title='bbox 1660 2377 1776 2434; x_wconf 88' lang='lat' dir='ltr'>vita</span> 
     </span>
    </p>
   </div>
   <div class='ocr_carea' id='block_1_41' title="bbox 170 2462 1777 2540">
    <p class='ocr_par' dir='ltr' id='par_1_41' title="bbox 170 2462 1777 2540">
     <span class='ocr_line' id='line_1_41' title="bbox 170 2462 1777 2540; baseline 0.007 -29"><span class='ocrx_word' id='word_1_282' title='bbox 170 2470 511 2535; x_wconf 81' lang='lat' dir='ltr'>nequaquam</span> <span class='ocrx_word' id='word_1_283' title='bbox 545 2477 762 2535; x_wconf 86' lang='lat' dir='ltr'>semper</span> <span class='ocrx_word' id='word_1_284' title='bbox 791 2462 895 2520; x_wconf 89' lang='lat' dir='ltr'>hoc</span> <span class='ocrx_word' id='word_1_285' title='bbox 917 2464 1120 2535; x_wconf 88' lang='lat' dir='ltr'>agitur,</span> <span class='ocrx_word' id='word_1_286' title='bbox 1138 2462 1286 2537; x_wconf 89' lang='lat' dir='ltr'>quod</span> <span class='ocrx_word' id='word_1_287' title='bbox 1308 2462 1621 2536; x_wconf 85' lang='lat' dir='ltr'>subjunxit,</span> <span class='ocrx_word' id='word_1_288' title='bbox 1646 2466 1777 2540; x_wconf 88' lang='lat' dir='ltr'>quia</span> 
     </span>
    </p>
   </div>
   <div class='ocr_carea' id='block_1_42' title="bbox 164 2543 1776 2627">
    <p class='ocr_par' dir='ltr' id='par_1_42' title="bbox 164 2543 1776 2627">
     <span class='ocr_line' id='line_1_42' title="bbox 164 2543 1776 2627; baseline 0.004 -23"><span class='ocrx_word' id='word_1_289' title='bbox 164 2543 313 2619; x_wconf 82' lang='lat' dir='ltr'>juxta</span> <span class='ocrx_word' id='word_1_290' title='bbox 332 2562 474 2623; x_wconf 81' lang='lat' dir='ltr'>Opus</span> <span class='ocrx_word' id='word_1_291' title='bbox 506 2568 669 2608; x_wconf 82' lang='lat' dir='ltr'>suum</span> <span class='ocrx_word' id='word_1_292' title='bbox 699 2552 933 2625; x_wconf 84' lang='lat' dir='ltr'>singulis</span> <span class='ocrx_word' id='word_1_293' title='bbox 959 2561 1014 2609; x_wconf 90' lang='lat' dir='ltr'>et</span> <span class='ocrx_word' id='word_1_294' title='bbox 1036 2553 1201 2625; x_wconf 81' lang='lat' dir='ltr'>juxta</span> <span class='ocrx_word' id='word_1_295' title='bbox 1230 2553 1349 2608; x_wconf 87' lang='lat' dir='ltr'>vias</span> <span class='ocrx_word' id='word_1_296' title='bbox 1377 2554 1628 2627; x_wconf 84' lang='lat' dir='ltr'>proprias</span> <span class='ocrx_word' id='word_1_297' title='bbox 1656 2555 1776 2611; x_wconf 91' lang='lat' dir='ltr'>red-</span> 
     </span>
    </p>
   </div>
   <div class='ocr_carea' id='block_1_43' title="bbox 172 2633 1775 2717">
    <p class='ocr_par' dir='ltr' id='par_1_43' title="bbox 172 2633 1775 2717">
     <span class='ocr_line' id='line_1_43' title="bbox 172 2633 1775 2717; baseline 0.006 -25"><span class='ocrx_word' id='word_1_298' title='bbox 172 2633 261 2696; x_wconf 85' lang='lat' dir='ltr'>dit.</span> <span class='ocrx_word' id='word_1_299' title='bbox 292 2636 429 2697; x_wconf 78' lang='lat' dir='ltr'>Nam</span> <span class='ocrx_word' id='word_1_300' title='bbox 460 2646 520 2698; x_wconf 88' lang='lat' dir='ltr'>et</span> <span class='ocrx_word' id='word_1_301' title='bbox 550 2643 754 2699; x_wconf 88' lang='lat' dir='ltr'>multos</span> <span class='ocrx_word' id='word_1_302' title='bbox 783 2640 981 2699; x_wconf 88' lang='lat' dir='ltr'>illicita</span> <span class='ocrx_word' id='word_1_303' title='bbox 1021 2650 1076 2699; x_wconf 91' lang='lat' dir='ltr'>et</span> <span class='ocrx_word' id='word_1_304' title='bbox 1106 2657 1365 2715; x_wconf 88' lang='lat' dir='ltr'>perversa</span> <span class='ocrx_word' id='word_1_305' title='bbox 1395 2653 1775 2717; x_wconf 88' lang='lat' dir='ltr'>perpetrantes</span> 
     </span>
    </p>
   </div>
   <div class='ocr_carea' id='block_1_44' title="bbox 170 2730 1771 2805">
    <p class='ocr_par' dir='ltr' id='par_1_44' title="bbox 170 2730 1771 2805">
     <span class='ocr_line' id='line_1_44' title="bbox 170 2730 1771 2805; baseline 0.004 -21"><span class='ocrx_word' id='word_1_306' title='bbox 170 2730 395 2801; x_wconf 79' lang='lat' dir='ltr'>gratuito</span> <span class='ocrx_word' id='word_1_307' title='bbox 425 2733 721 2803; x_wconf 76' lang='lat' dir='ltr'>pmenit,</span> <span class='ocrx_word' id='word_1_308' title='bbox 754 2740 921 2805; x_wconf 89' lang='lat' dir='ltr'>atque</span> <span class='ocrx_word' id='word_1_309' title='bbox 946 2730 1016 2787; x_wconf 90' lang='lat' dir='ltr'>ad</span> <span class='ocrx_word' id='word_1_310' title='bbox 1057 2747 1221 2804; x_wconf 88' lang='lat' dir='ltr'>opera</span> <span class='ocrx_word' id='word_1_311' title='bbox 1249 2741 1441 2790; x_wconf 88' lang='lat' dir='ltr'>sancta</span> <span class='ocrx_word' id='word_1_312' title='bbox 1473 2733 1771 2803; x_wconf 85' lang='lat' dir='ltr'>convertit,</span> 
     </span>
    </p>
   </div>
   <div class='ocr_carea' id='block_1_45' title="bbox 170 2818 1776 2893">
    <p class='ocr_par' dir='ltr' id='par_1_45' title="bbox 170 2818 1776 2893">
     <span class='ocr_line' id='line_1_45' title="bbox 170 2818 1776 2893; baseline 0.002 -19"><span class='ocrx_word' id='word_1_313' title='bbox 170 2824 216 2874; x_wconf 84' lang='lat' dir='ltr'>et</span> <span class='ocrx_word' id='word_1_314' title='bbox 240 2818 549 2877; x_wconf 86' lang='lat' dir='ltr'>nonnullos</span> <span class='ocrx_word' id='word_1_315' title='bbox 578 2820 743 2876; x_wconf 84' lang='lat' dir='ltr'>rectis</span> <span class='ocrx_word' id='word_1_316' title='bbox 772 2820 992 2876; x_wconf 85' lang='lat' dir='ltr'>actibus</span> <span class='ocrx_word' id='word_1_317' title='bbox 1030 2819 1247 2877; x_wconf 89' lang='lat' dir='ltr'>deditos</span> <span class='ocrx_word' id='word_1_318' title='bbox 1275 2820 1492 2893; x_wconf 84' lang='lat' dir='ltr'>ﬂagello</span> <span class='ocrx_word' id='word_1_319' title='bbox 1522 2824 1776 2879; x_wconf 82' lang='lat' dir='ltr'>interve-</span> 
     </span>
    </p>
   </div>
   <div class='ocr_carea' id='block_1_46' title="bbox 170 2906 1778 2983">
    <p class='ocr_par' dir='ltr' id='par_1_46' title="bbox 170 2906 1778 2983">
     <span class='ocr_line' id='line_1_46' title="bbox 170 2906 1778 2983; baseline 0.003 -20"><span class='ocrx_word' id='word_1_320' title='bbox 170 2909 336 2967; x_wconf 88' lang='lat' dir='ltr'>niente</span> <span class='ocrx_word' id='word_1_321' title='bbox 367 2906 629 2981; x_wconf 86' lang='lat' dir='ltr'>corripit,</span> <span class='ocrx_word' id='word_1_322' title='bbox 676 2911 692 2944; x_wconf 84' lang='grc'>¹</span> <span class='ocrx_word' id='word_1_323' title='bbox 730 2925 796 2966; x_wconf 85' lang='lat' dir='ltr'>ac</span> <span class='ocrx_word' id='word_1_324' title='bbox 838 2910 920 2967; x_wconf 88' lang='lat' dir='ltr'>sic</span> <span class='ocrx_word' id='word_1_325' title='bbox 949 2910 1231 2982; x_wconf 86' lang='lat' dir='ltr'>placentes</span> <span class='ocrx_word' id='word_1_326' title='bbox 1257 2910 1412 2983; x_wconf 88' lang='lat' dir='ltr'>quasi</span> <span class='ocrx_word' id='word_1_327' title='bbox 1447 2910 1778 2983; x_wconf 86' lang='lat' dir='ltr'>displiceant</span> 
     </span>
    </p>
   </div>
   <div class='ocr_carea' id='block_1_47' title="bbox 170 2994 1774 3073">
    <p class='ocr_par' dir='ltr' id='par_1_47' title="bbox 170 2994 1774 3073">
     <span class='ocr_line' id='line_1_47' title="bbox 170 2994 1774 3073; baseline 0.003 -22"><span class='ocrx_word' id='word_1_328' title='bbox 170 2994 369 3070; x_wconf 74' lang='lat' dir='ltr'>aﬂigit,</span> <span class='ocrx_word' id='word_1_329' title='bbox 397 2999 701 3055; x_wconf 86' lang='lat' dir='ltr'>Salomone</span> <span class='ocrx_word' id='word_1_330' title='bbox 721 3006 1035 3068; x_wconf 86' lang='lat' dir='ltr'>attestante,</span> <span class='ocrx_word' id='word_1_331' title='bbox 1065 3000 1159 3073; x_wconf 87' lang='lat' dir='ltr'>qui</span> <span class='ocrx_word' id='word_1_332' title='bbox 1190 3000 1268 3056; x_wconf 89' lang='lat' dir='ltr'>ait</span> <span class='ocrx_word' id='word_1_333' title='bbox 1300 3018 1310 3055; x_wconf 93' lang='lat'><strong>:</strong></span> <span class='ocrx_word' id='word_1_334' title='bbox 1349 3001 1485 3056; x_wconf 86' lang='lat' dir='ltr'>Sunt</span> <span class='ocrx_word' id='word_1_335' title='bbox 1502 2996 1641 3069; x_wconf 84' lang='lat' dir='ltr'>justi</span> <span class='ocrx_word' id='word_1_336' title='bbox 1660 3001 1774 3073; x_wconf 87' lang='lat' dir='ltr'>qui-</span> 
     </span>
    </p>
   </div>
   <div class='ocr_carea' id='block_1_48' title="bbox 170 3080 1779 3161">
    <p class='ocr_par' dir='ltr' id='par_1_48' title="bbox 170 3080 1779 3161">
     <span class='ocr_line' id='line_1_48' title="bbox 170 3080 1779 3161; baseline 0.004 -21"><span class='ocrx_word' id='word_1_337' title='bbox 170 3084 254 3141; x_wconf 77' lang='lat' dir='ltr'>bus</span> <span class='ocrx_word' id='word_1_338' title='bbox 276 3080 446 3144; x_wconf 77' lang='lat' dir='ltr'>multa</span> <span class='ocrx_word' id='word_1_339' title='bbox 477 3088 744 3153; x_wconf 79' lang='lat' dir='ltr'>eveniunt,</span> <span class='ocrx_word' id='word_1_340' title='bbox 775 3087 932 3159; x_wconf 88' lang='lat' dir='ltr'>quasi</span> <span class='ocrx_word' id='word_1_341' title='bbox 958 3104 1122 3159; x_wconf 84' lang='lat' dir='ltr'>opera</span> <span class='ocrx_word' id='word_1_342' title='bbox 1152 3086 1352 3160; x_wconf 80' lang='lat' dir='ltr'>egerint</span> <span class='ocrx_word' id='word_1_343' title='bbox 1377 3089 1698 3161; x_wconf 85' lang='lat' dir='ltr'>impiorum;</span> <span class='ocrx_word' id='word_1_344' title='bbox 1729 3098 1779 3145; x_wconf 89' lang='lat' dir='ltr'>et</span> 
     </span>
    </p>
   </div>
   <div class='ocr_carea' id='block_1_49' title="bbox 168 3172 1773 3250">
    <p class='ocr_par' dir='ltr' id='par_1_49' title="bbox 168 3172 1773 3250">
     <span class='ocr_line' id='line_1_49' title="bbox 168 3172 1773 3250; baseline 0.004 -21"><span class='ocrx_word' id='word_1_345' title='bbox 168 3172 450 3249; x_wconf 85' lang='lat' dir='ltr'>suntimpii</span> <span class='ocrx_word' id='word_1_346' title='bbox 468 3176 566 3248; x_wconf 86' lang='lat' dir='ltr'>qui</span> <span class='ocrx_word' id='word_1_347' title='bbox 588 3179 665 3232; x_wconf 86' lang='lat' dir='ltr'>ita</span> <span class='ocrx_word' id='word_1_348' title='bbox 690 3178 863 3233; x_wconf 81' lang='lat' dir='ltr'>securi</span> <span class='ocrx_word' id='word_1_349' title='bbox 884 3184 1028 3244; x_wconf 86' lang='lat' dir='ltr'>sunt,</span> <span class='ocrx_word' id='word_1_350' title='bbox 1057 3196 1119 3234; x_wconf 90' lang='lat' dir='ltr'>ac</span> <span class='ocrx_word' id='word_1_351' title='bbox 1147 3174 1195 3233; x_wconf 87' lang='lat' dir='ltr'>si</span> <span class='ocrx_word' id='word_1_352' title='bbox 1208 3177 1481 3249; x_wconf 83' lang='lat' dir='ltr'>justorum</span> <span class='ocrx_word' id='word_1_353' title='bbox 1512 3179 1653 3250; x_wconf 85' lang='lat' dir='ltr'>facta</span> <span class='ocrx_word' id='word_1_354' title='bbox 1683 3180 1773 3236; x_wconf 86' lang='lat' dir='ltr'>ha-</span> 
     </span>
    </p>
   </div>
   <div class='ocr_carea' id='block_1_50' title="bbox 1885 1975 3497 2054">
    <p class='ocr_par' dir='ltr' id='par_1_50' title="bbox 1885 1975 3497 2054">
     <span class='ocr_line' id='line_1_50' title="bbox 1885 1975 3497 2054; baseline 0.004 -23"><span class='ocrx_word' id='word_1_355' title='bbox 1885 1977 2189 2051; x_wconf 80' lang='lat' dir='ltr'>regit.—Ut</span> <span class='ocrx_word' id='word_1_356' title='bbox 2217 1976 2481 2032; x_wconf 87' lang='lat' dir='ltr'>videlicet</span> <span class='ocrx_word' id='word_1_357' title='bbox 2513 1975 2810 2033; x_wconf 81' lang='lat' dir='ltr'>subaudias</span> <span class='ocrx_word' id='word_1_358' title='bbox 2831 1977 3072 2034; x_wconf 90' lang='lat' dir='ltr'>nullum.</span> <span class='ocrx_word' id='word_1_359' title='bbox 3090 1978 3193 2034; x_wconf 91' lang='lat' dir='ltr'>Per</span> <span class='ocrx_word' id='word_1_360' title='bbox 3216 1996 3273 2036; x_wconf 89' lang='lat' dir='ltr'>se</span> <span class='ocrx_word' id='word_1_361' title='bbox 3294 1982 3497 2054; x_wconf 89' lang='lat' dir='ltr'>quippe</span> 
     </span>
    </p>
   </div>
   <div class='ocr_carea' id='block_1_51' title="bbox 1885 2065 3496 2142">
    <p class='ocr_par' dir='ltr' id='par_1_51' title="bbox 1885 2065 3496 2142">
     <span class='ocr_line' id='line_1_51' title="bbox 1885 2065 3496 2142; baseline 0.003 -19"><span class='ocrx_word' id='word_1_362' title='bbox 1885 2065 2160 2123; x_wconf 90' lang='lat' dir='ltr'>mundum</span> <span class='ocrx_word' id='word_1_363' title='bbox 2190 2066 2351 2138; x_wconf 82' lang='lat' dir='ltr'>regit,</span> <span class='ocrx_word' id='word_1_364' title='bbox 2388 2081 2552 2141; x_wconf 85' lang='lat' dir='ltr'>quem</span> <span class='ocrx_word' id='word_1_365' title='bbox 2575 2083 2670 2138; x_wconf 90' lang='lat' dir='ltr'>per</span> <span class='ocrx_word' id='word_1_366' title='bbox 2698 2083 2755 2122; x_wconf 88' lang='lat' dir='ltr'>se</span> <span class='ocrx_word' id='word_1_367' title='bbox 2784 2065 3068 2135; x_wconf 86' lang='lat' dir='ltr'>condidit;</span> <span class='ocrx_word' id='word_1_368' title='bbox 3100 2084 3203 2126; x_wconf 91' lang='lat' dir='ltr'>nec</span> <span class='ocrx_word' id='word_1_369' title='bbox 3226 2078 3349 2142; x_wconf 81' lang='lat' dir='ltr'>eget</span> <span class='ocrx_word' id='word_1_370' title='bbox 3366 2070 3496 2130; x_wconf 83' lang='lat' dir='ltr'>alie-</span> 
     </span>
    </p>
   </div>
   <div class='ocr_carea' id='block_1_52' title="bbox 1885 2154 3497 2229">
    <p class='ocr_par' dir='ltr' id='par_1_52' title="bbox 1885 2154 3497 2229">
     <span class='ocr_line' id='line_1_52' title="bbox 1885 2154 3497 2229; baseline 0.004 -16"><span class='ocrx_word' id='word_1_371' title='bbox 1885 2157 1975 2214; x_wconf 86' lang='lat' dir='ltr'>nis</span> <span class='ocrx_word' id='word_1_372' title='bbox 2004 2154 2297 2229; x_wconf 87' lang='lat' dir='ltr'>adjutoriis</span> <span class='ocrx_word' id='word_1_373' title='bbox 2327 2154 2392 2211; x_wconf 86' lang='lat' dir='ltr'>ad</span> <span class='ocrx_word' id='word_1_374' title='bbox 2430 2155 2752 2227; x_wconf 82' lang='lat' dir='ltr'>regendum,</span> <span class='ocrx_word' id='word_1_375' title='bbox 2779 2155 2876 2228; x_wconf 89' lang='lat' dir='ltr'>qui</span> <span class='ocrx_word' id='word_1_376' title='bbox 2902 2172 3012 2212; x_wconf 91' lang='lat' dir='ltr'>non</span> <span class='ocrx_word' id='word_1_377' title='bbox 3036 2157 3187 2229; x_wconf 91' lang='lat' dir='ltr'>eguit</span> <span class='ocrx_word' id='word_1_378' title='bbox 3206 2158 3273 2214; x_wconf 87' lang='lat' dir='ltr'>ad</span> <span class='ocrx_word' id='word_1_379' title='bbox 3294 2159 3497 2220; x_wconf 83' lang='lat' dir='ltr'>facien-</span> 
     </span>
    </p>
   </div>
   <div class='ocr_carea' id='block_1_53' title="bbox 1884 2243 3499 2319">
    <p class='ocr_par' dir='ltr' id='par_1_53' title="bbox 1884 2243 3499 2319">
     <span class='ocr_line' id='line_1_53' title="bbox 1884 2243 3499 2319; baseline -0.001 -13"><span class='ocrx_word' id='word_1_380' title='bbox 1884 2248 2042 2306; x_wconf 86' lang='lat' dir='ltr'>dum.</span> <span class='ocrx_word' id='word_1_381' title='bbox 2072 2246 2177 2302; x_wconf 87' lang='lat' dir='ltr'>Sed</span> <span class='ocrx_word' id='word_1_382' title='bbox 2207 2245 2326 2301; x_wconf 64' lang='lat' dir='ltr'>haec</span> <span class='ocrx_word' id='word_1_383' title='bbox 2358 2243 2568 2301; x_wconf 91' lang='lat' dir='ltr'>idcirco</span> <span class='ocrx_word' id='word_1_384' title='bbox 2588 2246 2949 2317; x_wconf 87' lang='lat' dir='ltr'>colliguntur,</span> <span class='ocrx_word' id='word_1_385' title='bbox 2974 2254 3034 2302; x_wconf 91' lang='lat' dir='ltr'>ut</span> <span class='ocrx_word' id='word_1_386' title='bbox 3056 2246 3269 2319; x_wconf 85' lang='lat' dir='ltr'>liquido</span> <span class='ocrx_word' id='word_1_387' title='bbox 3289 2248 3499 2306; x_wconf 89' lang='lat' dir='ltr'>indicet</span> 
     </span>
    </p>
   </div>
   <div class='ocr_carea' id='block_1_54' title="bbox 1885 2334 3496 2411">
    <p class='ocr_par' dir='ltr' id='par_1_54' title="bbox 1885 2334 3496 2411">
     <span class='ocr_line' id='line_1_54' title="bbox 1885 2334 3496 2411; baseline 0 -17"><span class='ocrx_word' id='word_1_388' title='bbox 1885 2337 2019 2409; x_wconf 82' lang='lat' dir='ltr'>quia</span> <span class='ocrx_word' id='word_1_389' title='bbox 2061 2334 2416 2407; x_wconf 86' lang='lat' dir='ltr'>omnipotens</span> <span class='ocrx_word' id='word_1_390' title='bbox 2460 2336 2625 2403; x_wconf 91' lang='lat' dir='ltr'>Deus,</span> <span class='ocrx_word' id='word_1_391' title='bbox 2675 2336 2723 2392; x_wconf 91' lang='lat' dir='ltr'>si</span> <span class='ocrx_word' id='word_1_392' title='bbox 2767 2352 2863 2408; x_wconf 90' lang='lat' dir='ltr'>per</span> <span class='ocrx_word' id='word_1_393' title='bbox 2904 2336 3261 2409; x_wconf 84' lang='lat' dir='ltr'>semetipsum</span> <span class='ocrx_word' id='word_1_394' title='bbox 3310 2354 3496 2411; x_wconf 82' lang='lat' dir='ltr'>regere</span> 
     </span>
    </p>
   </div>
   <div class='ocr_carea' id='block_1_55' title="bbox 1886 2424 3497 2500">
    <p class='ocr_par' dir='ltr' id='par_1_55' title="bbox 1886 2424 3497 2500">
     <span class='ocr_line' id='line_1_55' title="bbox 1886 2424 3497 2500; baseline -0.001 -16"><span class='ocrx_word' id='word_1_395' title='bbox 1886 2442 1999 2484; x_wconf 84' lang='lat' dir='ltr'>non</span> <span class='ocrx_word' id='word_1_396' title='bbox 2035 2425 2267 2498; x_wconf 84' lang='lat' dir='ltr'>negligit</span> <span class='ocrx_word' id='word_1_397' title='bbox 2294 2425 2441 2497; x_wconf 89' lang='lat' dir='ltr'>quod</span> <span class='ocrx_word' id='word_1_398' title='bbox 2471 2425 2700 2492; x_wconf 80' lang='lat' dir='ltr'>creavit,</span> <span class='ocrx_word' id='word_1_399' title='bbox 2731 2424 2879 2498; x_wconf 86' lang='lat' dir='ltr'>quod</span> <span class='ocrx_word' id='word_1_400' title='bbox 2907 2424 3047 2483; x_wconf 85' lang='lat' dir='ltr'>bene</span> <span class='ocrx_word' id='word_1_401' title='bbox 3076 2426 3287 2484; x_wconf 87' lang='lat' dir='ltr'>creavit</span> <span class='ocrx_word' id='word_1_402' title='bbox 3305 2429 3497 2500; x_wconf 82' lang='lat' dir='ltr'>utique</span> 
     </span>
    </p>
   </div>
   <div class='ocr_carea' id='block_1_56' title="bbox 1885 2512 3497 2588">
    <p class='ocr_par' dir='ltr' id='par_1_56' title="bbox 1885 2512 3497 2588">
     <span class='ocr_line' id='line_1_56' title="bbox 1885 2512 3497 2588; baseline -0.001 -15"><span class='ocrx_word' id='word_1_403' title='bbox 1885 2515 2028 2573; x_wconf 83' lang='lat' dir='ltr'>bene</span> <span class='ocrx_word' id='word_1_404' title='bbox 2058 2516 2219 2587; x_wconf 85' lang='lat' dir='ltr'>regit,</span> <span class='ocrx_word' id='word_1_405' title='bbox 2250 2514 2381 2587; x_wconf 85' lang='lat' dir='ltr'>quia</span> <span class='ocrx_word' id='word_1_406' title='bbox 2404 2512 2554 2586; x_wconf 90' lang='lat' dir='ltr'>quod</span> <span class='ocrx_word' id='word_1_407' title='bbox 2581 2515 2671 2585; x_wconf 90' lang='lat' dir='ltr'>pie</span> <span class='ocrx_word' id='word_1_408' title='bbox 2704 2514 2958 2572; x_wconf 87' lang='lat' dir='ltr'>condidit</span> <span class='ocrx_word' id='word_1_409' title='bbox 2986 2512 3158 2587; x_wconf 90' lang='lat' dir='ltr'>impie</span> <span class='ocrx_word' id='word_1_410' title='bbox 3185 2532 3297 2572; x_wconf 90' lang='lat' dir='ltr'>non</span> <span class='ocrx_word' id='word_1_411' title='bbox 3313 2515 3497 2588; x_wconf 89' lang='lat' dir='ltr'>dispo-</span> 
     </span>
    </p>
   </div>
   <div class='ocr_carea' id='block_1_57' title="bbox 1885 2604 3499 2679">
    <p class='ocr_par' dir='ltr' id='par_1_57' title="bbox 1885 2604 3499 2679">
     <span class='ocr_line' id='line_1_57' title="bbox 1885 2604 3499 2679; baseline -0.001 -15"><span class='ocrx_word' id='word_1_412' title='bbox 1885 2607 2001 2673; x_wconf 89' lang='lat' dir='ltr'>nit;</span> <span class='ocrx_word' id='word_1_413' title='bbox 2030 2614 2086 2663; x_wconf 91' lang='lat' dir='ltr'>et</span> <span class='ocrx_word' id='word_1_414' title='bbox 2111 2606 2207 2678; x_wconf 89' lang='lat' dir='ltr'>qui</span> <span class='ocrx_word' id='word_1_415' title='bbox 2234 2604 2471 2663; x_wconf 87' lang='lat' dir='ltr'>necdum</span> <span class='ocrx_word' id='word_1_416' title='bbox 2499 2605 2643 2662; x_wconf 83' lang='lat' dir='ltr'>facta</span> <span class='ocrx_word' id='word_1_417' title='bbox 2668 2605 2888 2663; x_wconf 86' lang='lat' dir='ltr'>curavit</span> <span class='ocrx_word' id='word_1_418' title='bbox 2910 2613 2974 2662; x_wconf 88' lang='lat' dir='ltr'>ut</span> <span class='ocrx_word' id='word_1_419' title='bbox 3002 2614 3338 2679; x_wconf 75' lang='lat' dir='ltr'>essent,quae</span> <span class='ocrx_word' id='word_1_420' title='bbox 3366 2614 3499 2664; x_wconf 87' lang='lat' dir='ltr'>sunt</span> 
     </span>
    </p>
   </div>
   <div class='ocr_carea' id='block_1_58' title="bbox 1885 2696 3495 2771">
    <p class='ocr_par' dir='ltr' id='par_1_58' title="bbox 1885 2696 3495 2771">
     <span class='ocr_line' id='line_1_58' title="bbox 1885 2696 3495 2771; baseline 0.001 -16"><span class='ocrx_word' id='word_1_421' title='bbox 1885 2698 2031 2756; x_wconf 81' lang='lat' dir='ltr'>facta</span> <span class='ocrx_word' id='word_1_422' title='bbox 2060 2713 2172 2755; x_wconf 90' lang='lat' dir='ltr'>non</span> <span class='ocrx_word' id='word_1_423' title='bbox 2203 2698 2425 2754; x_wconf 86' lang='lat' dir='ltr'>deserit.</span> <span class='ocrx_word' id='word_1_424' title='bbox 2454 2696 2596 2767; x_wconf 82' lang='lat' dir='ltr'>Quia</span> <span class='ocrx_word' id='word_1_425' title='bbox 2614 2713 2743 2769; x_wconf 87' lang='lat' dir='ltr'>ergo</span> <span class='ocrx_word' id='word_1_426' title='bbox 2766 2713 3006 2770; x_wconf 69' lang='lat' dir='ltr'>praesens</span> <span class='ocrx_word' id='word_1_427' title='bbox 3028 2705 3111 2753; x_wconf 90' lang='lat' dir='ltr'>est</span> <span class='ocrx_word' id='word_1_428' title='bbox 3139 2697 3197 2753; x_wconf 92' lang='lat' dir='ltr'>in</span> <span class='ocrx_word' id='word_1_429' title='bbox 3228 2698 3495 2771; x_wconf 80' lang='lat' dir='ltr'>regimine</span> 
     </span>
    </p>
   </div>
   <div class='ocr_carea' id='block_1_59' title="bbox 1885 2786 3492 2860">
    <p class='ocr_par' dir='ltr' id='par_1_59' title="bbox 1885 2786 3492 2860">
     <span class='ocr_line' id='line_1_59' title="bbox 1885 2786 3492 2860; baseline 0 -17"><span class='ocrx_word' id='word_1_430' title='bbox 1885 2788 1980 2860; x_wconf 88' lang='lat' dir='ltr'>qui</span> <span class='ocrx_word' id='word_1_431' title='bbox 2011 2796 2206 2845; x_wconf 83' lang='lat' dir='ltr'>auctor</span> <span class='ocrx_word' id='word_1_432' title='bbox 2244 2787 2464 2843; x_wconf 78' lang='lat' dir='ltr'>exstitit</span> <span class='ocrx_word' id='word_1_433' title='bbox 2491 2787 2551 2843; x_wconf 89' lang='lat' dir='ltr'>in</span> <span class='ocrx_word' id='word_1_434' title='bbox 2579 2787 2876 2857; x_wconf 86' lang='lat' dir='ltr'>creatione,</span> <span class='ocrx_word' id='word_1_435' title='bbox 2923 2786 3049 2844; x_wconf 89' lang='lat' dir='ltr'>ideo</span> <span class='ocrx_word' id='word_1_436' title='bbox 3091 2802 3282 2845; x_wconf 84' lang='lat' dir='ltr'>curam</span> <span class='ocrx_word' id='word_1_437' title='bbox 3310 2787 3492 2845; x_wconf 78' lang='lat' dir='ltr'>nostri</span> 
     </span>
    </p>
   </div>
   <div class='ocr_carea' id='block_1_60' title="bbox 1885 2875 3084 2948">
    <p class='ocr_par' dir='ltr' id='par_1_60' title="bbox 1885 2875 3084 2948">
     <span class='ocr_line' id='line_1_60' title="bbox 1885 2875 3084 2948; baseline 0 -15"><span class='ocrx_word' id='word_1_438' title='bbox 1885 2891 1999 2933; x_wconf 88' lang='lat' dir='ltr'>non</span> <span class='ocrx_word' id='word_1_439' title='bbox 2028 2876 2291 2947; x_wconf 76' lang='lat' dir='ltr'>praeterit.</span> <span class='ocrx_word' id='word_1_440' title='bbox 2336 2876 2491 2932; x_wconf 90' lang='lat' dir='ltr'>Unde</span> <span class='ocrx_word' id='word_1_441' title='bbox 2520 2884 2576 2931; x_wconf 92' lang='lat' dir='ltr'>et</span> <span class='ocrx_word' id='word_1_442' title='bbox 2604 2884 2729 2948; x_wconf 81' lang='lat' dir='ltr'>apte</span> <span class='ocrx_word' id='word_1_443' title='bbox 2758 2875 3045 2948; x_wconf 86' lang='lat' dir='ltr'>subjungit</span> <span class='ocrx_word' id='word_1_444' title='bbox 3072 2894 3084 2933; x_wconf 86' lang='lat'><strong>:</strong></span> 
     </span>
    </p>
   </div>
   <div class='ocr_carea' id='block_1_61' title="bbox 2484 2962 2910 3021">
    <p class='ocr_par' dir='ltr' id='par_1_61' title="bbox 2484 2962 2910 3021">
     <span class='ocr_line' id='line_1_61' title="bbox 2484 2962 2910 3021; baseline 0.002 -1"><span class='ocrx_word' id='word_1_445' title='bbox 2484 2962 2714 3020; x_wconf 79' lang='lat' dir='ltr'>CAPUT</span> <span class='ocrx_word' id='word_1_446' title='bbox 2754 2965 2910 3021; x_wconf 81' lang='lat' dir='ltr'><strong>XXI.</strong></span> 
     </span>
    </p>
   </div>
   <div class='ocr_carea' id='block_1_62' title="bbox 1958 3053 3497 3125">
    <p class='ocr_par' dir='ltr' id='par_1_62' title="bbox 1958 3053 3497 3125">
     <span class='ocr_line' id='line_1_62' title="bbox 1958 3053 3497 3125; baseline -0.002 -12"><span class='ocrx_word' id='word_1_447' title='bbox 1958 3056 2133 3117; x_wconf 74' lang='lat' dir='ltr'>Vsus.</span> <span class='ocrx_word' id='word_1_448' title='bbox 2169 3054 2393 3112; x_wconf 55' lang='lat' dir='ltr'>itu—Si</span> <span class='ocrx_word' id='word_1_449' title='bbox 2419 3053 2681 3109; x_wconf 63' lang='lat' dir='ltr'>diremerit</span> <span class='ocrx_word' id='word_1_450' title='bbox 2706 3055 2779 3110; x_wconf 87' lang='lat' dir='ltr'>ad</span> <span class='ocrx_word' id='word_1_451' title='bbox 2805 3069 2923 3109; x_wconf 85' lang='lat' dir='ltr'>eum</span> <span class='ocrx_word' id='word_1_452' title='bbox 2940 3069 3032 3109; x_wconf 88' lang='lat' dir='ltr'>cor</span> <span class='ocrx_word' id='word_1_453' title='bbox 3050 3069 3228 3119; x_wconf 68' lang='lat' dir='ltr'>mum,</span> <span class='ocrx_word' id='word_1_454' title='bbox 3240 3054 3497 3125; x_wconf 77' lang='lat' dir='ltr'>spiritum</span> 
     </span>
    </p>
   </div>
   <div class='ocr_carea' id='block_1_63' title="bbox 1883 3143 2720 3218">
    <p class='ocr_par' dir='ltr' id='par_1_63' title="bbox 1883 3143 2720 3218">
     <span class='ocr_line' id='line_1_63' title="bbox 1883 3143 2720 3218; baseline -0.005 -15"><span class='ocrx_word' id='word_1_455' title='bbox 1883 3146 2037 3203; x_wconf 80' lang='lat' dir='ltr'>illius</span> <span class='ocrx_word' id='word_1_456' title='bbox 2065 3153 2114 3202; x_wconf 91' lang='lat' dir='ltr'>et</span> <span class='ocrx_word' id='word_1_457' title='bbox 2138 3149 2328 3218; x_wconf 75' lang='lat' dir='ltr'>ﬂatum</span> <span class='ocrx_word' id='word_1_458' title='bbox 2354 3145 2430 3201; x_wconf 79' lang='lat' dir='ltr'>ad</span> <span class='ocrx_word' id='word_1_459' title='bbox 2450 3160 2503 3199; x_wconf 82' lang='lat' dir='ltr'>se</span> <span class='ocrx_word' id='word_1_460' title='bbox 2533 3143 2720 3200; x_wconf 79' lang='lat' dir='ltr'>trahet.</span> 
     </span>
    </p>
   </div>
   <div class='ocr_carea' id='block_1_64' title="bbox 169 3234 3495 3342">
    <p class='ocr_par' dir='ltr' id='par_1_64' title="bbox 169 3234 3495 3342">
     <span class='ocr_line' id='line_1_64' title="bbox 169 3234 3495 3342; baseline 0.005 -22"><span class='ocrx_word' id='word_1_461' title='bbox 169 3258 308 3321; x_wconf 74' lang='lat' dir='ltr'>beant</span> <span class='ocrx_word' id='word_1_462' title='bbox 349 3234 552 3339; x_wconf 49' lang='lat' dir='ltr'>(facie.</span> <span class='ocrx_word' id='word_1_463' title='bbox 600 3283 726 3336; x_wconf 84' lang='lat' dir='ltr'>vm,</span> <span class='ocrx_word' id='word_1_464' title='bbox 776 3264 887 3339; x_wconf 75' lang='grc'>14).</span> <span class='ocrx_word' id='word_1_465' title='bbox 933 3234 1091 3335; x_wconf 72' lang='lat' dir='ltr'>Quod</span> <span class='ocrx_word' id='word_1_466' title='bbox 1124 3234 1391 3324; x_wconf 77' lang='lat' dir='ltr'>nimirum</span> <span class='ocrx_word' id='word_1_467' title='bbox 1423 3234 1775 3342; x_wconf 71' lang='lat' dir='ltr'>omnipotens</span> <span class='ocrx_word' id='word_1_468' title='bbox 1809 3260 1855 3321; x_wconf 81' lang='grc' dir='ltr'>Ο</span> <span class='ocrx_word' id='word_1_469' title='bbox 1952 3242 2111 3342; x_wconf 51' lang='lat'>789</span> <span class='ocrx_word' id='word_1_470' title='bbox 2152 3238 2241 3342; x_wconf 47' lang='lat'>4?:</span> <span class='ocrx_word' id='word_1_471' title='bbox 2281 3234 2773 3342; x_wconf 43' lang='lat' dir='ltr'>_G_urva~h°minum</span> <span class='ocrx_word' id='word_1_472' title='bbox 2799 3234 2986 3301; x_wconf 62' lang='lat' dir='ltr'>corda’</span> <span class='ocrx_word' id='word_1_473' title='bbox 3018 3250 3147 3342; x_wconf 60' lang='lat' dir='ltr'>cum.</span> <span class='ocrx_word' id='word_1_474' title='bbox 3175 3235 3312 3304; x_wconf 44' lang='grc' dir='ltr'>πῖθ’</span> <span class='ocrx_word' id='word_1_475' title='bbox 3341 3234 3495 3342; x_wconf 39' lang='lat' dir='ltr'>“fe</span> 
     </span>
    </p>
   </div>
   <div class='ocr_carea' id='block_1_65' title="bbox 167 3346 1772 3430">
    <p class='ocr_par' dir='ltr' id='par_1_65' title="bbox 167 3346 1772 3430">
     <span class='ocr_line' id='line_1_65' title="bbox 167 3346 1772 3430; baseline 0.004 -21"><span class='ocrx_word' id='word_1_476' title='bbox 167 3346 301 3412; x_wconf 83' lang='lat' dir='ltr'>Deus</span> <span class='ocrx_word' id='word_1_477' title='bbox 330 3352 716 3413; x_wconf 83' lang='lat' dir='ltr'>inaestimabili</span> <span class='ocrx_word' id='word_1_478' title='bbox 750 3357 951 3429; x_wconf 88' lang='lat' dir='ltr'>pietate</span> <span class='ocrx_word' id='word_1_479' title='bbox 977 3356 1279 3429; x_wconf 87' lang='lat' dir='ltr'>dispensat,</span> <span class='ocrx_word' id='word_1_480' title='bbox 1312 3365 1374 3414; x_wconf 92' lang='lat' dir='ltr'>ut</span> <span class='ocrx_word' id='word_1_481' title='bbox 1404 3366 1457 3414; x_wconf 90' lang='lat' dir='ltr'>et</span> <span class='ocrx_word' id='word_1_482' title='bbox 1478 3357 1659 3430; x_wconf 88' lang='lat' dir='ltr'>jnstos</span> <span class='ocrx_word' id='word_1_483' title='bbox 1681 3358 1772 3416; x_wconf 89' lang='lat' dir='ltr'>ﬂa-</span> 
     </span>
    </p>
   </div>
   <div class='ocr_carea' id='block_1_66' title="bbox 169 3438 1772 3517">
    <p class='ocr_par' dir='ltr' id='par_1_66' title="bbox 169 3438 1772 3517">
     <span class='ocr_line' id='line_1_66' title="bbox 169 3438 1772 3517; baseline 0.003 -19"><span class='ocrx_word' id='word_1_484' title='bbox 169 3438 296 3513; x_wconf 82' lang='lat' dir='ltr'>gella</span> <span class='ocrx_word' id='word_1_485' title='bbox 323 3441 602 3512; x_wconf 79' lang='lat' dir='ltr'>cruciant,</span> <span class='ocrx_word' id='word_1_486' title='bbox 636 3458 703 3499; x_wconf 89' lang='lat' dir='ltr'>ne</span> <span class='ocrx_word' id='word_1_487' title='bbox 733 3459 897 3515; x_wconf 89' lang='lat' dir='ltr'>opera</span> <span class='ocrx_word' id='word_1_488' title='bbox 923 3445 1228 3511; x_wconf 88' lang='lat' dir='ltr'>extollant;</span> <span class='ocrx_word' id='word_1_489' title='bbox 1261 3453 1316 3501; x_wconf 91' lang='lat' dir='ltr'>et</span> <span class='ocrx_word' id='word_1_490' title='bbox 1344 3444 1540 3517; x_wconf 90' lang='lat' dir='ltr'>injusti</span> <span class='ocrx_word' id='word_1_491' title='bbox 1579 3448 1772 3503; x_wconf 87' lang='lat' dir='ltr'>saltem</span> 
     </span>
    </p>
   </div>
   <div class='ocr_carea' id='block_1_67' title="bbox 167 3530 1776 3608">
    <p class='ocr_par' dir='ltr' id='par_1_67' title="bbox 167 3530 1776 3608">
     <span class='ocr_line' id='line_1_67' title="bbox 167 3530 1776 3608; baseline 0.003 -21"><span class='ocrx_word' id='word_1_492' title='bbox 167 3532 276 3588; x_wconf 86' lang='lat' dir='ltr'>sine</span> <span class='ocrx_word' id='word_1_493' title='bbox 312 3550 475 3607; x_wconf 78' lang='lat' dir='ltr'>poena.</span> <span class='ocrx_word' id='word_1_494' title='bbox 523 3530 669 3590; x_wconf 86' lang='lat' dir='ltr'>hanc</span> <span class='ocrx_word' id='word_1_495' title='bbox 710 3532 882 3589; x_wconf 88' lang='lat' dir='ltr'>vitam</span> <span class='ocrx_word' id='word_1_496' title='bbox 916 3543 1196 3607; x_wconf 86' lang='lat' dir='ltr'>peragant,</span> <span class='ocrx_word' id='word_1_497' title='bbox 1244 3533 1373 3608; x_wconf 83' lang='lat' dir='ltr'>quia</span> <span class='ocrx_word' id='word_1_498' title='bbox 1400 3535 1469 3591; x_wconf 92' lang='lat' dir='ltr'>ad</span> <span class='ocrx_word' id='word_1_499' title='bbox 1501 3543 1776 3592; x_wconf 90' lang='lat' dir='ltr'>tormenta</span> 
     </span>
    </p>
   </div>
   <div class='ocr_carea' id='block_1_68' title="bbox 168 3618 1776 3698">
    <p class='ocr_par' dir='ltr' id='par_1_68' title="bbox 168 3618 1776 3698">
     <span class='ocr_line' id='line_1_68' title="bbox 168 3618 1776 3698; baseline 0.002 -20"><span class='ocrx_word' id='word_1_500' title='bbox 168 3637 279 3695; x_wconf 73' lang='lat' dir='ltr'>qua:</span> <span class='ocrx_word' id='word_1_501' title='bbox 306 3623 425 3679; x_wconf 87' lang='lat' dir='ltr'>sine</span> <span class='ocrx_word' id='word_1_502' title='bbox 450 3618 569 3679; x_wconf 81' lang='lat' dir='ltr'>ﬁne</span> <span class='ocrx_word' id='word_1_503' title='bbox 598 3628 726 3678; x_wconf 90' lang='lat' dir='ltr'>sunt</span> <span class='ocrx_word' id='word_1_504' title='bbox 758 3623 900 3679; x_wconf 89' lang='lat' dir='ltr'>male</span> <span class='ocrx_word' id='word_1_505' title='bbox 928 3624 1140 3695; x_wconf 90' lang='lat' dir='ltr'>agendo</span> <span class='ocrx_word' id='word_1_506' title='bbox 1173 3623 1614 3680; x_wconf 84' lang='lat' dir='ltr'>festinant.Nam</span> <span class='ocrx_word' id='word_1_507' title='bbox 1646 3622 1776 3698; x_wconf 89' lang='lat' dir='ltr'>quia</span> 
     </span>
    </p>
   </div>
   <div class='ocr_carea' id='block_1_69' title="bbox 168 3708 1795 3786">
    <p class='ocr_par' dir='ltr' id='par_1_69' title="bbox 168 3708 1795 3786">
     <span class='ocr_line' id='line_1_69' title="bbox 168 3708 1795 3786; baseline 0.004 -21"><span class='ocrx_word' id='word_1_508' title='bbox 168 3710 455 3786; x_wconf 76' lang='lat' dir='ltr'>aliquando</span> <span class='ocrx_word' id='word_1_509' title='bbox 480 3708 620 3784; x_wconf 86' lang='lat' dir='ltr'>justi</span> <span class='ocrx_word' id='word_1_510' title='bbox 644 3729 991 3786; x_wconf 88' lang='lat' dir='ltr'>nequaquam</span> <span class='ocrx_word' id='word_1_511' title='bbox 1017 3710 1182 3786; x_wconf 83' lang='lat' dir='ltr'>juxta</span> <span class='ocrx_word' id='word_1_512' title='bbox 1212 3730 1376 3786; x_wconf 89' lang='lat' dir='ltr'>opera</span> <span class='ocrx_word' id='word_1_513' title='bbox 1406 3713 1795 3786; x_wconf 73' lang='lat' dir='ltr'>ﬂagellantur,</span> 
     </span>
    </p>
   </div>
   <div class='ocr_carea' id='block_1_70' title="bbox 168 3795 1776 3878">
    <p class='ocr_par' dir='ltr' id='par_1_70' title="bbox 168 3795 1776 3878">
     <span class='ocr_line' id='line_1_70' title="bbox 168 3795 1776 3878; baseline 0.003 -21"><span class='ocrx_word' id='word_1_514' title='bbox 168 3795 264 3859; x_wconf 75' lang='lat' dir='ltr'>liac</span> <span class='ocrx_word' id='word_1_515' title='bbox 295 3800 409 3877; x_wconf 85' lang='lat' dir='ltr'>ipsa</span> <span class='ocrx_word' id='word_1_516' title='bbox 440 3800 679 3860; x_wconf 86' lang='lat' dir='ltr'>historia</span> <span class='ocrx_word' id='word_1_517' title='bbox 710 3820 871 3877; x_wconf 86' lang='lat' dir='ltr'>quam</span> <span class='ocrx_word' id='word_1_518' title='bbox 901 3811 1203 3860; x_wconf 81' lang='lat' dir='ltr'>tractamus</span> <span class='ocrx_word' id='word_1_519' title='bbox 1233 3803 1559 3860; x_wconf 82' lang='lat' dir='ltr'>ostenditur.</span> <span class='ocrx_word' id='word_1_520' title='bbox 1589 3805 1776 3878; x_wconf 85' lang='lat' dir='ltr'>Neque</span> 
     </span>
    </p>
   </div>
   <div class='ocr_carea' id='block_1_71' title="bbox 169 3888 1773 3966">
    <p class='ocr_par' dir='ltr' id='par_1_71' title="bbox 169 3888 1773 3966">
     <span class='ocr_line' id='line_1_71' title="bbox 169 3888 1773 3966; baseline 0.002 -21"><span class='ocrx_word' id='word_1_521' title='bbox 169 3890 306 3947; x_wconf 88' lang='lat' dir='ltr'>enim</span> <span class='ocrx_word' id='word_1_522' title='bbox 340 3890 488 3949; x_wconf 87' lang='lat' dir='ltr'>idem</span> <span class='ocrx_word' id='word_1_523' title='bbox 538 3893 735 3949; x_wconf 88' lang='lat' dir='ltr'>beatus</span> <span class='ocrx_word' id='word_1_524' title='bbox 777 3888 878 3949; x_wconf 88' lang='lat' dir='ltr'>Job</span> <span class='ocrx_word' id='word_1_525' title='bbox 913 3909 1012 3965; x_wconf 91' lang='lat' dir='ltr'>pro</span> <span class='ocrx_word' id='word_1_526' title='bbox 1051 3892 1212 3965; x_wconf 86' lang='lat' dir='ltr'>culpa</span> <span class='ocrx_word' id='word_1_527' title='bbox 1244 3893 1423 3949; x_wconf 81' lang='lat' dir='ltr'>fuerat</span> <span class='ocrx_word' id='word_1_528' title='bbox 1450 3890 1773 3966; x_wconf 81' lang='lat' dir='ltr'>ﬂagellatus,</span> 
     </span>
    </p>
   </div>
   <div class='ocr_carea' id='block_1_72' title="bbox 171 3974 1777 4055">
    <p class='ocr_par' dir='ltr' id='par_1_72' title="bbox 171 3974 1777 4055">
     <span class='ocr_line' id='line_1_72' title="bbox 171 3974 1777 4055; baseline 0.002 -19"><span class='ocrx_word' id='word_1_529' title='bbox 171 3974 257 4053; x_wconf 85' lang='lat' dir='ltr'>qui</span> <span class='ocrx_word' id='word_1_530' title='bbox 278 3988 403 4039; x_wconf 84' lang='lat' dir='ltr'>ante</span> <span class='ocrx_word' id='word_1_531' title='bbox 434 3977 639 4054; x_wconf 86' lang='lat' dir='ltr'>ﬂagelli</span> <span class='ocrx_word' id='word_1_532' title='bbox 671 3981 959 4038; x_wconf 87' lang='lat' dir='ltr'>stimulum</span> <span class='ocrx_word' id='word_1_533' title='bbox 994 3982 1113 4054; x_wconf 90' lang='lat' dir='ltr'>ipso</span> <span class='ocrx_word' id='word_1_534' title='bbox 1136 3981 1327 4055; x_wconf 90' lang='lat' dir='ltr'>judice</span> <span class='ocrx_word' id='word_1_535' title='bbox 1349 3991 1643 4039; x_wconf 87' lang='lat' dir='ltr'>attestante</span> <span class='ocrx_word' id='word_1_536' title='bbox 1664 3983 1777 4040; x_wconf 87' lang='lat' dir='ltr'>lau-</span> 
     </span>
    </p>
   </div>
   <div class='ocr_carea' id='block_1_73' title="bbox 169 4064 1779 4144">
    <p class='ocr_par' dir='ltr' id='par_1_73' title="bbox 169 4064 1779 4144">
     <span class='ocr_line' id='line_1_73' title="bbox 169 4064 1779 4144; baseline 0.003 -19"><span class='ocrx_word' id='word_1_537' title='bbox 169 4064 323 4127; x_wconf 86' lang='lat' dir='ltr'>datus</span> <span class='ocrx_word' id='word_1_538' title='bbox 347 4079 446 4128; x_wconf 88' lang='lat' dir='ltr'>est.</span> <span class='ocrx_word' id='word_1_539' title='bbox 474 4067 681 4127; x_wconf 78' lang='lat' dir='ltr'>Verius</span> <span class='ocrx_word' id='word_1_540' title='bbox 708 4086 838 4144; x_wconf 83' lang='lat' dir='ltr'>ergo</span> <span class='ocrx_word' id='word_1_541' title='bbox 864 4068 993 4127; x_wconf 86' lang='lat' dir='ltr'>Elin</span> <span class='ocrx_word' id='word_1_542' title='bbox 1020 4071 1249 4140; x_wconf 88' lang='lat' dir='ltr'>diceret,</span> <span class='ocrx_word' id='word_1_543' title='bbox 1277 4072 1322 4129; x_wconf 87' lang='lat' dir='ltr'>si</span> <span class='ocrx_word' id='word_1_544' title='bbox 1345 4072 1577 4129; x_wconf 84' lang='lat' dir='ltr'>dixisset</span> <span class='ocrx_word' id='word_1_545' title='bbox 1601 4091 1613 4130; x_wconf 88' lang='lat'><strong>:</strong></span> <span class='ocrx_word' id='word_1_546' title='bbox 1637 4070 1779 4141; x_wconf 87' lang='lat' dir='ltr'>Quia</span> 
     </span>
    </p>
   </div>
   <div class='ocr_carea' id='block_1_74' title="bbox 170 4154 1776 4237">
    <p class='ocr_par' dir='ltr' id='par_1_74' title="bbox 170 4154 1776 4237">
     <span class='ocr_line' id='line_1_74' title="bbox 170 4154 1776 4237; baseline 0.004 -23"><span class='ocrx_word' id='word_1_547' title='bbox 170 4154 224 4214; x_wconf 89' lang='lat' dir='ltr'>in</span> <span class='ocrx_word' id='word_1_548' title='bbox 252 4161 632 4235; x_wconf 88' lang='lat' dir='ltr'>omnipotente</span> <span class='ocrx_word' id='word_1_549' title='bbox 663 4160 777 4218; x_wconf 89' lang='lat' dir='ltr'>Deo</span> <span class='ocrx_word' id='word_1_550' title='bbox 798 4159 1052 4235; x_wconf 87' lang='lat' dir='ltr'>impietas</span> <span class='ocrx_word' id='word_1_551' title='bbox 1073 4168 1237 4236; x_wconf 88' lang='lat' dir='ltr'>atque</span> <span class='ocrx_word' id='word_1_552' title='bbox 1260 4163 1528 4237; x_wconf 87' lang='lat' dir='ltr'>iniquitas</span> <span class='ocrx_word' id='word_1_553' title='bbox 1545 4180 1657 4222; x_wconf 91' lang='lat' dir='ltr'>non</span> <span class='ocrx_word' id='word_1_554' title='bbox 1673 4174 1776 4235; x_wconf 86' lang='lat' dir='ltr'>est,</span> 
     </span>
    </p>
   </div>
   <div class='ocr_carea' id='block_1_75' title="bbox 169 4244 1778 4325">
    <p class='ocr_par' dir='ltr' id='par_1_75' title="bbox 169 4244 1778 4325">
     <span class='ocr_line' id='line_1_75' title="bbox 169 4244 1778 4325; baseline 0.003 -21"><span class='ocrx_word' id='word_1_555' title='bbox 169 4244 324 4305; x_wconf 88' lang='lat' dir='ltr'>etiam</span> <span class='ocrx_word' id='word_1_556' title='bbox 355 4264 481 4307; x_wconf 89' lang='lat' dir='ltr'>cum</span> <span class='ocrx_word' id='word_1_557' title='bbox 528 4248 694 4324; x_wconf 86' lang='lat' dir='ltr'>juxta</span> <span class='ocrx_word' id='word_1_558' title='bbox 736 4251 854 4307; x_wconf 87' lang='lat' dir='ltr'>vias</span> <span class='ocrx_word' id='word_1_559' title='bbox 885 4252 1135 4325; x_wconf 89' lang='lat' dir='ltr'>proprias</span> <span class='ocrx_word' id='word_1_560' title='bbox 1183 4251 1505 4309; x_wconf 87' lang='lat' dir='ltr'>hominibus</span> <span class='ocrx_word' id='word_1_561' title='bbox 1552 4252 1778 4309; x_wconf 89' lang='lat' dir='ltr'>reddere</span> 
     </span>
    </p>
   </div>
   <div class='ocr_carea' id='block_1_76' title="bbox 172 4340 1776 4415">
    <p class='ocr_par' dir='ltr' id='par_1_76' title="bbox 172 4340 1776 4415">
     <span class='ocr_line' id='line_1_76' title="bbox 172 4340 1776 4415; baseline 0.004 -22"><span class='ocrx_word' id='word_1_562' title='bbox 172 4350 277 4394; x_wconf 88' lang='lat' dir='ltr'>non</span> <span class='ocrx_word' id='word_1_563' title='bbox 315 4340 562 4397; x_wconf 86' lang='lat' dir='ltr'>videtur.</span> <span class='ocrx_word' id='word_1_564' title='bbox 597 4340 734 4397; x_wconf 84' lang='lat' dir='ltr'>Nam</span> <span class='ocrx_word' id='word_1_565' title='bbox 767 4348 821 4398; x_wconf 86' lang='lat' dir='ltr'>et</span> <span class='ocrx_word' id='word_1_566' title='bbox 850 4342 997 4415; x_wconf 90' lang='lat' dir='ltr'>quod</span> <span class='ocrx_word' id='word_1_567' title='bbox 1026 4359 1058 4397; x_wconf 89' lang='lat' dir='ltr'>a</span> <span class='ocrx_word' id='word_1_568' title='bbox 1086 4342 1249 4399; x_wconf 89' lang='lat' dir='ltr'>nobis</span> <span class='ocrx_word' id='word_1_569' title='bbox 1278 4360 1391 4400; x_wconf 92' lang='lat' dir='ltr'>non</span> <span class='ocrx_word' id='word_1_570' title='bbox 1423 4343 1776 4415; x_wconf 87' lang='lat' dir='ltr'>intelligitur,</span> 
     </span>
    </p>
   </div>
   <div class='ocr_carea' id='block_1_77' title="bbox 170 4426 1780 4505">
    <p class='ocr_par' dir='ltr' id='par_1_77' title="bbox 170 4426 1780 4505">
     <span class='ocr_line' id='line_1_77' title="bbox 170 4426 1780 4505; baseline 0.004 -23"><span class='ocrx_word' id='word_1_571' title='bbox 170 4439 235 4483; x_wconf 81' lang='lat' dir='ltr'>ex</span> <span class='ocrx_word' id='word_1_572' title='bbox 265 4427 469 4487; x_wconf 86' lang='lat' dir='ltr'>occulti</span> <span class='ocrx_word' id='word_1_573' title='bbox 498 4426 703 4505; x_wconf 84' lang='lat' dir='ltr'>judicii</span> <span class='ocrx_word' id='word_1_574' title='bbox 732 4444 844 4486; x_wconf 90' lang='lat' dir='ltr'>non</span> <span class='ocrx_word' id='word_1_575' title='bbox 876 4428 1084 4504; x_wconf 87' lang='lat' dir='ltr'>injusta</span> <span class='ocrx_word' id='word_1_576' title='bbox 1114 4430 1268 4489; x_wconf 90' lang='lat' dir='ltr'>lance</span> <span class='ocrx_word' id='word_1_577' title='bbox 1300 4432 1598 4505; x_wconf 88' lang='lat' dir='ltr'>profertur.</span> <span class='ocrx_word' id='word_1_578' title='bbox 1639 4430 1780 4501; x_wconf 89' lang='lat' dir='ltr'>Quia</span> 
     </span>
    </p>
   </div>
   <div class='ocr_carea' id='block_1_78' title="bbox 169 4518 1782 4595">
    <p class='ocr_par' dir='ltr' id='par_1_78' title="bbox 169 4518 1782 4595">
     <span class='ocr_line' id='line_1_78' title="bbox 169 4518 1782 4595; baseline 0.003 -23"><span class='ocrx_word' id='word_1_579' title='bbox 169 4532 292 4576; x_wconf 87' lang='lat' dir='ltr'>vero</span> <span class='ocrx_word' id='word_1_580' title='bbox 344 4518 736 4594; x_wconf 64' lang='lat' dir='ltr'>pradicatores</span> <span class='ocrx_word' id='word_1_581' title='bbox 791 4530 1127 4595; x_wconf 84' lang='lat' dir='ltr'>arrogantes,</span> <span class='ocrx_word' id='word_1_582' title='bbox 1186 4520 1317 4578; x_wconf 90' lang='lat' dir='ltr'>dum</span> <span class='ocrx_word' id='word_1_583' title='bbox 1368 4525 1542 4579; x_wconf 90' lang='lat' dir='ltr'>multa</span> <span class='ocrx_word' id='word_1_584' title='bbox 1595 4519 1782 4579; x_wconf 89' lang='lat' dir='ltr'>inania</span> 
     </span>
    </p>
   </div>
   <div class='ocr_carea' id='block_1_79' title="bbox 1880 3333 3491 3409">
    <p class='ocr_par' dir='ltr' id='par_1_79' title="bbox 1880 3333 3491 3409">
     <span class='ocr_line' id='line_1_79' title="bbox 1880 3333 3491 3409; baseline -0.001 -17"><span class='ocrx_word' id='word_1_585' title='bbox 1880 3338 2149 3409; x_wconf 75' lang='lat' dir='ltr'>erigenda,</span> <span class='ocrx_word' id='word_1_586' title='bbox 2180 3333 2711 3406; x_wconf 79' lang='lat' dir='ltr'>dirigit.—Curvum</span> <span class='ocrx_word' id='word_1_587' title='bbox 2744 3349 2839 3391; x_wconf 92' lang='lat' dir='ltr'>cor</span> <span class='ocrx_word' id='word_1_588' title='bbox 2866 3341 2949 3389; x_wconf 88' lang='lat' dir='ltr'>est</span> <span class='ocrx_word' id='word_1_589' title='bbox 2975 3350 3100 3390; x_wconf 89' lang='lat' dir='ltr'>cum</span> <span class='ocrx_word' id='word_1_590' title='bbox 3133 3334 3245 3391; x_wconf 86' lang='lat' dir='ltr'>ima</span> <span class='ocrx_word' id='word_1_591' title='bbox 3265 3335 3491 3405; x_wconf 85' lang='lat' dir='ltr'>appetit,</span> 
     </span>
    </p>
   </div>
   <div class='ocr_carea' id='block_1_80' title="bbox 1856 3422 3494 3499">
    <p class='ocr_par' dir='ltr' id='par_1_80' title="bbox 1856 3422 3494 3499">
     <span class='ocr_line' id='line_1_80' title="bbox 1856 3422 3494 3499; baseline -0.002 -16"><span class='ocrx_word' id='word_1_592' title='bbox 1856 3427 2148 3499; x_wconf 84' lang='lat' dir='ltr'>.dirigitur</span> <span class='ocrx_word' id='word_1_593' title='bbox 2173 3442 2299 3482; x_wconf 91' lang='lat' dir='ltr'>cum</span> <span class='ocrx_word' id='word_1_594' title='bbox 2333 3423 2401 3480; x_wconf 83' lang='lat' dir='ltr'>ad</span> <span class='ocrx_word' id='word_1_595' title='bbox 2431 3439 2669 3497; x_wconf 84' lang='lat' dir='ltr'>superna</span> <span class='ocrx_word' id='word_1_596' title='bbox 2697 3422 3039 3481; x_wconf 84' lang='lat' dir='ltr'>sublevatur.</span> <span class='ocrx_word' id='word_1_597' title='bbox 3078 3422 3136 3482; x_wconf 91' lang='lat' dir='ltr'>Si</span> <span class='ocrx_word' id='word_1_598' title='bbox 3165 3438 3294 3495; x_wconf 81' lang='lat' dir='ltr'>ergo</span> <span class='ocrx_word' id='word_1_599' title='bbox 3327 3422 3494 3481; x_wconf 84' lang='lat' dir='ltr'>homo</span> 
     </span>
    </p>
   </div>
   <div class='ocr_carea' id='block_1_81' title="bbox 1882 3512 3495 3588">
    <p class='ocr_par' dir='ltr' id='par_1_81' title="bbox 1882 3512 3495 3588">
     <span class='ocr_line' id='line_1_81' title="bbox 1882 3512 3495 3588; baseline -0.002 -11"><span class='ocrx_word' id='word_1_600' title='bbox 1882 3533 1983 3578; x_wconf 83' lang='lat' dir='ltr'>cor</span> <span class='ocrx_word' id='word_1_601' title='bbox 2010 3534 2177 3575; x_wconf 89' lang='lat' dir='ltr'>suum</span> <span class='ocrx_word' id='word_1_602' title='bbox 2217 3516 2287 3573; x_wconf 84' lang='lat' dir='ltr'>ad</span> <span class='ocrx_word' id='word_1_603' title='bbox 2334 3512 2636 3573; x_wconf 90' lang='lat' dir='ltr'>Dominum</span> <span class='ocrx_word' id='word_1_604' title='bbox 2679 3513 2895 3588; x_wconf 87' lang='lat' dir='ltr'>dirigit,</span> <span class='ocrx_word' id='word_1_605' title='bbox 2926 3514 3187 3585; x_wconf 88' lang='lat' dir='ltr'>spiritum</span> <span class='ocrx_word' id='word_1_606' title='bbox 3215 3522 3267 3572; x_wconf 91' lang='lat' dir='ltr'>et</span> <span class='ocrx_word' id='word_1_607' title='bbox 3301 3514 3495 3575; x_wconf 74' lang='lat' dir='ltr'>ﬂatum</span> 
     </span>
    </p>
   </div>
   <div class='ocr_carea' id='block_1_82' title="bbox 1885 3602 3539 3675">
    <p class='ocr_par' dir='ltr' id='par_1_82' title="bbox 1885 3602 3539 3675">
     <span class='ocr_line' id='line_1_82' title="bbox 1885 3602 3539 3675; baseline -0.004 -10"><span class='ocrx_word' id='word_1_608' title='bbox 1885 3609 2042 3665; x_wconf 86' lang='lat' dir='ltr'>illius</span> <span class='ocrx_word' id='word_1_609' title='bbox 2074 3607 2346 3664; x_wconf 87' lang='lat' dir='ltr'>Dominus</span> <span class='ocrx_word' id='word_1_610' title='bbox 2377 3604 2445 3662; x_wconf 90' lang='lat' dir='ltr'>ad</span> <span class='ocrx_word' id='word_1_611' title='bbox 2478 3621 2537 3662; x_wconf 88' lang='lat' dir='ltr'>se</span> <span class='ocrx_word' id='word_1_612' title='bbox 2576 3603 2767 3663; x_wconf 84' lang='lat' dir='ltr'>trahit.</span> <span class='ocrx_word' id='word_1_613' title='bbox 2802 3603 3073 3675; x_wconf 88' lang='lat' dir='ltr'>Spiritum</span> <span class='ocrx_word' id='word_1_614' title='bbox 3105 3602 3367 3660; x_wconf 81' lang='lat' dir='ltr'>videlicet</span> <span class='ocrx_word' id='word_1_615' title='bbox 3398 3620 3495 3674; x_wconf 79' lang='lat' dir='ltr'>pro</span> <span class='ocrx_word' id='word_1_616' title='bbox 3532 3652 3539 3659; x_wconf 83' lang='lat'><strong><em>,</em></strong></span> 
     </span>
    </p>
   </div>
   <div class='ocr_carea' id='block_1_83' title="bbox 1885 3691 3495 3769">
    <p class='ocr_par' dir='ltr' id='par_1_83' title="bbox 1885 3691 3495 3769">
     <span class='ocr_line' id='line_1_83' title="bbox 1885 3691 3495 3769; baseline -0.004 -14"><span class='ocrx_word' id='word_1_617' title='bbox 1885 3698 2126 3755; x_wconf 88' lang='lat' dir='ltr'>internis</span> <span class='ocrx_word' id='word_1_618' title='bbox 2155 3694 2610 3769; x_wconf 84' lang='lat' dir='ltr'>cogitationibus,</span> <span class='ocrx_word' id='word_1_619' title='bbox 2658 3693 2852 3750; x_wconf 86' lang='lat' dir='ltr'>ﬂatum</span> <span class='ocrx_word' id='word_1_620' title='bbox 2885 3707 3017 3748; x_wconf 83' lang='lat' dir='ltr'>vero</span> <span class='ocrx_word' id='word_1_621' title='bbox 3046 3691 3140 3764; x_wconf 87' lang='lat' dir='ltr'>qui</span> <span class='ocrx_word' id='word_1_622' title='bbox 3173 3708 3269 3763; x_wconf 90' lang='lat' dir='ltr'>per</span> <span class='ocrx_word' id='word_1_623' title='bbox 3294 3704 3495 3765; x_wconf 86' lang='lat' dir='ltr'>corpus</span> 
     </span>
    </p>
   </div>
   <div class='ocr_carea' id='block_1_84' title="bbox 1885 3780 3494 3859">
    <p class='ocr_par' dir='ltr' id='par_1_84' title="bbox 1885 3780 3494 3859">
     <span class='ocr_line' id='line_1_84' title="bbox 1885 3780 3494 3859; baseline -0.005 -15"><span class='ocrx_word' id='word_1_624' title='bbox 1885 3788 2150 3854; x_wconf 80' lang='lat' dir='ltr'>trahitur,</span> <span class='ocrx_word' id='word_1_625' title='bbox 2185 3789 2208 3825; x_wconf 79' lang='grc'><strong>⁴</strong></span> <span class='ocrx_word' id='word_1_626' title='bbox 2255 3803 2356 3859; x_wconf 89' lang='lat' dir='ltr'>pro</span> <span class='ocrx_word' id='word_1_627' title='bbox 2393 3784 2640 3843; x_wconf 74' lang='lat' dir='ltr'>externis</span> <span class='ocrx_word' id='word_1_628' title='bbox 2668 3782 2980 3840; x_wconf 88' lang='lat' dir='ltr'>actionibus</span> <span class='ocrx_word' id='word_1_629' title='bbox 3010 3780 3185 3853; x_wconf 89' lang='lat' dir='ltr'>ponit.</span> <span class='ocrx_word' id='word_1_630' title='bbox 3221 3782 3334 3838; x_wconf 89' lang='lat' dir='ltr'>Deo</span> <span class='ocrx_word' id='word_1_631' title='bbox 3364 3797 3494 3853; x_wconf 83' lang='lat' dir='ltr'>ergo</span> 
     </span>
    </p>
   </div>
   <div class='ocr_carea' id='block_1_85' title="bbox 1886 3872 3493 3953">
    <p class='ocr_par' dir='ltr' id='par_1_85' title="bbox 1886 3872 3493 3953">
     <span class='ocr_line' id='line_1_85' title="bbox 1886 3872 3493 3953; baseline -0.003 -17"><span class='ocrx_word' id='word_1_632' title='bbox 1886 3880 2147 3953; x_wconf 85' lang='lat' dir='ltr'>spiritum</span> <span class='ocrx_word' id='word_1_633' title='bbox 2176 3877 2424 3933; x_wconf 87' lang='lat' dir='ltr'>hominis</span> <span class='ocrx_word' id='word_1_634' title='bbox 2446 3884 2501 3932; x_wconf 88' lang='lat' dir='ltr'>et</span> <span class='ocrx_word' id='word_1_635' title='bbox 2528 3875 2719 3931; x_wconf 78' lang='lat' dir='ltr'>ﬂatum</span> <span class='ocrx_word' id='word_1_636' title='bbox 2748 3891 2782 3931; x_wconf 68' lang='grc' dir='ltr'><strong><em>ι</em></strong></span> <span class='ocrx_word' id='word_1_637' title='bbox 2810 3888 2867 3929; x_wconf 86' lang='lat' dir='ltr'>se</span> <span class='ocrx_word' id='word_1_638' title='bbox 2895 3872 3114 3931; x_wconf 78' lang='lat' dir='ltr'>trahere</span> <span class='ocrx_word' id='word_1_639' title='bbox 3142 3880 3226 3930; x_wconf 84' lang='lat' dir='ltr'>est</span> <span class='ocrx_word' id='word_1_640' title='bbox 3251 3873 3321 3932; x_wconf 78' lang='lat' dir='ltr'>ad</span> <span class='ocrx_word' id='word_1_641' title='bbox 3349 3890 3493 3931; x_wconf 70' lang='lat' dir='ltr'>con-</span> 
     </span>
    </p>
   </div>
   <div class='ocr_carea' id='block_1_86' title="bbox 1886 3963 3496 4025">
    <p class='ocr_par' dir='ltr' id='par_1_86' title="bbox 1886 3963 3496 4025">
     <span class='ocr_line' id='line_1_86' title="bbox 1886 3963 3496 4025; baseline -0.005 0"><span class='ocrx_word' id='word_1_642' title='bbox 1886 3971 2200 4025; x_wconf 86' lang='lat' dir='ltr'>versionem</span> <span class='ocrx_word' id='word_1_643' title='bbox 2247 3967 2334 4023; x_wconf 81' lang='lat' dir='ltr'>sui</span> <span class='ocrx_word' id='word_1_644' title='bbox 2363 3964 2625 4022; x_wconf 85' lang='lat' dir='ltr'>desiderii</span> <span class='ocrx_word' id='word_1_645' title='bbox 2657 3972 2713 4020; x_wconf 86' lang='lat' dir='ltr'>et</span> <span class='ocrx_word' id='word_1_646' title='bbox 2740 3963 3006 4019; x_wconf 83' lang='lat' dir='ltr'>interiora</span> <span class='ocrx_word' id='word_1_647' title='bbox 3035 3968 3223 4019; x_wconf 74' lang='lat' dir='ltr'>nostra</span> <span class='ocrx_word' id='word_1_648' title='bbox 3248 3969 3305 4019; x_wconf 79' lang='lat' dir='ltr'>et</span> <span class='ocrx_word' id='word_1_649' title='bbox 3329 3968 3496 4019; x_wconf 73' lang='lat' dir='ltr'>exte-</span> 
     </span>
    </p>
   </div>
   <div class='ocr_carea' id='block_1_87' title="bbox 1886 4050 3490 4123">
    <p class='ocr_par' dir='ltr' id='par_1_87' title="bbox 1886 4050 3490 4123">
     <span class='ocr_line' id='line_1_87' title="bbox 1886 4050 3490 4123; baseline -0.005 -6"><span class='ocrx_word' id='word_1_650' title='bbox 1886 4061 2035 4117; x_wconf 81' lang='lat' dir='ltr'>riora</span> <span class='ocrx_word' id='word_1_651' title='bbox 2063 4064 2428 4122; x_wconf 80' lang='lat' dir='ltr'>commutere,</span> <span class='ocrx_word' id='word_1_652' title='bbox 2449 4062 2514 4110; x_wconf 88' lang='lat' dir='ltr'>ut</span> <span class='ocrx_word' id='word_1_653' title='bbox 2539 4052 2685 4109; x_wconf 88' lang='lat' dir='ltr'>nihil</span> <span class='ocrx_word' id='word_1_654' title='bbox 2707 4052 2822 4123; x_wconf 84' lang='lat' dir='ltr'>jam</span> <span class='ocrx_word' id='word_1_655' title='bbox 2844 4050 3016 4106; x_wconf 90' lang='lat' dir='ltr'>menti</span> <span class='ocrx_word' id='word_1_656' title='bbox 3038 4051 3284 4107; x_wconf 80' lang='lat' dir='ltr'>exterius</span> <span class='ocrx_word' id='word_1_657' title='bbox 3300 4050 3490 4121; x_wconf 84' lang='lat' dir='ltr'>libeat,</span> 
     </span>
    </p>
   </div>
   <div class='ocr_carea' id='block_1_88' title="bbox 1888 4138 3490 4213">
    <p class='ocr_par' dir='ltr' id='par_1_88' title="bbox 1888 4138 3490 4213">
     <span class='ocr_line' id='line_1_88' title="bbox 1888 4138 3490 4213; baseline -0.005 -8"><span class='ocrx_word' id='word_1_658' title='bbox 1888 4147 2033 4206; x_wconf 90' lang='lat' dir='ltr'>nihil</span> <span class='ocrx_word' id='word_1_659' title='bbox 2077 4162 2206 4204; x_wconf 81' lang='lat' dir='ltr'>caro</span> <span class='ocrx_word' id='word_1_660' title='bbox 2246 4143 2504 4211; x_wconf 85' lang='lat' dir='ltr'>inferius,</span> <span class='ocrx_word' id='word_1_661' title='bbox 2536 4142 2618 4199; x_wconf 86' lang='lat' dir='ltr'>vel</span> <span class='ocrx_word' id='word_1_662' title='bbox 2645 4142 2693 4198; x_wconf 85' lang='lat' dir='ltr'>si</span> <span class='ocrx_word' id='word_1_663' title='bbox 2712 4139 2941 4213; x_wconf 86' lang='lat' dir='ltr'>appetit,</span> <span class='ocrx_word' id='word_1_664' title='bbox 2964 4138 3197 4211; x_wconf 80' lang='lat' dir='ltr'>adipisci</span> <span class='ocrx_word' id='word_1_665' title='bbox 3227 4147 3490 4208; x_wconf 89' lang='lat' dir='ltr'>conetur;</span> 
     </span>
    </p>
   </div>
   <div class='ocr_carea' id='block_1_89' title="bbox 1885 4230 3495 4308">
    <p class='ocr_par' dir='ltr' id='par_1_89' title="bbox 1885 4230 3495 4308">
     <span class='ocr_line' id='line_1_89' title="bbox 1885 4230 3495 4308; baseline -0.007 -11"><span class='ocrx_word' id='word_1_666' title='bbox 1885 4237 1983 4297; x_wconf 86' lang='lat' dir='ltr'>sed</span> <span class='ocrx_word' id='word_1_667' title='bbox 2010 4251 2175 4294; x_wconf 87' lang='lat' dir='ltr'>omne</span> <span class='ocrx_word' id='word_1_668' title='bbox 2200 4232 2349 4308; x_wconf 89' lang='lat' dir='ltr'>quod</span> <span class='ocrx_word' id='word_1_669' title='bbox 2381 4234 2549 4289; x_wconf 90' lang='lat' dir='ltr'>homo</span> <span class='ocrx_word' id='word_1_670' title='bbox 2575 4241 2658 4289; x_wconf 87' lang='lat' dir='ltr'>est</span> <span class='ocrx_word' id='word_1_671' title='bbox 2685 4231 2755 4289; x_wconf 82' lang='lat' dir='ltr'>ad</span> <span class='ocrx_word' id='word_1_672' title='bbox 2776 4247 2903 4289; x_wconf 88' lang='lat' dir='ltr'>eum</span> <span class='ocrx_word' id='word_1_673' title='bbox 2926 4230 3190 4289; x_wconf 87' lang='lat' dir='ltr'>videlicet</span> <span class='ocrx_word' id='word_1_674' title='bbox 3217 4248 3249 4290; x_wconf 75' lang='grc' dir='ltr'>ι</span> <span class='ocrx_word' id='word_1_675' title='bbox 3276 4247 3386 4304; x_wconf 89' lang='lat' dir='ltr'>quo</span> <span class='ocrx_word' id='word_1_676' title='bbox 3411 4238 3495 4291; x_wconf 83' lang='lat' dir='ltr'>est</span> 
     </span>
    </p>
   </div>
   <div class='ocr_carea' id='block_1_90' title="bbox 1889 4322 3493 4392">
    <p class='ocr_par' dir='ltr' id='par_1_90' title="bbox 1889 4322 3493 4392">
     <span class='ocr_line' id='line_1_90' title="bbox 1889 4322 3493 4392; baseline -0.004 -5"><span class='ocrx_word' id='word_1_677' title='bbox 1889 4338 1944 4387; x_wconf 81' lang='lat' dir='ltr'>et</span> <span class='ocrx_word' id='word_1_678' title='bbox 1973 4330 2208 4387; x_wconf 82' lang='lat' dir='ltr'>interius</span> <span class='ocrx_word' id='word_1_679' title='bbox 2237 4325 2600 4383; x_wconf 83' lang='lat' dir='ltr'>desiderando</span> <span class='ocrx_word' id='word_1_680' title='bbox 2629 4325 2859 4392; x_wconf 81' lang='lat' dir='ltr'>ferveat,</span> <span class='ocrx_word' id='word_1_681' title='bbox 2890 4330 2947 4381; x_wconf 85' lang='lat' dir='ltr'>et</span> <span class='ocrx_word' id='word_1_682' title='bbox 2992 4323 3237 4381; x_wconf 82' lang='lat' dir='ltr'>exterius</span> <span class='ocrx_word' id='word_1_683' title='bbox 3263 4330 3322 4381; x_wconf 81' lang='lat' dir='ltr'>se</span> <span class='ocrx_word' id='word_1_684' title='bbox 3348 4322 3493 4381; x_wconf 80' lang='lat' dir='ltr'>odo-</span> 
     </span>
    </p>
   </div>
   <div class='ocr_carea' id='block_1_91' title="bbox 1888 4411 3241 4487">
    <p class='ocr_par' dir='ltr' id='par_1_91' title="bbox 1888 4411 3241 4487">
     <span class='ocr_line' id='line_1_91' title="bbox 1888 4411 3241 4487; baseline -0.005 -10"><span class='ocrx_word' id='word_1_685' title='bbox 1888 4420 2093 4476; x_wconf 88' lang='lat' dir='ltr'>mando</span> <span class='ocrx_word' id='word_1_686' title='bbox 2122 4418 2481 4487; x_wconf 86' lang='lat' dir='ltr'>constringat.</span> <span class='ocrx_word' id='word_1_687' title='bbox 2506 4414 2662 4471; x_wconf 90' lang='lat' dir='ltr'>Unde</span> <span class='ocrx_word' id='word_1_688' title='bbox 2689 4421 2744 4469; x_wconf 92' lang='lat' dir='ltr'>et</span> <span class='ocrx_word' id='word_1_689' title='bbox 2771 4421 2895 4484; x_wconf 86' lang='lat' dir='ltr'>apte</span> <span class='ocrx_word' id='word_1_690' title='bbox 2921 4411 3241 4483; x_wconf 82' lang='lat' dir='ltr'>subjungit:</span> 
     </span>
    </p>
   </div>
   <div class='ocr_carea' id='block_1_92' title="bbox 2277 4499 3098 4575">
    <p class='ocr_par' dir='ltr' id='par_1_92' title="bbox 2277 4499 3098 4575">
     <span class='ocr_line' id='line_1_92' title="bbox 2277 4499 3098 4575; baseline -0.007 -12"><span class='ocrx_word' id='word_1_691' title='bbox 2277 4504 2508 4563; x_wconf 71' lang='lat' dir='ltr'>CAPUT</span> <span class='ocrx_word' id='word_1_692' title='bbox 2556 4503 2715 4560; x_wconf 84' lang='lat' dir='ltr'>xxn</span> <span class='ocrx_word' id='word_1_693' title='bbox 2755 4500 2899 4575; x_wconf 71' lang='lat'>[806.</span> <span class='ocrx_word' id='word_1_694' title='bbox 2942 4499 3098 4574; x_wconf 77' lang='lat' dir='ltr'>xm.</span> 
     </span>
    </p>
   </div>
   <div class='ocr_carea' id='block_1_93' title="bbox 170 4589 1776 4689">
    <p class='ocr_par' dir='ltr' id='par_1_93' title="bbox 170 4589 1776 4687">
     <span class='ocr_line' id='line_1_93' title="bbox 170 4589 1776 4687; baseline 0.004 -22"><span class='ocrx_word' id='word_1_695' title='bbox 170 4589 451 4685; x_wconf 77' lang='lat' dir='ltr'>spargunt,</span> <span class='ocrx_word' id='word_1_696' title='bbox 484 4613 651 4668; x_wconf 87' lang='lat' dir='ltr'>etiam</span> <span class='ocrx_word' id='word_1_697' title='bbox 682 4628 825 4686; x_wconf 66' lang='lat' dir='ltr'>saepe</span> <span class='ocrx_word' id='word_1_698' title='bbox 869 4589 1001 4670; x_wconf 75' lang='lat' dir='ltr'>vera</span> <span class='ocrx_word' id='word_1_699' title='bbox 1021 4630 1085 4671; x_wconf 91' lang='lat' dir='ltr'>ac</span> <span class='ocrx_word' id='word_1_700' title='bbox 1112 4589 1291 4670; x_wconf 86' lang='lat' dir='ltr'>solida</span> <span class='ocrx_word' id='word_1_701' title='bbox 1320 4614 1630 4687; x_wconf 88' lang='lat' dir='ltr'>proferunt,</span> <span class='ocrx_word' id='word_1_702' title='bbox 1650 4612 1776 4671; x_wconf 92' lang='lat' dir='ltr'>Eliu</span> 
     </span>
    </p>
   </div>
   <div class='ocr_carea' id='block_1_94' title="bbox 1890 4589 3495 4689">
    <p class='ocr_par' dir='ltr' id='par_1_94' title="bbox 1961 4589 3495 4666">
     <span class='ocr_line' id='line_1_94' title="bbox 1961 4589 3495 4666; baseline -0.008 -8"><span class='ocrx_word' id='word_1_703' title='bbox 1961 4600 2135 4658; x_wconf 73' lang='lat' dir='ltr'>Vnus.</span> <span class='ocrx_word' id='word_1_704' title='bbox 2164 4597 2255 4655; x_wconf 72' lang='grc'>15.</span> <span class='ocrx_word' id='word_1_705' title='bbox 2276 4622 2349 4640; x_wconf 65' lang='grc' dir='ltr'>ο-</span> <span class='ocrx_word' id='word_1_706' title='bbox 2367 4597 2585 4666; x_wconf 75' lang='lat' dir='ltr'>Deﬁciet</span> <span class='ocrx_word' id='word_1_707' title='bbox 2611 4594 2781 4653; x_wconf 84' lang='lat' dir='ltr'>omnis</span> <span class='ocrx_word' id='word_1_708' title='bbox 2807 4592 3147 4659; x_wconf 77' lang='lat' dir='ltr'>carosimut,</span> <span class='ocrx_word' id='word_1_709' title='bbox 3176 4598 3227 4650; x_wconf 80' lang='lat' dir='ltr'>et</span> <span class='ocrx_word' id='word_1_710' title='bbox 3251 4590 3403 4647; x_wconf 75' lang='lat' dir='ltr'>homo</span> <span class='ocrx_word' id='word_1_711' title='bbox 3435 4589 3495 4646; x_wconf 84' lang='lat' dir='ltr'>in</span> 
     </span>
    </p>
   </div>
   <div class='ocr_carea' id='block_1_95' title="bbox 172 4701 681 4774">
    <p class='ocr_par' dir='ltr' id='par_1_95' title="bbox 172 4701 681 4774">
     <span class='ocr_line' id='line_1_95' title="bbox 172 4701 681 4774; baseline 0.012 -21"><span class='ocrx_word' id='word_1_712' title='bbox 172 4708 312 4756; x_wconf 89' lang='lat' dir='ltr'>recte</span> <span class='ocrx_word' id='word_1_713' title='bbox 342 4701 466 4774; x_wconf 89' lang='lat' dir='ltr'>subj</span> <span class='ocrx_word' id='word_1_714' title='bbox 475 4703 633 4773; x_wconf 83' lang='lat' dir='ltr'>ungit</span> <span class='ocrx_word' id='word_1_715' title='bbox 668 4717 681 4758; x_wconf 89' lang='lat'>:</span> 
     </span>
    </p>
   </div>
   <div class='ocr_carea' id='block_1_96' title="bbox 540 4812 1395 4895">
    <p class='ocr_par' dir='ltr' id='par_1_96' title="bbox 540 4812 1395 4895">
     <span class='ocr_line' id='line_1_96' title="bbox 540 4812 1395 4895; baseline 0.002 -23"><span class='ocrx_word' id='word_1_716' title='bbox 540 4814 775 4873; x_wconf 82' lang='lat' dir='ltr'>CAPUT</span> <span class='ocrx_word' id='word_1_717' title='bbox 811 4813 947 4895; x_wconf 82' lang='lat' dir='ltr'>xIx</span> <span class='ocrx_word' id='word_1_718' title='bbox 986 4812 1126 4891; x_wconf 77' lang='grc' dir='ltr'>[νει.</span> <span class='ocrx_word' id='word_1_719' title='bbox 1168 4815 1395 4891; x_wconf 82' lang='lat' dir='ltr'>XXVI].</span> 
     </span>
    </p>
   </div>
   <div class='ocr_carea' id='block_1_97' title="bbox 236 4904 1780 4978">
    <p class='ocr_par' dir='ltr' id='par_1_97' title="bbox 236 4904 1780 4978">
     <span class='ocr_line' id='line_1_97' title="bbox 236 4904 1780 4978; baseline 0.001 -16"><span class='ocrx_word' id='word_1_720' title='bbox 236 4904 406 4963; x_wconf 66' lang='lat' dir='ltr'>Vens.</span> <span class='ocrx_word' id='word_1_721' title='bbox 444 4906 609 4963; x_wconf 52' lang='grc'>11-</span> <span class='ocrx_word' id='word_1_722' title='bbox 638 4906 764 4965; x_wconf 82' lang='lat' dir='ltr'>Vere</span> <span class='ocrx_word' id='word_1_723' title='bbox 793 4907 931 4963; x_wconf 84' lang='lat' dir='ltr'>enim</span> <span class='ocrx_word' id='word_1_724' title='bbox 960 4908 1100 4963; x_wconf 84' lang='lat' dir='ltr'>Deus</span> <span class='ocrx_word' id='word_1_725' title='bbox 1126 4924 1234 4962; x_wconf 89' lang='lat' dir='ltr'>non</span> <span class='ocrx_word' id='word_1_726' title='bbox 1268 4906 1634 4963; x_wconf 82' lang='lat' dir='ltr'>condemnabit</span> <span class='ocrx_word' id='word_1_727' title='bbox 1661 4906 1780 4978; x_wconf 85' lang='lat' dir='ltr'>fru-</span> 
     </span>
    </p>
   </div>
   <div class='ocr_carea' id='block_1_98' title="bbox 173 4996 1389 5069">
    <p class='ocr_par' dir='ltr' id='par_1_98' title="bbox 173 4996 1389 5069">
     <span class='ocr_line' id='line_1_98' title="bbox 173 4996 1389 5069; baseline 0.006 -25"><span class='ocrx_word' id='word_1_728' title='bbox 173 4999 300 5061; x_wconf 89' lang='lat' dir='ltr'>stra,</span> <span class='ocrx_word' id='word_1_729' title='bbox 328 5014 419 5051; x_wconf 88' lang='lat' dir='ltr'>nec</span> <span class='ocrx_word' id='word_1_730' title='bbox 452 4997 793 5069; x_wconf 85' lang='lat' dir='ltr'>Omnipotens</span> <span class='ocrx_word' id='word_1_731' title='bbox 821 4998 1082 5052; x_wconf 86' lang='lat' dir='ltr'>subvertet</span> <span class='ocrx_word' id='word_1_732' title='bbox 1097 4996 1389 5066; x_wconf 84' lang='lat' dir='ltr'>judicium.</span> 
     </span>
    </p>
   </div>
   <div class='ocr_carea' id='block_1_99' title="bbox 236 5081 1779 5157">
    <p class='ocr_par' dir='ltr' id='par_1_99' title="bbox 236 5081 1779 5157">
     <span class='ocr_line' id='line_1_99' title="bbox 236 5081 1779 5157; baseline 0.001 -18"><span class='ocrx_word' id='word_1_733' title='bbox 236 5083 324 5141; x_wconf 60' lang='lat'>55.</span> <span class='ocrx_word' id='word_1_734' title='bbox 355 5085 515 5140; x_wconf 84' lang='lat' dir='ltr'>Iusta</span> <span class='ocrx_word' id='word_1_735' title='bbox 545 5084 644 5141; x_wconf 81' lang='lat' dir='ltr'>Dei</span> <span class='ocrx_word' id='word_1_736' title='bbox 653 5084 890 5157; x_wconf 86' lang='lat' dir='ltr'>judicia,</span> <span class='ocrx_word' id='word_1_737' title='bbox 922 5086 1016 5140; x_wconf 82' lang='lat' dir='ltr'>etsi</span> <span class='ocrx_word' id='word_1_738' title='bbox 1045 5086 1268 5141; x_wconf 84' lang='lat' dir='ltr'>occulta.</span> <span class='ocrx_word' id='word_1_739' title='bbox 1292 5084 1464 5140; x_wconf 83' lang='lat' dir='ltr'>--Ad</span> <span class='ocrx_word' id='word_1_740' title='bbox 1497 5081 1779 5142; x_wconf 89' lang='lat' dir='ltr'>diabolum</span> 
     </span>
    </p>
   </div>
   <div class='ocr_carea' id='block_1_100' title="bbox 170 5169 1779 5248">
    <p class='ocr_par' dir='ltr' id='par_1_100' title="bbox 170 5169 1779 5248">
     <span class='ocr_line' id='line_1_100' title="bbox 170 5169 1779 5248; baseline 0.002 -21"><span class='ocrx_word' id='word_1_741' title='bbox 170 5169 439 5230; x_wconf 86' lang='lat' dir='ltr'>Dominus</span> <span class='ocrx_word' id='word_1_742' title='bbox 468 5172 637 5232; x_wconf 84' lang='lat' dir='ltr'>dicit:</span> <span class='ocrx_word' id='word_1_743' title='bbox 677 5176 1018 5234; x_wconf 86' lang='lat' dir='ltr'>Commovisti</span> <span class='ocrx_word' id='word_1_744' title='bbox 1033 5192 1114 5231; x_wconf 90' lang='lat' dir='ltr'>me</span> <span class='ocrx_word' id='word_1_745' title='bbox 1128 5176 1384 5231; x_wconf 85' lang='lat' dir='ltr'>adversus</span> <span class='ocrx_word' id='word_1_746' title='bbox 1403 5191 1540 5241; x_wconf 87' lang='lat' dir='ltr'>eum,</span> <span class='ocrx_word' id='word_1_747' title='bbox 1562 5181 1621 5229; x_wconf 91' lang='lat' dir='ltr'>ut</span> <span class='ocrx_word' id='word_1_748' title='bbox 1648 5177 1779 5248; x_wconf 78' lang='lat' dir='ltr'>afﬂi-</span> 
     </span>
    </p>
   </div>
   <div class='ocr_carea' id='block_1_101' title="bbox 170 5260 1779 5341">
    <p class='ocr_par' dir='ltr' id='par_1_101' title="bbox 170 5260 1779 5341">
     <span class='ocr_line' id='line_1_101' title="bbox 170 5260 1779 5341; baseline 0.003 -25"><span class='ocrx_word' id='word_1_749' title='bbox 170 5272 333 5329; x_wconf 83' lang='lat' dir='ltr'>gerem</span> <span class='ocrx_word' id='word_1_750' title='bbox 348 5279 469 5318; x_wconf 84' lang='lat' dir='ltr'>eum</span> <span class='ocrx_word' id='word_1_751' title='bbox 489 5260 699 5333; x_wconf 82' lang='lat' dir='ltr'>frustra</span> <span class='ocrx_word' id='word_1_752' title='bbox 719 5264 846 5335; x_wconf 87' lang='lat' dir='ltr'>(Job</span> <span class='ocrx_word' id='word_1_753' title='bbox 868 5283 931 5337; x_wconf 79' lang='grc' dir='ltr'>ιι,</span> <span class='ocrx_word' id='word_1_754' title='bbox 953 5264 1032 5341; x_wconf 91' lang='grc'>3).</span> <span class='ocrx_word' id='word_1_755' title='bbox 1057 5266 1191 5322; x_wconf 90' lang='lat' dir='ltr'>Eliu</span> <span class='ocrx_word' id='word_1_756' title='bbox 1230 5272 1417 5321; x_wconf 86' lang='lat' dir='ltr'>autem</span> <span class='ocrx_word' id='word_1_757' title='bbox 1439 5263 1608 5321; x_wconf 90' lang='lat' dir='ltr'>dicit:</span> <span class='ocrx_word' id='word_1_758' title='bbox 1639 5264 1779 5332; x_wconf 84' lang='lat' dir='ltr'>Quia</span> 
     </span>
    </p>
   </div>
   <div class='ocr_carea' id='block_1_102' title="bbox 170 5351 1776 5430">
    <p class='ocr_par' dir='ltr' id='par_1_102' title="bbox 170 5351 1776 5430">
     <span class='ocr_line' id='line_1_102' title="bbox 170 5351 1776 5430; baseline 0.003 -24"><span class='ocrx_word' id='word_1_759' title='bbox 170 5362 274 5406; x_wconf 74' lang='lat' dir='ltr'>non</span> <span class='ocrx_word' id='word_1_760' title='bbox 290 5352 656 5411; x_wconf 78' lang='lat' dir='ltr'>condemnabit</span> <span class='ocrx_word' id='word_1_761' title='bbox 668 5351 928 5413; x_wconf 85' lang='lat' dir='ltr'>Dominus</span> <span class='ocrx_word' id='word_1_762' title='bbox 946 5356 1346 5430; x_wconf 81' lang='lat' dir='ltr'>frustra.Quod</span> <span class='ocrx_word' id='word_1_763' title='bbox 1366 5354 1557 5429; x_wconf 89' lang='lat' dir='ltr'>utique</span> <span class='ocrx_word' id='word_1_764' title='bbox 1573 5354 1776 5413; x_wconf 86' lang='lat' dir='ltr'>discor-</span> 
     </span>
    </p>
   </div>
   <div class='ocr_carea' id='block_1_103' title="bbox 240 5595 1108 5666">
    <p class='ocr_par' dir='ltr' id='par_1_103' title="bbox 240 5595 1108 5666">
     <span class='ocr_line' id='line_1_103' title="bbox 240 5595 1108 5666; baseline 0.007 -17"><span class='ocrx_word' id='word_1_765' title='bbox 240 5595 256 5628; x_wconf 81' lang='grc'>¹</span> <span class='ocrx_word' id='word_1_766' title='bbox 284 5595 547 5651; x_wconf 86' lang='lat' dir='ltr'>Mendose</span> <span class='ocrx_word' id='word_1_767' title='bbox 575 5597 635 5651; x_wconf 90' lang='lat' dir='ltr'>in</span> <span class='ocrx_word' id='word_1_768' title='bbox 664 5597 923 5666; x_wconf 82' lang='lat' dir='ltr'>Excusis,</span> <span class='ocrx_word' id='word_1_769' title='bbox 952 5615 1015 5654; x_wconf 93' lang='lat' dir='ltr'>ac</span> <span class='ocrx_word' id='word_1_770' title='bbox 1041 5600 1108 5655; x_wconf 89' lang='lat' dir='ltr'>si.</span> 
     </span>
    </p>
   </div>
   <div class='ocr_carea' id='block_1_104' title="bbox 234 5666 1773 5739">
    <p class='ocr_par' dir='ltr' id='par_1_104' title="bbox 234 5666 1773 5739">
     <span class='ocr_line' id='line_1_104' title="bbox 234 5666 1773 5739; baseline 0.002 -20"><span class='ocrx_word' id='word_1_771' title='bbox 234 5668 257 5739; x_wconf 59' lang='grc' dir='ltr'><strong>ξ</strong></span> <span class='ocrx_word' id='word_1_772' title='bbox 285 5666 428 5739; x_wconf 67' lang='lat' dir='ltr'>Pler,</span> <span class='ocrx_word' id='word_1_773' title='bbox 464 5668 653 5722; x_wconf 86' lang='lat' dir='ltr'>Norm.</span> <span class='ocrx_word' id='word_1_774' title='bbox 685 5676 740 5723; x_wconf 90' lang='lat' dir='ltr'>et</span> <span class='ocrx_word' id='word_1_775' title='bbox 782 5669 1040 5735; x_wconf 84' lang='lat' dir='ltr'>Vindoc.,</span> <span class='ocrx_word' id='word_1_776' title='bbox 1081 5670 1167 5725; x_wconf 88' lang='lat' dir='ltr'>cui</span> <span class='ocrx_word' id='word_1_777' title='bbox 1192 5686 1299 5725; x_wconf 88' lang='lat' dir='ltr'>non</span> <span class='ocrx_word' id='word_1_778' title='bbox 1327 5669 1531 5725; x_wconf 83' lang='lat' dir='ltr'>detebat</span> <span class='ocrx_word' id='word_1_779' title='bbox 1558 5667 1773 5739; x_wconf 82' lang='lat' dir='ltr'>vitium,</span> 
     </span>
    </p>
   </div>
   <div class='ocr_carea' id='block_1_105' title="bbox 167 5735 1776 5812">
    <p class='ocr_par' dir='ltr' id='par_1_105' title="bbox 167 5735 1776 5812">
     <span class='ocr_line' id='line_1_105' title="bbox 167 5735 1776 5812; baseline 0.001 -21"><span class='ocrx_word' id='word_1_780' title='bbox 167 5735 251 5812; x_wconf 68' lang='lat' dir='ltr'>sed</span> <span class='ocrx_word' id='word_1_781' title='bbox 275 5737 541 5812; x_wconf 73' lang='lat' dir='ltr'>meritum</span> <span class='ocrx_word' id='word_1_782' title='bbox 583 5740 823 5812; x_wconf 78' lang='lat' dir='ltr'>augebat.</span> <span class='ocrx_word' id='word_1_783' title='bbox 857 5740 1124 5812; x_wconf 82' lang='lat' dir='ltr'>Corrupto</span> <span class='ocrx_word' id='word_1_784' title='bbox 1155 5744 1213 5797; x_wconf 94' lang='lat' dir='ltr'>in</span> <span class='ocrx_word' id='word_1_785' title='bbox 1245 5742 1455 5809; x_wconf 90' lang='lat' dir='ltr'>Baluz.,</span> <span class='ocrx_word' id='word_1_786' title='bbox 1496 5741 1637 5811; x_wconf 82' lang='lat' dir='ltr'>quod</span> <span class='ocrx_word' id='word_1_787' title='bbox 1663 5736 1776 5794; x_wconf 74' lang='lat' dir='ltr'>nun</span> 
     </span>
    </p>
   </div>
   <div class='ocr_carea' id='block_1_106' title="bbox 165 5806 1769 5880">
    <p class='ocr_par' dir='ltr' id='par_1_106' title="bbox 165 5806 1769 5880">
     <span class='ocr_line' id='line_1_106' title="bbox 165 5806 1769 5880; baseline 0.002 -16"><span class='ocrx_word' id='word_1_788' title='bbox 165 5806 427 5880; x_wconf 58' lang='lat' dir='ltr'>ridebat...</span> <span class='ocrx_word' id='word_1_789' title='bbox 477 5806 719 5880; x_wconf 75' lang='lat' dir='ltr'>augebdt.</span> <span class='ocrx_word' id='word_1_790' title='bbox 753 5812 895 5869; x_wconf 85' lang='lat' dir='ltr'>Huic</span> <span class='ocrx_word' id='word_1_791' title='bbox 942 5806 1130 5870; x_wconf 71' lang='lat' dir='ltr'>tamen</span> <span class='ocrx_word' id='word_1_792' title='bbox 1183 5806 1462 5871; x_wconf 77' lang='lat' dir='ltr'>consentit</span> <span class='ocrx_word' id='word_1_793' title='bbox 1503 5806 1769 5869; x_wconf 53' lang='lat' dir='ltr'>&#39;Colbert.</span> 
     </span>
    </p>
   </div>
   <div class='ocr_carea' id='block_1_107' title="bbox 166 5875 1769 5955">
    <p class='ocr_par' dir='ltr' id='par_1_107' title="bbox 166 5875 1769 5955">
     <span class='ocr_line' id='line_1_107' title="bbox 166 5875 1769 5955; baseline 0.002 -20"><span class='ocrx_word' id='word_1_794' title='bbox 166 5875 323 5947; x_wconf 86' lang='lat' dir='ltr'>Cod.,</span> <span class='ocrx_word' id='word_1_795' title='bbox 350 5895 521 5952; x_wconf 86' lang='lat' dir='ltr'>quem</span> <span class='ocrx_word' id='word_1_796' title='bbox 551 5875 642 5934; x_wconf 62' lang='lat' dir='ltr'>&#39;ex</span> <span class='ocrx_word' id='word_1_797' title='bbox 680 5881 851 5950; x_wconf 86' lang='lat' dir='ltr'>priori</span> <span class='ocrx_word' id='word_1_798' title='bbox 876 5882 1214 5955; x_wconf 87' lang='lat' dir='ltr'>descriptum</span> <span class='ocrx_word' id='word_1_799' title='bbox 1245 5884 1616 5951; x_wconf 86' lang='lat' dir='ltr'>crederemus,</span> <span class='ocrx_word' id='word_1_800' title='bbox 1652 5882 1769 5939; x_wconf 89' lang='lat' dir='ltr'>nisi</span> 
     </span>
    </p>
   </div>
   <div class='ocr_carea' id='block_1_108' title="bbox 1885 4689 2448 4745">
    <p class='ocr_par' dir='ltr' id='par_1_108' title="bbox 1885 4689 2448 4745">
     <span class='ocr_line' id='line_1_108' title="bbox 1885 4689 2448 4745; baseline -0.002 0"><span class='ocrx_word' id='word_1_801' title='bbox 1885 4689 2112 4745; x_wconf 80' lang='lat' dir='ltr'>cinerem</span> <span class='ocrx_word' id='word_1_802' title='bbox 2138 4694 2448 4745; x_wconf 81' lang='lat' dir='ltr'>revertetur.</span> 
     </span>
    </p>
   </div>
   <div class='ocr_carea' id='block_1_109' title="bbox 1958 4770 3493 4848">
    <p class='ocr_par' dir='ltr' id='par_1_109' title="bbox 1958 4770 3493 4848">
     <span class='ocr_line' id='line_1_109' title="bbox 1958 4770 3493 4848; baseline -0.008 -12"><span class='ocrx_word' id='word_1_803' title='bbox 1958 4775 2048 4836; x_wconf 76' lang='grc'>48.</span> <span class='ocrx_word' id='word_1_804' title='bbox 2080 4780 2226 4835; x_wconf 83' lang='lat' dir='ltr'>Tunc</span> <span class='ocrx_word' id='word_1_805' title='bbox 2251 4795 2379 4834; x_wconf 85' lang='lat' dir='ltr'>caro</span> <span class='ocrx_word' id='word_1_806' title='bbox 2406 4776 2693 4848; x_wconf 59' lang='lat' dir='ltr'>deﬁciet,“</span> <span class='ocrx_word' id='word_1_807' title='bbox 2719 4774 2871 4832; x_wconf 77' lang='lat' dir='ltr'>homo</span> <span class='ocrx_word' id='word_1_808' title='bbox 2897 4774 3195 4833; x_wconf 60' lang='lat' dir='ltr'>instruerent</span> <span class='ocrx_word' id='word_1_809' title='bbox 3210 4784 3310 4843; x_wconf 78' lang='lat' dir='ltr'>per</span> <span class='ocrx_word' id='word_1_810' title='bbox 3326 4770 3493 4826; x_wconf 78' lang='lat' dir='ltr'>humi-</span> 
     </span>
    </p>
   </div>
   <div class='ocr_carea' id='block_1_110' title="bbox 1891 4859 3489 4930">
    <p class='ocr_par' dir='ltr' id='par_1_110' title="bbox 1891 4859 3489 4930">
     <span class='ocr_line' id='line_1_110' title="bbox 1891 4859 3489 4930; baseline -0.009 -1"><span class='ocrx_word' id='word_1_811' title='bbox 1891 4872 2090 4930; x_wconf 79' lang='lat' dir='ltr'>litatem</span> <span class='ocrx_word' id='word_1_812' title='bbox 2118 4868 2424 4925; x_wconf 77' lang='lat' dir='ltr'>revertitur.</span> <span class='ocrx_word' id='word_1_813' title='bbox 2443 4894 2515 4909; x_wconf 72' lang='grc' dir='ltr'>α·-</span> <span class='ocrx_word' id='word_1_814' title='bbox 2533 4865 2712 4923; x_wconf 89' lang='lat' dir='ltr'>Simul</span> <span class='ocrx_word' id='word_1_815' title='bbox 2740 4866 2893 4923; x_wconf 87' lang='lat' dir='ltr'>enim</span> <span class='ocrx_word' id='word_1_816' title='bbox 2916 4865 3100 4921; x_wconf 88' lang='lat' dir='ltr'>omnis</span> <span class='ocrx_word' id='word_1_817' title='bbox 3127 4880 3255 4921; x_wconf 83' lang='lat' dir='ltr'>caro</span> <span class='ocrx_word' id='word_1_818' title='bbox 3283 4859 3489 4926; x_wconf 80' lang='lat' dir='ltr'>deﬁcit,</span> 
     </span>
    </p>
   </div>
   <div class='ocr_carea' id='block_1_111' title="bbox 1890 4946 3493 5033">
    <p class='ocr_par' dir='ltr' id='par_1_111' title="bbox 1890 4946 3493 5033">
     <span class='ocr_line' id='line_1_111' title="bbox 1890 4946 3493 5033; baseline -0.009 -17"><span class='ocrx_word' id='word_1_819' title='bbox 1890 4959 2114 5033; x_wconf 90' lang='lat' dir='ltr'>quando</span> <span class='ocrx_word' id='word_1_820' title='bbox 2137 4958 2252 5030; x_wconf 88' lang='lat' dir='ltr'>jam</span> <span class='ocrx_word' id='word_1_821' title='bbox 2284 4956 2453 5013; x_wconf 81' lang='lat' dir='ltr'>nullis</span> <span class='ocrx_word' id='word_1_822' title='bbox 2481 4955 2598 5013; x_wconf 88' lang='lat' dir='ltr'>suis</span> <span class='ocrx_word' id='word_1_823' title='bbox 2627 4953 2874 5010; x_wconf 88' lang='lat' dir='ltr'>moribus</span> <span class='ocrx_word' id='word_1_824' title='bbox 2902 4953 3095 5019; x_wconf 86' lang='lat' dir='ltr'>servit,</span> <span class='ocrx_word' id='word_1_825' title='bbox 3131 4951 3263 5024; x_wconf 82' lang='lat' dir='ltr'>quia</span> <span class='ocrx_word' id='word_1_826' title='bbox 3293 4946 3493 5019; x_wconf 68' lang='lat' dir='ltr'>praesi-</span> 
     </span>
    </p>
   </div>
   <div class='ocr_carea' id='block_1_112' title="bbox 1888 5035 3491 5121">
    <p class='ocr_par' dir='ltr' id='par_1_112' title="bbox 1888 5035 3491 5121">
     <span class='ocr_line' id='line_1_112' title="bbox 1888 5035 3491 5121; baseline -0.011 -15"><span class='ocrx_word' id='word_1_827' title='bbox 1888 5050 2027 5106; x_wconf 90' lang='lat' dir='ltr'>dens</span> <span class='ocrx_word' id='word_1_828' title='bbox 2054 5048 2285 5121; x_wconf 85' lang='lat' dir='ltr'>spiritus</span> <span class='ocrx_word' id='word_1_829' title='bbox 2314 5056 2515 5105; x_wconf 86' lang='lat' dir='ltr'>cuncta</span> <span class='ocrx_word' id='word_1_830' title='bbox 2532 5046 2653 5118; x_wconf 86' lang='lat' dir='ltr'>ejus</span> <span class='ocrx_word' id='word_1_831' title='bbox 2671 5044 2823 5101; x_wconf 80' lang='lat' dir='ltr'>ﬂuxa</span> <span class='ocrx_word' id='word_1_832' title='bbox 2841 5040 3145 5113; x_wconf 81' lang='lat' dir='ltr'>restringit,</span> <span class='ocrx_word' id='word_1_833' title='bbox 3169 5046 3223 5093; x_wconf 89' lang='lat' dir='ltr'>et</span> <span class='ocrx_word' id='word_1_834' title='bbox 3250 5035 3491 5109; x_wconf 89' lang='lat' dir='ltr'>quodam</span> 
     </span>
    </p>
   </div>
   <div class='ocr_carea' id='block_1_113' title="bbox 1888 5124 3490 5210">
    <p class='ocr_par' dir='ltr' id='par_1_113' title="bbox 1888 5124 3490 5210">
     <span class='ocr_line' id='line_1_113' title="bbox 1888 5124 3490 5210; baseline -0.011 -14"><span class='ocrx_word' id='word_1_835' title='bbox 1888 5137 2261 5196; x_wconf 88' lang='lat' dir='ltr'>districtionis</span> <span class='ocrx_word' id='word_1_836' title='bbox 2276 5153 2388 5194; x_wconf 65' lang='lat' dir='ltr'>sum</span> <span class='ocrx_word' id='word_1_837' title='bbox 2410 5136 2591 5210; x_wconf 84' lang='lat' dir='ltr'>gladio</span> <span class='ocrx_word' id='word_1_838' title='bbox 2619 5149 2784 5191; x_wconf 87' lang='lat' dir='ltr'>omne</span> <span class='ocrx_word' id='word_1_839' title='bbox 2805 5126 2953 5206; x_wconf 90' lang='lat' dir='ltr'>quod</span> <span class='ocrx_word' id='word_1_840' title='bbox 2973 5129 3029 5183; x_wconf 92' lang='lat' dir='ltr'>in</span> <span class='ocrx_word' id='word_1_841' title='bbox 3052 5126 3146 5184; x_wconf 81' lang='lat' dir='ltr'>illa</span> <span class='ocrx_word' id='word_1_842' title='bbox 3177 5125 3316 5180; x_wconf 90' lang='lat' dir='ltr'>male</span> <span class='ocrx_word' id='word_1_843' title='bbox 3336 5124 3490 5179; x_wconf 89' lang='lat' dir='ltr'>vive-</span> 
     </span>
    </p>
   </div>
   <div class='ocr_carea' id='block_1_114' title="bbox 1888 5212 3493 5297">
    <p class='ocr_par' dir='ltr' id='par_1_114' title="bbox 1888 5212 3493 5297">
     <span class='ocr_line' id='line_1_114' title="bbox 1888 5212 3493 5297; baseline -0.011 -12"><span class='ocrx_word' id='word_1_844' title='bbox 1888 5229 2003 5297; x_wconf 87' lang='lat' dir='ltr'>bat,</span> <span class='ocrx_word' id='word_1_845' title='bbox 2034 5226 2314 5283; x_wconf 86' lang='lat' dir='ltr'>interticit.</span> <span class='ocrx_word' id='word_1_846' title='bbox 2349 5228 2467 5283; x_wconf 86' lang='lat' dir='ltr'>Hoc</span> <span class='ocrx_word' id='word_1_847' title='bbox 2482 5223 2750 5282; x_wconf 89' lang='lat' dir='ltr'>nimirum</span> <span class='ocrx_word' id='word_1_848' title='bbox 2766 5216 3073 5292; x_wconf 85' lang='lat' dir='ltr'>disciplinae</span> <span class='ocrx_word' id='word_1_849' title='bbox 3096 5212 3280 5288; x_wconf 81' lang='lat' dir='ltr'>gladio</span> <span class='ocrx_word' id='word_1_850' title='bbox 3297 5219 3493 5271; x_wconf 88' lang='lat' dir='ltr'>semet-</span> 
     </span>
    </p>
   </div>
   <div class='ocr_carea' id='block_1_115' title="bbox 1885 5302 3493 5391">
    <p class='ocr_par' dir='ltr' id='par_1_115' title="bbox 1885 5302 3493 5391">
     <span class='ocr_line' id='line_1_115' title="bbox 1885 5302 3493 5391; baseline -0.009 -16"><span class='ocrx_word' id='word_1_851' title='bbox 1885 5317 2069 5391; x_wconf 83' lang='lat' dir='ltr'>ipsum</span> <span class='ocrx_word' id='word_1_852' title='bbox 2097 5314 2360 5373; x_wconf 82' lang='lat' dir='ltr'>Jeremias</span> <span class='ocrx_word' id='word_1_853' title='bbox 2387 5311 2759 5379; x_wconf 82' lang='lat' dir='ltr'>interfecerat,</span> <span class='ocrx_word' id='word_1_854' title='bbox 2776 5325 2902 5367; x_wconf 86' lang='lat' dir='ltr'>cum</span> <span class='ocrx_word' id='word_1_855' title='bbox 2932 5302 3179 5365; x_wconf 84' lang='lat' dir='ltr'>dicebat:</span> <span class='ocrx_word' id='word_1_856' title='bbox 3202 5306 3493 5377; x_wconf 86' lang='lat' dir='ltr'>Postquam</span> 
     </span>
    </p>
   </div>
   <div class='ocr_carea' id='block_1_116' title="bbox 1884 5401 3493 5484">
    <p class='ocr_par' dir='ltr' id='par_1_116' title="bbox 1884 5401 3493 5484">
     <span class='ocr_line' id='line_1_116' title="bbox 1884 5401 3493 5484; baseline -0.007 -13"><span class='ocrx_word' id='word_1_857' title='bbox 1884 5412 2188 5473; x_wconf 82' lang='lat' dir='ltr'>convertisti</span> <span class='ocrx_word' id='word_1_858' title='bbox 2210 5430 2311 5484; x_wconf 80' lang='lat' dir='ltr'>me,</span> <span class='ocrx_word' id='word_1_859' title='bbox 2340 5411 2422 5484; x_wconf 81' lang='lat' dir='ltr'>egi</span> <span class='ocrx_word' id='word_1_860' title='bbox 2447 5406 2830 5484; x_wconf 65' lang='lat' dir='ltr'>paenitentiam;</span> <span class='ocrx_word' id='word_1_861' title='bbox 2867 5412 2917 5463; x_wconf 83' lang='lat' dir='ltr'>et</span> <span class='ocrx_word' id='word_1_862' title='bbox 2941 5411 3228 5480; x_wconf 83' lang='lat' dir='ltr'>postquam</span> <span class='ocrx_word' id='word_1_863' title='bbox 3252 5401 3493 5462; x_wconf 81' lang='lat' dir='ltr'>ostendi-</span> 
     </span>
    </p>
   </div>
   <div class='ocr_carea' id='block_1_117' title="bbox 1883 5644 3488 5733">
    <p class='ocr_par' dir='ltr' id='par_1_117' title="bbox 1883 5644 3488 5733">
     <span class='ocr_line' id='line_1_117' title="bbox 1883 5644 3488 5733; baseline -0.015 -12"><span class='ocrx_word' id='word_1_864' title='bbox 1883 5662 1944 5721; x_wconf 90' lang='lat' dir='ltr'>in</span> <span class='ocrx_word' id='word_1_865' title='bbox 1973 5656 2325 5733; x_wconf 82' lang='lat' dir='ltr'>quibusdam,</span> <span class='ocrx_word' id='word_1_866' title='bbox 2355 5652 2485 5709; x_wconf 90' lang='lat' dir='ltr'>licet</span> <span class='ocrx_word' id='word_1_867' title='bbox 2512 5649 2702 5724; x_wconf 88' lang='lat' dir='ltr'>paucis</span> <span class='ocrx_word' id='word_1_868' title='bbox 2738 5657 2794 5705; x_wconf 90' lang='lat' dir='ltr'>et</span> <span class='ocrx_word' id='word_1_869' title='bbox 2831 5645 3242 5717; x_wconf 87' lang='lat' dir='ltr'>minutissimis,</span> <span class='ocrx_word' id='word_1_870' title='bbox 3273 5644 3488 5702; x_wconf 89' lang='lat' dir='ltr'>discre—</span> 
     </span>
    </p>
   </div>
   <div class='ocr_carea' id='block_1_118' title="bbox 1884 5738 2480 5870">
    <p class='ocr_par' dir='ltr' id='par_1_118' title="bbox 1884 5738 2480 5870">
     <span class='ocr_line' id='line_1_118' title="bbox 1884 5738 2480 5870; baseline -0.013 -9"><span class='ocrx_word' id='word_1_871' title='bbox 1884 5738 2134 5870; x_wconf 52' lang='lat' dir='ltr'>Pagekl&quot;</span> <span class='ocrx_word' id='word_1_872' title='bbox 2159 5799 2218 5857; x_wconf 86' lang='lat' dir='ltr'>in</span> <span class='ocrx_word' id='word_1_873' title='bbox 2244 5780 2480 5856; x_wconf 55' lang='lat' dir='ltr'>occultis.</span> 
     </span>
    </p>
   </div>
   <div class='ocr_carea' id='block_1_119' title="bbox 1864 5854 3373 5938">
    <p class='ocr_par' dir='ltr' id='par_1_119' title="bbox 1864 5854 3373 5938">
     <span class='ocr_line' id='line_1_119' title="bbox 1864 5854 3373 5938; baseline -0.012 -4"><span class='ocrx_word' id='word_1_874' title='bbox 1864 5914 1875 5917; x_wconf 62' lang='lat'><strong><em>~</em></strong></span> <span class='ocrx_word' id='word_1_875' title='bbox 1955 5877 1980 5913; x_wconf 77' lang='grc'><strong>⁴</strong></span> <span class='ocrx_word' id='word_1_876' title='bbox 2009 5854 2221 5934; x_wconf 58' lang='lat' dir='ltr'>Vitiosa</span> <span class='ocrx_word' id='word_1_877' title='bbox 2250 5854 2319 5931; x_wconf 71' lang='lat' dir='ltr'>in</span> <span class='ocrx_word' id='word_1_878' title='bbox 2338 5854 2502 5931; x_wconf 78' lang='lat' dir='ltr'>Rem.</span> <span class='ocrx_word' id='word_1_879' title='bbox 2531 5859 2666 5935; x_wconf 75' lang='grc' dir='ltr'>Ειὶ..</span> <span class='ocrx_word' id='word_1_880' title='bbox 2688 5876 2794 5938; x_wconf 77' lang='lat' dir='ltr'>pro</span> <span class='ocrx_word' id='word_1_881' title='bbox 2815 5862 3026 5921; x_wconf 68' lang='lat' dir='ltr'>atomis</span> <span class='ocrx_word' id='word_1_882' title='bbox 3062 5854 3373 5918; x_wconf 66' lang='lat' dir='ltr'>actionibus.</span> 
     </span>
    </p>
   </div>
  </div>
