3928 6378
434 441 542 501 315

1649 429 1902 490 SANCTI
1938 425 2278 489 GBEGORII
2313 425 2541 486 MAGNI

3655 421 3769 480 316

434 568 506 625 sti
529 565 664 623 mihi
687 563 927 638 percussi
943 563 1122 636 femur
1144 577 1316 618 meum
1332 561 1554 634 (Jerem.
1584 575 1747 628 xxxi,
1770 557 1837 615 10
1845 555 2040 626 ).Quid
2065 558 2118 619 Α
2145 563 2289 612 tasse
2315 559 2538 610 acutum
2565 550 2778 625 aliquid
2807 549 3074 618 sentiunt,
3120 546 3252 638 inde
3285 563 3420 638 mox
3450 546 3522 638 ad
3549 546 3766 604 vitium

435 655 584 712 enim
612 654 674 710 in
701 653 931 722 femore,
960 652 1070 709 nisi
1099 653 1355 724 voluptas
1389 649 1570 707 carnis
1605 647 1874 719 accipitur
1891 646 1920 702 ?
1965 645 2038 701 Et

435 743 573 817 quid
593 750 680 800 est
705 741 854 816 quod
880 741 960 798 ait
993 759 1004 797 :
1033 741 1326 810 Postquam
1340 735 1610 793 ostendisti
1635 735 1789 801 mihi,
1800 733 2039 806 percussi

434 835 614 907 femur
637 851 830 900 meum,
858 831 966 888 nisi
995 830 1143 904 quod
1163 837 1451 903 postquam
1469 843 1704 900 superna
1719 826 2040 900 spiritaliter

437 924 602 993 vidit,
633 939 796 979 omne
822 920 970 994 quod
991 919 1051 974 in
1065 933 1122 974 se
1141 918 1376 973 inferius
1393 915 1688 972 carnaliter
1706 913 1930 972 vivebat
1947 930 2039 969 ex-

435 1011 656 1080 stinxit,
683 1017 747 1066 ut
771 1015 978 1082 quanto
1008 1006 1182 1079 magis
1210 1022 1329 1062 sum
1338 1021 1428 1061 ma
1475 998 1839 1078 patescerent,
1884 1009 2042 1058 tanto

435 1099 677 1172 amplius
705 1099 820 1154 ima
833 1113 954 1170 quae
968 1102 1223 1152 tenuerat
1242 1109 1355 1150 non
1377 1093 1613 1150 liberent
1627 1093 1656 1150 ?
1673 1094 1811 1150 Nam
1833 1098 2041 1166 quanto

437 1189 638 1261 incipit
679 1187 912 1262 quisque
949 1185 1200 1258 superius
1235 1184 1446 1252 vivere,
1500 1190 1655 1239 tanto
1709 1190 1763 1237 et
1817 1181 2044 1238 inchoat

439 1277 675 1334 inferius
721 1275 970 1332 interire.
1015 1274 1182 1330 Juxta
1213 1272 1469 1328 affectum
1522 1287 1758 1344 namque
1809 1269 2044 1328 carnalis

441 1363 776 1437 operationis
803 1363 986 1420 omnis
1012 1377 1140 1419 caro
1166 1360 1322 1416 Pauli
1351 1358 1519 1416 simul
1568 1359 1874 1426 interierat,
1915 1373 2044 1414 cum

440 1454 657 1512 dicebat
687 1471 700 1511 :
741 1454 866 1513 Vivo
893 1459 1068 1510 autem
1093 1451 1215 1522 jam
1261 1466 1369 1506 non
1403 1467 1516 1520 ego,
1546 1449 1675 1504 vivit
1701 1465 1824 1503 vero
1868 1448 1928 1502 in
1965 1463 2046 1502 me

445 1541 689 1600 Christus
711 1542 927 1612 (Galat.
959 1559 1023 1611 ιι,
1046 1541 1164 1614 20).

511 1629 652 1704 [νει.
676 1631 890 1689 XXVII
892 1629 934 1704 .]
977 1629 1067 1687 49.
1097 1631 1347 1687 Peccator
1373 1627 1720 1686 mortalitatis
1739 1643 1848 1683 sua:
1861 1625 2048 1682 oblivi-

441 1719 633 1784 scitur,
681 1735 826 1772 secus
871 1717 1076 1786 justus.
1130 1747 1202 1760 —
1246 1719 1394 1773 Bene
1439 1717 1605 1772 etiam
1635 1717 1767 1772 Elin
1795 1715 1901 1771 hoc
1928 1714 2050 1770 loco

438 1803 690 1863 subdidit
721 1821 734 1858 :
768 1805 842 1858 Et
868 1804 1018 1858 homo
1040 1804 1099 1857 in
1125 1803 1351 1858 cinerem
1377 1809 1686 1857 revertetur.
1732 1803 1795 1857 In
1826 1808 2050 1872 peccato

2147 642 2402 700 elationis
2415 647 2725 713 erumpant,
2757 654 3054 710 sensusque
3075 636 3328 692 omnium
3356 636 3414 690 in
3429 635 3516 691 sui
3532 652 3767 708 compa-

2149 731 2360 788 ratione
2389 730 2714 802 despiciant,
2747 743 2911 800 seque
2941 726 2997 782 in
3019 743 3118 782 suo
3139 723 3356 796 judicio
3371 724 3613 780 aliorum
3648 741 3769 781 me-

2150 819 2274 875 ritis
2299 826 2655 892 anteponant.
2688 817 2900 886 Quibus
2947 815 3223 888 contingit
3267 813 3484 870 miseris
3529 821 3595 870 ut
3631 815 3771 887 plus

2150 908 2392 964 videndo
2421 909 2820 976 tenebrescant,
2844 907 2974 980 quia
3004 905 3137 961 dum
3180 903 3410 960 subtilia
3437 903 3769 973 attendunt,

2150 998 2472 1069 semetipsos
2516 997 2720 1052 intueri
2768 995 3056 1060 nesciunt;
3087 1000 3143 1048 et
3183 1008 3292 1066 quo
3330 992 3771 1065 intelligentiam

2154 1088 2177 1124 ³
2202 1086 2421 1143 acutius
2447 1085 2778 1158 percipiunt,
2811 1099 2876 1139 eo
2910 1099 3005 1156 per
3035 1081 3347 1154 superbiam
3378 1081 3626 1138 deterius
3666 1099 3776 1140 ca-

2153 1176 2312 1233 dunt.
2344 1175 2455 1244 Qui
2483 1174 2623 1230 bene
2639 1173 2862 1247 quidem
2883 1171 3109 1228 subtilia
3130 1171 3535 1244 conspicerent,
3558 1172 3608 1228 si
3628 1173 3693 1228 in
3710 1190 3778 1230 eo

2155 1268 2302 1342 quod
2330 1268 2620 1341 proferunt
2647 1283 2704 1322 se
2733 1265 3003 1322 viderent.
3050 1263 3318 1336 Superius
3357 1279 3604 1336 namque
3635 1263 3778 1320 Elin

2155 1356 2373 1413 dixerat
2404 1374 2418 1414 ε
2453 1358 2511 1414 Si
2534 1357 2689 1413 habes
2713 1356 2854 1428 quod
2882 1354 3144 1426 loquaris,
3175 1353 3431 1425 responde
3457 1353 3591 1408 mihi
3621 1371 3640 1410 :
3675 1355 3775 1410 lo-

2155 1463 2332 1518 quere,
2361 1449 2481 1503 volo
2507 1447 2642 1502 enim
2672 1453 2716 1501 te
2739 1461 3000 1517 apparere
3018 1443 3227 1512 justum
3244 1443 3374 1512 (Job
3402 1459 3615 1510 xxxm,
3646 1443 3778 1514 32).

2156 1537 2316 1593 Nunc
2341 1543 2526 1592 autem
2558 1535 2637 1591 ait
2667 1552 2680 1590 :
2709 1534 2768 1592 Si
2793 1534 2950 1590 habes
2964 1533 3302 1598 intellectum,
3332 1532 3462 1587 auds
3482 1533 3628 1602 quod
3641 1533 3780 1587 dici-

2161 1630 2268 1680 tur.
2325 1625 2469 1680 Ecce
2521 1623 2799 1697 quomodo
2828 1623 3108 1696 paulisper
3140 1622 3308 1677 elatio
3337 1637 3434 1694 per
3461 1621 3774 1678 verborum

2161 1713 2500 1770 incrementa
2553 1712 2793 1786 proﬁcit.
2851 1711 3114 1784 Superius
3167 1710 3448 1767 dubitavit
3483 1710 3532 1766 si
3588 1719 3780 1784 posset

2160 1802 2352 1860 beatus
2378 1803 2481 1860 Job
2511 1803 2754 1876 proferre
2774 1802 2922 1876 quod
2943 1801 3159 1874 justum
3191 1809 3309 1869 est;
3343 1817 3494 1858 nunc
3520 1817 3656 1857 vero
3685 1801 3776 1858 di-

441 1893 591 1950 enim
613 1891 846 1964 quisque
869 1891 1083 1964 positus
1109 1891 1463 1946 mortalitatis
1477 1907 1588 1946 suae
1603 1889 1973 1958 obliviscitur,
1997 1897 2052 1946 et
2074 1912 2122 1974 Β
2161 1893 2328 1950 sentit
2353 1893 2401 1949 si
2431 1891 2538 1948 hoc
2575 1892 2724 1964 quod
2751 1891 2960 1949 dicitur
2986 1893 3179 1948 saltem
3215 1890 3392 1964 possit
3435 1889 3656 1947 audire.
3690 1890 3781 1948 lbi

439 1989 646 2038 terram
666 1995 724 2036 se
753 1995 868 2036 esse
892 1995 1006 2035 non
1038 1979 1315 2045 meminit,
1345 1977 1479 2035 dum
1509 1975 1694 2035 adhuc
1720 1995 1818 2051 per
1849 1995 2050 2051 super-

439 2069 592 2126 biam
621 2068 866 2125 inﬂatur.
899 2067 1434 2124 Post-conversionis
1459 2083 1592 2122 vero
1639 2083 1750 2123 suae
1797 2067 2049 2140 gratiam,

422 2174 570 2216 'cum
600 2155 938 2214 humilitatis
965 2155 1166 2227 spiritu
1193 2156 1461 2228 tangitur,
1500 2155 1636 2228 quid
1660 2172 1775 2212 esse
1817 2172 1873 2212 se
1899 2154 2053 2211 aliud

443 2261 608 2320 quam
637 2246 880 2302 cinerem
909 2243 1280 2300 recordatur?
1326 2245 1445 2300 Jam
1476 2244 1536 2300 in
1579 2243 1820 2301 cinerem
1875 2241 2054 2300 David

442 2350 698 2392 reversus
743 2336 944 2406 fuerat,
991 2351 1119 2393 cum
1161 2335 1379 2392 dicebat
1421 2354 1434 2392 :
1490 2337 1770 2402 Memento,
1808 2336 2052 2402 Domine,

441 2425 584 2496 quod
605 2425 788 2496 pulvis
814 2441 998 2480 sumus
1021 2425 1204 2496 (Psal.
1235 2441 1330 2492 cu,
1362 2424 1474 2496 14).
1506 2423 1787 2480 Abraham
1817 2425 1877 2480 in
1906 2424 2054 2481 cine-

442 2529 560 2571 rem
595 2528 850 2569 reversus
881 2513 1084 2582 fuerat,
1116 2512 1308 2570 dicens
1339 2529 1352 2568 :
1399 2512 1620 2583 Loquar
1658 2513 1732 2568 ad
1767 2512 2056 2569 Dominum

441 2621 635 2674 meum,
655 2619 772 2659 cum
797 2605 898 2659 sim
923 2603 1101 2676 pulvis
1118 2609 1168 2659 et
1190 2604 1324 2660 cinis
1347 2604 1555 2677 (Genes.
1588 2619 1754 2673 xvm,
1775 2603 1897 2673 27).
1919 2603 1992 2656 Et
2005 2600 2054 2656 si

441 2697 726 2753 viventem
743 2712 963 2753 carnem
993 2712 1208 2754 necnon
1239 2697 1298 2752 in
1319 2703 1465 2752 terra
1493 2711 1642 2751 mors
1669 2695 1930 2762 solverat,
1947 2691 2056 2748 hoc

441 2794 628 2842 tamen
655 2784 804 2859 apud
839 2803 896 2842 se
924 2794 1104 2855 erant,
1135 2785 1283 2860 quod
1307 2802 1364 2842 se
1401 2786 1622 2842 futuros
1649 2784 1852 2857 absque
1879 2780 2056 2840 dubi-

442 2877 675 2944 tatione,
724 2875 1121 2948 praevidehant.
1155 2875 1297 2932 Hinc
1338 2875 1475 2931 alias
1528 2874 1778 2930 dicitur:
1826 2871 2054 2942 Auferes

443 2965 693 3036 spiritum
713 2981 916 3030 eorum,
947 2970 998 3018 et
1027 2964 1286 3036 deﬁcient,
1313 2970 1362 3018 et
1378 2964 1438 3018 in
1459 2964 1728 3035 pulverem
1775 2978 1931 3017 suum
1957 2979 2055 3017 re-

440 3061 726 3112 vertuntur
752 3055 938 3128 (Psal.
971 3071 1090 3123 cm,
1131 3054 1251 3126 29).
1291 3053 1398 3122 Qui
1423 3060 1605 3109 autem
1642 3052 1888 3126 spiritus,
1943 3051 2053 3108 nisi

441 3145 670 3219 spiritus
697 3144 967 3216 superbiae
997 3144 1320 3200 nominatur
1338 3143 1367 3199 ‘2
1386 3143 1635 3199 Tollatur
1674 3159 1802 3215 ergo
1827 3142 2054 3214 spiritus

443 3249 633 3290 eorum
651 3239 718 3288 ut
731 3231 1012 3298 deﬁciant,
1043 3230 1103 3286 id
1129 3237 1212 3284 est
1243 3230 1514 3287 subducto
1534 3229 1802 3303 superbiae
1830 3230 2052 3302 spiritu,
2083 3266 2128 3326 Ο

443 3321 588 3377 nihil
642 3335 700 3375 se
727 3319 795 3375 de
826 3334 884 3375 se
912 3333 1028 3374 esse
1074 3325 1425 3390 cognoscant.
1467 3320 1540 3374 Et
1588 3327 1937 3374 revertantur
1989 3319 2050 3374 in

443 3410 750 3484 pulverem,
782 3408 839 3466 id
867 3416 950 3466 est
977 3408 1344 3466 humilientur
1369 3425 1439 3466 ex
1468 3409 1690 3466 inﬁrma
1707 3409 2049 3466 conditione.

443 3502 673 3574 Propter
703 3502 853 3558 hunc
874 3503 1180 3575 pulverem,
1209 3501 1279 3558 ad
1306 3501 1464 3575 cujus
1481 3500 1804 3559 memoriam
1831 3498 1928 3572 qui
1955 3513 2054 3554 se-

444 3591 706 3664 metipsos
751 3591 1108 3648 considerant
1146 3601 1503 3662 revocantur,
1560 3607 1658 3664 per
1712 3588 2050 3661 Sapientiam

443 3681 651 3738 dicitur
683 3700 696 3738 :
727 3682 872 3738 Iusti
897 3681 1198 3754 fulgebunt,
1226 3689 1274 3738 et
1300 3683 1438 3738 sicut
1470 3680 1714 3736 scintillae
1753 3679 1812 3734 in
1832 3679 2053 3734 arundi-

441 3775 559 3824 neto
607 3770 909 3826 discurrent
952 3771 1113 3842 (Sap.
1146 3787 1230 3840 ιιι,
1264 3770 1344 3844 7).
1366 3769 1552 3826 Sancti
1581 3767 1732 3823 enim
1761 3765 1871 3820 viri
1917 3764 2051 3820 dum

443 3857 824 3930 peccatoribus
852 3858 1272 3930 permiscentur,
1294 3873 1388 3914 eos
1413 3855 1798 3928 exemplorum
1823 3870 2051 3910 suorum

445 3947 572 4020 igne
599 3948 963 4018 succendunt,
997 3949 1014 3983 ¹
1045 3955 1212 4021 atque
1231 3936 1396 4003 omne
1424 3944 1574 4019 quod
1601 3944 1802 4012 nitent,
1817 3943 1876 3999 in
1905 3943 2052 4000 cine-

440 4053 558 4094 rem
587 4037 869 4110 redignnt,
901 4037 1034 4110 quia
1062 4035 1284 4108 pietatis
1303 4035 1526 4091 flamma
1547 4033 1884 4105 consumpti,
1916 4031 2051 4088 dum

440 4127 821 4185 inﬁmitatem
849 4129 1190 4185 conditionis
1219 4145 1331 4185 sum
1345 4129 1718 4201 conspiciunt,
1737 4126 1882 4183 nihil
1897 4125 2053 4182 aliud

441 4231 607 4290 quam
636 4216 884 4272 favillam
912 4232 970 4271 se
997 4232 1114 4272 esse
1140 4224 1568 4287 cognoscunt,nt
1591 4231 1624 4270 a
1641 4215 1912 4286 superbia
1939 4230 2052 4270 ειιω

441 4305 650 4360 duritia
677 4305 928 4372 resoluti,
950 4319 1050 4376 per
1073 4305 1466 4376 paenitentiam
1496 4304 1686 4360 dicant
1712 4303 1771 4359 id
1787 4303 1934 4376 quod
1962 4320 2050 4360 su-

441 4407 540 4465 pra
567 4391 903 4464 protulimus
927 4392 1238 4457 :Memento,
1257 4391 1500 4457 Domine,
1525 4393 1655 4462 quia
1668 4391 1848 4464 pulvis
1871 4407 2051 4446 sumus

439 4488 621 4557 (Psal.
655 4503 750 4556 cn,
775 4485 892 4559 14).
927 4485 1074 4542 784
1101 4486 1248 4542 Bene
1280 4502 1408 4558 ergo
1437 4486 1642 4544 dicitur
1663 4487 1796 4560 quia
1823 4503 1948 4543 cum
1979 4486 2048 4543 ad

441 4593 498 4634 se
525 4577 784 4649 spiritum
811 4577 1058 4634 hominis
1084 4576 1354 4633 Dominus
1387 4575 1572 4645 trahit,
1601 4575 2042 4633 deﬁcietomnis

439 4682 568 4723 caro
593 4667 782 4736 simul,
826 4674 882 4723 et
928 4665 1097 4724 homo
1143 4666 1202 4721 in
1233 4665 1474 4722 cinerem
1521 4672 1827 4722 revertetur
1849 4708 1862 4721 .
1890 4663 2036 4738 [Rec.

437 4754 630 4830 XIII]
657 4756 784 4812 Haec
809 4755 942 4812 Elin
969 4763 1024 4811 et
1049 4771 1182 4811 vera
1206 4762 1337 4812 sunt
1368 4763 1423 4811 et
1451 4770 1670 4828 magna,
1711 4769 1834 4827 quae
1873 4752 2046 4821 dicit;

435 4844 531 4902 sed
547 4844 680 4918 quia
707 4845 848 4901 male
875 4861 1008 4900 mox
1034 4860 1105 4900 ex
1132 4859 1198 4900 eo
1228 4843 1374 4918 quod
1402 4843 1541 4900 bene
1559 4843 1732 4900 sensit
1759 4841 2048 4912 intumuit,

435 4933 622 4990 verbis
648 4933 1009 5007 sequentibus
1035 4931 1242 5006 prodit,
1275 4931 1464 4989 dicens
1496 4949 1508 4988 :

797 5051 1029 5109 CAPUT
1049 5049 1238 5106 XXIII
1265 5045 1408 5122 [νει.
1426 5045 1720 5120 XXVIII].

502 5143 678 5202 Vnus.
712 5143 800 5201 16.
827 5174 900 5186 -
930 5141 990 5200 Si
1019 5141 1174 5197 habes
1201 5153 1323 5210 ergo
1356 5138 1694 5204 intellectum,
1742 5134 1876 5192 audi
1901 5134 2044 5206 quod

410 5223 652 5300 dicitur,
680 5237 730 5286 et
749 5232 995 5287 ausculta
1021 5245 1194 5286 vocem
1221 5226 1416 5298 eloquii
1441 5227 1564 5284 mei.

505 5319 596 5375 50.
621 5319 846 5391 Superbi
879 5323 1006 5390 plus
1023 5320 1246 5377 videndo
1267 5318 1500 5390 caligant
1527 5322 1576 5372 et
1601 5315 1896 5372 cceeutiunt.
1923 5316 2037 5384 Quo

433 5407 604 5479 magis
624 5408 882 5479 superbia:
908 5409 1094 5466 vitium
1111 5410 1375 5482 patimur,
1390 5407 1568 5464 minus
1586 5406 1915 5463 videmus.--
1934 5407 2038 5462 Ha-

435 5497 570 5555 bent
595 5496 704 5554 hoc
732 5497 1019 5570 proprium
1063 5515 1257 5556 omnes
1300 5506 1638 5573 arrogantes,
1665 5505 1730 5554 ut
1764 5513 1892 5580 cum
1918 5497 2038 5554 for-

511 5714 527 5748 ¹
561 5712 686 5781 Hic,
715 5711 1144 5782 praelucentibus
1169 5711 1298 5772 Mss.
1329 5714 1510 5784 Colb.,
1539 5714 1752 5782 Balnz.,
1774 5711 2040 5784 Vindoc.,

435 5782 658 5856 Ebroic.
690 5791 744 5840 et
771 5784 898 5841 aliis
922 5784 1136 5855 Norm.,
1157 5782 1574 5842 emendavimus
1587 5799 1819 5856 excusas
1845 5783 1906 5838 in
1923 5782 2042 5856 qui-

433 5855 539 5912 bus
565 5855 807 5929 legitur:
840 5872 940 5928 per
981 5872 1131 5913 omne
1176 5856 1320 5928 quod
1361 5856 1529 5912 nitent
1571 5856 1634 5910 in
1683 5855 1912 5911 cinerem
1938 5855 2044 5909 ro-

2069 4623 2119 4682 D

2159 1981 2280 2038 dixi
2312 1999 2326 2040 :
2359 1982 2418 2038 Si
2463 1982 2617 2037 habes
2645 1981 2787 2052 quod
2816 1981 3076 2052 loquaris,
3115 1981 3374 2053 responde
3402 1980 3558 2037 mihi.
3613 1981 3702 2036 Ac
3731 1981 3780 2037 si

2160 2069 2367 2128 diceret
2399 2088 2412 2126 :
2443 2070 2546 2127 Dic
2583 2068 2818 2143 aliquid,
2865 2070 2914 2126 si
2941 2077 3126 2126 tamen
3165 2069 3366 2142 dignus
3405 2069 3617 2142 poteris
3653 2085 3780 2127 esse

2161 2161 2257 2233 qui
2287 2159 2458 2217 dicas.
2490 2158 2595 2214 Hic
2619 2165 2801 2216 autem
2830 2160 2908 2215 ait
2941 2177 2952 2216 :
2989 2161 3048 2217 Si
3074 2159 3230 2214 habes
3263 2159 3606 2226 intellectum,
3641 2159 3783 2214 audi

2161 2250 2304 2322 quod
2331 2249 2544 2306 dicitur.
2578 2251 2660 2306 Ac
2686 2249 2732 2306 si
2761 2257 2945 2322 aperte
2973 2249 3122 2306 dicat
3153 2249 3334 2306 :Andi
3365 2267 3476 2319 me,
3508 2251 3556 2306 si
3585 2257 3781 2306 tamen

2163 2339 2365 2412 dignus
2410 2341 2616 2411 poteris
2641 2354 2756 2395 esse
2787 2340 2882 2412 qni
2911 2339 3122 2395 audias.
3153 2340 3250 2395 Isti
3281 2347 3414 2396 sunt
3453 2339 3781 2412 quotidiani

2165 2428 2433 2496 defectus,
2464 2427 2558 2500 qui
2588 2428 2647 2483 in
2676 2426 2936 2484 cordibus
2963 2427 3322 2499 reprobornm
3371 2427 3538 2496 ﬁunt,
3569 2427 3783 2500 quibus

2164 2517 2540 2574 indesinenter
2565 2515 2635 2572 ad
2666 2516 2937 2572 deteriora
2961 2515 3323 2585 descendunt,
3354 2517 3488 2590 quia
3506 2517 3649 2573 dum
3673 2517 3786 2572 mi-

2163 2621 2300 2661 nora
2328 2605 2548 2662 incaute
2575 2606 2881 2676 negligunt,
2917 2603 2986 2660 ad
3029 2604 3238 2676 majora
3275 2605 3592 2677 perniciose
3637 2621 3784 2677 pro-

2163 2702 2448 2766 rumpunt.
2480 2695 2598 2750 .lam
2628 2701 2683 2750 et
2710 2693 2818 2750 hoc
2845 2693 2914 2749 de
2942 2694 3200 2766 superbia
3226 2694 3426 2763 fuerat,
3456 2695 3606 2768 quod
3636 2695 3784 2751 bea-

2163 2791 2281 2840 tum
2306 2783 2409 2840 Job
2458 2783 2516 2841 id
2543 2783 2692 2857 quod
2735 2783 2948 2856 justum
2976 2792 3058 2839 est
3087 2784 3240 2857 loqui
3275 2800 3432 2856 posse
3461 2784 3784 2843 dubitabat.

2163 2873 2268 2928 Sed
2297 2871 2430 2928 dum
2463 2871 2606 2929 hanc
2630 2873 2689 2928 in
2713 2873 3008 2944 semetipso
3041 2872 3390 2929 considerare
3419 2873 3679 2946 negligit,
3710 2873 3786 2929 ad

2161 2963 2428 3034 nequiora
2456 2963 2728 3034 pervenit,
2758 2969 2822 3018 ut
2873 2974 2986 3018 non
3022 2962 3202 3018 solum
3245 2977 3400 3034 posse
3429 2961 3500 3016 ab
3547 2973 3615 3017 eo‘
3662 2961 3782 3019 dici

2163 3050 2310 3123 quod
2333 3049 2545 3122 justum
2575 3058 2658 3106 est
2683 3049 2920 3118 dubitet,
2949 3050 3045 3106 sed
3073 3051 3238 3106 etiam
3255 3049 3532 3106 dicentem
3549 3066 3607 3105 se
3628 3049 3788 3122 jnsta

2163 3139 2231 3195 ab
2259 3156 2324 3197 eo
2355 3139 2593 3211 intelligi
2621 3155 2778 3211 posse
2806 3139 3073 3212 desperet.
3095 3141 3249 3197 Unde
3270 3141 3471 3199 vitium
3501 3140 3786 3212 superbiat

2161 3228 2230 3284 ab
2262 3231 2380 3301 ipsa
2419 3243 2553 3284 mox
2575 3227 2760 3285 radice
2788 3228 3084 3285 secandum
3127 3237 3230 3298 est,
3266 3237 3331 3285 ut
3375 3245 3503 3287 cum
3535 3230 3786 3288 latenter

2161 3320 2500 3387 oritur,tunc
2517 3317 2813 3389 vigilanter
2831 3317 3241 3388 abscidatur,ne
3269 3327 3536 3392 provectu
3568 3321 3784 3392 vigeat,

2159 3423 2228 3466 ne
2258 3424 2362 3464 usu
2385 3407 2695 3464 roboretur.
2724 3407 2962 3464 Difﬁcile
2990 3407 3140 3464 enim
3180 3409 3239 3463 in
3269 3424 3326 3464 se
3355 3409 3588 3482 quisque
3619 3409 3784 3466 inve-

2159 3503 2387 3552 teratam
2417 3495 2730 3568 superbiam
2781 3495 3165 3568 deprehendit,
3195 3497 3328 3569 quia
3355 3496 3628 3554 nimirum
3665 3499 3781 3559 hoc

2159 3585 2360 3641 vitium
2390 3593 2597 3658 quanto
2617 3585 2792 3658 magis
2819 3585 3081 3657 patimur,
3111 3591 3269 3640 tanto
3289 3585 3476 3641 minus
3498 3585 3784 3646 videmus.

2160 3675 2251 3731 Sic
2273 3675 2475 3748 quippe
2507 3675 2564 3730 in
2595 3682 2778 3730 mente
2808 3674 3086 3746 superbia,
3115 3675 3261 3731 sicut
3287 3676 3348 3731 in
3377 3675 3558 3732 oculis
3585 3677 3773 3750 caligo

2161 3763 2602 3836 generatur.Quo
2631 3780 2688 3820 se
2715 3763 2832 3820 haec
2859 3763 3027 3819 latius
3041 3762 3258 3832 dilatat,
3287 3779 3354 3819 eo
3374 3764 3772 3826 vehementius

2160 3853 2347 3909 lumen
2378 3861 2655 3926 angustat.
2698 3853 2984 3926 Paulisper
3006 3869 3134 3927 ergo
3163 3854 3332 3912 elatio
3360 3854 3419 3910 in
3451 3858 3784 3928 praeor-diis

2160 3943 2378 4012 crescit,
2407 3951 2462 3998 et
2489 3959 2615 3998 cum
2642 3957 2699 3998 se
2725 3942 2936 3998 vastius
2955 3941 3290 4013 extenderit,
3313 3959 3594 4017 oppressae
3619 3963 3780 4004 men-

2158 4031 2233 4088 tis
2249 4031 2473 4088 oculum
2489 4031 2744 4088 funditus
2764 4030 3058 4100 claudit,ut
3071 4033 3326 4104 captivus
3334 4033 3558 4091 animus
3575 4043 3782 4108 typum

2159 4121 2413 4177 elationis
2443 4128 2498 4176 et
2533 4121 2648 4192 pati
2676 4121 2868 4192 possit,
2899 4127 2955 4176 et
2979 4128 3168 4177 tamen
3199 4121 3257 4178 id
3289 4122 3437 4195 quod
3455 4125 3674 4196 patitur
3698 4127 3782 4182 vi.

2157 4209 2285 4265 dere
2313 4226 2426 4266 non
2455 4209 2647 4281 possit.
2679 4209 2786 4265 Sed
2813 4209 2944 4282 quia
2964 4218 3282 4282 arrogantes
3310 4212 3420 4267 viri
3447 4213 3780 4286 aliquando,

2157 4306 2220 4355 ut
2247 4299 2514 4365 diximus,
2531 4305 2681 4354 recta
2699 4314 2812 4354 non
2831 4307 2976 4356 recte
2997 4301 3334 4370 sentiunt,et
3346 4299 3494 4358 bona
3513 4303 3780 4360 invenire

2159 4397 2454 4458 noverunt,
2494 4389 2587 4446 sed
2617 4389 2735 4447 huic
2762 4389 2900 4446 bene
2931 4391 3177 4464 proferre
3206 4400 3598 4462 contemnunt,
3643 4395 3781 4452 Elin

2157 4487 2280 4552 post
2307 4479 2563 4535 elationis
2590 4487 2808 4552 typum,
2841 4497 2951 4553 quo
2979 4479 3198 4536 dixerat
3226 4499 3239 4536 :
3276 4482 3336 4539 Si
3361 4483 3518 4540 habes
3540 4483 3771 4542 intelle-

2156 4575 2316 4634 ctum,
2341 4568 2473 4624 audi
2491 4570 2634 4640 quod
2662 4569 2884 4638 dicitur,
2911 4568 3102 4625 subdit
3139 4569 3331 4628 dicens
3361 4589 3376 4628 :

2509 4683 2740 4742 CAPUT
2769 4685 2958 4742 xx1v
2988 4683 3130 4760 [Vet.
3177 4687 3411 4763 XXIX].

2233 4772 2406 4830 Vsus.
2430 4775 2518 4830 17.
2533 4803 2606 4816 -
2617 4775 2876 4846 Nunquid
2890 4775 2984 4846 qui
2999 4793 3108 4832 non
3123 4785 3270 4833 amat
3283 4777 3556 4847 judicium
3583 4783 3780 4839 sanari

2152 4869 2367 4942 potest?
2415 4869 2684 4936 Quomodo
2731 4875 2788 4924 tu
2813 4886 2931 4925 eum
2959 4869 3080 4940 ,qui
3115 4870 3298 4940 justus
3344 4879 3421 4928 est
3459 4873 3520 4928 in
3566 4879 3776 4932 tantum

2155 4959 2469 5014 condemnas
2489 4960 2517 5014 ἵ

2223 5047 2312 5103 51.
2344 5048 2411 5104 In
2438 5047 2680 5104 omnibus
2726 5063 2845 5118 qua;
2885 5046 3112 5102 dicimus
3157 5049 3572 5120 attendendum;
3619 5054 3774 5125 quid,

2149 5137 2254 5206 cui,
2282 5138 2496 5208 quando
2519 5143 2568 5192 et
2616 5135 2877 5207 quomodo
2906 5135 3140 5194 dicatur.
3193 5167 3266 5179 —
3295 5137 3508 5195 Bonam
3539 5142 3773 5214 quidem

2147 5225 2475 5280 sententiam
2506 5225 2759 5297 protulit,
2795 5221 2892 5278 sed
2918 5223 3080 5279 beato
3113 5223 3217 5280 Iob
3268 5225 3605 5297 proferenda
3658 5246 3773 5287 non

2145 5313 2274 5370 fuit.
2305 5315 2369 5370 In
2389 5313 2541 5369 omni
2571 5312 2719 5368 enim
2750 5311 2898 5385 quod
2928 5311 3137 5369 dicitur
3167 5316 3774 5387 summopereint‘nen-

2147 5403 2281 5459 dum
2309 5410 2392 5458 est
2422 5401 2554 5475 quid
2581 5401 2820 5470 dicatur,
2850 5402 2942 5458 cui
2984 5401 3234 5471 dicatur,
3275 5404 3500 5478 quando
3525 5405 3770 5478 dicatur,

2149 5490 2428 5565 quomodo
2456 5489 2695 5547 dicatur.
2727 5491 2861 5546 Elin
2887 5497 3072 5548 autem
3101 5491 3340 5548 attendit
3364 5493 3504 5564 quid
3532 5494 3766 5554 diceret.

2149 5709 2510 5846 detin'i‘uron”
2543 5773 2750 5832 cautius
2767 5775 3092 5851 percipiunt.
