3928 6388
189 425 298 484 317

922 427 1300 488 MORALI'UM
1339 428 1475 489 LIB.
1512 428 1721 492 XXIV.
1761 461 1834 477 —
1869 433 1944 492 ΙΝ
1978 434 2210 494 CAPUT
2246 436 2492 497 XXXIV
2527 439 2591 496 B.
2632 441 2777 499 JOB.

3429 449 3537 509 318

190 555 289 614 sed
317 555 413 611 cui
440 556 649 613 diceret
677 571 789 613 non
810 556 1068 613 attendit.
1102 558 1299 614 Beatus
1312 560 1516 632 quippe
1536 559 1639 615 Job
1670 577 1815 617 ama-
1853 564 1906 624 A
1932 563 2193 636 exempto,
2222 564 2458 619 subditos
2477 581 2537 619 in
2561 581 2790 637 princeps
2820 570 3235 641 trahat—Quia
3253 591 3386 633 vero
3404 592 3534 634 cum

191 645 288 702 bat
325 643 636 717 judicium,
674 650 819 709 785
848 647 980 721 quia
1018 663 1211 703 causas
1245 663 1372 703 suas
1400 664 1527 705 cum
1572 650 1814 707 Domino

193 757 430 814 pensare
460 742 745 799 subtiliter
772 754 1021 801 noverat.
1054 747 1167 803 Nec
1193 745 1660 803 condemnaverat
1688 762 1814 802 eum

192 831 293 903 qui
316 830 509 903 justus
534 840 638 901 est,
680 834 776 889 sed
805 850 905 890 cur
933 835 1053 891 sine
1074 844 1296 907 peccato
1317 852 1604 907 percussus
1636 835 1817 892 fuerat

199 918 264 974 in
297 918 494 976 dolore
520 924 735 993 positus
763 940 890 980 cum
929 925 1245 982 humilitate
1274 925 1609 999 requirebat.
1651 928 1817 982 Amat

183 1006 478 1080 judicium
510 1011 765 1084 quisquis
786 1012 905 1068 vias
932 1030 1058 1069 suas
1079 1014 1362 1070 subtiliter
1388 1014 1644 1085 discutit,
1663 1025 1717 1072 et
1736 1034 1814 1072 se-

189 1102 499 1158 cretarium
530 1104 715 1159 cordis
743 1104 1045 1177 ingressus,
1079 1105 1214 1179 quid
1262 1107 1536 1162 Dominus
1566 1107 1671 1179 ipsi
1704 1109 1817 1162 tri-

190 1188 357 1259 buat,
386 1191 522 1264 quid
555 1192 671 1264 ipse
702 1194 942 1251 Domino
962 1194 1158 1251 debeat
1187 1203 1398 1268 pensat.
1432 1196 1591 1264 Quod
1624 1197 1816 1252 beatus

192 1280 304 1338 Job
338 1282 623 1355 quomodo
653 1300 765 1340 non
796 1284 1021 1354 fecerat,
1054 1285 1149 1359 qui
1183 1293 1295 1341 tam
1329 1286 1519 1343 crebra
1546 1286 1817 1343 sacriﬁcia

203 1373 220 1407 ¹
264 1372 327 1427 in
358 1374 680 1445 expiatione
697 1373 942 1430 ﬁliorum
972 1375 1138 1431 etiam
1170 1392 1270 1449 pro
1288 1376 1717 1448 cogitationibus
1736 1376 1814 1433 of-

204 1462 470 1519 ferebat?
498 1463 640 1532 Quia
671 1479 801 1537 ergo
828 1466 958 1521 Eliu
987 1466 1135 1522 dixit
1165 1467 1313 1540 quod
1342 1468 1389 1523 is
1417 1469 1512 1541 qui
1537 1468 1813 1539 judicium

206 1567 331 1609 non!
375 1560 527 1609 amat
554 1554 736 1611 sanari
780 1571 892 1611 non
931 1557 1125 1628 possit,
1166 1572 1400 1629 arguens
1445 1557 1666 1613 beatum
1713 1556 1815 1613 Job

201 1641 361 1715 quod
385 1641 661 1714 judicium
704 1660 816 1701 non
848 1653 1079 1715 amaret,
1112 1654 1166 1702 et
1196 1646 1327 1719 quia
1355 1663 1480 1703 eum
1511 1647 1606 1719 qui
1630 1645 1815 1718 justus

196 1738 291 1787 est
318 1731 757 1802 condemnasset,
781 1734 931 1791 illico
961 1736 1205 1807 ejusdem
1221 1734 1383 1807 justi,
1406 1734 1463 1791 id
1483 1744 1565 1792 est
1590 1737 1813 1792 Domini

192 1817 481 1892 justitiam
508 1822 719 1889 subdit,
750 1823 971 1881 dicens:

598 1911 827 1969 CAPUT
856 1914 1019 1971 xxv
1060 1913 1206 1989 [Rec.
1240 1914 1418 1989 XIV].

270 1995 448 2055 Vnus.
483 1998 571 2056 18.
607 2028 681 2042 -
728 2000 834 2068 Qui
880 2001 1008 2057 dicit
1055 2003 1188 2073 regi,
1216 2009 1463 2075 apostata
1484 2020 1506 2068 ;
1544 2002 1638 2073 qui
1664 2017 1816 2066 vocat

197 2086 358 2142 duces
384 2086 595 2159 impios.

269 2175 364 2233 52.
394 2177 658 2249 Apostata
685 2185 763 2235 est
787 2180 883 2251 qui
905 2180 1033 2237 aliis
1055 2188 1251 2253 praeest
1276 2199 1385 2236 non
1413 2188 1475 2237 ut
1503 2183 1701 2254 prosit,
1726 2182 1815 2237 sed

198 2273 262 2322 ut
288 2268 611 2328 dominetur.
643 2302 716 2315 —
742 2274 896 2345 Saepe
936 2275 1199 2331 novimus
1243 2274 1391 2348 quod
1424 2276 1671 2349 plerique
1717 2276 1812 2347 qui

197 2367 453 2430 praesunt
471 2360 849 2419 inordinatum
881 2363 987 2419 sibi
1012 2373 1220 2420 metum
1242 2381 1273 2419 a
1302 2364 1539 2420 subditis
1559 2366 1811 2435 exigunt,

199 2454 254 2503 et
280 2463 396 2504 non
422 2457 535 2505 tam
557 2460 781 2525 propter
807 2454 1109 2510 Dominum
1142 2470 1306 2527 quam
1337 2470 1437 2527 pro
1454 2455 1692 2510 Domino
1721 2470 1811 2509 ve-

198 2538 387 2594 nerari
405 2540 621 2597 volunt.
641 2543 795 2597 Intus
821 2543 971 2598 enim
1001 2560 1058 2598 se
1074 2551 1291 2599 tumore
1312 2544 1495 2599 cordis
1511 2544 1810 2611 extollunt,

201 2635 550 2701 cunctosque
579 2630 830 2687 subditos
850 2632 907 2687 in
929 2633 1015 2687 sui
1037 2634 1447 2705 comparatione
1476 2633 1809 2705 despiciunt,

196 2732 302 2774 nec
349 2718 845 2778 condescendendo
878 2722 903 2760 ²
948 2724 1267 2791 consulunt,
1324 2724 1418 2779 sed
1470 2723 1812 2781 dominando

199 2807 223 2842 ³
242 2810 664 2881 premunt,quia
683 2812 945 2867 videlicet
960 2813 1070 2867 alta
1085 2813 1417 2883 cogitatione
1436 2830 1491 2867 se
1512 2813 1586 2867 eri
1596 2820 1812 2883 gunt,et

208 2898 450 2969 aquales
494 2914 550 2954 se
593 2899 705 2955 illis
754 2900 958 2972 quibus
1004 2917 1097 2957 eos
1133 2918 1363 2973 praeesse
1392 2901 1671 2971 contingit
1697 2916 1810 2955 non

195 2994 528 3059 agnoscunt.
553 2987 760 3045 Contra
780 2989 931 3047 hunc
944 2998 1219 3047 tumorem
1241 3007 1338 3063 per
1358 2989 1809 3046 Ecclesiasticum

196 3075 408 3131 librum
432 3075 675 3133 dicitur:
707 3079 903 3133 Ducem
930 3086 975 3134 te
1012 3081 1396 3135 constituerunt
1416 3097 1437 3144 ;
1464 3081 1575 3134 noli
1604 3079 1807 3143 extolli,

201 3165 293 3219 sed
325 3170 433 3219 esto
460 3165 520 3218 in
539 3165 653 3221 illis
679 3168 836 3237 quasi
863 3185 1001 3224 unus
1030 3186 1095 3223 ex
1136 3169 1249 3224 illis
1283 3169 1475 3240 (Eccli.
1505 3185 1691 3234 χχχιι,
1726 3169 1806 3239 1).

198 3255 366 3310 Hunc
378 3261 656 3310 tumorem
678 3256 950 3312 Dominus
968 3273 1063 3329 per
1078 3256 1402 3329 prophetam
1421 3258 1477 3312 in
1498 3256 1809 3328 pastoribus
1839 3284 1883 3345 ο

194 3343 494 3415 increpans
513 3344 621 3399 ait:
665 3345 762 3404 Vos
790 3353 965 3401 autem
994 3363 1113 3401 cum
1140 3347 1447 3402 austeritate
1466 3347 1809 3417 imperabatis

193 3432 294 3497 eis,
344 3438 393 3487 et
443 3448 556 3487 cum
594 3435 830 3505 potentia
881 3436 1332 3507 (Ezech.xxx1v,
1360 3436 1441 3505 4).
1485 3436 1606 3508 Ipsa
1658 3437 1806 3492 enim

195 3522 349 3579 bona
379 3539 501 3596 quae
537 3524 774 3580 subditis
809 3525 1005 3583 dicunt
1051 3527 1391 3583 dominando
1421 3527 1606 3598 potius
1641 3543 1807 3598 quam

194 3612 544 3670 consulendo
590 3614 896 3685 proferunt,
934 3617 1065 3689 quia
1108 3617 1368 3672 videlicet
1397 3615 1697 3688 quidquam
1730 3616 1809 3673 eis

194 3702 358 3776 quasi
381 3717 611 3775 exaequo
627 3703 809 3761 dicere
828 3706 1149 3777 semetipsos
1169 3705 1494 3761 existimant
1522 3704 1804 3776 dejecisse.

195 3792 597 3863 Singularitate
616 3794 764 3849 enim
795 3794 1035 3865 gaudent
1058 3794 1341 3862 culminis,
1362 3802 1416 3849 et
1445 3810 1557 3849 non
1587 3796 1809 3866 aequali-

194 3887 315 3937 tate
343 3881 704 3939 conditionis.
727 3883 833 3939 Sed
860 3886 991 3956 quia
1012 3883 1129 3939 haec
1147 3884 1418 3939 tumentia
1447 3883 1614 3939 corda
1638 3891 1809 3940 recto-

195 3984 328 4026 rum
358 3969 638 4027 subtiliter
666 3973 937 4029 Dominus
956 3980 1169 4045 pensat,
1187 3972 1325 4028 bene
1354 3980 1545 4029 contra
1561 3989 1654 4028 eos
1675 3972 1809 4028 dici-

195 4067 324 4116 tur:
359 4060 469 4127 Qui
504 4061 635 4115 dicit
672 4062 1075 4134 regi,apostata.
1108 4062 1498 4135 Unusquisque
1526 4064 1672 4119 enim
1707 4080 1810 4119 su-

198 4147 410 4221 perbus
438 4155 621 4209 rector
649 4152 816 4205 toties
844 4152 914 4207 ad
955 4152 1175 4223 culpam
1201 4151 1490 4222 apostasiae
1520 4151 1808 4221 dilabitur,

198 4237 445 4311 quoties,
475 4254 706 4311 praeesse
736 4239 1061 4296 hominibus
1092 4239 1415 4307 delectatus,
1450 4239 1680 4296 honoris
1722 4240 1810 4296 sui

196 4328 590 4401 singularitate
617 4330 853 4387 laetatur.
885 4330 999 4387 Sub
1013 4347 1126 4404 quo
1141 4330 1290 4387 enim
1318 4330 1390 4385 sit
1418 4346 1528 4385 non
1550 4330 1812 4387 conside-

198 4427 311 4488 rat,
338 4427 396 4475 et
423 4420 568 4492 quod
586 4420 891 4493 aequalibus
906 4422 1063 4493 quasi
1084 4438 1194 4477 non
1211 4420 1284 4476 sit
1304 4421 1529 4493 aequalis
1549 4421 1809 4478 exsultat.

198 4508 363 4567 Unde
383 4517 567 4565 autem
590 4510 709 4567 haec
726 4511 994 4567 vitiorum
1015 4510 1175 4568 radix
1202 4510 1444 4582 pullulat
1467 4512 1526 4566 in
1544 4511 1708 4567 corde
1732 4526 1811 4566 re-

200 4599 481 4673 gentium,
502 4600 611 4655 nisi
641 4615 711 4655 ex
734 4601 1044 4657 imitatione
1075 4601 1228 4656 illius
1256 4600 1376 4673 qui,
1406 4600 1678 4671 despectis
1705 4617 1814 4656 an-

202 4690 460 4759 gelorum
490 4687 870 4757 societatibus,
902 4687 1085 4742 dixit:
1119 4688 1413 4743 Ascendam
1446 4703 1610 4758 super
1635 4689 1815 4745 altitu-

202 4778 385 4833 dinem
404 4778 648 4843 nubium,
664 4783 713 4833 et
729 4779 921 4833 similis
943 4795 1031 4832 ero
1052 4779 1328 4833 Altissimo
1352 4778 1508 4848 (Isai.
1541 4795 1661 4847 xxv,
1692 4779 1817 4852 ili)?

204 4867 353 4936 Quia
370 4884 501 4938 ergo
530 4869 913 4941 unusquisque
933 4876 1117 4924 rector
1144 4868 1361 4940 quoties
1380 4869 1737 4925 extolliturin
1752 4886 1817 4927 eo

205 4960 359 5033 quod
374 4967 602 5016 caeteros
621 4962 781 5034 regit,
804 4963 968 5018 toties
989 4977 1084 5032 per
1105 4961 1317 5033 lapsum
1340 4961 1608 5032 superbiae
1624 4979 1655 5018 a
1671 4979 1818 5018 sum-

208 5050 288 5106 mi
326 5051 559 5108 rectoris
588 5053 820 5109 servitio
846 5060 1163 5125 separatur;
1195 5059 1249 5107 et
1280 5068 1407 5107 cum
1443 5053 1678 5123 aequales
1710 5053 1817 5109 sibi

208 5140 469 5197 subditos
498 5140 754 5214 despicit,
788 5141 908 5215 ejus
938 5158 1101 5214 super
1140 5157 1196 5196 se
1225 5140 1537 5197 dominium
1576 5140 1679 5196 sub
1707 5158 1817 5214 quo

210 5245 407 5285 omnes
426 5232 663 5304 aequales
682 5239 814 5288 sunt
840 5248 951 5289 non
968 5233 1236 5305 agnoscit,
1266 5238 1412 5287 recte
1440 5230 1678 5286 dicitur:
1714 5231 1820 5299 Qui

208 5319 340 5375 dicit
365 5322 502 5392 regi,
525 5328 792 5393 apostata.

284 5408 431 5485 [νει.
486 5411 687 5487 XXX]
742 5411 832 5469 53.
888 5413 1093 5486 Impius
1150 5418 1245 5479 est,
1306 5411 1355 5467 si
1406 5427 1517 5467 sua:
1561 5409 1820 5483 superbiae

287 5627 307 5661 ι
336 5625 454 5695 Α),
484 5626 545 5681 in
568 5624 941 5697 expiationem.

285 5698 311 5732 ³
342 5697 580 5765 Turou.,
610 5698 971 5753 consolantur.

285 5770 309 5842 ?
336 5769 528 5842 Baluz.
562 5774 619 5824 et
646 5766 827 5837 Colb.,
852 5773 1203 5842 praesumunt.

284 5841 311 5874 ‘
337 5840 571 5897 Pratel..
601 5854 721 5893 cum
745 5840 1041 5897 possumus.

284 5911 311 5946 ι
337 5882 1200 5985 ἰιὶ“’ὖῖἰιιὶῗζ”ώὶἱ›ἶ”ἔὶ“ιῆὸτω.,
1224 5929 1365 5988 quos
1400 5920 1522 5975 vet.
1569 5912 1675 5972 Ed.
1720 5927 1820 5971 se-

1926 654 2267 711 dominando
2297 662 2565 727 praesunt,
2597 658 2853 729 exemplo
2871 676 2980 714 suae
3000 664 3268 733 superbiae
3280 666 3535 723 subditos

1926 743 1993 799 ad
2026 743 2366 817 impietatem
2397 744 2652 810 trahunt,
2681 752 2805 817 apte
2834 746 3194 820 subjungitur
3217 768 3227 805 :
3252 754 3355 819 Qui
3383 760 3537 811 vocat

1926 833 2079 888 duces
2113 833 2324 904 impios.
2357 832 2444 888 Ad
2475 834 2625 889 viam
2653 849 2891 908 namque
2919 836 3141 908 pietatis
3169 838 3454 909 ducerent,
3484 842 3532 898 si

1925 922 2276 978 subditorum
2300 921 2477 978 oculis
2497 922 2835 979 humilitatis
2863 926 3119 997 exempla
3139 938 3529 987 monstrarent.

1927 1009 2073 1084 [Rec.
2113 1011 2260 1085 XV.]
2288 1013 2414 1066 Dux
2449 1019 2635 1067 autem
2666 1019 2750 1067 est
2778 1012 3108 1087 impius,qui
3135 1031 3168 1071 a
3194 1017 3415 1072 tramite
3444 1034 3533 1072 ve-

1925 1100 2106 1155 ritatis
2154 1100 2463 1167 exorbitat;
2508 1107 2563 1155 et
2609 1100 2742 1157 dum
2787 1102 2989 1174 ipsein
3029 1120 3267 1178 praeceps
3300 1106 3435 1175 ruit,
3464 1106 3535 1162 ad

1925 1190 2159 1263 abrupta
2204 1197 2496 1262 sequentes
2533 1189 2756 1246 invitat.
2786 1192 2916 1247 Dux
2943 1201 3025 1248 est
3053 1193 3283 1266 impius,
3313 1194 3409 1267 qui
3438 1210 3536 1266 per

1923 1280 2162 1338 tumoris
2188 1278 2443 1351 exempla
2471 1278 2620 1333 viam
2652 1278 2894 1336 ostendit
2920 1282 3143 1339 erroris.
3184 1282 3389 1338 Paulus
3416 1282 3534 1338 dux

1925 1387 2041 1427 esse
2084 1368 2385 1441 impietatis
2427 1368 2730 1433 metuebat,
2759 1385 2885 1425 cum
2916 1372 3204 1442 potestatis
3234 1388 3347 1428 sum
3377 1371 3532 1428 celsi-

1923 1458 2175 1514 tudinem
2196 1455 2754 1530 reprimebat,dieens
2779 1476 2791 1513 ε
2812 1460 2928 1529 {Nec
2954 1467 3242 1529 querentes
3264 1460 3331 1515 ab
3354 1460 3534 1515 homi-

1920 1550 2080 1605 nibus
2123 1550 2375 1621 gloriam,
2421 1564 2584 1619 neque
2610 1566 2646 1603 a
2678 1547 2845 1614 vobis,
2873 1565 3040 1619 neque
3070 1550 3137 1605 ab
3164 1550 3316 1618 aliis,
3348 1550 3371 1585 ‘
3412 1566 3531 1606 cum

1918 1649 2185 1719 possimus
2213 1650 2366 1703 oneri
2384 1663 2511 1712 esse,
2552 1642 2696 1702 786
2732 1655 2793 1703 ut
2854 1652 3056 1709 Christi
3110 1650 3385 1723 apostoli,
3442 1649 3533 1705 sed

1923 1740 2056 1810 facti
2084 1758 2264 1794 sumus
2280 1741 2516 1795 inmedio
2538 1749 2767 1795 vestrum
2780 1742 3001 1811 parvuli
3020 1741 3078 1810 (Ι
3096 1741 3331 1795 Thessal.
3360 1756 3425 1806 ιι,
3446 1738 3527 1804 6).

1924 1831 2195 1885 Parvulus
2222 1831 2282 1885 in
2304 1830 2487 1886 medio
2517 1846 2709 1886 eorum
2728 1830 2905 1886 factus
2926 1830 3123 1897 fuerat,
3146 1828 3277 1902 quia
3298 1828 3532 1884 timebat

1848 1928 1898 1989 Β
1928 1933 1997 1973 ne
2026 1918 2072 1974 si
2102 1918 2248 1974 inter
2273 1918 2581 1992 discipulos
2608 1919 2874 1976 honorem
2896 1935 3008 1974 suae
3040 1916 3389 1975 celsitudinis
3408 1917 3531 1971 vin-

1924 2006 2154 2077 dicaret,
2177 2010 2429 2081 exempla
2454 2010 2710 2065 elationis
2739 2008 3068 2065 ostenderet.
3088 2006 3337 2062 Timebat
3365 2005 3529 2061 nimi-

1923 2114 2048 2153 rum
2098 2114 2168 2155 ne
2195 2098 2327 2155 dum
2360 2099 2474 2171 ipse
2505 2099 2611 2155 sibi
2650 2106 2975 2171 potestatem
3005 2097 3295 2170 pastoralis
3324 2101 3532 2168 poten-

1923 2187 2016 2243 tiae
2047 2196 2338 2262 quaereret,
2370 2205 2503 2260 grex
2532 2188 2790 2244 subditus
2819 2204 2915 2260 per
2935 2187 3169 2259 abrupta
3188 2192 3530 2258 sequeretur,

1924 2286 1978 2333 et
2024 2278 2094 2334 ad
2141 2279 2480 2352 impietatem
2530 2285 2822 2353 sequentes
2867 2276 3112 2347 duceret,
3167 2275 3262 2349 qui
3310 2273 3533 2347 pietatis

1923 2367 2167 2424 ofﬁcium
2205 2369 2551 2440 suscepisset.

1993 2456 2083 2513 54.
2111 2458 2224 2514 Sibi
2260 2459 2483 2513 subditis
2502 2458 2760 2513 virtutum
2778 2456 3057 2529 splendore
3068 2455 3378 2527 prwluceat.
3409 2452 3533 2507 Eo-

1921 2563 2046 2601 rum
2075 2549 2259 2620 culpas
2287 2550 2579 2621 prudenter
2605 2554 2656 2603 et
2681 2547 2953 2602 humiliter
2988 2546 3242 2616 corrigat.
3272 2573 3345 2586 —
3372 2541 3530 2599 Unde

1922 2653 2143 2694 necesse
2194 2646 2278 2693 est
2320 2646 2385 2693 ut
2431 2639 2479 2693 is
2507 2638 2602 2711 qui
2634 2644 2830 2710 praeest
2858 2653 2979 2709 quas
3008 2635 3261 2707 exempla
3289 2630 3530 2689 subditis

1920 2727 2162 2800 praebeat
2197 2728 2425 2783 solerter
2470 2727 2753 2794 attendat;
2785 2734 2840 2781 et
2870 2726 3042 2781 tantis
3069 2741 3127 2779 se
3154 2723 3292 2780 sciat
3317 2721 3529 2787 vivere,

1922 2816 1944 2850 ⁵
1962 2817 2185 2887 quantis
2197 2831 2518 2887 praeesse;ac
2534 2816 2829 2887 vigilanter
2848 2815 3108 2886 inspiciat
3128 2827 3197 2867 ne
3219 2812 3276 2866 in
3297 2826 3363 2865 eo
3383 2809 3531 2882 quod

1922 2904 2184 2976 praelatus
2230 2913 2312 2959 est
2356 2906 2728 2970 intumescat;
2770 2920 2840 2960 ne
2863 2904 2990 2976 jura
3016 2902 3216 2959 debita
3243 2898 3532 2973 potestatis

1923 2990 2344 3046 immoderatius
2373 2991 2589 3063 exigat;
2640 3008 2709 3047 ne
2729 2991 3040 3062 disciplinae
3066 2990 3161 3061 jus
3197 2995 3445 3044 mutetur
3470 2986 3531 3041 in

1919 3081 2157 3151 rigorem
2207 3079 2497 3152 superbiae;
2550 3086 2605 3135 et
2634 3079 2779 3135 unde
2814 3095 2846 3133 a
2876 3078 3234 3151 perversitate
3277 3074 3531 3132 subditos

1920 3170 2250 3242 restringere
2262 3176 2498 3242 poterat,
2518 3167 2646 3224 inde
2678 3167 2850 3238 magis
2871 3166 3209 3222 intuentium
3226 3164 3395 3221 corda
3408 3179 3529 3237 per-

1918 3268 2129 3325 vertat;
2154 3276 2242 3328 ne,
2266 3269 2329 3315 ut
2350 3259 2561 3315 dictum
2575 3265 2679 3324 est,
2702 3255 3002 3328 impietatis
3023 3253 3139 3311 dux
3168 3270 3265 3326 per
3284 3254 3530 3310 oﬂicium

1921 3352 2142 3424 pietatis
2161 3352 2381 3406 existat.
2407 3350 2530 3405 Non
2549 3356 2731 3404 autem
2762 3346 2925 3402 debet
2954 3345 3247 3401 hominum
3267 3343 3531 3400 ducatum

1921 3440 2220 3512 suscipere,
2254 3438 2349 3512 qui
2384 3438 2564 3495 nescit
2592 3438 2847 3493 homines
2874 3436 3014 3491 bene
3034 3433 3281 3491 vivendo
3300 3433 3527 3507 praeire;

1921 3546 1993 3587 ne
2029 3530 2127 3603 qui
2174 3529 2243 3585 ad
2286 3528 2393 3585 hoc
2436 3528 2660 3601 eligitur
2688 3534 2755 3583 ut
2782 3527 3019 3583 aliorum
3047 3527 3239 3598 culpas
3267 3523 3530 3594 corrigat,

1920 3618 2072 3692 quod
2097 3634 2341 3673 resecare
2357 3616 2569 3684 debuit,
2594 3616 2711 3688 ipse
2732 3615 3064 3672 committat.
3088 3614 3234 3669 Hinc
3252 3611 3382 3667 inde
3402 3626 3532 3681 ergo

1922 3723 1978 3763 se
2008 3707 2103 3780 qui
2137 3716 2382 3779 praesunt
2422 3709 2444 3741 ⁸
2474 3705 2946 3777 circumspiciant,
2980 3711 3044 3759 ut
3072 3701 3179 3758 sibi
3208 3710 3264 3756 et
3290 3697 3531 3756 subditis

1921 3798 2210 3866 vivant,ut
2232 3798 2442 3853 bonum
2459 3796 2609 3870 quod
2630 3796 2863 3864 faciunt,
2882 3802 2935 3850 et
2956 3794 3103 3850 intra
3119 3794 3304 3849 sinum
3327 3786 3531 3845 mentis

1921 3887 2284 3952 abscondant,
2325 3894 2379 3942 et
2407 3893 2591 3942 tamen
2619 3901 2688 3939 ex
2718 3900 2783 3940 eo
2813 3883 2883 3939 ad
2921 3889 3245 3955 provectum
3299 3894 3530 3951 sequen-

1918 3978 2064 4033 tium
2093 3976 2350 4047 exempla
2360 3982 2520 4030 rectm
2540 3971 2878 4044 operationis
2898 3970 3243 4041 impartiant,
3258 3976 3323 4023 ut
3341 3965 3531 4022 subdi-

1921 4074 2106 4123 torum
2127 4063 2634 4121 animadvertentes
2663 4061 2852 4132 culpas
2876 4059 3182 4131 corrigam,
3213 4072 3317 4113 nec
3342 4064 3531 4113 tamen

1921 4172 2021 4230 per
2064 4155 2181 4210 vim
2229 4152 2476 4225 ejusdem
2513 4149 3013 4207 animadversionis
3038 4148 3437 4215 intumescant,
3467 4154 3532 4203 ut

1922 4243 2175 4318 quaedam
2218 4242 2420 4299 leniter
2447 4248 2697 4313 correpta
2728 4242 2988 4308 tolerent,
3019 4254 3122 4295 nec
3148 4246 3335 4293 tamen
3364 4234 3530 4293 disci-

1924 4336 2090 4409 plinae
2120 4334 2346 4391 vincula
2373 4333 2562 4389 eadem
2583 4331 2810 4389 lenitate
2825 4329 3155 4399 dissolvant,
3184 4336 3249 4384 ut
3278 4326 3530 4401 quaedam

1920 4422 2211 4480 tolerando
2254 4420 2629 4489 dissimulent,
2667 4436 2772 4476 nec
2794 4426 2979 4475 tamen
3010 4433 3074 4474 ea
3099 4431 3343 4474 crescere
3370 4414 3532 4471 dissi-

1924 4513 2192 4570 mulando
2237 4511 2582 4585 permittant.
2627 4510 2931 4567 Laboriosa
2967 4517 3098 4565 sunt
3142 4509 3269 4576 ista,
3319 4516 3374 4563 et
3419 4504 3531 4561 nisi

1932 4603 2126 4660 divina
2142 4602 2313 4676 gratia
2328 4602 2543 4671 fulciat,
2555 4600 2624 4658 ad
2643 4600 3072 4659 custodiendum
3088 4596 3534 4655 difﬁcilia.me

1932 4709 2065 4751 vero
2079 4693 2146 4749 de
2165 4692 2408 4749 adventu
2422 4690 2663 4748 districti
2672 4690 2879 4763 judicis
2897 4706 2996 4762 per
3012 4686 3307 4761 Sapientiae
3326 4683 3531 4740 librum

1925 4783 2134 4840 dicitur
2152 4802 2163 4839 :
2183 4783 2461 4839 Horrenda
2488 4789 2536 4837 et
2560 4782 2660 4837 cito
2674 4780 2975 4852 apparebit,
2991 4779 3245 4851 quoniam
3258 4775 3531 4847 judicium

1925 4874 2273 4929 durissimum
2301 4874 2321 4908 ⁷
2352 4873 2435 4927 his
2458 4872 2553 4943 qui
2582 4878 2825 4944 primunt
2849 4871 2939 4943 ﬁet
2973 4870 3127 4941 (Sap.
3163 4885 3246 4936 γι,
3280 4866 3361 4936 6).
3388 4860 3531 4929 Quia

1925 4978 2054 5034 9'80
2084 4964 2407 5035 plerumque
2422 4979 2519 5035 per
2538 4967 2864 5034 potestatem
2893 4957 3184 5030 regiminis
3210 4954 3280 5009 ad
3307 4952 3530 5022 culpam

1925 5070 2149 5127 prorum
2158 5053 2307 5125 pitur
2317 5052 2596 5121 elationis,
2616 5060 2779 5124 atque
2795 5049 2941 5123 apud
2955 5047 3269 5104 districtum
3281 5039 3529 5114 judicem

1927 5143 2046 5214 ipsa
2073 5141 2243 5197 elatio
2271 5140 2529 5213 impietas
2557 5141 2885 5205 aestimatur,
2914 5135 3054 5191 bene
3082 5134 3149 5189 de
3171 5129 3414 5188 Domino
3431 5144 3530 5201 per

1927 5230 2057 5288 Eliu
2077 5230 2323 5287 dicitur:
2348 5229 2452 5297 Qui
2488 5233 2639 5283 vocat
2666 5229 2821 5283 duces
2851 5224 3064 5295 impios.
3082 5223 3162 5278 De
3181 5220 3303 5293 ipso
3328 5219 3531 5293 quippe

1926 5320 2133 5377 ducatu
2172 5319 2305 5375 dum
2348 5317 2695 5390 superbiunt,
2742 5310 2999 5383 exemplo
3042 5327 3145 5368 suo
3183 5307 3435 5367 subditos
3458 5305 3531 5363 ad

1928 5408 2269 5482 impietatem
2298 5405 2549 5464 trahunt.

1928 5633 2195 5699 quuntur.
2255 5619 2673 5681 Recentioribus
2702 5617 3030 5677 Editoribus
3086 5618 3262 5691 magis
3317 5616 3529 5690 placuit

1928 5699 2141 5769 quantis
2164 5702 2375 5769 praest.

2001 5772 2025 5806 ⁸
2051 5764 2703 5839 Α1,,ὀίνσιιυιὶηφίοίᾳιιι.

1999 5843 2024 5880 ⁷
2044 5836 2245 5898 Pratel.
2268 5846 2324 5896 et
2348 5836 2558 5907 alii,_in
2587 5837 2658 5893 iis
2686 5836 2800 5910 qui.
