3928 6388
417 325 526 384 323

1615 318 1867 377 SANCTI
1902 317 2248 380 GBEGORII
2281 317 2514 378 HAGNI

414 451 554 508 libet
577 443 947 519 blasphemias
959 443 1344 516 prasumendo
1357 445 1738 516 prorumpat;'
1760 441 2010 514 volupta-
2040 443 2095 503 A
2199 442 2391 500 Omnia
2418 441 2578 511 enim,
2593 441 2737 500 sicut
2763 442 3032 516 scriptum
3060 439 3314 510 est,nuda
3331 445 3380 496 et
3398 445 3588 511 aperta
3610 445 3741 494 sunt

413 547 534 596 tum
562 551 786 594 suarum
817 533 1094 606 nequitias
1122 533 1371 605 impleat,
1403 532 1583 588 aliena
1611 531 1807 604 rapiat,
1839 531 2014 587 inno-

415 627 658 687 centium
687 621 1040 700 oppressione
1070 627 1216 686 790
1245 621 1496 690 satietur,
1525 629 1582 678 et
1625 620 1755 694 quia
1782 619 2019 676 necdum

413 725 742 800 percutitur,
770 723 890 779 vias
903 737 1030 779 suas
1057 736 1089 778 a
1115 719 1356 777 Domino
1383 726 1480 775 aut
1513 735 1625 774 non
1656 717 1833 774 videri
1865 715 2023 773 τιλεεί-

414 822 548 884 met,
578 822 675 871 aut
694 811 842 886 quod
856 810 1012 884 pejus
1025 817 1130 878 est,
1149 807 1440 882 approbari
1464 809 1478 864 l
1525 805 1724 864 Veniet
1751 805 2020 878 profecto,

413 903 601 962 veniet
653 908 856 958 aeterna
913 908 970 957 et
1023 897 1316 972 repentina
1367 896 1683 970 percussio;
1725 897 1749 932 ³
1777 905 1832 952 et
1885 905 2023 954 tunc

414 999 706 1065 cognoscet
733 1007 766 1047 a
807 991 922 1046 Deo
949 996 1153 1046 cuncta
1179 986 1446 1057 conspici,
1469 984 1689 1058 quando
1715 1000 1773 1041 se
1802 984 2021 1058 impro-

415 1081 536 1138 viso
578 1080 736 1136 exitu
763 1078 968 1135 viderit
995 1094 1096 1150 pro
1124 1083 1452 1133 cunctorum
1491 1073 1854 1130 retributione
1869 1073 2019 1130 dam-

414 1169 558 1226 nari.
589 1169 745 1224 Tunc
773 1167 831 1223 in
862 1182 1022 1239 paena
1049 1181 1148 1222 sua
1177 1163 1366 1221 oculos
1392 1162 1620 1234 aperiet,
1651 1177 1788 1234 quos
1818 1161 1915 1217 diu
1941 1169 2018 1217 te-

413 1259 540 1314 nuit
575 1258 791 1316 clausos
819 1257 880 1314 in
906 1257 1088 1329 culpa.
1111 1255 1266 1312 Tunc
1293 1253 1668 1311 considerasse
1696 1250 1885 1308 omnia
1912 1265 2020 1306 ve-

415 1364 540 1404 rum
552 1347 801 1420 judicem
831 1345 1052 1415 sentiet,
1075 1343 1295 1418 quando
1333 1343 1606 1399 malorum
1639 1357 1866 1396 suorum
1894 1355 2020 1395 me-

413 1437 583 1495 ritum
631 1437 749 1510 jam
796 1436 1030 1494 evadere
1075 1434 1366 1492 sentiendo
1411 1449 1525 1490 non
1555 1431 1748 1504 possit.
1790 1429 2020 1502 Iniquus

411 1541 540 1598 ergo
563 1525 658 1600 qui
681 1525 781 1582 diu
798 1532 1146 1598 exspectatus
1175 1531 1278 1592 est,
1300 1521 1510 1579 idcirco
1538 1529 1622 1577 est
1649 1517 2019 1592 repentesub-

411 1615 578 1686 latus,
590 1615 722 1690 quia
736 1616 879 1672 oculi
895 1614 1115 1671 Domini
1132 1630 1292 1686 super
1311 1613 1428 1668 vias
1455 1613 1750 1678 hominum,
1776 1615 1825 1664 et
1843 1623 2020 1664 omnes

409 1720 622 1778 gressus
650 1721 835 1760 eorum
861 1703 1182 1760 considerat.
1204 1705 1288 1758 Ac
1314 1701 1362 1758 si
1390 1700 1598 1758 diceret
1618 1717 1630 1755 :
1649 1697 1794 1766 Quia
1813 1713 1878 1753 ea
1895 1712 2019 1769 quas

331 1789 346 1798 ’
413 1794 514 1852 diu
554 1793 829 1867 patienter
863 1791 1158 1866 conspicit,
1187 1790 1518 1865 quandoque
1565 1788 1744 1844 inulta
1773 1803 1886 1842 non
1911 1784 2021 1840 de—

413 1885 568 1942 serit.
615 1885 755 1942 Nam
810 1901 934 1942 ecce
978 1883 1162 1940 subito
1199 1883 1508 1940 violentum
1553 1877 1763 1952 rapuit,
1791 1884 1847 1932 et
1875 1875 2022 1930 mala

414 1973 535 2046 ejus
561 1990 684 2048 quas
704 1973 1071 2046 exspectando
1100 1972 1331 2046 pertulit
1356 1965 1850 2026 animadvertendo
1879 1981 2020 2020 rese-

413 2063 583 2121 cavit.
639 2065 812 2121 Nemo
842 2061 1013 2136 igitur
1053 2062 1204 2120 dicat
1245 2061 1489 2116 humana
1527 2059 1672 2114 facta
1701 2057 1877 2112 Deum
1906 2069 2020 2110 non

412 2168 658 2222 cernere,
713 2167 842 2209 cum
883 2151 1140 2224 iniquum
1192 2147 1508 2222 quempiam
1537 2143 1860 2216 iniquitates
1895 2157 2020 2200 suas

411 2241 584 2298 libere
612 2239 882 2314 prospicit
907 2239 1212 2296 cumulare.
1244 2236 1439 2293 Subito
1467 2233 1618 2290 enim
1645 2231 1883 2302 tollitur,
1923 2229 2018 2304 qui

409 2329 510 2388 diu
556 2329 846 2387 toleratur.

481 2419 536 2476 7.
570 2421 792 2476 Gressus
828 2416 1058 2472 hominis
1083 2431 1214 2487 quos
1241 2415 1386 2472 Deus
1419 2413 1739 2478 considerat,
1767 2412 1861 2483 qui
1887 2411 2014 2468 sint.

408 2537 482 2551 —
509 2507 746 2564 Gressus
773 2522 905 2564 vero
933 2505 1227 2562 hominum
1265 2511 1449 2570 vocat,
1480 2503 1566 2558 vel
1598 2501 1842 2574 singulas
1875 2515 2016 2572 ope-

407 2595 650 2652 rationes
677 2593 880 2666 quibus
909 2591 1321 2661 innitimur,vel
1343 2592 1679 2648 alternantes
1706 2596 1889 2645 motus
1918 2588 2016 2643 in—

406 2681 562 2738 timaa
592 2681 946 2753 cogitationis
970 2681 1174 2753 quibus
1201 2680 1357 2752 quasi
1387 2679 1658 2752 passibus,
1689 2679 1778 2734 vel
1809 2678 2016 2749 longea

406 2770 650 2828 Domino
681 2769 1013 2839 recedimus,
1045 2771 1132 2826 vel
1163 2769 1251 2841 pie
1279 2769 1518 2827 Domino
1553 2766 2011 2840 propinquamus.

406 2859 497 2917 Ad
522 2861 699 2917 Deum
754 2861 903 2916 enim
947 2858 1103 2932 quasi
1132 2866 1217 2915 tot
1243 2857 1519 2930 gressibus
1543 2859 1566 2892 ³
1598 2873 1752 2912 mens
1779 2854 2010 2922 accedit,

406 2957 542 3023 quot
572 2948 735 3006 bonis
762 2949 1005 3007 motibus
1030 2947 1267 3019 proﬁcit.
1291 2949 1363 3003 Et
1383 2963 1601 3003 rursum
1631 2953 1716 3002 tot
1738 2945 2012 3017 gressibus

403 3037 565 3110 longe
585 3038 669 3107 ﬁt,
701 3044 837 3111 quot
864 3035 1027 3092 malis
1053 3035 1482 3109 cogitationibus
1497 3036 1519 3070 ⁴
1535 3033 2009 3093 deterescit.Unde

2128 531 2294 587 oculis
2342 531 2456 602 ejus
2487 531 2670 604 (Hebr.
2725 549 2805 600 IV,
2867 532 2980 604 13).
3013 530 3168 588 Unde
3213 528 3307 586 hic
3335 544 3556 603 quoque
3607 536 3741 602 apte

2129 620 2484 695 subjungitur
2502 640 2515 680 :

2591 713 2820 772 CAPUT
2850 713 2924 770 v1
2956 711 3100 786 [Rea
3132 707 3262 782 IV].

2203 800 2373 858 Vnus.
2409 803 2500 859 22.
2531 833 2602 846 —
2637 804 2759 860 Non
2788 808 2913 856 sunt
2940 801 3180 867 tenebrae,
3213 806 3262 855 et
3303 817 3410 856 non
3436 805 3512 855 est
3539 801 3744 857 umbra

2128 891 2338 956 mortis,
2360 897 2419 945 ut
2435 892 2826 948 abscondantur
2853 891 2928 946 ibi
2953 891 3047 962 qui
3060 896 3355 962 operantur
3373 889 3736 960 iniquitatem.

2197 979 2252 1035 8.
2285 981 2448 1037 Nemo
2472 981 2680 1051 judicio
2708 982 2808 1038 Dei
2843 981 2936 1053 qui
2973 981 3109 1037 nihil
3154 988 3250 1037 aut
3275 981 3612 1036 obliviscitur
3641 986 3745 1036 aut

2127 1071 2358 1143 ignorat,
2389 1073 2749 1130 absconditur.
2770 1103 2842 1114 —
2867 1072 3012 1140 Quid
3041 1089 3136 1145 per
3148 1071 3422 1140 tenebras,
3454 1071 3564 1128 nisi
3582 1071 3740 1144 igno-

2128 1162 2386 1231 rantiam,
2416 1171 2471 1219 et
2513 1162 2648 1236 quid
2679 1179 2776 1236 per
2804 1163 3059 1220 umbram
3090 1161 3304 1229 mortis,
3339 1161 3450 1217 nisi
3480 1161 3743 1218 oblivio-

2129 1266 2253 1306 nem
2285 1252 2498 1309 studuit
2525 1253 2808 1326 designare
2822 1254 2850 1310 ‘P
2870 1255 2947 1309 De
2967 1251 3330 1325 quorumdam
3360 1250 3564 1324 quippe
3581 1252 3739 1324 igno-

2128 1343 2306 1398 rantia
2341 1342 2582 1400 dicitur:
2611 1344 2854 1399 Tenebris
2882 1344 3218 1398 obscuratum
3262 1341 3502 1396 habentes
3532 1341 3740 1398 inulte.

2127 1431 2612 1504 ctum(Ephes.1v,
2643 1433 2758 1505 18).
2789 1434 2862 1488 Et
2877 1449 3094 1488 rursum
3115 1430 3183 1487 de
3216 1429 3500 1487 oblivione
3528 1445 3653 1502 quae
3675 1429 3740 1486 in

2129 1527 2304 1576 morte
2359 1522 2632 1594 contingit
2690 1523 2955 1594 scriptum
2983 1530 3067 1578 est
3099 1539 3112 1577 :
3143 1522 3208 1578 In
3238 1521 3342 1576 illa
3371 1519 3454 1576 die
3482 1519 3744 1592 peribunt

2127 1625 2302 1662 omnes
2329 1611 2664 1680 cogitationes
2689 1628 2870 1667 eorum
2905 1611 3080 1681 (Psal.
3115 1625 3280 1676 cxnv,
3311 1607 3394 1679 4).
3428 1608 3572 1676 Quia
3602 1624 3739 1680 ergo

2129 1701 2266 1760 791
2311 1718 2408 1773 per
2435 1709 2668 1758 mortem
2715 1699 2968 1758 funditus
2996 1697 3268 1755 oblivioni
3291 1696 3528 1753 traditur
3555 1696 3740 1771 quid-

2046 1797 2094 1859 B
2123 1793 2256 1869 quid
2279 1792 2520 1849 vivendo
2538 1789 2832 1862 c0gitatur,
2860 1787 3014 1862 quasi
3033 1788 3284 1860 quaedam
3315 1786 3513 1844 umbra
3533 1788 3737 1845 mortis

2128 1883 2340 1941 oblivio
2373 1890 2474 1939 est.
2505 1881 2660 1938 Sicut
2688 1879 2840 1935 enim
2880 1878 2992 1950 agit
3021 1893 3169 1934 mors
3214 1877 3590 1932 interveniens
3619 1893 3737 1934 non

2128 1991 2244 2031 esse
2272 1971 2421 2046 quod
2456 1971 2567 2027 fuit
2595 1970 2654 2026 in
2697 1969 2836 2038 vita,
2868 1967 2945 2024 ita
2973 1967 3348 2024 interveniens
3371 1967 3485 2038 agit
3516 1966 3740 2024 oblivio

2128 2078 2241 2120 non
2275 2075 2393 2116 esse
2419 2057 2570 2132 quod
2613 2057 2721 2113 fuit
2769 2057 2829 2112 in
2859 2056 3144 2112 memoria.
3187 2055 3353 2112 Recte
3382 2055 3568 2128 itaque
3612 2072 3737 2112 um-

2127 2149 2226 2206 bra
2253 2149 2370 2221 ejus
2390 2147 2618 2216 dicitur,
2647 2145 2777 2220 quia
2805 2145 2958 2201 velut
2976 2145 3043 2200 de
3072 2145 3190 2216 ipsa
3206 2144 3561 2218 exprimitur,
3592 2143 3738 2202 dum

2127 2240 2243 2296 vim
2273 2239 2426 2295 illius
2450 2236 2713 2310 sopiendo
2732 2253 2922 2294 sensus
2938 2236 3206 2292 imitatur.
3228 2237 3376 2293 Deus
3392 2243 3580 2292 autem
3601 2235 3740 2310 quia

2127 2329 2271 2386 mala
2299 2328 2592 2384 hominum
2620 2343 2721 2384 nec
2749 2327 2986 2399 cogitata
3015 2326 3251 2398 ignorat,
3291 2341 3393 2382 nec
3417 2333 3735 2398 perpetrata

2125 2417 2494 2486 obliviscitur,
2521 2417 2631 2474 nisi
2650 2417 2718 2473 ab
2734 2416 2779 2488 ej
2788 2432 2851 2471 us
2871 2415 3046 2473 oculis
3076 2415 3394 2488 paenitendo
3414 2415 3734 2485 deleantur,

2123 2524 2361 2580 congrue
2377 2507 2585 2564 dictum
2614 2513 2696 2562 est
2729 2523 2740 2560 :
2770 2506 2892 2562 Non
2909 2512 3033 2560 sunt
3055 2505 3275 2560 tenebrae
3300 2511 3350 2560 et
3373 2521 3482 2560 non
3505 2510 3584 2560 est
3615 2521 3735 2559 um-

2125 2599 2223 2654 bra
2243 2599 2450 2668 mortis,
2480 2603 2541 2653 ut
2565 2596 2956 2652 abscondantur
2983 2595 3053 2650 ibi
3080 2595 3173 2665 qui
3200 2601 3494 2665 operantur
3520 2593 3734 2665 iniqui-

2126 2693 2299 2743 tatem.
2326 2690 2406 2744 Ac
2429 2687 2475 2744 si
2503 2686 2709 2742 diceret
2733 2703 2744 2740 :
2772 2684 2984 2742 Idcirco
3018 2682 3137 2755 ejus
3159 2682 3374 2756 judicio
3400 2683 3590 2740 nullus
3619 2681 3738 2738 ab-

2121 2774 2428 2843 sconditur,
2475 2773 2604 2846 quia
2661 2773 2977 2829 nullatenus
3026 2779 3205 2844 potest
3230 2780 3328 2828 aut
3376 2788 3490 2830 non
3535 2769 3736 2830 videre

2122 2865 2269 2938 quod
2297 2865 2552 2931 facimus,
2581 2872 2678 2920 aut
2713 2861 2969 2920 oblivisci
2994 2861 3144 2934 quod
3180 2861 3354 2918 videt.

2190 2952 2246 3008 9.
2279 2953 2460 3009 Omnis
2487 2951 2862 3007 mutabilitatis
2896 2951 3038 3006 Deus
3063 2955 3136 3004 est
3162 2966 3369 3020 expers.
3399 2949 3523 3006 Non
3545 2948 3730 3017 homo,

2118 3057 2226 3094 non
2251 3042 2446 3112 angeli.
2475 3071 2546 3083 —
2575 3039 2840 3109 Quamvis
2879 3039 3118 3110 intelligi
3148 3040 3170 3074 ⁸
3200 3038 3437 3095 tenebrae
3466 3039 3556 3095 vel
3587 3055 3736 3095 um-

403 3127 728 3202 plerumque
758 3125 1033 3199 contingit
1085 3133 1150 3182 ut
1185 3125 1422 3183 necdum
1453 3124 1715 3198 procedat
1755 3124 1815 3180 in
1845 3139 2009 3197 opere
2039 3149 2083 3208 C
2117 3127 2216 3184 bra
2244 3131 2459 3196 mortis,
2489 3130 2657 3186 etiam
2680 3129 2841 3185 aliter
2869 3135 3114 3199 possunt.
3141 3127 3336 3185 Omnis
3363 3143 3607 3201 namque
3618 3128 3731 3185 im-

403 3225 587 3274 motus
619 3217 843 3284 mentis,
884 3221 940 3271 et
985 3221 1170 3270 tamen
1198 3215 1437 3287 perfecta
1485 3215 1602 3287 jam
1638 3215 1804 3288 culpa
1837 3214 1912 3271 sit
1938 3229 2010 3271 ex
2119 3219 2354 3274 mutatio
2386 3220 2541 3275 velut
2567 3217 2819 3291 quaedam
2850 3217 3046 3272 mortis
3070 3216 3310 3274 imitatio
3337 3224 3439 3274 est.
3476 3216 3541 3274 Id
3569 3217 3730 3274 enim

402 3304 524 3377 ipso
550 3310 710 3360 reatu
734 3301 1110 3374 cogitationis,
1137 3303 1282 3360 sicut
1299 3304 1567 3375 scriptum
1591 3310 1679 3360 est
1700 3303 1925 3361 :Manus
1951 3302 2010 3358 in

402 3408 568 3448 manu
594 3407 702 3446 non
727 3391 831 3446 erit
851 3391 1096 3446 innocens
1131 3392 1306 3446 malus
1330 3392 1514 3463 (Prov.
1546 3406 1629 3459 x1,
1649 3391 1765 3462 21).
1815 3391 2009 3447 Manus

402 3479 553 3536 enim
588 3481 619 3517 ⁸
650 3479 840 3536 manui
862 3479 1024 3554 jungi
1051 3479 1211 3550 solet,
1259 3480 1478 3554 quando
1507 3479 1744 3554 quiescit
1780 3477 1841 3534 in
1868 3480 2006 3549 otio,

403 3579 458 3628 et
485 3570 673 3628 nullus
697 3587 818 3627 eam
847 3586 980 3627 usus
1017 3569 1221 3626 laboris
1276 3579 1515 3628 exercet.
1573 3571 1770 3628 Manus
1798 3586 1919 3641 ergo
1949 3569 2008 3626 in

401 3677 592 3717 mnus
609 3660 834 3716 nouerit
846 3663 1094 3716 innocens
1110 3661 1312 3718 malus.
1344 3663 1428 3718 Ac
1454 3661 1502 3716 si
1531 3659 1740 3716 diceret
1765 3659 2004 3715 :Etcum

401 3764 599 3805 manus
625 3755 800 3806 cessat
825 3747 895 3804 ab
923 3747 1118 3822 iniquo
1146 3765 1332 3822 opere,
1363 3749 1546 3805 malus
1571 3755 1760 3803 tamen
1789 3762 1902 3802 non
1921 3754 2005 3802 est

399 3835 671 3894 innocens
703 3853 800 3911 per
826 3837 1235 3910 cogitationem.
1256 3837 1397 3907 Quia
1425 3853 1552 3910 ergo
1581 3835 1844 3893 novimus
1855 3835 2002 3907 quod

400 3926 649 3986 districte
669 3927 856 3986 omnia
883 3945 996 3986 non
1025 3931 1206 3987 solum
1225 3930 1392 3997 facta,
1423 3926 1520 3985 sed
1549 3927 1744 3984 saltem
1765 3925 2004 3998 cogitata

398 4025 718 4088 pensantur,
749 4017 884 4092 quid
924 4017 1191 4075 faciemus
1214 4017 1284 4074 de
1311 4019 1530 4076 incessu
1557 4016 1690 4074 mali
1719 4015 1921 4088 operis,
1951 4012 2000 4070 si

398 4103 481 4160 sic
507 4104 790 4161 subtiliter
815 4107 962 4162 Deus
984 4105 1202 4178 judicat
1227 4120 1443 4178 gressus
1470 4105 1652 4163 cordis
1673 4104 1702 4160 ?
1744 4105 1888 4160 Ecce
1911 4118 2000 4159 oc-

398 4190 550 4250 culta
595 4191 797 4248 mentis
825 4199 1025 4248 nostra
1054 4194 1254 4250 itinera
1282 4195 1472 4250 nullus
1502 4193 1793 4250 hominum
1823 4190 1997 4260 videt,

399 4286 456 4335 et
489 4286 674 4336 tamen
711 4288 842 4336 ante
867 4281 967 4338 Dei
997 4282 1188 4338 oculos
1224 4289 1308 4338 tot
1336 4296 1550 4352 gressus
1577 4280 1838 4352 ponimus
1866 4288 2000 4354 quot

399 4364 628 4425 aﬂ'ectus
663 4383 970 4424 movemus.
1016 4367 1158 4442 [Vet.
1189 4368 1316 4442 IV.]
1354 4368 1538 4425 Toties
1575 4377 1705 4426 ante
1735 4370 1894 4426 illum
1923 4371 1996 4428 la-

398 4454 586 4514 bimur
615 4455 830 4530 quoties
869 4472 902 4512 a
947 4464 1098 4514 recto
1142 4455 1341 4514 itinere
1375 4457 1594 4515 inﬁrme
1649 4459 1998 4532 cogitationis

399 4544 538 4617 pede
565 4544 959 4603 claudicamus.
989 4545 1108 4604 Nisi
1137 4547 1284 4604 enim
1339 4547 1398 4604 in
1427 4557 1721 4624 conspectu
1749 4550 1867 4622 ejus
1895 4551 1999 4607 iste

397 4637 652 4696 assiduus
683 4647 998 4698 nostrarum
1027 4641 1296 4698 mentium
1314 4643 1498 4716 lapsus
1528 4643 1876 4715 incresceret,
1899 4661 1996 4718 per

395 4727 725 4802 prophetam
760 4729 970 4788 scilicet
987 4747 1099 4788 non
1127 4732 1420 4788 clamaret:
1442 4733 1666 4804 Auferte
1692 4736 1897 4790 malum
1915 4751 1996 4790 co-

393 4817 707 4889 gitationum
726 4827 1022 4878 vestrarum
1039 4821 1282 4878 abaculis
1307 4823 1434 4878 meis
1463 4822 1619 4894 (Isai.
1651 4839 1692 4892 ι,
1728 4824 1840 4894 16).
1866 4823 1995 4881 Haec

395 4908 662 4968 nimirum
688 4911 898 4981 dicens,
926 4911 1042 4968 vim
1071 4919 1342 4985 cooperta
1371 4919 1574 4968 nostra)
1594 4911 1810 4969 militiae
1837 4911 1995 4985 quasi

392 4995 536 5056 ferre
573 5016 633 5057 se
670 5018 780 5058 non
825 5018 983 5076 posse
1027 5008 1278 5058 testatur.
1312 5001 1443 5069 Quae
1481 5009 1738 5076 cooperta
1765 5001 1847 5056 illi
1877 5019 1994 5059 esse

392 5101 505 5144 non
531 5097 728 5162 potest,
759 5093 891 5166 quia
913 5090 1174 5148 videlicet
1192 5091 1510 5163 importune
1535 5091 1654 5164 ejus
1673 5090 1993 5165 conspectui

391 5173 661 5252 ingeritur
689 5181 1007 5257 quidquida
1024 5181 1186 5240 nobis
1205 5181 1466 5240 illicitum
1486 5183 1701 5244 occulte
1715 5185 1994 5259 cogitatur

392 5381 749 5513 Coilb'lo‘ureu”
776 5386 1106 5456 voluntatum
1123 5407 1364 5453 suarum.
1387 5389 1470 5454 Ita
1508 5387 1674 5453 etiam
1720 5389 1906 5460 Baluz.
1935 5400 1993 5458 et

423 5527 488 5616 ..³
507 5527 744 5616 Ετᾳξει..
794 5537 842 5586 et
871 5537 994 5616 tunc
1027 5539 1312 5616 cognoscit;
1351 5547 1408 5596 et
1435 5538 1603 5616 intra,
1631 5543 1830 5615 aperit,
1858 5560 1990 5601 sen-

498 5595 1070 5732 ίίδιῖὲιῖξέξξηηξξξὲτξιιξ
1083 5595 1369 5738 iam
1385 5595 1647 5741 εειξοίδξ

525 5739 533 5741 _
559 5739 565 5741 _
1264 5724 1277 5736 ο
1429 5701 1461 5740 0
1528 5727 1540 5741 .

1264 5724 1277 5736 .
1303 5701 1358 5738 ει
1385 5701 1540 5741 υοω.

461 5742 484 5778 ⁴
512 5739 606 5802 Sic
631 5741 924 5818 legendum
969 5763 1098 5807 cum
1135 5748 1349 5822 Balnz.,
1377 5739 1563 5826 συιδ..
1604 5755 1824 5829 Norm.,
1851 5763 1984 5829 etc.,

2026 4503 2076 4563 D

2117 3306 2266 3378 quod
2293 3314 2472 3362 mutat
2490 3305 2646 3379 quasi
2667 3305 2736 3361 ab
2761 3322 2826 3361 eo
2842 3305 2990 3378 quod
3020 3313 3137 3360 erat
3165 3305 3450 3375 interﬁcit,
3469 3313 3534 3362 ut
3562 3305 3732 3363 desi-

2117 3403 2212 3450 nat
2240 3412 2354 3452 esse
2384 3394 2534 3468 quod
2579 3395 2708 3463 fuit,
2738 3401 2792 3450 et
2831 3394 3062 3466 incipiat
3092 3410 3206 3451 esse
3241 3395 3390 3467 quod
3427 3411 3542 3451 non
3585 3395 3727 3453 fuit.

2114 3483 2326 3540 Lumen
2356 3483 2529 3556 igitur
2569 3499 2785 3552 verum,
2815 3491 3028 3540 creator
3052 3483 3315 3540 videlicet
3341 3492 3554 3553 noster,
3585 3484 3729 3558 quia

2113 3573 2269 3628 nulla
2300 3573 2586 3630 mutabilis
2605 3572 2988 3630 vicissitudine
3017 3571 3366 3643 tenebrescit,
3397 3573 3574 3632 nullis
3619 3589 3728 3630 na-

2112 3669 2249 3718 tura;
2277 3680 2390 3720 suae
2419 3664 2724 3722 defectibus
2753 3664 3138 3733 obumbratur,
3173 3665 3272 3722 sed
3298 3665 3419 3738 ejus
3446 3682 3569 3722 esse
3595 3665 3730 3722 sine

2111 3751 2480 3809 mutabilitate
2508 3754 2717 3826 fulgere
2748 3762 2850 3822 est,
2881 3753 3118 3810 tenebras
3149 3755 3237 3810 vel
3290 3754 3490 3811 umbra
3516 3755 3729 3814 mortis

2109 3841 2314 3899 dicitur
2341 3843 2393 3898 ei
2421 3859 2534 3899 non
2561 3843 2758 3899 inesse.
2791 3842 2944 3899 Unde
2963 3842 3099 3898 alias
3124 3842 3392 3915 scriptum
3413 3851 3527 3900 est:
3551 3844 3728 3916 Apud

2109 3947 2262 4001 quem
2292 3948 2399 3986 non
2419 3939 2493 3987 est
2522 3932 2919 3999 transmutatio,
2959 3948 3050 3986 nec
3085 3931 3465 3988 vicissitudinis
3519 3934 3722 3991 obum-

2110 4021 2282 4077 bratio
2309 4022 2455 4092 (Jac.
2478 4037 2520 4090 1,
2553 4022 2668 4094 l7).
2700 4023 2773 4077 Et
2792 4021 2941 4078 unde
2968 4039 3159 4080 rursus
3201 4023 3404 4080 Paulus
3430 4025 3723 4097 apostolus

2107 4114 2278 4170 dicit:
2317 4115 2419 4182 Qui
2455 4115 2600 4171 solus
2625 4114 2775 4171 habet
2793 4115 3263 4184 immortalitatem,
3293 4121 3343 4171 et
3371 4117 3537 4171 lucem
3563 4115 3719 4172 habic

2109 4209 2186 4260 tat
2213 4205 2617 4262 inaccessibilem
2646 4205 2712 4277 (I
2744 4205 2877 4262 Tim.
2904 4223 2986 4272 v1,
3020 4206 3135 4277 16).
3161 4204 3302 4279 [νει.
3335 4203 3424 4278 ν.]
3453 4203 3561 4262 Sed
3582 4221 3716 4263 cum

2107 4295 2293 4352 cuncti
2323 4295 2644 4352 noverimus
2671 4295 2820 4368 quod
2847 4303 2902 4353 et
2929 4295 3172 4353 humana
3197 4295 3384 4353 anima
3397 4302 3455 4352 et
3470 4293 3716 4368 angelici

2106 4383 2334 4454 spiritus
2362 4384 2474 4441 sint
2498 4386 2518 4420 ⁷
2551 4383 2892 4441 immortales
2920 4385 3184 4454 instituti,
3215 4401 3314 4444 cur
3339 4383 3409 4441 ab
3437 4383 3716 4457 Apostolo
3805 4457 3808 4461 _

2107 4473 2258 4528 solus
2299 4474 2445 4528 Deus
2475 4473 2952 4532 immortalitatem
2974 4473 3176 4531 habere
3203 4473 3548 4547 perhibetur,
3598 4472 3715 4530 nisi

2107 4560 2238 4635 quia
2277 4561 2428 4618 solus
2454 4562 2599 4619 Deus
2629 4579 2758 4622 vere
2787 4580 2899 4622 non
2945 4564 3204 4634 moritur,
3235 4563 3332 4637 qui
3367 4562 3522 4620 solus
3549 4577 3715 4620 nun-

2103 4665 2268 4722 quam
2298 4658 2544 4708 mutatur
2557 4651 2586 4709 ?

2177 4739 2262 4794 10.
2297 4740 2552 4796 Humana
2571 4741 2775 4815 quippe
2793 4743 2978 4800 anima
2992 4743 3053 4801 in
3069 4744 3285 4817 lapsum
3319 4760 3434 4802 non
3461 4745 3711 4816 caderet,

2104 4828 2151 4884 si
2178 4829 2462 4887 mutabilis
2490 4847 2602 4887 non
2618 4831 2844 4900 fuisset;
2877 4850 2998 4906 quae
3020 4833 3306 4906 aparadisi
3321 4850 3544 4908 quoque
3579 4852 3710 4909 gau-

2103 4917 2212 4975 diis
2239 4921 2489 4992 expulsa,
2506 4921 2553 4976 si
2583 4921 2864 4978 mutabilis
2900 4940 3009 4980 non
3040 4931 3200 4992 esset,
3231 4923 3302 4980 ad
3333 4925 3508 4981 vitam
3527 4925 3710 4983 8nun-

2103 5024 2266 5082 quam
2295 5009 2517 5067 rediret.
2555 5012 2617 5067 In
2661 5009 2767 5068 hoc
2796 5013 2914 5084 ipso
2942 5029 3074 5069 vero
3104 5012 3252 5086 quod
3296 5013 3366 5070 ad
3400 5015 3578 5070 vitam
3609 5031 3710 5072 re-

2101 5097 2219 5154 dire
2248 5097 2467 5169 nititur,
2495 5099 2741 5158 defectus
2760 5118 2890 5158 suos
2915 5103 3133 5174 cogitur
3153 5119 3186 5159 a
3212 5111 3466 5160 ternante
3486 5121 3711 5179 semper

2100 5188 2466 5247 mutabilitate
2515 5191 2770 5248 tolerare.
2801 5191 2944 5260 Quia
2970 5207 3099 5264 ergo
3126 5208 3197 5250 ex
3231 5192 3412 5251 nihilo
3441 5202 3525 5252 est
3557 5212 3708 5254 cou-

2099 5417 2212 5458 non
2248 5396 2512 5470 decrescit,
2541 5408 2605 5461 ut
2631 5397 2837 5462 habent
2853 5399 3028 5462 Editi.
3059 5404 3136 5462 De
3156 5400 3261 5462 hac
3287 5416 3424 5462 voce
3452 5402 3585 5462 vide
3613 5421 3701 5462 su-

2097 5489 2216 5546 pra,
2246 5474 2286 5531 l.
2311 5491 2408 5543 xv,
2441 5491 2595 5532 num.
2625 5477 2712 5532 7i.

2169 5547 2192 5629 ξ
2220 5545 2456 5629 Yindoc.
2489 5555 2553 5629 et.
2576 5547 2749 5629 Prat_.,
2781 5548 2839 5604 in
2863 5565 3028 5606 manu
3045 5548 3225 5623 jungi.

2169 5619 2192 5654 θ
2221 5618 2392 5689 Ρηιι.,
2427 5619 2645 5674 tenebrae
2670 5619 2804 5689 ejus.

2167 5690 2188 5726 ⁷
2218 5687 2456 5760 Vindoc.
2487 5697 2542 5746 et
2567 5687 2792 5760 PrateL,
2825 5692 3146 5748 immortales
3187 5691 3478 5749 constituti.

2169 5762 2193 5799 ⁸
2219 5758 2484 5830 Vindoc.,
2511 5760 2723 5832 Βειιιιῑ.³
2743 5758 2925 5832 Colb.,
2945 5762 3162 5819 minime
3182 5763 3404 5821 rediret.
