3928 6388
172 315 286 376 325

948 330 1328 393 MORALIUM
1364 338 1503 398 LIB.
1544 340 1727 400 XXV.
1768 373 1839 387 -—
1879 345 1951 402 IN
1989 347 2220 407 CAPUT
2260 352 2504 412 XXXIV
2543 358 2605 415 Β.
2646 360 2788 417 JOB.

3409 374 3516 433 326

172 443 484 558 ditajexse
511 448 882 558 nihilominus
1110 476 1168 516 se
1194 462 1399 532 tendit,
1427 464 1537 523 nisi
1565 467 1635 525 ad
1660 468 1792 527 boni
1821 473 1874 533 A
1901 483 2084 531 mente
2113 484 2441 551 conceptum
2462 483 2485 517 ³
2514 498 2612 554 per
2629 490 3104 550 conversationem
3125 495 3312 555 diluit.
3344 499 3430 557 Ad
3450 500 3517 558 il-

174 532 444 591 desiderii
483 545 687 596 statum
716 541 946 601 artiﬁcis
973 547 1061 603 sui
1105 566 1274 607 manu
1304 560 1574 612 teneatur.
1612 558 1700 613 Ex
1730 576 1795 616 eo

174 621 368 696 itaque
415 626 564 699 quod
612 637 862 688 creatura
904 642 1008 704 est,
1040 636 1296 696 deorsum
1327 641 1407 698 ire
1436 643 1621 702 habet.
1655 646 1795 703 Vir—

172 719 297 803 tute
326 730 567 790 namque
594 722 818 793 propria
861 722 922 781 in
949 742 1190 802 preceps
1218 748 1376 803 posse
1404 750 1462 790 se
1490 735 1571 793 ire
1598 739 1793 795 consi-

173 802 357 872 derat,
385 806 484 863 sed
510 808 582 864 ad
606 819 909 872 creatorem
938 834 1102 875 suum
1131 802 1338 894 amoris
1364 841 1533 884 manu
1561 846 1619 885 se
1647 830 1793 886 reti-

171 901 292 963 net,
324 910 396 952 ne
423 896 606 968 cadat,
636 916 921 977 quousque
949 907 1019 963 ad
1060 908 1570 975 immutabilitatem
1600 927 1792 978 trans-

169 990 286 1051 eat,
329 991 386 1040 et
434 1002 501 1043 eo
547 1003 677 1045 vere
732 990 1142 1069 immortaliter,
1200 1018 1311 1075 quo
1364 1004 1791 1066 immutabiliter

168 1073 352 1132 vivat.

246 1168 340 1223 11.
398 1168 509 1240 Ipsi
558 1187 777 1246 quoque
817 1178 1053 1249 angelici
1100 1180 1329 1253 spiritus
1381 1188 1676 1246 mutabiles
1716 1207 1785 1259 ex

167 1264 376 1315 natura
401 1268 533 1316 sunt
560 1262 794 1332 conditi,
844 1276 1116 1339 quatenus
1142 1281 1237 1329 aut
1264 1292 1364 1333 sua
1391 1286 1585 1350 sponte
1616 1280 1788 1337 cade-

168 1356 300 1404 rent
327 1356 424 1405 aut
476 1367 547 1407 ex
576 1351 808 1410 arbitrio
865 1364 1091 1418 starent.
1152 1362 1258 1420 Sed
1314 1366 1444 1440 quia
1497 1368 1787 1427 humiliter

168 1436 463 1509 elegerunt
518 1440 567 1496 ei
616 1440 908 1515 inharere,
956 1464 989 1503 a
1033 1466 1144 1524 quo
1186 1436 1354 1510 creati
1403 1466 1553 1526 sunt,
1594 1460 1611 1494 ¹
1642 1459 1788 1518 hanc

164 1524 350 1599 ipsam
378 1528 463 1619 in
508 1546 567 1586 se
608 1533 1037 1594 mutabilitatem
1080 1558 1236 1598 suam
1279 1545 1461 1602 standi
1502 1524 1620 1619 jam
1666 1548 1784 1605 im-

165 1618 547 1678 mutabilitate
575 1623 831 1682 vicerunt
862 1644 875 1682 :
918 1637 981 1685 ut
1008 1629 1118 1688 hoc
1153 1633 1335 1705 ipsum
1366 1618 1564 1694 merito
1593 1646 1786 1697 trans-

164 1709 493 1780 cenderent,
550 1714 700 1786 quod
751 1723 961 1773 naturae
1006 1736 1119 1776 suae
1170 1722 1365 1781 ordine
1421 1728 1783 1785 mutabilitati

1904 564 2002 662 lud
2036 566 2240 662 quippe
2256 568 2460 662 venire
2485 588 2601 662 non
2630 574 2926 649 desiderat,
2956 584 3207 657 quisquis
3235 604 3293 644 se
3319 605 3419 662 per
3448 589 3517 645 il-

1903 653 2001 711 lud
2020 655 2271 713 damnari
2295 658 2576 748 formidat.
2601 664 2745 720 Dum
2766 682 2895 740 ergo
2916 653 3123 729 dicitur
3148 692 3160 729 :
3182 653 3358 748 Neque
3376 678 3517 735 enim

1902 743 2051 799 ultra
2077 746 2136 800 in
2171 747 2398 803 hominis
2420 757 2675 822 potestate
2715 762 2812 822 est,
2852 764 2912 813 ut
2937 762 3116 817 veniat
3146 764 3219 819 ad
3252 743 3421 821 Deum
3456 767 3517 822 in

1892 831 2179 923 judicium,
2200 838 2447 908 profecto
2466 842 2781 901 ostenditur
2799 863 2915 903 esse
2935 849 3213 921 quoddam
3236 852 3514 923 judicium

1900 922 2049 995 quod
2077 924 2407 1000 quandoque
2435 929 2602 987 etiam
2631 947 2664 987 a
2689 931 2964 992 damnatis
2992 952 3056 995 ac
3083 922 3333 1011 reprobis
3357 942 3513 998 desi-

1898 1009 2141 1100 deretur.
2172 1014 2423 1100 thuod
2450 1025 2534 1074 est
2571 1017 2736 1090 illud,
2767 1021 2877 1081 nisi
2908 1024 3038 1091 hoc,
3064 1009 3281 1100 dequo
3311 1030 3516 1087 Paulus

1898 1099 2180 1169 apostolus
2208 1099 2348 1157 dicit
2396 1119 2407 1157 ε
2461 1104 2521 1160 Si
2566 1108 2907 1181 nosmetipsos
2936 1099 3379 1184 diiudicaremus,
3406 1134 3516 1172 non

1896 1188 2078 1278 utique
2087 1188 2466 1278 judicaremur
2483 1193 2541 1264 (Ι
2559 1195 2687 1253 Cor.
2718 1214 2801 1266 x1,
2823 1199 2915 1272 31)
2937 1201 2966 1257 ‘l
2984 1208 3040 1257 et
3058 1201 3127 1258 de
3146 1219 3257 1275 quo
3281 1221 3377 1277 per
3391 1222 3512 1278 pro-

1897 1275 2120 1349 phetam
2150 1277 2356 1337 dicitur
2391 1298 2403 1336 :
2434 1282 2556 1338 Non
2575 1292 2651 1339 est
2666 1284 2933 1355 judicium
2956 1290 3011 1345 in
3034 1275 3300 1363 gressibus
3331 1275 3515 1351 eorum

1894 1366 2057 1436 (Isai.
2100 1383 2218 1434 Lix,
2248 1367 2307 1441 8)
2338 1387 2363 1435 ;
2387 1377 2442 1425 et
2469 1370 2536 1427 de
2557 1388 2669 1446 quo
2694 1376 2874 1434 David
2902 1379 2980 1435 ait
3012 1398 3024 1435 :
3058 1382 3247 1437 Honor
3265 1384 3403 1454 regis
3418 1383 3511 1454 ju-

1895 1456 2092 1512 dicium
2119 1458 2295 1530 diligit
2336 1459 2511 1531 (Psal.
2561 1479 2757 1534 xcvm,
2807 1466 2906 1541 4);
2953 1467 3214 1527 videlicet
3259 1472 3353 1543 qui
3392 1471 3511 1544 jam

1896 1547 2073 1602 Deum
2102 1545 2340 1604 honorat
2357 1565 2427 1605 ex
2454 1550 2585 1621 ﬁde,
2603 1555 2839 1611 sollicite
2855 1555 3073 1627 judicet
3092 1558 3228 1631 quid
3243 1559 3293 1615 ei
3314 1559 3512 1617 debeat

1893 1630 1954 1687 in
1983 1636 2320 1706 operatione.
2357 1638 2512 1695 Unde
2540 1657 2760 1698 rursum
2789 1645 3061 1717 scriptum
3093 1630 3176 1703 est
3209 1665 3221 1703 :
3253 1648 3510 1707 Indicam

1892 1737 2073 1778 coram
2099 1726 2351 1791 Domino,
2385 1734 2433 1781 et
2468 1737 2708 1799 exspecta
2738 1748 2853 1785 eum
2880 1734 3008 1800 (Job
3041 1751 3220 1803 xxxv,
3254 1736 3371 1804 14).
3406 1736 3507 1793 Co-

165 1796 397 1856 subesse
439 1801 767 1872 potuissent.
819 1805 961 1873 Quia
987 1824 1116 1881 ergo
1142 1811 1317 1869 solius
1340 1814 1547 1872 divinae
1571 1827 1785 1876 natura;
1819 1834 1866 1895 Β
1893 1827 2010 1868 ram
2038 1815 2280 1870 Domino
2310 1814 2523 1871 8011th
2546 1796 2855 1889 iudicatur,
3004 1822 3169 1877 corde
3197 1824 3507 1883 Dominum

165 1894 252 1943 est
282 1888 508 1947 umbras
527 1892 856 1965 ignorantiae
878 1899 1379 1977 mutabilitatisque
1408 1922 1520 1963 non
1550 1908 1783 1980 perpeti,

163 1976 389 2036 dicatur
414 1989 583 2052 recte,
613 1986 736 2043 Non
754 1994 881 2042 sunt
895 1991 1133 2059 tenebris,
1153 2000 1203 2048 et
1218 1976 1325 2050 non
1342 2004 1418 2052 est
1436 1976 1623 2054 umbra
1640 1976 1785 2055 «more

166 2068 257 2157 tis,
310 2076 369 2125 ut
409 2072 805 2131 abscondantur
849 2077 922 2134 ibi
949 2081 1045 2150 qui
1088 2091 1382 2153 operantur
1425 2086 1780 2157 iniquitatem.

165 2154 190 2230 [
202 2158 310 2215 Yet.
344 2160 419 2218 VI
419 2160 462 2235 .]
484 2161 608 2218 Lux
628 2164 779 2220 enim
798 2174 1023 2239 aeterna,
1046 2186 1168 2244 quae
1188 2174 1335 2230 Deus
1349 2182 1451 2244 est,
1474 2154 1681 2248 quanto
1700 2179 1782 2235 in-

164 2256 640 2315 commutabiliter
669 2259 813 2316 792
836 2264 1031 2337 fulget,
1067 2273 1221 2325 tanto
1243 2271 1659 2342 penetrabiliter
1686 2274 1785 2330 vi-

162 2341 295 2411 det;
328 2353 384 2401 et
411 2362 591 2420 neque
620 2352 839 2409 occulta
876 2354 1074 2425 nescit,
1110 2341 1250 2431 quia
1279 2368 1478 2418 cuncta
1510 2371 1780 2434 penetrat,

161 2448 347 2506 neque
385 2445 671 2507 penetrata
714 2441 1088 2516 obliviscitur,
1130 2449 1260 2521 quia
1307 2450 1784 2509 incommutabilis

1894 1905 2187 1977 conspicit,
2218 1914 2273 1962 et
2304 1915 2460 1964 actus
2483 1926 2613 1966 suos
2641 1910 2745 1966 sub
2774 1909 2895 1982 ejus
2926 1914 3240 1984 praesentia,
3269 1916 3511 1978 sollicita

1894 1995 2259 2068 inquisitione
2287 2000 2572 2059 discernit.
2621 2004 2797 2071 Quem
2827 2012 2984 2063 tanto
3029 2008 3052 2044 δ
3088 2008 3215 2082 quis
3259 2013 3509 2070 securius

1892 2096 2196 2160 exspectat,
2226 2100 2433 2163 quanto
2485 2092 2735 2165 quotidie
2782 2093 2956 2152 vitam
3002 2113 3159 2154 suam
3211 2108 3507 2173 suspectus

1893 2177 2196 2233 examinat.
2227 2178 2336 2245 Qui
2366 2179 2516 2235 enim
2545 2180 2616 2237 ad
2644 2190 2959 2241 extremum
2982 2184 3102 2257 ejus
3116 2185 3393 2259 judicium
3415 2206 3506 2247 ve-

1893 2264 2002 2332 nit,
2032 2282 2146 2323 non
2158 2265 2277 2338 jam
2296 2284 2483 2325 coram
2506 2269 2626 2340 illo,
2648 2271 2745 2329 sed
2760 2272 2828 2329 ab
2855 2273 2957 2330 illo
2970 2273 3274 2347 judicatur.
3297 2280 3378 2335 De
3397 2279 3507 2338 hoc

1892 2370 2113 2428 quoque
2141 2358 2342 2415 mentis
2365 2358 2583 2432 judicio
2612 2361 2964 2419 obliviscenti
2994 2366 3195 2423 animai
3228 2384 3324 2439 per
3364 2384 3506 2441 pro-

1891 2444 2116 2517 phetam
2144 2448 2417 2505 Dominus
2444 2448 2584 2506 dicit
2613 2467 2626 2505 :
2669 2452 2848 2509 Reduc
2890 2470 2972 2508 me
2997 2454 3056 2508 in
3081 2457 3415 2523 memoriam,
3445 2465 3507 2515 ut

160 2521 346 2617 durat.
380 2525 619 2585 Proinde
648 2531 865 2604 quoties
898 2534 1191 2608 indignum
1221 2540 1433 2613 aliquid
1463 2543 1628 2600 corde
1651 2560 1779 2601 con-

1890 2532 2189 2603 judicemur
2217 2537 2379 2593 simul
2405 2555 2429 2603 ;
2455 2555 2631 2595 narra
2660 2540 2709 2595 si
2735 2540 2866 2611 quid
2900 2541 3078 2608 habes,
3110 2549 3169 2598 ut
3186 2521 3504 2617 justiﬁceris

160 2612 423 2686 cipimus,
448 2618 614 2674 toties
642 2620 702 2675 in
729 2621 853 2677 luce
882 2639 1193 2695 peccamus,
1235 2612 1365 2700 quia
1394 2629 1515 2702 ipsa
1543 2633 1704 2689 nobis
1726 2641 1783 2690 et

163 2718 278 2760 non
308 2704 415 2760 sibi
455 2709 820 2778 praesentibus
866 2721 1065 2784 praesto
1109 2724 1213 2786 est,
1261 2726 1316 2774 et
1358 2736 1612 2792 perverse
1648 2739 1781 2796 gra-

161 2792 382 2851 dientes
402 2794 462 2851 in
478 2796 656 2869 ipsam
676 2799 1062 2873 impingimus,
1081 2821 1114 2861 a
1133 2822 1243 2879 qua
1261 2823 1359 2879 per
1377 2810 1637 2866 meritum
1653 2792 1778 2869 lon-

159 2898 224 2953 ge
271 2899 487 2941 sumus.
533 2885 675 2943 Cum
718 2904 851 2945 vero
892 2906 994 2948 nos
1021 2893 1200 2950 videri
1246 2911 1359 2952 non
1390 2898 1687 2968 credimus,
1718 2901 1779 2957 in

158 2971 277 3027 sole
310 2973 530 3030 clausos
570 2976 763 3033 oculos
804 2986 1076 3038 tenemus.
1114 2984 1279 3041 Illum
1326 2984 1589 3043 videlicet
1618 2988 1780 3046 nobis

159 3058 579 3132 abscondimus,
602 3080 715 3120 non
732 3082 834 3123 nos
854 3067 959 3125 illi.
982 3071 1143 3127 Nunc
1161 3088 1289 3145 ergo
1309 3073 1441 3131 dum
1463 3092 1777 3148 possumus,

1892 2622 2048 2695 (Isai.
2080 2641 2239 2693 xuii,
2281 2627 2399 2699 26).

1962 2711 2106 2786 [Rec.
2163 2715 2281 2791 VL]
2330 2717 2415 2774 l3.
2461 2718 2663 2775 Judicii
2702 2721 2862 2791 hujus
2896 2723 3050 2779 ordo.
3097 2725 3327 2781 Accusat
3369 2742 3504 2781 con-

1888 2806 2128 2873 scientia,
2155 2806 2300 2861 ratio
2318 2807 2555 2877 judicat,
2605 2811 2764 2865 timor
2801 2813 2951 2883 ligat,
2989 2814 3146 2870 dolor
3173 2815 3398 2873 cruciat.
3429 2845 3504 2859 —

1887 2890 2062 2946 Debet
2115 2892 2264 2947 enim
2320 2894 2757 2969 uniuscujusque
2812 2916 2970 2957 mens
3018 2909 3075 2957 et
3124 2918 3318 2959 causas
3374 2920 3502 2961 suas

1887 2977 2033 3049 apud
2060 2978 2385 3047 Dominum,
2416 2988 2471 3035 et
2498 2997 2690 3039 causas
2718 2986 2947 3041 Domini
2963 2996 3158 3044 contra
3175 3006 3233 3046 se
3261 2991 3504 3048 sollicita

1886 3063 2251 3139 inquisitione
2284 3068 2306 3102 ⁵
2339 3066 2614 3125 discutere
2645 3087 2659 3135 ;
2703 3071 2867 3129 debet
2906 3083 3064 3131 caute
3110 3092 3358 3148 pensare,
3410 3078 3501 3135 vel

164 3165 200 3246 a
230 3156 535 3222 conspectu
563 3154 752 3255 aat‘er‘ni
774 3154 983 3227 judicia
1008 3166 1064 3215 et
1091 3161 1234 3217 male
1264 3163 1522 3235 cogitata,
1559 3166 1582 3201 ³
1610 3174 1665 3222 et
1688 3184 1777 3240 pe.
1807 3193 1852 3255 C
1886 3171 2008 3228 quae
2032 3157 2102 3212 ab
2121 3173 2186 3214 eo
2212 3157 2375 3255 bona
2389 3161 2712 3255 perceperit,
2745 3163 2834 3255 vel
2856 3179 2977 3236 qua:
2998 3166 3143 3222 mala
3160 3166 3324 3223 bonis
3343 3167 3501 3225 illius

157 3234 257 3309 jus
286 3246 597 3312 perpetrata
616 3241 927 3314 deleamus;
962 3265 1284 3307 revocemus
1309 3234 1437 3308 ante
1455 3254 1646 3312 oculos
1660 3234 1778 3312 cor-

160 3325 253 3384 dis
281 3329 557 3405 quidquid
603 3350 857 3407 perverse
903 3339 1117 3411 egimus
1154 3358 1250 3413 per
1295 3344 1598 3417 nequitiam
1626 3363 1779 3419 pra-

155 3419 515 3491 sumptionis.
544 3422 700 3479 Nihil
730 3424 836 3482 sibi
874 3436 1063 3485 nostra
1103 3429 1423 3489 blandiatur
1455 3434 1772 3508 inﬁrmitas,

154 3515 325 3582 atque
373 3509 433 3566 in
480 3511 570 3568 his
606 3530 729 3587 quae
771 3518 988 3588 recolit,
1019 3521 1369 3595 semetipsam
1399 3522 1633 3583 delicate
1662 3544 1775 3584 non

151 3598 366 3671 palpet,
396 3599 492 3657 sed
520 3612 726 3675 quanto
774 3606 881 3663 sibi
911 3609 1046 3665 mali
1074 3610 1149 3667 sit
1177 3613 1418 3684 conscia,
1446 3623 1603 3673 tanto
1630 3617 1691 3673 in
1718 3634 1775 3675 se

150 3688 458 3762 benignius
476 3692 550 3749 sit
578 3709 791 3767 severa,
821 3708 1094 3772 proponat
1112 3710 1306 3759 contra
1332 3720 1390 3760 se
1420 3705 1670 3763 futurum
1685 3707 1774 3781 ju-

153 3777 397 3849 dicium,
429 3788 485 3838 et
511 3798 742 3858 quaeque
763 3786 822 3843 in
851 3804 909 3844 se
936 3790 1105 3847 sentit
1132 3790 1382 3849 districto
1411 3794 1659 3852 ferienda
1678 3777 1776 3871 per

151 3869 492 3928 sententiam
515 3872 744 3946 judicis,
776 3877 895 3936 haec
940 3878 1001 3936 in
1043 3896 1101 3937 se
1132 3882 1221 3953 pie
1249 3882 1414 3940 feriat
1442 3901 1539 3957 per
1580 3869 1773 3958 paeni-

152 3959 391 4015 tentiam
426 3964 826 4024 conversionis.
873 3967 1028 4025 Unde
1068 3976 1191 4042 apte
1222 3979 1512 4047 postquam
1539 3974 1774 4033 violenti

151 4044 328 4118 hujus
355 4064 519 4121 paena
541 4050 819 4127 descripta
836 4063 942 4125 est,
968 4058 1223 4132 sequitur
1253 4077 1267 4116 :

629 4198 860 4258 CAPUT
888 4202 990 4260 v11
1025 4201 1170 4277 [Rea
1212 4203 1301 4281 η.

228 4312 404 4372 Vnus.
436 4314 528 4374 23.
557 4347 631 4360 -
657 4319 836 4391 Neque
863 4322 1001 4377 enim
1018 4324 1170 4380 ultra
1196 4324 1256 4380 in
1274 4324 1501 4383 hominis
1520 4333 1775 4400 potestate

148 4410 231 4461 est
256 4411 320 4460 ut
348 4407 525 4464 veniat
549 4410 622 4465 ad
652 4414 818 4468 Deum
845 4413 905 4469 in
926 4412 1208 4484 judicium.

229 4503 321 4560 12.
364 4505 466 4560 Dei
499 4505 769 4576 judicium
803 4513 1099 4583 prwvenire
1140 4514 1379 4572 debemus
1430 4520 1773 4592 nosmetipsos

146 4592 444 4650 udicando.
473 4625 546 4638 —
575 4596 783 4656 Versus
820 4600 925 4658 iste
955 4608 1113 4659 tanto
1144 4602 1354 4677 majore
1384 4605 1764 4679 disputatione

148 4682 390 4756 indiget,
420 4693 626 4758 quanto
655 4686 761 4746 hoc
786 4689 935 4763 quod
966 4690 1123 4761 dicit,
1154 4693 1200 4748 si
1231 4695 1550 4767 negligitur,
1585 4698 1771 4756 acrius

148 4771 326 4829 dolet.
359 4773 463 4831 Hic
491 4774 760 4833 nimirum
800 4794 915 4834 non
944 4778 1087 4836 illud
1122 4779 1400 4853 judicium
1430 4783 1775 4859 designatur,

150 4860 309 4933 quod
336 4878 433 4934 per
473 4871 735 4923 aeternam
781 4866 1209 4926 retributionem
1252 4872 1437 4944 punit,
1487 4873 1582 4931 sed
1624 4875 1778 4949 quod

231 5071 250 5106 ¹
294 5070 398 5129 Hic
432 5072 707 5133 Gussanv.
761 5075 1025 5134 admonet
1052 5078 1112 5135 in
1150 5078 1253 5137 Ms.
1285 5080 1558 5141 Vaticano
1590 5087 1617 5142 1
1648 5087 1778 5144 addi

149 5143 449 5221 sequentia
487 5163 509 5221 _:
543 5147 891 5221 _Acceperunt
915 5167 982 5206 ea:
1009 5150 1212 5206 visione
1250 5154 1471 5209 rectoris
1503 5157 1591 5211 sui
1636 5158 1696 5213 in
1723 5143 1781 5215 se

148 5215 291 5287 ipsis
325 5215 438 5291 sine
465 5217 667 5291 defectu
692 5215 1006 5291 "persistere.
1056 5224 1150 5280 Ea:
1187 5240 1244 5279 eo
1289 5230 1462 5281 tamen
1498 5227 1571 5282 eis
1601 5230 1781 5287 standi

148 5286 251 5372 ars
271 5286 417 5343 mira
443 5286 671 5372 conﬁcit,
693 5286 1133 5372 quodamsciunt
1151 5295 1283 5372 quid
1300 5296 1365 5372 de
1383 5299 1615 5372 propria
1628 5286 1772 5372 pag-

332 5357 577 5442 possunt,
598 5357 962 5442 _consideran_t
1007 5357 1228 5442 rectoris
1279 5368 1365 5442 sui
1383 5357 1773 5442 'guberna‘tioni

151 5376 296 5413 tione
373 5376 577 5427 assunt,
624 5376 962 5421 considerant
1007 5376 1228 5423 rectoris
1279 5376 1364 5427 sui
1402 5376 1773 5442 gubernationi

148 5429 289 5517 quid
304 5376 547 5517 ﬂuant:
588 5434 666 5517 _Et
690 5442 891 5517 quanto
910 5436 1134 5517 facilius
1160 5440 1467 5517 sentiunt‘se
1488 5460 1642 5517 posse
1658 5461 1774 5517 mu-

152 5501 395 5556 tabiliter
433 5504 562 5571 labi,
595 5501 744 5560 tanta
776 5523 829 5561 se
854 5501 927 5563 ad
952 5506 1188 5566 amorem
1214 5512 1434 5568 rectoris
1461 5501 1546 5569 sui
1571 5516 1774 5571 arctius

149 5589 218 5627 ne
249 5573 506 5656 labantur
532 5576 859 5659 astringunt.
892 5581 1160 5659 Positione
1182 5584 1418 5656 propria
1445 5586 1517 5641 ad
1540 5603 1774 5659 prwceps

143 5661 304 5719 posse
332 5662 387 5701 se
416 5646 497 5702 ire
525 5655 862 5719 cognoscunt,
893 5652 980 5705 sed
1008 5652 1081 5707 ad
1108 5646 1397 5711 creatorem
1422 5646 1578 5713 suum
1604 5646 1766 5713 amo-

259 5733 429 5801 manu
457 5735 514 5775 se
538 5716 886 5801 retinent,n_e
912 5723 1124 5801 cadant.
1148 5727 1299 5801 Hanc
1325 5728 1517 5801 ipsam.
1534 5731 1662 5801 Hoc
1681 5729 1775 5789 ad-

149 5787 536 5850 ditamentum
565 5788 679 5850 etsi
703 5807 739 5849 α
764 5787 912 5865 style
938 5793 1274 5868 Gregoriano
1315 5787 1431 5861 non
1453 5787 1773 5873 abhorreat,

1884 3263 2139 3321 perverse
2176 3249 2418 3307 vivendo
2463 3253 2829 3325 responderit.
2874 3255 3033 3322 Quod
3077 3257 3238 3313 electi
3270 3257 3499 3331 quidem

1884 3336 2134 3410 quotidie
2163 3338 2341 3395 facere
2370 3341 2600 3395 omnino
2631 3357 2745 3397 non
2778 3351 3011 3399 cessant.
3046 3344 3203 3401 Unde
3229 3345 3369 3402 bene
3398 3349 3492 3404 Sa-

1884 3426 2190 3484 lomonait:
2216 3429 2567 3501 Cogitationes
2572 3430 2869 3501 justorum,
2876 3430 3090 3501 judicia
3108 3434 3497 3510 (Proo.xn,5).

1885 3520 2030 3579 793
2057 3524 2349 3583 Accedunt
2371 3526 2522 3583 enim
2551 3526 2620 3583 ad
2647 3528 3005 3585 secretarium
3020 3528 3232 3601 judicia
3259 3531 3409 3590 intra
3427 3533 3500 3591 si-

1882 3633 2019 3673 num
2050 3617 2234 3675 cordis
2266 3635 2280 3674 :
2309 3618 2663 3676 considerant
2689 3635 2855 3693 quam
2881 3620 3134 3678 districto
3162 3623 3500 3698 quandoque

1882 3707 2044 3764 feriat
2072 3708 2167 3782 qui
2214 3708 2315 3766 diu
2352 3711 2624 3783 patienter
2651 3720 2970 3784 exspectat;
3004 3720 3260 3769 metuunt
3301 3714 3363 3770 in
3408 3714 3499 3773 his

1881 3813 2003 3871 quae
2030 3815 2088 3855 se
2114 3798 2288 3872 egisse
2318 3801 2715 3871 meminerunt,
2759 3809 2816 3858 et
2844 3802 3091 3875 puniunt
3131 3803 3315 3861 ﬂendo
3345 3804 3499 3878 quod

1881 3894 2221 3959 perpetrasse
2241 3903 2298 3944 se
2318 3888 2660 3962 intelligunt;
2681 3890 2885 3947 timent
2902 3889 3130 3947 subtilia
3146 3892 3247 3949 Dei
3258 3892 3498 3964 judicia,

1881 3977 2049 4035 etiam
2082 3977 2150 4033 de
2178 3977 2267 4033 his
2300 3993 2423 4051 quae
2470 3978 2531 4034 in
2577 3978 2889 4051 semetipsis
2928 3980 3238 4050 intelligere
3265 3980 3499 4037 fortasse

1880 4084 1994 4125 non
2024 4075 2273 4143 possunt.
2305 4068 2515 4126 Vident
2541 4068 2693 4124 enim
2714 4068 2893 4125 videri
2924 4068 3200 4125 divinitus
3220 4069 3368 4142 quod
3389 4069 3499 4143 ipsi

1880 4159 1941 4216 in
1968 4176 2027 4216 se
2054 4178 2151 4234 per
2180 4159 2586 4216 humanitatem
2616 4174 2729 4215 non
2756 4158 2951 4216 vident
2986 4178 3000 4227 ;
3031 4159 3387 4233 conspiciunt
3414 4160 3496 4217 di-

1881 4250 2136 4307 strictum
2154 4249 2423 4323 judicem,
2451 4248 2549 4323 qui
2578 4265 2688 4323 quo
2715 4248 2929 4306 tardius
2957 4250 3134 4317 venit,
3156 4265 3223 4305 eo
3252 4250 3499 4308 severius

1883 4341 2141 4413 percutit.
2173 4340 2502 4398 Sanctorum
2541 4338 2708 4395 etiam
2738 4346 2958 4411 patrum
2991 4338 3231 4396 residere
3257 4356 3498 4398 conven-

1883 4437 2002 4487 tum
2041 4448 2169 4489 cum
2199 4446 2264 4487 eo
2304 4430 2524 4503 pariter
2566 4430 3036 4502 contemplantur,
3079 4446 3382 4504 eorumque
3410 4430 3501 4488 vel

1881 4520 2156 4594 exempla,
2200 4521 2288 4576 vel
2326 4518 2476 4578 dicta
2516 4536 2575 4576 se
2620 4520 3018 4592 contempsisse
3062 4518 3496 4593 reprehendunt,

1879 4619 2045 4685 atque
2072 4611 2132 4667 in
2160 4610 2268 4668 hoc
2295 4618 2507 4668 secreto
2555 4609 2840 4667 interioris
2877 4610 3103 4683 judicii,
3149 4611 3270 4684 ipsa
3296 4612 3499 4670 mentis

1887 4716 1999 4756 suae
2027 4700 2383 4757 exsecutione
2408 4699 2717 4769 constricti,
2749 4700 3072 4773 pmnitendo
3111 4700 3321 4760 feriunt
3349 4701 3498 4777 quod

1888 4789 2256 4862 superbiendo
2285 4790 2704 4848 commiserunt.
2738 4789 2821 4846 Ibi
2851 4805 3091 4865 namque
3118 4791 3412 4849 adversum
3440 4807 3501 4847 se

1888 4880 2133 4955 quidque
2169 4898 2228 4938 se
2256 4882 2564 4955 impugnat,
2613 4890 2940 4939 enumerant
2979 4901 2993 4941 :
3045 4883 3125 4941 ibi
3154 4891 3280 4940 ante
3309 4882 3498 4941 oculos

1888 5084 2061 5143 nullis
2089 5086 2147 5143 in
2177 5066 2619 5171 Codicibus'sive
2638 5104 2808 5171 manu
2836 5091 3098 5171 mutatis,
3126 5087 3497 5171 siveexcusis

1887 5168 2203 5287 comparet;
2236 5176 2327 5244 ne.
2344 5162 2403 5217 in
2430 5161 2566 5235 ipsis
2595 5162 2818 5235 quidem
2848 5160 3110 5243 Romanis
3130 5159 3315 5217 editis.

1961 5230 1984 5265 ³
2064 5229 2266 5307 endose
2312 5248 2370 5289 in
2394 5234 2713 5307 AGussanv”
2743 5239 2793 5289 et
2824 5249 2986 5307 prius
3007 5238 3335 5307 perpetrata.
3374 5232 3499 5307 Op—

1961 5246 1984 5265 ι
2008 5246 2266 5289 mendose
2312 5248 2370 5289 in
2418 5246 2713 5302 uussanv.,
2743 5246 2793 5289 et
2824 5249 2986 5306 prius
3007 5246 3335 5305 perpetrata.
3374 5246 3492 5317 Up-

1887 5310 2171 5386 ponuntur
2184 5301 2279 5384 hic
2296 5305 2501 5386 malum
2526 5314 2583 5386 et
2600 5304 2759 5386 pejus
2786 5322 2807 5369 ;
2835 5304 3081 5386 cogitatio
3099 5305 3339 5386 male,“
3354 5311 3492 5364 actio

1874 5372 2049 5459 pejor;
2080 5373 2537 5459 superius‘etiam
2567 5372 2769 5448 legitur
2796 5372 2968 5458 curat,
2997 5392 3098 5450 pro
3125 5372 3312 5459 durat:

1921 5446 1975 5527 .3
2005 5445 2428 5529 P13atel._et_alii,
2456 5463 2558 5529 per
2579 5445 3026 5529 conversionem}
3055 5448 3203 5523 quod
3231 5448 3400 5506 etiam
3420 5449 3496 5508 le-

1882 5517 2032 5590 gitur
2057 5518 2117 5572 in
2146 5525 2257 5573 vet.
2281 5517 2435 5575 Edit.
2461 5517 2640 5576 Paris.
2684 5527 2739 5575 et
2758 5519 2929 5576 Basil.
3068 5517 3089 5523 ’

1955 5589 1983 5672 ξ
2008 5588 2218 5676 ΒδΙαις,
2250 5589 2370 5662 quis
2396 5606 2633 5676 securus.
2666 5589 2826 5675 Quod
2856 5592 3063 5676 optime
3091 5592 3494 5676 responde_t_al-

1881 5660 1987 5743 teri
2028 5660 2298 5743 membro,
2331 5669 2597 5734 suspectus
2628 5660 2917 5721 examinat:
2966 5667 3047 5723 At
3090 5666 3150 5723 in
3179 5660 3308 5725 aliis
3359 5666 3490 5723 Mss.

1882 5733 2088 5807 legitur
2114 5734 2373 5790 securius.
2418 5733 2434 5734 ”

1956 5807 1981 5841 ⁵
2012 5805 2243 5877 Turon.,
2275 5806 2554 5866 discutere.
2592 5807 2756 5867 Debet
2779 5814 2957 5869 autem
2976 5827 3223 5884 pensare.
