3928 6382
412 347 518 412 317

1627 337 1884 396 SANCTI
1931 335 2274 399 GREGORH
2306 339 2536 400 MAGNI

3633 339 3742 403 328

414 487 544 536 suos
569 482 733 532 omne
759 467 908 542 quod
930 467 1188 534 deﬂeant,
1217 472 1582 530 coacervant;
1629 463 1708 519 ibi
1735 462 2013 537 quidquid
2039 473 2092 532 Α
2117 466 2380 540 Ephraim
2396 462 3341 539 speciedicitur:Comederuntalieni
3351 461 3521 517 robur
3531 463 3672 533 ejus,
3695 470 3745 522 et

414 583 510 638 per
557 565 696 623 iram
743 559 984 621 districti
1021 557 1230 633 judicia
1271 555 1498 613 decerni
1546 555 1740 626 possit,
1791 554 2019 612 intuen-
2126 556 2378 621 nescivit;
2403 557 2492 611 sed
2519 563 2565 610 et
2593 555 2713 610 cani
2739 553 2890 625 effusi
2919 558 3042 608 sunt
3067 553 3124 606 in
3152 569 3229 616 eo,
3251 557 3300 605 et
3327 551 3438 622 ipse
3465 551 3748 624 ignoravit

412 661 542 720 tur;
577 651 656 712 ibi
682 657 766 712 tot
811 648 1098 720 patiuntur
1144 643 1434 716 supplicia,
1467 649 1600 716 quot
1629 641 1742 714 pati
1773 642 1972 697 timent
1998 657 2014 707 ;

413 759 515 800 nec
539 741 695 800 deest
722 738 782 798 in
823 737 929 796 hoc
967 733 1182 806 judicio
1211 742 1393 792 mente
1421 738 1682 803 concepto
1711 746 1874 786 omne
1903 729 2020 784 mi-

414 828 731 895 nisterium,
761 824 910 898 quod
956 823 1154 896 punire
1201 838 1322 880 reos
1360 837 1486 878 suos
1535 818 1754 890 plenius
1795 817 2015 875 debeat.

414 919 554 978 Nam
587 913 927 978 conscientia
954 919 1198 979 accusat,
1227 910 1373 968 ratio
1403 907 1638 980 judicat,
1669 907 1838 964 timor
1863 907 2018 979 ligat,

417 1007 579 1066 dolor
597 1003 895 1064 excruciat.
925 999 1084 1068 Quod
1097 999 1372 1071 judicium
1394 1014 1457 1053 eo
1477 997 1682 1054 certius
1702 998 1886 1068 punit,
1909 1013 2019 1070 quo

419 1097 654 1156 interius
679 1095 856 1162 saevit,
884 1093 1016 1166 quia
1043 1090 1304 1146 videlicet
1323 1089 1391 1145 ab
1407 1087 1776 1144 exterioribus
1801 1102 1915 1142 non
1933 1102 2020 1142 ac-

417 1185 588 1242 cedit.
621 1182 1008 1256 Unusquisque
1038 1179 1184 1234 enim
1205 1193 1336 1234 cum
1365 1192 1584 1233 causam
1615 1174 1784 1247 hujus
1811 1175 2020 1232 exami-

418 1275 509 1330 nis
546 1280 739 1330 contra
772 1287 830 1326 se
857 1268 1079 1342 aggredi
1119 1267 1366 1338 cmperit,
1415 1267 1534 1337 ipse
1575 1274 1656 1321 est
1691 1267 1706 1300 ¹
1739 1275 1893 1322 actor
1921 1264 2019 1336 qui

417 1363 664 1428 exhibet,
710 1361 826 1432 ipse
868 1374 995 1414 reus
1041 1357 1138 1431 qui
1168 1355 1510 1421 exhibetur;
1549 1354 1670 1414 odit
1711 1369 1768 1410 se
1803 1353 2022 1425 qualem

417 1451 588 1506 fuisse
616 1465 676 1510 se
703 1448 980 1515 meminit,
1012 1455 1067 1501 et
1107 1446 1224 1518 ipse
1254 1444 1350 1518 qui
1393 1451 1494 1511 est,
1528 1460 1624 1516 per
1665 1443 2024 1514 semetipsum

417 1541 730 1614 insequitur
757 1538 918 1594 illum
949 1537 1049 1610 qui
1076 1537 1206 1604 fuit,
1239 1533 1493 1610 atqueab
1525 1535 1644 1606 ipso
1675 1533 1903 1590 homine
1930 1532 2024 1588 ade

399 1621 609 1691 'versus
635 1631 990 1703 semetipsum
1019 1629 1084 1686 ﬁt
1123 1627 1373 1702 quedam
1403 1628 1528 1683 rixa
1555 1626 1613 1682 in
1643 1627 1851 1695 animo,
1888 1641 2028 1698 par-

415 1721 634 1779 turiens
661 1734 850 1790 pacem
877 1734 1005 1774 cum
1036 1719 1170 1776 Deo.
1204 1718 1359 1773 Hanc
1384 1717 1570 1772 cordis
1613 1717 1794 1771 rixam
1825 1717 2032 1772 Domi-

2125 644 2488 717 (Osewvn,9).
2505 644 2640 702 Cum
2659 660 2789 699 vero
2800 643 3144 714 semetipsum
3163 641 3382 714 quaerit,
3395 641 3747 702 etsubtiliter

2129 735 2446 806 paenitendo
2475 752 2531 791 se
2551 735 2802 801 discutit,
2833 734 2900 789 ab
2935 733 3053 805 ipsa
3071 731 3174 788 hac
3193 739 3469 788 vetustate
3500 748 3601 788 sua
3631 733 3750 790 lota

2130 823 2388 898 lacrymis
2415 833 2470 881 et
2501 825 2995 880 mmroreJncensa
3043 829 3359 891 renovatur,
3391 831 3446 879 et
3477 839 3600 896 quae
3626 823 3747 895 jam

2130 932 2266 986 pene
2298 916 2600 971 inveterata
2628 917 2650 951 ³
2681 915 2930 980 frixerat,
2965 930 3061 984 per
3079 912 3499 968 subministrata
3533 912 3749 969 interni

2130 1005 2332 1060 amoris
2361 1004 2544 1060 studia
2573 1020 2780 1058 novum
2824 1005 2986 1058 calet.
3040 1002 3198 1057 Unde
3227 1002 3428 1057 Paulus
3461 1003 3749 1073 apostolus

2130 1111 2232 1150 usu
2263 1093 2512 1148 mortalis
2536 1095 2665 1148 vitae
2695 1099 3093 1148 \e'terascentes
3121 1091 3426 1163 discipulos
3455 1091 3748 1160 admonet,

2129 1183 2318 1240 dicens
2353 1199 2363 1236 :
2397 1182 2743 1238 Renovamim'
2769 1181 2964 1254 spiritu
2986 1181 3175 1235 mentis
3191 1180 3620 1252 vestrw(Ephes.
3655 1199 3740 1247 Iv,

2131 1274 2248 1344 23).

2203 1363 2348 1436 [Ηθσ.
2389 1362 2538 1437 νη]
2599 1363 2684 1419 15.
2751 1363 2816 1418 Ut
2865 1362 2958 1416 hoc
3009 1378 3252 1432 agamus,
3307 1379 3404 1416 nos
3458 1359 3752 1418 admouent

2133 1455 2370 1524 exeinpla
2409 1455 2505 1509 SS.
2547 1455 2772 1508 Patrum
2801 1457 2850 1506 et
2885 1451 3065 1506 divina
3093 1457 3372 1524 prmerpta.
3423 1483 3496 1494 —
3535 1451 3646 1509 Sed
3680 1451 3752 1510 ad

2135 1542 2252 1597 haec
2278 1541 2485 1614 agenda
2523 1541 2680 1596 valde
2721 1541 2973 1612 exempla
3020 1547 3237 1611 patrum
3272 1547 3326 1596 et
3355 1542 3496 1596 sacri
3529 1542 3749 1614 eloquii

2136 1643 2404 1704 praecepta
2445 1649 2546 1688 nos
2607 1631 2894 1705 adjuvant.
2948 1629 3004 1686 Si
3052 1631 3200 1686 enim
3231 1638 3548 1688 sanctorum
3582 1647 3754 1706 opera

2137 1721 2484 1793 inspicimus,
2516 1731 2570 1777 et
2587 1722 2797 1778 divinis
2817 1720 3168 1792 jnssionibus
3189 1737 3377 1776 aurem
3411 1722 3748 1796 praebemus,

418 1825 528 1867 nus
549 1807 885 1881 requirebat,
905 1821 1034 1862 cum
1066 1821 1162 1876 per
1177 1805 1500 1878 prophetam
1521 1805 1732 1861 diceret
1767 1823 1778 1860 ε
1812 1805 2031 1862 Attemli
2060 1829 2108 1892 Β
2135 1813 2244 1866 alia
2271 1829 2372 1867 nos
2400 1811 2791 1882 contemplata,
2824 1811 2932 1865 alia
2961 1809 3146 1865 audita
3177 1810 3546 1878 succendunt,
3579 1821 3631 1866 el
3652 1827 3754 1867 cor

421 1905 472 1955 et
493 1895 816 1961 auscultavi,
843 1910 994 1949 nemo
1040 1895 1182 1964 quod
1221 1895 1417 1951 bonum
1453 1901 1532 1949 est
1560 1894 1820 1965 loquitur,
1849 1896 2033 1952 nullus

421 1993 499 2045 ut
523 1985 620 2058 qui
641 1989 769 2056 agat
805 1983 1172 2056 paenitentiam
1217 1999 1378 2055 super
1415 1990 1626 2056 peccato
1663 2001 1780 2054 suo,
1807 1985 1982 2042 dicens
2014 2003 2027 2042 :

427 2077 568 2144 Quid
594 2075 698 2146 feci
722 2074 947 2144 (Jerem.
975 2089 1100 2141 vm,
1127 2073 1185 2144 6)
1218 2071 1246 2128 ἢ
1275 2073 1387 2128 Ista
1419 2073 1604 2130 cordis
1645 2073 1876 2130 humani
1909 2075 2033 2132 rixa

425 2168 453 2205 ³
477 2171 725 2241 placatus
749 2173 852 2235 est,
881 2180 1010 2222 cum
1032 2162 1312 2236 propheta;
1341 2180 1443 2220 suo
1480 2164 1547 2220 de
1575 2164 1767 2220 Achab
1798 2181 1924 2237 rege
1951 2180 2031 2220 se-

424 2258 722 2328 metipsum
757 2253 1192 2327 reprehendente
1210 2254 1547 2328 loqueretur,
1566 2254 1758 2312 dicens
1790 2273 1802 2311 :
1847 2253 2035 2313 Vidisti

397 2335 400 2342 ’
424 2345 604 2402 Achab
633 2345 972 2400 humiliatum
989 2359 1172 2400 coram
1189 2360 1269 2398 ine
1298 2346 1324 2399 Υ
1357 2344 1492 2412 Quia
1528 2344 1693 2416 igitur
1724 2344 2034 2403 humiliatus

425 2441 501 2490 est
543 2435 646 2490 nui
685 2451 868 2502 causa,
913 2449 1020 2488 non
1066 2432 1314 2487 inducam
1361 2434 1562 2488 malum
1597 2433 1654 2487 in
1698 2433 1877 2488 diebus
1919 2431 2059 2502 ejus-

424 2525 550 2595 (m
573 2526 699 2596 Reg.
731 2539 855 2591 XXI,
879 2523 1000 2593 29).

501 2613 588 2670 14.
619 2614 729 2670 Hoc
746 2613 1012 2682 judicium
1040 2611 1181 2681 quod
1198 2610 1330 2666 mali
1357 2609 1642 2680 declinant,
1663 2608 1806 2680 justi
1831 2625 2034 2682 semper

427 2708 686 2771 coercent,
713 2718 876 2773 quam
899 2701 1106 2756 utiliter
1132 2702 1291 2758 subeo
1303 2717 1429 2758 nus.
1473 2701 1560 2757 Sic
1585 2718 1620 2756 a
1643 2701 1844 2772 peccati
1871 2707 2030 2758 vetu-

427 2800 560 2850 state
585 2807 924 2848 movemur.
949 2821 1022 2838 -—
1049 2790 1192 2858 Quia
1219 2806 1346 2862 ergo
1372 2805 1524 2850 nunc
1552 2790 1612 2846 in
1641 2797 1908 2861 potestate
1949 2798 2030 2846 est

425 2882 708 2940 internum
728 2880 929 2937 mentis
950 2886 1149 2936 nostrae
1177 2889 1370 2940 contra
1396 2890 1497 2934 nos
1524 2877 1711 2935 subire
1725 2877 2028 2950 judicium,

427 2971 865 3044 recognoscendo
917 2983 1237 3026 accusemus
1292 2969 1676 3041 nosmetipsos,
1733 2976 1789 3024 et
1841 2969 2031 3042 quales

427 3063 636 3120 fuimus
665 3061 981 3136 pcenitendo
1019 3068 1374 3134 torqueamus
1407 3077 1421 3126 ;
1453 3075 1565 3115 non
1590 3075 1866 3116 cessemus
1893 3059 2028 3115 dum

427 3152 558 3210 licet
579 3151 830 3224 judicare
869 3148 1020 3222 quod
1066 3149 1320 3216 fecimus,
1360 3147 1650 3207 audiamus
1691 3155 1853 3204 caute
1880 3147 2032 3222 quod

393 3293 402 3300 .
428 3241 634 3300 dicitur
665 3258 678 3297 :
710 3241 888 3310 Neque
915 3240 1054 3293 enim
1078 3239 1228 3294 ultro
1245 3237 1306 3291 is
1327 3238 1558 3296 hominis
1572 3245 1826 3310 potestate
1853 3245 1948 3308 est,
1971 3243 2032 3294 ut

427 3331 606 3386 vestiat
632 3327 709 3384 ad
752 3329 922 3384 Deum
961 3326 1018 3380 in
1047 3325 1333 3396 judicium.
1378 3327 1752 3398 Reproborum
1792 3342 2032 3400 namque

430 3430 549 3472 esse
583 3412 868 3486 proprium
915 3412 1072 3480 solet,
1117 3427 1332 3484 semper
1376 3429 1545 3486 prava
1579 3431 1758 3489 agerc,
1787 3423 1846 3472 et
1871 3431 2030 3471 nun-

432 3519 596 3579 quam
625 3519 746 3576 qua
779 3502 992 3574 egerint
1019 3509 1332 3560 retractare.
1365 3503 1538 3560 Omne
1585 3505 1731 3560 enim
1761 3503 1911 3576 quod
1939 3503 2034 3559 fat-

431 3593 588 3652 ciunt
605 3609 748 3652 caeca
763 3597 947 3648 mente
967 3597 1377 3664 pertranseunt,
1395 3591 1718 3665 factumque
1735 3608 1898 3649 suum
1918 3592 2031 3648 nisi

431 3699 558 3741 cum
590 3682 772 3755 puniti
789 3681 1020 3750 fuerint,
1039 3696 1154 3738 non
1182 3690 1507 3752 agnoscunt.
1533 3681 1610 3738 At
1625 3688 1816 3738 contra
1834 3681 2031 3738 electo-

431 3788 555 3829 rum
603 3779 688 3829 at
729 3777 886 3830 actus
925 3786 1054 3828 suos
1100 3770 1352 3842 quotidie
1397 3769 1466 3827 ab
1511 3769 1631 3842 ipso
1681 3769 2036 3842 cogitationis

431 3860 588 3923 fonte
611 3859 906 3928 discutere,
939 3866 997 3916 et
1021 3875 1187 3917 omne
1216 3858 1367 3932 quod
1400 3857 1690 3916 turbidum
1720 3857 1944 3930 proﬂuit
1961 3859 2032 3916 ab

430 3950 646 4009 intimis
999 3949 1144 4022 [γει.
1187 3947 1336 4022 VII.)
1363 3947 1520 4007 Sicut
1543 3947 1699 4006 enim
1725 3964 1840 4006 non
1866 3950 2033 4007 senti-

430 4058 554 4100 mus
601 4041 880 4115 quomodo
915 4045 1170 4097 cresth
1223 4038 1490 4108 membra,
1544 4037 1764 4110 proﬁcit
1809 4056 2032 4112 corpus,

431 4139 678 4188 mutatur
701 4134 938 4206 species,
967 4131 1193 4204 nigredo
1237 4133 1568 4204 capillorum
1592 4133 1822 4190 albescit
1849 4132 1909 4190 in
1935 4147 2031 4190 ca.-

431 4220 524 4277 nis
547 4219 691 4291 (hac
717 4221 924 4292 quippe
949 4220 1138 4276 omnia
1164 4220 1328 4276 nobis
1374 4220 1751 4278 nescientibus
1793 4228 2034 4294 aguntur

432 4309 496 4365 in
521 4307 730 4379 nobis),
759 4308 840 4364 ita
859 4323 1018 4362 mens
1035 4315 1222 4363 nostra
1249 4324 1346 4379 per
1367 4317 1646 4366 momenta
1664 4311 1892 4366 vivendi
1911 4310 2032 4382 ipso

431 4413 691 4456 curarum
718 4413 826 4454 usu
851 4413 886 4451 e
909 4397 1205 4468 semetipsa
1245 4405 1614 4468 permutatur,
1648 4407 1702 4456 et
1727 4417 1842 4457 non
1867 4417 2032 4474 agno-

433 4487 660 4556 scimus,
685 4487 797 4544 nisi
842 4485 1101 4558 vigilanti
1142 4489 1394 4545 custodia
1432 4488 1503 4545 ad
1539 4490 1804 4550 interiora
1845 4502 2036 4552 nostra

433 4576 752 4646 residentes,
800 4583 1093 4648 provectus
1132 4584 1350 4634 nostros
1382 4579 1630 4651 quotidie
1673 4581 2034 4658 defectusque
2055 4563 2106 4623 D

432 4682 744 4741 pensemus.
775 4667 894 4724 Hoc
921 4665 1104 4738 ipsum
1130 4667 1277 4723 enim
1307 4669 1367 4724 in
1395 4667 1500 4727 hac
1519 4673 1737 4728 mortali
1767 4673 1883 4729 vita
1901 4689 2032 4730 con-

430 4769 643 4840 sistere,
682 4768 839 4844 quasi
881 4769 950 4827 ad
997 4777 1323 4828 vetustatem
1372 4771 1454 4828 ire
1491 4778 1592 4840 est,
1628 4768 1776 4827 794
1800 4781 1857 4831 et
1901 4791 2032 4832 eum

429 4858 740 4917 indiscussa
761 4875 914 4915 mens
935 4859 1288 4932 relinquitur,
1311 4861 1370 4916 in
1385 4861 1624 4935 quodam
1665 4863 1821 4919 senio
1848 4871 2034 4937 torpo-

427 4950 506 5006 ris
539 4951 772 5024 sopitur,
823 4951 954 5024 quia
998 4950 1084 5006 sui
1129 4952 1434 5024 negligens,
1486 4955 1830 5028 propositum
1863 4957 2032 5015 robur

427 5039 827 5103 insensibiliter
855 5041 1112 5116 perclsus,
1141 5056 1176 5100 ει
1203 5042 1383 5104 forma
1431 5044 1635 5116 prioris
1679 5045 2032 5111 fortitudinis

428 5127 561 5188 dum
600 5131 780 5192 nescit
820 5131 1080 5190 senescit.
1130 5131 1290 5189 Unde
1319 5141 1378 5190 et
1419 5148 1517 5206 per
1557 5134 1882 5208 prophetam
1923 5137 2036 5195 sub

508 5374 525 5467 ξ
547 5373 938 5467 Librariivltio
960 5380 1018 5466 in
1035 5377 1470 5467 Turon.__legitur
1486 5387 1694 5446 auctor.
1712 5379 2026 5467 Lugendum

433 5455 520 5526 est
534 5455 690 5526 pugn
720 5457 906 5526 (ιρι-ονζ
917 5455 1010 5523 qui
1035 5455 1352 5526 Aopponitur
1381 5473 1489 5514 reo.

498 5519 594 5600 {In
610 5519 856 5588 Ebroic.,
875 5519 1280 5602 Eratel.,‘Utic.,
1293 5525 1526 5602 T_urou.,
1539 5529 1936 5602 Baluz.,Colb.,
1952 5535 2031 5591 ita

435 5589 1052 5681 assesasses
1073 5589 1244 5681 ea
1264 5589 1576 5681 haemon
1595 5589 2026 5681 omissa;

433 5667 600 5718 etiam
631 5670 743 5718 vet.
774 5677 882 5720 una
909 5677 1043 5720 exce
1081 5673 1136 5720 ta
1164 5667 1456 5726 Parisiensi
1487 5676 1907 5737 vetustiori.‘Ex
1933 5681 2031 5737 at-

433 5741 586 5792 tenta
605 5735 838 5792 lectione
853 5681 1234 5796 textusliiuuet
1252 5751 1569 5796 corruptam
1585 5762 1703 5796 ense
1735 5747 2025 5796 lectionem

432 5741 586 5825 eos
605 5735 1234 5825 {efﬂantem-liuet
1252 5751 1570 5818 corruptam
1585 5762 1703 5806 esse
1733 5735 2028 5825 lectionem

431 5805 958 5868 hancexcusorum.
1117 5805 1146 5825 ‘
1397 5805 1472 5818 “”’
1735 5805 1744 5826 ⁵

2140 1913 2388 1959 nostrum
2421 1910 2641 1975 torpore
2666 1918 2775 1957 non
2809 1901 3232 1971 constringitur,
3266 1899 3400 1956 dum
3433 1900 3754 1957 imitatione

2140 2002 2486 2065 provocatur.
2519 1992 2674 2048 Unde
2703 1991 2842 2046 bene
2871 1990 2938 2046 ad
2968 1991 3195 2065 Moysen
3225 1988 3436 2045 dicitur
3463 2008 3476 2045 :
3510 1990 3664 2062 Ignis
3693 1991 3755 2046 in

2140 2084 2307 2138 altari
2324 2099 2524 2154 semper
2543 2082 2768 2147 ardebit,
2791 2098 2939 2152 quem
2959 2082 3160 2134 nutriet
3182 2080 3447 2150 sacerdos,
3465 2081 3585 2152 subj
3592 2082 3755 2137 {ciens

2139 2189 2292 2227 mane
2349 2172 2490 2242 ligna
2530 2187 2629 2243 per
2657 2171 2890 2241 singulos
2918 2169 3028 2224 dies
3067 2170 3263 2238 (Leuit.
3295 2186 3377 2237 vr,
3411 2171 3527 2242 i2).
3559 2171 3757 2226 Altare

2142 2262 2344 2335 quippe
2363 2260 2458 2316 Dei
2475 2267 2559 2315 est
2576 2277 2672 2316 cor
2692 2267 2964 2328 nostrum,
2995 2259 3053 2314 in
3076 2275 3185 2331 quo
3196 2257 3426 2330 jubetur
3447 2259 3596 2332 ignis
3609 2275 3754 2316 sem-

2142 2366 2237 2424 per
2263 2351 2471 2418 ardere,
2495 2350 2625 2423 quia
2643 2365 2862 2406 necesse
2881 2355 2963 2404 est
2981 2365 3050 2403 ex
3081 2348 3180 2403 illo
3207 2348 3274 2403 ad
3297 2349 3600 2404 Dominum
3622 2349 3755 2406 chao

2141 2442 2320 2498 ritatis
2349 2441 2626 2496 ﬂammam
2676 2442 2697 2478 ⁴
2741 2439 3118 2496 indesinenter
3159 2438 3470 2496 ascendere.
3517 2438 3623 2497 Cui
3651 2456 3758 2512 per

2141 2534 2386 2607 singulos
2406 2533 2522 2589 dies
2550 2531 2800 2588 sacerdos
2830 2531 2979 2603 ligna
3007 2529 3288 2602 subjiciat,
3319 2545 3390 2586 ne
3420 2531 3755 2602 exstingua-

2139 2633 2250 2681 tur.
2301 2623 2494 2680 Omnis
2536 2623 2681 2678 enim
2737 2619 2944 2678 Christi
2996 2619 3104 2675 ﬁde
3139 2619 3405 2691 praeditus
3435 2620 3755 2678 membrum

2139 2715 2333 2787 utique
2375 2712 2579 2769 summi
2626 2711 2927 2768 sacerdotis
2972 2709 3197 2765 effectus
3222 2715 3328 2775 est,
3356 2708 3502 2766 sicut
3529 2711 3756 2768 cunctis

2139 2802 2395 2859 ﬁdelibus
2437 2802 2630 2858 Petrus
2671 2800 2950 2872 apostolus
2996 2798 3134 2854 dicit
3181 2815 3192 2854 :
3235 2799 3334 2855 Vos
3370 2803 3548 2854 autem
3586 2815 3758 2871 genus

2139 2895 2372 2958 elect-um,
2410 2893 2588 2963 regale
2632 2889 2982 2945 sacerdotium
3021 2889 3086 2958 (Ι
3119 2888 3232 2944 Pet.
3275 2903 3336 2954 ιι,
3377 2887 3462 2958 9).
3495 2887 3569 2944 Et
3602 2887 3758 2947 sicut

2137 2983 2372 3038 Joannes
2400 2981 2678 3054 apostolus
2706 2979 2846 3035 dicit
2877 2995 2891 3033 :
2924 2976 3115 3034 Fecisti
3159 2993 3255 3031 nos
3296 2977 3405 3032 Deo
3433 2983 3622 3033 nostra
3652 2995 3756 3034 re-

2137 3089 2293 3142 gnum
2324 3073 2346 3107 ⁸
2376 3076 2426 3126 et
2451 3069 2740 3126 sacerdotes
2778 3068 2975 3139 (Apoc.
3025 3084 3066 3134 ι,
3111 3066 3194 3137 6).
3237 3064 3500 3122 Sacerdos
3527 3082 3661 3138 ergo
3691 3068 3756 3125 in

2138 3162 2296 3218 altari
2328 3161 2511 3232 ignem
2534 3159 2805 3224 nutriens,
2829 3155 3077 3229 quotidie
3101 3156 3248 3227 ligna
3271 3155 3553 3228 subjiciat,
3583 3156 3646 3213 id
3666 3163 3758 3215 est

2138 3251 2318 3308 ﬁdelis
2347 3251 2601 3323 quisque,
2629 3265 2697 3304 ne
2729 3249 2786 3304 in
2830 3264 2896 3304 eo
2933 3245 3220 3303 charitatis
3249 3245 3472 3302 ﬂamma
3499 3246 3756 3320 deﬁciat,

2140 3341 2198 3396 in
2225 3339 2390 3397 corde
2409 3357 2510 3396 suo
2535 3346 2652 3395 tam
2671 3337 2921 3410 exempla
2937 3335 3362 3408 prmcedentinm
3385 3353 3552 3409 quam
3581 3353 3758 3394 sacra

2139 3431 2434 3503 Scriptura;
2463 3429 2779 3485 testimonia
2805 3429 2827 3463 ⁸
2857 3444 3148 3500 congerere
3181 3443 3290 3482 non
3323 3427 3576 3484 desistat.
3609 3429 3757 3485 Nam

2140 3520 2292 3593 quasi
2323 3518 2574 3592 quaedam
2603 3517 2845 3574 fomenta
2875 3517 2989 3590 igni
3011 3516 3141 3572 dare
3162 3522 3245 3572 est
3273 3517 3294 3551 "
3329 3516 3384 3572 in
3405 3517 3756 3575 excitatione

2139 3611 2425 3669 charitatis
2443 3612 2530 3667 vel
2558 3611 2810 3682 exempla
2826 3617 3042 3680 patrum
3065 3609 3150 3664 vel
3176 3616 3444 3680 praecepta
3465 3608 3760 3667 dominica

2140 3699 2472 3755 ministrare.
2504 3699 2646 3766 Quia
2674 3697 2881 3754 etenim
2911 3697 3133 3753 interna
3161 3695 3380 3751 novitas
3411 3703 3601 3752 nostra
3631 3697 3758 3771 ipsa

2140 3788 2388 3862 quotidie
2418 3787 2584 3860 hujus
2614 3789 2743 3844 vitae
2773 3786 3192 3844 conversatione
3240 3787 3556 3856 veterascit,
3603 3788 3759 3860 ignis

2141 3878 2242 3934 iste
2270 3877 2537 3934 adhibitis
2566 3877 2734 3950 lignis
2753 3875 3086 3932 nutriendus
3105 3883 3207 3941 est,
3232 3884 3294 3932 ut
3312 3876 3446 3932 dum
3468 3893 3568 3948 per
3582 3893 3756 3934 usum

2139 3985 2196 4024 se
2216 3975 2416 4023 nostrae
2445 3967 2736 4022 vetustatis
2765 3973 3046 4035 extenuat,
3071 3983 3167 4038 per
3185 3973 3404 4039 patrum
3425 3968 3757 4024 testimonia
3841 4017 3846 4022 .

2139 4065 2194 4113 et
2221 4057 2472 4128 exempla
2519 4057 2835 4112 reviviscat.
2866 4057 2939 4112 Et
2985 4057 3124 4113 bene
3174 4057 3291 4113 illic
3331 4057 3662 4130 praecipitur
3694 4064 3756 4114 ut

2139 4165 2298 4204 mane
2328 4148 2478 4220 ligna
2497 4164 2591 4220 per
2619 4146 2737 4204 dies
2758 4147 3004 4220 singulos
3023 4154 3410 4220 congerantur.
3436 4148 3567 4204 Haec
3588 4149 3753 4222 quip-

2139 4255 2206 4311 pe
2235 4255 2348 4294 non
2376 4237 2540 4307 ﬁunt,
2571 4237 2681 4294 nisi
2727 4254 2854 4294 cum
2899 4254 3014 4293 nox
3051 4237 3316 4294 caecitatis
3345 4238 3752 4311 exstinguitur.

2140 4328 2240 4386 Vel
2270 4336 2416 4386 certe
2435 4329 2566 4402 quia
2594 4343 2752 4384 mane
2782 4327 2962 4400 prima
2989 4343 3114 4400 pars
3143 4326 3253 4384 diei
3284 4329 3756 4402 est,'postpositis

2139 4419 2564 4492 cogitationibus
2579 4419 2708 4474 vitae
2725 4418 3030 4492 praesentis,
3054 4419 3160 4474 hoc
3179 4419 3358 4490 primo
3376 4421 3499 4476 loco
3513 4421 3756 4496 quisque

2137 4509 2388 4574 ﬁdelium
2417 4509 2638 4583 cogitet,
2669 4517 2734 4565 ut
2761 4509 2908 4584 quod
2930 4509 2987 4564 in
3017 4525 3074 4566 se
3099 4508 3438 4582 jamjamque
3469 4511 3626 4582 quasi
3661 4511 3755 4568 de-

2139 4599 2275 4668 ﬁcit,
2308 4599 2509 4674 quibus
2537 4601 2685 4656 valet
2706 4598 2920 4656 nisibus
2936 4599 3183 4656 studium
3209 4599 3499 4657 charitatis
3528 4599 3754 4658 inﬂam-

2140 4697 2270 4746 met.
2304 4690 2452 4762 Ignis
2494 4690 2644 4746 enim
2693 4691 2796 4746 iste
2843 4689 2900 4746 in
2949 4689 3107 4746 altari
3155 4689 3402 4760 Domini,
3452 4689 3510 4746 id
3557 4698 3644 4747 est
3693 4691 3754 4747 in

2139 4779 2302 4840 corde
2331 4789 2520 4838 nostro
2539 4780 2706 4838 citius
2721 4779 3116 4854 exstinguitur,
3139 4780 3246 4836 nisi
3268 4780 3500 4836 solerter
3527 4779 3754 4837 adhibi-

2139 4871 2212 4927 tis
2239 4871 2509 4943 exemplis
2536 4877 2755 4943 patrum
2782 4877 2838 4927 et
2873 4868 3172 4927 dominicis
3210 4868 3551 4926 testimoniis
3580 4885 3758 4942 repa—

2139 4970 2310 5020 retur.

2211 5055 2297 5112 16.
2345 5055 2434 5112 Ita
2475 5054 2752 5111 choritatis
2792 5054 2912 5128 igne
2951 5051 3204 5119 successi,
3241 5052 3612 5110 holocaustum
3637 5053 3752 5110 Deo

2136 5160 2413 5203 smnus.—
2430 5146 2576 5204 Bene
2603 5153 2786 5203 autem
2815 5145 2935 5204 illic
2963 5143 3322 5220 subjungitur
3350 5161 3366 5204 :
3395 5143 3474 5204 Et
3495 5143 3756 5222 imposito

2208 5391 2230 5427 ³
2260 5389 2465 5450 Turon.
2497 5398 2552 5452 et
2577 5391 2674 5450 alii
2704 5409 2738 5451 a
2765 5389 3039 5450 Gussanv.
3072 5389 3204 5462 visi,
3233 5389 3526 5463 frigucrat.

2209 5463 2231 5497 ‘
2261 5463 2554 5534 Gussanv.,
2587 5465 2756 5524 Gilot.
2787 5473 2843 5522 et
2886 5465 2960 5522 al.
2994 5473 3220 5533 recent.,
3264 5463 3621 5534 indesinenter
3643 5478 3756 5521 ae-

2136 5535 2366 5592 cendere.
2399 5537 2780 5598 Emendantur
2803 5554 2874 5596 ex
2901 5537 3029 5594 Mss.
3061 5537 3277 5606 Norm.,
3310 5533 3580 5606 Vindoc.,
3607 5544 3751 5603 etc.,

2137 5623 2275 5680 quos
2303 5616 2610 5680 sequuntur
2637 5618 2749 5668 vet.
2775 5610 2926 5668 Edit.

2209 5680 2230 5716 ⁵
2261 5678 2528 5740 Nonnulli
2557 5680 2686 5742 Ed..
2717 5687 2766 5738 et
2791 5681 3143 5742 sacerdotium

2211 5750 2235 5832 ξ
2260 5723 3162 5832 ἓέἇὶξιῗ’ἓο”ῗὶιέάῗξοῖῗ“ωησηρω’
2937 5723 3212 5832 “’”“Ϊῖ”ᾳς

2205 5821 2230 5859 ⁷
2257 5819 2484 5885 Ebroic.
2511 5831 2570 5884 et
2591 5819 2907 5898 Prstel.,'in
