3928 6388
121 315 224 374 329

880 327 1257 392 MORALIUM
1294 336 1428 394 LIB.
1470 337 1652 400 XXV.
1695 374 1761 387 -
1799 345 1873 404 IN
1910 345 2139 407 CAPUT
2176 354 2417 416 XXXIV
2454 362 2515 417 B.
2556 364 2698 423 JOB.

3336 376 3443 435 330

116 444 922 573 holcqgustomdesuperadoiebit
949 456 1133 527 adipes
1148 459 1505 573 paeii’icorum
1538 465 1725 535 (Leuit.
1762 473 1814 533 Α
1843 472 2061 544 delicet,
2105 477 2237 535 dum
2282 482 2552 553 spiritalia
2593 498 2862 562 praecepta
2900 494 3237 567 loqueretur,
3283 505 3442 573 quasi

118 547 172 573 νπ
305 570 311 573 _
466 553 552 573 om
587 555 835 573 "Hunnus
869 558 922 573 ,η
961 560 1016 573 ορ.
1054 546 1230 573 ἔτην-..η
1308 566 1414 573 .-.σιμ
1451 551 1701 573 AIA-73L“
1848 560 1868 573 "
2096 566 2105 573 ‘

118 547 196 596 vr,
246 532 362 605 12).
409 536 553 593 Nam
587 538 838 611 quisquis
868 540 925 597 in
960 560 1016 598 se
1051 546 1234 615 ignem
1265 548 1417 607 hunc
1444 532 1734 612 cha‘ritatis

117 622 394 691 accendit,
442 627 800 698 semetipsum
842 631 1033 704 utique
1074 633 1458 695 holocaustum
1502 641 1734 715 desuper

112 709 377 783 imponit,
408 713 541 785 quia
564 731 726 772 omne
755 717 957 775 vitium
985 723 1133 793 quod
1164 724 1220 780 in
1250 743 1306 782 se
1337 730 1478 785 male
1510 733 1733 789 vivebat

111 801 318 855 exurit.
346 800 487 859 Cum
514 804 664 860 enim
691 808 1089 878 cogitationum
1113 832 1338 872 suarum
1364 820 1583 877 interna
1607 840 1729 878 con-

110 888 338 959 siderat,
362 898 417 947 et
435 892 611 949 vitam
630 896 915 967 reprobam
941 918 1037 972 per
1058 902 1129 958 im
1140 906 1464 964 mutationis
1484 910 1727 980 gladium

112 986 341 1049 mactat,
372 981 431 1037 in
461 999 557 1039 ara
578 1000 637 1040 se
663 986 747 1043 sui
778 988 962 1046 cordis
993 991 1279 1066 imposuit,
1303 1006 1357 1053 et
1389 998 1513 1069 igne
1543 1000 1722 1058 chari-

108 1076 242 1132 tatis
273 1075 422 1133 795
453 1080 720 1139 incendit.
753 1086 833 1140 De
861 1104 969 1159 qua
1013 1088 1194 1147 hostia
1224 1094 1580 1164 paciﬁcorum
1611 1100 1725 1156 adi-

110 1181 206 1237 pes
232 1169 510 1239 redolent,
548 1174 561 1206 ³
596 1174 725 1247 quia
752 1176 970 1233 interna
998 1197 1156 1238 novae
1187 1182 1478 1242 charitatis
1510 1188 1726 1261 impin-

106 1260 302 1329 guatio
330 1278 519 1332 pacem
548 1263 695 1320 inter
723 1283 823 1322 nos
852 1275 907 1323 et
934 1270 1112 1327 Deum
1138 1272 1368 1343 faciens,
1403 1260 1629 1333 odorem
1657 1278 1723 1335 de

106 1349 275 1404 nobis
302 1352 701 1408 suavissimum
724 1356 925 1413 reddit.
958 1358 1099 1426 Quia
1120 1378 1251 1418 vero
1271 1364 1458 1421 eadem
1483 1366 1723 1425 charitas

104 1434 168 1490 in
202 1439 469 1495 cordibus
497 1441 798 1499 electorum
837 1445 1318 1522 inexstinguibilis
1350 1462 1555 1524 manet,
1599 1466 1722 1529 apte

104 1522 227 1581 illic
255 1526 516 1584 subditur
541 1548 552 1585 :
590 1532 740 1603 Ignis
768 1541 843 1589 est
867 1535 964 1590 iste
986 1547 1293 1609 perpetuus,
1330 1544 1425 1613 qui
1450 1522 1723 1617 nunquam

106 1614 396 1706 deﬁcietde
423 1621 593 1676 altari
637 1623 1006 1697 (Ibid.,13).
1053 1630 1347 1704 Nunquam
1373 1614 1623 1706 profecto
1654 1639 1721 1695 de

100 1702 271 1760 altari
304 1706 446 1777 ignis
473 1707 576 1765 iste
604 1708 844 1780 deﬁciet,
874 1713 1005 1786 quia
1031 1702 1344 1790 etiam‘post
1372 1702 1516 1779 hanc
1545 1725 1717 1781 vitam

1841 560 2001 619 funes
2033 566 2274 635 miserat,
2306 574 2657 641 postmodum
2690 560 2819 634 vero
2850 598 3157 642 memorans
3188 560 3444 663 exempla

1843 651 2135 723 majorum,
2168 658 2324 730 quasi
2353 668 2563 719 veteres
2596 681 2806 735 pannos
2834 670 3150 732 adhibebat.

1915 743 1999 798 18.
2028 747 2080 800 Α
2110 748 2263 802 rebus
2285 752 2639 809 exterioribus
2666 758 2739 812 ad
2767 776 2859 813 cor
2878 764 3220 822 redeundum.
3242 799 3314 811 —
3330 772 3438 826 Ex-

1838 830 1992 886 citati
2018 849 2145 905 ergo
2170 844 2254 893 tot
2279 841 2510 898 vocibus
2538 855 2958 920 praeceptorum,
2985 851 3161 923 adjuti
3190 863 3271 910 tot
3293 873 3440 913 com-

1838 922 2216 990 parationibus
2254 933 2655 1003 exemplorum,
2699 936 2769 992 ad
2809 940 2977 995 corda
3024 950 3212 999 nostra
3244 944 3444 1002 redea-

1837 1024 1980 1076 mus,
2010 1010 2372 1074 discutiamus
2393 1037 2556 1076 omne
2578 1024 2725 1094 quod
2746 1027 2979 1097 agimus,
3008 1039 3062 1085 et
3083 1032 3356 1105 quidquid
3382 1034 3442 1090 in

1835 1100 1995 1157 nobis
2023 1104 2229 1163 divinae
2258 1111 2613 1169 rectitudinis
2642 1119 2887 1188 regulam
2924 1121 3179 1191 offendit,
3209 1140 3445 1181 accuse-

1834 1204 1979 1258 mus,
2007 1200 2069 1248 ut
2093 1196 2238 1267 apud
2267 1197 2581 1257 districtum
2607 1201 2853 1273 judicem
2884 1208 3004 1280 ipsa
3035 1227 3138 1267 nos
3163 1216 3443 1271 accusatio

1834 1290 2077 1339 excuset.
2114 1285 2176 1339 In
2214 1285 2319 1343 hoc
2363 1289 2512 1345 enim
2554 1296 2757 1351 mentis
2805 1307 3006 1355 nostras
3037 1300 3253 1372 judicio
3282 1312 3441 1361 tanto

1831 1371 1999 1428 citius
2032 1372 2396 1447 absolvimur,
2428 1390 2637 1453 quanto
2662 1401 2764 1441 nos
2787 1371 3097 1447 districtius
3123 1408 3245 1449 reos
3275 1402 3441 1451 tene-

1834 1476 1974 1517 mus.
2005 1463 2118 1520 Nec
2138 1464 2207 1520 ad
2235 1465 2355 1523 haec
2379 1471 2588 1540 agenda
2615 1473 2636 1506 ⁵
2658 1477 3129 1545 praetermittenda
3150 1488 3283 1535 sunt
3304 1489 3439 1538 tem-

1832 1566 1985 1621 pora,
2033 1554 2235 1625 quibus
2265 1566 2443 1626 vacat,
2484 1561 2615 1632 quia
2640 1563 2710 1619 ad
2739 1564 2857 1620 haec
2885 1567 3093 1638 agenda
3123 1578 3244 1641 post
3274 1569 3443 1643 hujus

1831 1641 1959 1697 vitae
1990 1650 2235 1715 tempora
2260 1664 2372 1703 non
2399 1660 2581 1707 vacat.
2615 1653 2799 1711 Vacue
2825 1658 3029 1729 quippe
3056 1675 3168 1715 non
3194 1641 3434 1719 dicitur:

1828 1729 2005 1800 Neque
2032 1734 2168 1787 enim
2194 1736 2339 1790 ultra
2367 1738 2423 1791 in
2448 1740 2674 1794 hominis
2697 1750 2952 1811 potestate
2978 1754 3052 1800 est
3078 1754 3139 1801 ut
3163 1750 3341 1803 veniat
3367 1751 3443 1805 ad

100 1808 303 1851 eorum
335 1797 615 1855 mentibus
646 1801 833 1857 fervor
858 1802 1145 1864 charitatis
1175 1811 1458 1867 accrescit.
1490 1814 1721 1872 {Etema
1753 1851 1799 1910 B
1832 1818 2001 1873 Deum
2024 1819 2081 1873 in
2091 1820 2379 1888 judicium.
2403 1825 2614 1883 Idcirco
2637 1844 2875 1902 namque
2896 1849 3269 1891 memoramur
3291 1839 3440 1910 quod

103 1884 313 1910 nn:n-\A
359 1889 815 1910 --_a-___.l_4:-i-_
867 1908 877 1910 -
906 1892 964 1910 ,-.
1151 1902 1161 1910 .
1338 1900 1348 1909 .
1437 1908 1444 1910 _
1583 1906 1615 1910 _

102 1884 315 1956 quippe
354 1889 822 1960 contemplatione
857 1892 1059 1964 agitur,
1106 1902 1169 1951 ut
1198 1900 1552 1971 omnipotens
1580 1906 1726 1965 Deus

97 1990 210 2047 quo
239 1975 418 2047 magis
445 1977 597 2033 visus
625 1978 815 2048 fuerit,
848 1998 914 2038 eo
947 1984 1187 2056 amplius
1221 1986 1515 2059 diligatur.

168 2088 313 2163 [νει.
368 2091 549 2166 VIII.]
594 2095 678 2151 17.
721 2096 933 2153 Divinis
971 2103 1254 2172 preeceptis
1310 2112 1361 2159 et
1416 2116 1725 2165 sanctorum

96 2180 355 2251 exemplis
373 2181 572 2251 adjuti,
595 2184 888 2241 libertatem
911 2192 1305 2260 consequimur.
1339 2225 1412 2237 —
1446 2196 1609 2264 Quod
1628 2216 1722 2257 au-

95 2277 210 2325 tem
239 2269 455 2328 divinis
481 2272 959 2334 admonitionibus
988 2287 1044 2335 et
1069 2284 1504 2352 praecedentium
1536 2304 1718 2345 exem-

97 2359 209 2430 plis
234 2359 418 2432 adjuti
445 2361 513 2417 de
543 2363 711 2436 hujus
736 2367 867 2422 vitaa
896 2369 1176 2439 profundo
1207 2373 1532 2445 liberamur,
1582 2378 1720 2435 bene

94 2449 265 2504 etiam
303 2450 578 2522 propheta
603 2454 842 2512 Ieremia
872 2458 930 2514 in
967 2469 1196 2532 puteum
1228 2466 1401 2522 misso
1432 2468 1716 2539 signatum

97 2546 202 2607 est,
228 2540 329 2611 qui
359 2547 422 2595 ut
454 2543 666 2598 levetur
693 2561 762 2600 ex
796 2554 983 2618 puteo,
1012 2549 1178 2606 funes
1209 2552 1278 2608 ad
1309 2569 1435 2610 eum
1466 2564 1521 2611 et
1547 2560 1714 2629 panni

98 2635 312 2685 veteres
342 2629 698 2703 deponuntur
726 2635 942 2707 (Jerem.
980 2654 1228 2709 xxxvm,
1254 2643 1367 2715 11).
1388 2645 1535 2711 Quid
1565 2648 1713 2704 enim

101 2718 337 2776 funibus
362 2722 470 2777 nisi
502 2733 773 2796 praecepta
802 2726 1084 2785 dominica
1111 2730 1424 2802 ﬁgurantur
1446 2736 1475 2791 ?
1523 2736 1543 2770 ²
1582 2738 1714 2805 Quae

106 2809 239 2882 quia
266 2827 371 2867 nos
400 2812 459 2867 in
498 2815 644 2869 mala
671 2816 995 2885 operatione
1022 2821 1254 2890 positos,
1307 2823 1328 2857 ³
1377 2830 1431 2879 et
1469 2826 1715 2881 convin-

100 2898 282 2967 ciunt,
311 2907 367 2956 et
391 2901 661 2973 eripiunt,
689 2905 842 2975 quasi
874 2905 1048 2977 ligant
1075 2915 1130 2962 et
1158 2908 1406 2978 trahunt,
1431 2921 1715 2971 coarctant

92 2998 148 3045 et
183 2990 394 3046 levant.
436 2991 544 3047 Sed
577 3009 644 3046 ne
674 2993 876 3064 ligatus
918 2994 1007 3050 his
1036 2996 1262 3054 funibus
1295 2999 1427 3056 dum
1469 3002 1713 3060 trahitur

91 3080 406 3148 incidatur,
450 3083 617 3138 simul
658 3084 825 3140 etiam
869 3086 1037 3156 panni
1080 3096 1290 3144 veteres
1333 3089 1708 3163 deponuntur,

1836 1923 1969 1973 tunc
1999 1933 2109 1972 non
2140 1935 2455 1990 possumus,
2490 1920 2633 1979 796
2680 1943 2749 1982 ne
2778 1945 2928 1985 nunc
2956 1930 3105 2003 quod
3147 1949 3442 2004 possumus

1835 2007 2196 2078 negligamus.
2251 2010 2357 2066 Sed
2396 2029 2517 2070 ecce
2553 2018 2772 2087 negotia
2810 2029 3080 2093 occupant
3119 2039 3240 2095 quae
3280 2025 3442 2082 nobis

1834 2092 2172 2152 incessanter
2201 2102 2449 2171 apposita
2492 2118 2525 2158 a
2568 2092 2986 2163 considerandis
3020 2092 3438 2183 nobismetipsis

1833 2185 2035 2239 mentis
2074 2197 2276 2244 nostra!
2316 2191 2540 2248 oculum
2580 2194 2884 2252 declinant.
2934 2198 2997 2253 In
3036 2198 3160 2256 istis
3198 2187 3437 2275 namqtie

1832 2272 2150 2330 visibilibus
2176 2294 2295 2350 qua:
2327 2279 2578 2337 intuetur
2606 2299 2703 2339 cor
2731 2291 2981 2340 nostrum
3009 2294 3167 2343 extra
3190 2306 3246 2344 se
3274 2306 3437 2362 spar-

1830 2360 2000 2433 gitur,
2046 2371 2098 2419 et
2136 2366 2267 2438 quid
2300 2367 2367 2423 de
2397 2386 2455 2424 se
2484 2370 2819 2429 intrinsecus
2860 2384 3054 2445 agatur
3083 2360 3438 2435 obliviscitur

1829 2448 1961 2505 dum
1992 2454 2334 2512 extrinsecus
2358 2468 2678 2530 occupatur.
2712 2462 2913 2518 Divina
2938 2472 3121 2520 autem
3146 2481 3255 2521 vox
3278 2467 3435 2522 terri-

1827 2536 2035 2595 bilibus
2060 2543 2350 2599 sententiis
2379 2546 2493 2601 suis
2524 2548 2680 2619 quasi
2723 2550 3052 2622 quibusdam
3086 2554 3262 2611 clavis
3293 2555 3436 2612 illud

1826 2630 2023 2701 pungit
2045 2639 2108 2687 ut
2134 2633 2379 2704 evigilet,
2409 2642 2471 2691 ut
2501 2635 2668 2693 homo
2696 2642 2917 2696 occulta
2946 2658 3108 2713 super
3135 2659 3190 2699 se
3216 2642 3436 2714 judicia

1824 2734 1946 2790 quae
1975 2738 2193 2792 pressus
2220 2733 2442 2796 torpore
2472 2726 2811 2795 dissimulat,
2853 2739 3063 2787 terrore
3092 2734 3285 2789 saltem
3314 2736 3434 2807 pul-

1823 2813 1972 2863 satus
1993 2822 2338 2881 expavescat.
2367 2816 2434 2871 Ut
2455 2816 2601 2872 euim
2626 2821 2878 2890 superius
2898 2820 3167 2889 diximus,
3190 2823 3309 2895 ipso
3329 2841 3433 2881 usu

1825 2896 1954 2952 vitae
1998 2901 2199 2955 veteris
2231 2918 2386 2958 mens
2416 2906 2559 2961 male
2592 2915 2807 2963 assueta
2836 2909 3194 2980 deprimitur,
3242 2915 3264 2949 ⁶
3291 2921 3346 2968 et
3374 2914 3431 2968 in

1821 2982 1939 3041 haec
1982 3003 2102 3059 quae
2131 2998 2337 3061 spectat
2367 2994 2613 3049 exterius
2645 2996 2800 3066 quasi
2854 2995 3138 3055 dormiens
3166 3003 3382 3073 sopitur
3414 3021 3427 3057 :

1818 3090 1937 3147 quae
1977 3088 2265 3152 postquam
2306 3083 2477 3137 semel
2519 3099 2574 3139 se
2620 3084 2689 3139 ad
2728 3086 3033 3157 appetenda
3072 3088 3319 3145 visibilia
3348 3090 3429 3146 fo-

91 3171 227 3242 quia
253 3186 327 3226 ne
354 3170 552 3226 divina
583 3180 854 3245 praecepta
890 3190 995 3230 nos
1032 3183 1302 3247 terreant,
1349 3182 1706 3253 antiquorum
1736 3212 1780 3272 Ο
1819 3180 1906 3220 1'33
1934 3165 2179 3272 {Uditi‘a
2217 3173 2657 3244 contemplandis
2690 3175 3079 3234 inViSibilibus
3108 3179 3429 3272 inuis???-

84 3267 312 3333 patrum
344 3278 445 3318 nos
478 3263 733 3335 exempla
760 3265 1101 3334 confortant,
1142 3276 1197 3324 et
1223 3285 1293 3324 ex
1324 3287 1514 3327 eorum
1544 3290 1709 3329 com-

82 3350 378 3422 paratione
395 3350 575 3407 facere
596 3368 697 3416 nos
712 3370 869 3424 posse
887 3358 1295 3427 praesumimus,
1335 3362 1483 3434 quod
1503 3378 1572 3418 ex
1595 3381 1708 3421 uo-

82 3446 202 3495 stra
230 3439 617 3496 imbecillitate
638 3442 1026 3502 formidamus.
1074 3447 1131 3503 Si
1159 3464 1287 3521 ergo
1311 3452 1482 3508 levari
1513 3453 1580 3509 de
1601 3454 1706 3511 hoc

80 3530 368 3603 profundo
386 3530 733 3603 festinamus,
769 3534 1009 3606 ligemur
1028 3537 1279 3609 funibus,
1312 3541 1369 3597 id
1390 3550 1472 3599 est
1492 3561 1706 3616 praece-

80 3621 193 3693 ptis
208 3619 509 3678 dominicis
530 3624 923 3695 astringamur.
948 3627 1214 3684 Intersint
1242 3631 1404 3687 etiam
1425 3635 1592 3705 panni
1613 3653 1703 3693 ve-

80 3719 250 3779 teres,
292 3727 424 3768 cum
459 3712 661 3785 quibus
704 3715 903 3771 melius
936 3723 1230 3774 teneantur
1259 3720 1460 3790 funes;
1509 3723 1565 3779 id
1598 3735 1700 3795 est,

79 3800 521 3874 praecedentium
562 3803 943 3861 confortemur
981 3808 1274 3880 exemplis,
1339 3827 1408 3866 ne
1452 3812 1703 3871 inﬁrmos

80 3907 187 3946 nos
214 3906 283 3947 ac
311 3890 539 3947 timidos
569 3901 840 3965 praecepta
866 3893 1096 3951 subtilia
1122 3897 1418 3954 vulnerent
1447 3900 1581 3957 dum
1612 3903 1701 3958 le-

78 3987 239 4037 vant.
290 3979 457 4049 Quasi
503 3982 767 4054 quosdam
810 4000 1021 4055 pannos
1068 3994 1280 4043 veteres
1322 3990 1524 4047 Paulus
1558 4008 1700 4064 apo-

78 4070 259 4126 stolus
314 4069 704 4144 subjungebat,
758 4090 884 4130 cum
946 4076 1198 4133 levandis
1250 4078 1544 4151 discipulis
1582 4083 1698 4138 suis

77 4161 373 4234 praeceptis
398 4162 743 4233 spiritalibus
770 4166 1029 4237 exempla
1050 4175 1302 4224 veterum
1327 4171 1347 4204 ‘
1382 4172 1697 4228 commoda-

75 4259 187 4319 ret,
216 4250 445 4307 dicens:
477 4252 620 4307 Iusti
641 4253 877 4309 ludibria
904 4261 951 4309 et
978 4256 1197 4312 verbera
1220 4260 1449 4330 experti,
1478 4259 1698 4332 insuper

77 4347 125 4397 et
148 4341 371 4397 vincula
389 4347 439 4395 et
458 4358 691 4397 carceres
715 4360 728 4397 :
763 4343 992 4414 lapidati
1019 4352 1163 4414 sunt,
1192 4348 1315 4403 secti
1342 4355 1487 4415 sunt,
1514 4353 1698 4406 tentati

74 4436 225 4497 sunt,
245 4430 306 4484 in
322 4429 576 4486 occisione
592 4432 763 4502 gladii
782 4433 982 4488 mortui
1002 4440 1128 4489 sunt
1144 4436 1338 4507 (Hebr.
1362 4455 1458 4504 x1,
1481 4438 1691 4512 36,37).

77 4519 151 4574 Et
194 4518 364 4591 paulo
408 4526 567 4591 post:
621 4520 879 4577 Habentes
920 4522 1099 4593 itaque
1144 4530 1346 4581 tantam
1392 4527 1694 4598 impositam

1818 3256 1961 3311 nuit.
2014 3257 2167 3314 Unde
2208 3276 2354 3317 nunc
2396 3279 2613 3318 necesse
2646 3272 2726 3320 est
2776 3273 2839 3321 ut
2881 3284 3001 3339 quae
3041 3284 3137 3339 per
3184 3268 3429 3325 visibilia

1817 3346 2093 3417 spargitur
2121 3348 2188 3404 de
2215 3349 2597 3408 invisibilibus
2621 3351 2854 3424 judiciis
2886 3355 3122 3412 feriatur
3150 3375 3166 3424 ;
3214 3366 3268 3413 et
3298 3359 3430 3431 quia

1815 3433 1873 3489 in
1906 3436 1974 3491 iis
2002 3453 2059 3493 se
2088 3438 2458 3497 exterioribus
2487 3442 2629 3498 male
2659 3442 2929 3500 delectata
2959 3448 3280 3518 prostravit,
3308 3450 3429 3504 sal-

1814 3531 1926 3579 tem
1972 3542 2227 3596 percussa
2276 3530 2522 3603 requirat
2559 3534 2707 3606 quod
2736 3534 3002 3591 deseruit.
3052 3537 3196 3593 Ecce
3236 3545 3421 3594 autem

1813 3611 2097 3685 Scriptura
2158 3635 2310 3675 sacra
2366 3630 2573 3678 terrore
2631 3624 2871 3696 quodam
2928 3627 3205 3697 torpentia
3251 3628 3424 3684 corda

1812 3704 2108 3776 transﬁgit,
2130 3724 2197 3763 ne
2220 3709 2273 3763 in
2300 3709 2387 3765 his
2414 3712 2719 3771 inhaereant
2739 3732 2859 3789 quae
2881 3716 3126 3771 exterius
3146 3715 3419 3785 deﬂuunt,

1811 3791 1906 3847 sed
1936 3809 2056 3865 quae
2096 3795 2329 3853 interius
2361 3808 2566 3857 aeterna
2608 3803 2985 3873 perdiderunt.
3040 3804 3253 3861 [ndicat
3283 3804 3422 3877 quid

1808 3885 2079 3939 sententia
2106 3887 2321 3943 occulta
2345 3888 2685 3960 decernitur,
2717 3909 2783 3947 ne
2804 3893 3168 3950 immoderate
3197 3911 3229 3949 a
3260 3894 3421 3949 nobis

1809 3968 1927 4027 haec
1956 3973 2177 4044 publica
2200 3979 2529 4048 cogitentur.
2562 3982 2712 4035 Dicit
2741 3981 2874 4053 quid
2905 4000 3069 4054 super
3098 4000 3199 4038 nos
3227 3990 3419 4053 agatur

1808 4057 1875 4114 de
1906 4061 2086 4130 nobis,
2131 4072 2192 4120 ut
2222 4066 2290 4121 ab
2320 4066 2426 4124 hoc
2458 4069 2681 4139 publico
2710 4070 3134 4141 temporalitatis
3180 4071 3418 4143 colliga-

1807 4164 1930 4204 mus
1950 4153 2171 4207 oculum
2194 4152 2375 4210 cordis
2394 4154 2463 4210 ad
2479 4164 2747 4212 secretum
2765 4156 2994 4213 internae
3011 4157 3415 4230 dispositionis.

1808 4237 1946 4314 [Vet.
1999 4241 2125 4316 IX.]
2168 4244 2304 4299 Nam
2360 4254 2647 4321 postquam
2679 4247 2854 4303 multa
2883 4257 3101 4305 narrata
3156 4258 3289 4306 sunt
3344 4251 3415 4307 de

1805 4348 1967 4404 poena
1995 4334 2290 4405 malorum,
2316 4337 2502 4393 subito
2533 4337 2769 4394 infertur
2796 4340 3076 4395 occultum
3109 4339 3413 4411 judicium,

1805 4421 1954 4495 quod
1999 4422 2087 4495 pie
2128 4442 2293 4497 super
2319 4443 2421 4483 nos
2460 4426 2718 4501 justeque
2763 4427 3097 4500 disponitur,
3137 4431 3416 4502 quomodo

1804 4511 1900 4567 alii
1930 4513 2168 4583 perdunt
2184 4515 2328 4587 quod
2346 4524 2531 4573 tenere
2552 4516 2905 4587 videbantur,
2936 4526 2991 4574 et
3014 4519 3117 4574 alii
3132 4520 3416 4592 accipiunt

76 4609 270 4664 nubem
308 4609 539 4675 testium,
568 4610 877 4681 deponentes
921 4630 1070 4669 omne
1105 4616 1338 4686 pondus,
1382 4622 1429 4671 et
1456 4618 1695 4673 circum-

1827 4579 1954 4676 [uod
1978 4604 2074 4659 alii
2102 4621 2171 4660 ex
2199 4579 2416 4663 meritis
2446 4606 2703 4679 perdunt.
2736 4606 2833 4665 Ait
2862 4608 3012 4665 enim
3054 4627 3066 4666 :

74 4705 226 4754 stans
253 4714 349 4753 nos
370 4705 660 4770 peccatum,
687 4718 787 4772 per
810 4702 1128 4772 patientiam
1155 4721 1440 4761 curramus
1469 4707 1541 4762 ad
1566 4725 1693 4780 pros

70 4787 313 4859 positum
352 4788 504 4843 nobis
532 4796 794 4846 certamen
838 4791 1023 4863 (Hebr.
1070 4809 1175 4859 xu,
1224 4794 1300 4866 1).
1343 4796 1414 4851 Et
1444 4796 1686 4854 iterum:

73 4878 386 4935 Mementote
410 4881 826 4953 prwpositorum
872 4888 1191 4949 vestrorum,
1235 4885 1329 4954 qui
1354 4887 1499 4941 vobis
1530 4888 1693 4944 locuti

75 4972 204 5021 sunt
228 4968 448 5024 verbum
474 4970 576 5027 Dei
596 4989 618 5037 ;
641 4988 871 5043 quorum
902 4971 1161 5027 intuentes
1188 4974 1390 5029 exitum
1416 4993 1689 5034 conversa-

77 5056 263 5124 tionis,
291 5058 578 5118 imitamini
605 5062 762 5134 ﬁdem
794 5060 987 5135 (Hebr.
1012 5078 1140 5132 xm,
1174 5062 1255 5136 7).
1302 5064 1566 5136 Superius
1593 5067 1690 5123 vi-

150 5313 169 5348 ¹
200 5311 397 5392 Eoum.
423 5319 487 5392 _et
505 5311 770 5392 Vindoc.,
801 5314 928 5392 quia
948 5314 1163 5392 interna
1183 5333 1333 5373 ηουω
1360 5316 1480 5375 vita;
1494 5320 1686 5392 impin-

74 5384 279 5462 quatio.
305 5385 734 5462 Legiturtamen
757 5384 823 5443 in'
840 5387 1103 5455 Vindoc.,
1124 5390 1477 5462 impugnatio,
1498 5384 1689 5450 mani-

76 5456 219 5511 festo
250 5457 551 5528 antiquarii
584 5474 785 5515 errore.

151 5529 172 5608 ξ
204 5528 753 5608 Yindoc._et__l‘iorm.,
788 5550 905 5603 qua:
932 5539 1089 5608 quasi
1117 5552 1234 5592 nos.

146 5598 167 5633 ³
202 5598 413 5677 Omnes
443 5600 598 5655 Editi
630 5598 902 5676 quotquot
939 5598 1333 5666 'consuluimus
1371 5607 1596 5677 habent,
1642 5616 1689 5663 et

75 5672 415 5751 convincunt,
473 5672 671 5751 crasso_
715 5672 916 5751 errore.
973 5683 1107 5736 Nam
1160 5679 1446 5751 legendum
1479 5672 1594 5737 esse
1642 5688 1690 5736 et

77 5744 436 5810 conrinciunt,
464 5751 527 5798 ut
545 5755 628 5799 est
659 5746 716 5801 in
751 5747 877 5805 Mss.
904 5751 1045 5809 Utic.
1072 5760 1125 5807 et
1147 5744 1368 5820 Pratel.,
1390 5753 1685 5809 obscurum

78 5829 190 5872 esse
219 5832 339 5872 non
370 5824 554 5888 potest
601 5820 905 5877 attendenti
952 5820 1022 5880 ad
1070 5823 1383 5883 institutam
1422 5840 1455 5882 a
1497 5836 1686 5885 sancto

366 5910 617 5969 Parnon.
650 5912 900 5977 LXXVI.

2409 4713 2638 4774 CAPUT
2668 4716 2812 4773 VIII.

1870 4800 2044 4859 Vnus.
2076 4802 2166 4860 24.
2197 4833 2269 4845 -
2299 4805 2541 4861 Conteret
2564 4807 2758 4861 multos
2786 4812 2834 4861 et
2865 4807 3300 4876 innumerabiles,
3362 4818 3409 4866 et

1798 4896 1940 4947 stare
1954 4891 2114 4961 faciet
2138 4895 2276 4951 alios
2290 4912 2394 4967 pro
2422 4894 2513 4951 eis.

1871 4983 1957 5040 19.
1977 4983 2093 5039 Alii
2119 4986 2352 5057 perdunt
2378 4987 2519 5057 quod
2550 4993 2717 5043 tenere
2738 4988 3071 5058 videbantur,
3092 4990 3237 5045 alius
3244 4992 3404 5062 prius

1792 5074 2064 5144 perditum
2098 5075 2379 5147 recipiunt.
2402 5078 2471 5134 In
2500 5078 2771 5134 exteriora
2797 5079 2983 5151 respui
3009 5078 3399 5150 reprobationis

1796 5319 2062 5395 Gregorio
2080 5324 2583 5395 comparationem.

1870 5396 1891 5430 ‘
1917 5393 2144 5450 Ebroic.
2176 5393 2232 5449 et
2258 5395 2353 5449 alii
2387 5397 2600 5462 Norm.,
2633 5393 3038 5450 commendaret.

1869 5468 1888 5501 δ
1922 5466 2185 5533 Vindoc.,
2217 5467 2436 5523 Ebroic.
2490 5475 2544 5521 et
2582 5466 2677 5521 alii
2709 5467 2925 5533 Norln.,
2953 5468 3224 5538 perdenda
3262 5479 3405 5529 sunt.

1870 5540 1890 5574 °
1928 5538 2144 5611 Ebroic.
2178 5546 2232 5611 et
2262 5539 2458 5593 Pratel.
2492 5555 2628 5611 quos
2655 5547 2965 5611 sequuntur
2985 5549 3094 5596 vet.
3117 5540 3405 5603 Ed.Paris.

1796 5618 1849 5683 et
1874 5609 2069 5683 Basil.,
2101 5618 2148 5664 et
2178 5610 2231 5683 in
2272 5610 2353 5664 his
2382 5628 2497 5681 quae
2511 5609 2806 5682 exspectat,
2835 5613 2983 5683 quod
3015 5614 3245 5671 verbum
3294 5634 3405 5672 non

1799 5682 2174 5753 infrequenter
2202 5682 2258 5737 in
2277 5683 2402 5738 Mss.
2438 5692 2734 5755 usurpatur
2767 5700 2863 5756 pro
2883 5690 3095 5756 spectat.
3124 5686 3186 5742 In
3217 5688 3404 5743 Baluz.

1798 5762 1851 5810 et
1878 5755 2037 5813 Colb.
2064 5756 2165 5828 leg.
2196 5761 2256 5811 ut
2273 5755 2381 5810 hwc
2409 5773 2527 5827 quce
2552 5755 2833 5829 exspectat.

3093 5934 3155 5991 11
