3928 6382
505 371 607 428 331

1745 365 1997 424 SANCTI
2035 365 2373 424 GREGORII
2408 365 2634 423 MAGNI

3725 360 3840 415 332

500 495 734 568 signum;
759 493 895 550 sicut
926 489 1433 566 prodestinationis,
1462 489 1537 547 ad
1555 489 1814 546 interiora
1843 489 2006 545 trahi.
2036 520 2107 531 —
2133 491 2186 552 Α
2215 490 2562 562 temperabam
2585 490 2757 562 (Psal.
2791 505 2864 558 ει,
2899 487 3014 560 10).
3047 488 3216 544 Potus
3243 485 3446 559 quippe
3471 484 3541 541 ab
3571 484 3839 541 exterio-

503 585 621 642 Hoc
649 581 898 658 quotidie
924 581 1124 654 agitur.
1157 577 1264 636 Sed
1292 579 1425 652 quia
1470 577 1653 636 adhuc
1697 577 1826 635 ﬁnis
1861 578 2102 651 partium

502 679 861 744 utrarumque
888 685 1001 726 non
1029 667 1295 737 cernitur,
1318 668 1502 724 minus
1524 666 1768 722 timetur.
1811 667 2107 740 Nunquam

501 757 652 816 enim
680 761 898 832 culpam
919 759 1073 814 suam
1089 757 1306 830 reprobi
1352 755 1458 813 nisi
1485 757 1542 811 in
1569 771 1728 828 poena
1747 763 2104 827 cognoscunt.

499 850 575 906 Et
605 847 737 922 quia
763 863 925 920 poena
949 847 1225 914 differtur,
1254 847 1417 918 culpa
1464 843 1784 917 despicitur.
1817 846 2108 902 Labuntur

501 953 636 996 vero
662 955 695 994 a
715 944 864 995 statu
878 935 1132 1010 justitiai,
1165 944 1220 993 et
1241 935 1423 993 locum
1444 934 1596 1004 vitae,
1622 935 1736 992 illis
1759 936 2104 1005 cadentibus,

501 1027 600 1084 alii
623 1027 951 1084 sortiuntur.
984 1025 1092 1083 Sed
1119 1042 1184 1082 eo
1218 1025 1432 1098 lapsum
1460 1029 1622 1082 suum
1652 1027 1962 1101 negligunt,
1994 1044 2104 1101 quo

500 1114 791 1174 interitum
818 1115 912 1190 qui
932 1131 989 1172 se
1025 1114 1085 1171 in
1113 1121 1377 1172 aeternum
1402 1122 1620 1171 maneat
1656 1132 1768 1172 non
1787 1115 2099 1172 attendunt.

499 1206 561 1266 Si
590 1207 739 1264 enim
767 1203 838 1262 ad
866 1203 1008 1261 illud
1036 1203 1182 1277 quod
1210 1203 1328 1260 illic
1359 1204 1574 1276 passuri
1600 1213 1729 1261 sunt
1754 1205 1946 1263 oculos
1976 1221 2104 1262 suos

501 1295 804 1363 mitterent,
837 1293 967 1350 hoc‘
997 1293 1146 1368 quod
1173 1293 1266 1350 hic
1293 1293 1507 1350 faciunt
1545 1293 1825 1350 timerent.
1877 1293 2104 1352 Cunctis

499 1392 684 1440 autem
713 1385 887 1456 liquet
915 1382 1065 1456 quod
1096 1383 1154 1440 in
1180 1383 1277 1439 illa
1303 1390 1549 1440 extrema
1577 1383 1938 1458 requisitione
1963 1401 2108 1442 exa-

498 1487 626 1529 men
655 1471 939 1544 publicum
967 1472 1214 1530 facturus
1241 1479 1322 1530 est
1337 1473 1686 1545 omnipotens
1704 1476 1870 1542 Deus,
1891 1481 1953 1530 ut
1965 1473 2105 1532 alios

496 1559 569 1617 ad
592 1567 868 1616 tormenta
895 1559 1131 1630 deserat,
1159 1560 1298 1616 alios
1339 1560 1408 1617 ad
1437 1561 1918 1635 participationem
1949 1564 2103 1636 regni

497 1649 734 1710 omlestis
761 1650 1036 1709 admittat.
1071 1651 1175 1708 Sed
1205 1651 1312 1709 hoc
1339 1667 1489 1709 nunc
1516 1663 1724 1710 secreto
1738 1652 1953 1726 judicio
1972 1670 2104 1728 quo-

497 1738 637 1796 tidie
664 1739 864 1812 agitur,
893 1739 1040 1814 quod
1069 1748 1204 1798 tunc
1223 1741 1483 1814 'publico
1509 1741 1936 1800 demonstratur.
1965 1743 2104 1800 Nam

2216 577 2369 634 ribus
2397 579 2628 635 interius
2657 577 2918 646 trahitur,
2959 577 3118 632 fletus
3150 584 3333 631 autem
3362 572 3430 630 ab
3462 571 3841 630 interioribus

2215 667 2460 723 exterius
2485 676 2719 724 emanat.
2743 667 2940 722 Potum
2973 681 3102 736 ergo
3135 663 3375 720 Domino
3393 679 3520 719 cum
3539 661 3676 718 ﬂetu
3697 668 3839 716 tem-

2215 771 2403 828 perare
2448 765 2529 812 est
2553 757 2691 812 alios
2738 755 2806 811 ab
2837 753 3205 810 exterioribus
3253 752 3534 808 introrsus
3585 749 3840 819 trahere,

2214 845 2352 902 alios
2380 845 2448 901 ab
2493 843 2852 901 interioribus
2882 843 2940 898 in
2996 841 3276 898 exteriora
3329 839 3648 912 reprobare.
3686 836 3835 912 [νει.

2214 937 2282 1006 Χ,
2314 938 2432 994 Rea.
2463 935 2644 1010 VIII.]
2671 936 2909 992 Conteret
2925 950 3056 1006 ergo
3084 934 3279 989 multos
3312 939 3361 988 et
3386 931 3838 998 innumerabiles,

2213 1031 2263 1080 et
2289 1031 2430 1080 stare
2443 1024 2603 1095 faciet
2619 1025 2758 1079 alios
2774 1041 2878 1096 pro
2899 1023 2992 1079 eis.

2284 1113 2373 1170 20.
2404 1114 2720 1186 Reprobatio
2742 1113 2898 1186 prius
2927 1113 3071 1168 intus
3097 1111 3312 1184 agitur,
3343 1116 3394 1166 et
3411 1115 3599 1183 postea
3628 1109 3841 1166 extrin-

2213 1219 2357 1258 secus
2384 1204 2696 1260 ostenditur.
2715 1205 3017 1260 Electorum
3032 1218 3160 1256 num
3176 1217 3299 1256 erus
3313 1205 3485 1256 certus
3495 1205 3544 1255 et
3557 1199 3836 1271 deﬁnitus.

2211 1295 2446 1351 —Sicut
2470 1303 2651 1351 autem
2675 1295 2927 1368 superius
2946 1293 3216 1360 diximus,
3240 1291 3359 1350 haec
3389 1291 3660 1349 contritio
3681 1291 3843 1363 prius

2213 1383 2364 1440 intus
2392 1384 2591 1458 agitur,
2639 1394 2704 1441 ut
2744 1393 2866 1458 post
2912 1383 3259 1440 extrinsecus
3313 1380 3660 1438 ostendatur.
3724 1380 3842 1436 Hac

2212 1479 2545 1537 contritione
2561 1493 2958 1556 nonnunquam
2976 1477 3158 1534 adhuc
3170 1473 3535 1548 quorumdam
3551 1472 3842 1530 exteriora

2213 1568 2368 1642 quasi
2397 1585 2530 1626 sana
2557 1575 2708 1637 sunt,
2739 1567 2834 1624 sed
2857 1565 2972 1639 jam
3009 1566 3272 1624 interiora
3293 1571 3655 1637 putruerunt.
3691 1563 3839 1620 Scri-

2212 1665 2366 1730 ptum
2399 1673 2637 1732 namque
2663 1666 2778 1713 est:
2815 1657 2952 1711 Ante
2977 1655 3195 1710 ruinam
3215 1655 3493 1710 exaltatur
3522 1669 3616 1708 cor
3639 1652 3835 1724 (Prov.

2212 1763 2330 1814 xvr,
2365 1746 2476 1818 18).
2532 1745 2614 1802 Ibi
2642 1761 2770 1816 ergo
2823 1744 3122 1812 feriuntur,
3157 1743 3254 1800 ubi
3287 1740 3636 1815 superbiunt.
3674 1739 3836 1797 Unde

485 1826 642 1902 juste
663 1845 728 1888 ac
755 1829 1188 1888 misericorditer
1215 1830 1562 1903 singulorum
1591 1829 1756 1888 corda
1774 1833 1860 1887 vel
1894 1831 2100 1887 exami-
2134 1847 2181 1908 Β
2209 1835 2476 1907 scriptum
2500 1843 2612 1891 est:
2638 1832 2879 1892 Contrivi
2901 1850 2994 1889 cor
3017 1849 3198 1888 eorum
3223 1831 3503 1903 fornicem
3523 1837 3571 1886 et
3592 1823 3839 1885 recedens

496 1938 658 1992 nans,
688 1923 778 1980 vel
807 1923 1128 1997 disponens,
1157 1923 1298 1980 alios
1332 1923 1391 1980 in
1420 1924 1698 1980 exteriora
1726 1923 2108 1996 respuit,alios

497 2011 568 2068 ad
609 2027 674 2068 ea
727 2029 848 2086 quae
893 2021 1024 2070 sunt
1073 2011 1412 2071 intrinsecus
1445 2012 1652 2080 trahit;
1715 2011 1817 2069 hos
1853 2013 2108 2070 accendit

499 2101 718 2181 interna
745 2112 1020 2175 appetere,
1052 2103 1179 2160 illos
1206 2119 1306 2176 pro
1358 2101 1738 2175 voluptatibus
1761 2101 1877 2158 suis
1905 2101 2107 2158 deserit

497 2193 772 2250 exteriora
797 2194 1067 2264 cogitare;
1100 2193 1300 2250 horum
1335 2202 1574 2250 mentem
1616 2191 1684 2248 ad
1725 2207 1960 2264 superna
1989 2193 2108 2248 eri-

500 2281 602 2353 git,
631 2283 653 2318 ³
684 2281 907 2338 illorum
936 2281 1248 2358 superbiam
1297 2283 1356 2338 in
1385 2281 1593 2338 infimis
1638 2280 1924 2337 desideriis
1953 2297 2110 2337 mer-

499 2367 600 2442 git.
631 2367 830 2428 Aliena
857 2381 1038 2430 autem
1067 2371 1234 2430 corda
1262 2371 1522 2428 humanis
1547 2369 1726 2428 oculis
1753 2369 1938 2428 clausa
1953 2379 2132 2450 sunt,_

498 2465 556 2516 et
600 2458 846 2517 nescitur
901 2461 998 2536 qui
1052 2460 1358 2534 repellitur,
1390 2461 1413 2496 ι
1473 2459 1604 2533 quia
1662 2460 1938 2532 penetrari
2000 2476 2108 2517 ne-

499 2559 713 2620 queunt
757 2566 878 2622 qua
921 2551 992 2608 ab
1033 2566 1368 2626 unoquoque
1407 2551 1738 2623 cogitantur.
1780 2551 1917 2608 Nam
1965 2567 2108 2624 saape

501 2635 668 2692 corde
727 2652 985 2709 perverso
1041 2639 1278 2696 necdum
1333 2640 1598 2714 processit
1639 2657 1813 2715 usque
1859 2640 1928 2697 ad
1981 2641 2106 2698 effe-

501 2732 656 2781 ctum
715 2728 898 2798 operis
979 2727 1308 2786 deliberatio
1379 2729 1750 2802 cogitationis,
1805 2739 1859 2786 et
1923 2728 2107 2788 adhuc

501 2812 734 2870 fortasse
788 2830 885 2888 per
947 2815 1199 2874 habitum
1262 2817 1412 2874 intus
1468 2818 1812 2890 astringitur,
1869 2817 1964 2890 qui
1989 2815 2104 2890 jam

503 2905 650 2966 797
695 2921 877 2970 mente
930 2914 1067 2972 foris
1123 2924 1370 2988 vagatur.
1408 2913 1514 2970 Sed
1553 2913 1679 2969 talis
1709 2913 1947 2986 quilibet
2001 2914 2104 2970 iste

500 3011 636 3058 tunc
662 3011 789 3059 ante
818 3005 1010 3062 oculos
1038 3005 1244 3062 interni
1269 3002 1479 3076 judicis
1507 3001 1732 3071 cecidit,
1762 3019 1888 3060 cum
1919 3002 1986 3058 ab
2015 3019 2108 3075 ap-

498 3093 748 3166 petendis
779 3090 1137 3149 interioribus
1147 3107 1244 3163 per
1262 3090 1598 3149 desiderium
1613 3093 1810 3150 exivit.
1835 3094 2101 3152 Nonnun-

499 3197 663 3254 quam
693 3197 825 3238 vero
845 3181 940 3236 alii
959 3187 1084 3251 post
1112 3179 1268 3236 malm
1297 3181 1632 3254 operationis
1654 3198 1814 3238 usum
1853 3181 1923 3238 ad
1952 3198 2102 3254 spem
2135 3205 2178 3267 ο

498 3271 777 3328 scelestam
803 3269 990 3325 subito
1017 3283 1204 3324 amore
1229 3269 1611 3337 reviviscunt;
1641 3278 1698 3328 et
1723 3271 1817 3343 qui
1859 3271 1918 3325 in
1967 3287 2104 3342 per-

502 3372 660 3413 versa
687 3357 904 3412 actione
932 3371 989 3411 se
1018 3364 1350 3430 sparserant,
1380 3357 1450 3414 ad
1495 3359 1680 3414 sinum
1731 3359 1962 3414 internae
2008 3375 2105 3416 re-

501 3444 848 3502 tractationis
875 3447 1197 3517 semetipsos
1220 3445 1556 3520 increpando
1593 3446 1944 3520 recolligunt.
1993 3448 2104 3504 Hos

503 3531 686 3590 adhuc
710 3533 1066 3605 respicientes
1102 3533 1356 3590 homines
1385 3535 1574 3608 quales
1605 3534 1813 3592 dudum
1847 3537 1903 3592 in
1943 3554 2104 3610 opere

502 3629 792 3690 noverant,
825 3621 963 3678 tales
992 3630 1208 3694 putant.
1233 3624 1306 3680 At
1325 3631 1518 3680 contra
1547 3625 1631 3680 illi
1660 3641 1756 3697 per
1785 3628 1806 3662 ⁸
1838 3626 2104 3685 districtas

500 3711 962 3769 considerationis
991 3727 1222 3768 examen
1252 3711 1424 3769 vitam
1463 3729 1620 3770 suam
1666 3716 1883 3787 qualem
1931 3715 2102 3773 fuisse

502 3800 754 3858 recolunt
787 3800 1175 3874 insequuntur,
1223 3802 1504 3876 sciturque
1551 3803 1685 3878 quid
1725 3804 1954 3873 fuerint,
2010 3805 2105 3861 Sed

501 3891 640 3965 quid
657 3890 770 3963 jam
807 3890 1074 3963 coeperint
1099 3908 1214 3948 esse
1229 3892 1494 3949 nescitur.
1515 3894 1577 3949 In
1600 3893 1706 3950 hoc
1721 3910 1850 3964 ergo
1871 3900 2104 3968 utroque

499 3996 695 4055 genere
729 3981 1021 4039 hominum
1052 3999 1192 4056 saepe
1209 3985 1485 4056 contingit
1509 3991 1640 4040 utet
1669 3985 1815 4058 iiqui
1843 3985 2106 4042 videntur

498 4084 641 4134 stare
669 4076 914 4134 humano
937 4075 1151 4150 judicio
1168 4075 1282 4150 jam
1312 4079 1370 4134 in
1401 4086 1698 4152 conspectu
1726 4077 1916 4136 aeterni
1941 4076 2106 4150 judi-

500 4162 580 4220 cis
602 4161 822 4234 jaceant
851 4183 866 4232 ;
896 4172 953 4220 et
985 4165 1080 4237 qui
1111 4165 1295 4224 adhuc
1321 4183 1506 4224 coram
1550 4167 1874 4224 hominibus
1895 4165 2102 4240 jacent,

496 4250 611 4324 jam
630 4251 688 4306 in
715 4261 1014 4326 conspectu
1041 4255 1234 4310 aeterni
1257 4254 1467 4326 judicis
1489 4263 1655 4312 stent.
1678 4255 1814 4323 Quis
1841 4256 1992 4312 enim
2009 4255 2105 4312 ho-

501 4339 718 4395 minum
757 4341 1028 4397 mstimare
1079 4346 1349 4414 potuisset
1401 4344 1597 4400 Judam
1644 4345 1873 4402 vivendi
1901 4353 2103 4404 sortem

501 4427 667 4484 etiam
695 4437 820 4501 post
847 4428 1218 4486 ministerium
1248 4431 1584 4503 apostolatus
1613 4433 1866 4489 amittere
1889 4434 2100 4507 (Matth.

501 4533 683 4586 xxvn,
715 4518 824 4591 7)?
850 4518 925 4575 Et
955 4519 1079 4592 quis
1115 4535 1146 4576 e
1173 4527 1365 4578 contra
1393 4520 1663 4579 latronem
1692 4523 1938 4581 crederet
1961 4541 2103 4582 cau-

501 4631 617 4672 sam
647 4615 776 4673 vitat
799 4617 966 4674 etiam
997 4617 1056 4674 in
1068 4618 1188 4691 ipso
1208 4619 1442 4677 articulo
1471 4621 1664 4678 mortis
1687 4621 1980 4680 invenire?
2001 4624 2100 4682 0c-

499 4702 685 4761 cultus
713 4713 894 4762 autem
916 4704 1091 4778 judex
1120 4707 1440 4780 praesidens,
1459 4717 1513 4766 et
1541 4718 1908 4784 utrorumque
1939 4711 2105 4769 corda

498 4791 840 4864 discernens,
869 4795 1102 4853 alterum
1134 4797 1222 4870 pie
1251 4798 1463 4867 statuit,
1495 4798 1736 4856 alterum
1761 4797 1911 4871 juste
1960 4816 2106 4858 con-

497 4882 682 4957 fregit.
705 4880 869 4941 Illum
887 4884 1137 4945 districts
1153 4888 1397 4944 exterius
1417 4888 1643 4962 repulit,
1664 4887 1815 4946 hunc
1832 4889 2107 4948 introrsus

497 4973 927 5032 misericorditer
943 4975 1134 5034 traxit.
1154 4976 1308 5034 Unde
1322 4977 1461 5034 bene
1476 4977 1639 5034 etiam
1663 4992 1760 5050 per
1779 4978 2106 5051 prophetam

495 5079 718 5122 casuros
743 5065 884 5123 alios
913 5067 1186 5141 passionis
1215 5083 1327 5124 suae
1353 5075 1600 5140 tempore
1628 5077 1792 5141 atque
1835 5069 1974 5126 alios
2021 5085 2103 5125 re-

497 5162 837 5216 surrecturos
863 5156 1220 5224 annuntians,
1261 5155 1341 5214 ait
1371 5173 1384 5212 :
1416 5157 1614 5214 Potum
1632 5173 1806 5214 meum
1833 5174 1950 5214 cum
1973 5160 2100 5231 ﬂetu

574 5381 594 5461 ξ
620 5379 775 5461 ξιάἰῐ.
808 5383 965 5461 ΒοειΣ
996 5385 1140 5461 Sixti
1170 5385 1255 5461 V,
1268 5384 1548 5461 mendose,
1570 5385 1713 5461 quod
1741 5386 1824 5443 hic
1851 5387 2095 5461 fugiunt.

571 5453 595 5488 ³
617 5453 862 5534 timent;
887 5457 1016 5525 Ed.,
1062 5458 1120 5512 in
1163 5453 1390 5534 paelice.
1427 5453 1943 5534 Expunximusin;
1979 5476 2099 5534 sua-

497 5522 760 5604 dentibus
809 5526 936 5604 Μῦς,
994 5522 1063 5604 et
1087 5522 1196 5604 vet",
1251 5522 1538 5604 Vulgatisf
1573 5531 1762 5604 sicque
1794 5522 2100 5604 elegantius

496 5595 619 5723 1.10:.
658 5595 973 5678 .membrum
1014 5598 1173 5656 alteri
1216 5595 1529 5676 respondet,
1574 5595 1690 5659 hoc'
1723 5619 1864 5658 nunc
1880 5595 2098 5659 'secreto

496 5682 558 5723 ru
597 5683 719 5723 icio.

487 5682 719 5739 judtctq.

569 5740 592 5774 ³
622 5737 791 5818 iidem
819 5739 1049 5818 Excus_i_,
1077 5743 1302 5818 illorum
1335 5745 1798 5818 perisuperbiam.
1831 5745 2098 5804 Abundat

489 5827 612 5886 per,
639 5809 904 5888 abestque
930 5829 964 5871 a
989 5809 1120 5875 Mss.
1153 5809 1413 5886 Vindo'c.,
1442 5809 1660 5887 Nofm.,
1690 5826 1821 5888 etc.,
1852 5833 1956 5876 nec
1983 5833 2096 5875 non

2215 1943 2249 1980 a
2283 1941 2362 1979 me
2379 1925 2602 1995 (Ezech.
2634 1942 2712 1993 vr,
2735 1924 2811 1998 9).
2846 1924 3082 1982 Interius
3113 1923 3262 1980 enim
3293 1921 3560 1978 fornicari
3577 1929 3666 1978 est
3680 1928 3838 1976 exte-

2216 2013 2334 2069 rius
2371 2013 2559 2070 vetitis
2601 2013 2881 2071 delectari.
2912 2015 3108 2087 Magna
3135 2021 3318 2070 autem
3349 2011 3616 2069 contritio
3643 2010 3839 2068 cordis

2216 2110 2297 2158 est
2325 2101 2442 2158 haec
2469 2102 2657 2158 eadem
2688 2103 2853 2159 elatio
2881 2103 3268 2176 superbientis.
3295 2101 3380 2156 Eo
3404 2101 3750 2175 quippeipso
3767 2101 3838 2158 ab

2217 2185 2527 2264 integritate
2573 2192 2766 2249 salutis
2812 2194 3045 2262 corruit,
3077 2209 3187 2266 quo
3221 2191 3494 2264 jactantia
3531 2189 3840 2262 cujuslibet

2215 2281 2440 2338 virtutis
2469 2281 2805 2338 intumescit.
2841 2281 3229 2354 Superbientes
3260 2281 3410 2337 enim
3441 2282 3620 2336 Deum
3649 2278 3839 2352 despi-

2215 2370 2390 2441 ciunt,
2422 2380 2475 2428 et
2501 2371 2695 2428 relicta
2720 2371 2984 2428 creatoris
3010 2371 3095 2427 sui
3126 2371 3324 2442 gloria,
3356 2369 3638 2442 propriam
3671 2383 3840 2442 qua-

2214 2469 2364 2518 runt.
2397 2460 2610 2530 Quibus
2632 2459 2747 2532 jam
2777 2459 2882 2518 hoc
2911 2461 3090 2532 ipsum
3113 2459 3382 2517 cecidisse
3401 2467 3502 2527 est,
3520 2459 3727 2514 amissa
3746 2475 3840 2514 su-

2214 2550 2446 2625 perioris
2460 2551 2546 2608 sui
2563 2550 2893 2623 potentia,in
2914 2566 2971 2606 se
2987 2550 3226 2606 venisse.
3238 2548 3523 2608 Conterun
3531 2557 3620 2605 tur
3637 2547 3837 2618 etiam,

2215 2642 2364 2714 quia,
2396 2641 2606 2699 relictis
2628 2640 2964 2709 coelestibus,
2997 2647 3198 2696 terram
3255 2647 3534 2714 quierunt.
3568 2638 3706 2706 Quas
3735 2654 3836 2694 au-

2213 2739 2324 2788 tem
2354 2731 2531 2804 major
2556 2731 2758 2804 poterit
2785 2747 2900 2787 esse
2920 2731 3190 2788 contritio
3221 2745 3384 2804 quam
3416 2728 3637 2784 deserto
3666 2744 3837 2785 crea-

2213 2829 2330 2877 tore
2359 2830 2665 2878 creaturam
2713 2836 2984 2895 quaerere;
3018 2820 3256 2876 desertis
3303 2817 3561 2892 supernis
3592 2816 3832 2889 gaudiis,

2212 2907 2422 2965 inﬁmis
2438 2909 2600 2966 rebus
2619 2909 3027 2966 inhiareiUnde
3060 2910 3200 2965 bene
3222 2924 3319 2982 per
3339 2906 3679 2980 Prophetam
3697 2905 3835 2962 dici-

2212 3007 2320 3055 tur:
2352 3000 2617 3055 Humiiiat
2639 3005 2816 3054 autem
2837 3006 3132 3071 peccatores
3146 3015 3312 3069 usque
3325 2997 3397 3052 ad
3429 3003 3634 3052 terram
3649 2995 3832 3067 (Psai.

2213 3103 2357 3155 cxm,
2410 3089 2484 3160 6).
2541 3087 2775 3144 Amissis
2821 3088 2969 3143 enim
3017 3087 3352 3156 coelestibus,
3403 3095 3693 3142 terrenum
3747 3094 3832 3140 est

2213 3193 2375 3233 omne
2406 3178 2428 3213 ⁸
2457 3175 2606 3249 quod
2633 3177 2850 3243 sitiunt;
2885 3185 2937 3234 et
2967 3177 3102 3234 dum
3133 3177 3260 3249 plus
3298 3174 3479 3231 videri
3533 3185 3831 3244 conantur,

2213 3267 2398 3322 minus
2425 3274 2509 3322 est
2536 3265 2684 3339 quod
2720 3275 3003 3340 appetunt.
3036 3269 3114 3324 De
3145 3267 3349 3340 quibus
3378 3275 3525 3322 recte
3553 3279 3654 3337 per
3684 3266 3834 3322 Jere-

2215 3357 2382 3412 miam
2411 3356 2619 3412 dictum
2649 3365 2730 3414 est
2761 3359 3097 3415 :Recedentes
3123 3377 3158 3414 a
3175 3365 3240 3424 te,
3270 3357 3327 3412 in
3353 3363 3501 3412 terra
3525 3357 3835 3412 scribentur

2217 3445 2433 3518 (Jerem.
2456 3462 2595 3515 xvn,
2632 3445 2743 3518 13).
2778 3449 2851 3503 At
2879 3457 3072 3504 contra
3087 3448 3156 3504 de
3184 3447 3376 3504 electis
3403 3446 3613 3502 dicitur
3637 3463 3649 3502 :
3689 3448 3837 3504 Gau-

2213 3535 2342 3603 dete,
2372 3537 2501 3606 quia
2526 3538 2742 3592 nomina
2765 3545 2938 3594 vestra
2967 3539 3169 3609 scripta
3193 3544 3318 3593 sunt
3344 3537 3402 3592 in
3429 3537 3572 3592 satis
3595 3535 3825 3608 (ικαὶ,

2212 3626 2330 3698 20).
2376 3626 2486 3683 Ista
2519 3643 2646 3700 ergo
2679 3628 2944 3684 contritio
2987 3627 3142 3700 prius
3196 3627 3368 3699 serpit
3406 3625 3465 3682 in
3511 3635 3721 3695 mente,
3771 3637 3836 3682 ut

2214 3716 2563 3786 postmodum
2593 3716 2849 3788 procedat
2908 3717 2966 3773 in
2995 3735 3194 3790 opere;
3253 3717 3406 3790 prius
3461 3714 3833 3774 fundamenta

2213 3805 2566 3877 cogitationis
2594 3806 2862 3872 concutit,
2892 3815 2954 3862 ut
2975 3805 3326 3878 postmodum
3350 3804 3620 3862 fabricam
3643 3822 3834 3880 opera-

2213 3894 2384 3952 tionis
2413 3897 2622 3954 allidat.
2655 3897 2811 3955 Unde
2837 3915 3054 3956 summa
3098 3910 3180 3958 est
3235 3915 3368 3959 cura
3399 3900 3544 3960 798
3570 3914 3827 3978 satagen-

2214 3986 2347 4043 dum
2377 3995 2440 4042 ut
2468 3988 2584 4044 illic
2594 3988 2801 4044 vitetur
2820 3988 2916 4044 ubi
2946 3989 3432 4062 oritur.Scriptum
3453 4008 3698 4067 namque
3718 4004 3830 4052 est:

2217 4077 2374 4134 Omni
2401 4077 2639 4133 custodia
2662 4095 2813 4134 serva
2842 4095 2935 4133 cor
2964 4085 3134 4145 tuum,
3178 4082 3436 4152 quoniam
3465 4100 3533 4138 ea:
3563 4083 3685 4155 ipso
3716 4087 3830 4141 vita

2207 4168 2447 4241 procedit
2475 4171 2668 4242 (Prov.
2693 4187 2772 4239 tv,
2796 4169 2983 4241 23).Et
3020 4187 3240 4228 rursum
3265 4173 3542 4246 scriptum
3578 4185 3702 4233 est:
3733 4179 3826 4234 Ea:

2213 4260 2368 4315 corde
2395 4265 2586 4316 exeunt
2615 4260 2954 4332 cogitationes
2974 4261 3134 4316 malae
3155 4261 3373 4333 (Matth.
3415 4279 3510 4333 xv,
3548 4265 3830 4338 £9).Intus

2217 4363 2358 4422 ergo
2382 4349 2724 4422 vigilandum
2755 4358 2836 4407 est
2875 4366 2945 4407 ne
2974 4365 3131 4408 mens
3159 4350 3295 4407 dum
3325 4353 3630 4411 extollitur
3673 4357 3808 4414 cada

2211 4439 2368 4495 Intus
2395 4455 2676 4496 servemus
2721 4456 2883 4497 omne
2933 4439 3080 4514 quod
3127 4441 3263 4498 foris
3293 4442 3532 4516 agimus.
3565 4444 3626 4502 Si
3675 4445 3828 4502 enim

2211 4529 2378 4583 semel
2421 4527 2717 4584 medullam
2763 4529 2944 4586 cordis
2973 4529 3228 4586 elationis
3257 4532 3496 4604 putredo
3524 4548 3827 4608 consump-

2209 4618 2362 4687 serit,
2391 4617 2558 4676 citius
2584 4621 2792 4678 corruit
2819 4629 3008 4678 cortex
3059 4637 3232 4678 vacua
3282 4629 3527 4680 externa;
3559 4623 3828 4682 visionis.

2212 4707 2524 4764 Notandum
2563 4724 2694 4765 vero
2739 4717 2820 4766 est
2847 4709 2976 4782 quia
3022 4709 3153 4766 dum
3205 4711 3330 4768 aliis
3383 4711 3720 4771 cadentibus
3757 4711 3822 4770 ad

2213 4795 2470 4852 standum
2496 4795 2594 4851 alii
2618 4797 2842 4854 solidari
2867 4798 3248 4871 perhibentur,
3279 4801 3584 4860 electorum
3637 4819 3831 4861 nume-

2213 4899 2309 4940 rus
2336 4893 2519 4940 certus
2557 4894 2611 4942 et
2638 4885 2898 4943 deﬁnitus
2935 4888 3266 4946 ostenditur.
3303 4890 3458 4948 Unde
3493 4892 3673 4948 etiam
3704 4892 3827 4950 Phi-

2211 4970 2504 5045 ladelphia:
2535 4975 2797 5032 Ecclesiae
2825 4991 2922 5048 per
2946 4977 3208 5048 angelum
3247 4977 3458 5036 dicitur
3484 4997 3497 5036 :
3531 4979 3824 5052 Tenequod

2212 5060 2388 5128 habes,
2413 5079 2476 5118 ne
2503 5064 2644 5120 alius
2677 5066 2904 5137 accipiat
2931 5083 3182 5122 coronam
3207 5068 3567 5140 tuam('Apoc.
3593 5087 3684 5140 ιιι,
3713 5071 3825 5143 11).

2287 5149 2425 5224 [νει.
2457 5151 2588 5228 ΧΙ.]
2613 5154 2702 5213 21.
2731 5156 2991 5212 Doctrina
3005 5157 3256 5214 Ecclesia
3272 5158 3820 5230 deprwdestinatiom

2206 5403 2240 5444 a
2263 5395 2376 5444 vet.
2396 5385 2685 5460 ,Vulgatis.

2280 5461 2303 5495 ‘
2329 5459 2503 5535 Editi,
2532 5459 2660 5535 quia
2697 5467 2979 5535 penetrare
3016 5467 3299 5535 nequeunt,
3344 5477 3466 5535 quas
3515 5479 3694 5522 sensu
3748 5481 3830 5524 ca-

2210 5539 2350 5615 rent.
2385 5532 2790 5615 Legendum’ut
2816 5533 2874 5590 in
2903 5534 3032 5593 Mss.
3076 5532 3549 5606 Vindoc.,_Utic.,
3593 5538 3827 5606 Pratel.,

2207 5610 2314 5660 etc.
2325 5644 2340 5670 ,
2367 5609 2656 5674 penetrari.

2278 5675 2302 5756 ξ
2332 5673 2558 5756 βὺτοξο.
2591 5683 2645 5731 et
2671 5674 2790 5756 alii,
2821 5677 3074 5756 districta
3103 5678 3547 5738 conversationis.

2277 5745 2303 5784 ⁸
2329 5744 2588 5820 Longip.,
2615 5747 2758 5818 quod
2776 5744 3037 5808 sentiunt.
