3928 6376
111 408 215 466 333

3317 456 3423 515 334

108 548 157 598 et
193 540 573 614 reprobatione
613 558 757 613 spem
800 545 972 599 nutrit
1013 546 1315 616 humilium,
1362 554 1410 604 et
1445 552 1707 609 elationem

1836 557 1894 613 in
1932 557 2231 651 iniquitate
2277 580 2663 636 permansuros
2707 570 2970 630 admittit.
3020 578 3247 651 Propter
3293 581 3437 640 hanc

108 632 461 704 superborum
502 632 717 703 premit.
768 635 1184 691 Innumerabiles
1217 644 1341 693 sunt
1383 642 1613 712 reprobi.
1654 675 1724 686 —

108 721 225 779 Hac
251 737 383 793 ergo
412 721 709 790 sententia,
740 739 847 795 qua
865 734 1119 783 narratur
1136 727 1372 785 aliorum
1402 730 1560 802 erigi,
1591 733 1722 789 alio-

107 829 234 869 rum
255 820 440 868 autem
459 812 578 868 vita
596 812 893 884 confringi,
923 824 977 871 et
994 834 1116 889 spes
1136 819 1381 874 nutritur
1399 819 1721 891 humilium,

107 911 162 959 et
188 903 361 959 elatio
387 902 661 975 premitur
675 903 1059 976 superborum,
1078 907 1212 963 dum
1243 917 1298 964 et
1321 909 1404 965 illi
1430 909 1574 966 bona
1605 928 1721 984 pos-

105 1000 239 1050 sunt
265 993 524 1049 amittere
551 993 617 1049 de
646 992 847 1065 quibus
874 997 1221 1069 superbiunt,
1257 1006 1312 1053 et
1340 998 1431 1054 isti
1460 1015 1522 1055 ea
1551 1001 1722 1072 perci-

104 1099 238 1156 pere
266 1099 391 1157 quae
418 1082 548 1157 quia
576 1099 690 1140 non
717 1083 992 1141 habebant
1019 1094 1472 1145 contemnuntur.
1511 1090 1720 1146 Formi-

104 1178 306 1234 demus
334 1178 506 1250 igitur
533 1178 593 1234 in
620 1176 709 1233 bis
744 1195 865 1251 quae
889 1181 1222 1253 accepimus,
1249 1198 1351 1237 nec
1379 1198 1472 1238 eos
1500 1182 1594 1255 qui
1625 1182 1721 1238 illa

102 1268 347 1325 necdum
377 1267 614 1325 assecuti
643 1275 774 1325 sunt
806 1270 822 1303 ¹
861 1269 1229 1342 desperemus.
1263 1272 1407 1339 Quid
1436 1272 1584 1328 enim
1615 1290 1721 1327 su-

104 1374 235 1415 mus
264 1358 433 1415 hodie
457 1358 738 1427 novimus,
770 1358 904 1432 quid
923 1368 1106 1416 autem
1138 1369 1261 1434 post
1287 1362 1574 1433 paululum
1598 1378 1718 1433 pos-

103 1446 285 1505 simus
331 1464 446 1505 esse
488 1447 785 1504 nescimus.
819 1448 888 1504 Hi
919 1465 1050 1505 vero
1080 1466 1218 1522 quos
1257 1450 1485 1507 fortasse
1526 1450 1718 1523 despi-

102 1541 311 1611 cimus,
342 1549 395 1598 et
421 1540 571 1597 tarde
601 1549 831 1614 possunt
859 1541 1121 1615 incipere,
1144 1551 1198 1599 et
1226 1551 1408 1599 tamen
1437 1544 1605 1599 vitam
1621 1561 1716 1599 no-

101 1639 281 1688 stram
340 1632 770 1689 ferventioribus
829 1632 1029 1689 studiis
1087 1634 1317 1689 anteire.
1385 1634 1715 1689 Timendum

101 1723 299 1796 itaque
328 1731 410 1778 est
444 1738 513 1778 ne
551 1723 716 1777 etiam
749 1721 909 1779 nobis
946 1723 1269 1779 cadentibus
1313 1731 1519 1795 surgat,
1561 1725 1657 1797 qui
1686 1741 1719 1780 a

101 1811 271 1869 nobis
290 1812 565 1869 stantibus
585 1812 849 1869 irridetur
869 1831 882 1880 ;
906 1813 1163 1885 quamvis
1182 1820 1323 1869 stare
1338 1813 1450 1885 jam
1474 1829 1585 1869 non
1615 1831 1714 1869 no-

1832 649 2268 743 multitudinem,
2303 670 2421 726 quae
2452 664 2609 711 extra
2631 658 2931 717 electorum
2959 649 3247 723 numerum
3265 670 3432 743 jacet,

1830 736 1889 792 in
1917 740 2219 813 Evangelio
2250 745 2518 802 Dominus
2546 746 2682 802 dicit
2707 766 2717 802 :
2752 750 3049 805 Multisunt
3068 736 3435 828 vocati,pauei

1829 844 1951 883 vero
1981 831 2124 885 electi
2159 834 2378 899 (Matth.
2413 853 2511 903 xx,
2558 838 2673 910 16).
2711 838 2814 895 Sed
2845 841 2973 913 quia
3005 842 3111 899 hoc
3140 847 3284 917 quod
3315 848 3435 903 ele-

1829 917 1933 974 ctis
1970 920 2094 1009 aliis
2135 923 2230 979 alii
2260 935 2642 997 conteruntur,
2693 928 2760 985 de
2808 932 3005 988 merito
3034 934 3294 1006 patientis
3331 946 3433 1009 est,

1828 1023 1938 1063 non
1971 1008 2037 1065 de
2059 1009 2354 1084 iniquitate
2381 1018 2661 1088 punientis
2687 1037 2698 1075 :
2731 1020 2853 1076 Non
2880 1022 3015 1077 enim
3036 1024 3250 1095 iniquus
3270 1027 3433 1097 Deus,

1829 1100 1922 1170 qui
1948 1101 2115 1172 infert
2144 1104 2285 1160 iram
2319 1109 2499 1176 (Rom.
2535 1127 2620 1175 nr,
2651 1110 2730 1182 5),
2766 1120 2888 1184 apte
2917 1113 3291 1190 subjungitur.

2293 1194 2520 1253 CAPUT
2551 1199 2627 1255 IX
2662 1198 2805 1273 [ηερ.
2842 1202 2968 1279 IX].

1899 1280 2070 1337 Vsus.
2118 1282 2207 1340 25.
2239 1316 2310 1327 --
2339 1286 2497 1341 Novit
2530 1289 2664 1344 enim
2712 1308 2873 1363 opera
2910 1312 3113 1366 eorum,
3145 1304 3193 1352 et
3236 1298 3431 1355 idcirco

1826 1370 1848 1406 δ
1880 1369 2089 1427 inducet
2112 1380 2330 1442 noctem,
2364 1382 2411 1430 et
2437 1384 2793 1437 conterentur.

1895 1464 1984 1520 22.
2016 1464 2157 1519 Deus
2193 1473 2523 1541 peccatorem'
2558 1471 2851 1541 aliquando
2883 1475 3042 1544 punit
3068 1478 3425 1535 accusatione.

1823 1583 1894 1593 —
1922 1553 2217 1610 Sciendum
2264 1573 2611 1631 summopere
2641 1568 2721 1616 est
2756 1562 2903 1634 quod
2944 1563 3167 1638 iniquus
3197 1568 3428 1641 quisque

1824 1641 2039 1700 duobus
2068 1645 2245 1701 modis
2274 1646 2331 1702 in
2354 1656 2512 1705 nocte
2535 1651 2861 1720 conteritur,
2883 1653 2969 1708 vel
2992 1672 3116 1710 cum
3138 1658 3430 1714 exterioris

1824 1750 1995 1806 pinnae
2025 1736 2384 1792 tribulatione
2414 1741 2743 1809 percutitur,
2774 1743 2862 1796 vel
2892 1759 3018 1799 cum
3048 1747 3264 1801 occulta
3294 1762 3429 1802 seu-

1823 1826 1995 1880 tentia
2041 1824 2273 1881 interius
2310 1834 2563 1883 caecatur.
2616 1828 2677 1882 In
2708 1836 2869 1885 nocte
2898 1832 3126 1900 corruit,
3176 1850 3303 1889 cum
3335 1851 3430 1906 per

96 1904 207 1971 νίῒ,
242 1902 338 1976 (Illi
367 1920 478 1995 n0}!
508 1910 746 1995 {Biantem
767 1903 925 1959 ηονίῐ
948 1902 1197 1995 ὶΐΐξάθῐζθο
1231 1904 1390 1959 Hunc
1416 1911 1598 1995 aliter?
1624 1921 1711 1995 Stl-
1743 1921 1789 1981 Β
1825 1921 2130 1970 extremum
2166 1914 2441 1987 judicium
2486 1917 2715 1973 vivendi
2764 1918 2952 1975 lumen
2994 1920 3052 1976 in
3105 1902 3425 1995 perpetuum

96 2008 402 2065 pernorum
429 1992 768 2065 judiciorum
789 2000 995 2049 metum
1018 1993 1221 2049 Paulus
1247 1992 1528 2064 apostolus
1546 1992 1709 2048 disci-

99 2082 361 2155 pulorum
410 2082 670 2138 cordibus
715 2082 1011 2149 incutiens,
1054 2083 1168 2139 ait:
1214 2083 1316 2149 Qui
1357 2100 1409 2137 se
1445 2082 1711 2137 existimat

101 2178 265 2240 stare,
307 2171 487 2229 videat
523 2190 589 2228 ne
634 2173 790 2228 cadat
834 2172 892 2243 (Ι
935 2173 1059 2229 Cor.
1108 2189 1167 2241 x,
1218 2172 1330 2244 12).
1388 2172 1546 2240 Quod
1601 2188 1709 2229 au-

100 2269 209 2318 tem
240 2262 465 2319 dicens:
506 2262 747 2319 Conterit
784 2260 997 2331 multos,
1028 2261 1181 2318 illico
1219 2260 1497 2342 adjunxit,
1530 2263 1710 2318 Innu-

100 2352 400 2422 merabiles,
422 2353 510 2409 vel
531 2351 945 2410 multitudinem
969 2352 1276 2424 exprimere
1297 2352 1510 2408 studuit
1528 2368 1708 2424 repro-

99 2443 321 2512 borum,
352 2459 474 2516 quae
504 2443 761 2500 humana:
786 2442 1018 2499 rationis
1034 2430 1325 2499 numerum
1356 2442 1554 2498 transit
1581 2460 1593 2510 ;
1619 2443 1706 2498 vel

99 2540 246 2591 certe
284 2532 532 2590 indicare
561 2532 741 2589 voluit
770 2532 918 2607 quod
961 2549 1153 2589 omnes
1180 2533 1275 2606 qui
1303 2540 1533 2606 pereunt
1563 2533 1708 2588 intra

100 2625 403 2680 electorum
434 2639 725 2679 numerum
756 2639 871 2678 non
900 2622 1194 2691 habentur,
1224 2630 1286 2677 ut
1313 2638 1377 2678 eo
1405 2622 1517 2677 sint
1546 2622 1707 2678 innu-

99 2713 414 2779 merabiles,
446 2729 556 2786 quo
586 2720 739 2769 extra
770 2728 1063 2768 numerum
1093 2721 1345 2768 currunt.
1380 2712 1536 2768 Unde
1562 2713 1708 2766 Pro-

97 2803 263 2877 pheta
312 2803 540 2859 intuens
587 2810 770 2858 tantos
815 2802 920 2858 hoc
972 2802 1231 2858 Ecclesiae
1280 2809 1522 2873 tempore
1576 2817 1710 2873 spe-

96 2894 182 2952 cie
209 2904 374 2951 tenus
403 2892 647 2961 credere,
677 2899 914 2966 quantos
941 2892 1207 2947 nimirum
1239 2899 1448 2947 certum
1477 2898 1559 2946 est
1587 2891 1709 2945 ele-

96 2993 315 3043 ctorum
344 2999 641 3040 numerum
672 2998 1052 3056 summamque
1082 2981 1336 3050 transire,
1366 2980 1475 3037 ait:
1509 2980 1708 3037 Mutti~

90 3077 280 3148 plicati
308 3081 433 3130 sunt
461 3091 621 3145 super
661 3090 939 3128 numerum
980 3074 1153 3144 (Psal.
1197 3088 1399 3139 χχχιχ,
1430 3072 1510 3143 6).
1551 3072 1632 3127 Ac
1659 3070 1706 3127 si

94 3164 342 3221 diceret:
390 3163 583 3220 multis
611 3162 914 3219 Ecclesiam
954 3161 1313 3229 intrantibus,
1344 3160 1509 3215 etiam
1549 3160 1607 3215 hi
1638 3160 1706 3216 ad

95 3255 264 3311 ﬁdem
292 3252 472 3325 specie
501 3261 662 3309 tenus
690 3251 923 3307 veniunt
950 3251 1046 3323 qui
1075 3268 1105 3306 a
1144 3266 1375 3307 numero
1404 3250 1555 3322 regni
1585 3266 1706 3306 coe-

94 3345 249 3403 lestis
276 3342 675 3410 excluduntur,
705 3342 835 3414 quia
862 3342 1162 3398 electorum
1192 3357 1464 3397 summam
1496 3357 1597 3396 sua
1624 3340 1703 3395 vi-

93 3434 296 3492 delicet
343 3435 365 3469 ²
402 3433 812 3506 multiplicitate
848 3432 1266 3489 transcendunt.
1316 3429 1472 3487 Unde
1519 3437 1573 3486 et
1609 3446 1706 3503 per

92 3523 388 3581 Jeremiam
436 3521 759 3595 prophetam
806 3520 1041 3578 dicitur:
1090 3520 1475 3592 Ediﬁcabitur
1519 3519 1705 3573 civitas

92 3613 325 3671 Domino
352 3630 386 3667 a
418 3617 563 3666 turre
596 3610 868 3667 Ananehel
898 3627 1060 3681 usque
1084 3611 1155 3664 ad
1178 3615 1392 3681 portam
1420 3609 1628 3679 anguli,
1659 3614 1708 3662 et

91 3702 258 3758 enabit
278 3703 426 3757 ultra
444 3716 688 3756 normam
703 3717 962 3755 mensura:
981 3699 1115 3771 (Jer.
1135 3715 1297 3767 xxxx,
1320 3697 1530 3770 38,39).
1556 3696 1703 3753 Civi-

87 3801 262 3851 tatem
289 3792 492 3865 quippe
520 3807 635 3847 esse
664 3790 889 3847 Domini
918 3797 1163 3845 sanctam
1183 3788 1486 3844 Ecclesiam
1517 3788 1705 3842 nullus

86 3883 333 3957 ignorat.
367 3880 652 3937 Ananehel
694 3896 827 3935 vero
856 3878 957 3934 Dei
988 3877 1160 3951 gratia
1198 3877 1608 3949 interpretatur.
1642 3877 1704 3933 In

86 3973 296 4047 angulo
345 3978 528 4028 autem
572 3970 778 4044 duplex
821 3969 999 4042 paries
1034 3966 1307 4040 jungitur.
1340 3965 1548 4024 Civitas
1576 3981 1704 4037 ergo

84 4065 319 4124 Domini
366 4082 398 4121 a
441 4073 592 4121 turre
630 4064 915 4120 Ananehel
954 4080 1126 4137 usque
1164 4063 1233 4119 ad
1271 4069 1483 4135 portam
1514 4062 1703 4134 anguli

86 4155 353 4215 aediﬁcari
386 4154 729 4228 perhibetur,
761 4154 892 4227 quia
920 4160 1108 4210 sancta
1137 4152 1381 4210 Ecclesia
1408 4169 1439 4208 a
1468 4153 1703 4209 celsitu-

85 4247 221 4305 dine
251 4261 503 4319 supernae
533 4245 718 4317 gratiae
762 4244 1050 4311 inchoans,
1085 4258 1258 4315 usque
1294 4242 1361 4298 ad
1393 4242 1699 4314 ingressum

85 4337 607 4410 susceptionemque
623 4334 965 4392 construitur
974 4342 1223 4389 utrorum
1231 4349 1335 4406 que
1348 4334 1700 4406 populorum,

82 4426 307 4484 Iudaici
339 4425 599 4481 videlicet
627 4431 789 4496 atque
819 4422 1059 4495 gentilis.
1088 4421 1195 4478 Sed
1224 4422 1352 4494 quia
1381 4422 1439 4476 in
1469 4437 1531 4477 ea
1560 4437 1701 4477 cres-

83 4523 249 4574 cente
297 4514 655 4572 multitudine
698 4514 863 4569 etiam
906 4511 1125 4586 reprobi
1171 4511 1528 4584 colliguntur,
1578 4518 1701 4583 apte

82 4606 385 4665 subditur:
443 4609 519 4664 Et
558 4606 722 4662 exibit
773 4607 921 4662 ultra
976 4621 1219 4659 normam
1260 4620 1540 4670 mensurae,
1570 4602 1703 4675 quia

83 4714 265 4772 usque
293 4696 363 4753 ad
384 4711 477 4753 eos
506 4711 724 4770 quoque
752 4694 1091 4763 extenditur,
1123 4694 1218 4766 qui
1247 4709 1497 4749 normam
1530 4690 1699 4763 justi-

83 4789 180 4847 tiae
224 4794 594 4856 transeuntes,
626 4785 775 4841 intra
821 4800 1091 4841 mensurae
1129 4783 1367 4841 caelestis
1406 4799 1700 4840 numerum

84 4881 107 4916 ³
137 4894 256 4936 non
284 4885 432 4934 sunt.
465 4875 621 4934 Unde
651 4891 748 4948 per
775 4875 970 4931 Isaiam
1001 4890 1217 4947 quoque
1236 4873 1414 4929 eidem
1439 4872 1699 4930 Ecclesia

81 4967 298 5026 dicitur
325 4985 337 5023 :
370 4967 459 5023 Ad
500 4967 771 5023 dexteram
799 4965 935 5020 enim
963 4971 1010 5020 et
1049 4964 1121 5019 ad
1157 4965 1339 5020 ttevam
1367 4963 1699 5029 dilataberzs,

81 5064 133 5115 et
167 5075 343 5113 semen
372 5064 519 5112 tuum
546 5062 716 5130 gentes
752 5054 1103 5111 hwreditabit'
1127 5054 1281 5125 (Isai.
1314 5071 1427 5120 LIV,
1473 5053 1551 5125 3).
1584 5055 1607 5088 ⁴
1636 5052 1700 5109 In

81 5156 243 5207 tanta
270 5147 474 5220 quippe
505 5145 861 5202 multitudine
883 5144 1127 5219 gentium
1149 5143 1216 5200 ad
1241 5143 1522 5199 dexteram
1554 5147 1699 5206 799

80 5244 434 5313 extenditur,
465 5243 597 5301 dum
630 5242 893 5317 quosdam
918 5242 1305 5315 justiﬁcandos
1330 5240 1579 5314 suscipit.
1612 5240 1699 5297 Ad

82 5339 288 5398 lavam
325 5354 544 5414 quoque
572 5336 855 5408 dilatatur,
887 5337 1020 5398 dum
1054 5338 1123 5395 ad
1152 5354 1208 5395 se
1237 5336 1502 5412 quosdam
1531 5335 1698 5392 etiam

160 5555 179 5590 ι
209 5553 295 5610 Ita
321 5552 537 5622 Baluz.,
568 5551 752 5622 (1011).,
790 5551 1059 5625 Longip.,
1078 5552 1374 5625 Normuac
1402 5546 1696 5625 vet._Edit.

81 5625 144 5696 In
174 5620 583 5681 recentioribus
625 5620 825 5696 legitur
870 5620 1235 5696 dispiciamus.
1268 5620 1700 5696 Gussanvillaeus

82 5695 231 5753 hanc
259 5697 469 5752 variam
502 5691 793 5751 lectionem
825 5691 1073 5763 exhibet,
1122 5711 1284 5767 quam
1327 5691 1481 5767 unde
1503 5707 1698 5763 prom-

82 5769 256 5841 pserit
284 5770 641 5841 ignoramus:
673 5784 765 5823 nec
788 5769 850 5825 de
878 5768 962 5826 his
995 5782 1081 5824 eos
1108 5764 1200 5838 qui
1226 5767 1328 5824 illa
1353 5764 1572 5821 necdum
1598 5778 1699 5820 as-

80 5841 246 5897 secuti
273 5847 420 5907 sunt,
451 5841 802 5910 desperemus.

155 5912 179 5948 ²
204 5911 478 5989 Vindoc.,
506 5910 868 5971 multitudine.

1820 2004 2045 2059 amittit.
2081 2004 2232 2060 Unde
2262 2004 2528 2078 scriptum
2556 2015 2637 2063 est
2661 2024 2672 2062 :
2707 2008 2887 2079 Ligate
2906 2010 2953 2063 ei
2974 2026 3161 2065 manus
3190 2018 3237 2065 et
3250 2012 3427 2083 pedes,

1820 2100 1866 2147 et
1894 2095 2078 2149 mittite
2106 2112 2221 2150 eum
2252 2095 2305 2149 in
2337 2097 2571 2153 tenebras
2599 2098 2883 2153 exteriores
2902 2100 3120 2168 (Matth.
3146 2117 3287 2169 xxrr,
3311 2100 3422 2174 13).

1820 2181 1974 2240 Tunc
2012 2182 2159 2240 enim
2191 2193 2412 2242 coactus
2441 2185 2499 2241 in
2541 2187 2795 2243 tenebras
2835 2188 3134 2245 exteriores
3164 2189 3423 2259 mittitur,

1819 2273 1949 2346 quia
1977 2290 2126 2330 nunc
2147 2275 2204 2331 in
2231 2275 2585 2333 interioribus
2606 2287 2911 2335 exczecatur
2934 2279 3264 2334 voluntarie.
3292 2280 3427 2336 Rur-

1818 2379 1940 2419 sum
1988 2364 2047 2419 in
2094 2372 2252 2421 nocte
2288 2365 2512 2439 iniquus
2540 2366 2866 2435 conteritur,
2916 2383 3041 2422 cum
3076 2375 3425 2439 peccatorum

1818 2453 2245 2526 praecedentium
2278 2456 2601 2523 confusione
2623 2455 2933 2524 damnatus,
2957 2456 3208 2512 veritatis
3238 2457 3425 2512 lumen

1817 2559 1930 2599 non
1961 2543 2200 2613 invenit,
2222 2553 2275 2600 et
2296 2545 2430 2619 quid
2451 2545 2708 2618 deinceps
2728 2562 2883 2619 agere
2915 2545 3107 2601 debeat
3130 2562 3239 2601 non
3261 2563 3425 2618 agno-

1818 2632 1939 2690 scit.
1976 2633 2113 2708 [νει.
2149 2634 2305 2709 ΧΙΙ.]
2331 2636 2506 2692 Omne
2528 2636 2727 2709 quippe
2744 2643 3047 2709 peccatum,
3072 2635 3217 2709 quod
3240 2644 3425 2693 tamen

1817 2724 1981 2780 citius
2009 2726 2328 2796 paenitendo
2368 2744 2477 2783 non
2522 2729 2772 2799 tergitur,
2819 2736 2912 2783 aut
2942 2736 3223 2800 peccatum
3254 2735 3335 2783 est
3371 2736 3427 2782 et

1817 2831 1980 2870 causa
2018 2817 2247 2887 peccati,
2288 2827 2382 2873 aut
2430 2826 2711 2890 peccatum
2744 2826 2798 2873 et
2844 2835 3005 2891 pcena
3034 2804 3261 2891 peccati.
3297 2819 3423 2874 Pec-

1816 2913 1999 2961 catum
2032 2920 2267 2976 namque
2298 2907 2445 2977 quod
2475 2906 2799 2977 pcenitentia
2829 2924 2940 2963 non
2972 2907 3137 2963 diluit
3167 2908 3285 2979 ipso
3322 2924 3424 2963 suo

1816 2992 2056 3065 pondere
2087 3010 2217 3049 mox
2246 2993 2315 3048 ad
2344 2994 2495 3049 aliud
2523 2993 2714 3049 trahit.
2739 2994 2892 3050 Unde
2922 2995 2984 3050 ﬁt
3014 3004 3074 3052 ut
3103 3012 3216 3051 non
3242 2996 3422 3051 solum

1815 3090 2099 3156 peccatum
2143 3084 2236 3153 sit,
2291 3083 2385 3139 sed
2418 3093 2701 3156 peccatum
2749 3092 2803 3139 et
2853 3100 3014 3140 causa
3060 3083 3288 3156 peccati.
3334 3085 3423 3139 Ex

1814 3170 1913 3228 illo
1943 3174 2144 3246 quippe
2173 3173 2313 3229 vitio
2351 3173 2513 3245 culpa
2541 3173 2878 3245 subsequens
2916 3173 3112 3241 oritur,
3146 3173 3167 3207 δ
3214 3188 3282 3227 ex
3312 3187 3422 3245 quo

1743 3288 1786 3349 α
1817 3270 2014 3318 caecata
2052 3280 2207 3320 meus
2252 3263 2477 3320 ducitur
2513 3271 2575 3318 ut
2604 3261 2758 3335 pejus
2798 3279 2868 3317 ex
2906 3262 3016 3317 alio
3064 3262 3281 3334 ligetur.
3316 3262 3423 3318 Sed

1814 3361 2099 3423 peccatum
2144 3352 2291 3426 quod
2344 3368 2415 3407 ex
2461 3359 2683 3424 peccato
2732 3352 2931 3419 oritur,
2978 3367 3091 3407 non
3134 3350 3249 3423 jam
3285 3367 3424 3424 pec-

1813 3450 1998 3498 catum
2058 3438 2467 3508 tantummodo,
2524 3439 2619 3496 sed
2674 3449 2959 3513 peccatum
3015 3448 3097 3497 est
3152 3449 3207 3498 et
3261 3457 3423 3514 paena

1813 3531 2045 3603 peccati,
2094 3532 2223 3606 quia
2271 3529 2423 3602 justo
2463 3528 2678 3602 judicio
2734 3530 3083 3603 omnipotens
3138 3532 3285 3587 Deus
3327 3547 3423 3587 cor

1778 3622 2093 3693 ‘peccantis
2132 3621 2439 3689 obnubilat,
2488 3628 2551 3676 ut
2578 3620 2937 3693 praecedentis
2971 3620 3178 3691 peccati
3221 3620 3419 3675 merito

1814 3710 1978 3766 etiam
2007 3711 2065 3766 in
2096 3711 2223 3767 aliis
2252 3710 2429 3767 cadat.
2450 3710 2624 3777 Quem
2655 3709 2803 3766 enim
2833 3710 3065 3765 liberare
3096 3708 3295 3776 noluit,
3328 3708 3418 3763 de-

1813 3800 2043 3856 serendo
2082 3799 2370 3872 percussit.
2402 3800 2523 3855 Non
2554 3815 2681 3871 ergo
2710 3800 2992 3855 immerito
3022 3815 3182 3871 poena
3208 3799 3417 3870 peccati

1812 3888 2039 3958 dicitur,
2087 3890 2234 3963 quod
2275 3888 2424 3961 justa
2470 3888 2702 3960 desuper
2748 3888 2985 3960 irrogata
3035 3888 3297 3955 caecitate,
3348 3902 3417 3941 ex

1812 3981 2173 4053 praecedentis
2202 3980 2409 4051 peccati
2438 3979 2651 4034 ultione
2682 3985 3044 4050 perpetretur.
3077 3977 3235 4044 Quod
3266 3975 3417 4031 vide-

1812 4071 1942 4127 licet
1965 4072 2146 4144 agitur
2174 4070 2536 4142 dispositione
2565 4069 2818 4141 superius
2849 4067 3122 4135 ordinata,
3154 4066 3248 4122 sed
3279 4065 3415 4120 infe-

1811 4160 1928 4215 rius
1965 4160 2257 4233 iniquitate
2285 4160 2534 4228 confusa,
2565 4167 2628 4215 ut
2670 4165 2724 4214 et
2762 4156 3073 4230 praecedens
3102 4156 3264 4227 culpa
3292 4157 3312 4191 ⁷
3345 4154 3418 4211 sit

1809 4266 1973 4308 causa
2002 4251 2406 4324 subsequentis,
2453 4259 2507 4306 et
2534 4267 2754 4307 rursum
2790 4249 2951 4321 culpa
2978 4247 3317 4319 subsequens
3344 4245 3418 4301 sit

1809 4356 1972 4413 poena
1999 4341 2378 4413 praecedentis.
2408 4340 2568 4408 Quod
2596 4340 2734 4395 bene
2754 4338 2811 4395 in
2832 4336 3153 4393 inﬁdelibus
3173 4343 3227 4391 et
3248 4334 3415 4391 lubri-

1810 4430 1890 4488 cis
1928 4432 2129 4487 Paulus
2159 4433 2313 4505 quasi
2344 4430 2619 4504 quoddam
2650 4445 2837 4487 semen
2867 4428 3071 4484 erroris
3107 4432 3413 4499 aspexerat,

1809 4538 1936 4577 cum
1966 4522 2208 4579 dicebat:
2247 4523 2351 4591 Qui
2392 4540 2507 4577 cum
2537 4521 2888 4593 cognovissent
2917 4519 3107 4583 Deum,
3150 4534 3257 4572 non
3284 4516 3419 4571 sicut

1808 4611 1977 4667 Deum
2004 4612 2458 4685 gloriﬁcaverunt,
2478 4618 2575 4667 aut
2591 4611 2796 4683 gratias
2822 4615 3037 4681 egerunt
3055 4625 3077 4673 ;
3098 4607 3185 4662 sed
3200 4622 3415 4662 evanue-

1808 4708 1937 4756 runt
1962 4702 2018 4757 in
2045 4703 2445 4775 cogitationibus
2475 4702 2589 4756 suis
2621 4701 2797 4773 (Rom.
2832 4716 2870 4767 ι,
2904 4699 3021 4771 21).
3046 4697 3149 4754 Sed
3172 4696 3318 4770 quod
3344 4713 3418 4752 ex

1812 4790 1979 4863 hujus
2020 4793 2222 4850 erroris
2251 4792 2459 4849 semine
2490 4789 2809 4864 pullulavit,
2835 4788 2987 4846 illico
3017 4787 3286 4861 adjungit,
3318 4785 3417 4842 di-

1810 4899 1974 4940 cens:
2008 4885 2237 4956 Propter
2268 4883 2410 4956 quod
2447 4883 2673 4938 tradidit
2715 4881 2838 4937 illos
2872 4881 3013 4937 Deus
3058 4880 3116 4932 in
3152 4877 3415 4933 desideria

1809 4973 1985 5028 cordis
2000 4991 2205 5043 eorum,
2221 4974 2241 5008 ⁸
2260 4973 2318 5027 in
2337 4972 2751 5037 immunditiam,
2773 4977 2833 5026 ut
2846 4966 3416 5038 contumeliisaﬁiciant

1811 5079 2037 5135 corpora
2064 5079 2161 5117 sua
2189 5062 2248 5116 in
2277 5061 2565 5133 semetipsis
2596 5061 2785 5132 (Ibid,
2816 5059 2930 5132 24).
2963 5057 3104 5125 Quia
3131 5053 3279 5109 enim
3310 5068 3414 5109 co—

1811 5159 2134 5226 gnoscentes
2178 5153 2353 5207 Deum
2400 5159 2686 5223 peccatum
2735 5146 3002 5220 superbiae
3050 5143 3413 5217 intelligendo

1809 5242 2227 5310 commiserunt,
2273 5250 2548 5298 caecantur
2586 5238 2751 5294 etiam
2796 5252 2864 5292 ne
2912 5233 3224 5305 intelligant
3264 5232 3415 5307 quod

1809 5336 2185 5391 committunt.
2208 5333 2280 5389 Et
2300 5332 2396 5405 qui
2416 5329 2838 5403 intelligentiam
2860 5343 3015 5383 suam
3036 5324 3191 5400 sequi
3212 5324 3415 5381 nolunt

1882 5545 1902 5581 ³
1932 5542 2195 5611 Vindoc.,
2225 5540 2446 5598 Ebroic.
2480 5546 2535 5595 et
2560 5538 2657 5594 alii
2682 5538 2898 5607 Norm.,
2928 5555 3035 5594 non
3060 5542 3318 5595 tenentur.

1882 5620 1903 5653 ⁴
1921 5617 2050 5671 Tur.
2062 5659 2075 5683 ,
2090 5614 2321 5687 Longip.
2332 5657 2347 5683 ,
2362 5615 2538 5687 fNorm
2549 5655 2560 5667 .
2572 5654 2587 5681 ,
2602 5611 2836 5668 intrante
2845 5612 3039 5684 quippe
3052 5611 3407 5667 multitudine.

1879 5691 1899 5724 ⁸
1931 5688 2158 5756 Pratel.,
2188 5686 2410 5741 inducit.

1880 5762 1901 5797 ⁶
1928 5760 2186 5831 Longip.,
2216 5777 2281 5815 ex
2308 5776 2410 5830 quo
2426 5763 2715 5831 prouocata
2742 5773 2905 5831 mens.

1879 5834 1899 5867 ⁷
1932 5827 2194 5899 Vinddc.,
2227 5832 2296 5886 sit
2317 5827 2485 5886 causa
2509 5829 2707 5901 peccati
2732 5827 3106 5899 subsequentis.

1881 5905 1902 5939 ⁸
1931 5904 2046 5972 ΑΙ.,
2074 5903 2134 5960 in
2160 5901 2515 5961 immunditia.
