3928 6384
468 402 572 459 335

1665 402 1915 463 suam
1952 402 2291 467 anGonu
2326 404 2553 499 MAGNI

3657 414 3769 475 336

468 522 525 582 in
554 532 778 597 peccato
804 532 860 581 et
885 542 1048 584 causa
1074 523 1302 601 peccati,
1332 536 1388 585 et
1414 525 1596 603 ipsum
1624 530 1812 587 lumen
1841 529 2062 587 intelli-
2086 536 2139 596 Α
2165 542 2261 591 aut
2288 535 2551 608 perjurio,
2582 548 2677 597 aut
2706 539 3009 597 homicidio
3036 538 3260 612 tegitur,
3303 555 3373 597 ne
3401 538 3784 599 humanarum

466 614 663 687 gentia;
701 613 941 688 perdunt
966 614 1025 672 in
1068 624 1290 689 peccato
1317 626 1373 676 et
1409 634 1570 691 poena
1601 620 1828 693 peccati.
1859 619 2068 678 Prioris

466 719 595 776 ergo
623 702 833 776 peccati
858 703 1054 760 merito
1073 713 1421 778 peccatorum
1438 707 1888 781 subsequentium
1910 708 2070 765 fovea

465 792 691 864 tegitur,
720 799 783 848 ut
809 790 903 866 qui
933 793 1139 851 malum
1169 794 1348 853 sciens
1375 803 1671 870 perpetrat,
1701 796 1961 871 deinceps
1980 796 2068 871 ju-

466 889 549 940 ste
578 882 637 939 in
665 881 790 939 aliis
816 881 979 939 etiam
1004 884 1255 943 nesciens
1281 884 1459 944 cadat.

538 971 628 1030 23.
665 973 848 1044 Culpa!
873 972 1047 1045 culpis
1067 975 1393 1046 puniuntur,
1423 981 1485 1031 ut
1510 992 1577 1032 ea:
1608 974 1858 1032 vitiorum
1894 976 2067 1032 incre-

465 1065 639 1117 mento
665 1060 929 1134 supplicia
955 1069 1272 1134 augeantur.
1304 1094 1371 1105 —
1401 1064 1517 1122 Hoc
1544 1064 1746 1138 quippe
1777 1065 1977 1138 agitur,
2007 1072 2070 1121 ιιι

464 1151 643 1224 culpae
668 1150 848 1223 culpis
874 1150 1167 1220 feriantur,
1197 1160 1468 1226 quatenus
1494 1154 1766 1227 supplicia
1785 1154 1921 1211 ﬁant
1949 1170 2069 1227 pec-

466 1239 712 1296 cautium
742 1238 860 1312 ipsa
886 1238 1226 1297 incrementa
1253 1241 1541 1298 vitiorum.
1573 1242 1708 1298 Nam
1740 1241 1869 1316 quia
1896 1239 2073 1297 omni-

467 1334 663 1401 potens
688 1329 834 1385 Deus
862 1327 931 1385 ad
971 1329 1352 1403 pmnitentiam
1382 1339 1597 1403 tempus
1626 1330 1897 1403 indulget,
1925 1326 2073 1403 quod

465 1427 653 1477 tamen
668 1419 911 1477 humana
930 1421 1141 1479 malitia
1168 1422 1235 1479 ad
1256 1439 1417 1479 usum
1437 1439 1549 1480 suae
1566 1421 1878 1496 iniquitatis
1903 1421 2072 1478 intor-

468 1519 618 1586 quet,
642 1517 787 1576 800
799 1511 1064 1571 nimirum
1075 1513 1229 1587 justo
1248 1513 1347 1571 Dei
1351 1514 1567 1587 judicio
1582 1514 1766 1586 augeri
1780 1513 1941 1586 culpa
1957 1527 2075 1585 per—

468 1611 732 1682 mittitur,
744 1619 807 1668 ut
816 1611 885 1669 ad
895 1611 1203 1670 feriendum
1215 1613 1383 1670 altius
1395 1613 1723 1686 quandoque
1737 1611 2071 1670 cumuletur.

469 1702 614 1759 Hinc
655 1701 805 1757 enim
832 1719 1052 1758 rursum
1092 1702 1160 1759 de
1188 1703 1520 1776 quibusdam
1549 1703 1752 1760 Paulus
1794 1700 2076 1775 apostolus

469 1787 639 1846 dicit:
681 1787 1567 1862 Utimpleantpeccatasuasemper
1588 1790 1645 1863 (Ι
1669 1790 1842 1848 Thess.
1866 1804 1927 1855 ιι,
1958 1786 2072 1858 16).

2177 628 2356 700 legum
2386 629 2599 686 ultione
2626 632 2905 703 puniatur.
2945 631 3220 689 Ponamus
3247 646 3375 703 ergo
3414 640 3542 689 ante
3576 632 3779 689 oculos

2177 717 2324 791 quod
2354 721 2577 794 quidam
2608 721 2925 780 voracitatis
2939 720 3045 778 sibi
3067 721 3221 777 frena
3240 719 3468 788 laxavit,
3491 736 3602 794 qua
3620 736 3788 778 vora-

2176 806 2340 864 citate
2368 819 2654 881 superatus
2681 810 2940 866 adulterii
2960 809 3174 868 facinus
3192 809 3450 877 admisit;
3474 808 3787 881 depreheno

2177 913 2271 953 sus
2299 907 2480 954 autem
2511 898 2571 954 in
2598 898 2891 968 adulterio,
2921 899 3153 956 latenter
3180 899 3364 956 virum
3393 897 3684 967 adultera,
3718 912 3791 955 ne

2178 985 2248 1041 ad
2268 984 2546 1058 judicium
2578 987 2906 1057 traheretur,
2937 988 3159 1047 occidit.
3195 989 3312 1046 Hoc
3341 988 3528 1062 itaque
3554 986 3795 1044 adulte-

2179 1075 2346 1144 rium,
2379 1076 2523 1133 inter
2550 1078 2904 1135 voracitatem
2934 1087 2988 1135 et
3021 1077 3386 1136 homicidium
3416 1076 3689 1149 positum,
3721 1076 3794 1133 de

2182 1165 2279 1223 illa
2308 1166 2570 1225 videlicet
2597 1182 2845 1236 nascens,
2879 1167 2985 1225 hoc
3004 1183 3290 1240 generaus,
3315 1175 3599 1239 peccatum
3631 1173 3720 1223 est
3738 1173 3796 1222 et

2181 1271 2341 1329 pinna
2369 1266 2423 1313 et
2445 1274 2609 1314 causa
2639 1264 2863 1329 peccati.
2893 1256 3180 1314 Peccatum
3211 1254 3458 1329 profecto
3487 1261 3570 1311 est
3590 1269 3693 1327 per
3710 1269 3793 1311 se-

2182 1343 2476 1419 metipsum
2501 1363 2515 1413 ;
2548 1362 2709 1418 pcena
2727 1363 2859 1402 vero
2883 1345 3092 1418 peccati
3112 1352 3213 1412 est,
3237 1343 3368 1419 quia
3385 1344 3604 1416 culpam
3629 1358 3794 1399 vora-

2182 1436 2365 1495 citatis
2393 1436 2580 1503 auxit;
2621 1452 2786 1494 causa
2811 1445 2993 1493 autem
3038 1435 3246 1508 peccati
3283 1440 3385 1503 est,
3426 1433 3557 1507 quia
3585 1430 3795 1489 subse—

2183 1541 2356 1599 quens
2385 1525 2549 1581 etiam
2572 1523 2935 1581 homicidium
2951 1522 3157 1596 genuit.
3182 1523 3364 1579 Unum
3379 1537 3507 1594 ergo
3529 1519 3796 1593 idemque

2184 1622 2466 1687 peccatum
2504 1623 2587 1671 est
2619 1621 2672 1669 et
2701 1630 2861 1687 poena
2902 1611 3275 1685 praecedentis,
3318 1619 3374 1667 et
3409 1624 3576 1667 causa
3612 1608 3796 1681 culpa:

2182 1704 2585 1778 subsequentis,
2618 1703 2745 1777 quia
2774 1711 2828 1759 et
2857 1710 3128 1760 transacta
3153 1701 3286 1758 dum
3317 1705 3610 1772 exaggerat
3634 1698 3793 1755 dam-

2185 1803 2300 1863 nat,
2315 1804 2369 1851 et
2382 1794 2565 1851 adhuc
2578 1794 2862 1866 sequentia
2879 1809 2999 1866 quae
3011 1790 3260 1849 damnari
3273 1789 3510 1847 debeant
3527 1787 3793 1845 seminat.

474 1877 497 1920 ¹ο
526 1874 669 1933 Hinc
713 1892 849 1933 voce
890 1876 1070 1949 angeli
1099 1876 1169 1934 ad
1200 1877 1465 1935 Joannem
1497 1878 1734 1937 dicitur:
1772 1877 1875 1946 Qui
1908 1882 2074 1943 nocet,
2107 1883 2156 1947 Β
2185 1882 2358 1956 Igitur
2386 1883 2516 1957 quia
2556 1881 2793 1954 peccatis
2839 1882 3274 1955 pmwdentibus
3320 1886 3557 1938 cecatur
3597 1883 3798 1936 oculus

470 1971 653 2021 noceat
679 1965 886 2033 adhuc;
914 1972 965 2021 et
988 1966 1081 2038 qui
1108 1967 1166 2023 in
1201 1968 1449 2024 sordibus
1488 1973 1584 2035 est,
1614 1966 1881 2023 sordescat
1907 1965 2079 2021 adhuc

469 2054 667 2126 (Apoc.
699 2071 842 2124 XXII,
875 2055 987 2129 11).
1011 2055 1155 2114 Hinc
1181 2056 1359 2115 David
1379 2058 1487 2113 ait:
1510 2057 1730 2128 Appone
1748 2056 2081 2127 iniquitatem

471 2161 632 2217 super
658 2145 991 2218 iniquitatem
1019 2164 1220 2217 eorum,
1252 2154 1313 2203 ut
1338 2165 1445 2203 non
1482 2147 1681 2202 intrent
1720 2145 1777 2200 in
1808 2144 2079 2215 justitiam

474 2240 621 2289 tuam
647 2235 830 2304 (Psal.
856 2251 1058 2303 vam,
1078 2235 1195 2309 28).
1222 2235 1362 2309 [γει.
1394 2232 1586 2307 ΧΙΙΙ.]
1616 2233 1758 2290 Hinc
1777 2250 1996 2290 rursum
2012 2232 2079 2289 de

471 2322 713 2379 Domino
739 2323 806 2380 ab
828 2324 1022 2382 eodem
1050 2326 1338 2383 Psalmista
1352 2324 1558 2383 dicitur
1581 2342 1593 2382 :
1614 2323 1969 2382 Immissiones
1983 2339 2083 2396 per

471 2413 683 2485 angelos
701 2416 870 2472 malos
888 2417 1032 2472 viam
1055 2416 1180 2488 fecit
1196 2416 1391 2473 semita:
1408 2416 1507 2472 ira:
1529 2432 1638 2471 sua:
1656 2416 1829 2488 (Psal.
1862 2431 2077 2483 Lxxvn,

470 2501 660 2577 49,50)
671 2503 798 2562 .Cor
807 2505 1009 2578 quippe
1027 2505 1300 2563 Dominus
1312 2504 1591 2579 prioribus
1604 2505 1813 2562 meritis
1826 2520 2079 2578 aggrava-

471 2596 592 2645 tum
604 2588 754 2660 juste
768 2592 1041 2663 permittit
1054 2593 1220 2650 etiam
1236 2594 1698 2668 subsequentibus
1711 2594 2080 2667 malignorum

473 2676 772 2749 spirituum
819 2680 1269 2751 persuasionibus
1297 2682 1439 2751 falli,
1483 2682 1630 2756 quod
1670 2699 1797 2739 cum
1828 2681 1991 2754 digne
2019 2679 2079 2736 in

474 2766 637 2839 culpa
663 2766 922 2836 trahitur,
955 2778 1137 2826 reatus
1157 2768 1274 2843 ejus
1304 2771 1364 2828 in
1380 2789 1540 2845 poena
1560 2774 1892 2830 cumulatur.
1926 2769 2079 2828 Unde

475 2864 531 2912 et
557 2856 654 2912 iraa
682 2872 795 2913 sua:
824 2857 1095 2915 Dominus
1120 2860 1267 2918 viam
1294 2861 1361 2918 de
1388 2862 1584 2918 semita
1609 2863 1800 2919 fecisse
1829 2859 2077 2936 perhibe-

475 2957 585 3008 tur.
609 2949 797 3007 Latior
816 2950 963 3007 enim
980 2960 1061 3008 est
1089 2952 1182 3008 via
1204 2969 1367 3026 quam
1386 2954 1600 3010 semita.
1621 2954 1711 3009 Ex
1730 2953 1927 3011 semita
1950 2968 2077 3008 vero

473 3039 569 3096 iraa
597 3055 709 3096 suae
730 3038 876 3095 viam
896 3040 1073 3099 facere
1089 3047 1172 3097 est
1189 3040 1284 3098 iraa
1308 3058 1502 3099 causas
1516 3040 1765 3099 districto
1774 3039 2077 3113 judicando

473 3134 724 3204 dilatare,
773 3141 838 3192 ut
886 3135 982 3208 qui
1020 3134 1324 3192 illuminati
1377 3151 1532 3209 agere
1570 3142 1716 3193 recte
1754 3136 2074 3205 noluerunt,

468 3224 617 3299 juste
642 3224 831 3283 caecati
858 3223 1043 3279 adhuc
1061 3223 1287 3291 faciant,
1302 3225 1458 3310 unde
1486 3226 1725 3297 amplius
1752 3225 1941 3297 puniri
1967 3241 2076 3282 me-
2107 3245 2155 3310 ο

473 3322 720 3370 reantur.
751 3310 895 3367 Hinc
918 3326 1015 3383 per
1039 3311 1268 3382 Moysen
1285 3309 1527 3367 dicitur:
1551 3313 1800 3369 Nondum
1828 3314 2081 3384 completa

478 3407 601 3456 sunt
622 3405 839 3471 peccata
865 3398 1305 3454 Amorrlueorum
1333 3399 1543 3471 (Genes.
1575 3416 1671 3469 xv,
1696 3399 1808 3473 16).
1825 3400 1968 3457 Hinc
1986 3417 2083 3474 per

478 3489 734 3547 eumdem
760 3488 989 3561 Moysen
1017 3488 1292 3545 Dominus
1311 3487 1481 3546 dicit:
1511 3491 1605 3547 Ea:
1631 3490 1786 3547 vinea
1808 3492 1945 3547 enim
1974 3493 2082 3550 So—

477 3578 757 3636 domorum
782 3579 907 3635 vitis
933 3595 1138 3645 eorum,
1167 3584 1217 3634 et
1235 3595 1475 3652 propago
1494 3598 1675 3637 eorum
1695 3599 1760 3637 ea:
1782 3582 2083 3639 Gomorrha
2126 3626 2137 3636 .

476 3670 665 3739 (Deut.
682 3685 869 3735 χχχιι,
890 3668 1007 3743 32).
1036 3669 1147 3726 Uva
1162 3686 1344 3724 eorum
1360 3686 1465 3725 uva
1482 3669 1651 3741 fellis,
1666 3678 1713 3727 et
1741 3673 1921 3728 botrus
1934 3690 2081 3729 ama-

478 3760 735 3816 ritudinis
774 3760 835 3814 in
862 3759 1014 3831 ipsis.
1044 3759 1228 3815 Furor
1264 3759 1554 3817 draconum
1582 3763 1764 3817 vinum
1804 3780 2007 3829 eorum,
2036 3769 2085 3818 et

479 3845 641 3919 furor
679 3847 925 3919 aspidum
952 3848 1288 3904 insanabilis.
1334 3849 1519 3905 Nonne
1546 3850 1653 3905 haec
1683 3850 1704 3885 ²
1742 3850 1921 3906 omnia
1949 3866 2083 3905 con—

478 3944 694 4012 gregata
720 3944 844 3994 sunt
869 3941 1014 4011 apud
1032 3957 1129 4010 me,
1157 3946 1205 3996 et
1230 3940 1441 4013 signata
1459 3941 1518 3996 in
1547 3941 1807 3997 thesauris
1820 3942 1948 3997 meis
1968 3942 1996 3998 ?
2016 3942 2084 3998 In

480 4028 564 4084 die
591 4029 813 4085 ultionis
854 4030 1075 4087 reddam
1102 4031 1177 4086 eis
1208 4029 1395 4102 (Ibid,
1426 4030 1516 4099 33,
1555 4029 1671 4104 34).
1706 4031 1881 4099 Quam
1911 4030 2086 4086 multa

481 4136 673 4178 eorum
714 4121 861 4178 mala
898 4123 1167 4190 narravit,
1198 4130 1253 4179 et
1300 4131 1483 4179 tamen
1512 4122 1666 4180 illico
1702 4121 1987 4194 adjungit:
2017 4123 2085 4179 In

485 4217 711 4284 tempore
737 4229 840 4283 quo
871 4213 1050 4283 lapsus
1077 4210 1245 4281 fuerit
1264 4228 1358 4283 pes
1384 4229 1567 4267 eorum
1584 4213 1777 4284 (Ibid.,
1807 4212 1924 4283 35).
1944 4212 2086 4268 Ecce

484 4299 830 4356 atrocissima
857 4299 1080 4356 illorum
1107 4299 1355 4355 facinora
1382 4299 1789 4368 describuntur,
1821 4307 1875 4355 et
1902 4308 2087 4356 tamen

485 4388 556 4445 ad
585 4386 816 4444 ultionis
842 4387 989 4444 diem
1017 4387 1201 4444 adhuc
1222 4387 1560 4462 subsequens
1589 4389 1772 4461 lapsus
1799 4384 2084 4461 aspicitur;

487 4495 598 4552 quo
626 4494 817 4534 eorum
864 4477 1038 4551 culpa
1067 4478 1439 4536 cumulentur.
1477 4478 1691 4535 Habent
1720 4477 1834 4551 jam
1865 4478 2085 4553 quidem

2187 1970 2387 2039 cordis,
2422 1971 2539 2042 ipsa
2567 1971 2781 2027 caecitas
2802 1987 2922 2044 quae
2952 1970 3225 2043 peccantis
3242 1968 3490 2026 animum
3511 1984 3583 2026 ex
3603 1977 3797 2027 antea-

2187 2066 2289 2117 ctae
2308 2060 2483 2131 culpae
2501 2059 2852 2118 damnatione
2871 2060 3166 2117 confundit
3183 2059 3382 2117 merito
3400 2076 3515 2116 nox
3535 2069 3797 2129 vocatur,

2189 2148 2318 2221 quia
2346 2164 2443 2221 per
2472 2147 2614 2205 hanc
2641 2150 2709 2206 ab
2730 2150 2906 2206 oculis
2926 2148 3299 2222 delinquentis
3318 2153 3458 2211 801
3484 2146 3677 2205 lumen
3702 2164 3797 2205 ve.

2189 2244 2370 2301 ritatis
2397 2244 2772 2303 absconditur.
2804 2246 2947 2302 Bene
2976 2246 3161 2319 itaque
3189 2244 3431 2303 dicitur:
3463 2245 3628 2302 Novit
3654 2246 3801 2301 enim

2190 2351 2352 2406 opera
2377 2351 2579 2401 eorum,
2608 2341 2655 2390 et
2680 2335 2875 2391 idcirco
2904 2335 3112 2390 inducet
3132 2342 3353 2401 noctem,
3367 2340 3417 2390 et
3433 2340 3799 2403 conterentur,

2190 2424 2340 2498 quia,
2362 2433 2425 2482 ut
2443 2441 2582 2497 saepe
2600 2424 2811 2481 dictum
2841 2432 2940 2492 est,
2969 2424 3332 2496 praecedentia
3352 2423 3623 2480 nimirum
3644 2424 3799 2482 mala

2189 2514 2420 2585 faciunt,
2470 2523 2532 2572 ut
2576 2516 2645 2573 ad
2684 2514 3019 2589 peccandum
3062 2516 3264 2571 iterum
3306 2514 3548 2572 tenebris
3588 2515 3800 2573 subse-

2190 2606 2486 2679 quentibus
2514 2606 2888 2675 involvantur,
2922 2613 2983 2662 ut
3010 2621 3074 2661 eo
3097 2603 3214 2677 jam
3245 2605 3432 2661 lumen
3455 2604 3694 2678 justitiae
3716 2608 3799 2663 vi-

2190 2695 2317 2752 dere
2345 2712 2456 2752 non
2479 2696 2707 2769 possint,
2730 2713 2839 2770 quo
2854 2695 2995 2753 illud
3014 2703 3070 2752 et
3093 2694 3313 2769 quando
3329 2704 3585 2768 poterant
3600 2694 3800 2754 videre

2189 2786 2505 2843 noluerunt.
2529 2786 2792 2843 Inducere
2828 2794 3010 2842 autem
3032 2793 3249 2843 noctem
3267 2784 3539 2841 Dominus
3556 2783 3797 2855 dicitur,

2188 2892 2301 2932 non
2346 2876 2494 2949 quod
2535 2876 2651 2949 ipse
2685 2875 2935 2933 tenebras
2953 2875 3193 2944 inferat,
3227 2874 3324 2931 sed
3370 2874 3518 2948 quod
3557 2874 3802 2933 obscura

2186 2964 2353 3021 corda
2368 2966 2712 3037 peccantium
2733 2963 3162 3022 misericorditer
3179 2979 3293 3020 non
3312 2962 3577 3032 illustrat,
3609 2971 3676 3019 ut
3691 2964 3799 3022 hoc

2188 3055 2368 3128 ipsum
2399 3057 2458 3114 in
2486 3066 2648 3115 nocte
2675 3074 2903 3116 caecasse
2931 3058 3007 3114 sit
3031 3074 3064 3115 a
3089 3055 3353 3117 caecitatis
3381 3054 3629 3113 tenebris
3659 3056 3798 3114 libe-

2185 3161 2306 3204 rare
2335 3147 2598 3205 noluisse.
2632 3148 2895 3221 Sequitur
2917 3165 2931 3205 :

2690 3290 2919 3350 CAPUT
2946 3292 2999 3349 Χ
3027 3289 3171 3367 [ιιεο.
3203 3290 3304 3368 x1.

2261 3387 2433 3448 Vsus.
2462 3386 2553 3449 26.
2583 3421 2655 3434 —
2685 3390 2851 3461 Quasi
2878 3390 3067 3465 impios
3091 3392 3353 3465 percussit
3379 3409 3464 3450 eos
3490 3391 3551 3450 in
3573 3391 3689 3449 loco
3717 3392 3798 3451 vi-

2191 3479 2446 3539 dentium.

2262 3579 2351 3637 25.
2394 3578 2461 3635 In
2496 3580 2744 3636 Ecclesia
2782 3579 2906 3636 sinu
2938 3580 3119 3652 inique
3143 3581 3387 3650 viventes,
3432 3581 3622 3638 divina
3663 3583 3802 3641 ultio

2191 3670 2347 3739 quasi
2374 3669 2563 3742 impios
2592 3670 2842 3742 percutit.
2875 3669 3039 3738 Quasi
3068 3670 3198 3741 quid
3232 3670 3498 3743 signiﬁcat
3536 3673 3599 3727 in
3641 3674 3804 3730 Scri-

2186 3759 2385 3831 pturis.
2418 3760 2654 3817 Ecclesia
2694 3762 2837 3817 locus
2864 3766 2940 3817 est
2980 3760 3289 3816 videntium.
3318 3790 3391 3803 —
3417 3761 3480 3818 In
3511 3760 3805 3834 Scriptura

2191 3864 2345 3906 sacra
2363 3850 2518 3920 quasi
2535 3849 2832 3923 aliquando
2854 3866 2953 3923 pro
2972 3848 3361 3919 similitudine,
3376 3850 3682 3923 aliquando
3702 3868 3802 3924 pro

2191 3937 2423 3994 veritate
2450 3939 2583 4011 poni
2614 3939 2922 3995 consuevit.
2946 3939 3050 3995 Pro
3077 3938 3446 3995 similitudine
3471 3940 3626 3996 enim
3646 3941 3804 4012 quasi

2193 4028 2437 4099 ponitur,
2468 4027 2613 4085 sicut
2641 4028 2937 4099 Apostolus
2964 4027 3132 4085 dicit:
3170 4028 3338 4096 Quasi
3368 4030 3567 4096 tristes,
3597 4047 3803 4102 semper

2192 4124 2367 4173 autem
2392 4117 2674 4190 gaudentes
2706 4116 2794 4187 (ΙΙ
2832 4116 2958 4173 Cor.
2988 4133 3067 4179 v1.
3104 4116 3216 4189 10).
3261 4116 3367 4173 Pro
3402 4117 3642 4175 veritate
3671 4135 3803 4175 vero

2193 4209 2440 4281 ponitur,
2460 4207 2603 4266 sicut
2621 4207 2855 4263 Joannes
2871 4208 2981 4263 ait:
3015 4207 3251 4265 Vidimus
3280 4206 3514 4279 gloriam
3528 4207 3671 4279 ejus,
3692 4210 3805 4281 glo-

2194 4299 2337 4354 riam
2364 4297 2518 4369 quasi
2542 4296 2849 4368 Unigenitia
2866 4298 3029 4354 Patre
3048 4296 3227 4369 (Joan.
3251 4313 3291 4366 ι,
3326 4296 3441 4371 i4).
3467 4298 3588 4357 Hoc
3614 4310 3800 4358 autem

2195 4403 2316 4460 loco
2345 4386 2487 4442 nihil
2517 4385 2702 4443 diﬂ’ert
2727 4394 2913 4443 utrum
2933 4402 3032 4459 pro
3047 4385 3416 4443 similitudine
3434 4404 3505 4444 an
3528 4404 3634 4461 pro
3664 4390 3803 4447 veri-

2194 4484 2305 4533 tate
2332 4476 2406 4533 sit
2433 4474 2695 4549 positum,
2725 4475 2855 4550 quia
2883 4475 3128 4549 quolibet
3143 4473 3360 4532 dicatur
3379 4475 3597 4547 ordine,
3622 4487 3808 4552 aperte

487 4566 636 4623 unde
666 4566 821 4624 feriri
850 4574 1201 4635 mereantur;
1233 4566 1328 4624 sed
1364 4567 1667 4624 sustinetur
1692 4575 1875 4625 tamen
1904 4567 2086 4626 adhuc
2110 4604 2163 4669 Β
2195 4585 2364 4643 prava
2391 4570 2662 4627 malorum
2692 4569 2807 4627 vita
2833 4569 3097 4641 signatur.
3121 4567 3327 4641 Impios
3357 4584 3490 4626 vero
3520 4570 3810 4644 Scriptura

487 4666 772 4730 peccatum
793 4673 1053 4726 crescam,
1080 4664 1143 4713 ut
1170 4665 1453 4730 peccantes
1469 4658 1640 4731 possit
1665 4659 1904 4717 atrocior
1924 4674 2085 4731 poena
2111 4658 2159 4669 "
2192 4677 2345 4718 sacra
2372 4661 2589 4735 proprie
2618 4660 2866 4717 inﬁdeles
2894 4659 3149 4733 appellat.
3180 4660 3293 4717 Hac
3322 4676 3563 4735 namque
3592 4660 3804 4719 distan-

488 4746 754 4805 cruciare.
785 4746 904 4804 Jam
934 4754 1178 4804 meretur
1195 4747 1529 4821 supplicium
1543 4756 1825 4821 peccatum
1852 4758 1906 4806 et
1932 4764 2096 4806 causa

488 4837 697 4911 peccati
723 4854 737 4894 :
769 4836 865 4894 sed
891 4843 1242 4910 exspectatur
1267 4836 1470 4907 adhuc,
1502 4845 1562 4895 ut
1591 4846 1948 4912 augmentum
1968 4854 2094 4911 sup-

488 4925 645 5001 plicii
666 4925 924 5000 subroget
952 4934 1259 5001 peccatum,
1290 4935 1346 4984 et
1372 4943 1533 5000 poena
1561 4926 1789 5001 peccati.

559 5015 647 5073 24.
680 5016 827 5074 Idem
838 5022 1109 5090 peccatum
1131 5016 1425 5088 aliquando
1446 5033 1607 5089 pana
1634 5022 1711 5073 est
1727 5021 1776 5072 et
1804 5031 1965 5072 causa
1978 5031 2095 5087 pec-

489 5104 611 5162 cati.
641 5106 786 5165 Deus
821 5110 1047 5163 excaacat
1075 5122 1111 5162 a
1137 5106 1364 5161 cervitate
1405 5122 1511 5161 non
1542 5105 1835 5162 liberanda.
1864 5135 1937 5147 —
1962 5105 2097 5162 Ple-

489 5208 722 5268 rumque
735 5210 869 5254 vero
885 5211 1061 5253 unum
1081 5201 1245 5268 atque
1259 5192 1406 5250 idem
1425 5204 1730 5268 peccatum,
1743 5202 1798 5252 et
1811 5201 2094 5269 peccatum

491 5293 574 5342 est
599 5293 664 5341 ut
689 5293 745 5341 et
771 5300 932 5357 pinna
958 5293 1015 5342 et
1040 5301 1203 5343 causa
1230 5285 1458 5359 peccati.
1489 5286 1648 5355 Quod
1674 5287 1872 5344 melius
1900 5293 2097 5343 osten-

493 5375 688 5433 demus
713 5374 761 5431 si
778 5391 864 5433 res
889 5378 1036 5451 ipsas
1054 5378 1123 5436 ad
1148 5378 1394 5436 medium
1423 5378 1778 5439 deducamus.
1816 5380 2098 5438 Eﬁ'renata

495 5467 645 5549 enim
675 5466 885 5522 ventris
911 5467 1186 5539 ingluvies
1212 5469 1272 5525 in
1289 5469 1563 5527 fervorem
1592 5470 1828 5529 luxuriae
1859 5471 2095 5545 plenitu-

496 5554 684 5612 dinem
712 5554 892 5613 carnis
911 5554 1155 5630 instigat.
1176 5559 1489 5631 Perpetrata
1505 5568 1689 5619 autem
1718 5560 1941 5619 luxuria
1958 5575 2100 5633 saepe

498 5834 554 5895 di
573 5759 884 5894 {‘V'indoc"
913 5761 1034 5819 hinc
1056 5776 1178 5820 voce
1202 5761 1437 5835 angelica
1466 5763 1523 5819 in
1538 5762 1861 5837 Apocalypsi
1878 5762 2102 5821 ,Ιοαηηίε

556 5853 603 5894 οι
628 5853 664 5894 u
703 5876 717 5893 .

556 5853 717 5894 cuur.

2202 4750 2281 4807 tia
2334 4759 2643 4825 peccatores
2685 4750 2755 4807 ab
2803 4749 2989 4823 impiis
3033 4748 3447 4820 discernuntur,
3497 4751 3636 4824 quia
3682 4766 3807 4808 cum

2203 4841 2385 4898 omnis
2413 4840 2618 4914 impius
2645 4840 2718 4898 sit
2744 4846 3020 4913 peccator,
3050 4854 3162 4896 non
3192 4846 3377 4896 tamen
3405 4840 3593 4897 omnis
3624 4857 3809 4915 pecca-

2203 4940 2290 4989 tor
2316 4941 2399 4989 est
2426 4933 2650 5005 impius.
2680 4932 2939 4989 Peccator
2967 4930 3114 4987 enim
3146 4930 3259 4988 dici
3287 4931 3455 4989 etiam
3488 4933 3587 5006 qui
3609 4933 3675 4989 in
3703 4931 3810 4989 ﬁne

2202 5021 2327 5096 pius
2354 5031 2436 5079 est
2462 5029 2658 5096 potest.
2692 5021 2845 5080 Unde
2873 5023 3109 5080 Joannes
3133 5020 3245 5078 ait:
3280 5022 3341 5080 Si
3362 5022 3669 5079 dixerimus
3688 5020 3812 5095 quia

2197 5118 2466 5185 peccatum
2491 5130 2599 5169 non
2624 5112 2891 5179 habemus,
2921 5112 3026 5185 ipsi
3052 5129 3148 5169 nos
3174 5112 3468 5169 seducimus
3494 5113 3563 5183 (Ι
3584 5112 3751 5169 Ioan.
3773 5124 3809 5179 ι,

2202 5201 2283 5276 8).
2316 5202 2524 5274 Impius
2551 5218 2685 5259 vero
2708 5202 2927 5275 proprie
2951 5201 3162 5260 dicitur
3187 5202 3282 5276 qui
3310 5218 3343 5258 a
3370 5200 3663 5274 religionis
3690 5201 3812 5276 pie-

2204 5297 2316 5347 tate
2342 5299 2641 5363 separatur.
2672 5292 2751 5347 De
2795 5291 3001 5349 talibus
3030 5290 3178 5347 enim
3205 5288 3479 5364 Propheta
3523 5291 3605 5348 ait
3630 5309 3644 5347 :
3697 5291 3812 5348 Non

2203 5380 2489 5453 resurgent'
2520 5381 2674 5453 impii
2700 5380 2758 5436 in
2793 5378 2999 5450 judicio
3048 5382 3223 5453 (Psal.
3254 5398 3296 5450 ι,
3329 5381 3411 5454 ὅ).
3457 5378 3602 5455 [νει.
3634 5382 3722 5439 XI
3732 5377 3810 5452 Κ]

2205 5470 2384 5529 Locus
2410 5480 2593 5529 autem
2622 5469 2932 5527 videntium
2962 5481 3149 5531 sancta
3176 5471 3426 5530 Ecclesia
3462 5479 3722 5531 vocatur.
3753 5470 3810 5525 In

2206 5560 2326 5635 ipsa
2351 5561 2500 5618 enim
2527 5568 2673 5619 recte
2713 5560 3057 5629 consistitur,
3089 5570 3151 5620 ut
3190 5562 3379 5619 lumen
3408 5576 3633 5633 verum,
3668 5555 3810 5635 quod

2281 5765 2304 5803 ²
2329 5766 2493 5825 Deest
2517 5765 2698 5823 omnia
2726 5766 2784 5824 in
2811 5766 3035 5835 Pratel.,
3065 5763 3248 5838 Colb.,
3277 5764 3469 5825 Belus.
