3928 6382
137 352 248 409 337

137 483 290 538 Deus
318 489 422 551 est,
454 481 729 541 videatur.
761 485 916 544 Unde
945 490 1014 547 ad
1067 493 1294 568 Moysen
1344 498 1553 558 dicitur
1585 520 1597 558 :
1649 507 1755 564 Est

141 573 288 628 locus
307 589 471 645 penes
501 592 598 642 me,
640 581 688 632 et
714 577 876 634 stabis
904 596 1071 652 supra
1085 591 1296 654 petram
1328 589 1344 622 ί
1375 606 1493 645 cum
1525 597 1761 653 transeat

136 679 263 752 mea,
274 663 748 735 majestas(Ea:od.
769 671 1042 736 xxxm,2l
1054 673 1168 746 ,22)
1181 719 1192 730 .
1207 676 1280 731 Et
1299 685 1422 748 post
1437 682 1722 752 paululum
1740 713 1752 751 ;

136 751 411 821 Auferam
475 771 695 810 manum
735 774 906 813 meam
958 767 1006 815 et
1050 762 1248 820 videbis
1290 751 1592 838 posteriora
1641 791 1758 831 mea

140 839 337 932 (Ibid,
362 843 481 914 23).
515 844 618 901 Per
647 845 831 904 locum
872 849 1076 924 quippe
1101 853 1368 926 Ecclesia,
1401 873 1498 930 per
1545 868 1756 932 petram

141 930 441 1000 Dominus,
463 949 561 1005 per
586 935 814 1008 Moysen
835 953 967 994 vero
997 941 1298 1000 multitudo
1327 946 1502 1017 plebis
1529 930 1756 1006 Israeli-

139 1018 270 1076 ticaa
289 1020 584 1092 ﬁguratur,
616 1040 737 1096 qua:
765 1027 1006 1085 Domino
1033 1029 1090 1085 in
1120 1037 1264 1088 terra
1285 1035 1616 1106 praedicante
1642 1055 1753 1097 non

137 1109 402 1167 credidit.
433 1113 556 1184 Ipsa
571 1129 700 1186 ergo
721 1115 776 1171 in
803 1125 955 1188 petra
972 1121 1145 1189 stetit,
1172 1131 1318 1195 terga
1338 1127 1560 1183 Domini
1577 1135 1754 1185 trans-

136 1200 328 1257 euntis
383 1201 681 1274 aspiciens,
740 1206 872 1278 quia
927 1206 1188 1267 videlicet
1259 1221 1382 1286 post
1427 1213 1751 1288 ’passionem

135 1289 630 1365 ascensionemque
652 1292 1011 1366 dominicam,
1025 1298 1170 1356 intra
1181 1310 1424 1359 sanctam
1445 1307 1750 1367 Ecclesiam

135 1377 395 1449 deducta,
441 1380 606 1438 ﬁdem
652 1383 861 1442 Christi
912 1389 1192 1462 percipere
1239 1394 1477 1462 meruit;
1511 1404 1566 1452 et
1591 1399 1751 1471 cujus

135 1469 489 1539 praesentiam
520 1487 632 1528 non
672 1473 836 1543 vidit,
868 1475 987 1548 ejus
1015 1481 1317 1551 posteriora
1343 1486 1622 1556 cognovit.
1655 1469 1748 1544 Di-

133 1565 298 1614 catur
325 1575 453 1633 ergo
481 1559 550 1616 de
579 1561 688 1632 his,
719 1580 856 1638 quos
885 1565 1032 1623 intra
1058 1577 1302 1627 sanctam
1332 1573 1635 1632 Ecclesiam
1666 1576 1747 1634 di-

133 1646 272 1704 vina
289 1649 431 1706 ultio
451 1649 668 1708 invenit
687 1653 745 1709 in
775 1655 1166 1729 iniquitatibus
1187 1660 1569 1734 perdurantes,
1601 1665 1745 1723 dica-

130 1742 229 1825 tur
259 1736 328 1794 de
360 1737 446 1796 his
489 1755 724 1813 quorum
756 1744 930 1801 vitam
977 1747 1179 1805 Paulus
1233 1753 1513 1822 apostolus
1568 1761 1743 1825 notat,

134 1824 158 1858 ¹
192 1826 302 1893 Qui
321 1829 636 1901 conﬁtentur
661 1849 714 1887 se
740 1849 891 1890 nosse
927 1836 1118 1904 Deum,
1162 1837 1321 1908 factis
1348 1849 1526 1897 autem
1552 1824 1746 1914 negant

135 1915 274 1986 (Tit.
317 1934 356 1986 ι,
379 1919 468 1992 16)
503 1937 515 1976 :
538 1922 707 1990 Quasi
732 1923 922 1996 impios
939 1929 1199 1998 percussit
1216 1947 1301 1986 eos
1327 1931 1387 1986 in
1418 1933 1527 1988 loco
1552 1934 1744 1989 viden-

133 2004 284 2060 tium.
307 2005 391 2062 Ibi
421 2009 624 2083 quippe
651 2011 890 2082 stabant,
921 2015 1017 2072 ubi
1046 2018 1221 2074 Deum
1251 2018 1440 2077 videre
1469 2021 1746 2079 videban-

130 2099 241 2150 tur.
293 2095 377 2152 Ibi
432 2098 685 2157 tenebras
731 2100 1070 2174 dilexerunt,
1117 2107 1213 2164 ubi
1256 2108 1443 2166 lumen
1486 2111 1740 2168 veritatis

131 2183 416 2256 aspicitur.
457 2187 531 2243 Et
560 2191 818 2262 quamvis
845 2201 1061 2266 apertos
1089 2195 1402 2256 habuerunt
1450 2201 1642 2258 oculos
1681 2201 1742 2257 in

130 2271 262 2362 ﬁde,
305 2281 609 2334 tenuerunt
651 2286 834 2338 tamen
881 2299 974 2340 eos
1003 2285 1218 2343 clausos
1247 2287 1304 2344 in
1334 2305 1517 2362 opere.
1577 2288 1733 2346 Unde

129 2360 267 2418 bene
301 2371 358 2420 et
385 2365 454 2422 de
500 2367 688 2425 Judzea
733 2369 940 2428 dicitur
980 2391 992 2429 :
1028 2360 1396 2446 Speculatores
1450 2379 1564 2449 ejus
1619 2379 1741 2437 eieci

132 2451 290 2544 (Isai.
329 2471 444 2544 va,
475 2456 588 2528 10),
629 2458 758 2532 quia
805 2459 1066 2520 videlicet
1117 2481 1230 2522 non
1281 2466 1546 2526 videbant
1576 2488 1740 2544 opere

128 2542 278 2614 quod
297 2543 636 2616 professione
665 2552 980 2610 cernebant.
1013 2555 1168 2611 Unde
1215 2557 1380 2614 etiam
1419 2559 1488 2617 de
1517 2542 1737 2623 Balaam

125 2629 400 2722 scriptum,
431 2641 548 2722 est:
577 2638 680 2704 Qui
706 2641 894 2696 cadens
921 2649 1132 2714 apertos
1158 2645 1309 2701 habet
1335 2649 1512 2704 oculos
1549 2650 1733 2722 (Num.

128 2733 288 2787 xxxv,
322 2719 436 2790 16).
489 2721 701 2784 Cadens
738 2729 939 2802 quippe
967 2731 1024 2786 in
1071 2749 1233 2804 opere
1281 2743 1498 2807 apertos
1553 2719 1736 2797 tenuit

128 2809 316 2866 oculos
362 2811 420 2867 in
468 2818 954 2889 contemplatione.
991 2822 1072 2878 Ita
1099 2839 1227 2894 ergo
1261 2823 1320 2880 hi
1350 2826 1516 2882 etiam
1545 2829 1737 2887 oculos

125 2898 436 2970 aperientes
467 2901 525 2957 in
575 2903 702 2972 ﬁde,
735 2913 929 2964 etnon
960 2909 1209 2968 videntes
1259 2912 1317 2968 in
1362 2930 1542 2985 opere,
1590 2915 1737 2974 intra

123 2988 434 3046 Ecclesiam
465 2992 634 3064 positi
663 2994 753 3066 pia
776 2998 976 3069 specie,
1007 3006 1165 3074 extra
1183 3001 1486 3059 Ecclesiam
1519 3004 1733 3068 inventi

120 3083 252 3132 sunt
282 3077 454 3151 impia
471 3085 910 3142 conversatione.
932 3089 1009 3144 De
1039 3089 1242 3160 quibus
1275 3090 1410 3147 alias
1439 3092 1578 3151 bene
1601 3099 1733 3155 scri-

119 3173 277 3237 ptum
295 3174 379 3223 est
402 3185 416 3224 :
460 3169 574 3226 Vidi
603 3171 790 3244 impios
815 3178 1067 3246 sepultos,
1085 3178 1179 3248 qui
1207 3196 1324 3234 cum
1354 3182 1376 3216 ³
1401 3182 1730 3258 adviverent,

120 3256 178 3346 in
209 3259 321 3313 loco
350 3266 528 3315 sancto
557 3270 729 3330 erant,
783 3271 833 3321 et
863 3267 1228 3325 laudabantur
1254 3270 1313 3326 in
1339 3271 1548 3330 civitate
1573 3256 1731 3346 quasi

109 3345 386 3415 justorum
414 3366 633 3421 operum
664 3353 862 3426 (Eccle.
895 3373 1021 3424 vm,
1052 3359 1162 3432 10).

197 3491 344 3550 802
371 3494 458 3552 26.
504 3496 703 3552 Multos
751 3495 920 3566 falsos
966 3499 1302 3556 Christianos
1341 3503 1592 3560 Ecclesiae
1618 3521 1730 3577 pax

114 3587 406 3644 abscondit.
426 3587 656 3654 Quidam
670 3604 735 3642 ea:
753 3587 1083 3659 professione
1101 3591 1421 3648 Christianae
1458 3595 1730 3668 religionis

113 3677 348 3748 gloriam
376 3682 640 3748 quierunt.
671 3707 742 3718 —
769 3677 972 3735 Multos
993 3679 1140 3736 enim
1172 3689 1320 3754 peste
1349 3685 1583 3757 propria:
1609 3702 1729 3758 pra-

116 3765 310 3823 vitatis
337 3765 586 3822 obsessos
617 3766 720 3823 sub
741 3765 1056 3825 Christiano
1077 3769 1303 3827 nomine
1323 3772 1441 3844 ipsa
1460 3777 1728 3848 tranquil-

115 3855 248 3911 litas
277 3855 661 3913 ecclesiasticas
715 3855 867 3928 pacis
897 3857 1204 3915 abscondit.
1262 3860 1412 3928 Quos
1464 3869 1648 3920 tamen
1678 3866 1726 3923 si

113 3944 256 4000 levis
277 3944 677 4016 persecutionis
702 3961 836 4002 aura
856 3947 1182 4019 pulsaverit.
1210 3965 1342 4007 mox
1369 3959 1527 4008 extra
1545 3969 1727 4012 aream

113 4033 276 4090 velus
305 4034 488 4106 paleas
516 4033 683 4090 tollit.
727 4033 868 4108 [Vet.
900 4035 1048 4112 XV.]
1080 4036 1318 4106 Quidam
1349 4057 1481 4098 vero
1515 4042 1726 4102 idcirco

107 4122 551 4180 Christianitatis
566 4123 857 4182 vocatione
885 4125 1197 4198 signantur,
1229 4130 1360 4203 quia
1388 4129 1598 4189 Christi
1629 4150 1724 4190 no-

108 4211 266 4269 mine
293 4213 612 4270 sublimiter
645 4215 908 4286 exaltato,
932 4233 1069 4290 pene
1099 4235 1290 4275 omnes
1305 4219 1421 4292 jam
1444 4220 1620 4278 videri
1649 4222 1727 4279 ﬁ-

111 4301 267 4358 deles
292 4303 596 4375 aspiciunt;
625 4310 680 4358 et
701 4321 799 4376 pro
819 4321 884 4362 eo
914 4305 1062 4378 quod
1088 4305 1194 4364 hoc
1224 4309 1410 4365 vocari
1440 4309 1577 4367 alios
1596 4327 1726 4368 cer-

109 4397 276 4458 nunt,
309 4391 415 4464 ipsi
471 4408 584 4449 non
634 4391 812 4450 videri
864 4393 1054 4452 ﬁdeles
1100 4395 1452 4467 erubescunt,
1484 4399 1579 4456 sed
1608 4417 1724 4458 esse

109 4481 403 4555 negligunt
444 4483 592 4557 quod
621 4483 733 4542 dici
781 4485 1107 4559 gloriantur.
1149 4489 1283 4545 Rem
1313 4489 1462 4546 enim
1498 4490 1726 4549 virtutis

109 4569 329 4626 intimae
357 4571 424 4627 ad
445 4571 698 4629 decorem
721 4582 950 4631 sumunt
987 4575 1222 4632 visionis
1249 4585 1519 4646 externas;
1553 4588 1607 4636 et
1628 4582 1724 4655 qui
1753 4604 1801 4663 Β

108 4666 242 4716 ante
265 4675 565 4732 supernum
581 4660 830 4734 judicem
856 4663 991 4720 nudi
1014 4666 1365 4732 conscientia;
1396 4667 1722 4727 inﬁdelitate

105 4748 446 4818 consistunt,
473 4757 599 4806 ante
629 4749 904 4809 humanos
942 4754 1132 4810 oculos
1163 4755 1503 4827 professione
1533 4767 1723 4816 sancta

109 4837 284 4894 verbo
311 4847 474 4896 tenus
501 4841 822 4913 palliantur.

181 4929 274 4986 27.
305 4931 512 4988 Fideles
541 4933 635 5005 qui
666 4933 906 5004 nequiter
933 4931 1117 4989 vivunt
1142 4951 1277 5008 saepe
1317 4935 1498 4993 divino
1509 4936 1722 5007 judicio

103 5017 240 5090 ﬁdei
256 5017 532 5109 jacturam
573 5019 802 5092 faciunt.
832 5020 996 5080 Multi
1030 5021 1088 5076 in
1127 5023 1280 5080 domo
1308 5025 1450 5097 ﬁdei,
1481 5027 1592 5109 sine
1621 5029 1724 5100 ﬁde

103 5105 437 5163 moriuntur.
460 5108 539 5167 Iis
556 5125 680 5165 vero
708 5109 945 5182 ﬁdelium
959 5110 1177 5167 societas
1197 5111 1258 5166 in
1280 5105 1723 5186 supplicii-cumu-

108 5197 225 5252 lum
250 5197 749 5257 cedit—Nonnulli
769 5207 952 5257 autem
979 5200 1145 5258 ﬁdem
1167 5201 1490 5260 medullitus
1508 5211 1717 5276 tenent,

103 5282 207 5340 sed
239 5286 431 5345 vivere
459 5287 698 5346 ﬁdeliter
755 5289 1074 5348 nullatenus
1101 5299 1316 5349 curant.
1349 5292 1724 5368 Insequuntur

181 5547 195 5580 ³
229 5544 473 5627 Yindoc.
503 5553 559 5605 et
585 5547 812 5616 Pratel.,
860 5564 978 5607 cum
1034 5550 1298 5610 transibit.
1336 5552 1551 5623 Baluz.,
1599 5571 1717 5612 cum

104 5622 355 5672 transiet.

176 5689 199 5764 ξ
232 5687 464 5764 ?ratel.,
496 5689 624 5764 quia
653 5691 986 5764 conﬁtentur.

173 5763 196 5850 ξ
233 5759 316 5815 Ita
343 5759 931 5850 Μεείᾷξδιιιξὲεἰῖοῃις,
961 5765 1191 5850 Ρτᾳῐθιᾶ
1216 5775 1320 5850 etc.
1345 5771 1409 5825 In
1424 5769 1713 5850 .Vulga-tis,

98 5832 282 5888 adhuc
311 5830 567 5888 viverent.
601 5831 824 5890 Advivo
845 5830 989 5892 idem
1011 5830 1282 5910 signiﬁcat
1311 5856 1374 5896 ac
1393 5830 1719 5912 simpliciter

3373 417 3480 476 338

1779 515 1830 575 Α
1866 511 2013 611 enim
2042 518 2290 576 moribus
2320 520 2467 594 quod
2503 525 2828 586 credulitate
2857 544 3211 597 venerantur.
3261 541 3476 611 Quibus

1869 601 2064 706 divino
2075 605 2290 678 judicio
2310 627 2452 684 saepe
2473 614 2750 688 contingit
2770 627 2830 675 ut
2851 637 2948 692 per
2968 623 3075 683 hoc
3104 629 3252 701 quod
3269 601 3476 708 nequi-

1868 697 1952 747 ter
1980 695 2199 767 vivunt,
2231 707 2285 756 et
2313 699 2454 757 illud
2484 703 2713 775 perdant
2733 709 2882 782 quod
2902 695 3197 772 salubriter
3217 695 3469 780 credunt.

1869 784 2209 844 Incessanter
2235 806 2472 866 namque
2497 809 2553 850 se
2583 797 2768 868 pravis
2797 801 3110 861 actionibus
3138 807 3475 880 polluunt,et

1867 890 2030 969 super
2051 876 2156 935 hoc
2189 881 2497 940 vindictam
2513 882 2650 955 justi
2667 885 2868 959 judicii
2890 893 3121 950 retribui
3139 876 3300 969 posse
3328 876 3473 958 diiﬁ-

1867 963 2008 1022 dunt
2030 985 2043 1034 ;
2075 977 2128 1024 et
2157 987 2297 1042 saepe
2317 990 2443 1031 cum
2462 975 2599 1033 bene
2629 978 2818 1039 vivere
2840 963 3334 1058 negligunﬂetiam
3355 1008 3472 1065 per-

1865 1065 2126 1131 sequente
2155 1060 2311 1117 nullo
2337 1080 2509 1138 usque
2538 1067 2607 1124 ad
2637 1070 2924 1141 perﬁdiam
2956 1075 3301 1138 dilabuntur.
3334 1060 3472 1139 Nam

1865 1145 1961 1218 qui
1993 1146 2285 1205 imminere
2323 1149 2639 1212 districtum
2663 1156 2939 1229 judicium
2962 1181 3073 1222 non
3097 1169 3350 1238 credunt,
3376 1172 3471 1245 qui

1865 1235 2042 1293 inulte
2075 1254 2133 1294 se
2180 1256 2403 1312 peccare
2449 1246 2819 1319 suspicantur,
2850 1254 2998 1325 quod
3047 1265 3207 1330 pacto
3238 1235 3472 1321 vel-esse

1862 1326 1951 1381 vel
1982 1325 2095 1420 dici
2125 1327 2318 1387 ﬁdeles
2364 1337 2637 1403 possunt?
2667 1338 2857 1396 Fidem
2908 1325 3112 1418 quippe
3143 1348 3467 1420 perdidisse,

1862 1424 1943 1471 est
1978 1416 2300 1476 incorrectis
2327 1422 2485 1478 malis
2514 1425 2774 1497 operibus
2818 1430 2984 1503 digna
3013 1416 3284 1508 supplicia
3311 1416 3466 1497 reddi

1861 1521 2017 1577 posse
2048 1524 2159 1564 non
2188 1509 2428 1568 credere.
2461 1513 2601 1583 Quia
2631 1533 2759 1591 ergo
2787 1518 2955 1592 digna
3000 1521 3128 1581 ﬁdei
3157 1542 3321 1600 opera
3358 1545 3467 1586 ser-

1860 1611 1989 1653 vare
2018 1607 2405 1671 contemnunt,
2431 1603 2597 1663 etiam
2614 1606 2779 1664 ﬁdem
2806 1611 3066 1684 perdunt,
3089 1632 3252 1690 quam
3280 1627 3467 1677 tenere

1857 1684 2206 1776 videbantur.
2243 1689 2419 1763 Super
2471 1710 2608 1766 quos
2662 1695 2800 1754 bene
2846 1717 2942 1772 per
2986 1684 3318 1776 Prophetam
3362 1709 3466 1766 sub

1854 1773 2158 1832 Jerusalem
2204 1779 2385 1849 specie
2442 1778 2801 1840 inimicorum
2837 1773 3239 1848 destruentium
3296 1796 3466 1853 verba

1778 1884 1824 1945 Β
1855 1872 2257 1931 memorantur,
2288 1883 2320 1922 a
2365 1867 2568 1941 quibus
2598 1871 2810 1929 scilicet
2864 1875 3071 1935 dicitur
3102 1898 3114 1936 :
3147 1883 3462 1955 Exinanite,

1854 1955 2123 2011 exinanite
2152 1973 2314 2028 usque
2341 1959 2412 2014 ad
2444 1958 2851 2030 fundamentum
2881 1966 2938 2021 in
2968 1985 3024 2023 ea
3041 1968 3461 2044 (Psal.cxxxvx,

1855 2044 1936 2114 7).
1970 2044 2170 2102 Paulus
2191 2047 2392 2121 quippe
2421 2049 2498 2105 ait
2532 2067 2544 2105 ε
2578 2051 3003 2111 Fundamentum
3027 2059 3180 2116 aliud
3194 2079 3342 2119 nemo
3353 2082 3464 2138 po-

1855 2139 1948 2188 test
1957 2151 2154 2206 ponere
2178 2143 2374 2207 praeter
2393 2137 2452 2193 id
2469 2140 2612 2211 quod
2630 2142 2862 2213 positum
2884 2152 2980 2213 est,
3003 2148 3024 2182 ⁴
3040 2149 3181 2220 quod
3207 2159 3281 2206 est
3309 2137 3460 2210 Chri-

1851 2229 1963 2279 stus
1993 2225 2144 2280 Jesus
2172 2226 2238 2296 (Ι
2267 2225 2392 2284 Cor.
2431 2245 2514 2297 Ill,
2555 2231 2670 2302 11).
2705 2232 2926 2291 Inimici
2962 2254 3090 2310 ergo
3116 2240 3461 2303 destruentes

1851 2328 2024 2386 usque
2039 2313 2107 2370 ad
2128 2314 2552 2374 fundamentum
2565 2319 2868 2380 Jerusalem
2882 2325 3461 2406 exinaniunt,quando

1849 2407 2092 2477 perversi
2129 2407 2356 2480 spiritus
2387 2425 2420 2465 a
2464 2411 2628 2467 corde
2675 2412 2946 2484 ﬁdelium,
2979 2417 3261 2480 destructo
3305 2426 3459 2497 prius

1849 2493 2084 2552 adiﬁcio
2105 2497 2236 2554 boni
2267 2499 2469 2572 operis,
2501 2501 2839 2560 soliditatem
2872 2523 3089 2581 quoque
3118 2493 3458 2574 exhauriunt

1847 2586 2151 2658 religionis.
2201 2588 2357 2645 Sicut
2397 2589 2544 2646 enim
2586 2609 2752 2664 supra
2789 2594 3210 2658 fundamentum
3248 2603 3458 2665 fabrica

1847 2675 1927 2732 sic
1966 2692 2130 2749 super
2158 2677 2322 2734 ﬁdem
2356 2697 2519 2752 opera
2557 2690 2982 2743 construuntur.
3017 2689 3196 2762 Usque
3225 2692 3294 2749 ad
3324 2694 3454 2753 fun-

1845 2763 2166 2822 damentum
2197 2783 2325 2839 ergo
2355 2769 2670 2828 exinanisse
2716 2781 2797 2829 est
2840 2791 3031 2833 everso
3060 2777 3198 2836 bene
3228 2784 3453 2842 vivendi

1845 2868 2008 2924 opere
2050 2855 2215 2909 etiam
2269 2857 2439 2912 robur
2473 2857 2600 2916 ﬁdei
2649 2861 2969 2934 dissipasse.
3009 2866 3152 2926 Hinc
3180 2871 3345 2928 etiam
3385 2873 3454 2930 ad

1843 2940 2088 2998 Iudaeam
2149 2960 2244 3016 per
2298 2946 2588 3003 Jeremiam
2623 2949 2868 3007 dicitur:
2903 2954 3036 3010 Filii
3062 2973 3265 3029 quoque
3293 2962 3452 3018 Mem-

1837 3031 2034 3102 pheos"
2064 3039 2113 3087 et
2148 3033 2416 3104 Taphneos
2445 3041 2925 3108 constupraverunt
2950 3047 2995 3094 te
3019 3059 3180 3114 usque
3206 3047 3278 3100 ad
3298 3047 3454 3103 verti-

1843 3135 1947 3175 cem
1979 3120 2194 3193 (Jerem.
2228 3139 2289 3192 ιι,
2325 3124 2438 3196 16).
2470 3125 2651 3199 Usque
2683 3125 2752 3182 ad
2783 3129 3046 3186 verticem
3075 3133 3278 3206 quippe
3307 3152 3452 3194 con-

1840 3211 2080 3282 stuprari
2112 3207 2206 3268 est‘
2223 3221 2346 3285 post
2375 3213 2532 3270 malm
2576 3217 2912 3288 Operationis
2965 3235 3130 3277 usum
3188 3223 3354 3281 etiam
3388 3225 3448 3282 in

1838 3298 1956 3370 ipsa
1973 3299 2102 3355 ﬁdei
2123 3301 2464 3358 sublimitate
2493 3305 2794 3379 corrumpi.
2822 3305 2960 3363 Cum
2993 3309 3142 3367 enim
3176 3313 3447 3387 nequissi-

1839 3388 1914 3443 mi
1937 3389 2168 3462 spiritus
2189 3389 2623 3466 uniuscujusque
2639 3395 2878 3452 animam
2903 3396 2961 3452 in
2982 3399 3166 3471 pravis
3193 3402 3450 3474 operibus

1841 3484 2158 3555 involvunt,
2190 3481 2285 3542 sed
2302 3485 2674 3558 integritatem
2690 3487 2820 3546 ﬁdei
2842 3490 3040 3550 vitiare
3063 3511 3174 3552 non
3196 3507 3446 3570 possunt,

1839 3574 1994 3648 quasi
2025 3574 2208 3633 adhuc
2230 3575 2495 3633 inferiora
2526 3576 2772 3634 membra
2805 3580 3081 3651 polluunt,
3105 3582 3200 3639 sed
3229 3584 3298 3641 ad
3329 3602 3447 3643 ver-

1837 3663 2002 3722 ticem
2034 3680 2146 3721 non
2178 3666 2518 3739 pertingunt.
2550 3667 2814 3742 Quisquis
2841 3677 3024 3726 autem
3055 3670 3114 3727 in
3167 3671 3277 3729 ﬁde
3314 3691 3448 3731 cor-

1838 3755 2137 3828 rumpitur,
2165 3754 2280 3828 jam
2310 3772 2483 3830 usque
2512 3755 2581 3812 ad
2611 3758 2874 3816 verticem
2906 3767 3314 3835 constupratur.
3335 3765 3446 3822 Ma-

1837 3842 2022 3916 lignus
2056 3844 2205 3902 enim
2234 3844 2462 3917 spiritus
2493 3847 2648 3919 quasi
2677 3847 2746 3903 ab
2781 3847 3140 3908 inferioribus
3181 3853 3446 3910 membris

1836 3948 2009 4007 usque
2064 3932 2134 3990 ad
2185 3949 2401 3990 summa
2432 3934 2717 4007 pertingit,
2751 3936 2972 4009 quando
3000 3939 3239 3996 activam
3269 3942 3442 3999 vitam

1836 4024 2108 4096 polluens,
2133 4029 2336 4079 castam
2363 4021 2749 4079 celsitudinem
2781 4023 2911 4081 ﬁdei
2941 4025 3269 4083 difﬁdentiae
3297 4045 3440 4085 mor-

1834 4110 1907 4168 bo
1932 4110 2256 4183 corrumpit.
2289 4110 2430 4179 Quia
2459 4111 2630 4183 igitur
2647 4119 2847 4169 cuncta
2878 4112 2997 4170 haec
3024 4114 3284 4172 humanis
3313 4135 3440 4176 ocu-

1834 4201 1904 4258 lis
1947 4201 2212 4258 absconsa
2262 4209 2411 4270 sunt,
2435 4201 2531 4258 sed
2577 4200 2786 4258 divinis
2817 4203 3104 4261 obtutibus
3147 4213 3354 4277 patent,
3387 4215 3442 4265 et

1834 4288 1997 4345 multi
2029 4289 2087 4345 in
2117 4289 2222 4347 hac
2250 4289 2416 4348 domo
2444 4289 2573 4347 ﬁdei
2591 4291 2710 4348 sine
2727 4290 2835 4348 ﬁde
2865 4293 3200 4363 moriuntur,
3224 4295 3442 4354 dicatur

1831 4386 1978 4436 recte
2013 4395 2024 4434 :
2073 4380 2239 4447 Quasi
2266 4379 2456 4452 impios
2478 4381 2742 4452 percussit
2779 4399 2863 4437 eos
2890 4382 2948 4437 in
2979 4383 3088 4439 loco
3126 4385 3437 4444 videntium.

1833 4467 1959 4524 Pios
1974 4467 2121 4524 enim
2152 4484 2208 4525 se
2247 4468 2306 4524 in
2338 4469 2588 4526 Ecclesia
2617 4469 2943 4528 hominibus
2972 4472 3310 4542 ostendunt;
3343 4476 3440 4534 sed

1834 4557 1965 4631 quia
1993 4555 2186 4614 divina
2208 4557 2421 4632 judicia
2449 4559 2616 4616 latere
2647 4576 2760 4616 non
2802 4568 3036 4634 possunt
3082 4564 3236 4636 quasi
3279 4564 3437 4637 impii

1831 4643 2126 4702 feriuntur.
2160 4647 2374 4716 Quibus
2418 4647 2526 4705 hoc
2553 4649 2728 4722 magis
2769 4655 2913 4714 803
2943 4649 3011 4707 ad
3041 4653 3300 4726 supplicii
3347 4671 3438 4712 cu-

1830 4745 2044 4802 mulum
2074 4745 2290 4816 crescit,
2321 4745 2472 4820 quod
2500 4747 2879 4820 unusquisque
2897 4763 3085 4806 eorum
3117 4751 3174 4806 in
3190 4751 3440 4809 Ecclesia

1830 4833 2087 4893 ﬁdelibus
2106 4835 2377 4894 admistus
2394 4837 2680 4894 veritatem
2699 4835 2829 4894 ﬁdei
2845 4837 3069 4897 sciendo
3089 4841 3396 4898 contemnit
3418 4859 3432 4909 ;

1830 4930 1993 4998 atque
2027 4941 2092 4982 eo
2123 4926 2343 4999 gravior
2371 4927 2512 4984 ultio
2565 4927 2833 5001 sequitur,
2889 4946 2998 5003 quo
3047 4946 3143 5002 per
3184 4929 3436 5003 exempla

1829 5021 2105 5071 rectorum
2127 5016 2290 5072 etiam
2313 5016 2451 5074 bene
2475 5015 2703 5074 vivendi
2733 5033 2826 5074 eos
2854 5018 3088 5076 scientia
3115 5017 3432 5076 comitatur.

1827 5105 1977 5174 Quot
1995 5106 2146 5163 enim
2167 5105 2247 5163 eis
2265 5105 2431 5164 modo
2452 5106 2587 5163 recti
2608 5124 2672 5164 ac
2692 5107 2884 5164 ﬁdeles
2903 5108 3097 5164 fratres
3117 5107 3432 5164 ostendun-

1828 5203 2027 5266 tur,tot
2039 5197 2096 5253 in
2110 5203 2344 5253 venturo
2349 5195 2564 5269 judicio
2576 5196 2809 5254 testibus
2819 5197 3433 5272 impugnantur.Sciunt

1828 5302 1958 5360 ergo
1969 5285 2116 5361 quod
2130 5285 2286 5360 sequi
2306 5286 2612 5361 negligunt.
2632 5285 2787 5344 Unde
2802 5293 2856 5343 et
2883 5293 3008 5360 apte
3035 5285 3391 5361 subjungitur
3414 5307 3426 5347 :

1825 5553 1978 5620 vivo,
2007 5551 2103 5610 sed
2131 5551 2311 5610 rarius
2338 5560 2654 5625 usurpatur.

1898 5627 1919 5661 ‘
1942 5625 2084 5683 Utic.
2109 5633 2164 5681 et
2186 5624 2410 5692 Pratel.,
2451 5623 2546 5696 qui
2573 5631 2649 5681 est
2677 5623 2923 5682 Christus
2940 5623 3111 5682 Iesus.

1898 5697 1919 5732 ³
1957 5696 2195 5756 Vindoc.
2227 5703 2284 5753 et
2323 5696 2539 5766 Norm.,
2566 5703 2616 5753 et
2637 5696 2891 5769 Taplmis.
2922 5696 3110 5754 Baluz.
3141 5704 3195 5754 et
3243 5696 3427 5764 Colb.,

1825 5773 1874 5824 et
1910 5769 2144 5827 Tamnis.
