3928 6378
514 331 620 391 339

764 457 992 515 CAPUT
1030 458 1110 514 XI
1161 457 1300 532 [Vet.
1345 458 1496 522 XVI,
1542 459 1659 513 Rec.
1718 453 1844 529 XI].

587 547 831 604 Vnus.”
841 547 951 602 .-¹
975 546 1078 614 Qui
1096 547 1252 618 quasi
1265 547 1327 602 de
1347 545 1617 601 industria
1629 550 1947 601 recesserunt
1961 544 2026 600 ab
2039 562 2116 602 eo.

582 639 670 695 28.
691 639 964 694 Peccatum
977 636 1518 707 'autignorantia,aut
1543 636 1870 708 inﬁrmitate,
1891 643 1987 692 aut
2013 642 2120 692 stu-

511 729 618 796 dio,
638 728 778 800 quod
795 726 1573 800 gravius,perpet-ratur..4liud
1594 726 1784 780 bonum
1802 743 1908 780 non
1924 725 2117 795 facere,

513 819 666 875 aliud
690 835 780 872 nec
807 833 1010 881 amare,
1033 815 1187 872 aliud
1205 814 1776 870 odisse.—Sciendum
1805 815 2008 888 quippe
2037 822 2120 872 est

514 910 662 984 quod
682 915 965 982 peccatum
989 906 1168 964 tribus
1189 905 1371 962 modis
1393 905 1762 962 committitur
1785 904 1886 977 (De
1904 905 2088 978 pamit.
2102 948 2118 974 ,

513 1005 636 1060 dist.
669 1003 724 1071 2,
756 1020 874 1058 can.
899 1001 1224 1071 Sciendum).
1256 1001 1394 1056 Nam
1426 1007 1519 1056 aut
1550 999 1882 1072 ignorantia,
1911 1002 2121 1056 autin-

512 1093 774 1150 ﬁrmitate
795 1099 889 1148 aut
917 1089 1102 1147 studio
1131 1095 1492 1162 perpetratur.
1530 1091 1602 1145 Et
1632 1090 1851 1160 gravius
1897 1089 2120 1162 quidem

514 1183 835 1238 inﬁrmitate
856 1197 1020 1255 quam
1041 1178 1478 1252 ignorantia,sed
1499 1178 1675 1234 multo
1697 1179 1918 1251 gravius
1933 1177 2119 1235 studio

515 1286 679 1345 quam
735 1271 1056 1327 inﬁrmitate
1091 1277 1365 1340 peccatur.
1401 1269 1714 1340 Ignorantia
1765 1269 1966 1324 Paulus
1998 1284 2118 1340 pec-

513 1366 754 1428 caverat,
785 1375 912 1415 cum
939 1357 1156 1416 dicebat
1185 1376 1196 1413 ε
1253 1357 1358 1426 Qui
1376 1358 1536 1429 prius
1573 1356 1658 1427 fui
1691 1357 2042 1429 blasphemus,
2071 1364 2121 1414 et

507 1455 834 1520 persecutor,
873 1455 922 1504 et
962 1447 1402 1512 contumeliosus;
1437 1449 1525 1502 sed
1551 1447 1974 1503 misericordiam
1999 1465 2118 1502 con-

510 1545 715 1593 secutus
735 1539 1005 1610 sum,quia
1026 1541 1281 1610 ignorans
1300 1537 1399 1608 feci
1427 1539 1485 1592 in
1499 1537 1868 1594 incredulitate
1890 1538 1947 1610 (Ι
1979 1539 2114 1594 Tim.

515 1643 556 1695 Ι,
581 1628 646 1683 13
651 1627 694 1698 ).
729 1629 924 1684 Petrus
941 1645 1070 1684 vero
1087 1628 1412 1684 inﬁrmitate
1433 1627 1700 1700 peccavit,
1725 1626 1946 1700 quando
1967 1627 2026 1682 in
2053 1642 2117 1682 eo

515 1733 679 1773 omne
717 1717 886 1772 robur
918 1716 1047 1772 ﬁdei
1076 1716 1224 1789 quod
1278 1717 1516 1772 Domino
1545 1716 1828 1789 perhibuit
1855 1733 1964 1772 una
2007 1732 2118 1772 vox

1735 326 1983 386 SANCTI
2021 327 2358 388 GREGORII
2393 327 2620 386 MAGNI

3731 325 3850 382 36:0

2144 461 2196 520 Α
2225 472 2349 531 quas
2378 456 2557 514 facere
2584 454 2918 528 despiciunt,
2935 454 3100 512 etiam
3120 454 3262 510 scire
3280 460 3674 510 contemnunt.
3696 453 3856 522 Quia

2229 548 2377 603 enim
2415 549 2680 620 scriptum
2711 556 2791 604 est
2825 565 2836 603 :
2871 547 3062 603 Servus
3091 544 3318 600 nesciens
3345 546 3676 600 voluntatem
3731 546 3851 601 do-

2227 638 2360 692 mini
2402 639 2509 703 sui,
2542 638 2562 672 ³
2589 643 2636 692 et
2661 636 2862 706 faciens
2889 637 3050 708 digna
3072 634 3271 706 plagis,
3300 634 3579 705 vapulabit
3600 651 3801 706 paucis
3825 653 3853 701 ;

2229 733 2277 782 et
2303 744 2482 783 servus
2510 727 2675 782 sciens
2694 729 3014 783 voluntatem
3042 724 3246 781 domini
3272 741 3378 792 sui,
3411 731 3459 780 et
3493 740 3604 780 non
3632 723 3853 794 faciens

2219 819 2384 888 juxta
2405 836 2540 883 eam,
2558 816 2735 889 plagis
2762 815 3039 888 vapulabit
3064 815 3244 871 multis
3276 815 3430 886 (Luc.
3454 832 3559 883 xu,
3579 813 3676 882 47,
3699 813 3798 886 48)
3831 832 3846 870 :

2230 907 2617 979 impunitatem
2639 903 2902 978 peccandi
2923 904 3246 960 existimant
3263 902 3568 958 remedium
3585 903 3850 960 nescien-

2228 999 2306 1060 di.
2335 1001 2481 1060 804
2494 997 2600 1066 Qui
2621 995 2890 1052 nimirum
2907 994 3024 1051 sola
3037 993 3306 1067 superbire
3327 993 3567 1065 caligine
3587 991 3850 1050 tenebra-

2228 1105 2411 1165 scunt,
2435 1105 2597 1170 atque
2627 1096 2750 1152 ideo
2778 1112 2890 1151 non
2921 1093 3244 1150 discernunt
3271 1091 3406 1164 quia
3430 1090 3586 1148 aliud
3616 1098 3706 1147 est
3733 1107 3853 1148 ne—

2227 1189 2413 1255 scisse,
2445 1186 2597 1243 aliud
2627 1187 2764 1243 scire
2806 1185 3068 1242 noluisse.
3100 1183 3321 1240 Nescire
3344 1183 3495 1238 enim
3516 1181 3850 1254 ignorantia

2229 1285 2345 1344 est;
2373 1279 2516 1333 scire
2544 1277 2810 1343 noluisse,
2857 1273 3132 1346 superbia.
3163 1273 3237 1329 Et
3264 1279 3418 1328 tanto
3449 1271 3626 1344 magis
3656 1286 3850 1327 excu-

2228 1369 2498 1424 sationem
2519 1384 2630 1423 non
2668 1373 2896 1438 possunt
2923 1364 3121 1420 habere
3159 1362 3289 1436 quia
3317 1360 3588 1429 nesciant,
3628 1367 3849 1434 quanto

2228 1459 2401 1530 magis
2411 1459 2490 1514 eis
2504 1458 2668 1514 etiam
2682 1455 2998 1513 nolentibus
3009 1453 3306 1526 opponitur
3318 1451 3465 1524 quod
3475 1457 3822 1523 cognoscant
3831 1495 3843 1506 .

2230 1549 2383 1606 Unde
2406 1565 2500 1621 per
2519 1549 2868 1605 Salomonem
2890 1544 3126 1602 dicitur:
3150 1542 3424 1614 Numquid
3437 1559 3545 1596 non
3568 1541 3846 1613 sapientia

2225 1639 2484 1705 clamitat,
2515 1645 2564 1693 et
2586 1638 2880 1710 prudentia
2907 1637 3002 1691 dat
3021 1651 3190 1690 vocem
3219 1651 3395 1702 suam,
3415 1633 3475 1687 in
3493 1632 3718 1688 summis
3733 1649 3846 1687 ea:-

2225 1729 2476 1799 celsisque
2497 1727 2774 1782 verticibus
2804 1742 2964 1796 super
2989 1725 3132 1780 viam
3162 1723 3217 1778 in
3245 1723 3431 1779 mediis
3458 1729 3608 1778 stans
3635 1722 3845 1777 semitis

519 1805 714 1876 P1101133
747 1804 1047 1872 concuss”:
1090 1811 1144 1858 θί
1171 1805 1346 1859 Deum
1377 1821 1538 1878 quem
1585 1805 1748 1864 corde
1778 1805 1957 1862 ῑθηιιίι
1986 1822 2119 1862 Voce
2147 1824 2193 1885 B
2227 1819 2420 1890 (Prov.
2439 1817 2739 1886 vm,l,2)‘l
2758 1815 3012 1872 Transire
3032 1815 3262 1870 fortasse
3277 1812 3533 1886 perviam
3549 1813 3684 1868 vita;
3699 1819 3842 1868 tem-

517 1893 809 1966 denegavit
829 1893 980 1967 (Luc.
1003 1909 1146 1962 xxn,
1167 1892 1395 1966 57).Sed
1425 1895 1555 1967 quia
1583 1893 1930 1950 inﬁrmitatis
1960 1894 2123 1966 culpa

516 1984 606 2040 vel
637 1982 960 2057 ignorantiae
991 1999 1054 2039 eo
1083 1982 1302 2040 facilius
1340 1982 1591 2055 tergitur,
1649 1998 1758 2055 quo
1795 1997 1908 2038 non
1938 1981 2122 2038 studio

517 2083 881 2151 perpetratur,
912 2076 1113 2132 Paulus
1142 2093 1260 2151 qum
1300 2074 1577 2148 ignoravit
1605 2072 1828 2130 sciendo
1858 2073 2117 2142 correxit,

517 2176 572 2224 et
593 2169 785 2224 Petrus
840 2173 1044 2223 motam
1083 2174 1138 2222 et
1174 2165 1332 2240 quasi
1360 2170 1694 2223 arescentem
1734 2161 1850 2234 jam
1880 2161 2119 2219 radicem

519 2257 648 2313 ﬁdei
681 2255 944 2328 lacrymis
972 2254 1203 2328 rigando
1231 2252 1512 2311 solidavit.
1558 2253 1648 2307 Ex
1677 2250 1952 2308 industria
1989 2267 2120 2306 vero

519 2352 878 2418 peccaverant
922 2343 963 2400 ii
991 2344 1060 2401 de
1105 2343 1307 2417 quibus
1335 2343 1450 2414 ipse
1478 2341 1736 2413 magister
1765 2339 1980 2396 dicebat
2014 2357 2026 2395 :
2062 2340 2120 2396 Si

518 2452 625 2490 non
652 2434 904 2489 venissem
931 2440 978 2488 et
999 2435 1200 2490 locutus
1229 2431 1447 2504 fuissem
1469 2431 1564 2499 eis,
1586 2435 1852 2502 peccatum
1874 2445 1979 2484 non
2010 2429 2118 2484 ha-

520 2525 696 2580 berent
716 2542 736 2589 ;
764 2541 904 2578 nunc
921 2531 1096 2578 autem
1113 2521 1499 2578 excusationem
1530 2537 1635 2573 non
1653 2519 1840 2573 habent
1859 2519 1920 2572 de
1943 2535 2119 2588 pecca-

521 2617 572 2666 to
601 2627 695 2665 suo
729 2611 910 2682 (Joan.
951 2627 1049 2678 xv,
1075 2611 1189 2682 22).
1232 2611 1304 2664 Et
1330 2609 1493 2680 paulo
1536 2613 1658 2680 post
1691 2625 1701 2662 :
1735 2608 1810 2662 Et
1849 2607 2117 2672 viderunt,

521 2704 570 2752 et
597 2699 820 2753 oderunt
845 2715 924 2752 me
945 2705 992 2752 et
1019 2700 1236 2755 Patrem
1272 2715 1442 2752 meum
1467 2697 1636 2768 (Ibid.
1646 2739 1662 2765 ,
1690 2696 1805 2767 24).
1841 2696 2009 2752 Aliud
2038 2703 2120 2752 est

521 2786 670 2842 enim
703 2785 847 2842 bona
879 2803 990 2843 non
1020 2786 1216 2855 facere,
1241 2786 1390 2844 aliud
1420 2787 1690 2843 bonorum
1711 2787 1890 2842 odisse
1917 2786 2119 2842 docto—

520 2892 670 2942 rem;
701 2876 845 2933 sicut
873 2875 1024 2933 aliud
1053 2884 1134 2932 est
1171 2877 1626 2950 praecipitatione,
1655 2876 1810 2932 aliud
1838 2875 2121 2932 delibera-

521 2963 671 3020 tione
701 2980 942 3037 peccare.
985 2965 1136 3036 Saepe
1165 2965 1311 3020 enim
1343 2973 1627 3036 peccatum
1658 2965 2117 3038 praecipitatione,

517 3056 908 3124 committitur,
959 3055 1106 3130 quod
1140 3065 1324 3114 tamen
1355 3059 1588 3114 consilio
1623 3066 1676 3113 et
1719 3057 2118 3114 deliberatione

2231 1907 2436 1980 poralis
2454 1923 2578 1964 cum
2601 1905 2719 1978 ejus
2738 1906 3049 1977 ignorantia
3075 1913 3410 1976 poteramus,
3431 1903 3480 1960 si
3499 1903 3622 1960 haec
3642 1902 3842 1960 eadem

2230 1997 2498 2068 sapientia
2527 1995 2585 2052 in
2615 1994 2824 2052 semitae
2851 1994 3068 2066 angulis
3109 1994 3470 2051 constitisset.

2301 2084 2388 2142 30.
2430 2087 2536 2144 Vite
2563 2085 2756 2140 divina:
2783 2083 3054 2156 sapientia;
3075 2100 3175 2154 per
3203 2082 3639 2140 Incarnationcm
3667 2081 3843 2138 omni-

2231 2175 2325 2230 bus
2347 2181 2550 2246 patent.
2590 2175 2712 2232 Vias
2727 2174 2826 2230 Dei
2853 2173 3157 2244 intelligere,
3179 2173 3310 2244 quid
3333 2175 3424 2228 sit.
3449 2172 3656 2228 Lumen
3683 2171 3841 2226 intel-

2232 2264 2456 2335 ligentia:
2480 2264 2753 2320 humilitas
2776 2263 2968 2334 aperit,
2987 2261 3236 2334 superbia
3263 2261 3486 2317 claudit.
3507 2290 3575 2300 —
3591 2257 3836 2317 Investi-

2229 2355 2406 2426 ganda
2433 2355 2631 2422 fuerat,
2661 2355 2706 2410 si
2737 2353 3004 2410 occultari
3033 2351 3300 2406 voluisset
3326 2352 3368 2406 ⁸.
3405 2349 3512 2407 Sed
3541 2357 3838 2424 postquam

2229 2444 2623 2500 incarnationis
2637 2459 2748 2500 sua:
2761 2443 3022 2514 mysteria
3037 2441 3258 2514 publice
3272 2439 3839 2512 ostendit,postquam

2229 2533 2560 2590 humilitatis
2587 2533 2838 2604 exempla
2861 2531 3304 2603 superbientibus
3331 2529 3592 2602 praebuit,
3624 2537 3841 2585 semet-

2228 2625 2402 2695 ipsam
2434 2623 2593 2678 nobis
2640 2621 2794 2694 quasi
2841 2620 3255 2677 transeuntibus
3284 2619 3340 2675 in
3372 2619 3572 2676 mediis
3619 2619 3839 2675 semitis

2229 2714 2374 2782 ﬁxit,
2407 2723 2467 2770 ut
2513 2715 2772 2770 videlicet
2795 2714 2852 2768 in
2883 2729 3026 2781 eam,
3057 2729 3220 2785 quam
3269 2727 3514 2784 quaerere
3542 2710 3834 2778 nolumus,

2227 2805 2597 2876 impingamus
2615 2821 2629 2870 ;
2651 2811 2706 2858 et
2723 2818 2886 2876 quam
2905 2808 3252 2857 transeuntes
3272 2799 3462 2856 videre
3476 2797 3834 2870 negligimus,

2227 2903 2514 2968 tangamus
2533 2894 2890 2951 olfendentes.
2913 2892 3141 2948 Dicatur
3160 2890 3344 2962 itaque
3371 2906 3382 2944 :
3417 2893 3488 2946 Et
3515 2905 3697 2944 omnes
3715 2889 3836 2945 vias

2227 2987 2340 3057 ejus
2368 2985 2656 3056 intelligere
2683 2985 2987 3038 noluerunt.
3030 2981 3136 3038 Via
3171 2981 3372 3052 quippe
3419 2986 3502 3035 est
3529 2978 3831 3034 incuruata

2228 3077 2508 3148 sapientiai
2539 3075 2722 3131 omnis
2743 3074 2888 3130 actio
2917 3089 3082 3146 quam
3100 3071 3478 3144 temporaliter
3498 3069 3689 3142 gessit.
3711 3070 3830 3126 Viae

518 3144 832 3242 ἀξιξηηαῖατ·
863 3147 1300 3242 Εκῖίηίίτωίῖδίθ
1319 3148 1483 3242 ἀξίω
1507 3148 1837 3242 Plerumque
1868 3148 2006 3202 δοΙθῑ
2031 3163 2120 3242 ᾖδ’
2150 3182 2193 3242 ο
2225 3144 2346 3237 ejus
2375 3171 2506 3221 sunt
2528 3162 2756 3219 vivendi
2803 3144 3047 3230 ordines,
3095 3177 3232 3233 quos
3261 3159 3330 3216 ad
3375 3177 3433 3216 se
3476 3159 3834 3216 venientibus

515 3228 700 3284 cidere
729 3246 911 3285 amare
956 3229 1186 3298 bonum,
1243 3230 1338 3286 sed
1389 3232 1617 3303 implere
1664 3247 1777 3288 non
1807 3247 1982 3306 posse.
2031 3233 2119 3288 Ex

517 3316 704 3374 studio
733 3334 866 3372 vero
897 3333 1123 3388 peccare
1150 3325 1231 3374 est
1257 3319 1464 3373 bonum
1496 3335 1598 3374 nec
1637 3320 1813 3375 facere
1843 3336 1942 3375 nec
1974 3335 2118 3375 ama-

521 3419 598 3458 re.
628 3403 782 3459 Sicut
837 3419 964 3476 ergo
1011 3421 1406 3479 nonnunquam
1443 3407 1664 3478 gravius
1713 3416 1794 3464 est
1832 3417 2117 3481 peccatum

521 3491 942 3566 diligere,quam
971 3503 1302 3566 perpetrare,
1330 3495 1406 3550 ita
1431 3495 1668 3568 nequius
1698 3504 1780 3552 est
1809 3497 1990 3553 odisse
2013 3497 2118 3570 ju—

521 3580 727 3635 stitiam
753 3597 915 3654 quam
947 3599 1057 3638 non
1090 3582 1302 3640 fecisse.
1327 3584 1467 3640 Sunt
1495 3601 1624 3657 ergo
1655 3585 1911 3642 nonnulli
1937 3587 1995 3641 in
2015 3587 2116 3643 Ec-

521 3668 687 3724 clesia
719 3669 816 3741 qui
856 3687 966 3726 non
1019 3673 1199 3728 solum
1227 3672 1372 3728 bona
1417 3689 1527 3728 non
1557 3673 1787 3742 faciunt,
1825 3674 1921 3731 sed
1949 3675 2115 3732 etiam

520 3767 955 3829 persequuntur;
979 3768 1033 3816 et
1054 3777 1172 3834 qua:
1189 3761 1294 3835 ipsi
1322 3763 1500 3818 facere
1529 3764 1837 3837 negligunt,
1859 3765 2026 3821 etiam
2056 3765 2116 3822 in

520 3844 646 3900 aliis
675 3846 1033 3907 detestantur.
1083 3851 1288 3907 Horum
1321 3860 1602 3924 peccatum
1632 3854 1843 3910 scilicet
1877 3871 1989 3910 non
2044 3870 2116 3910 ex

519 3936 842 3993 inﬁrmitate
873 3941 959 3995 vel
990 3939 1316 4012 ignorantia,
1347 3943 1441 3998 sed
1462 3958 1530 3996 ex
1559 3944 1676 3999 solo
1705 3943 1891 3999 studio
1921 3958 2112 4016 perpe-

516 4034 716 4096 tratur,
761 4028 888 4101 quia
916 4029 1174 4087 videlicet
1216 4031 1263 4088 si
1293 4032 1498 4088 vellent
1546 4033 1774 4106 implere
1806 4032 1971 4102 bona,
2014 4047 2114 4090 nec

517 4121 704 4171 tamen
731 4127 971 4189 possent,
994 4135 1058 4176 ea
1085 4136 1205 4193 quae
1235 4119 1294 4175 in
1316 4137 1373 4178 se
1385 4123 1880 4194 negliguntsaltem
1910 4121 1969 4176 in
1989 4120 2114 4176 aliis

521 4213 786 4260 amarent.
819 4207 876 4262 Si
905 4209 1053 4262 enim
1102 4225 1165 4264 ea
1192 4209 1299 4282 ipsi
1328 4211 1416 4265 vel
1446 4211 1564 4266 solo
1593 4219 1724 4266 voto
1776 4216 2111 4283 appeterent,

519 4292 665 4348 facta
691 4293 758 4347 ab
785 4293 908 4349 aliis
955 4311 1068 4350 non
1096 4296 1373 4364 odissent;
1429 4299 1521 4354 sed
1554 4300 1682 4371 quia
1735 4299 1881 4355 bona
1925 4298 2114 4354 eadem

522 4383 798 4440 audiendo
825 4393 1184 4456 cognoscunt,
1210 4386 1232 4420 ³
1253 4387 1492 4444 vivendo
1523 4388 1853 4459 despiciunt,
1871 4391 2114 4448 animad-

521 4473 787 4530 vertendo
815 4483 1240 4549 persequuntur,
1270 4485 1416 4533 recte
1445 4477 1651 4534 dicitur
1676 4497 1687 4534 :
1725 4479 1828 4546 Qui
1867 4497 1932 4535 ea:
1963 4481 2114 4538 indu-

521 4563 657 4624 stria
684 4570 1006 4620 recesserunt
1032 4566 1097 4620 ab
1117 4582 1194 4622 eo.
1234 4565 1387 4622 Unde
1415 4574 1468 4623 et
1496 4573 1619 4641 apte
1643 4567 1994 4644 subjungitur
2027 4588 2039 4628 :

1107 4685 1334 4742 CAPUT
1372 4686 1497 4742 ΧΠ.

589 4775 814 4831 ῙΒΙΙ).--
837 4776 914 4832 Et
965 4792 1141 4830 omnes
1177 4776 1291 4832 vias
1323 4776 1436 4848 ejus
1465 4775 1754 4849 intelligere
1805 4778 2112 4833 noluerunt.

588 4865 676 4923 29.
714 4869 882 4936 Quam
907 4867 1142 4939 graviter
1177 4868 1507 4940 delinquant,
1538 4870 1630 4940 qui
1659 4862 1757 4924 sua
1809 4869 2116 4940 ignorantia

514 4957 880 5030 impunitatem
913 4957 1166 5032 peccandi
1215 4964 1480 5030 quierunt.
1533 4958 1703 5015 Aliud
1753 4963 1829 5014 est
1873 4957 2112 5025 nescisse,

513 5048 666 5104 aliud
693 5048 827 5106 scire
852 5048 1302 5107 noluisse.—Non
1329 5047 1479 5104 enim
1499 5047 1578 5104 ait
1611 5065 1622 5103 :
1656 5047 1984 5104 Inﬁrmitate
1999 5064 2112 5106 non

513 5139 850 5212 intelligunt,
910 5139 1025 5209 sed,
1077 5137 1388 5210 intelligere
1433 5139 1752 5207 noluerunt,
1786 5138 1917 5212 quia
1966 5155 2108 5213 saepe

592 5373 781 5454 ξυρίοῖ
813 5383 867 5454 et
894 5377 965 5432 al.
1005 5379 1220 5454 Norm_.,
1251 5376 1343 5454 hic
1380 5385 1450 5454 _et
1479 5377 1764 5454 deinceps,
1786 5381 1918 5454 quia
1953 5382 2109 5452 quasi

515 5445 578 5498 de
605 5445 871 5501 industria
895 5465 916 5510 ;
946 5450 1091 5510 quod
1111 5451 1276 5506 etiam
1308 5448 1474 5505 habes
1501 5450 1559 5506 in
1590 5445 1698 5506 vet’.
1723 5445 1825 5508 Ed.

591 5515 612 5549 ³
642 5515 826 5586 Baluz.
859 5525 912 5572 et
941 5515 1118 5586 Colb.,
1148 5522 1390 5578 videndo.

591 5587 612 5668 εξ
645 5585 788 5668 Utic.
820 5595 874 5643 et
897 5585 1120 5668 Pra‘teL,
1142 5599 1201 5668 et
1225 5609 1333 5668 non
1359 5593 1559 5668 faciens
1585 5595 1766 5666 digna,
1799 5597 1974 5668 plagis
2001 5615 2108 5652 va.-

517 5657 724 5727 pulabit
746 5659 950 5730 paucis.
982 5657 1115 5728 Quae
1142 5663 1304 5720 lectio
1335 5657 1446 5720 non
1472 5657 1663 5722 solumv
1680 5657 1946 5724 recedit'a
1973 5669 2108 5725 Vul-

517 5730 806 5819 gataksed
835 5733 1220 5819 etiam‘co‘ntra'
1245 5734 1496 5819 Graecum
1511 5745 1739 5819 textum
1755 5747 1996 5819 pugnat.

587 5802 609 5838 ‘
639 5801 824 5860 Baluz.
869 5812 923 5861 et
979 5803 1160 5874 Colb.,
1203 5806 1558 5877 investigando
1586 5801 1790 5878 fuerat;
1816 5801 1878 5865 si
1907 5813 2107 5869 occulta

2141 4545 2190 4604 D

2229 3254 2445 3310 stravit.
2478 3254 2580 3308 Tot
2610 3253 2793 3326 itaque
2819 3251 2888 3309 ad
2918 3269 2975 3308 se
3025 3251 3377 3308 venientibus
3419 3249 3540 3305 vias
3567 3249 3832 3322 praebuit,

2229 3351 2364 3416 quot
2392 3343 2532 3399 bene
2560 3342 2787 3398 vivendi
2816 3343 3069 3414 exempla
3097 3340 3446 3396 monstravit.
3481 3338 3834 3395 Humilitatis

2229 3430 2347 3502 ejus
2367 3431 2485 3486 vias
2504 3431 2775 3502 Propheta
2794 3438 3230 3502 aspexerat,cum
3247 3427 3580 3500 suspirabat,
3604 3427 3796 3485 dicens
3817 3445 3830 3484 :

2229 3526 2295 3581 In
2318 3523 2584 3579 mandatis
2615 3524 2718 3579 tuis
2745 3541 2826 3578 me
2852 3523 3114 3588 exercebo,
3135 3529 3182 3578 et
3201 3522 3542 3578 considerabo
3572 3522 3690 3577 vias
3714 3529 3835 3578 tuas

2232 3612 2406 3686 (Psal.
2438 3630 2634 3682 cxvm,
2668 3613 2778 3683 15).
2814 3613 2956 3669 Hinc
2984 3629 3204 3669 rursum
3233 3611 3300 3668 de
3329 3627 3668 3684 unoquoque
3677 3610 3834 3682 justo

2227 3702 2434 3760 dicitur
2461 3704 2554 3776 qui
2576 3713 2730 3760 curat
2748 3711 2808 3758 ut
2830 3719 2924 3776 per
2943 3702 3224 3760 dominica
3238 3701 3492 3773 exempla
3521 3700 3830 3774 gradiatur:

2225 3793 2272 3849 A
2295 3793 2520 3848 Domino
2537 3810 2744 3866 gressus
2763 3792 2988 3848 hominis
3003 3792 3384 3864 diriguntur,et
3398 3791 3538 3845 viam
3556 3790 3674 3862 ejus
3689 3788 3834 3862 cupit

2225 3882 2382 3936 nimis
2414 3882 2586 3956 (Psal.
2619 3883 2942 3953 xxxv1,23).
2981 3881 3120 3956 [Vet.
3153 3880 3361 3956 Νη]
3395 3881 3538 3950 Quia
3565 3897 3698 3954 ergo
3726 3897 3832 3938 su-

2225 3971 2379 4044 perbi
2390 3972 2593 4046 quique
2605 3971 2939 4029 humilitatis
2954 3973 3256 4030 Dominicae
3271 3971 3416 4028 facta
3434 3977 3827 4038 contemnunt,

2225 4069 2372 4118 recte
2415 4049 2666 4120 dicitur:
2709 4063 2830 4120 Vias
2861 4063 2976 4132 ejus
3015 4062 3302 4134 intelligere
3346 4063 3659 4117 noluerunt.
3709 4059 3829 4117 Vim

2225 4153 2372 4208 enim
2394 4152 2511 4208 istae
2535 4151 2745 4208 visione
2773 4151 3038 4225 despectis
3061 4161 3212 4222 sunt,
3243 4153 3338 4210 sed
3367 4153 3659 4210 intellectu
3679 4169 3828 4211 reve-

2226 4240 2428 4298 rendae.
2460 4239 2631 4296 Aliud
2659 4241 2862 4314 quippe
2891 4250 2973 4298 est
3000 4242 3059 4297 in
3089 4232 3171 4298 eis.
3202 4243 3350 4316 quod
3370 4243 3643 4312 cernitur,
3675 4245 3827 4302 aliud

2227 4330 2373 4404 quod
2401 4339 2763 4404 exspectatur.
2787 4331 2931 4400 Quid
2951 4331 3099 4388 enim
3121 4332 3178 4388 in
3218 4331 3322 4391 hac
3339 4335 3458 4390 vita
3473 4333 3631 4390 aliud
3663 4351 3827 4408 quam

2225 4424 2610 4497 dejectionem,
2631 4433 2811 4499 sputa,
2834 4424 3092 4494 ludibria,
3125 4433 3468 4499 mortemque
3483 4425 3830 4486 intuentium

2226 4516 2402 4572 oculis
2443 4515 2732 4574 ostendit?
2773 4515 2878 4574 Sed
2935 4533 3030 4588 per
3075 4515 3193 4572 haec
3239 4514 3432 4572 inﬁma
3459 4516 3740 4573 transitur
3765 4513 3832 4572 ad

2224 4623 2458 4676 summa,
2492 4623 2586 4679 per
2638 4607 2758 4666 haec
2807 4607 3074 4664 dedecora
3103 4622 3222 4680 quas
3252 4603 3575 4677 praecedunt
3625 4614 3832 4662 aeterna

2224 4697 2385 4753 nobis
2415 4705 2468 4752 et
2491 4697 2726 4771 gloriosa
2755 4698 3106 4770 pollicentur.
3138 4695 3415 4754 Viderunt
3443 4711 3574 4768 ergo
3605 4694 3828 4768 superbi

2223 4787 2342 4842 vias
2369 4786 2488 4855 Dei,
2521 4787 2615 4843 sed
2644 4786 2949 4860 intelligere
2963 4787 3260 4843 noluerunt
3275 4785 3408 4859 quia
3425 4783 3560 4840 dum
3578 4784 3826 4858 abjecta‘

2222 4895 2342 4952 quae
2364 4879 2421 4934 in
2453 4895 2509 4935 se
2523 4877 2634 4934 illa:
2655 4878 2954 4936 ostendunt
2981 4879 3313 4952 despiciunt,
3345 4875 3720 4950 perdiderunt
3737 4875 3826 4933 isti

2221 4965 2480 5024 sublimia
2507 4983 2629 5040 quae
2659 4969 3008 5040 promittunt.
3031 4967 3164 5025 Vias
3179 4967 3364 5040 itaque
3393 4965 3493 5022 Dei
3514 4965 3825 5039 intelligam

2220 5065 2302 5116 est
2329 5065 2384 5114 et
2411 5057 2700 5115 humiliter
2727 5059 2960 5116 tolerare
2975 5057 3312 5127 transitoria,
3333 5065 3388 5114 et
3407 5067 3826 5129 perseveranter

2219 5155 2535 5222 exspectare
2580 5164 2858 5218 mansura,
2889 5157 2954 5207 ut
2983 5149 3239 5222 exemplo
3291 5149 3520 5206 Domini
3550 5157 3824 5207 coasterna

2218 5400 2325 5438 esse
2349 5382 2618 5438 voluisset.

2287 5455 2308 5488 ⁵
2341 5455 2422 5509 Ita
2449 5453 2669 5508 Ebroic.
2702 5462 2756 5510 et
2784 5454 2876 5510 alii
2907 5454 3120 5520 Norm.,
3153 5451 3417 5518 Vindoc.,
3449 5452 3671 5522 Baluz.,
3705 5452 3820 5510 Col-

2215 5525 2354 5580 bert.
2387 5526 2449 5580 In
2480 5525 2734 5596 vet.iEd.
2769 5525 2970 5596 legitur
3001 5543 3013 5580 :
3045 5524 3173 5594 quia
3206 5524 3344 5596 dum
3374 5523 3581 5592 abjecta
3621 5542 3743 5595 qua:
3769 5525 3818 5596 in

2217 5614 2269 5651 se
2303 5597 2395 5652 ille
2439 5595 2679 5664 ostendit,
2711 5595 3022 5667 despiciunt,
3056 5595 3410 5667 perdiderunt
3433 5596 3528 5650 isti
3567 5595 3816 5667 sublimia

2216 5684 2334 5740 quis
2357 5667 2764 5740 promittuntur.
2785 5665 2876 5724 At.
2901 5665 3643 5740 recent.,perdideruntjuste
3665 5665 3819 5723 subli-

2216 5738 2326 5794 mia
2362 5755 2480 5810 qure
2500 5738 2784 5810 promittit.
