3928 6380
153 351 241 409 3M
876 349 1251 409 MOBALIUM
1289 352 1423 410 LIB.
1466 354 1647 413 XXV.
1689 384 1758 398 -—
1800 357 1871 415 IN
1908 357 2138 416 CAPUT
2176 359 2418 418 XXXIV
2458 362 2519 418 Β.
2560 362 2703 420 JOB.

3348 368 3456 429 3S2

152 487 415 557 quieratur
440 476 616 553 gloria
641 476 953 550 opprobriis
967 480 1363 551 temporalibus
1391 490 1728 555 comparata,
1759 485 1810 546 Α
1840 483 1995 542 tione
2041 486 2341 556 discutere,
2398 485 2493 543 sed
2550 486 2919 547 admiratione
2966 494 3242 565 venerari,
3290 501 3456 572 atque

151 580 200 629 et
224 587 332 627 non
353 568 503 643 quod
531 568 625 625 hic
653 568 887 641 quisque
915 570 1134 639 tolerat,
1158 571 1253 627 sed
1282 571 1340 626 in
1370 571 1428 628 id
1457 572 1606 645 quod
1632 590 1741 630 ex-

150 666 346 734 spectat
369 657 641 714 intendat.
667 656 757 713 Ad
784 656 904 714 haec
923 674 1051 731 ergo
1072 659 1294 732 superbi
1311 662 1527 718 clausos
1551 663 1741 719 oculos

154 755 460 816 tenuerunt,
492 747 622 819 quia
649 746 781 802 dum
814 747 872 803 in
903 748 1079 820 gloria
1100 750 1386 821 praesentis
1405 751 1535 806 vitae
1555 768 1740 824 super-

153 839 322 906 biunt,
340 836 676 893 humilitatis
696 836 1001 894 Dominicae
1030 838 1416 896 celsitudinem
1449 857 1561 897 non
1591 840 1740 898 vide-

151 922 289 987 runt.’
315 928 530 984 Lumen
555 926 706 982 enim
729 925 1110 999 intelligentia:
1132 928 1421 986 humilitas
1434 931 1632 1005 aperit,
1653 949 1740 989 su-

151 1017 325 1093 perbia
366 1012 677 1074 abscondit.
722 1016 860 1072 Nam
915 1026 1186 1075 secretum
1214 1019 1491 1093 quoddam
1522 1021 1741 1095 pietatis

146 1117 238 1177 est,
259 1115 313 1165 et
339 1114 493 1164 tanto
524 1106 710 1163 minus
735 1106 805 1164 ad
833 1107 975 1165 illud
1002 1109 1223 1165 animus
1244 1110 1516 1182 pervenit,
1534 1120 1741 1187 quanto

149 1196 309 1271 magis
336 1196 681 1264 intumescit,
713 1195 844 1269 quia
866 1213 931 1254 eo
958 1196 1078 1270 ipso
1112 1199 1259 1256 foras
1291 1200 1599 1273 repellitur,
1629 1218 1741 1277 quo

150 1288 423 1347 insanius‘
446 1286 688 1344 aﬂlatur.
721 1287 981 1360 Sequitur
1004 1305 1016 1344 :

562 1376 793 1434 CAPUT
824 1376 953 1433 XIII
976 1376 1120 1450 [Rea
1151 1375 1310 1453 XII].

211 1467 377 1525 Vsus.
412 1466 503 1524 28.
537 1497 608 1509 —
642 1466 705 1524 Ut
726 1467 1007 1539 pervenire
1025 1466 1265 1537 facerent
1300 1469 1374 1525 ad
1400 1485 1518 1526 eum
1545 1471 1737 1528 clamo-

140 1574 247 1614 rem
272 1556 435 1629 egeni,
462 1556 753 1612 ebaudiret
778 1574 952 1612 vocem
984 1574 1304 1630 pauperum.

207 1647 292 1704 31.
330 1647 550 1703 Clamor
572 1663 873 1719 pauperum
916 1647 989 1703 ad
1015 1649 1185 1703 Deum
1208 1650 1422 1720 quando
1443 1652 1735 1722 perveniat.

143 1737 315 1793 Fictus
343 1743 415 1792 est
427 1744 623 1809 pastor
642 1739 736 1809 qui
756 1738 1134 1810 praedicatione
1152 1741 1399 1811 neglecta,
1416 1742 1559 1796 curis
1583 1759 1739 1798 swcuo

1849 573 1961 631 ait:

2247 663 2478 722 CAPUT
2516 664 2651 724 XIV
2689 664 2837 740 [Rec.
2862 666 3055 742 XIII].

1921 751 2096 811 Vens.
2129 752 2217 809 29.
2245 783 2317 795 —
2345 754 2469 825 Ipso
2496 754 2634 809 enim
2663 756 2964 812 concedente
3004 772 3206 828 pacem,
3236 761 3354 831 quis
3380 772 3457 821 est

1850 841 1944 912 qui
1963 842 2307 900 condemnet?
2336 859 2403 898 ea:
2422 860 2525 915 quo
2553 844 2888 902 absconth
2904 846 3113 904 vultum
3130 866 3308 919 suum,
3336 856 3456 924 quis

1850 938 1927 988 est
1950 932 2047 1003 qui
2073 935 2449 1006 contempletur
2476 952 2593 991 eum
2617 937 2645 993 Ῡ

1922 1021 2011 1078 32.
2049 1022 2161 1079 Cur
2187 1039 2325 1078 unus
2352 1029 2565 1079 vocetur
2599 1030 2650 1079 et
2676 1026 2945 1095 trahatur,
2972 1027 3113 1084 alter
3136 1030 3456 1101 repellatur,

1848 1128 1998 1167 nemo
2026 1111 2547 1171 discutiat—Nemo
2567 1130 2696 1187 ergo
2724 1116 2987 1175 discutiat
3012 1134 3133 1188 cur,
3158 1126 3339 1176 stante
3363 1121 3457 1177 Ju-

1848 1199 2009 1257 daico
2032 1202 2260 1274 populo,
2290 1201 2502 1259 dudum
2533 1203 2591 1259 in
2614 1203 2940 1263 inﬁdelitate
2960 1207 3239 1279 gentilitas
3253 1206 3453 1281 jacuit;

1848 1297 1904 1346 et
1931 1307 2052 1357 cur,
2086 1291 2156 1348 ad
2184 1291 2352 1348 ﬁnem
2382 1292 2689 1364 gentilitate
2725 1304 3003 1368 surgente,
3028 1297 3316 1369 judaicum
3345 1315 3456 1371 po-

1849 1380 2042 1453 pulum
2067 1383 2089 1417 ³
2116 1380 2466 1439 inﬁdelitatis
2483 1383 2646 1457 culpa
2659 1386 2982 1457 prostravit.
3003 1387 3176 1444 Nemo
3191 1386 3456 1446 discutiat

1848 1485 1949 1525 cur
1976 1470 2119 1527 alius
2148 1470 2405 1527 trahatur
2434 1487 2505 1528 ex
2534 1472 2703 1543 dono,
2733 1475 2878 1531 alius
2904 1476 3204 1548 repellatur
3227 1492 3309 1533 ex.
3325 1492 3454 1533 me—

1849 1559 1980 1616 rito.
2006 1560 2063 1617 Si
2095 1561 2245 1617 enim
2276 1562 2642 1633 gentilitatem
2678 1564 2902 1622 miraris
2927 1574 3289 1639 assumptum,
3328 1567 3454 1639 Ipso

1848 1650 2149 1705 concedente
2171 1667 2375 1722 pacem,
2399 1651 2518 1722 quis
2536 1658 2611 1708 est
2637 1654 2732 1724 qui
2750 1655 3051 1711 condemnet
3070 1657 3098 1713 ?
3119 1655 3176 1712 Si
3203 1654 3451 1713 Iudaeam

1849 1738 2191 1812 obstupescis
2210 1740 2479 1812 perditam
2489 1760 2575 1809 ,σω
2589 1759 2692 1813 quo
2706 1745 3036 1800 absconderit
3054 1747 3259 1801 vultum
3273 1762 3449 1815 suum,

144 1827 338 1884 laribus
354 1834 665 1900 occupatur.
691 1827 1049 1899 Confessionis
1063 1829 1572 1887 necessitas.—Cum
1589 1832 1737 1889 enim
1771 1852 1819 1913 Β
1847 1828 1967 1898 quis
1996 1834 2071 1883 est
2089 1828 2183 1899 qui
2196 1832 2574 1901 οοπεθτηριειιιτ·
2595 1847 2712 1886 eum
2728 1834 2756 1888 Υ
2784 1833 2972 1906 Itaque
2991 1833 3288 1890 consilium
3304 1851 3452 1892 sum-

138 1916 219 1973 isti
256 1918 618 1991 superbiunt,
651 1918 893 1975 clamant
926 1917 994 1975 ad
1031 1919 1209 1975 Deum
1242 1918 1303 1975 hi
1326 1920 1347 1954 ²
1377 1919 1473 1994 qui
1508 1921 1577 1977 ab
1606 1922 1740 1994 ipsis

140 2007 580 2081 superbientibus
595 2009 1005 2082 opprimuntur.
1032 2010 1132 2067 Vel
1150 2018 1296 2067 certe
1309 2010 1520 2068 idcirco
1535 2010 1740 2070 dicitur

140 2097 272 2170 quod
302 2097 371 2155 ad
406 2099 593 2155 Deum
626 2099 885 2156 fecerunt
914 2098 1216 2156 clamorem
1254 2114 1562 2173 pauperum
1592 2108 1738 2168 805

138 2198 431 2270 pervenire,
468 2198 608 2273 quia
654 2197 776 2256 istis
826 2198 1172 2271 cadentibus,
1214 2201 1272 2257 in
1313 2217 1503 2259 eorum
1548 2203 1736 2259 locum

137 2302 404 2360 pauperes,
463 2286 530 2344 id
584 2295 667 2345 est
714 2287 915 2361 spiritu
956 2288 1197 2346 humiles
1225 2290 1614 2365 subrogantur.
1665 2292 1738 2348 Et

139 2377 255 2450 quia
290 2377 395 2436 hoc
422 2393 622 2435 eorum
653 2392 783 2436 casu
823 2379 1028 2435 factum
1074 2387 1176 2449 est,
1214 2381 1320 2454 ipsi
1366 2382 1559 2438 fecisse
1585 2381 1736 2438 refe-

138 2474 336 2536 runtur,
366 2483 433 2523 eo
462 2466 741 2524 videlicet
772 2467 1074 2526 locutionis
1104 2486 1322 2543 genere,
1353 2488 1465 2546 quo
1493 2488 1735 2544 pugnare

137 2564 295 2613 castra
330 2556 603 2627 dicimus,
649 2556 779 2630 quia
818 2564 1097 2629 pugnatur
1136 2574 1205 2614 ex
1259 2559 1393 2615 illis.
1458 2559 1559 2616 Vel
1590 2567 1736 2616 certe

144 2646 255 2718 quia
281 2655 481 2703 cuncta
506 2662 630 2719 qua
650 2646 902 2719 superius
928 2646 1077 2703 dicta
1104 2650 1234 2704 sun’t
1262 2649 1636 2705 referri-etiam
1665 2648 1736 2705 ad

141 2742 357 2792 rectores
386 2733 799 2792 ecclesiasticos
843 2744 1096 2807 possunt,
1145 2738 1239 2810 qui
1297 2739 1491 2794 relicto
1524 2738 1735 2811 praedi-

138 2824 350 2881 cationis
378 2824 598 2893 studio,
620 2823 723 2880 sub
751 2824 1041 2882 occasione
1056 2825 1365 2897 regiminis,
1388 2827 1623 2884 terrenis
1641 2843 1734 2885 ne-

137 2912 279 2985 gotiis
321 2913 727 2982 involvuntur,
761 2920 885 2986 apte
921 2912 1307 2986 subjungitur:
1358 2918 1422 2973 Ut
1457 2917 1736 2987 pervenire

137 3002 350 3072 facerent
392 3004 470 3059 ad
513 3020 632 3058 eum
672 3004 958 3058 clamorem
1004 3005 1169 3075 egeni,
1209 3010 1259 3059 et
1303 3004 1518 3060 audiret
1562 3022 1735 3061 vocem

130 3108 408 3164 pauperum
430 3110 451 3157 ,-
482 3091 621 3164 quia
635 3091 907 3147 nimirum
928 3092 1060 3148 dum
1084 3092 1186 3165 ipsi
1211 3093 1359 3150 curis
1378 3095 1735 3152 saecularibus

134 3183 365 3255 occupati
416 3180 840 3255 praedicationis
879 3181 1124 3237 ofﬁcium
1174 3182 1459 3254 deserunt,
1517 3201 1732 3258 gregem
1764 3214 1808 3274 ο

137 3270 408 3328 subditum
441 3271 506 3326 in
529 3270 875 3343 querelarum
895 3286 1251 3343 prorumpere
1266 3272 1562 3329 clamorem
1586 3291 1733 3331 com-

136 3361 354 3434 pellunt,
385 3369 450 3418 ut
477 3362 641 3434 quasi
658 3359 784 3432 jure
813 3362 1194 3435 unusquisque
1224 3363 1506 3435 subjectus
1534 3367 1600 3423 de
1617 3368 1733 3424 vita

134 3451 237 3509 ﬁcti
256 3450 498 3526 pastoris
518 3449 929 3521 immurmuret,
947 3469 1046 3509 cur
1065 3460 1248 3509 teneat
1258 3456 1505 3526 magistri
1522 3458 1730 3527 locum,

132 3540 217 3612 qui
244 3557 354 3598 non
384 3546 615 3597 exercet
651 3538 915 3595 oﬂicium.
961 3539 1229 3607 Quamvis
1271 3541 1503 3598 fortasse
1532 3543 1732 3601 melius

131 3645 220 3702 per
243 3637 523 3688 tumorem
554 3628 866 3702 potentium
896 3629 1155 3703 superbia
1182 3629 1524 3702 Iudaeorum,
1553 3642 1609 3689 et
1635 3649 1733 3707 per

131 3718 413 3777 clamorem
453 3733 767 3793 pauperum
806 3718 1082 3776 desideria
1112 3721 1358 3793 gentium
1398 3721 1730 3794 ﬁgurantur,

132 3807 286 3878 sicut,
326 3816 627 3866 attestante
670 3808 940 3878 Veritate,
962 3825 1060 3881 per
1087 3811 1401 3883 epulantem
1444 3813 1731 3885 splendide

132 3894 348 3954 divitem
373 3897 645 3955 Iudaicus
672 3897 911 3970 populus
939 3897 1291 3972 designatur;
1323 3901 1539 3974 copiam
1568 3902 1732 3959 scili-

132 3994 209 4043 cet
239 3988 370 4061 legis
410 4002 532 4045 non
559 3987 629 4044 ad
658 3988 1042 4045 necessitatem
1090 3989 1307 4059 salutis,
1339 3990 1435 4048 sed
1464 3991 1535 4049 ad
1562 4008 1731 4065 pom-

131 4092 247 4148 pam
274 4077 539 4136 elationis
564 4092 871 4144 assumens,
902 4087 1065 4153 atque
1094 4080 1154 4135 in
1182 4089 1579 4155 praeceptorum
1611 4099 1729 4139 ver-

130 4162 209 4221 bis
231 4181 339 4223 uon
367 4167 734 4240 semetipsum
757 4166 1013 4225 ordinate
1042 4167 1318 4239 reﬁciens,
1341 4169 1435 4227 sed
1457 4169 1731 4243 jactanter

132 4254 414 4314 ostendens
434 4274 450 4324 ;
482 4264 543 4313 et
558 4271 655 4329 per
671 4257 1021 4314 vulneratum
1036 4258 1324 4328 Lazarum,
1346 4258 1442 4332 qui
1464 4259 1729 4334 interpre-

128 4348 268 4401 tatur
284 4344 532 4418 adjutus,
554 4345 734 4402 forma
747 4345 939 4419 populi
959 4346 1182 4420 gentilis
1196 4347 1552 4421 exprimitur,
1566 4367 1729 4426 quem

131 4432 375 4493 divinum
403 4436 747 4510 adjutorium
781 4444 934 4495 tanto
963 4438 1137 4513 magis
1165 4440 1349 4512 erigit,
1379 4448 1586 4515 quanto
1614 4443 1731 4499 mi-

130 4537 228 4580 nus
271 4524 339 4582 de
372 4542 602 4583 suarum
629 4526 837 4583 virium
867 4526 1131 4585 facultate
1160 4529 1414 4587 conﬁdit.
1445 4530 1552 4599 Qui
1585 4547 1732 4605 pau-

131 4624 219 4681 per
235 4620 288 4668 et
316 4613 515 4686 plenus
542 4614 869 4672 vulneribus
897 4632 1015 4673 esse
1046 4616 1398 4687 describitur,
1428 4618 1560 4693 quia
1588 4636 1731 4693 gen-

132 4699 295 4759 tilitas
339 4703 506 4761 corde
548 4704 781 4762 humilis
822 4714 1174 4779 peccatorum
1229 4724 1461 4765 suorum
1511 4710 1728 4782 aperuit

131 4791 515 4851 confessiones.
547 4795 686 4851 Nam
715 4794 861 4853 sicut
888 4795 949 4851 in
977 4796 1207 4853 vulnere
1235 4796 1304 4853 ab
1342 4796 1577 4856 internis
1603 4807 1727 4856 tra—

133 4876 278 4937 hitur
305 4882 460 4941 virus
489 4883 549 4941 in
582 4892 728 4953 cute,
752 4884 829 4940 ita
859 4884 919 4940 in
947 4885 1295 4943 confessione
1332 4888 1564 4960 peccati,
1591 4888 1725 4946 dum

131 4966 186 5023 in
213 4970 498 5042 publicum
527 4982 737 5033 secreta
763 4974 1110 5048 panduntur,
1141 4975 1298 5048 quasi
1344 4976 1476 5033 mali
1515 4976 1728 5035 humo-

130 5071 212 5115 res
237 5075 269 5116 a
291 5061 600 5121 visceribus
627 5064 844 5122 intimis
872 5065 1019 5121 foras
1038 5073 1427 5138 prorumpunt.
1454 5065 1573 5123 Illis
1598 5082 1726 5141 ergo

132 5150 501 5221 peccantibus,
544 5170 847 5228 pauperum
889 5156 1100 5212 clamor
1141 5154 1388 5223 auditur,
1432 5155 1563 5229 quia
1594 5156 1726 5214 dum

132 5236 299 5295 Judai
326 5250 521 5299 contra
547 5246 724 5301 Deum
754 5244 1103 5317 superbiunt,
1133 5245 1202 5301 ad
1234 5247 1410 5301 Deum
1442 5253 1570 5301 vota
1597 5262 1723 5319 gen-

130 5323 306 5382 tilium
327 5340 716 5400 pervenerunt.
748 5333 905 5390 Unde
931 5340 985 5389 et
1013 5349 1146 5389 mox
1174 5333 1293 5392 haec
1314 5334 1433 5408 ipsa
1455 5335 1724 5391 immensa

130 5427 190 5469 ac
216 5417 490 5487 profunda
510 5419 723 5493 judicia
750 5422 1195 5496 perhorrescens,
1228 5440 1342 5481 non
1370 5439 1434 5481 ea
1460 5432 1619 5483 curat
1641 5441 1723 5481 ra-

200 5662 219 5749 ξ
247 5661 482 5749 ξοηεξρ.
517 5673 572 5721 et
590 5667 825 5749 Pratel.,
850 5666 1307 5749 aliiquedlflorm”
1335 5670 1579 5743 inflatur.

198 5732 219 5810 ξ
247 5732 476 5810 ξηιὸμῖ,
506 5738 601 5807 qui
626 5738 757 5810 ipsis
779 5732 1216 5810 superbientibus.

197 5803 216 5837 ³
244 5803 446 5861 Pratel.
463 5803 534 5862 et
561 5803 820 5864 nonnulli
840 5803 1064 5879 Norni.,
1098 5809 1151 5867 in
1180 5812 1513 5886 infidelitatis
1540 5815 1719 5885 culpa.

1848 1934 1952 1974 mas
1980 1925 2037 1973 et
2065 1919 2295 1975 occulta
2315 1918 2540 1976 virtutis
2561 1920 2865 1979 satisfactio
2884 1920 2950 1977 ﬁt
2966 1930 3166 1995 aperte
3195 1923 3449 1983 rationis.

1848 2006 2005 2064 Unde
2048 2014 2104 2062 et
2144 2006 2203 2062 in
2244 2007 2549 2080 Evangelio
2588 2009 2882 2080 Dominus,
2916 2027 3045 2068 cum
3060 2011 3129 2068 de
3174 2012 3344 2085 hujus
3369 2014 3451 2072 rei

1844 2112 2010 2154 causa
2038 2097 2378 2170 loqueretur,
2406 2098 2522 2155 ait:
2574 2099 2841 2172 Conﬁteor
2884 2101 3000 2171 tibi,
3028 2102 3194 2159 Pater
3228 2102 3454 2160 Domine

1845 2188 1961 2244 caeli
1974 2194 2023 2243 et
2052 2194 2228 2255 terrae,
2245 2188 2375 2261 quia
2392 2189 2719 2247 abscondisti
2740 2192 2847 2248 hac
2865 2209 2901 2248 a
2914 2192 3239 2265 sapientibus
3257 2199 3307 2249 et
3317 2211 3451 2267 pru-

1845 2278 2110 2345 dentibus,
2131 2284 2181 2333 et
2194 2279 2440 2335 revelasti
2453 2296 2514 2335 ea
2523 2281 2794 2352 parvulis.
2813 2282 2921 2350 Ita,
2941 2282 3107 2339 Pater
3128 2282 3341 2354 (Matth.
3365 2299 3449 2351 xx,

1845 2367 1937 2436 25,
1967 2367 2084 2438 26).
2104 2368 2286 2441 Atque
2303 2384 2435 2425 mox
2455 2376 2716 2443 tanquam
2736 2370 3009 2428 rationem
3033 2371 3329 2444 quamdam
3348 2372 3452 2430 ab-

1843 2455 2157 2514 sconsionis
2183 2473 2246 2514 ac
2266 2458 3063 2533 revelationisadjungens,ait:
3090 2463 3231 2530 Quia
3244 2463 3319 2517 sic
3341 2462 3451 2532 fuit

1839 2547 2100 2619 placitum
2120 2553 2243 2602 ante
2263 2553 2325 2603 te.
2348 2547 2560 2616 Quibus
2580 2547 2848 2606 nimirum
2870 2549 3056 2607 verbis
3074 2552 3328 2624 exempla
3348 2551 3450 2608 hu-

1844 2635 2101 2693 militatis
2114 2636 2439 2709 accipimus,
2457 2653 2525 2693 ne
2548 2645 2752 2695 temere
2776 2637 3052 2696 discutere
3070 2654 3308 2711 superna
3319 2655 3448 2697 cono

1843 2725 1970 2782 silia
1997 2725 2066 2782 de
2092 2726 2329 2783 aliorum
2360 2728 2915 2799 vocatione,aliorum
2959 2744 3094 2787 vero
3134 2729 3450 2803 repulsione

1842 2830 2261 2887 praesumamus.
2309 2815 2450 2874 Cum
2479 2818 2629 2875 enim
2663 2820 2945 2877 intulisset
2984 2826 3304 2895 utrumque,
3333 2836 3449 2878 non

1842 2920 1981 2960 mox
2009 2904 2282 2961 rationem
2312 2905 2577 2974 reddidit,
2607 2908 2702 2963 sed
2730 2908 2812 2965 sic
2836 2910 2952 2965 Deo
2981 2909 3246 2981 placitum
3276 2908 3446 2979 dixit,

1842 2997 1989 3055 808
2016 2999 2122 3057 hoc
2139 3000 2399 3057 videlicet
2414 3000 2730 3071 ostendens,
2747 3002 2880 3075 quia
2904 3001 3174 3074 injustum
3189 3021 3307 3061 esse
3333 3021 3447 3062 non

1841 3097 2023 3162 potest
2049 3089 2197 3162 quod
2228 3090 2436 3163 placuit
2458 3090 2633 3163 justo.
2656 3090 2813 3147 Unde
2841 3091 2974 3147 etin
3004 3090 3168 3148 vinea
3195 3092 3446 3150 laboran-

1842 3180 1993 3237 tibus
2036 3180 2343 3239 mercedem
2392 3180 2648 3251 reddens,
2676 3197 2803 3239 cum
2844 3180 3112 3255 quosdam
3162 3183 3446 3256 operarios

1842 3271 2145 3346 inaequales
2187 3272 2244 3327 in
2276 3287 2439 3344 opere
2467 3278 2709 3345 aequaret
2749 3270 2809 3326 in
2860 3271 3112 3343 praemio,
3142 3278 3199 3328 et
3231 3272 3357 3345 plus
3384 3273 3446 3330 in

1843 3362 2092 3419 mercede
2123 3368 2388 3435 quaereret
2404 3360 2498 3433 qui
2521 3359 2697 3417 labori
2726 3359 2965 3432 amplius
2992 3359 3325 3429 insudasset,
3342 3361 3441 3419 ait:

1842 3452 2028 3508 Nonne
2055 3469 2120 3506 ea:
2164 3450 2385 3506 denario
2423 3449 2708 3506 convenisti
2735 3451 2978 3505 mecum?
3038 3450 3165 3508 Volo
3194 3458 3371 3508 autem
3400 3458 3450 3507 et

1843 3541 1963 3595 huic
1990 3539 2275 3596 novissimo
2299 3539 2431 3595 dare
2457 3538 2597 3594 sicut
2621 3545 2671 3595 et
2685 3538 2802 3604 tibi;
2816 3555 2996 3595 annon
3016 3540 3135 3595 licet
3152 3539 3282 3596 mihi
3305 3540 3449 3612 quod

1841 3630 1962 3685 volo
1986 3627 2161 3699 facere
2191 3627 2405 3700 (Matth.
2422 3643 2523 3696 xx,
2551 3626 2790 3699 13-15)?
2808 3628 2870 3683 In
2890 3625 3109 3684 cunctis
3130 3629 3293 3699 ergo‘
3321 3643 3446 3700 qua

1841 3717 2086 3776 exterius
2101 3717 2495 3791 disponuntur,
2511 3723 2699 3790 aperta
2722 3732 2886 3775 causa
2904 3715 3138 3773 rationis
3156 3724 3240 3773 est
3263 3714 3443 3773 occul-

1841 3813 1911 3864 tae
1930 3806 2152 3880 justitia
2167 3803 2509 3862 voluntatis.‘
2522 3806 2753 3862 Dicatur
2773 3804 2958 3878 itaque
2983 3820 2995 3859 :
3022 3804 3144 3877 Ipso
3159 3804 3299 3861 enim
3325 3819 3443 3860 con-

1838 3899 2043 3954 cedente
2078 3914 2282 3971 pacem,
2320 3896 2442 3968 quis
2478 3902 2554 3952 est
2579 3896 2676 3968 qui
2708 3894 3077 3963 condemns",
3107 3911 3175 3950 es:
3202 3911 3308 3967 quo
3338 3894 3444 3951 ab—

1839 3986 2103 4043 sconderit
2127 3987 2334 4041 vultum
2353 4000 2530 4051 suum,
2546 3984 2668 4054 quis
2681 3989 2759 4039 est
2778 3982 2873 4054 qui
2897 3983 3274 4053 contempletur
3294 3982 3443 4037 eum?

1840 4074 1985 4150 [νει.
2007 4075 2143 4132 XIX
2145 4073 2186 4148 .]
2204 4074 2274 4130 Et
2290 4073 2421 4147 quia
2435 4071 2516 4129 sic
2542 4071 2775 4128 minima
2788 4070 2936 4128 sicut
2953 4068 3306 4139 maxima,sic
3327 4069 3438 4127 sin-

1842 4167 1969 4239 gula
1995 4168 2142 4223 Deus
2164 4164 2381 4239 judicat
2403 4163 2550 4221 sicut
2581 4169 2804 4232 cuncta,
2826 4168 2951 4235 apte
2978 4159 3364 4235 subjungitur:

2440 4252 2670 4311 CAPUT
2705 4252 2835 4311 XV.

1911 4348 2224 4405 Imm—Et
2250 4363 2412 4419 super
2434 4352 2656 4419 gentem,
2699 4352 2749 4403 et
2776 4362 2937 4419 super
2974 4360 3151 4402 omnes
3186 4343 3440 4402 homines.

1911 4436 1999 4493 33.
2031 4437 2176 4493 Deus
2212 4436 2448 4492 minimis
2469 4435 2717 4509 providet
2748 4441 2811 4491 ut
2833 4434 3119 4501 maximis;
3144 4439 3196 4491 et
3218 4432 3443 4506 singulis

1840 4534 1901 4583 ut
1927 4527 2209 4585 universis.
2232 4528 2401 4585 —Ac
2426 4526 2474 4583 si
2492 4534 2680 4600 aperte
2707 4524 3105 4584 admoneamur
3132 4524 3441 4592 intendere,

1838 4617 1971 4691 quia
1998 4617 2105 4675 hoc
2116 4615 2419 4689 judicium,
2442 4615 2592 4690 quod
2621 4631 2787 4689 super
2800 4631 2970 4673 unam
2993 4622 3210 4688 gentem
3239 4612 3441 4672 descri-

1835 4707 2010 4776 bitur,
2040 4706 2207 4763 etiam
2237 4720 2402 4778 super
2428 4720 2622 4762 omnes
2651 4703 2907 4762 homines
2933 4702 3206 4761 invisibili
3235 4701 3443 4759 exami-

1835 4796 2061 4853 natione
2089 4794 2421 4864 celebratur,
2438 4801 2502 4851 ut
2528 4794 2672 4851 alius
2686 4792 2944 4868 eligatur,
2973 4793 3118 4851 alius
3145 4792 3443 4866 repellatur

1834 4889 2070 4957 occulte,
2102 4887 2197 4945 sed
2224 4886 2414 4944 nullus
2440 4885 2666 4960 injuste.
2689 4885 2809 4943 Hoc
2833 4900 2964 4959 ergo
2986 4883 3135 4958 quod
3162 4884 3222 4939 in
3250 4881 3442 4938 maxi-

1834 4977 1942 5034 mis
1968 4977 2091 5033 ﬁeri
2119 4976 2421 5045 ceruimus,
2449 4974 2698 5033 etiamin
2728 4972 2890 5032 nobis
2916 4972 3152 5046 singulis
3178 4977 3338 5027 caute
3354 4968 3440 5024 ti-

1835 5082 2102 5122 meamus.
2133 5065 2226 5123 Sic
2253 5064 2401 5121 enim
2433 5063 2803 5121 intenduntur
2821 5061 3013 5120 divina
3035 5058 3249 5131 judicia
3276 5071 3441 5130 super

1834 5169 2004 5211 uuam
2032 5152 2300 5221 animam,
2330 5152 2477 5209 sicut
2505 5166 2671 5225 super
2696 5165 2866 5206 unam
2896 5148 3122 5213 urbem;
3162 5145 3245 5202 sic
3276 5159 3441 5216 super

1834 5259 2001 5300 unam
2030 5241 2249 5309 urbem,
2283 5240 2429 5297 sicut
2474 5255 2638 5312 super
2665 5252 2835 5293 unam
2866 5242 3081 5309 gentem
3106 5250 3120 5301 ;
3153 5233 3234 5291 sic
3276 5249 3442 5306 super

1833 5349 1999 5389 unam
2032 5337 2271 5405 gentem,
2292 5330 2436 5386 sicut
2456 5345 2619 5402 super
2635 5327 2953 5384 universam
2974 5323 3187 5398 generis
3205 5322 3438 5379 humani

1835 5419 2279 5486 multitudinem;
2313 5417 2445 5491 quia
2464 5424 2518 5474 et
2536 5416 2616 5475 sic
2635 5413 2876 5471 intendit
2894 5413 3166 5470 Dominus
3180 5411 3438 5487 singulis,

1906 5674 1927 5707 ³
1956 5668 2221 5739 Vindoc.,
2249 5665 2471 5726 Ebroic.
2504 5674 2559 5724 et
2578 5665 2674 5723 alii
2703 5665 2919 5734 Norm.,
2944 5678 3063 5736 qua:
3086 5662 3322 5721 exterius
3350 5678 3436 5718 es:-

1906 5749 2125 5800 nuntur.

1829 5759 2125 5816 ponuntur.
