3928 6398
486 375 590 436 343

1693 367 1942 427 SANCTI
1977 367 2310 426 GREGORII
2347 367 2574 426 MAGNI

3693 368 3824 425 344

487 519 550 558 ac
578 501 624 556 si
647 505 803 556 vacet
831 513 863 553 a
888 499 1134 564 cunctis;
1169 507 1222 554 et
1241 499 1322 556 sic
1351 497 1514 556 simul
1539 498 1776 554 intendit
1797 497 2076 564 omnibus,
2109 497 2156 555 A
2186 493 2289 550 Sed
2321 494 2527 561 nullus,
2563 494 2657 566 qui
2688 493 2854 550 talem
2887 503 3160 552 rectorem
3194 494 3422 566 patitur,
3469 512 3598 552 eum
3635 509 3820 568 quem

487 608 550 646 ac
579 590 622 645 si
647 595 804 644 vacet
819 603 849 640 a
870 588 1122 658 singulis.
1149 588 1252 654 Qui
1275 589 1422 643 enim
1446 589 1629 644 vmnia
1644 585 2082 643 administrando

489 675 703 746 implet,
738 672 889 743 regit
924 673 1236 743 implendo;
1271 689 1373 728 nec
1416 671 1688 726 universis
1735 669 1908 736 deest,
1956 685 2081 725 cum

487 762 740 834 disponit
784 775 956 816 unum
1007 777 1020 826 ;
1065 776 1165 816 nec
1207 760 1302 814 uni
1349 761 1519 826 deest,
1573 761 1590 794 ¹
1649 774 1774 813 cum
1836 757 2084 830 disponit

487 853 806 918 universos,
829 857 1028 908 cuncta
1049 851 1262 907 scilicet
1292 858 1499 910 natura:
1529 865 1640 904 suae
1671 849 1916 920 potentia
1934 848 2084 920 quieo

417 977 426 984 -
489 949 580 998 tus
610 948 892 1012 operatur.
925 939 1066 1008 Quid
1091 956 1216 1012 ergo
1249 939 1450 994 mirum
1483 937 1613 1011 quia
1630 953 1741 993 non
1762 944 2085 1009 angustatur

490 1031 758 1095 intentus,
784 1029 878 1100 qui
911 1034 1168 1100 operatur
1197 1027 1460 1100 quietus?
1489 1029 1717 1083 Dicatur
1747 1027 1929 1098 itaque
1957 1025 2086 1098 quia

489 1119 596 1176 hoc
624 1117 828 1176 subtile
849 1115 1126 1188 judicium
1145 1124 1364 1172 exercet
1389 1125 1444 1172 et
1471 1133 1635 1188 super
1654 1123 1888 1188 gentem,
1911 1123 1965 1171 et
1985 1133 2087 1171 su-

488 1229 586 1284 per
613 1225 803 1266 omnes
823 1209 1094 1264 homines.
1131 1206 1274 1281 [Rea
1299 1209 1382 1264 XI
1391 1209 1474 1282 V.j
1507 1207 1648 1274 Quia
1678 1207 1848 1280 igitur
1866 1207 1934 1262 de
1957 1223 2088 1278 spe-

489 1301 573 1357 cie
595 1300 618 1334 ³
645 1297 906 1355 transivit
925 1297 994 1352 ad
1023 1313 1213 1368 genus,
1237 1312 1388 1352 nunc
1415 1295 1484 1352 de
1513 1312 1707 1368 genere
1736 1312 1794 1352 se
1810 1295 2090 1352 convertit

490 1389 560 1445 ad
589 1389 847 1460 speciem,
873 1393 928 1442 et
943 1385 1078 1459 quid
1094 1383 1284 1444 Iudaea
1302 1385 1522 1458 proprie
1543 1385 2088 1454 mereatur,ostendit

490 1478 679 1534 dicens
703 1493 716 1532 :

917 1563 1146 1621 CAPUT
1175 1563 1306 1621 XVI
1337 1561 1476 1637 [Vet.
1503 1562 1656 1638 XX].

561 1655 732 1712 Vens.
766 1654 854 1711 30.
875 1685 947 1696 —
969 1655 1073 1723 Qui
1093 1671 1316 1726 regnare
1335 1652 1738 1723 facithominem
1763 1650 2090 1722 hypocritam

487 1751 708 1816 propter
729 1749 943 1814 peccata
963 1743 1174 1814 populi.

2191 583 2398 654 patitur
2417 591 2654 649 accuset,
2678 585 2806 656 quia
2826 585 3099 639 nimirum
3123 583 3206 638 sui
3223 583 3330 639 fuit
3352 585 3534 640 meriti
3555 584 3822 656 perversi

2193 671 2424 726 rectoris
2452 670 2734 742 subjacere
2763 672 2984 727 ditioni.
3010 671 3248 743 Culpam
3281 689 3408 743 ergo
3437 673 3652 746 proprii
3677 689 3824 730 ma-

2193 758 2293 829 gis,
2344 768 2561 816 accuset
2607 761 2791 831 operis
2819 776 2981 832 quam
3027 758 3362 831 injustitiam
3413 762 3818 832 gubernantis.

2194 847 2470 919 Scriptum
2490 863 2726 920 namque
2758 856 2874 903 est:
2910 848 3058 902 Dabo
3091 849 3182 903 tibi
3209 867 3353 921 reges
3381 850 3438 904 in
3466 849 3664 920 furore
3695 869 3818 906 meo

2198 935 2374 1006 (Osete
2395 953 2523 1002 χιιι,
2550 938 2661 1009 ll).
2687 937 2832 1005 Quid
2852 953 2979 1008 ergo
3010 937 3136 992 illos
3167 937 3326 994 nobis
3357 955 3588 1010 praeesse
3619 939 3820 1012 despi-

2192 1023 2390 1094 cimus,
2424 1042 2658 1098 quorum
2681 1041 2834 1082 surer
2862 1042 2963 1080 nos
2983 1026 3252 1098 regimina
3267 1043 3335 1082 ex
3353 1029 3580 1084 Domini
3611 1028 3822 1085 furore

2193 1115 2559 1188 suscipimus?
2577 1118 2633 1172 Si
2667 1117 2835 1190 igitur
2861 1117 3128 1173 irascente
3148 1117 3260 1172 Deo
3275 1117 3580 1174 secundum
3613 1126 3824 1175 nostra

2195 1207 2392 1263 merita
2425 1216 2660 1264 rectores
2688 1208 3009 1280 accipimus,
3043 1208 3102 1262 in
3131 1206 3354 1262 illorum
3385 1207 3604 1263 actione
3637 1209 3659 1242 τ
3693 1210 3820 1266 col-

2198 1297 2582 1372 ligimus,quid
2602 1317 2670 1355 ex
2692 1307 2878 1354 nostra
2892 1298 3255 1354 aestimatione
3275 1299 3782 1368 pensemus.Quam
3803 1331 3826 1342 -

2198 1387 2283 1442 vis
2313 1388 2638 1460 plerumque
2668 1387 2897 1443 etelecti
2928 1385 3242 1458 subjaceant
3264 1385 3530 1458 reprobis.
3566 1387 3727 1444 Unde
3757 1396 3826 1443 et

2197 1475 2295 1532 diu
2341 1475 2520 1532 David
2569 1476 2786 1532 Saulem
2837 1475 3064 1548 pertulit
3098 1477 3155 1546 (Ι
3189 1477 3312 1546 Reg.
3345 1491 3510 1542 xvm,
3547 1475 3679 1546 ii);
3713 1477 3822 1532 sed

2198 1564 2565 1638 subsequente
2605 1566 2767 1637 culpa
2795 1564 3055 1621 adulterii
3109 1563 3382 1636 proditur,
3415 1563 3548 1636 quia
3601 1563 3822 1637 dignus

2200 1663 2334 1711 tunc
2360 1655 2469 1710 fuit
2494 1655 2589 1728 qui
2617 1661 2772 1710 tanta
2809 1654 3086 1726 praepositi
3115 1655 3407 1726 asperitate
3437 1660 3814 1726 premeretur.

2271 1743 2358 1800 35.
2396 1744 2470 1799 0b
2490 1744 2676 1800 del-icta
2695 1743 2866 1814 gregis
2892 1743 3183 1813 aliquando
3206 1744 3370 1798 bonus
3386 1749 3574 1814 pastor
3587 1760 3821 1814 perver-

565 1831 651 1888 34.
687 1831 792 1900 Qui
820 1832 976 1886 mal-is
999 1830 1246 1901 prwlatis
1269 1829 1556 1900 subjaeent,
1587 1830 1644 1886 id
1665 1845 1774 1885 sua,
1801 1831 1970 1901 culpa:
1998 1827 2092 1884 tri-
2122 1855 2168 1914 Β
2207 1831 2356 1887 titur.
2374 1861 2445 1872 —
2463 1830 2555 1887 Sic
2595 1845 2722 1902 ergo
2752 1829 3052 1885 secundum
3086 1829 3282 1885 merita
3307 1828 3662 1886 subditorum
3693 1832 3819 1888 tri-

490 1922 673 1976 buant.
697 1921 927 1990 Propter
944 1923 1155 1990 peccata
1165 1920 1489 1990 populorum
1507 1925 1824 1990 regnaturus
1838 1923 1912 1972 est
1931 1917 2090 1972 Anti-

491 2009 740 2065 christus.
773 2039 844 2052 -
878 2009 1087 2066 Verum
1127 2023 1368 2080 namque
1411 2023 1591 2080 regem
1623 2023 1786 2080 super
1821 2023 1878 2064 se
1906 2006 2092 2064 Judaea

493 2116 722 2174 regnare
751 2099 954 2168 noluit,
989 2107 1042 2156 et
1072 2098 1282 2156 idcirco
1301 2097 1650 2171 exigentibus
1679 2097 1888 2153 meritis
1918 2096 2089 2169 hypo-

495 2189 695 2244 critam
718 2187 952 2260 accepit,
977 2187 1121 2243 sicut
1141 2187 1260 2259 ipsa
1279 2202 1496 2259 quoque
1525 2185 1742 2244 Veritas
1759 2185 1815 2241 in
1843 2187 2088 2257 Evange-

492 2277 571 2334 lio
599 2278 736 2335 dicit
759 2296 771 2334 :
805 2280 920 2349 Ego
951 2278 1068 2334 veni
1096 2279 1153 2332 in
1171 2277 1379 2332 nomine
1397 2276 1580 2334 Patris
1606 2276 1728 2345 mei,
1759 2282 1928 2332 etnon
1952 2293 2088 2332 acce-

491 2367 650 2438 pistis
678 2383 796 2432 me;
823 2367 871 2422 si
899 2367 1044 2422 alius
1069 2367 1271 2422 venerit
1297 2366 1354 2420 in
1381 2365 1588 2420 nomine
1615 2381 1730 2434 suo,
1760 2365 1912 2421 illum
1941 2366 2090 2420 acci-

489 2454 646 2526 pietis
671 2457 857 2524 (Joan.
882 2472 938 2524 v,
970 2453 1086 2528 43).
1109 2455 1181 2510 Et
1200 2455 1344 2512 sicut
1371 2455 1570 2511 Paulus
1585 2455 1692 2510 ait:
1726 2455 1836 2510 Pro
1864 2471 1921 2509 eo
1949 2453 2089 2524 quod

483 2544 800 2602 charitatem
843 2546 1085 2602 veritatis
1115 2562 1220 2601 non
1250 2552 1574 2618 receperunt,
1622 2552 1682 2600 ut
1699 2545 1837 2601 salvi
1881 2546 2083 2617 ﬁerent,

487 2633 606 2688 ideo
632 2633 800 2688 mittet
828 2635 940 2690 illis
987 2635 1127 2690 Deus
1155 2635 1508 2706 operationem
1537 2632 1759 2701 erroris,
1789 2638 1848 2687 ut
1873 2632 2091 2687 credant

494 2721 766 2776 mendacio
786 2723 882 2793 (ΙΙ
913 2723 1089 2779 Thess.
1108 2738 1172 2792 ιι,
1197 2721 1311 2794 10).
1345 2723 1407 2777 In
1437 2737 1500 2777 eo
1529 2737 1655 2794 ergo
1675 2721 1822 2794 quod
1847 2720 2080 2778 dicitur:

495 2809 601 2877 Qui
627 2827 848 2882 regnare
865 2810 999 2881 facit
1026 2811 1282 2867 hominem
1302 2810 1628 2882 hypocritam
1640 2817 1862 2883 propter
1873 2817 2085 2883 peccata

488 2898 700 2970 populi,
745 2907 922 2972 potest
965 2900 1147 2972 ipsum
1183 2901 1428 2956 omnium
1475 2899 1889 2972 hypocritarum
1922 2907 2086 2973 caput

489 2987 873 3044 Antichristus
905 2988 1202 3060 designari.
1229 2990 1252 3024 ³
1281 2989 1548 3046 Seductor
1581 2990 1784 3062 quippe
1814 2989 1908 3045 ille
1951 2997 2084 3047 tunc

489 3077 838 3134 sanctitatem
888 3077 1134 3146 simulat,
1165 3085 1227 3134 ut
1265 3078 1333 3134 ad
1363 3079 1712 3150 iniquitatem
1743 3077 1944 3134 trahat.
1977 3077 2083 3134 Sed

490 3173 713 3239 propter
739 3175 962 3239 peccata
990 3167 1180 3240 populi
1197 3182 1422 3238 regnare
1451 3167 1809 3237 permittitur,
1842 3167 1972 3240 quia
2001 3167 2083 3222 ni-

489 3254 695 3310 mirum
725 3261 861 3311 tunc
891 3255 996 3324 ipsi
1026 3253 1130 3310 sub
1151 3254 1304 3308 illius
1333 3255 1600 3324 regimine
1621 3253 2080 3326 praeordinantur,

490 3341 588 3413 qui
619 3339 740 3412 ejus
767 3339 1019 3396 dominio
1043 3339 1198 3411 digni
1215 3348 1342 3397 ante
1371 3342 1571 3398 saecula
1591 3342 1973 3412 praesciuntur,
1989 3344 2083 3416 qui

491 3427 731 3497 peccatis
747 3426 1206 3499 subsequentibus
1222 3428 1473 3500 exigunt,
1495 3435 1558 3484 ut
1576 3428 1678 3484 sub
1697 3429 1794 3484 illo
1811 3431 1833 3465 ⁴
1855 3429 2085 3502 judiciis

491 3515 954 3588 praecurrentibus
994 3514 1378 3588 disponantur.
1411 3515 1567 3584 Quod
1597 3532 1724 3590 ergo
1752 3524 1886 3575 tunc
1914 3519 2085 3576 Anti-

487 3604 730 3662 christus
750 3621 914 3678 super
933 3605 1138 3676 impios
1155 3611 1483 3676 regnat,non
1504 3613 1586 3662 est
1605 3621 1674 3662 ex
1696 3607 1752 3662 in
1765 3605 1984 3679 justitia
1997 3607 2083 3680 ju-

489 3693 745 3763 dicantis,
777 3694 870 3751 sed
901 3710 970 3750 ex
985 3693 1148 3766 culpa
1169 3694 1428 3765 patientis
1450 3713 1464 3762 ;
1498 3695 1752 3768 quamvis
1768 3697 2012 3770 plerique
2031 3705 2086 3754 et

489 3779 862 3852 principatum
881 3781 1034 3836 illius
1068 3796 1180 3836 non
1210 3780 1489 3851 viderunt,
1509 3789 1563 3838 et
1583 3789 1769 3839 tamen
1797 3782 1918 3855 ejus
1934 3785 2082 3856 prin-

487 3869 696 3940 cipatui
727 3877 1074 3940 peccatorum
1117 3885 1342 3926 suorum
1381 3870 1700 3928 conditione
1738 3871 2078 3942 deserviunt,

486 3959 615 4032 quia
643 3967 697 4016 et
721 3976 880 4032 quem
910 3959 1286 4017 dominantem
1308 3959 1416 4015 sibi
1449 3959 1682 4017 minime
1709 3961 2080 4034 conspiciunt,

485 4064 609 4104 eum
640 4047 1008 4122 proculdubio
1037 4064 1294 4120 perverse
1321 4049 1566 4105 vivendo
1595 4057 1946 4107 venerantur.
1971 4053 2082 4106 An-

484 4151 597 4192 non
627 4143 771 4201 807
799 4137 922 4210 ejus
952 4138 1200 4196 membra
1227 4146 1376 4208 sunt,
1411 4137 1506 4210 qui
1539 4155 1635 4212 per
1665 4139 1928 4197 affectatae
1949 4157 2085 4197 san-

485 4233 692 4292 ctitatis
720 4235 954 4304 speciem
975 4242 1241 4306 appetunt
1267 4235 1451 4292 videri
1483 4237 1633 4309 quod
1659 4253 1771 4293 non
1793 4240 1966 4295 sunt?
1986 4240 2084 4296 Ille

485 4335 721 4393 namque
749 4321 1126 4392 principaliter
1150 4321 1495 4394 hypocrisim
1528 4325 1718 4392 sumit,
1741 4327 1834 4398 qui
1857 4343 1981 4384 cum
2011 4329 2084 4386 sit

484 4407 776 4465 damnatus
804 4408 990 4472 hamo,
1014 4411 1034 4444 ⁵
1065 4415 1120 4463 et
1153 4425 1390 4482 nequam
1423 4412 1670 4482 spiritus,
1689 4415 1862 4470 Deum
1883 4431 1942 4474 se
1969 4433 2084 4475 esse

486 4496 770 4553 mentitur.
822 4495 929 4552 Sed
975 4495 1340 4568 proculdubio
1386 4513 1456 4552 ex
1503 4497 1622 4570 ejus
1667 4515 1816 4558 nunc
1851 4517 2077 4575 corpore

483 4585 774 4658 prodeunt,
807 4584 902 4658 qui
925 4585 1252 4658 iniquitates
1277 4601 1402 4642 suas
1423 4585 1524 4643 sub
1545 4588 1784 4661 tegmine
1811 4591 1950 4647 sacri
1981 4591 2076 4649 ho-

483 4673 636 4730 noris
674 4673 1035 4742 abscondunt,
1070 4681 1132 4730 ut
1175 4673 1526 4746 professione
1574 4679 1753 4734 videri
1801 4689 2076 4754 appetant,

481 4764 628 4836 quod
655 4780 770 4821 esse
813 4763 1070 4836 operibus
1110 4771 1382 4821 recusant.
1447 4765 1590 4833 Quia
1620 4767 1767 4824 enim
1817 4770 2082 4844 scriptum

479 4860 594 4910 est:
635 4853 817 4912 Omnis
861 4853 954 4925 qui
1004 4851 1138 4924 facit
1174 4861 1474 4925 peccatum,
1532 4872 1716 4912 servus
1761 4865 1835 4912 est
1864 4862 2081 4931 peccati,

481 4944 720 5016 “quanto
739 4959 889 5000 nunc
906 4941 1136 5000 liberius
1151 4951 1418 5015 peragunt
1443 4960 1705 5017 perversa
1723 4963 1844 5020 quae
1868 4949 2078 5019 volunt,

476 5038 629 5089 tanto
645 5030 690 5105 ej
698 5049 762 5090 us
775 5032 1007 5090 servitio
1036 5031 1302 5089 obnixius
1319 5031 1950 5108 obligantur(Joan.vm,
1964 5039 2078 5112 34).

553 5288 817 5370 ιιιρνὲιθξῖ,
866 5305 984 5342 cum
1030 5287 1265 5370 disponit
1311 5290 1636 5370 universum.
1698 5290 1757 5370 in
1804 5291 1992 5370 Baluz.
2029 5304 2083 5370 et

478 5354 635 5412 Colb.
672 5357 893 5428 legitur,
927 5376 1012 5413 nec
1034 5354 1280 5414 universo
1312 5359 1515 5418 deest...
1537 5376 1656 5416 cum
1684 5361 1923 5434 disponit
1954 5369 2086 5423 uni-

480 5442 592 5480 υρνδ
601 5443 704 5482 um.

549 5497 569 5572 ξ
599 5499 660 5572 in
684 5496 917 5572 furem,
953 5499 1212 5572 transitur
1249 5501 1320 5556 ad
1345 5517 1524 5572 genus.

549 5568 569 5602 ³
600 5569 663 5623 In
684 5567 913 5634 Turon.,
945 5567 1096 5623 deest
1123 5567 1383 5628 seductor.

547 5639 569 5672 ⁴
627 5637 809 5692 Baluz.
821 5679 836 5705 ,
866 5637 1093 5694 indiciis.

545 5708 566 5744 ⁸
621 5707 968 5790 Εὰἱι.,βριιι.
1001 5710 1143 5790 Sixti
1175 5711 1242 5779 V,
1273 5719 1322 5790 et
1365 5727 1696 5790 nequaquam
1723 5717 1962 5790 spiritus.
2004 5721 2083 5775 Ita

491 5791 710 5854 quoque
741 5780 934 5850 Gilot.,
966 5782 1061 5856 qui
1095 5790 1274 5840 tamen
1303 5784 1360 5838 in
1390 5780 1633 5856 margine
1654 5780 1762 5860 pro'
1781 5790 1932 5844 varia
1954 5791 2080 5847 lect.

2201 1919 2452 1976 buuntur
2499 1935 2744 1992 personae
2789 1919 3116 1990 regentium,
3145 1927 3206 1974 ut
3237 1933 3378 1991 saepe
3411 1919 3506 1992 qui
3540 1919 3823 1976 videntur

2199 2008 2353 2076 boni,
2377 2015 2598 2081 accepto
2619 2025 2748 2064 mox
2765 2007 3032 2079 regimine
3048 2015 3458 2080 permutentur;
3491 2007 3642 2065 sicut
3663 2009 3819 2067 Scri-

2199 2104 2360 2171 ptura
2388 2112 2541 2153 sacra
2585 2095 2652 2150 de
2681 2095 2871 2151 eodem
2919 2096 3080 2152 Saule
3114 2097 3326 2166 intulit,
3371 2099 3504 2171 quia
3549 2115 3650 2156 cor
3678 2115 3814 2156 cum

2197 2187 2465 2259 dignitate
2513 2185 2763 2240 mutavit.
2825 2183 2977 2240 Unde
3019 2185 3286 2258 scriptum
3334 2193 3448 2242 est:
3501 2187 3639 2244 Cum
3677 2205 3820 2244 esses

2194 2279 2458 2350 parvulus
2487 2277 2542 2331 in
2571 2275 2738 2331 oculis
2769 2275 2894 2340 tuis,
2925 2281 3085 2346 caput
3119 2282 3164 2332 te
3197 2278 3445 2332 constitui
3473 2278 3532 2332 in
3562 2279 3817 2334 tribubus

2198 2367 2372 2422 Israel
2404 2365 2460 2436 (Ι
2482 2366 2606 2435 Reg.
2640 2380 2735 2432 xv,
2772 2365 2884 2434 17).
2917 2364 3008 2420 Sic
3037 2380 3135 2436 pro
3164 2364 3527 2438 qualitatibus
3556 2365 3816 2422 subdito-

2199 2471 2324 2510 rum
2347 2453 2717 2525 disponuntur
2735 2459 2857 2509 acta
2871 2453 3202 2524 regentium,
3229 2461 3293 2509 ut
3320 2469 3462 2526 saepe
3485 2455 3507 2490 ⁸
3537 2471 3641 2526 pro
3663 2456 3815 2512 malo

2203 2544 2380 2615 gregis
2410 2542 2577 2598 etiam
2617 2557 2745 2597 vere
2774 2540 2907 2596 boni
2936 2540 3224 2614 delinquat
3252 2542 3368 2598 vita
3396 2544 3658 2614 pastoris.
3711 2545 3815 2601 Ille

2193 2632 2364 2700 enim,
2385 2633 2498 2687 Deo
2527 2636 2838 2697 attestante,
2867 2629 3142 2698 laudatus,
3167 2630 3262 2686 ille
3281 2647 3650 2704 supernorum
3688 2649 3812 2706 my-

2191 2720 2486 2776 steriorum
2518 2719 2772 2775 conscius
2791 2718 2970 2775 David
2990 2719 3276 2791 propheta,
3306 2727 3528 2778 tumore
3555 2723 3804 2794 repenti-

2191 2826 2275 2866 nae
2304 2808 2558 2865 elationis
2578 2808 2819 2877 inﬂatus,
2850 2809 3114 2880 populum
3144 2810 3485 2867 numerando
3524 2811 3805 2883 peccavit,

2191 2907 2244 2956 et
2276 2907 2458 2954 tamen
2477 2897 2778 2954 vindictam
2809 2898 3064 2970 populus,
3095 2899 3272 2956 David
3303 2908 3586 2971 peccante,
3607 2917 3801 2958 susce-

2191 2989 2273 3062 pit
2305 2989 2392 3060 (ΙΙ
2415 2989 2541 3058 Reg.
2574 2987 2853 3058 xxxv,l5).
2880 2985 2990 3043 Cur
3011 2986 3148 3044 hoc?
3177 2987 3306 3060 quia
3322 2989 3588 3046 videlicet
3606 3006 3801 3047 secun-

2191 3079 2324 3136 dum
2354 3079 2612 3133 meritum
2644 3077 2888 3149 plebium
2909 3076 3284 3148 disponuntur
3309 3079 3479 3136 corda
3494 3087 3800 3138 rectorum.

2190 3169 2376 3224 Justus
2417 3183 2548 3225 vero
2598 3165 2772 3237 judex
2841 3167 3118 3238 peccantis
3173 3167 3375 3224 vitium
3422 3185 3488 3224 ex
3550 3170 3800 3242 ipsorum

2191 3253 2666 3312 animadversione
2693 3254 2982 3326 corripuit,
3001 3272 3070 3310 ex
3087 3271 3322 3328 quorum
3339 3273 3504 3314 causa
3524 3259 3800 3330 peccavit.

2193 3344 2300 3401 Sed
2347 3343 2478 3416 quia
2523 3344 2638 3415 ipse
2667 3343 2878 3400 scilicet
2929 3361 3028 3400 sua
3057 3346 3344 3403 voluntate
3389 3347 3744 3421 superbiens,
3773 3366 3806 3406 a

2197 3433 2361 3504 culpa
2389 3432 2601 3488 alienus
2642 3448 2752 3488 non
2782 3433 2911 3502 fuit,
2940 3433 3246 3490 vindictam
3275 3437 3454 3510 culpae
3482 3438 3656 3495 etiam
3683 3439 3804 3513 ipse

2193 3521 2450 3594 suscepit.
2481 3523 2616 3577 Nam
2637 3520 2719 3576 ira
2739 3522 2990 3590 saeviens,
3014 3539 3134 3596 qua:
3152 3525 3513 3597 corporaliter
3529 3529 3804 3601 populum

2195 3611 2450 3682 perculit,
2489 3617 2754 3668 rectorem
2784 3627 3003 3684 quoque
3035 3613 3221 3685 populi
3254 3614 3456 3671 intimo
3487 3617 3678 3674 cordis
3707 3620 3803 3675 do-

2195 3699 2311 3754 lore
2327 3699 2642 3770 prostravit.
2667 3698 2890 3757 Certum
2909 3716 3038 3756 vero
3055 3709 3138 3756 est
3153 3701 3300 3774 quod
3319 3703 3397 3759 ita
3421 3703 3531 3760 sibi
3555 3705 3801 3762 invicem

2193 3795 2250 3842 et
2269 3795 2545 3844 rectorum
2568 3787 2763 3844 merita
2779 3796 3178 3845 connectantur
3195 3799 3250 3846 et
3277 3791 3546 3864 plebium,
3570 3801 3628 3850 et
3654 3811 3800 3868 saepe

2197 3892 2266 3932 ex
2295 3877 2460 3948 culpa
2487 3884 2766 3949 pastorum
2783 3877 3022 3934 deterior
3038 3877 3132 3934 ﬁat
3149 3878 3265 3935 vita
3285 3880 3556 3952 plebium,
3574 3889 3631 3938 et
3658 3899 3803 3956 saepe

2191 3979 2261 4020 ex
2289 3965 2534 4038 plebium
2564 3967 2761 4022 merito
2793 3973 3036 4022 mutetur
3068 3967 3186 4024 vita
3217 3976 3530 4041 pastorum.

2265 4051 2405 4125 [νει.
2438 4052 2616 4127 ΧΧΙ.]
2657 4055 2744 4110 36.
2785 4055 2994 4111 Subditi
3015 4059 3272 4128 prwlatos
3317 4059 3477 4114 etiam
3504 4061 3680 4118 malos
3712 4067 3802 4117 to-

2195 4143 2378 4210 lerent,
2400 4142 2446 4198 si
2465 4145 2617 4198 salva
2627 4144 2728 4215 ﬁde
2739 4144 2963 4216 possint.
2983 4147 3272 4203 Humilitas
3290 4149 3420 4204 recti
3434 4151 3800 4222 magistra.—

2192 4229 2298 4287 Sed
2326 4231 2456 4304 quia
2472 4238 2709 4288 rectores
2731 4232 2936 4288 habent
2959 4232 3209 4306 judicem
3239 4253 3425 4310 suum,
3451 4253 3658 4311 magna
3675 4255 3799 4295 cau-

2191 4319 2301 4373 tela
2325 4318 2674 4376 subditorum
2713 4328 2794 4376 est
2831 4337 2945 4377 non
2972 4329 3177 4379 temere
3207 4323 3377 4380 vitam
3403 4323 3666 4396 judicare
3705 4343 3800 4384 re-

2192 4407 2463 4478 gentium.
2505 4409 2692 4481 Neque
2739 4411 2888 4466 enim
2917 4410 3124 4470 frustra
3163 4429 3260 4485 per
3284 4415 3648 4487 semetipsum
3679 4417 3800 4474 Do-

2191 4497 2377 4552 minus
2406 4513 2479 4552 aes
2507 4498 3012 4556 nummulariorum
3042 4501 3205 4570 fudit,
3238 4509 3292 4558 et
3320 4503 3613 4561 cathedras
3654 4521 3798 4562 ven-

2189 4583 2439 4641 dentium
2465 4585 2749 4643 columbas
2769 4588 2967 4643 evertit
2987 4590 3200 4660 (Matth.
3225 4593 3493 4667 xx1,12);
3524 4593 3797 4651 nimirum

2193 4674 2507 4747 significans
2531 4675 2662 4748 quia
2690 4693 2788 4748 per
2815 4677 3104 4750 magistros
3132 4679 3356 4752 quidem
3387 4682 3563 4738 vitam
3580 4683 3801 4756 judicat

2193 4761 2459 4834 plebium,
2489 4762 2584 4819 sed
2623 4779 2718 4834 per
2745 4765 3100 4837 semetipsum
3130 4766 3274 4824 facta
3301 4770 3586 4827 examinat
3614 4771 3798 4845 magi—

2193 4857 2452 4906 strorum.
2486 4851 2752 4918 Quamvis
2770 4852 2937 4909 etiam
2954 4853 3304 4912 subditorum
3326 4857 3484 4927 vitia,
3503 4864 3654 4922 808
3679 4875 3796 4934 qua:

2191 4962 2223 5001 a
2251 4946 2527 5019 magistris
2548 4947 2713 5004 modo
2738 4950 2826 5005 vel
2853 4949 3562 5026 dissimulanturjudicari,
3588 4957 3683 5014 vel
3707 4971 3793 5014 ne-

2190 5043 2420 5108 queunt,
2435 5034 2555 5108 ejus
2581 5039 2773 5110 procul
2795 5038 2966 5097 dubio
2974 5038 3190 5111 judicio
3215 5053 3598 5102 reservantur.
3620 5046 3794 5119 Igitur

3661 5303 3789 5360 uin—-

2194 5296 2500 5366 annotavit,
2529 5303 2580 5353 et
2603 5313 2826 5378 nequam
2853 5299 3104 5380 Spiritus.
3139 5300 3230 5357 Sic
3271 5301 3472 5382 legitur
3510 5304 3570 5385 i_n
3620 5303 3764 5428 ﬁniu-

2195 5385 2300 5428 que
2328 5369 2454 5424 Mss.
2493 5369 2710 5428 Anglic.
2743 5376 2798 5424 et
2826 5378 3049 5428 nostris.
3082 5388 3296 5428 necnon
3327 5391 3386 5428 in
3429 5374 3586 5428 Edit.
3668 5374 3764 5428 astl

3668 5392 3784 5431 asu.

2195 5369 2454 5494 (11333153,
2493 5369 2710 5441 Anglic.
2743 5376 2798 5424 et
2826 5369 3049 5438 nostris,
3082 5388 3296 5428 necnon
3327 5369 3386 5429 in
3429 5374 3586 5432 Edit.

2229 5457 2262 5494 θ
2343 5483 2352 5494 .

2229 5440 2612 5578 ng(iussanv.,
2630 5517 2828 5581 quanto
2845 5527 2948 5566 non
2976 5514 3210 5580 liberius,
3230 5515 3642 5574 reluctantibus
3665 5519 3786 5575 Mss.

2191 5588 2247 5637 et
2269 5581 2341 5636 al.
2376 5581 2644 5652 Vulgatis.

2264 5653 2283 5726 ἶ
2313 5651 2548 5726 ’_I‘_uron.,
2579 5651 2839 5726 Vipdoq,
2869 5655 3084 5724 Norm.,
3119 5656 3356 5726 legimus.

2263 5723 2284 5757 ⁸
2313 5721 2575 5802 Yindoc.,
2627 5723 2871 5796 Ebroic.,
2925 5721 3128 5800 aliique
3167 5721 3400 5796 Norm.,
3453 5745 3561 5802 pro
3601 5729 3782 5788 merito

2189 5793 2378 5866 gregis.
