3928 6372
162 396 272 456 345
900 403 1276 465 MORALIUM
1313 409 1448 469 LIB.
1491 412 1675 473 XXV.
1722 447 1793 459 —
1832 421 1906 478 IN
1950 421 2178 481 CAPUT
2215 425 2459 486 XXXIV
2497 431 2558 486 Β.
2601 433 2745 490 JOB.
3390 443 3496 501 346

164 526 301 639 dati}
328 526 483 639 δειξξᾶ
510 526 737 625 ἧρθγθε
765 527 964 639 igitur,
999 530 1239 639 virtutis
1273 543 1354 590 est
1396 539 1673 639 meritum,
1719 542 1769 599 si
1804 546 1853 606 A
1883 547 2015 618 quia
2038 548 2356 619 Judicantes
2380 551 2612 621 factum,
2644 564 2699 611 et
2729 569 3054 619 venerantes
3085 566 3466 639 magisterium

165 615 445 689 quidquid
470 615 797 715 P'if’fis‘est
824 617 1110 715 ίο¹⁶ῗτ³ῐιιικ
1144 621 1316 715 Debet
1348 632 1527 682 tamen
1558 627 1781 687 humili-
1890 613 2089 692 ᾖοιωῖι
2125 638 2312 695 videre
2342 641 2490 713 quod
2520 613 2734 715 teg'um.
3085 613 3494 640 ···ὐ’“’ν’⁶·“”θ

164 706 509 808 {effugerit
525 706 573 761 Si
594 705 823 761 fortasse
840 708 1019 763 Valeat
1040 711 1187 783 (ΙΠΟά
1204 712 1776 808 ᾀίδριίῦθῐλθωθηάδτί.
1965 726 2109 800 [Rec.
2145 732 2198 786 Χ
2206 733 2281 787 VI
2283 731 2324 806 .]
2352 705 2695 791 1-38.Pastores
2714 740 3090 808 temporalibus
3106 753 3346 801 vacantes
3372 766 3491 804 con-

165 795 276 902 Sell
300 795 611 902 (furati-duit)
632 813 984 902 summopere
999 807 1082 902 est
1111 818 1179 900 ne
1200 802 1259 857 in
1286 804 1603 902 superbiam
1632 816 1777 865 tran-
1891 795 2129 885 leninere,
2157 827 2234 874 est
2260 795 2426 877 Deum
2440 841 2711 880 accusare.
2745 795 2983 884 Potestas
3010 795 3496 902 mandabitis.

162 892 281 984 seat
303 886 540 990 justi‘ti'ae
566 886 896 990 inordinata
923 887 1191 990 deiensio.
1242 909 1310 990 ne
1339 893 1779 990 dum-rectitudo
1891 906 2031 961 trari
2044 923 2149 961 non
2176 915 2343 979 potest
2369 912 2481 966 sine
2515 914 2692 968 studio
2726 932 2868 972 cura:
2897 886 3224 990 temporalis.

162 974 389 1078 incaute
419 973 694 1078 diligitur,
728 975 846 1047 ipsa
872 979 1133 1078 magistra
1170 983 1522 1078 rectitudinis
1551 986 1778 1045 humili-
1891 1010 2021 1050 vero
2050 973 2305 1053 nonnulli
2337 1000 2430 1071 qui
2453 1000 2499 1055 si
2518 1017 2710 1073 parum
2743 1004 2876 1077 quid
2897 1005 2964 1062 de
2990 973 3228 1078 spiritali
3250 973 3497 1068 conver:

160 1067 297 1174 tas"
328 1067 649 1174 amittatur;
679 1080 748 1121 ne
780 1082 908 1174 eum
935 1067 1042 1169 sibi
1070 1086 1299 1174 praeesse
1327 1076 1558 1150 quisque
1586 1078 1780 1151 despi-
1888 1085 2100 1141 satione
2130 1067 2416 1158 inchoant,
2442 1067 2572 1147 cuin
2594 1067 2832 1151 rectores
2846 1113 2973 1154 suos
2990 1067 3314 1170 temporalia
3332 1118 3493 1174 agere

161 1156 297 1265 ciatL,
322 1172 486 1265 qujem
502 1155 1033 1265 thrtasselcontipgit
1064 1166 1125 1215 ut
1149 1161 1206 1217 in
1228 1163 1412 1236 aliqua
1438 1169 1655 1225 actione
1678 1186 1777 1227 re-
1887 1181 1941 1230 et
1969 1181 2187 1232 terrena
2210 1155 2582 1248 considerant,
2609 1199 2739 1238 mox
2759 1185 3013 1244 ordinem
3042 1155 3495 1265 supernwdicspo:

163 1244 491 1318 prehendat.
514 1243 720 1353 antra
743 1244 893 1353 hunc
914 1253 1497 1353 tumorem-superbire,
1516 1256 1769 1314 subdito-
1885 1262 2104 1319 sitionis
2124 1269 2554 1341 accusant,quod
2568 1243 2920 1347 nequaquam
2942 1243 3081 1334 bene

162 1353 292 1393 rum
334 1354 490 1394 mens
531 1336 600 1392 ad
643 1337 951 1394 custodiam
1007 1339 1342 1401 humilitatis
1386 1346 1695 1419 edomatur,
1728 1351 1773 1407 si
1886 1354 2097 1424 praelati
2124 1354 2255 1422 sint,
2280 1372 2375 1428 per
2390 1336 2532 1430 quos
2554 1336 3035 1422 “conversationis
3068 1336 3493 1428 inﬁma:

163 1432 466 1489 inﬁrmitas
503 1432 727 1529 propria
750 1432 1091 1529 incessanter
1118 1439 1439 1529 attenditur.
1464 1444 1599 1500 Nam
1628 1447 1775 1503 vires
1885 1441 1975 1513 pla
2005 1452 2403 1501 monstrantur.
2439 1448 2544 1503 Sed
2566 1447 2625 1505 hi
2654 1452 2920 1510 nimirum
2942 1455 3075 1511 dum
3103 1464 3407 1529 temperare
3435 1478 3491 1518 se

163 1529 384 1620 nostras
417 1522 688 1620 veraciter
706 1523 1036 1620 examinare
1067 1528 1428 1601 negligimus;
1459 1541 1512 1588 et
1542 1534 1671 1607 quia
1698 1535 1765 1593 de
1884 1546 1915 1586 a
1948 1540 2227 1590 rectorum
2264 1552 2492 1592 suorum
2524 1542 2669 1602 809
2715 1542 3140 1614 reprehensione
3182 1522 3489 1620 negligunt,

163 1610 334 1667 nobis
342 1610 581 1716 fortiora
596 1610 895 1716 credimus,
915 1613 1123 1716 idcirco
1139 1635 1231 1675 eos
1249 1619 1344 1691 qui
1374 1621 1534 1677 nobis
1562 1625 1773 1694 praelati
1882 1629 2057 1703 culpae
2088 1648 2198 1688 suae
2235 1634 2585 1705 exigentibus
2607 1610 2840 1707 meritis,
2877 1658 3050 1715 usque
3088 1643 3157 1700 ad
3185 1610 3492 1716 reprehen;

162 1708 300 1757 sunt
328 1700 575 1758 districte
596 1699 930 1772 judicamus.
955 1704 1076 1773 Quo
1091 1708 1240 1764 enim
1263 1710 1627 1783 nosmetipsos
1658 1731 1710 1769 m

1938 1736 2099 1776 onem
2132 1722 2439 1778 conditoris
2455 1725 2473 1757 ”¹
2494 1725 2800 1782 excedunt:
2826 1729 2913 1800 cuj
2924 1699 2987 1783 us
3005 1699 3489 1805 profecto‘dispen-

162 1805 273 1891 nus
292 1791 674 1891 agnoscimus,
694 1805 759 1891 eo
790 1791 914 1891 illos
944 1811 1082 1891 quos
1112 1796 1510 1891 reprehendere
1539 1800 1774 1857 nitimur
1881 1810 2022 1865 satio
2052 1809 2182 1865 inde
2207 1810 2275 1865 ab
2306 1809 2615 1867 humilibus
2646 1815 2848 1871 rectior
2875 1791 3214 1889 agnoscitur,
3245 1791 3393 1878 unde
3422 1823 3491 1879 ab

163 1881 308 1984 plus.
337 1880 609 1984 videmus.
653 1882 675 1917 ³
703 1883 930 1984 ξίρεωει
971 1883 1089 1941 haec
1127 1887 1277 1984 mala
1303 1898 1452 1984 sunt,
1484 1906 1605 1984 quae
1631 1908 1773 1984 saepe
1804 1920 1851 1981 Β
1881 1898 2078 1954 elatis“
2108 1914 2219 1953 non
2237 1906 2386 1955 recta
2398 1899 2702 1971 judicatur.
2737 1904 2877 1971 Quia
2906 1880 3056 1963 enim
3074 1880 3313 1979 potestas
3334 1912 3489 1984 regi-

161 1986 194 2026 a
222 1969 467 2070 subditis
500 1971 559 2070 in
590 1973 866 2070 praelatos,
898 1989 1040 2045 saepe
1069 1989 1100 2029 a
1138 1977 1388 2070 praelatis
1416 1978 1474 2034 in
1498 1980 1775 2070 subditos
1804 1969 1850 1981 ”
1888 1986 2057 2042 minis
2083 1987 2387 2042 ministrari
2402 1969 2519 2044 non
2544 1998 2722 2062 potest
2749 1969 2868 2048 sine
2898 1969 3092 2050 studio.
3111 2012 3257 2052 curre
3284 1969 3491 2070 tempo-
3554 2042 3559 2047 ι

162 2062 618 2158 committuntur,
638 2062 771 2158 quia
789 2069 843 2119 et
859 2078 1049 2119 omnes
1068 2063 1321 2122 subditos
1332 2066 1391 2123 hi
1414 2068 1509 2141 qui
1532 2080 1775 2141 praesunt
1886 2075 2036 2143 ralis,
2068 2075 2369 2148 aliquando
2386 2078 2738 2150 omnipotens
2758 2082 2903 2138 Deus
2920 2084 3059 2141 mira
3077 2062 3488 2158 dispensatione

162 2152 353 2209 minus
383 2169 548 2226 quam
580 2154 685 2226 ipsi
719 2162 850 2210 sunt
878 2156 1152 2228 sapientes
1181 2158 1541 2229 arbitrantur,
1564 2169 1617 2216 et
1638 2178 1774 2217 rur-
1884 2162 2127 2235 pietatis,
2148 2171 2212 2220 ut
2238 2171 2439 2221 tenerae
2455 2166 2789 2239 spiritalium
2823 2181 3035 2229 mentes
3066 2190 3096 2229 a
3116 2152 3332 2233 terrena
3356 2197 3490 2237 cura

161 2259 290 2298 sum
317 2243 414 2317 qui
441 2242 676 2315 subjecti
705 2252 835 2300 sunt
858 2253 1135 2302 rectorum
1166 2262 1391 2304 suorum
1420 2250 1667 2308 actiones
1685 2250 1772 2323 ju-
1885 2251 2175 2324 disjunctae
2205 2253 2337 2323 sint,
2376 2272 2516 2313 onus
2551 2258 2837 2329 regiminis
2885 2261 3041 2320 duris
3090 2280 3154 2322 ac
3201 2266 3490 2326 laboriosis

160 2332 375 2402 dicant,
407 2341 463 2389 et
490 2332 535 2390 si
568 2334 715 2405 ipsos
737 2335 759 2368 ³
799 2335 1044 2407 regimen
1088 2336 1287 2395 habere
1319 2340 1682 2412 contingeret,
1716 2357 1772 2397 se
1884 2342 2143 2399 cordibus
2172 2342 2437 2415 injungit,
2467 2352 2531 2402 ut
2557 2353 2716 2404 tanto
2746 2349 2855 2405 illa;
2882 2350 2951 2407 ab
2979 2351 3086 2410 hoc
3110 2356 3319 2413 mundo
3338 2373 3490 2415 secu-

160 2423 408 2497 potuisse
439 2439 597 2497 agere
630 2424 828 2481 melius
851 2432 1066 2498 putant.
1098 2427 1252 2484 Unde
1276 2430 1599 2503 plerumque
1620 2430 1683 2486 ﬁt
1710 2441 1773 2489 ut
1884 2431 2000 2487 rius
2030 2433 2251 2501 lateant,
2283 2440 2493 2505 quanto
2525 2434 2645 2492 haec
2670 2437 2728 2492 in
2759 2444 2991 2497 terrenis
3018 2442 3490 2502 sollicitudinibus

159 2521 214 2606 et
247 2521 489 2606 rectores
517 2514 702 2570 minus
733 2514 1030 2587 prudenter
1054 2532 1115 2573 ea
1146 2533 1267 2591 quae
1297 2519 1506 2590 agenda
1529 2528 1658 2577 sunt
1674 2521 1771 2577 vi-
1882 2520 2118 2576 libenter
2146 2520 2448 2578 elaborant.
2498 2524 2561 2579 In
2610 2524 2959 2584 exhibitione
3002 2530 3203 2603 quippe
3248 2535 3488 2606 suscepti

160 2603 349 2673 deant,
373 2605 504 2678 quia
522 2620 713 2661 eorum
730 2606 920 2661 oculos
948 2607 1065 2678 ipsa
1084 2607 1285 2664 nebula
1302 2609 1557 2666 elationis
1574 2610 1769 2669 obscu-
1881 2608 2067 2666 oneris
2096 2625 2194 2681 pro
2216 2609 2350 2681 ipsis
2369 2627 2589 2684 quoque
2616 2614 2957 2673 utilitatibus
2978 2618 3330 2677 subditorum
3348 2623 3369 2658 ’
3391 2603 3491 2679 du-

160 2701 265 2761 rat;
286 2700 342 2749 et
357 2710 757 2767 nonnunquam
782 2693 828 2748 is
843 2694 935 2766 qui
959 2695 1239 2767 subjectus
1257 2706 1337 2755 est
1359 2698 1465 2755 hoc
1478 2717 1604 2757 cum
1633 2718 1767 2774 praa-
1881 2716 1955 2755 rte
1980 2699 2085 2754 vim
2114 2707 2244 2756 sunt
2277 2701 2572 2761 mundanae
2600 2705 2906 2763 servitutis.

163 2782 311 2840 latus
324 2782 701 2852 fueritfaciat,
738 2783 885 2857 quod
905 2784 1116 2841 dudum
1144 2786 1264 2843 ﬁeri
1281 2787 1561 2861 subjectus
1581 2807 1768 2863 argue-
1951 2788 2040 2845 39.
2072 2791 2335 2856 Quantum
2359 2792 2636 2848 debeamus
2654 2795 2722 2850 iis
2748 2797 2842 2865 qui
2867 2815 2904 2851 α
2925 2800 3295 2869 temporalium
3331 2817 3485 2868 cura,

152 2872 251 2929 bat
278 2891 291 2940 ;
324 2880 380 2929 et
411 2889 513 2944 pro
537 2888 603 2928 eo
633 2872 781 2945 quod
810 2873 907 2927 illa
935 2889 1057 2945 quae
1094 2873 1441 2946 judicaverat
1470 2886 1762 2951 perpetrat,
1878 2876 2013 2948 ipsis
2040 2879 2299 2946 vacando,
2319 2895 2416 2934 nos
2445 2881 2849 2939 liberant—Et
2874 2902 3036 2957 sape,
3060 2894 3123 2942 ut
3150 2887 3362 2945 dictum
3380 2898 3483 2957 est,

156 2962 354 3019 saltem
391 2961 523 3035 quia
542 2959 821 3032 judicavit
839 2961 1142 3020 erubescat.
1168 2964 1342 3035 Igitur
1356 2965 1500 3021 sicut
1528 2969 1767 3038 praelatis
1878 2964 2192 3022 misericors
2219 2967 2365 3021 Deus
2391 2983 2501 3039 quo
2525 2985 2655 3026 suos
2674 2977 2861 3027 tenere
2884 2973 3090 3044 diligit,
3119 2990 3185 3030 eo
3212 2976 3339 3032 illos
3365 2979 3488 3033 sol-

154 3049 467 3107 curandum
492 3056 664 3105 estne
680 3066 869 3106 eorum
886 3050 1054 3107 corda
1073 3052 1437 3109 aestimatione
1463 3053 1764 3128 singularis
1879 3055 2030 3127 licite
2059 3055 2128 3111 ab
2155 3056 2400 3112 externis
2423 3058 2737 3117 actionibus
2765 3060 3074 3119 abscondit.
3105 3064 3242 3120 Nam
3278 3074 3334 3121 et
3361 3067 3487 3136 ple-

157 3142 446 3216 sapientize
478 3142 631 3198 locus
646 3141 898 3213 superior
927 3143 1179 3210 extollat,
1198 3143 1273 3199 ita
1300 3143 1564 3215 subjectis
1580 3146 1764 3216 provi-
1875 3159 2111 3217 rumque
2139 3144 2536 3218 paterfamilias
2559 3139 2628 3196 ad
2656 3160 2782 3204 eum
2808 3150 3047 3207 laborem
3065 3167 3252 3208 servos
3267 3152 3483 3226 dirigit,

154 3231 401 3290 dandum
436 3238 517 3287 est
543 3246 612 3287 ne
642 3229 747 3286 sibi
788 3238 1061 3287 rectorum
1095 3232 1239 3288 facta
1271 3231 1616 3305 displiceant.
1801 3275 1846 3336 Ο
1875 3247 1907 3287 a
1937 3234 1982 3268 ¹⁰
2002 3250 2112 3307 quo
2141 3234 2372 3292 subtiles
2400 3235 2547 3293 ﬁlios
2588 3239 2909 3310 suspendit;
2947 3248 3001 3296 et
3043 3241 3173 3297 inde
3220 3241 3321 3297 ﬁlii
3367 3243 3486 3299 sine

229 3321 374 3397 [γει.
397 3320 609 3396 ΧΧΙῙ.]
629 3321 716 3377 37.
736 3323 984 3378 Pastores
1001 3322 1135 3378 mali
1159 3323 1480 3391 honorandi,
1511 3341 1619 3379 non
1653 3324 1765 3378 imi-
1804 3320 1846 3336 ν
1881 3324 2174 3378 vexatione
2202 3324 2389 3381 decori
2415 3331 2564 3393 sunt,
2593 3326 2739 3383 unde
2753 3327 2899 3383 servi
2927 3328 2985 3384 in
3012 3331 3239 3402 pulvere
3268 3331 3489 3387 faedan-

160 3411 471 3469 tandi.—Si
501 3419 684 3467 autem
713 3412 1102 3483 magistrorum
1132 3413 1249 3469 vita
1257 3411 1383 3486 jure
1413 3412 1769 3486 reprehendi-
1881 3416 1993 3467 tur.
2024 3412 2183 3480 Quod
2214 3430 2377 3487 quam
2416 3422 2565 3472 recte
2595 3415 2654 3472 in
2700 3418 2950 3474 Ecclesia
2977 3418 3250 3477 divinitus
3279 3420 3481 3493 agitur,

158 3511 272 3572 tur,
292 3510 510 3576 oportet
529 3510 591 3558 ut
611 3519 704 3559 eos
720 3502 949 3572 subditi,
974 3504 1140 3561 etiam
1162 3520 1286 3561 cum
1308 3504 1654 3577 displicent,‘
1676 3522 1766 3561 ve.
1884 3499 2002 3574 ipsa
2029 3502 2367 3561 tabernaculi
2394 3506 2810 3564 constructione
2845 3506 3113 3580 signatur.
3145 3509 3232 3565 Ad
3256 3510 3485 3581 Moysen

155 3601 447 3652 uerentur.
469 3591 614 3667 [Rec.
638 3590 784 3667 XV.]
813 3592 919 3649 Sed
940 3592 1047 3651 hoc
1066 3601 1147 3650 est
1164 3593 1393 3650 solerter
1414 3593 1766 3663 intuendum,
1884 3595 2086 3662 quippe
2122 3590 2314 3649 divina
2344 3609 2478 3651 voce
2511 3594 2831 3668 pracipitur
2855 3603 2919 3652 ut
2961 3595 3030 3653 ad
3076 3597 3309 3668 tegenda
3332 3596 3486 3652 inte—

156 3700 227 3740 ne
258 3689 357 3738 aut
406 3699 568 3756 quem
601 3681 855 3738 venerari
885 3698 1111 3739 necesse
1141 3690 1243 3750 est,
1279 3683 1486 3740 imitari
1524 3691 1768 3756 appetas,
1884 3679 2002 3735 rius
2028 3688 2218 3738 sancta
2253 3691 2571 3741 sanctorum
2610 3700 2681 3740 ex
2721 3686 2908 3759 bysso,
2938 3701 3105 3742 cocco
3140 3692 3303 3758 atque
3334 3684 3485 3755 hya-

156 3780 257 3831 aut
287 3788 451 3845 quem
480 3772 686 3828 imitari
716 3771 972 3844 despicis,
990 3773 1244 3829 venerari
1272 3780 1611 3831 contemnas.
1632 3775 1769 3831 Sub-
1881 3769 2077 3827 cintho
2106 3773 2229 3829 vela
2254 3780 2534 3842 texantur,
2562 3773 2890 3848 jussumque
2917 3782 2999 3831 est
3014 3782 3076 3831 ut
3102 3774 3169 3830 ad
3200 3781 3485 3846 protegen-

156 3862 278 3919 tilis
300 3861 507 3918 etenim
526 3860 616 3916 via
644 3860 886 3917 tenenda
912 3869 994 3917 est
1024 3861 1378 3919 rectitudinis
1405 3869 1460 3919 et
1487 3861 1769 3920 bumilita-
1883 3858 2016 3916 dum
2041 3860 2480 3931 tabernaculum,
2512 3864 2635 3919 vela
2662 3863 2890 3921 cilicina
2918 3870 2973 3919 et
3015 3863 3184 3936 pelles
3209 3862 3486 3920 extende-

157 3953 251 4021 tis,
285 3958 347 4008 ut
375 3951 455 4007 sic
484 3949 819 4022 reprehensi
832 3950 969 4006 bilia
1000 3950 1388 4023 magistrorum
1419 3951 1563 4009 facta
1586 3952 1771 4025 dispi-
1882 3956 1985 4017 ret,
2013 3966 2136 4023 qua
2161 3950 2429 4007 nimirum
2452 3952 2537 4007 vel
2561 3952 2799 4023 pluvias,
2817 3953 2905 4008 vel
2935 3958 3148 4017 ventos,
3181 3951 3268 4005 vel
3294 3950 3482 4023 pulve-

165 4049 317 4110 eant,
351 4047 623 4115 quatenus
652 4040 1003 4097 subditorum
1047 4056 1204 4097 mens
1233 4057 1263 4097 a
1284 4042 1552 4099 servanda
1580 4042 1774 4115 magis-
1884 4055 1995 4096 rem
2026 4041 2327 4096 tolerarent
2359 4039 2565 4113 (Exod.
2598 4056 2756 4107 xxvr,
2787 4041 2863 4112 l).
2883 4039 3029 4107 Quid
3049 4053 3176 4111 ergo
3192 4054 3287 4110 per
3315 4037 3485 4110 pelles

158 4130 294 4188 terii
322 4128 640 4187 reverentia
667 4145 781 4185 non
808 4128 1045 4187 recedat.
1087 4130 1246 4198 Quod
1273 4130 1410 4187 bene
1439 4132 1496 4187 in
1522 4132 1635 4189 Noe
1663 4131 1770 4189 de—
1880 4136 1934 4185 et
1960 4128 2163 4197 cilicia,
2195 4129 2400 4202 quibus
2426 4128 2846 4187 tabernaculum
2873 4129 3096 4202 tegitur,
3130 4127 3240 4184 nisi
3270 4143 3484 4201 grossas

155 4221 342 4278 briato
367 4219 724 4293 exprimitur,
752 4217 913 4290 cujus
932 4219 1137 4277 nudata
1159 4222 1180 4255 ⁸
1212 4220 1609 4278 verecundiora
1634 4221 1769 4278 boni
1880 4218 2173 4277 hominum
2204 4228 2416 4278 mentes
2443 4220 2768 4293 accipimus,
2804 4237 2926 4295 quae
2955 4218 3253 4294 aliquando
3274 4219 3335 4276 in
3363 4219 3483 4274 Ec-

156 4308 265 4366 ﬁlii
290 4309 466 4365 aversi
488 4307 762 4365 veniendo
794 4316 1049 4365 texerunt
1081 4310 1290 4382 (Cenes.
1323 4326 1402 4380 Ix,
1435 4311 1551 4383 23).
1583 4312 1769 4367 Aver—
1880 4309 2047 4366 clesia
2071 4311 2291 4367 occulto
2317 4310 2418 4367 Dei
2442 4309 2679 4383 judicio,
2715 4310 2969 4384 quamvis
2996 4309 3148 4367 dum
3176 4309 3308 4375 sint,
3336 4325 3484 4382 prae-

157 4399 270 4457 sari
301 4399 506 4473 quippe
538 4397 782 4455 dicimur
810 4399 957 4472 quod
977 4399 1509 4473 reprobamus.Quid
1532 4408 1614 4459 est
1640 4418 1769 4474 ergo
1881 4398 2135 4456 feruntur
2159 4399 2188 4457 ‘l
2218 4399 2349 4468 Quae
2379 4400 2510 4475 quia
2537 4399 2745 4456 servire
2772 4399 2921 4456 curis
2952 4399 3350 4472 temporalibus
3368 4415 3481 4455 non

157 4489 310 4564 quod
336 4489 441 4547 ﬁlii
472 4489 784 4547 verecunda
813 4489 985 4562 patris
1022 4489 1331 4564 superjecto
1372 4490 1551 4548 dorsis
1601 4492 1770 4565 pallio
1880 4489 2098 4559 timent,
2130 4496 2348 4563 oportet
2382 4498 2444 4547 ut
2472 4488 2842 4546 tentationum
2868 4497 3063 4546 ventos
3092 4496 3147 4545 et
3174 4488 3389 4561 pluvias
3415 4487 3483 4546 de

156 4579 343 4681 aversi
370 4579 658 4680 venientes
686 4580 964 4652 operiunt,
1004 4580 1113 4686 nisi
1164 4580 1311 4686 quod
1340 4579 1501 4639 bouis
1530 4580 1770 4638 subditis
1802 4628 1851 4686 Β
1880 4577 2052 4686 hujus
2082 4579 2276 4686 mundi
2305 4578 2793 4686 contrarietatibus
2808 4586 3048 4678 portent.
3072 4576 3219 4646 Quid
3241 4594 3370 4679 vero
3388 4594 3485 4651 per

155 4670 242 4728 sic
270 4668 690 4744 prapositorum
720 4685 945 4725 suorum
976 4668 1121 4724 mala
1148 4668 1465 4742 displicent,
1496 4675 1558 4725 ut
1584 4676 1769 4727 tamen
1804 4667 1850 4686 υ
1881 4668 2279 4741 hyacinthum,
2309 4685 2557 4736 coccum,
2581 4667 2918 4742 byssumque
2939 4667 3206 4741 signatur,
3224 4668 3333 4724 nisi
3361 4684 3481 4725 san-

156 4759 278 4816 haec
297 4759 367 4816 ab
381 4758 508 4817 aliis
522 4758 836 4816 occultent?
853 4757 1270 4831 Operimentum
1288 4758 1467 4815 aversi
1486 4758 1764 4828 deferunt,
1872 4767 2088 4816 ctorum
2119 4758 2238 4816 vita
2261 4766 2468 4828 tenera,
2516 4758 2612 4815 sed
2649 4758 2797 4816 clara
2820 4757 2849 4813 ἢ
2891 4757 3027 4826 Quae
3064 4757 3202 4815 dum
3233 4763 3390 4816 caute
3416 4756 3476 4811 in

235 4933 254 5003 ἕ
284 4930 539 5003 Longip.,
570 4930 915 5003 immuteturs
963 4930 1173 4999 Baluz.,
1218 4937 1495 5003 corrupte,
1535 4937 1762 4987 ametur.
1908 5002 1921 5003 ί
1946 4931 1969 4965 ⁸
1997 4930 2129 5003 Post
2157 4929 2278 4987 haec
2295 4928 2464 5003 verba
2473 4926 2537 5003 in
2556 4927 2744 5003 Batus.
2765 4925 3207 5003 le_gitur_e._1:plicit
3224 4923 3478 5003 lib._xxv.

237 5002 260 5038 ³
287 4994 536 5075 Vulgati,
567 5002 866 5075 communia
896 4994 1177 5075 hiecmala
1205 5008 1344 5075 sua}.
1384 4994 1638 5075 Nostram
1678 5003 1769 5075 le-
1818 5050 1825 5057 .
1874 5002 1986 5075 Nec
2014 5001 2113 5056 lib.
2143 5016 2285 5075 xxv:
2314 4999 2513 5073 incipit
2541 4998 2651 5055 nisi
2669 4997 2738 5054 ab
2766 4994 2856 5054 his
2875 4994 3069 5053 verbis
3078 5014 3089 5052 :
3124 4994 3414 5066 nunquida
3432 5002 3479 5050 te

155 5072 426 5131 ctionem'
465 5073 755 5131 continent
802 5074 931 5130 Mss.
982 5072 1243 5142 Vindoc.,
1281 5073 1513 5141 Turon.,
1542 5072 1764 5131 Ebroic.
1876 5074 2022 5130 Deus
2051 5072 2268 5143 expetit,
2298 5078 2405 5143 etc.

156 5145 370 5219 aliique
395 5145 590 5219 Norm.
620 5145 689 5219 ad
704 5161 867 5219 quam
884 5136 1655 5219 praeferendampotissimum
1669 5161 1771 5203 nos
1896 5216 1931 5219 μ
1950 5145 1971 5179 ⁵
2006 5144 2089 5219 Ita
2113 5136 2297 5210 Colb.,
2324 5142 2529 5198 Turon.
2548 5148 2622 5219 -et
2644 5140 2839 5219 gloria.
2868 5136 3031 5219 Edit;
3060 5144 3481 5219 vet.,_eerecun-

156 5209 422 5290 impellit,
446 5216 596 5290 quod
626 5209 738 5290 vix'
766 5209 1086 5290 cominum'a,
1120 5216 1174 5290 si
1215 5209 1367 5289 prius
1395 5216 1537 5290 lecta
1577 5215 1773 5290 fuisset
1876 5216 1967 5290 dia
1983 5232 2004 5280 ;
2031 5209 2288 5290 [tacentur
2308 5212 2619 5269 verecunda.
2641 5210 2746 5268 Ed.
2778 5217 2964 5267 tamen
2992 5209 3167 5267 Paris.
3204 5209 3342 5268 1495
3381 5210 3479 5268 ha-

156 5285 283 5369 hm'c
317 5285 481 5371 vox,"
504 5288 711 5371 mutari
742 5285 1098 5371 potuisset
1128 5285 1339 5371 singula
1370 5305 1384 5354 ;
1440 5288 1591 5360 prior
1618 5288 1768 5371 enim
1879 5288 1973 5371 bet
1998 5285 2398 5371 uerecundigfq.

155 5361 343 5442 aptior
371 5352 596 5442 videtur
617 5352 1170 5442 posteriore._Sciolus
1190 5352 1501 5442 itaquenon
1533 5358 1773 5442 probans
1951 5359 1976 5442 ξ
2006 5358 2231 5442 Χθῐθτθε
2263 5352 2884 5442 Edit.,_conversationis
2912 5353 3161 5426 inﬁrmw.

154 5429 371 5513 singula
394 5429 665 5513 {memnto
682 5437 807 5513 sunt
837 5432 1095 5513 (fortasse
1109 5431 1264 5513 quod
1283 5429 1391 5513 non
1414 5429 1768 5513 intelligeret)
1878 5504 1889 5513 ι
1951 5429 1977 5513 ’ξ
2008 5429 2241 5513 Iuron.,
2274 5433 2485 5513 exeunt.

156 5495 516 5560 scribendum
539 5502 757 5575 putavit
780 5495 1209 5575 co‘mmuuiah'cec
1228 5505 1369 5559 mala
1389 5508 1531 5575 sunt.
1552 5495 1774 5575 optima
1878 5504 1889 5519 ‘
1955 5501 1978 5575 ἒ
2002 5495 2305 5575 gussanv.,
2333 5499 2538 5575 aliique
2565 5497 2696 5575 Ed.,
2726 5514 2831 5553 non
2851 5502 2988 5575 recte
3002 5495 3311 5575 iudicatur.

156 5582 347 5648 tamen
377 5582 460 5648 est
488 5568 642 5648 prior
674 5574 870 5648 lectio,
913 5590 1027 5648 qua
1055 5568 1771 5648 signiﬁcaturqsingulgrum
1953 5574 1975 5609 ο
2001 5571 2154 5629 Editi
2181 5578 2413 5648 recent,
2443 5568 2595 5648 dune
2622 5570 2911 5648 vitiumet.
2943 5568 3480 5648 Alia_m_lectio_ne_m,

157 5663 277 5719 esse
294 5646 435 5719 vitia
453 5639 575 5719 quae
596 5639 893 5718 Gregorius
909 5639 1228 5719 insectatur.
1250 5648 1311 5702 lu
1328 5639 1594 5702 Baluzfet
1609 5644 1766 5702 Colb.
1880 5660 2050 5719 quam
2061 5641 2831 5719 antep_onimus,_haben_t_Mss.
2850 5639 3235 5709 Tur.,Vindoc
3262 5682 3278 5707 ,
3296 5640 3481 5719 Colb.,

156 5710 536 5789 nihilominus
554 5710 1060 5789 exsta'tcommuaia
1088 5718 1193 5789 hac
1220 5719 1366 5774 mala
1394 5724 1535 5777 sunt.
1880 5710 2138 5789 Longip.,
2166 5710 2639 5789 Ebroic.,aliique
2660 5714 2945 5789 Plurimae,
2973 5727 3187 5789 necnon
3204 5718 3329 5789 vet.
3372 5710 3477 5766 Ed.

231 5792 254 5862 3
287 5787 809 5862 Vindog.,__Ebroic_.
840 5796 895 5862 et
922 5787 1020 5862 alii
1058 5788 1269 5857 Norm.,
1304 5789 1534 5862 regimen
1578 5795 1764 5847 tenere.
1882 5860 1908 5862 _
1956 5782 3064 5862 ‘°'lt'a'Yindoc”Turo'n_.,_golb.‘,_l’ratel.
3087 5790 3143 5839 et
3170 5782 3268 5838 alii
3282 5782 3474 5840 Narin.

156 5861 348 5919 Baluz.
387 5867 444 5919 et
472 5858 656 5930 Colb.,
688 5859 957 5934 regiminis
986 5876 1171 5916 curam
1196 5856 1392 5934 gerere.
1880 5860 2103 5917 Recent.
2137 5858 2314 5928 Editi,
2343 5876 2376 5914 a
2396 5875 2501 5930 quo
2521 5856 2771 5913 subtilius
2798 5856 2956 5929 ﬁlios.
