3928 6388
475 407 582 466 347

1677 401 1925 460 SANCTI
1963 401 2304 460 GBEGORII
2351 401 2580 460 MAGNI

3690 402 3799 463 348

473 529 825 588 tabernaculo
861 528 964 585 sub
994 528 1196 586 ciliciis
1226 537 1280 584 et
1309 529 1548 601 pellibus
1569 529 1947 597 absconditur,
1979 545 2080 585 sua
2109 529 2156 588 Α
2187 526 2627 598 praenuntiantia
2652 525 2837 583 studio
2863 525 3214 595 dicitur,non
3231 524 3612 584 maledicentis
3637 533 3795 592 voto;

475 619 525 674 ei
554 619 764 689 integra
790 617 1146 690 pulchritudo
1181 625 1450 675 servatur.
1485 620 1556 676 Ut
1582 621 1729 675 enim
1760 619 1820 674 in
1849 621 2072 676 interio-

476 707 632 764 ribus
680 706 1018 762 tabernaculi
1065 707 1264 777 byssus
1306 708 1530 779 fulgeat,
1571 725 1766 764 coccus
1801 719 2069 779 coruscet,

471 795 818 870 hyacinthus
845 795 1078 852 caeruleo
1107 795 1290 852 colore
1317 796 1680 867 resplendeat,
1702 795 1934 868 desuper
1963 799 2073 870 pel-

477 887 556 942 les
592 893 647 940 et
691 885 874 941 cilicia
911 884 1136 952 imbres,
1191 893 1382 941 ventos
1413 893 1464 940 et
1513 885 1795 955 pulverem
1831 893 2068 957 portant.

476 975 583 1042 Qui
606 975 775 1046 igitur
805 973 1018 1044 magnis
1043 973 1348 1029 virtutibus
1368 974 1424 1028 in
1446 983 1646 1031 sanctae
1661 977 1920 1033 Ecclesiae.
1949 978 2075 1034 sinu

476 1063 794 1137 proﬁciunt,
851 1064 1268 1135 praepositorum
1311 1079 1537 1120 suorum
1576 1066 1749 1120 vitam
1796 1065 2074 1138 despicere

475 1170 588 1210 non
617 1153 840 1222 debent,
870 1171 996 1211 cum
1029 1171 1222 1211 vacare
1252 1171 1344 1211 eos
1377 1155 1543 1211 rebus
1579 1155 1950 1212 exterioribus
1980 1155 2076 1210 vi-

475 1241 628 1310 dent,
661 1242 790 1314 quia
807 1242 913 1300 hoc
928 1243 1074 1316 quod
1105 1244 1209 1316 ipsi
1239 1245 1418 1300 securi
1448 1245 1647 1300 intima
1675 1252 1982 1316 penetrant,
2007 1261 2077 1301 ex

475 1329 698 1386 illorum
752 1330 1072 1404 adjumento
1118 1343 1200 1390 est
1245 1333 1340 1406 qui
1387 1343 1579 1390 contra
1618 1335 1884 1406 procellas
1909 1332 2078 1405 hujus

479 1420 667 1476 saeculi
697 1422 944 1478 exterius
973 1423 1244 1480 laborant.
1291 1423 1465 1491 Quam
1505 1425 1654 1480 enim
1689 1423 1946 1480 candoris
1989 1423 2076 1479 sui

477 1509 706 1580 gratiam
738 1511 1020 1580 retineret,
1047 1512 1090 1567 si
1124 1511 1350 1583 byssum
1395 1511 1584 1585 pluvia
1610 1519 1856 1584 tangeret
1885 1511 1912 1567 ?
1964 1512 2078 1568 Aut

476 1597 612 1671 quid
634 1599 867 1671 fulgoris
887 1609 1052 1673 atque
1082 1601 1350 1658 claritatis
1377 1619 1572 1660 coccus
1604 1603 1688 1657 vel
1739 1600 2076 1672 hyacinthus

477 1687 809 1754 ostenderet,
843 1689 888 1744 si
919 1689 1036 1744 haec
1065 1697 1352 1761 susceptus
1381 1691 1568 1762 pulvis
1595 1690 1864 1748 foedaret?
1885 1692 1968 1746 Sit
1993 1709 2075 1748 er-

477 1790 544 1846 go
561 1774 793 1846 desuper
807 1783 1027 1831 textura
1045 1775 1217 1832 cilicii
1237 1775 1398 1832 fortis
1419 1776 1488 1832 ad
1509 1778 1812 1849 pulverem,
1831 1779 1904 1834 sit
1925 1778 2076 1834 infe—

2185 617 2542 672 Obscurentur
2571 616 2711 672 oculi
2756 633 2959 683 eorum,
3006 633 3068 672 ne
3093 617 3328 682 videant,
3357 622 3406 672 et
3449 616 3676 672 dorsum
3703 634 3800 672 eo—

2181 724 2304 762 rum
2333 724 2536 778 semper
2563 707 2788 761 incurva
2821 705 2996 776 (Psal.
3029 723 3226 773 vam,
3274 706 3390 778 24).
3422 706 3504 762 Ac
3528 707 3574 762 si
3607 706 3795 763 dicat:

2181 795 2286 862 Qui
2317 797 2574 852 humanae
2602 795 2730 850 vita:
2754 792 3067 851 actionibus
3099 794 3252 867 quasi
3285 794 3660 867 praevidendis
3694 795 3802 852 iti-

2181 886 2406 942 neribus
2439 891 2703 957 praesunt,
2737 885 3182 942 veritatislucem
3215 902 3326 941 non
3355 885 3618 954 habeant,
3655 893 3721 942 ut
3748 895 3802 944 et

2182 975 2277 1048 qui
2308 981 2615 1046 sequuntur
2640 972 2873 1040 subditi,
2895 973 3256 1046 iniquitatum
3285 991 3509 1030 suarum
3531 975 3802 1047 oneribus

2183 1062 2480 1130 incurvati,
2506 1078 2725 1117 omnem
2741 1069 2943 1118 statum
2967 1062 3320 1119 rectitudinis
3337 1063 3619 1122 amittant.
3639 1065 3803 1132 Quod

2183 1153 2388 1208 factum
2422 1153 2611 1224 procul
2643 1152 2814 1210 dubio
2847 1153 2904 1209 in
2934 1153 3123 1209 Iudaea
3151 1153 3567 1222 novimus,cum
3593 1156 3654 1212 in
3679 1155 3802 1228 ipso

2184 1241 2359 1296 nostri
2391 1241 2774 1314 Redemptoris
2795 1245 2820 1280 ²
2834 1241 3083 1298 adventu
3112 1241 3510 1314 pharisazorum
3529 1243 3699 1301 turba
3722 1253 3800 1302 at-

2185 1345 2289 1402 que
2320 1329 2665 1386 sacerdotum
2699 1348 2730 1386 a
2759 1347 2890 1386 vero
2910 1331 3122 1386 lumine
3142 1331 3344 1387 mentis
3361 1332 3553 1388 oculos
3572 1333 3800 1402 clausit,

2185 1427 2237 1474 et
2277 1435 2373 1490 per
2407 1420 2828 1492 praepositorum
2861 1422 3114 1494 exempla
3140 1421 3394 1494 gradiens
3417 1423 3478 1478 in
3499 1421 3802 1482 inﬁdelita-

2183 1507 2256 1564 tis
2285 1509 2525 1565 tenebris
2555 1511 2790 1582 populus
2819 1511 3042 1568 erravit.

2254 1597 2343 1654 41.
2379 1601 2492 1666 Quo
2521 1617 2675 1655 sensu
2706 1601 2848 1656 Deus
2870 1599 3038 1670 faciat
3071 1617 3294 1671 regnare
3337 1601 3694 1673 hypocrita-m.
3727 1634 3799 1646 —

2184 1687 2290 1743 Sed
2319 1689 2491 1762 quaeri
2519 1690 2924 1746 rationabiliter
2944 1699 3120 1760 potest
3149 1690 3428 1762 quomodo
3449 1690 3556 1748 hoc
3585 1693 3647 1748 in
3674 1694 3799 1751 loco

2183 1775 2390 1834 dicitur
2417 1779 2564 1852 quod
2592 1795 2820 1850 regnare
2837 1779 3186 1853 hypocritam
3205 1781 3476 1838 Dominus
3502 1783 3798 1853 facit,cum

471 1864 592 1920 rius
621 1863 775 1920 color
812 1862 1212 1936 hyacinthinus
1239 1873 1398 1935 aptus
1435 1865 1503 1921 ad
1551 1865 1822 1922 decorem.
1867 1867 2076 1924 Ornent
2102 1884 2149 1946 Β
2183 1867 2250 1923 de
2278 1869 2382 1924 hac
2410 1885 2468 1925 re
2497 1868 2813 1940 specialiter
2834 1885 2929 1943 per
2950 1869 3277 1942 prophetam
3305 1872 3692 1945 conqueritur,
3714 1875 3802 1930 di-

394 2021 399 2028 .
479 1951 784 2008 Ecclesiam
815 1952 910 2026 qui
941 1953 1074 2009 solis
1095 1953 1258 2009 rebus
1277 1953 1620 2026 spiritalibus
1645 1964 1860 2024 vacant,
1891 1964 2075 2028 tegant

476 2041 805 2111 Ecclesiam,
849 2059 987 2116 quos
1035 2051 1090 2099 et
1125 2043 1280 2100 labor
1327 2060 1510 2100 rerum
1544 2045 1912 2116 corporalium
1962 2061 2072 2101 non

475 2140 684 2204 gravat.
717 2133 1072 2206 Nequaquam
1103 2149 1232 2204 ergo
1258 2141 1450 2190 contra
1479 2143 1744 2190 rectorem
1773 2151 1934 2190 suum
1965 2151 2074 2192 ex-

471 2229 678 2285 teriora
701 2227 845 2281 810
875 2237 1125 2300 agentem
1157 2238 1464 2285 murmuret
1494 2229 1542 2286 is
1570 2231 1665 2302 qui
1695 2230 1840 2286 intra
1873 2231 2073 2288 Eccle-

474 2316 615 2374 siam
645 2324 888 2373 sanctam
913 2315 1031 2388 jam
1059 2317 1386 2388 spiritaliter
1410 2316 1602 2388 fulget.
1623 2317 1682 2373 Si
1711 2319 1858 2373 enim
1890 2328 1948 2375 tu
1978 2337 2072 2376 se—

470 2421 601 2461 cure
627 2406 860 2461 interius
881 2413 942 2461 ut
970 2422 1167 2462 coccus
1208 2405 1426 2473 rutilas,
1457 2405 1705 2464 cilicium
1743 2423 1853 2480 quo
1878 2418 2072 2481 prote-

471 2495 613 2566 geris
639 2512 740 2552 cur
766 2511 990 2552 accusas
1020 2495 1049 2552 ?

545 2586 684 2660 [γει.
707 2589 904 2644 XXIII
906 2587 946 2661 .]
969 2587 1058 2644 40.
1085 2589 1269 2644 Praua
1293 2587 1647 2658 prwtatorum
1661 2589 1902 2659 exempla
1933 2588 2071 2644 Deus

469 2674 686 2731 ordinat
711 2676 768 2729 in
789 2693 1002 2746 poenam
1021 2677 1364 2746 superbo-rum
1392 2676 1744 2732 subditorum.
1783 2677 1927 2732 Dum
1943 2695 2071 2734 ma-

472 2764 688 2820 ledicere
719 2765 965 2820 videntur
987 2766 1278 2836 prophetae,
1303 2765 1620 2836 praedicunt.
1643 2795 1714 2807 —
1743 2765 1847 2822 Sed
1875 2783 1907 2821 a
1935 2767 2070 2839 qui-

469 2851 702 2909 busdam
736 2855 752 2888 ¹
787 2853 1054 2926 quaeritur
1082 2853 1211 2926 quia
1253 2853 1388 2909 dum
1435 2854 1627 2909 saltem
1685 2870 1784 2926 pro
1827 2855 2068 2913 utilitate

468 2941 818 2998 subditorum
847 2949 1087 2998 rectores
1115 2941 1352 2998 nimium
1386 2941 1777 3014 temporalibus
1805 2944 1954 3000 curis
1985 2945 2064 3001 in-

464 3032 729 3101 servient,
763 3033 1012 3106 plerique
1041 3031 1099 3087 in
1125 3033 1374 3090 Ecclesia
1403 3047 1592 3088 eorum
1622 3035 1875 3106 exemplo
1905 3034 2066 3090 dete—

466 3129 707 3178 rescunt.
740 3122 899 3188 Quod
930 3138 1123 3177 verum
1151 3122 1311 3179 valde
1345 3138 1463 3178 esse
1488 3123 1614 3195 quis
1642 3122 1891 3195 abneget,
1937 3142 2065 3182 cum

465 3211 650 3267 curari
681 3227 714 3265 a
744 3210 1058 3281 pastoribus
1079 3219 1296 3266 terrena
1318 3228 1484 3284 quam
1501 3213 1744 3268 coelestia
1771 3213 2066 3271 sollicitius
2098 3237 2142 3298 ο

467 3298 666 3353 videt?
700 3297 805 3353 Sed
832 3313 1010 3369 neque
1040 3297 1159 3354 haec
1190 3298 1396 3370 injusta
1435 3307 1586 3366 sunt,
1626 3301 1697 3368 si,
1726 3309 1790 3357 ut
1814 3303 2066 3372 superius

466 3385 737 3453 diximus,
769 3401 854 3440 res
883 3384 1296 3456 praesidentium
1309 3385 1475 3458 juxta
1494 3387 1842 3444 subditorum
1871 3392 2064 3448 merita

465 3473 856 3546 disponuntur.
891 3473 1118 3532 Occulte
1148 3491 1388 3548 namque
1415 3485 1469 3532 et
1505 3485 1698 3548 sponte
1745 3487 2063 3550 perpetrata:

463 3563 640 3635 culpas
669 3563 900 3636 exigunt
915 3572 976 3620 ut
997 3580 1165 3636 prava
1191 3572 1292 3620 eta
1319 3564 1636 3636 pastoribus
1655 3567 1907 3638 exempla
1933 3585 2064 3640 prai-

373 3663 386 3678 ‘
463 3649 716 3719 beantur,
751 3659 1020 3724 quatenus
1044 3651 1196 3724 justo
1219 3651 1437 3724 judicio
1467 3653 1514 3709 is
1543 3653 1638 3726 qui
1655 3653 1722 3709 de
1740 3653 1830 3710 via
1857 3656 1955 3710 Dei
1977 3673 2062 3714 su-

467 3737 668 3809 perbus
695 3738 990 3808 exorbitat,
1021 3739 1082 3795 in
1110 3739 1202 3796 via
1229 3757 1336 3813 qua
1367 3739 1616 3812 graditur
1643 3741 1812 3798 etiam
1841 3757 1937 3813 per
1964 3743 2063 3799 du-

460 3833 644 3882 catum
675 3825 909 3896 pastoris
935 3827 1196 3886 oﬂ'endat.
1213 3828 1368 3885 Unde
1388 3845 1486 3901 per
1499 3829 1824 3902 prophetam
1841 3848 2057 3905 quoque

532 4008 548 4042 ¹
579 4007 836 4084 Fortasse
850 4006 1140 4084 legendum
1176 4010 1448 4084 queritur,
1483 4009 1698 4082 passive
1730 4021 2012 4084 sumptum
2038 4030 2050 4069 :

456 4077 770 4154 frequenter
797 4077 1091 4154 Gregorius
1121 4077 1226 4154 hoc
1246 4081 1420 4154 modo
1433 4077 1670 4154 usurpat
1697 4077 1872 4138 verba
1893 4083 2058 4154 depo-

455 4147 664 4214 nentia,
697 4149 882 4222 qualia
910 4147 1192 4222 :meditari,
1240 4153 1402 4210 initio
1439 4151 1536 4207 lib.
1571 4147 1682 4218 ix;
1715 4153 1932 4222 intueri,
1953 4147 2053 4210 l'ib.

455 4233 578 4284 χιιι,
607 4218 762 4272 num.
794 4218 881 4275 35.
912 4221 1100 4292 Itaque
1128 4221 1221 4278 hic
1249 4241 1283 4278 a
1306 4223 1630 4295 quibusdam
1657 4218 1928 4294 queritur,
1973 4225 2054 4282 sic

2181 1972 2342 2012 cens:
2377 1959 2491 2029 Ipsi
2520 1965 2892 2030 regnaverunt,
2925 1965 2974 2014 et
3000 1977 3106 2014 non
3133 1977 3198 2014 ea:
3226 1978 3307 2016 me
3335 1979 3357 2027 ,°
3380 1963 3656 2034 principes
3678 1980 3793 2020 ea:-

2181 2045 2445 2114 stiterunt,
2495 2053 2544 2102 et
2586 2064 2693 2102 non
2738 2049 2954 2120 cognovi
2986 2049 3156 2120 (Osew
3183 2067 3306 2116 VIII,
3351 2049 3432 2123 4).
3470 2051 3609 2120 Quis
3640 2053 3798 2109 enim

2182 2141 2326 2190 recte
2353 2135 2595 2192 sentiens
2609 2135 2758 2193 dicat
2773 2137 2901 2210 quia
2914 2137 3050 2193 facit
3074 2139 3345 2196 Dominus
3373 2139 3523 2213 quod
3550 2141 3795 2198 minime

2181 2225 2506 2296 cognoscit?
2530 2225 2636 2282 Sed
2667 2227 2797 2299 quia
2823 2227 2965 2284 scire
2990 2228 3088 2284 Dei
3119 2229 3421 2300 approbare
3451 2239 3554 2299 est,
3576 2233 3801 2290 nescire

2181 2314 2472 2386 reprobare
2510 2333 2524 2382 ;
2571 2315 2718 2372 unde
2773 2316 3101 2390 quibusdam
3146 2333 3282 2390 quos
3311 2319 3572 2390 reprobat
3596 2320 3740 2378 dicit
3777 2341 3792 2380 :

2179 2403 2364 2459 Nescio
2392 2421 2482 2458 vos
2530 2405 2666 2459 unde
2695 2406 2832 2470 sitis,
2865 2407 3105 2460 discedite
3144 2425 3178 2462 a
3209 2424 3310 2476 me,
3339 2425 3514 2464 omnes
3543 2413 3796 2481 operarii

2179 2491 2482 2562 iniquitatis
2513 2492 2664 2564 (Luc.
2698 2509 2824 2561 xm,
2857 2495 2990 2566 27);
3025 2502 3080 2550 et
3111 2495 3410 2568 a'iquando
3453 2496 3634 2554 facere
3684 2501 3793 2557 Dei

2178 2589 2260 2638 est
2287 2580 2344 2636 id
2366 2582 2511 2655 quod
2527 2581 2646 2637 ﬁeri
2665 2581 2942 2654 prohibet,
2957 2583 3242 2640 irascendo
3271 2587 3612 2658 permittere;
3637 2588 3795 2647 unde

2177 2681 2232 2729 et
2264 2674 2407 2746 regis
2434 2673 2662 2746 {Egypti
2691 2691 2786 2730 cor
2813 2691 2871 2731 se
2899 2674 3170 2732 obdurare
3197 2675 3432 2732 asseruit
3465 2678 3673 2749 (Exod.
3703 2697 3792 2751 iv,

2177 2761 2294 2833 21),
2330 2763 2460 2836 quia
2487 2763 2746 2821 videlicet
2785 2765 3046 2820 obdurari
3087 2766 3384 2838 permisit;
3425 2767 3570 2824 miro
3617 2769 3794 2826 modo

2176 2849 2492 2923 hypocritas
2519 2852 2792 2908 Dominus
2812 2862 2866 2908 et
2888 2869 3114 2925 regnare
3140 2853 3272 2910 facit
3301 2862 3355 2910 et
3384 2855 3564 2912 nescit
3600 2871 3614 2911 :
3651 2856 3796 2916 facit

2175 2940 2427 3008 sinendo,
2461 2943 2636 2999 nescit
2665 2942 3028 3015 reprobando.
3064 2943 3218 3001 Unde
3248 2959 3466 3001 necesse
3503 2954 3589 3002 est
3617 2955 3686 3004 ut
3716 2947 3790 3005 ad

2173 3045 2336 3086 omne
2364 3031 2510 3104 quod
2533 3031 2592 3086 in
2613 3030 2716 3088 hac
2743 3032 3316 3104 vitaaconcnpiscitur
3333 3033 3488 3105 prius
3514 3035 3790 3093 voluntas

2175 3119 2390 3176 interna
2418 3120 2746 3193 requiratur.
2771 3120 2946 3187 Quam
2983 3137 3108 3177 cum
3143 3121 3372 3178 humani
3403 3123 3589 3181 cordis
3633 3127 3791 3185 auris

2173 3208 2452 3280 percipere
2475 3209 2705 3280 appetit,
2734 3208 2871 3266 sciat
2899 3209 3028 3282 quia
3055 3209 3172 3268 haec
3201 3227 3312 3268 non
3343 3211 3548 3282 verbis,
3577 3214 3680 3272 sed
3701 3231 3784 3272 re-

2171 3296 2276 3352 bus
2307 3306 2482 3353 sonat.
2521 3298 2700 3354 Locus
2727 3315 2856 3371 ergo
2887 3299 3174 3372 regiminis
3203 3317 3329 3357 cum
3376 3302 3654 3375 regendus
3683 3307 3784 3362 of-

2171 3383 2367 3453 fertur,
2405 3385 2463 3440 in
2492 3401 2548 3442 se
2574 3387 2726 3458 prius
2755 3405 2971 3444 necesse
2999 3396 3082 3446 est
3110 3398 3172 3446 ut
3199 3391 3434 3464 quisque
3485 3391 3784 3465 discutiat,

2171 3475 2218 3530 si
2249 3474 2369 3530 loco
2399 3474 2514 3530 vita
2537 3477 2809 3548 congruit,
2837 3477 2880 3532 si
2911 3477 2980 3533 ab
3009 3476 3217 3534 honore
3247 3480 3393 3536 actio
3423 3497 3538 3537 non
3566 3481 3784 3540 dissen-

2171 3564 2259 3631 tit,
2292 3580 2360 3620 ne
2383 3563 2566 3636 justus
2595 3565 2843 3622 omnium
2875 3575 3052 3624 rector
3075 3583 3141 3624 eo
3171 3578 3294 3640 post
3321 3569 3380 3626 in
3409 3570 3784 3631 tribulatione

2169 3672 2360 3728 preces
2387 3673 2498 3714 non
2527 3658 2734 3728 audiat,
2782 3659 2930 3733 quod
2969 3661 3087 3732 ipsa
3131 3679 3350 3737 quoque
3392 3663 3534 3738 ejus,
3567 3666 3640 3724 de
3663 3685 3781 3744 quo

2169 3745 2456 3812 tribulatio
2486 3747 2684 3818 oritur,
2714 3748 2943 3806 exordia
2961 3748 3190 3808 honoris
3218 3751 3455 3826 ignorat.

2162 4011 2394 4091 forsitan
2423 4011 2863 4091 intelligendum,
2885 4016 3103 4088 quidam
3131 4024 3452 4091 queruntur.

2236 4084 2260 4156 ?
2291 4083 2550 4156 Longip.,
2587 4083 2817 4155 aspectu.

2237 4155 2258 4188 ³
2289 4155 2518 4224 Turon.,
2549 4157 2852 4228 respicitur.

459 4364 3752 4402 Ἥ

1277 4549 1616 4634 LIBER

1723 4547 2331 4636 VIGESIMUS
2445 4551 2897 4640 SEXTUS.

448 4699 753 4798 Exponit.
785 4711 1050 4798 sanctus
1075 4705 1302 4798 Doctor
1333 4709 1881 4798 septem__ultimos
1912 4725 2140 4772 versus
2189 4727 2370 4798 __c_ap_.
2407 4728 2616 4798 x_xx_iv,
2651 4718 2713 4798 et
2741 4717 2942 4792 caput
2967 4730 3139 4774 xxxv
3167 4729 3246 4775 ea:
3273 4715 3550 4798 integro,
3617 4740 3777 4787 cum

528 4799 664 4843 uno
695 4791 754 4876 et
783 4785 1020 4864 viginti
1063 4785 1703 4876 prioribus'versibus
1730 4806 1880 4869 cap.
1913 4807 2101 4851 xxxv:
2125 4834 2140 4852 .
2184 4785 2311 4852 Ubi
2335 4789 2648 4852 latissime
2678 4792 2754 4852 in
2779 4785 3010 4854 sensus
3042 4800 3185 4855 tum
3214 4785 3604 4876 allegdricos
3629 4785 3776 4868 tum

526 4864 814 4926 moratas
842 4864 1159 4929 excurrit.

970 5002 1200 5061 CAPUT
1229 5005 1520 5065 PRIMUM.

516 5099 565 5155 1.
598 5095 737 5154 811
777 5100 940 5157 Ficta:
965 5117 1029 5157 ac
1057 5119 1195 5159 verte
1221 5104 1537 5162 humilitatis
1565 5105 1932 5164 indicia.—-In
1961 5107 2041 5164 lo-

443 5189 762 5248 cutionibus
779 5193 894 5249 suis
911 5191 1020 5250 hoc
1045 5202 1363 5266 arrogantes
1392 5195 1500 5252 viri
1531 5195 1737 5254 habere
1761 5197 1910 5254 inter
1931 5197 2043 5253 alia

442 5277 724 5348 proprium
754 5283 950 5350 solent,
990 5282 1140 5356 quod
1176 5284 1244 5339 ab
1282 5284 1632 5342 auditoribus
1657 5285 1773 5342 suis
1803 5303 1873 5342 ne
1904 5285 2040 5361 quid

439 5364 670 5424 fortasse
697 5367 1076 5429 inordinatum
1107 5373 1353 5430 dixerint
1387 5382 1522 5432 tunc
1567 5376 1876 5449 requirunt,
1909 5392 2036 5434 cum

439 5471 495 5510 se
525 5457 874 5516 laudabiliter
900 5461 1114 5536 aliquid
1149 5463 1356 5522 dixisse
1383 5474 1738 5538 cognoscunt.
1783 5467 1912 5522 Hac
1940 5465 2037 5521 vi—

437 5543 637 5604 delicet
680 5547 912 5618 faciunt,
956 5565 1071 5609 non
1119 5552 1266 5625 quod
1307 5553 1375 5610 de
1402 5553 1567 5612 dictis
1612 5555 1727 5612 suis
1753 5554 2038 5628 ambigam

2081 5015 2130 5075 1)
2161 5003 2256 5061 sed
2306 5003 2456 5078 quod
2496 5003 2563 5060 ab
2603 5004 2954 5063 audientium
2991 5005 3207 5078 judicio
3251 5007 3468 5066 favores
3510 5024 3769 5086 quaerant

2149 5095 2290 5151 Nam
2317 5093 2560 5150 inveniri
2582 5093 2745 5152 facile
2763 5095 2966 5167 poterit
2981 5112 3090 5168 quo
3105 5096 3292 5154 animo
3303 5110 3766 5171 percunctantur,

2149 5180 2196 5238 si
2227 5181 2518 5254 quisquam
2571 5198 2700 5239 cum
2738 5197 2930 5239 eorum
2973 5184 3120 5240 bona
3171 5185 3378 5256 laudat,
3409 5188 3580 5246 etiam
3622 5192 3768 5249 mala

2148 5269 2533 5344 reprehendat.
2567 5271 2792 5328 Certum
2821 5272 3023 5346 quippe
3045 5281 3127 5329 est
3152 5275 3282 5347 quia
3313 5275 3460 5333 sicut
3489 5277 3767 5338 inﬂantur

2147 5358 2426 5427 laudibus,
2454 5360 2532 5416 ita
2560 5361 3000 5433 correptionibus
3026 5361 3478 5435 inflammantur;
3507 5370 3524 5403 ¹
3548 5379 3605 5426 et
3634 5386 3761 5428 cum

2145 5465 2178 5504 a
2204 5449 2453 5522 quolibet
2478 5467 2536 5508 se
2571 5451 2657 5506 vel
2683 5449 2831 5522 juste
2861 5452 3190 5524 reprehendi
3218 5455 3604 5530 conspiciimt,’
3629 5477 3764 5517 mox

2145 5537 2204 5594 in
2233 5537 2394 5594 malis
2422 5538 2536 5594 suis
2563 5537 2812 5595 fomitem
2853 5538 3194 5599 defensionis
3222 5543 3553 5617 exquirunt.
3588 5548 3753 5618 Quo-

511 5726 864 5823 :‘lqllidqret
879 5733 1180 5823 q‘quolibft
1197 5751 1264 5823 se
1297 5737 1568 5823 vei‘juste
1590 5739 1909 5823 gap-relei
1955 5739 2270 5814 despiciunt.
2300 5741 2556 5801 Nostram
2588 5742 2885 5804 lectionem
2913 5747 3074 5819 longe
3107 5745 3395 5804 meliorem
3418 5749 3760 5823 suppedita-

435 5804 566 5856 runt
591 5799 722 5860 Mss.
759 5799 1038 5874 Vindo-cu
1063 5803 1316 5874 Ebroic.,
1348 5799 1560 5881 oliique
1589 5799 1782 5868 Nérm.
