  <div class='ocr_page' id='page_1' title='image "/cluster/home/n/w/nwhite01/storage/ocr_20150623/76/umn.31951002477369g/182.png"; bbox 0 0 3928 6382; ppageno 0'>
   <div class='ocr_carea' id='block_1_1' title="bbox 174 334 284 393">
    <p class='ocr_par' dir='ltr' id='par_1_1' title="bbox 174 334 284 393">
     <span class='ocr_line' id='line_1_1' title="bbox 174 334 284 393; baseline 0.018 -2"><span class='ocrx_word' id='word_1_1' title='bbox 174 334 284 393; x_wconf 68' lang='grc'><strong>349</strong></span> 
     </span>
    </p>
   </div>
   <div class='ocr_carea' id='block_1_2' title="bbox 919 340 2774 431">
    <p class='ocr_par' dir='ltr' id='par_1_2' title="bbox 919 340 2774 431">
     <span class='ocr_line' id='line_1_2' title="bbox 919 340 2774 431; baseline 0.017 -34"><span class='ocrx_word' id='word_1_2' title='bbox 919 340 1291 403; x_wconf 78' lang='lat' dir='ltr'><strong>MORALIUM</strong></span> <span class='ocrx_word' id='word_1_3' title='bbox 1330 346 1465 405; x_wconf 89' lang='lat' dir='ltr'><strong>LIB.</strong></span> <span class='ocrx_word' id='word_1_4' title='bbox 1506 349 1713 410; x_wconf 83' lang='lat' dir='ltr'>XXVI.</span> <span class='ocrx_word' id='word_1_5' title='bbox 1752 385 1823 398; x_wconf 90' lang='lat'>-</span> <span class='ocrx_word' id='word_1_6' title='bbox 1860 356 1931 414; x_wconf 83' lang='lat' dir='ltr'><strong>IN</strong></span> <span class='ocrx_word' id='word_1_7' title='bbox 1968 358 2198 418; x_wconf 86' lang='lat' dir='ltr'><strong>CAPUT</strong></span> <span class='ocrx_word' id='word_1_8' title='bbox 2239 363 2481 423; x_wconf 82' lang='lat' dir='ltr'>XXXIV</span> <span class='ocrx_word' id='word_1_9' title='bbox 2521 368 2584 424; x_wconf 88' lang='grc' dir='ltr'><strong>Β.</strong></span> <span class='ocrx_word' id='word_1_10' title='bbox 2631 370 2774 431; x_wconf 83' lang='lat' dir='ltr'><strong>JOB.</strong></span> 
     </span>
    </p>
   </div>
   <div class='ocr_carea' id='block_1_3' title="bbox 3413 383 3520 442">
    <p class='ocr_par' dir='ltr' id='par_1_3' title="bbox 3413 383 3520 442">
     <span class='ocr_line' id='line_1_3' title="bbox 3413 383 3520 442; baseline 0 0"><span class='ocrx_word' id='word_1_11' title='bbox 3413 383 3520 442; x_wconf 76' lang='lat'><strong>350</strong></span> 
     </span>
    </p>
   </div>
   <div class='ocr_carea' id='block_1_4' title="bbox 174 460 3518 573">
    <p class='ocr_par' dir='ltr' id='par_1_4' title="bbox 174 460 3518 573">
     <span class='ocr_line' id='line_1_4' title="bbox 174 460 3518 573; baseline 0.015 -57"><span class='ocrx_word' id='word_1_12' title='bbox 174 460 347 573; x_wconf 60' lang='lat' dir='ltr'><strong>mod?</strong></span> <span class='ocrx_word' id='word_1_13' title='bbox 364 477 504 573; x_wconf 41' lang='grc' dir='ltr'><strong>εἰ.νεῖ</strong></span> <span class='ocrx_word' id='word_1_14' title='bbox 510 461 751 565; x_wconf 72' lang='lat' dir='ltr'><strong>debonis</strong></span> <span class='ocrx_word' id='word_1_15' title='bbox 771 465 887 523; x_wconf 84' lang='lat' dir='ltr'><strong>suis</strong></span> <span class='ocrx_word' id='word_1_16' title='bbox 905 465 1196 526; x_wconf 78' lang='lat' dir='ltr'><strong>humiliter</strong></span> <span class='ocrx_word' id='word_1_17' title='bbox 1214 471 1628 550; x_wconf 89' lang='lat' dir='ltr'><strong>ambigunt,qui</strong></span> <span class='ocrx_word' id='word_1_18' title='bbox 1648 482 1791 539; x_wconf 88' lang='lat' dir='ltr'><strong>mala</strong></span> <span class='ocrx_word' id='word_1_19' title='bbox 1830 487 1881 545; x_wconf 82' lang='lat' dir='ltr'><strong>A</strong></span> <span class='ocrx_word' id='word_1_20' title='bbox 1980 483 2032 540; x_wconf 89' lang='grc'><strong>3.</strong></span> <span class='ocrx_word' id='word_1_21' title='bbox 2059 486 2239 542; x_wconf 77' lang='lat' dir='ltr'><strong>Sancti</strong></span> <span class='ocrx_word' id='word_1_22' title='bbox 2263 488 2553 545; x_wconf 86' lang='lat' dir='ltr'><strong>humanum</strong></span> <span class='ocrx_word' id='word_1_23' title='bbox 2570 492 2837 561; x_wconf 81' lang='lat' dir='ltr'><strong>judicium</strong></span> <span class='ocrx_word' id='word_1_24' title='bbox 2876 515 2985 555; x_wconf 90' lang='lat' dir='ltr'><strong>non</strong></span> <span class='ocrx_word' id='word_1_25' title='bbox 3010 509 3267 573; x_wconf 87' lang='lat' dir='ltr'><strong>metuunt,</strong></span> <span class='ocrx_word' id='word_1_26' title='bbox 3298 508 3394 562; x_wconf 86' lang='lat' dir='ltr'><strong>sed</strong></span> <span class='ocrx_word' id='word_1_27' title='bbox 3422 510 3518 566; x_wconf 87' lang='lat' dir='ltr'><strong>di-</strong></span> 
     </span>
    </p>
   </div>
   <div class='ocr_carea' id='block_1_5' title="bbox 172 551 1793 629">
    <p class='ocr_par' dir='ltr' id='par_1_5' title="bbox 172 551 1793 629">
     <span class='ocr_line' id='line_1_5' title="bbox 172 551 1793 629; baseline 0.012 -21"><span class='ocrx_word' id='word_1_28' title='bbox 172 568 276 608; x_wconf 88' lang='lat' dir='ltr'><strong>sua</strong></span> <span class='ocrx_word' id='word_1_29' title='bbox 305 551 601 609; x_wconf 85' lang='lat' dir='ltr'><strong>defendere</strong></span> <span class='ocrx_word' id='word_1_30' title='bbox 656 555 824 611; x_wconf 89' lang='lat' dir='ltr'><strong>etiam</strong></span> <span class='ocrx_word' id='word_1_31' title='bbox 872 574 1127 629; x_wconf 81' lang='lat' dir='ltr'>perverse</span> <span class='ocrx_word' id='word_1_32' title='bbox 1162 564 1521 622; x_wconf 77' lang='lat' dir='ltr'><strong>moliuntur?</strong></span> <span class='ocrx_word' id='word_1_33' title='bbox 1566 569 1664 624; x_wconf 88' lang='lat' dir='ltr'><strong>Ille</strong></span> <span class='ocrx_word' id='word_1_34' title='bbox 1711 580 1793 627; x_wconf 89' lang='lat' dir='ltr'><strong>est</strong></span> 
     </span>
    </p>
   </div>
   <div class='ocr_carea' id='block_1_6' title="bbox 172 642 1791 724">
    <p class='ocr_par' dir='ltr' id='par_1_6' title="bbox 172 642 1791 724">
     <span class='ocr_line' id='line_1_6' title="bbox 172 642 1791 724; baseline 0.012 -27"><span class='ocrx_word' id='word_1_35' title='bbox 172 642 326 697; x_wconf 91' lang='lat' dir='ltr'><strong>enim</strong></span> <span class='ocrx_word' id='word_1_36' title='bbox 357 658 487 699; x_wconf 84' lang='lat' dir='ltr'>vere</span> <span class='ocrx_word' id='word_1_37' title='bbox 517 642 747 700; x_wconf 86' lang='lat' dir='ltr'><strong>humilis</strong></span> <span class='ocrx_word' id='word_1_38' title='bbox 778 645 835 701; x_wconf 91' lang='lat' dir='ltr'><strong>in</strong></span> <span class='ocrx_word' id='word_1_39' title='bbox 858 646 1041 714; x_wconf 87' lang='lat' dir='ltr'><strong>bonis,</strong></span> <span class='ocrx_word' id='word_1_40' title='bbox 1074 650 1169 724; x_wconf 85' lang='lat' dir='ltr'><strong>qui</strong></span> <span class='ocrx_word' id='word_1_41' title='bbox 1202 668 1312 708; x_wconf 91' lang='lat' dir='ltr'><strong>non</strong></span> <span class='ocrx_word' id='word_1_42' title='bbox 1343 662 1425 710; x_wconf 92' lang='lat' dir='ltr'><strong>est</strong></span> <span class='ocrx_word' id='word_1_43' title='bbox 1446 655 1705 713; x_wconf 85' lang='lat' dir='ltr'><strong>defensor</strong></span> <span class='ocrx_word' id='word_1_44' title='bbox 1733 661 1791 717; x_wconf 89' lang='lat' dir='ltr'><strong>in</strong></span> 
     </span>
    </p>
   </div>
   <div class='ocr_carea' id='block_1_7' title="bbox 173 731 1793 813">
    <p class='ocr_par' dir='ltr' id='par_1_7' title="bbox 173 731 1793 813">
     <span class='ocr_line' id='line_1_7' title="bbox 173 731 1793 813; baseline 0.014 -28"><span class='ocrx_word' id='word_1_45' title='bbox 173 731 358 787; x_wconf 87' lang='lat' dir='ltr'><strong>malis.</strong></span> <span class='ocrx_word' id='word_1_46' title='bbox 390 732 529 787; x_wconf 87' lang='lat' dir='ltr'><strong>Nam</strong></span> <span class='ocrx_word' id='word_1_47' title='bbox 561 732 657 805; x_wconf 88' lang='lat' dir='ltr'><strong>qui</strong></span> <span class='ocrx_word' id='word_1_48' title='bbox 704 733 771 789; x_wconf 92' lang='lat' dir='ltr'><strong>de</strong></span> <span class='ocrx_word' id='word_1_49' title='bbox 828 737 989 792; x_wconf 89' lang='lat' dir='ltr'><strong>malis</strong></span> <span class='ocrx_word' id='word_1_50' title='bbox 1045 739 1160 796; x_wconf 88' lang='lat' dir='ltr'><strong>suis</strong></span> <span class='ocrx_word' id='word_1_51' title='bbox 1215 744 1488 813; x_wconf 76' lang='lat' dir='ltr'><strong>arguitur,</strong></span> <span class='ocrx_word' id='word_1_52' title='bbox 1520 755 1574 801; x_wconf 91' lang='lat' dir='ltr'><strong>et</strong></span> <span class='ocrx_word' id='word_1_53' title='bbox 1602 758 1793 808; x_wconf 90' lang='lat' dir='ltr'><strong>contra</strong></span> 
     </span>
    </p>
   </div>
   <div class='ocr_carea' id='block_1_8' title="bbox 169 821 1790 904">
    <p class='ocr_par' dir='ltr' id='par_1_8' title="bbox 169 821 1790 904">
     <span class='ocr_line' id='line_1_8' title="bbox 169 821 1790 904; baseline 0.014 -30"><span class='ocrx_word' id='word_1_54' title='bbox 169 821 344 877; x_wconf 86' lang='lat' dir='ltr'><strong>verba</strong></span> <span class='ocrx_word' id='word_1_55' title='bbox 398 824 681 894; x_wconf 78' lang='lat' dir='ltr'><strong>arguentis</strong></span> <span class='ocrx_word' id='word_1_56' title='bbox 735 829 1077 898; x_wconf 84' lang='lat' dir='ltr'><strong>accenditur,</strong></span> <span class='ocrx_word' id='word_1_57' title='bbox 1111 832 1332 904; x_wconf 86' lang='lat' dir='ltr'><strong>quando</strong></span> <span class='ocrx_word' id='word_1_58' title='bbox 1362 833 1430 890; x_wconf 89' lang='lat' dir='ltr'><strong>de</strong></span> <span class='ocrx_word' id='word_1_59' title='bbox 1486 836 1646 894; x_wconf 91' lang='lat' dir='ltr'><strong>bonis</strong></span> <span class='ocrx_word' id='word_1_60' title='bbox 1676 841 1790 897; x_wconf 87' lang='lat' dir='ltr'><strong>suis</strong></span> 
     </span>
    </p>
   </div>
   <div class='ocr_carea' id='block_1_9' title="bbox 167 912 1788 991">
    <p class='ocr_par' dir='ltr' id='par_1_9' title="bbox 167 912 1788 991">
     <span class='ocr_line' id='line_1_9' title="bbox 167 912 1788 991; baseline 0.013 -26"><span class='ocrx_word' id='word_1_61' title='bbox 167 913 331 985; x_wconf 89' lang='lat' dir='ltr'><strong>quasi</strong></span> <span class='ocrx_word' id='word_1_62' title='bbox 361 912 653 969; x_wconf 86' lang='lat' dir='ltr'><strong>humiliter</strong></span> <span class='ocrx_word' id='word_1_63' title='bbox 668 915 892 985; x_wconf 83' lang='lat' dir='ltr'><strong>titubat,</strong></span> <span class='ocrx_word' id='word_1_64' title='bbox 918 936 1013 991; x_wconf 89' lang='lat' dir='ltr'><strong>per</strong></span> <span class='ocrx_word' id='word_1_65' title='bbox 1034 920 1368 979; x_wconf 81' lang='lat' dir='ltr'><strong>humilitatis</strong></span> <span class='ocrx_word' id='word_1_66' title='bbox 1388 942 1578 983; x_wconf 87' lang='lat' dir='ltr'><strong>vocem</strong></span> <span class='ocrx_word' id='word_1_67' title='bbox 1603 930 1788 986; x_wconf 89' lang='lat' dir='ltr'><strong>ornari</strong></span> 
     </span>
    </p>
   </div>
   <div class='ocr_carea' id='block_1_10' title="bbox 168 1001 1785 1088">
    <p class='ocr_par' dir='ltr' id='par_1_10' title="bbox 168 1001 1785 1088">
     <span class='ocr_line' id='line_1_10' title="bbox 168 1001 1785 1088; baseline 0.012 -34"><span class='ocrx_word' id='word_1_68' title='bbox 168 1001 406 1073; x_wconf 89' lang='lat' dir='ltr'><strong>appetit,</strong></span> <span class='ocrx_word' id='word_1_69' title='bbox 436 1018 549 1057; x_wconf 92' lang='lat' dir='ltr'><strong>non</strong></span> <span class='ocrx_word' id='word_1_70' title='bbox 580 1003 789 1059; x_wconf 84' lang='lat' dir='ltr'><strong>doceri.</strong></span> <span class='ocrx_word' id='word_1_71' title='bbox 820 1006 952 1063; x_wconf 88' lang='lat' dir='ltr'><strong>Eliu</strong></span> <span class='ocrx_word' id='word_1_72' title='bbox 983 1008 1167 1083; x_wconf 85' lang='lat' dir='ltr'><strong>itaque</strong></span> <span class='ocrx_word' id='word_1_73' title='bbox 1206 1013 1379 1069; x_wconf 88' lang='lat' dir='ltr'><strong>vitam</strong></span> <span class='ocrx_word' id='word_1_74' title='bbox 1411 1018 1785 1088; x_wconf 87' lang='lat' dir='ltr'><strong>arrogantium</strong></span> 
     </span>
    </p>
   </div>
   <div class='ocr_carea' id='block_1_11' title="bbox 164 1089 1782 1177">
    <p class='ocr_par' dir='ltr' id='par_1_11' title="bbox 164 1089 1782 1177">
     <span class='ocr_line' id='line_1_11' title="bbox 164 1089 1782 1177; baseline 0.01 -30"><span class='ocrx_word' id='word_1_75' title='bbox 164 1089 417 1163; x_wconf 83' lang='lat' dir='ltr'><strong>signans,</strong></span> <span class='ocrx_word' id='word_1_76' title='bbox 448 1099 740 1165; x_wconf 87' lang='lat' dir='ltr'><strong>postquam</strong></span> <span class='ocrx_word' id='word_1_77' title='bbox 773 1096 949 1152; x_wconf 90' lang='lat' dir='ltr'><strong>multa</strong></span> <span class='ocrx_word' id='word_1_78' title='bbox 970 1097 1190 1156; x_wconf 91' lang='lat' dir='ltr'><strong>interna</strong></span> <span class='ocrx_word' id='word_1_79' title='bbox 1210 1110 1264 1156; x_wconf 93' lang='lat' dir='ltr'><strong>et</strong></span> <span class='ocrx_word' id='word_1_80' title='bbox 1283 1102 1546 1160; x_wconf 88' lang='lat' dir='ltr'><strong>sublimia</strong></span> <span class='ocrx_word' id='word_1_81' title='bbox 1572 1105 1782 1177; x_wconf 87' lang='lat' dir='ltr'><strong>intulit,</strong></span> 
     </span>
    </p>
   </div>
   <div class='ocr_carea' id='block_1_12' title="bbox 164 1179 1784 1267">
    <p class='ocr_par' dir='ltr' id='par_1_12' title="bbox 164 1179 1784 1267">
     <span class='ocr_line' id='line_1_12' title="bbox 164 1179 1784 1267; baseline 0.01 -32"><span class='ocrx_word' id='word_1_82' title='bbox 164 1195 299 1236; x_wconf 89' lang='lat' dir='ltr'><strong>ecce</strong></span> <span class='ocrx_word' id='word_1_83' title='bbox 328 1180 387 1235; x_wconf 92' lang='lat' dir='ltr'><strong>in</strong></span> <span class='ocrx_word' id='word_1_84' title='bbox 408 1179 593 1237; x_wconf 86' lang='lat' dir='ltr'><strong>verbis</strong></span> <span class='ocrx_word' id='word_1_85' title='bbox 613 1181 852 1239; x_wconf 86' lang='lat' dir='ltr'><strong>formam</strong></span> <span class='ocrx_word' id='word_1_86' title='bbox 884 1183 1222 1243; x_wconf 86' lang='lat' dir='ltr'><strong>humilitatis</strong></span> <span class='ocrx_word' id='word_1_87' title='bbox 1251 1192 1502 1260; x_wconf 89' lang='lat' dir='ltr'><strong>assumit,</strong></span> <span class='ocrx_word' id='word_1_88' title='bbox 1535 1201 1589 1248; x_wconf 92' lang='lat' dir='ltr'><strong>et</strong></span> <span class='ocrx_word' id='word_1_89' title='bbox 1616 1196 1784 1267; x_wconf 59' lang='lat' dir='ltr'><strong>aequi-</strong></span> 
     </span>
    </p>
   </div>
   <div class='ocr_carea' id='block_1_13' title="bbox 164 1268 1783 1358">
    <p class='ocr_par' dir='ltr' id='par_1_13' title="bbox 164 1268 1783 1358">
     <span class='ocr_line' id='line_1_13' title="bbox 164 1268 1783 1358; baseline 0.013 -36"><span class='ocrx_word' id='word_1_90' title='bbox 164 1274 279 1358; x_wconf 79' lang='lat' dir='ltr'><strong>tate</strong></span> <span class='ocrx_word' id='word_1_91' title='bbox 336 1268 637 1341; x_wconf 87' lang='lat' dir='ltr'><strong>proposita,</strong></span> <span class='ocrx_word' id='word_1_92' title='bbox 695 1272 799 1328; x_wconf 90' lang='lat' dir='ltr'><strong>sub</strong></span> <span class='ocrx_word' id='word_1_93' title='bbox 856 1275 1091 1346; x_wconf 90' lang='lat' dir='ltr'><strong>quadam</strong></span> <span class='ocrx_word' id='word_1_94' title='bbox 1151 1278 1515 1352; x_wconf 89' lang='lat' dir='ltr'><strong>discipulatus</strong></span> <span class='ocrx_word' id='word_1_95' title='bbox 1544 1284 1783 1358; x_wconf 87' lang='lat' dir='ltr'><strong>imagine</strong></span> 
     </span>
    </p>
   </div>
   <div class='ocr_carea' id='block_1_14' title="bbox 164 1357 1116 1436">
    <p class='ocr_par' dir='ltr' id='par_1_14' title="bbox 164 1357 1116 1436">
     <span class='ocr_line' id='line_1_14' title="bbox 164 1357 1116 1436; baseline 0.012 -24"><span class='ocrx_word' id='word_1_96' title='bbox 164 1357 390 1414; x_wconf 88' lang='lat' dir='ltr'><strong>beatum</strong></span> <span class='ocrx_word' id='word_1_97' title='bbox 420 1358 523 1415; x_wconf 89' lang='lat' dir='ltr'><strong>Job</strong></span> <span class='ocrx_word' id='word_1_98' title='bbox 552 1361 861 1436; x_wconf 89' lang='lat' dir='ltr'><strong>alloquitur</strong></span> <span class='ocrx_word' id='word_1_99' title='bbox 889 1363 1079 1422; x_wconf 91' lang='lat' dir='ltr'><strong>dicens</strong></span> <span class='ocrx_word' id='word_1_100' title='bbox 1103 1385 1116 1423; x_wconf 91' lang='lat'><em>:</em></span> 
     </span>
    </p>
   </div>
   <div class='ocr_carea' id='block_1_15' title="bbox 805 1477 1141 1539">
    <p class='ocr_par' dir='ltr' id='par_1_15' title="bbox 805 1477 1141 1539">
     <span class='ocr_line' id='line_1_15' title="bbox 805 1477 1141 1539; baseline 0.012 -4"><span class='ocrx_word' id='word_1_101' title='bbox 805 1477 1035 1538; x_wconf 85' lang='lat' dir='ltr'><strong>CAPUT</strong></span> <span class='ocrx_word' id='word_1_102' title='bbox 1074 1482 1141 1539; x_wconf 90' lang='lat' dir='ltr'><strong>II.</strong></span> 
     </span>
    </p>
   </div>
   <div class='ocr_carea' id='block_1_16' title="bbox 240 1591 1781 1675">
    <p class='ocr_par' dir='ltr' id='par_1_16' title="bbox 240 1591 1781 1675">
     <span class='ocr_line' id='line_1_16' title="bbox 240 1591 1781 1675; baseline 0.007 -25"><span class='ocrx_word' id='word_1_103' title='bbox 240 1591 374 1650; x_wconf 76' lang='lat' dir='ltr'><strong>CAP.</strong></span> <span class='ocrx_word' id='word_1_104' title='bbox 408 1608 609 1661; x_wconf 80' lang='lat' dir='ltr'><strong>xxxrv,</strong></span> <span class='ocrx_word' id='word_1_105' title='bbox 642 1592 814 1651; x_wconf 72' lang='lat' dir='ltr'><strong>Vens.</strong></span> <span class='ocrx_word' id='word_1_106' title='bbox 867 1595 962 1665; x_wconf 88' lang='grc'><strong>31,</strong></span> <span class='ocrx_word' id='word_1_107' title='bbox 988 1598 1078 1655; x_wconf 82' lang='lat'><strong>32.</strong></span> <span class='ocrx_word' id='word_1_108' title='bbox 1111 1629 1183 1642; x_wconf 90' lang='lat'><strong>—</strong></span> <span class='ocrx_word' id='word_1_109' title='bbox 1226 1602 1240 1636; x_wconf 88' lang='grc'>¹</span> <span class='ocrx_word' id='word_1_110' title='bbox 1276 1601 1418 1669; x_wconf 85' lang='lat' dir='ltr'><strong>Quia</strong></span> <span class='ocrx_word' id='word_1_111' title='bbox 1456 1620 1545 1675; x_wconf 87' lang='lat' dir='ltr'><strong>ego</strong></span> <span class='ocrx_word' id='word_1_112' title='bbox 1577 1605 1781 1661; x_wconf 87' lang='lat' dir='ltr'><strong>locutus</strong></span> 
     </span>
    </p>
   </div>
   <div class='ocr_carea' id='block_1_17' title="bbox 164 1683 1777 1763">
    <p class='ocr_par' dir='ltr' id='par_1_17' title="bbox 164 1683 1777 1763">
     <span class='ocr_line' id='line_1_17' title="bbox 164 1683 1777 1763; baseline 0.008 -26"><span class='ocrx_word' id='word_1_113' title='bbox 164 1700 292 1738; x_wconf 81' lang='lat' dir='ltr'><strong>sum</strong></span> <span class='ocrx_word' id='word_1_114' title='bbox 318 1683 392 1739; x_wconf 87' lang='lat' dir='ltr'><strong>ad</strong></span> <span class='ocrx_word' id='word_1_115' title='bbox 430 1684 621 1752; x_wconf 85' lang='lat' dir='ltr'><strong>Deum,</strong></span> <span class='ocrx_word' id='word_1_116' title='bbox 654 1690 699 1739; x_wconf 91' lang='lat' dir='ltr'><strong>te</strong></span> <span class='ocrx_word' id='word_1_117' title='bbox 724 1702 928 1757; x_wconf 87' lang='lat' dir='ltr'><strong>quoque</strong></span> <span class='ocrx_word' id='word_1_118' title='bbox 967 1687 988 1722; x_wconf 87' lang='grc'><strong>²</strong></span> <span class='ocrx_word' id='word_1_119' title='bbox 1024 1706 1129 1744; x_wconf 88' lang='lat' dir='ltr'><strong>non</strong></span> <span class='ocrx_word' id='word_1_120' title='bbox 1152 1692 1455 1762; x_wconf 78' lang='lat' dir='ltr'><strong>prohibebo.</strong></span> <span class='ocrx_word' id='word_1_121' title='bbox 1492 1694 1551 1750; x_wconf 91' lang='lat' dir='ltr'><strong>Si</strong></span> <span class='ocrx_word' id='word_1_122' title='bbox 1576 1694 1777 1763; x_wconf 86' lang='lat' dir='ltr'><strong>erravi,</strong></span> 
     </span>
    </p>
   </div>
   <div class='ocr_carea' id='block_1_18' title="bbox 170 1772 1780 1848">
    <p class='ocr_par' dir='ltr' id='par_1_18' title="bbox 170 1772 1780 1848">
     <span class='ocr_line' id='line_1_18' title="bbox 170 1772 1780 1848; baseline 0.007 -21"><span class='ocrx_word' id='word_1_123' title='bbox 170 1779 230 1828; x_wconf 89' lang='lat' dir='ltr'><strong>tu</strong></span> <span class='ocrx_word' id='word_1_124' title='bbox 270 1773 393 1828; x_wconf 86' lang='lat' dir='ltr'><strong>doce</strong></span> <span class='ocrx_word' id='word_1_125' title='bbox 418 1789 497 1828; x_wconf 88' lang='lat' dir='ltr'><strong>me</strong></span> <span class='ocrx_word' id='word_1_126' title='bbox 524 1791 545 1837; x_wconf 82' lang='lat'><strong>,°</strong></span> <span class='ocrx_word' id='word_1_127' title='bbox 573 1772 621 1828; x_wconf 86' lang='lat' dir='ltr'><strong>si</strong></span> <span class='ocrx_word' id='word_1_128' title='bbox 674 1772 1010 1846; x_wconf 72' lang='lat' dir='ltr'><strong>iniquitatem</strong></span> <span class='ocrx_word' id='word_1_129' title='bbox 1062 1779 1264 1836; x_wconf 90' lang='lat' dir='ltr'><strong>locutus</strong></span> <span class='ocrx_word' id='word_1_130' title='bbox 1304 1798 1442 1848; x_wconf 87' lang='lat' dir='ltr'><strong>sum,</strong></span> <span class='ocrx_word' id='word_1_131' title='bbox 1474 1784 1623 1839; x_wconf 88' lang='lat' dir='ltr'><strong>ultra</strong></span> <span class='ocrx_word' id='word_1_132' title='bbox 1673 1800 1780 1839; x_wconf 86' lang='lat' dir='ltr'><strong>non</strong></span> 
     </span>
    </p>
   </div>
   <div class='ocr_carea' id='block_1_19' title="bbox 168 1864 390 1922">
    <p class='ocr_par' dir='ltr' id='par_1_19' title="bbox 168 1864 390 1922">
     <span class='ocr_line' id='line_1_19' title="bbox 168 1864 390 1922; baseline -0.009 -1"><span class='ocrx_word' id='word_1_133' title='bbox 168 1864 390 1922; x_wconf 84' lang='lat' dir='ltr'><strong>addam.</strong></span> 
     </span>
    </p>
   </div>
   <div class='ocr_carea' id='block_1_20' title="bbox 241 1954 1780 2034">
    <p class='ocr_par' dir='ltr' id='par_1_20' title="bbox 241 1954 1780 2034">
     <span class='ocr_line' id='line_1_20' title="bbox 241 1954 1780 2034; baseline 0.006 -24"><span class='ocrx_word' id='word_1_134' title='bbox 241 1954 294 2010; x_wconf 72' lang='grc'>2.</span> <span class='ocrx_word' id='word_1_135' title='bbox 326 1954 662 2011; x_wconf 85' lang='lat' dir='ltr'><strong>Humilitatis</strong></span> <span class='ocrx_word' id='word_1_136' title='bbox 685 1956 840 2011; x_wconf 83' lang='lat' dir='ltr'><strong>larva</strong></span> <span class='ocrx_word' id='word_1_137' title='bbox 876 1956 978 2012; x_wconf 87' lang='lat' dir='ltr'><strong>cito</strong></span> <span class='ocrx_word' id='word_1_138' title='bbox 1033 1957 1304 2027; x_wconf 86' lang='lat' dir='ltr'><strong>abjicitur.</strong></span> <span class='ocrx_word' id='word_1_139' title='bbox 1349 1989 1420 2002; x_wconf 89' lang='lat'><strong>-—</strong></span> <span class='ocrx_word' id='word_1_140' title='bbox 1449 1960 1603 2019; x_wconf 86' lang='lat' dir='ltr'><strong>Sicut</strong></span> <span class='ocrx_word' id='word_1_141' title='bbox 1640 1978 1780 2034; x_wconf 77' lang='lat' dir='ltr'><strong>saepe</strong></span> 
     </span>
    </p>
   </div>
   <div class='ocr_carea' id='block_1_21' title="bbox 168 2042 1779 2117">
    <p class='ocr_par' dir='ltr' id='par_1_21' title="bbox 168 2042 1779 2117">
     <span class='ocr_line' id='line_1_21' title="bbox 168 2042 1779 2117; baseline 0.004 -17"><span class='ocrx_word' id='word_1_142' title='bbox 168 2042 446 2116; x_wconf 87' lang='lat' dir='ltr'><strong>contingit</strong></span> <span class='ocrx_word' id='word_1_143' title='bbox 473 2050 537 2099; x_wconf 90' lang='lat' dir='ltr'><strong>ut</strong></span> <span class='ocrx_word' id='word_1_144' title='bbox 564 2042 711 2099; x_wconf 90' lang='lat' dir='ltr'><strong>bona</strong></span> <span class='ocrx_word' id='word_1_145' title='bbox 739 2044 1036 2117; x_wconf 86' lang='lat' dir='ltr'><strong>loquantur</strong></span> <span class='ocrx_word' id='word_1_146' title='bbox 1056 2054 1110 2102; x_wconf 91' lang='lat' dir='ltr'><strong>et</strong></span> <span class='ocrx_word' id='word_1_147' title='bbox 1141 2047 1293 2116; x_wconf 90' lang='lat' dir='ltr'><strong>mali,</strong></span> <span class='ocrx_word' id='word_1_148' title='bbox 1318 2049 1494 2105; x_wconf 88' lang='lat' dir='ltr'><strong>multa</strong></span> <span class='ocrx_word' id='word_1_149' title='bbox 1520 2050 1652 2106; x_wconf 91' lang='lat' dir='ltr'><strong>Eliu</strong></span> <span class='ocrx_word' id='word_1_150' title='bbox 1672 2050 1779 2107; x_wconf 84' lang='lat' dir='ltr'><strong>for-</strong></span> 
     </span>
    </p>
   </div>
   <div class='ocr_carea' id='block_1_22' title="bbox 168 2132 1779 2205">
    <p class='ocr_par' dir='ltr' id='par_1_22' title="bbox 168 2132 1779 2205">
     <span class='ocr_line' id='line_1_22' title="bbox 168 2132 1779 2205; baseline 0.004 -17"><span class='ocrx_word' id='word_1_151' title='bbox 168 2132 247 2190; x_wconf 90' lang='lat' dir='ltr'><strong>tia</strong></span> <span class='ocrx_word' id='word_1_152' title='bbox 263 2132 429 2205; x_wconf 91' lang='lat' dir='ltr'><strong>paulo</strong></span> <span class='ocrx_word' id='word_1_153' title='bbox 456 2132 711 2205; x_wconf 87' lang='lat' dir='ltr'><strong>superius</strong></span> <span class='ocrx_word' id='word_1_154' title='bbox 738 2150 794 2190; x_wconf 90' lang='lat' dir='ltr'><strong>se</strong></span> <span class='ocrx_word' id='word_1_155' title='bbox 838 2133 1049 2191; x_wconf 81' lang='lat' dir='ltr'><strong>dixisse</strong></span> <span class='ocrx_word' id='word_1_156' title='bbox 1089 2137 1436 2205; x_wconf 89' lang='lat' dir='ltr'><strong>meminerat,</strong></span> <span class='ocrx_word' id='word_1_157' title='bbox 1468 2146 1524 2194; x_wconf 90' lang='lat' dir='ltr'><strong>et</strong></span> <span class='ocrx_word' id='word_1_158' title='bbox 1552 2155 1779 2195; x_wconf 90' lang='lat' dir='ltr'><strong>securus</strong></span> 
     </span>
    </p>
   </div>
   <div class='ocr_carea' id='block_1_23' title="bbox 167 2220 1777 2299">
    <p class='ocr_par' dir='ltr' id='par_1_23' title="bbox 167 2220 1777 2299">
     <span class='ocr_line' id='line_1_23' title="bbox 167 2220 1777 2299; baseline 0.004 -22"><span class='ocrx_word' id='word_1_159' title='bbox 167 2220 378 2279; x_wconf 90' lang='lat' dir='ltr'><strong>idcirco</strong></span> <span class='ocrx_word' id='word_1_160' title='bbox 401 2238 472 2278; x_wconf 91' lang='lat' dir='ltr'><strong>ne</strong></span> <span class='ocrx_word' id='word_1_161' title='bbox 501 2222 731 2280; x_wconf 82' lang='lat' dir='ltr'><strong>fortasse</strong></span> <span class='ocrx_word' id='word_1_162' title='bbox 750 2224 1019 2280; x_wconf 90' lang='lat' dir='ltr'><strong>erraverit</strong></span> <span class='ocrx_word' id='word_1_163' title='bbox 1047 2226 1382 2299; x_wconf 87' lang='lat' dir='ltr'><strong>requirebat.</strong></span> <span class='ocrx_word' id='word_1_164' title='bbox 1413 2228 1599 2299; x_wconf 87' lang='lat' dir='ltr'><strong>Neque</strong></span> <span class='ocrx_word' id='word_1_165' title='bbox 1627 2228 1777 2284; x_wconf 90' lang='lat' dir='ltr'><strong>enim</strong></span> 
     </span>
    </p>
   </div>
   <div class='ocr_carea' id='block_1_24' title="bbox 165 2311 1777 2389">
    <p class='ocr_par' dir='ltr' id='par_1_24' title="bbox 165 2311 1777 2389">
     <span class='ocr_line' id='line_1_24' title="bbox 165 2311 1777 2389; baseline 0.004 -22"><span class='ocrx_word' id='word_1_166' title='bbox 165 2311 492 2383; x_wconf 85' lang='lat' dir='ltr'><strong>requireret,</strong></span> <span class='ocrx_word' id='word_1_167' title='bbox 525 2312 573 2368; x_wconf 89' lang='lat' dir='ltr'><strong>si</strong></span> <span class='ocrx_word' id='word_1_168' title='bbox 606 2328 663 2369; x_wconf 89' lang='lat' dir='ltr'><strong>se</strong></span> <span class='ocrx_word' id='word_1_169' title='bbox 695 2328 901 2369; x_wconf 88' lang='lat' dir='ltr'><strong>errasse</strong></span> <span class='ocrx_word' id='word_1_170' title='bbox 921 2313 1263 2371; x_wconf 89' lang='lat' dir='ltr'><strong>credidisset.</strong></span> <span class='ocrx_word' id='word_1_171' title='bbox 1295 2318 1396 2373; x_wconf 87' lang='lat' dir='ltr'><strong>Est</strong></span> <span class='ocrx_word' id='word_1_172' title='bbox 1423 2332 1683 2389; x_wconf 87' lang='lat' dir='ltr'><strong>namque,</strong></span> <span class='ocrx_word' id='word_1_173' title='bbox 1714 2324 1777 2374; x_wconf 87' lang='lat' dir='ltr'><strong>ut</strong></span> 
     </span>
    </p>
   </div>
   <div class='ocr_carea' id='block_1_25' title="bbox 164 2401 1777 2477">
    <p class='ocr_par' dir='ltr' id='par_1_25' title="bbox 164 2401 1777 2477">
     <span class='ocr_line' id='line_1_25' title="bbox 164 2401 1777 2477; baseline 0.004 -20"><span class='ocrx_word' id='word_1_174' title='bbox 164 2401 311 2471; x_wconf 78' lang='lat' dir='ltr'><strong>dixi,</strong></span> <span class='ocrx_word' id='word_1_175' title='bbox 342 2403 565 2475; x_wconf 87' lang='lat' dir='ltr'><strong>propria</strong></span> <span class='ocrx_word' id='word_1_176' title='bbox 591 2404 967 2477; x_wconf 88' lang='lat' dir='ltr'><strong>arrogantium</strong></span> <span class='ocrx_word' id='word_1_177' title='bbox 998 2405 1152 2462; x_wconf 89' lang='lat' dir='ltr'><strong>fraus</strong></span> <span class='ocrx_word' id='word_1_178' title='bbox 1181 2414 1243 2462; x_wconf 90' lang='lat' dir='ltr'><strong>ut</strong></span> <span class='ocrx_word' id='word_1_179' title='bbox 1288 2415 1425 2465; x_wconf 87' lang='lat' dir='ltr'><strong>tunc</strong></span> <span class='ocrx_word' id='word_1_180' title='bbox 1479 2408 1547 2464; x_wconf 91' lang='lat' dir='ltr'><strong>de</strong></span> <span class='ocrx_word' id='word_1_181' title='bbox 1592 2424 1777 2464; x_wconf 91' lang='lat' dir='ltr'><strong>errore</strong></span> 
     </span>
    </p>
   </div>
   <div class='ocr_carea' id='block_1_26' title="bbox 164 2490 1771 2566">
    <p class='ocr_par' dir='ltr' id='par_1_26' title="bbox 164 2490 1771 2566">
     <span class='ocr_line' id='line_1_26' title="bbox 164 2490 1771 2566; baseline 0.004 -20"><span class='ocrx_word' id='word_1_182' title='bbox 164 2490 447 2564; x_wconf 87' lang='lat' dir='ltr'><strong>requirere</strong></span> <span class='ocrx_word' id='word_1_183' title='bbox 475 2491 749 2561; x_wconf 86' lang='lat' dir='ltr'><strong>studeant,</strong></span> <span class='ocrx_word' id='word_1_184' title='bbox 782 2494 1003 2566; x_wconf 88' lang='lat' dir='ltr'><strong>quando</strong></span> <span class='ocrx_word' id='word_1_185' title='bbox 1032 2510 1088 2550; x_wconf 91' lang='lat' dir='ltr'><strong>se</strong></span> <span class='ocrx_word' id='word_1_186' title='bbox 1113 2495 1373 2552; x_wconf 77' lang='lat' dir='ltr'><strong>noverint</strong></span> <span class='ocrx_word' id='word_1_187' title='bbox 1402 2513 1513 2552; x_wconf 92' lang='lat' dir='ltr'><strong>non</strong></span> <span class='ocrx_word' id='word_1_188' title='bbox 1545 2512 1771 2554; x_wconf 85' lang='lat' dir='ltr'><strong>errasse.</strong></span> 
     </span>
    </p>
   </div>
   <div class='ocr_carea' id='block_1_27' title="bbox 163 2580 1773 2659">
    <p class='ocr_par' dir='ltr' id='par_1_27' title="bbox 163 2580 1773 2659">
     <span class='ocr_line' id='line_1_27' title="bbox 163 2580 1773 2659; baseline 0.005 -23"><span class='ocrx_word' id='word_1_189' title='bbox 163 2580 268 2648; x_wconf 89' lang='lat' dir='ltr'><strong>Qui</strong></span> <span class='ocrx_word' id='word_1_190' title='bbox 292 2597 512 2638; x_wconf 85' lang='lat' dir='ltr'><strong>rursum</strong></span> <span class='ocrx_word' id='word_1_191' title='bbox 542 2584 819 2655; x_wconf 89' lang='lat' dir='ltr'><strong>requirere</strong></span> <span class='ocrx_word' id='word_1_192' title='bbox 849 2583 937 2638; x_wconf 86' lang='lat' dir='ltr'><strong>vel</strong></span> <span class='ocrx_word' id='word_1_193' title='bbox 957 2585 1113 2655; x_wconf 88' lang='lat' dir='ltr'><strong>argui</strong></span> <span class='ocrx_word' id='word_1_194' title='bbox 1143 2585 1209 2640; x_wconf 93' lang='lat' dir='ltr'><strong>de</strong></span> <span class='ocrx_word' id='word_1_195' title='bbox 1239 2602 1420 2642; x_wconf 90' lang='lat' dir='ltr'><strong>errore</strong></span> <span class='ocrx_word' id='word_1_196' title='bbox 1441 2584 1773 2659; x_wconf 87' lang='lat' dir='ltr'><strong>despiciunt,</strong></span> 
     </span>
    </p>
   </div>
   <div class='ocr_carea' id='block_1_28' title="bbox 162 2669 1774 2746">
    <p class='ocr_par' dir='ltr' id='par_1_28' title="bbox 162 2669 1774 2746">
     <span class='ocr_line' id='line_1_28' title="bbox 162 2669 1774 2746; baseline 0.004 -20"><span class='ocrx_word' id='word_1_197' title='bbox 162 2669 209 2726; x_wconf 90' lang='lat' dir='ltr'><strong>si</strong></span> <span class='ocrx_word' id='word_1_198' title='bbox 236 2670 460 2743; x_wconf 87' lang='lat' dir='ltr'><strong>quando</strong></span> <span class='ocrx_word' id='word_1_199' title='bbox 488 2687 545 2727; x_wconf 92' lang='lat' dir='ltr'><strong>se</strong></span> <span class='ocrx_word' id='word_1_200' title='bbox 585 2687 791 2727; x_wconf 88' lang='lat' dir='ltr'><strong>errasse</strong></span> <span class='ocrx_word' id='word_1_201' title='bbox 838 2672 1110 2730; x_wconf 80' lang='lat' dir='ltr'><strong>veraciter</strong></span> <span class='ocrx_word' id='word_1_202' title='bbox 1151 2684 1620 2746; x_wconf 85' lang='lat' dir='ltr'><strong>praecOgnoscunt.</strong></span> <span class='ocrx_word' id='word_1_203' title='bbox 1652 2678 1774 2732; x_wconf 81' lang='lat' dir='ltr'><strong>Non</strong></span> 
     </span>
    </p>
   </div>
   <div class='ocr_carea' id='block_1_29' title="bbox 162 2758 1776 2835">
    <p class='ocr_par' dir='ltr' id='par_1_29' title="bbox 162 2758 1776 2835">
     <span class='ocr_line' id='line_1_29' title="bbox 162 2758 1776 2835; baseline 0.004 -20"><span class='ocrx_word' id='word_1_204' title='bbox 162 2758 310 2815; x_wconf 89' lang='lat' dir='ltr'><strong>enim</strong></span> <span class='ocrx_word' id='word_1_205' title='bbox 341 2776 479 2829; x_wconf 89' lang='lat' dir='ltr'><strong>esse,</strong></span> <span class='ocrx_word' id='word_1_206' title='bbox 506 2760 602 2816; x_wconf 90' lang='lat' dir='ltr'><strong>sed</strong></span> <span class='ocrx_word' id='word_1_207' title='bbox 632 2761 810 2816; x_wconf 89' lang='lat' dir='ltr'><strong>videri</strong></span> <span class='ocrx_word' id='word_1_208' title='bbox 840 2761 1081 2817; x_wconf 87' lang='lat' dir='ltr'><strong>humiles</strong></span> <span class='ocrx_word' id='word_1_209' title='bbox 1107 2771 1405 2835; x_wconf 89' lang='lat' dir='ltr'><strong>appetunt;</strong></span> <span class='ocrx_word' id='word_1_210' title='bbox 1438 2772 1493 2820; x_wconf 91' lang='lat' dir='ltr'><strong>et</strong></span> <span class='ocrx_word' id='word_1_211' title='bbox 1527 2772 1658 2822; x_wconf 90' lang='lat' dir='ltr'><strong>tunc</strong></span> <span class='ocrx_word' id='word_1_212' title='bbox 1677 2782 1776 2821; x_wconf 91' lang='lat' dir='ltr'><strong>re-</strong></span> 
     </span>
    </p>
   </div>
   <div class='ocr_carea' id='block_1_30' title="bbox 161 2848 1773 2925">
    <p class='ocr_par' dir='ltr' id='par_1_30' title="bbox 161 2848 1773 2925">
     <span class='ocr_line' id='line_1_30' title="bbox 161 2848 1773 2925; baseline 0.003 -20"><span class='ocrx_word' id='word_1_213' title='bbox 161 2848 436 2922; x_wconf 90' lang='lat' dir='ltr'><strong>quirendo</strong></span> <span class='ocrx_word' id='word_1_214' title='bbox 491 2849 728 2922; x_wconf 86' lang='lat' dir='ltr'><strong>speciem</strong></span> <span class='ocrx_word' id='word_1_215' title='bbox 756 2849 1092 2907; x_wconf 88' lang='lat' dir='ltr'><strong>humilitatis</strong></span> <span class='ocrx_word' id='word_1_216' title='bbox 1118 2860 1424 2921; x_wconf 89' lang='lat' dir='ltr'><strong>assumunt,</strong></span> <span class='ocrx_word' id='word_1_217' title='bbox 1458 2855 1678 2925; x_wconf 90' lang='lat' dir='ltr'><strong>quando</strong></span> <span class='ocrx_word' id='word_1_218' title='bbox 1707 2854 1773 2910; x_wconf 90' lang='lat' dir='ltr'><strong>de</strong></span> 
     </span>
    </p>
   </div>
   <div class='ocr_carea' id='block_1_31' title="bbox 162 2937 1773 3014">
    <p class='ocr_par' dir='ltr' id='par_1_31' title="bbox 162 2937 1773 3014">
     <span class='ocr_line' id='line_1_31' title="bbox 162 2937 1773 3014; baseline 0.004 -19"><span class='ocrx_word' id='word_1_219' title='bbox 162 2937 279 3011; x_wconf 86' lang='lat' dir='ltr'><strong>ipsa</strong></span> <span class='ocrx_word' id='word_1_220' title='bbox 308 2938 484 3010; x_wconf 84' lang='lat' dir='ltr'><strong>magis</strong></span> <span class='ocrx_word' id='word_1_221' title='bbox 513 2938 871 3011; x_wconf 89' lang='lat' dir='ltr'><strong>requisitione</strong></span> <span class='ocrx_word' id='word_1_222' title='bbox 894 2938 1209 2997; x_wconf 88' lang='lat' dir='ltr'><strong>laudantur.</strong></span> <span class='ocrx_word' id='word_1_223' title='bbox 1251 2941 1356 2998; x_wconf 90' lang='lat' dir='ltr'><strong>Sed</strong></span> <span class='ocrx_word' id='word_1_224' title='bbox 1385 2943 1513 3014; x_wconf 89' lang='lat' dir='ltr'><strong>quia</strong></span> <span class='ocrx_word' id='word_1_225' title='bbox 1543 2944 1773 3002; x_wconf 91' lang='lat' dir='ltr'><strong>omnino</strong></span> 
     </span>
    </p>
   </div>
   <div class='ocr_carea' id='block_1_32' title="bbox 162 3026 1773 3101">
    <p class='ocr_par' dir='ltr' id='par_1_32' title="bbox 162 3026 1773 3101">
     <span class='ocr_line' id='line_1_32' title="bbox 162 3026 1773 3101; baseline 0.004 -18"><span class='ocrx_word' id='word_1_226' title='bbox 162 3026 395 3084; x_wconf 81' lang='lat' dir='ltr'><strong>difﬁcile</strong></span> <span class='ocrx_word' id='word_1_227' title='bbox 422 3035 505 3084; x_wconf 89' lang='lat' dir='ltr'><strong>est</strong></span> <span class='ocrx_word' id='word_1_228' title='bbox 529 3034 592 3083; x_wconf 89' lang='lat' dir='ltr'><strong>ut</strong></span> <span class='ocrx_word' id='word_1_229' title='bbox 618 3027 787 3083; x_wconf 88' lang='lat' dir='ltr'><strong>elatio</strong></span> <span class='ocrx_word' id='word_1_230' title='bbox 816 3045 938 3101; x_wconf 66' lang='lat' dir='ltr'><strong>quas</strong></span> <span class='ocrx_word' id='word_1_231' title='bbox 968 3037 1159 3100; x_wconf 89' lang='lat' dir='ltr'><strong>regnat</strong></span> <span class='ocrx_word' id='word_1_232' title='bbox 1176 3030 1233 3085; x_wconf 92' lang='lat' dir='ltr'><strong>in</strong></span> <span class='ocrx_word' id='word_1_233' title='bbox 1263 3030 1429 3087; x_wconf 87' lang='lat' dir='ltr'><strong>corde</strong></span> <span class='ocrx_word' id='word_1_234' title='bbox 1459 3048 1571 3088; x_wconf 89' lang='lat' dir='ltr'><strong>non</strong></span> <span class='ocrx_word' id='word_1_235' title='bbox 1593 3049 1773 3090; x_wconf 86' lang='lat' dir='ltr'><strong>erum-</strong></span> 
     </span>
    </p>
   </div>
   <div class='ocr_carea' id='block_1_33' title="bbox 162 3115 1772 3190">
    <p class='ocr_par' dir='ltr' id='par_1_33' title="bbox 162 3115 1772 3190">
     <span class='ocr_line' id='line_1_33' title="bbox 162 3115 1772 3190; baseline 0.004 -17"><span class='ocrx_word' id='word_1_236' title='bbox 162 3126 254 3190; x_wconf 91' lang='lat' dir='ltr'><strong>pat</strong></span> <span class='ocrx_word' id='word_1_237' title='bbox 282 3118 341 3174; x_wconf 91' lang='lat' dir='ltr'><strong>in</strong></span> <span class='ocrx_word' id='word_1_238' title='bbox 377 3132 512 3172; x_wconf 88' lang='lat' dir='ltr'><strong>voce</strong></span> <span class='ocrx_word' id='word_1_239' title='bbox 541 3134 563 3181; x_wconf 89' lang='lat'><em>;</em></span> <span class='ocrx_word' id='word_1_240' title='bbox 590 3115 871 3172; x_wconf 89' lang='lat' dir='ltr'><strong>auditores</strong></span> <span class='ocrx_word' id='word_1_241' title='bbox 905 3118 1282 3189; x_wconf 82' lang='lat' dir='ltr'><strong>arrogantium</strong></span> <span class='ocrx_word' id='word_1_242' title='bbox 1326 3120 1371 3176; x_wconf 89' lang='lat' dir='ltr'><strong>si</strong></span> <span class='ocrx_word' id='word_1_243' title='bbox 1402 3138 1592 3177; x_wconf 89' lang='lat' dir='ltr'><strong>eorum</strong></span> <span class='ocrx_word' id='word_1_244' title='bbox 1624 3122 1772 3179; x_wconf 88' lang='lat' dir='ltr'><strong>dicta</strong></span> 
     </span>
    </p>
   </div>
   <div class='ocr_carea' id='block_1_34' title="bbox 159 3204 1766 3282">
    <p class='ocr_par' dir='ltr' id='par_1_34' title="bbox 159 3204 1766 3282">
     <span class='ocr_line' id='line_1_34' title="bbox 159 3204 1766 3282; baseline 0.004 -18"><span class='ocrx_word' id='word_1_245' title='bbox 159 3208 440 3282; x_wconf 87' lang='lat' dir='ltr'><strong>paulisper</strong></span> <span class='ocrx_word' id='word_1_246' title='bbox 457 3204 610 3263; x_wconf 89' lang='lat' dir='ltr'><strong>taciti</strong></span> <span class='ocrx_word' id='word_1_247' title='bbox 640 3214 959 3278; x_wconf 83' lang='lat' dir='ltr'><strong>exspectant</strong></span> <span class='ocrx_word' id='word_1_248' title='bbox 990 3215 1154 3281; x_wconf 90' lang='lat' dir='ltr'><strong>atque</strong></span> <span class='ocrx_word' id='word_1_249' title='bbox 1196 3210 1571 3280; x_wconf 87' lang='lat' dir='ltr'><strong>considerant,</strong></span> <span class='ocrx_word' id='word_1_250' title='bbox 1601 3212 1766 3270; x_wconf 89' lang='lat' dir='ltr'><strong>citius</strong></span> 
     </span>
    </p>
   </div>
   <div class='ocr_carea' id='block_1_35' title="bbox 160 3294 1768 3367">
    <p class='ocr_par' dir='ltr' id='par_1_35' title="bbox 160 3294 1768 3367">
     <span class='ocr_line' id='line_1_35' title="bbox 160 3294 1768 3367; baseline 0.002 -13"><span class='ocrx_word' id='word_1_251' title='bbox 160 3296 328 3354; x_wconf 90' lang='lat' dir='ltr'><strong>corda</strong></span> <span class='ocrx_word' id='word_1_252' title='bbox 354 3295 583 3352; x_wconf 88' lang='lat' dir='ltr'><strong>illorum</strong></span> <span class='ocrx_word' id='word_1_253' title='bbox 613 3294 1005 3367; x_wconf 86' lang='lat' dir='ltr'><strong>subsequentia</strong></span> <span class='ocrx_word' id='word_1_254' title='bbox 1056 3296 1223 3353; x_wconf 89' lang='lat' dir='ltr'><strong>verba</strong></span> <span class='ocrx_word' id='word_1_255' title='bbox 1252 3298 1625 3356; x_wconf 79' lang='lat' dir='ltr'><strong>manifestam.</strong></span> <span class='ocrx_word' id='word_1_256' title='bbox 1659 3301 1768 3358; x_wconf 89' lang='lat' dir='ltr'><strong>Diu</strong></span> 
     </span>
    </p>
   </div>
   <div class='ocr_carea' id='block_1_36' title="bbox 160 3384 1766 3460">
    <p class='ocr_par' dir='ltr' id='par_1_36' title="bbox 160 3384 1766 3460">
     <span class='ocr_line' id='line_1_36' title="bbox 160 3384 1766 3460; baseline 0.004 -20"><span class='ocrx_word' id='word_1_257' title='bbox 160 3385 364 3460; x_wconf 90' lang='lat' dir='ltr'><strong>quippe</strong></span> <span class='ocrx_word' id='word_1_258' title='bbox 392 3384 595 3441; x_wconf 90' lang='lat' dir='ltr'><strong>morari</strong></span> <span class='ocrx_word' id='word_1_259' title='bbox 624 3400 736 3440; x_wconf 90' lang='lat' dir='ltr'><strong>non</strong></span> <span class='ocrx_word' id='word_1_260' title='bbox 766 3392 997 3456; x_wconf 88' lang='lat' dir='ltr'><strong>possunt</strong></span> <span class='ocrx_word' id='word_1_261' title='bbox 1023 3386 1082 3441; x_wconf 91' lang='lat' dir='ltr'><strong>in</strong></span> <span class='ocrx_word' id='word_1_262' title='bbox 1123 3386 1239 3458; x_wconf 91' lang='lat' dir='ltr'><strong>ipsa</strong></span> <span class='ocrx_word' id='word_1_263' title='bbox 1271 3386 1607 3444; x_wconf 87' lang='lat' dir='ltr'><strong>humilitatis</strong></span> <span class='ocrx_word' id='word_1_264' title='bbox 1635 3390 1766 3446; x_wconf 90' lang='lat' dir='ltr'><strong>ima-</strong></span> 
     </span>
    </p>
   </div>
   <div class='ocr_carea' id='block_1_37' title="bbox 157 3474 1765 3549">
    <p class='ocr_par' dir='ltr' id='par_1_37' title="bbox 157 3474 1765 3549">
     <span class='ocr_line' id='line_1_37' title="bbox 157 3474 1765 3549; baseline 0.001 -17"><span class='ocrx_word' id='word_1_265' title='bbox 157 3476 302 3547; x_wconf 85' lang='lat' dir='ltr'><strong>gine,</strong></span> <span class='ocrx_word' id='word_1_266' title='bbox 362 3490 527 3547; x_wconf 88' lang='lat' dir='ltr'><strong>quam</strong></span> <span class='ocrx_word' id='word_1_267' title='bbox 576 3474 756 3546; x_wconf 90' lang='lat' dir='ltr'><strong>specie</strong></span> <span class='ocrx_word' id='word_1_268' title='bbox 801 3482 960 3531; x_wconf 89' lang='lat' dir='ltr'><strong>tenus</strong></span> <span class='ocrx_word' id='word_1_269' title='bbox 990 3484 1238 3531; x_wconf 89' lang='lat' dir='ltr'><strong>sumunt.</strong></span> <span class='ocrx_word' id='word_1_270' title='bbox 1298 3477 1561 3549; x_wconf 78' lang='lat' dir='ltr'><strong>Superbia</strong></span> <span class='ocrx_word' id='word_1_271' title='bbox 1615 3478 1765 3535; x_wconf 91' lang='lat' dir='ltr'><strong>enim</strong></span> 
     </span>
    </p>
   </div>
   <div class='ocr_carea' id='block_1_38' title="bbox 159 3565 1764 3640">
    <p class='ocr_par' dir='ltr' id='par_1_38' title="bbox 159 3565 1764 3640">
     <span class='ocr_line' id='line_1_38' title="bbox 159 3565 1764 3640; baseline 0.002 -17"><span class='ocrx_word' id='word_1_272' title='bbox 159 3566 442 3624; x_wconf 87' lang='lat' dir='ltr'><strong>mentibus</strong></span> <span class='ocrx_word' id='word_1_273' title='bbox 472 3565 758 3623; x_wconf 87' lang='lat' dir='ltr'><strong>humilitas</strong></span> <span class='ocrx_word' id='word_1_274' title='bbox 805 3567 917 3622; x_wconf 89' lang='lat' dir='ltr'><strong>alta</strong></span> <span class='ocrx_word' id='word_1_275' title='bbox 963 3573 1067 3635; x_wconf 90' lang='lat' dir='ltr'><strong>est,</strong></span> <span class='ocrx_word' id='word_1_276' title='bbox 1112 3575 1167 3622; x_wconf 92' lang='lat' dir='ltr'><strong>et</strong></span> <span class='ocrx_word' id='word_1_277' title='bbox 1195 3583 1322 3623; x_wconf 90' lang='lat' dir='ltr'><strong>cum</strong></span> <span class='ocrx_word' id='word_1_278' title='bbox 1378 3568 1499 3640; x_wconf 89' lang='lat' dir='ltr'><strong>ejus</strong></span> <span class='ocrx_word' id='word_1_279' title='bbox 1526 3568 1764 3627; x_wconf 83' lang='lat' dir='ltr'><strong>formam</strong></span> 
     </span>
    </p>
   </div>
   <div class='ocr_carea' id='block_1_39' title="bbox 157 3655 1765 3733">
    <p class='ocr_par' dir='ltr' id='par_1_39' title="bbox 157 3655 1765 3733">
     <span class='ocr_line' id='line_1_39' title="bbox 157 3655 1765 3733; baseline 0.001 -18"><span class='ocrx_word' id='word_1_280' title='bbox 157 3656 526 3715; x_wconf 84' lang='lat' dir='ltr'><strong>conscendere</strong></span> <span class='ocrx_word' id='word_1_281' title='bbox 562 3655 838 3724; x_wconf 90' lang='lat' dir='ltr'><strong>ambiunt,</strong></span> <span class='ocrx_word' id='word_1_282' title='bbox 859 3655 1071 3712; x_wconf 88' lang='lat' dir='ltr'><strong>lassatis</strong></span> <span class='ocrx_word' id='word_1_283' title='bbox 1099 3657 1272 3712; x_wconf 92' lang='lat' dir='ltr'><strong>animi</strong></span> <span class='ocrx_word' id='word_1_284' title='bbox 1304 3658 1581 3729; x_wconf 89' lang='lat' dir='ltr'><strong>gressibus</strong></span> <span class='ocrx_word' id='word_1_285' title='bbox 1609 3660 1765 3733; x_wconf 89' lang='lat' dir='ltr'><strong>quasi</strong></span> 
     </span>
    </p>
   </div>
   <div class='ocr_carea' id='block_1_40' title="bbox 159 3744 1766 3818">
    <p class='ocr_par' dir='ltr' id='par_1_40' title="bbox 159 3744 1766 3818">
     <span class='ocr_line' id='line_1_40' title="bbox 159 3744 1766 3818; baseline 0.002 -16"><span class='ocrx_word' id='word_1_286' title='bbox 159 3763 191 3802; x_wconf 93' lang='lat' dir='ltr'><strong>a</strong></span> <span class='ocrx_word' id='word_1_287' title='bbox 220 3745 448 3802; x_wconf 88' lang='lat' dir='ltr'><strong>clivosis</strong></span> <span class='ocrx_word' id='word_1_288' title='bbox 476 3753 639 3818; x_wconf 89' lang='lat' dir='ltr'><strong>atque</strong></span> <span class='ocrx_word' id='word_1_289' title='bbox 667 3744 874 3817; x_wconf 90' lang='lat' dir='ltr'><strong>asperis</strong></span> <span class='ocrx_word' id='word_1_290' title='bbox 901 3745 1196 3802; x_wconf 89' lang='lat' dir='ltr'><strong>itineribus</strong></span> <span class='ocrx_word' id='word_1_291' title='bbox 1225 3746 1568 3804; x_wconf 88' lang='lat' dir='ltr'><strong>dilabuntur.</strong></span> <span class='ocrx_word' id='word_1_292' title='bbox 1600 3749 1766 3805; x_wconf 82' lang='lat' dir='ltr'><strong>Alie-</strong></span> 
     </span>
    </p>
   </div>
   <div class='ocr_carea' id='block_1_41' title="bbox 157 3834 1765 3908">
    <p class='ocr_par' dir='ltr' id='par_1_41' title="bbox 157 3834 1765 3908">
     <span class='ocr_line' id='line_1_41' title="bbox 157 3834 1765 3908; baseline 0.001 -15"><span class='ocrx_word' id='word_1_293' title='bbox 157 3852 293 3893; x_wconf 85' lang='lat' dir='ltr'><strong>num</strong></span> <span class='ocrx_word' id='word_1_294' title='bbox 332 3843 417 3891; x_wconf 91' lang='lat' dir='ltr'><strong>est</strong></span> <span class='ocrx_word' id='word_1_295' title='bbox 441 3835 653 3893; x_wconf 86' lang='lat' dir='ltr'><strong>scilicet</strong></span> <span class='ocrx_word' id='word_1_296' title='bbox 705 3834 854 3908; x_wconf 88' lang='lat' dir='ltr'><strong>quod</strong></span> <span class='ocrx_word' id='word_1_297' title='bbox 902 3835 1079 3892; x_wconf 87' lang='lat' dir='ltr'><strong>videri</strong></span> <span class='ocrx_word' id='word_1_298' title='bbox 1126 3844 1411 3908; x_wconf 90' lang='lat' dir='ltr'><strong>appetunt,</strong></span> <span class='ocrx_word' id='word_1_299' title='bbox 1459 3845 1513 3894; x_wconf 90' lang='lat' dir='ltr'><strong>et</strong></span> <span class='ocrx_word' id='word_1_300' title='bbox 1557 3837 1765 3894; x_wconf 88' lang='lat' dir='ltr'><strong>idcirco</strong></span> 
     </span>
    </p>
   </div>
   <div class='ocr_carea' id='block_1_42' title="bbox 158 3923 1766 3998">
    <p class='ocr_par' dir='ltr' id='par_1_42' title="bbox 158 3923 1766 3998">
     <span class='ocr_line' id='line_1_42' title="bbox 158 3923 1766 3998; baseline 0.001 -17"><span class='ocrx_word' id='word_1_301' title='bbox 158 3924 276 3997; x_wconf 85' lang='lat' dir='ltr'><strong>ejus</strong></span> <span class='ocrx_word' id='word_1_302' title='bbox 296 3924 525 3996; x_wconf 87' lang='lat' dir='ltr'><strong>imagini</strong></span> <span class='ocrx_word' id='word_1_303' title='bbox 546 3924 645 3980; x_wconf 88' lang='lat' dir='ltr'><strong>diu</strong></span> <span class='ocrx_word' id='word_1_304' title='bbox 664 3923 933 3980; x_wconf 70' lang='lat' dir='ltr'><strong>inhaerere</strong></span> <span class='ocrx_word' id='word_1_305' title='bbox 948 3940 1293 3997; x_wconf 87' lang='lat' dir='ltr'><strong>nequaquam</strong></span> <span class='ocrx_word' id='word_1_306' title='bbox 1315 3933 1563 3998; x_wconf 77' lang='lat' dir='ltr'><strong>possmit.</strong></span> <span class='ocrx_word' id='word_1_307' title='bbox 1588 3926 1766 3983; x_wconf 86' lang='lat' dir='ltr'><strong>Grave</strong></span> 
     </span>
    </p>
   </div>
   <div class='ocr_carea' id='block_1_43' title="bbox 156 4012 1765 4089">
    <p class='ocr_par' dir='ltr' id='par_1_43' title="bbox 156 4012 1765 4089">
     <span class='ocr_line' id='line_1_43' title="bbox 156 4012 1765 4089; baseline 0.002 -20"><span class='ocrx_word' id='word_1_308' title='bbox 156 4012 375 4086; x_wconf 90' lang='lat' dir='ltr'><strong>pondus</strong></span> <span class='ocrx_word' id='word_1_309' title='bbox 402 4012 699 4081; x_wconf 67' lang='lat' dir='ltr'><strong>aestimant,</strong></span> <span class='ocrx_word' id='word_1_310' title='bbox 727 4029 854 4069; x_wconf 91' lang='lat' dir='ltr'><strong>cum</strong></span> <span class='ocrx_word' id='word_1_311' title='bbox 884 4029 1003 4069; x_wconf 89' lang='lat' dir='ltr'><strong>eam</strong></span> <span class='ocrx_word' id='word_1_312' title='bbox 1033 4014 1227 4069; x_wconf 88' lang='lat' dir='ltr'><strong>saltem</strong></span> <span class='ocrx_word' id='word_1_313' title='bbox 1257 4014 1439 4087; x_wconf 90' lang='lat' dir='ltr'><strong>specie</strong></span> <span class='ocrx_word' id='word_1_314' title='bbox 1467 4023 1627 4072; x_wconf 89' lang='lat' dir='ltr'><strong>tenus</strong></span> <span class='ocrx_word' id='word_1_315' title='bbox 1645 4033 1765 4089; x_wconf 91' lang='lat' dir='ltr'><strong>por-</strong></span> 
     </span>
    </p>
   </div>
   <div class='ocr_carea' id='block_1_44' title="bbox 156 4101 1769 4180">
    <p class='ocr_par' dir='ltr' id='par_1_44' title="bbox 156 4101 1769 4180">
     <span class='ocr_line' id='line_1_44' title="bbox 156 4101 1769 4180; baseline 0.001 -20"><span class='ocrx_word' id='word_1_316' title='bbox 156 4109 297 4171; x_wconf 83' lang='lat' dir='ltr'><strong>tant,</strong></span> <span class='ocrx_word' id='word_1_317' title='bbox 327 4109 382 4159; x_wconf 93' lang='lat' dir='ltr'><strong>et</strong></span> <span class='ocrx_word' id='word_1_318' title='bbox 410 4118 696 4176; x_wconf 89' lang='lat' dir='ltr'><strong>quousque</strong></span> <span class='ocrx_word' id='word_1_319' title='bbox 725 4107 870 4165; x_wconf 85' lang='lat'><strong>812</strong></span> <span class='ocrx_word' id='word_1_320' title='bbox 901 4101 1045 4159; x_wconf 90' lang='lat' dir='ltr'><strong>hanc</strong></span> <span class='ocrx_word' id='word_1_321' title='bbox 1088 4102 1374 4175; x_wconf 89' lang='lat' dir='ltr'><strong>abjiciant,</strong></span> <span class='ocrx_word' id='word_1_322' title='bbox 1406 4105 1522 4161; x_wconf 89' lang='lat' dir='ltr'><strong>vim</strong></span> <span class='ocrx_word' id='word_1_323' title='bbox 1562 4121 1769 4180; x_wconf 89' lang='lat' dir='ltr'><strong>quam-</strong></span> 
     </span>
    </p>
   </div>
   <div class='ocr_carea' id='block_1_45' title="bbox 156 4201 1766 4276">
    <p class='ocr_par' dir='ltr' id='par_1_45' title="bbox 156 4201 1766 4276">
     <span class='ocr_line' id='line_1_45' title="bbox 156 4201 1766 4276; baseline 0.002 -16"><span class='ocrx_word' id='word_1_324' title='bbox 156 4201 283 4260; x_wconf 88' lang='lat' dir='ltr'><strong>dam</strong></span> <span class='ocrx_word' id='word_1_325' title='bbox 313 4203 372 4258; x_wconf 89' lang='lat' dir='ltr'><strong>in</strong></span> <span class='ocrx_word' id='word_1_326' title='bbox 401 4201 566 4259; x_wconf 91' lang='lat' dir='ltr'><strong>corde</strong></span> <span class='ocrx_word' id='word_1_327' title='bbox 596 4202 901 4275; x_wconf 87' lang='lat' dir='ltr'><strong>patiuntur,</strong></span> <span class='ocrx_word' id='word_1_328' title='bbox 924 4204 1056 4276; x_wconf 87' lang='lat' dir='ltr'><strong>quia</strong></span> <span class='ocrx_word' id='word_1_329' title='bbox 1074 4202 1335 4261; x_wconf 84' lang='lat' dir='ltr'><strong>videlicet</strong></span> <span class='ocrx_word' id='word_1_330' title='bbox 1362 4205 1620 4262; x_wconf 86' lang='lat' dir='ltr'><strong>elationis</strong></span> <span class='ocrx_word' id='word_1_331' title='bbox 1641 4205 1766 4263; x_wconf 91' lang='lat' dir='ltr'><strong>usui</strong></span> 
     </span>
    </p>
   </div>
   <div class='ocr_carea' id='block_1_46' title="bbox 156 4291 1765 4368">
    <p class='ocr_par' dir='ltr' id='par_1_46' title="bbox 156 4291 1765 4368">
     <span class='ocr_line' id='line_1_46' title="bbox 156 4291 1765 4368; baseline 0.002 -19"><span class='ocrx_word' id='word_1_332' title='bbox 156 4292 300 4349; x_wconf 88' lang='lat' dir='ltr'><strong>male</strong></span> <span class='ocrx_word' id='word_1_333' title='bbox 327 4291 640 4349; x_wconf 87' lang='lat' dir='ltr'><strong>dominanti</strong></span> <span class='ocrx_word' id='word_1_334' title='bbox 669 4292 1012 4363; x_wconf 89' lang='lat' dir='ltr'><strong>deserviunt,</strong></span> <span class='ocrx_word' id='word_1_335' title='bbox 1058 4301 1222 4367; x_wconf 87' lang='lat' dir='ltr'><strong>atque</strong></span> <span class='ocrx_word' id='word_1_336' title='bbox 1259 4293 1379 4367; x_wconf 90' lang='lat' dir='ltr'><strong>ejus</strong></span> <span class='ocrx_word' id='word_1_337' title='bbox 1408 4296 1643 4368; x_wconf 90' lang='lat' dir='ltr'><strong>imperio</strong></span> <span class='ocrx_word' id='word_1_338' title='bbox 1668 4312 1765 4353; x_wconf 90' lang='lat' dir='ltr'><strong>se-</strong></span> 
     </span>
    </p>
   </div>
   <div class='ocr_carea' id='block_1_47' title="bbox 156 4382 1765 4457">
    <p class='ocr_par' dir='ltr' id='par_1_47' title="bbox 156 4382 1765 4457">
     <span class='ocr_line' id='line_1_47' title="bbox 156 4382 1765 4457; baseline 0.004 -19"><span class='ocrx_word' id='word_1_339' title='bbox 156 4382 420 4455; x_wconf 87' lang='lat' dir='ltr'><strong>metipsos</strong></span> <span class='ocrx_word' id='word_1_340' title='bbox 455 4382 645 4456; x_wconf 86' lang='lat' dir='ltr'><strong>quales</strong></span> <span class='ocrx_word' id='word_1_341' title='bbox 671 4383 785 4442; x_wconf 87' lang='lat' dir='ltr'><strong>sint</strong></span> <span class='ocrx_word' id='word_1_342' title='bbox 814 4382 1045 4457; x_wconf 88' lang='lat' dir='ltr'><strong>prodere</strong></span> <span class='ocrx_word' id='word_1_343' title='bbox 1092 4384 1526 4456; x_wconf 91' lang='lat' dir='ltr'><strong>compelluntur,</strong></span> <span class='ocrx_word' id='word_1_344' title='bbox 1568 4401 1637 4442; x_wconf 90' lang='lat' dir='ltr'><strong>ne</strong></span> <span class='ocrx_word' id='word_1_345' title='bbox 1665 4385 1765 4444; x_wconf 89' lang='lat' dir='ltr'><strong>diu</strong></span> 
     </span>
    </p>
   </div>
   <div class='ocr_carea' id='block_1_48' title="bbox 154 4472 1763 4548">
    <p class='ocr_par' dir='ltr' id='par_1_48' title="bbox 154 4472 1763 4548">
     <span class='ocr_line' id='line_1_48' title="bbox 154 4472 1763 4548; baseline 0.002 -19"><span class='ocrx_word' id='word_1_346' title='bbox 154 4472 370 4546; x_wconf 88' lang='lat' dir='ltr'><strong>possint</strong></span> <span class='ocrx_word' id='word_1_347' title='bbox 395 4472 572 4529; x_wconf 90' lang='lat' dir='ltr'><strong>videri</strong></span> <span class='ocrx_word' id='word_1_348' title='bbox 587 4473 736 4547; x_wconf 89' lang='lat' dir='ltr'><strong>quod</strong></span> <span class='ocrx_word' id='word_1_349' title='bbox 757 4490 869 4531; x_wconf 91' lang='lat' dir='ltr'><strong>non</strong></span> <span class='ocrx_word' id='word_1_350' title='bbox 890 4480 1038 4531; x_wconf 90' lang='lat' dir='ltr'><strong>sunt.</strong></span> <span class='ocrx_word' id='word_1_351' title='bbox 1059 4473 1214 4532; x_wconf 88' lang='lat' dir='ltr'><strong>Unde</strong></span> <span class='ocrx_word' id='word_1_352' title='bbox 1227 4474 1359 4531; x_wconf 87' lang='lat' dir='ltr'><strong>Eliu</strong></span> <span class='ocrx_word' id='word_1_353' title='bbox 1380 4490 1599 4548; x_wconf 89' lang='lat' dir='ltr'><strong>quoque</strong></span> <span class='ocrx_word' id='word_1_354' title='bbox 1620 4484 1763 4548; x_wconf 88' lang='lat' dir='ltr'><strong>post-</strong></span> 
     </span>
    </p>
   </div>
   <div class='ocr_carea' id='block_1_49' title="bbox 1910 574 3515 653">
    <p class='ocr_par' dir='ltr' id='par_1_49' title="bbox 1910 574 3515 653">
     <span class='ocr_line' id='line_1_49' title="bbox 1910 574 3515 653; baseline 0.017 -25"><span class='ocrx_word' id='word_1_355' title='bbox 1910 574 2110 643; x_wconf 82' lang='lat' dir='ltr'><strong>vinum,</strong></span> <span class='ocrx_word' id='word_1_356' title='bbox 2143 577 2215 631; x_wconf 88' lang='lat' dir='ltr'><strong>ad</strong></span> <span class='ocrx_word' id='word_1_357' title='bbox 2242 579 2382 648; x_wconf 86' lang='lat' dir='ltr'><strong>quod</strong></span> <span class='ocrx_word' id='word_1_358' title='bbox 2435 581 2593 635; x_wconf 85' lang='lat' dir='ltr'><strong>etiam</strong></span> <span class='ocrx_word' id='word_1_359' title='bbox 2616 599 2908 652; x_wconf 75' lang='lat' dir='ltr'><strong>provocare</strong></span> <span class='ocrx_word' id='word_1_360' title='bbox 2967 590 3224 647; x_wconf 82' lang='lat' dir='ltr'><strong>simulant</strong></span> <span class='ocrx_word' id='word_1_361' title='bbox 3258 597 3411 653; x_wconf 89' lang='lat' dir='ltr'><strong>mali.</strong></span> <span class='ocrx_word' id='word_1_362' title='bbox 3444 628 3515 641; x_wconf 91' lang='lat'>—</span> 
     </span>
    </p>
   </div>
   <div class='ocr_carea' id='block_1_50' title="bbox 1906 665 3513 758">
    <p class='ocr_par' dir='ltr' id='par_1_50' title="bbox 1906 665 3513 758">
     <span class='ocr_line' id='line_1_50' title="bbox 1906 665 3513 758; baseline 0.018 -41"><span class='ocrx_word' id='word_1_363' title='bbox 1906 665 1986 720; x_wconf 85' lang='lat' dir='ltr'><strong>Ac</strong></span> <span class='ocrx_word' id='word_1_364' title='bbox 2014 665 2059 719; x_wconf 92' lang='lat' dir='ltr'><strong>si</strong></span> <span class='ocrx_word' id='word_1_365' title='bbox 2088 665 2295 722; x_wconf 90' lang='lat' dir='ltr'><strong>diceret</strong></span> <span class='ocrx_word' id='word_1_366' title='bbox 2329 686 2340 723; x_wconf 91' lang='lat'><strong>:</strong></span> <span class='ocrx_word' id='word_1_367' title='bbox 2374 669 2489 740; x_wconf 85' lang='lat' dir='ltr'><strong>Ego</strong></span> <span class='ocrx_word' id='word_1_368' title='bbox 2519 688 2705 728; x_wconf 91' lang='lat' dir='ltr'><strong>coram</strong></span> <span class='ocrx_word' id='word_1_369' title='bbox 2745 676 2985 734; x_wconf 90' lang='lat' dir='ltr'><strong>Domino</strong></span> <span class='ocrx_word' id='word_1_370' title='bbox 3018 682 3257 739; x_wconf 89' lang='lat' dir='ltr'><strong>rationes</strong></span> <span class='ocrx_word' id='word_1_371' title='bbox 3288 688 3513 758; x_wconf 90' lang='lat' dir='ltr'><strong>positu-</strong></span> 
     </span>
    </p>
   </div>
   <div class='ocr_carea' id='block_1_51' title="bbox 1903 757 3511 844">
    <p class='ocr_par' dir='ltr' id='par_1_51' title="bbox 1903 757 3511 844">
     <span class='ocr_line' id='line_1_51' title="bbox 1903 757 3511 844; baseline 0.017 -37"><span class='ocrx_word' id='word_1_372' title='bbox 1903 769 1997 808; x_wconf 91' lang='lat' dir='ltr'><strong>rus</strong></span> <span class='ocrx_word' id='word_1_373' title='bbox 2024 771 2147 809; x_wconf 90' lang='lat' dir='ltr'><strong>sum</strong></span> <span class='ocrx_word' id='word_1_374' title='bbox 2190 772 2289 812; x_wconf 92' lang='lat' dir='ltr'><strong>cur</strong></span> <span class='ocrx_word' id='word_1_375' title='bbox 2335 757 2500 815; x_wconf 91' lang='lat' dir='ltr'><strong>modo</strong></span> <span class='ocrx_word' id='word_1_376' title='bbox 2549 760 2814 836; x_wconf 88' lang='lat' dir='ltr'><strong>iniquitas</strong></span> <span class='ocrx_word' id='word_1_377' title='bbox 2844 782 2963 822; x_wconf 90' lang='lat' dir='ltr'><strong>mea</strong></span> <span class='ocrx_word' id='word_1_378' title='bbox 3017 785 3048 823; x_wconf 92' lang='lat' dir='ltr'><strong>a</strong></span> <span class='ocrx_word' id='word_1_379' title='bbox 3077 778 3129 825; x_wconf 86' lang='lat' dir='ltr'><strong>te</strong></span> <span class='ocrx_word' id='word_1_380' title='bbox 3160 757 3511 844; x_wconf 87' lang='lat' dir='ltr'><strong>reprehendi-</strong></span> 
     </span>
    </p>
   </div>
   <div class='ocr_carea' id='block_1_52' title="bbox 1903 848 3513 935">
    <p class='ocr_par' dir='ltr' id='par_1_52' title="bbox 1903 848 3513 935">
     <span class='ocr_line' id='line_1_52' title="bbox 1903 848 3513 935; baseline 0.016 -40"><span class='ocrx_word' id='word_1_381' title='bbox 1903 848 2013 911; x_wconf 90' lang='lat' dir='ltr'><strong>tur,</strong></span> <span class='ocrx_word' id='word_1_382' title='bbox 2046 859 2165 915; x_wconf 71' lang='lat' dir='ltr'><strong>quae</strong></span> <span class='ocrx_word' id='word_1_383' title='bbox 2196 854 2410 902; x_wconf 89' lang='lat' dir='ltr'><strong>constat</strong></span> <span class='ocrx_word' id='word_1_384' title='bbox 2440 849 2586 921; x_wconf 90' lang='lat' dir='ltr'><strong>quod</strong></span> <span class='ocrx_word' id='word_1_385' title='bbox 2618 851 2675 907; x_wconf 91' lang='lat' dir='ltr'><strong>in</strong></span> <span class='ocrx_word' id='word_1_386' title='bbox 2708 852 2927 924; x_wconf 87' lang='lat' dir='ltr'><strong>judicio</strong></span> <span class='ocrx_word' id='word_1_387' title='bbox 2957 872 2989 912; x_wconf 91' lang='lat' dir='ltr'><strong>a</strong></span> <span class='ocrx_word' id='word_1_388' title='bbox 3018 866 3069 913; x_wconf 91' lang='lat' dir='ltr'><strong>te</strong></span> <span class='ocrx_word' id='word_1_389' title='bbox 3100 875 3211 915; x_wconf 91' lang='lat' dir='ltr'><strong>non</strong></span> <span class='ocrx_word' id='word_1_390' title='bbox 3253 865 3513 935; x_wconf 86' lang='lat' dir='ltr'><strong>requira—</strong></span> 
     </span>
    </p>
   </div>
   <div class='ocr_carea' id='block_1_53' title="bbox 1901 937 3511 1025">
    <p class='ocr_par' dir='ltr' id='par_1_53' title="bbox 1901 937 3511 1025">
     <span class='ocr_line' id='line_1_53' title="bbox 1901 937 3511 1025; baseline 0.015 -38"><span class='ocrx_word' id='word_1_391' title='bbox 1901 940 2010 989; x_wconf 90' lang='lat' dir='ltr'><strong>tur.</strong></span> <span class='ocrx_word' id='word_1_392' title='bbox 2044 937 2197 992; x_wconf 83' lang='lat' dir='ltr'><strong>Recti</strong></span> <span class='ocrx_word' id='word_1_393' title='bbox 2247 939 2353 994; x_wconf 88' lang='lat' dir='ltr'><strong>viri</strong></span> <span class='ocrx_word' id='word_1_394' title='bbox 2392 957 2517 996; x_wconf 90' lang='lat' dir='ltr'><strong>cum</strong></span> <span class='ocrx_word' id='word_1_395' title='bbox 2549 942 2753 1014; x_wconf 85' lang='lat' dir='ltr'><strong>injuste</strong></span> <span class='ocrx_word' id='word_1_396' title='bbox 2783 945 2851 1000; x_wconf 91' lang='lat' dir='ltr'><strong>ab</strong></span> <span class='ocrx_word' id='word_1_397' title='bbox 2883 945 3206 1006; x_wconf 87' lang='lat' dir='ltr'><strong>hominibus</strong></span> <span class='ocrx_word' id='word_1_398' title='bbox 3235 952 3511 1025; x_wconf 86' lang='lat' dir='ltr'><strong>impetun-</strong></span> 
     </span>
    </p>
   </div>
   <div class='ocr_carea' id='block_1_54' title="bbox 1901 1025 3505 1113">
    <p class='ocr_par' dir='ltr' id='par_1_54' title="bbox 1901 1025 3505 1113">
     <span class='ocr_line' id='line_1_54' title="bbox 1901 1025 3505 1113; baseline 0.014 -35"><span class='ocrx_word' id='word_1_399' title='bbox 1901 1031 2010 1113; x_wconf 80' lang='lat' dir='ltr'><strong>tur,</strong></span> <span class='ocrx_word' id='word_1_400' title='bbox 2044 1025 2113 1080; x_wconf 90' lang='lat' dir='ltr'><strong>ad</strong></span> <span class='ocrx_word' id='word_1_401' title='bbox 2142 1044 2442 1098; x_wconf 90' lang='lat' dir='ltr'><strong>supernum</strong></span> <span class='ocrx_word' id='word_1_402' title='bbox 2468 1028 2746 1101; x_wconf 89' lang='lat' dir='ltr'><strong>judicium</strong></span> <span class='ocrx_word' id='word_1_403' title='bbox 2780 1045 3094 1093; x_wconf 90' lang='lat' dir='ltr'><strong>recurrunt.</strong></span> <span class='ocrx_word' id='word_1_404' title='bbox 3131 1038 3273 1113; x_wconf 90' lang='lat' dir='ltr'><strong>[Vet.</strong></span> <span class='ocrx_word' id='word_1_405' title='bbox 3306 1049 3355 1097; x_wconf 84' lang='lat' dir='ltr'><strong>et</strong></span> <span class='ocrx_word' id='word_1_406' title='bbox 3383 1046 3505 1102; x_wconf 83' lang='lat' dir='ltr'><strong>Rec.</strong></span> 
     </span>
    </p>
   </div>
   <div class='ocr_carea' id='block_1_55' title="bbox 1897 1111 3509 1188">
    <p class='ocr_par' dir='ltr' id='par_1_55' title="bbox 1897 1111 3509 1188">
     <span class='ocr_line' id='line_1_55' title="bbox 1897 1111 3509 1188; baseline 0.011 -19"><span class='ocrx_word' id='word_1_407' title='bbox 1897 1111 2005 1187; x_wconf 82' lang='lat'><strong>11.]</strong></span> <span class='ocrx_word' id='word_1_408' title='bbox 2040 1116 2060 1149; x_wconf 71' lang='lat'><strong>‘</strong></span> <span class='ocrx_word' id='word_1_409' title='bbox 2092 1115 2245 1171; x_wconf 91' lang='lat' dir='ltr'><strong>Unde</strong></span> <span class='ocrx_word' id='word_1_410' title='bbox 2274 1126 2328 1172; x_wconf 93' lang='lat' dir='ltr'><strong>et</strong></span> <span class='ocrx_word' id='word_1_411' title='bbox 2359 1119 2427 1174; x_wconf 92' lang='lat' dir='ltr'><strong>ab</strong></span> <span class='ocrx_word' id='word_1_412' title='bbox 2456 1120 2647 1177; x_wconf 90' lang='lat' dir='ltr'><strong>eodem</strong></span> <span class='ocrx_word' id='word_1_413' title='bbox 2680 1122 2839 1179; x_wconf 90' lang='lat' dir='ltr'><strong>beato</strong></span> <span class='ocrx_word' id='word_1_414' title='bbox 2864 1125 2967 1181; x_wconf 82' lang='lat' dir='ltr'><strong>Job</strong></span> <span class='ocrx_word' id='word_1_415' title='bbox 2998 1111 3205 1184; x_wconf 81' lang='lat' dir='ltr'><strong>dicitur</strong></span> <span class='ocrx_word' id='word_1_416' title='bbox 3239 1147 3251 1185; x_wconf 90' lang='lat'><strong>:</strong></span> <span class='ocrx_word' id='word_1_417' title='bbox 3286 1133 3419 1188; x_wconf 82' lang='lat' dir='ltr'><strong>Ecce</strong></span> <span class='ocrx_word' id='word_1_418' title='bbox 3450 1133 3509 1187; x_wconf 88' lang='lat' dir='ltr'><strong>in</strong></span> 
     </span>
    </p>
   </div>
   <div class='ocr_carea' id='block_1_56' title="bbox 1895 1202 3507 1291">
    <p class='ocr_par' dir='ltr' id='par_1_56' title="bbox 1895 1202 3507 1291">
     <span class='ocr_line' id='line_1_56' title="bbox 1895 1202 3507 1291; baseline 0.014 -38"><span class='ocrx_word' id='word_1_419' title='bbox 1895 1202 2019 1255; x_wconf 72' lang='lat' dir='ltr'><strong>crclo</strong></span> <span class='ocrx_word' id='word_1_420' title='bbox 2068 1204 2210 1257; x_wconf 88' lang='lat' dir='ltr'><strong>testis</strong></span> <span class='ocrx_word' id='word_1_421' title='bbox 2264 1221 2429 1271; x_wconf 87' lang='lat' dir='ltr'><strong>meus,</strong></span> <span class='ocrx_word' id='word_1_422' title='bbox 2461 1213 2508 1261; x_wconf 87' lang='lat' dir='ltr'><strong>et</strong></span> <span class='ocrx_word' id='word_1_423' title='bbox 2553 1210 2787 1264; x_wconf 87' lang='lat' dir='ltr'><strong>conscius</strong></span> <span class='ocrx_word' id='word_1_424' title='bbox 2833 1228 2976 1267; x_wconf 87' lang='lat' dir='ltr'><strong>meus</strong></span> <span class='ocrx_word' id='word_1_425' title='bbox 3032 1215 3089 1269; x_wconf 86' lang='lat' dir='ltr'><strong>in</strong></span> <span class='ocrx_word' id='word_1_426' title='bbox 3118 1218 3331 1273; x_wconf 71' lang='lat' dir='ltr'><strong>excelsis</strong></span> <span class='ocrx_word' id='word_1_427' title='bbox 3378 1221 3507 1291; x_wconf 85' lang='lat' dir='ltr'><strong>(Job</strong></span> 
     </span>
    </p>
   </div>
   <div class='ocr_carea' id='block_1_57' title="bbox 1895 1292 3501 1379">
    <p class='ocr_par' dir='ltr' id='par_1_57' title="bbox 1895 1292 3501 1379">
     <span class='ocr_line' id='line_1_57' title="bbox 1895 1292 3501 1379; baseline 0.012 -34"><span class='ocrx_word' id='word_1_428' title='bbox 1895 1306 2016 1359; x_wconf 79' lang='lat' dir='ltr'><strong>xvx,</strong></span> <span class='ocrx_word' id='word_1_429' title='bbox 2056 1292 2171 1364; x_wconf 81' lang='lat'><strong>20).</strong></span> <span class='ocrx_word' id='word_1_430' title='bbox 2204 1294 2275 1348; x_wconf 89' lang='lat' dir='ltr'><strong>Et</strong></span> <span class='ocrx_word' id='word_1_431' title='bbox 2329 1296 2459 1367; x_wconf 87' lang='lat' dir='ltr'><strong>quia</strong></span> <span class='ocrx_word' id='word_1_432' title='bbox 2488 1297 2537 1351; x_wconf 92' lang='lat' dir='ltr'><strong>ei</strong></span> <span class='ocrx_word' id='word_1_433' title='bbox 2582 1299 2794 1369; x_wconf 88' lang='lat' dir='ltr'><strong>placere</strong></span> <span class='ocrx_word' id='word_1_434' title='bbox 2841 1318 3190 1375; x_wconf 89' lang='lat' dir='ltr'><strong>summopere</strong></span> <span class='ocrx_word' id='word_1_435' title='bbox 3244 1307 3501 1379; x_wconf 90' lang='lat' dir='ltr'><strong>cupiunt,</strong></span> 
     </span>
    </p>
   </div>
   <div class='ocr_carea' id='block_1_58' title="bbox 1894 1379 3497 1470">
    <p class='ocr_par' dir='ltr' id='par_1_58' title="bbox 1894 1379 3497 1470">
     <span class='ocr_line' id='line_1_58' title="bbox 1894 1379 3497 1470; baseline 0.012 -36"><span class='ocrx_word' id='word_1_436' title='bbox 1894 1379 2012 1451; x_wconf 91' lang='lat' dir='ltr'><strong>ejus</strong></span> <span class='ocrx_word' id='word_1_437' title='bbox 2031 1382 2202 1439; x_wconf 90' lang='lat' dir='ltr'><strong>solius</strong></span> <span class='ocrx_word' id='word_1_438' title='bbox 2233 1385 2610 1443; x_wconf 88' lang='lat' dir='ltr'><strong>testimonium</strong></span> <span class='ocrx_word' id='word_1_439' title='bbox 2636 1390 2943 1462; x_wconf 89' lang='lat' dir='ltr'><strong>requirunt.</strong></span> <span class='ocrx_word' id='word_1_440' title='bbox 2969 1392 3221 1449; x_wconf 88' lang='lat' dir='ltr'><strong>Perversi</strong></span> <span class='ocrx_word' id='word_1_441' title='bbox 3255 1413 3497 1470; x_wconf 89' lang='lat' dir='ltr'><strong>quoque,</strong></span> 
     </span>
    </p>
   </div>
   <div class='ocr_carea' id='block_1_59' title="bbox 1894 1471 3501 1557">
    <p class='ocr_par' dir='ltr' id='par_1_59' title="bbox 1894 1471 3501 1557">
     <span class='ocr_line' id='line_1_59' title="bbox 1894 1471 3501 1557; baseline 0.011 -33"><span class='ocrx_word' id='word_1_442' title='bbox 1894 1471 2024 1543; x_wconf 91' lang='lat' dir='ltr'><strong>quia</strong></span> <span class='ocrx_word' id='word_1_443' title='bbox 2045 1472 2322 1544; x_wconf 87' lang='lat' dir='ltr'><strong>justorum</strong></span> <span class='ocrx_word' id='word_1_444' title='bbox 2345 1476 2516 1532; x_wconf 89' lang='lat' dir='ltr'><strong>vitam</strong></span> <span class='ocrx_word' id='word_1_445' title='bbox 2548 1478 2828 1548; x_wconf 86' lang='lat' dir='ltr'><strong>deserunt,</strong></span> <span class='ocrx_word' id='word_1_446' title='bbox 2856 1482 2949 1537; x_wconf 90' lang='lat' dir='ltr'><strong>sed</strong></span> <span class='ocrx_word' id='word_1_447' title='bbox 2973 1499 3370 1557; x_wconf 89' lang='lat' dir='ltr'><strong>nonnunquam</strong></span> <span class='ocrx_word' id='word_1_448' title='bbox 3391 1486 3501 1543; x_wconf 88' lang='lat' dir='ltr'><strong>elo-</strong></span> 
     </span>
    </p>
   </div>
   <div class='ocr_carea' id='block_1_60' title="bbox 1892 1560 3498 1646">
    <p class='ocr_par' dir='ltr' id='par_1_60' title="bbox 1892 1560 3498 1646">
     <span class='ocr_line' id='line_1_60' title="bbox 1892 1560 3498 1646; baseline 0.01 -31"><span class='ocrx_word' id='word_1_449' title='bbox 1892 1560 2021 1632; x_wconf 88' lang='lat' dir='ltr'><strong>quia</strong></span> <span class='ocrx_word' id='word_1_450' title='bbox 2041 1572 2365 1636; x_wconf 90' lang='lat' dir='ltr'><strong>sequuntur,</strong></span> <span class='ocrx_word' id='word_1_451' title='bbox 2387 1583 2513 1623; x_wconf 91' lang='lat' dir='ltr'><strong>cum</strong></span> <span class='ocrx_word' id='word_1_452' title='bbox 2542 1568 2608 1623; x_wconf 91' lang='lat' dir='ltr'><strong>de</strong></span> <span class='ocrx_word' id='word_1_453' title='bbox 2638 1569 2753 1625; x_wconf 91' lang='lat' dir='ltr'><strong>suis</strong></span> <span class='ocrx_word' id='word_1_454' title='bbox 2770 1571 2909 1625; x_wconf 90' lang='lat' dir='ltr'><strong>male</strong></span> <span class='ocrx_word' id='word_1_455' title='bbox 2927 1572 3092 1643; x_wconf 82' lang='lat' dir='ltr'><strong>gestis</strong></span> <span class='ocrx_word' id='word_1_456' title='bbox 3113 1572 3373 1646; x_wconf 89' lang='lat' dir='ltr'><strong>increpan</strong></span> <span class='ocrx_word' id='word_1_457' title='bbox 3384 1582 3498 1645; x_wconf 92' lang='lat' dir='ltr'><strong>tur,</strong></span> 
     </span>
    </p>
   </div>
   <div class='ocr_carea' id='block_1_61' title="bbox 1892 1648 3499 1735">
    <p class='ocr_par' dir='ltr' id='par_1_61' title="bbox 1892 1648 3499 1735">
     <span class='ocr_line' id='line_1_61' title="bbox 1892 1648 3499 1735; baseline 0.01 -31"><span class='ocrx_word' id='word_1_458' title='bbox 1892 1648 1997 1705; x_wconf 90' lang='lat' dir='ltr'><strong>hoc</strong></span> <span class='ocrx_word' id='word_1_459' title='bbox 2025 1663 2313 1711; x_wconf 89' lang='lat' dir='ltr'><strong>assumunt</strong></span> <span class='ocrx_word' id='word_1_460' title='bbox 2340 1655 2398 1711; x_wconf 91' lang='lat' dir='ltr'><strong>in</strong></span> <span class='ocrx_word' id='word_1_461' title='bbox 2414 1659 2799 1729; x_wconf 88' lang='lat' dir='ltr'><strong>argumenium</strong></span> <span class='ocrx_word' id='word_1_462' title='bbox 2821 1660 3177 1729; x_wconf 82' lang='lat' dir='ltr'><strong>defensionis,</strong></span> <span class='ocrx_word' id='word_1_463' title='bbox 3196 1663 3343 1735; x_wconf 93' lang='lat' dir='ltr'><strong>quod</strong></span> <span class='ocrx_word' id='word_1_464' title='bbox 3358 1662 3499 1735; x_wconf 88' lang='lat' dir='ltr'><strong>justi</strong></span> 
     </span>
    </p>
   </div>
   <div class='ocr_carea' id='block_1_62' title="bbox 1890 1740 3499 1819">
    <p class='ocr_par' dir='ltr' id='par_1_62' title="bbox 1890 1740 3499 1819">
     <span class='ocr_line' id='line_1_62' title="bbox 1890 1740 3499 1819; baseline 0.009 -25"><span class='ocrx_word' id='word_1_465' title='bbox 1890 1740 2178 1810; x_wconf 85' lang='lat' dir='ltr'><strong>proferunt</strong></span> <span class='ocrx_word' id='word_1_466' title='bbox 2225 1745 2246 1778; x_wconf 77' lang='grc'>⁵</span> <span class='ocrx_word' id='word_1_467' title='bbox 2277 1744 2335 1798; x_wconf 91' lang='lat' dir='ltr'><strong>in</strong></span> <span class='ocrx_word' id='word_1_468' title='bbox 2382 1746 2763 1802; x_wconf 90' lang='lat' dir='ltr'><strong>testimonium</strong></span> <span class='ocrx_word' id='word_1_469' title='bbox 2814 1749 3088 1819; x_wconf 90' lang='lat' dir='ltr'><strong>puritatis.</strong></span> <span class='ocrx_word' id='word_1_470' title='bbox 3124 1751 3278 1806; x_wconf 89' lang='lat' dir='ltr'><strong>Unde</strong></span> <span class='ocrx_word' id='word_1_471' title='bbox 3320 1752 3400 1808; x_wconf 88' lang='lat' dir='ltr'><strong>eis</strong></span> <span class='ocrx_word' id='word_1_472' title='bbox 3445 1762 3499 1809; x_wconf 91' lang='lat' dir='ltr'><strong>et</strong></span> 
     </span>
    </p>
   </div>
   <div class='ocr_carea' id='block_1_63' title="bbox 1809 1830 3500 1911">
    <p class='ocr_par' dir='ltr' id='par_1_63' title="bbox 1809 1830 3500 1911">
     <span class='ocr_line' id='line_1_63' title="bbox 1809 1830 3500 1911; baseline 0.009 -29"><span class='ocrx_word' id='word_1_473' title='bbox 1809 1851 1857 1911; x_wconf 82' lang='grc' dir='ltr'>Β</span> <span class='ocrx_word' id='word_1_474' title='bbox 1891 1830 2233 1886; x_wconf 89' lang='lat' dir='ltr'><strong>consuetudo</strong></span> <span class='ocrx_word' id='word_1_475' title='bbox 2283 1830 2399 1903; x_wconf 90' lang='lat' dir='ltr'><strong>jam</strong></span> <span class='ocrx_word' id='word_1_476' title='bbox 2434 1833 2575 1887; x_wconf 88' lang='lat' dir='ltr'><strong>facta</strong></span> <span class='ocrx_word' id='word_1_477' title='bbox 2613 1842 2715 1902; x_wconf 89' lang='lat' dir='ltr'><strong>est,</strong></span> <span class='ocrx_word' id='word_1_478' title='bbox 2748 1842 2808 1889; x_wconf 92' lang='lat' dir='ltr'><strong>ut</strong></span> <span class='ocrx_word' id='word_1_479' title='bbox 2837 1835 2883 1890; x_wconf 88' lang='lat' dir='ltr'><strong>si</strong></span> <span class='ocrx_word' id='word_1_480' title='bbox 2913 1837 3036 1908; x_wconf 91' lang='lat' dir='ltr'><strong>quis</strong></span> <span class='ocrx_word' id='word_1_481' title='bbox 3092 1854 3183 1893; x_wconf 92' lang='lat' dir='ltr'><strong>eos</strong></span> <span class='ocrx_word' id='word_1_482' title='bbox 3230 1838 3297 1894; x_wconf 91' lang='lat' dir='ltr'><strong>de</strong></span> <span class='ocrx_word' id='word_1_483' title='bbox 3339 1840 3500 1897; x_wconf 88' lang='lat' dir='ltr'><strong>factis</strong></span> 
     </span>
    </p>
   </div>
   <div class='ocr_carea' id='block_1_64' title="bbox 1889 1920 3495 1999">
    <p class='ocr_par' dir='ltr' id='par_1_64' title="bbox 1889 1920 3495 1999">
     <span class='ocr_line' id='line_1_64' title="bbox 1889 1920 3495 1999; baseline 0.008 -25"><span class='ocrx_word' id='word_1_484' title='bbox 1889 1920 2005 1975; x_wconf 88' lang='lat' dir='ltr'><strong>suis</strong></span> <span class='ocrx_word' id='word_1_485' title='bbox 2055 1929 2264 1993; x_wconf 77' lang='lat' dir='ltr'><strong>arguat,</strong></span> <span class='ocrx_word' id='word_1_486' title='bbox 2317 1922 2413 1977; x_wconf 88' lang='lat' dir='ltr'><strong>Dei</strong></span> <span class='ocrx_word' id='word_1_487' title='bbox 2472 1924 2643 1995; x_wconf 90' lang='lat' dir='ltr'><strong>magis</strong></span> <span class='ocrx_word' id='word_1_488' title='bbox 2685 1922 2965 1996; x_wconf 89' lang='lat' dir='ltr'><strong>judicium</strong></span> <span class='ocrx_word' id='word_1_489' title='bbox 2996 1942 3159 1999; x_wconf 91' lang='lat' dir='ltr'><strong>quam</strong></span> <span class='ocrx_word' id='word_1_490' title='bbox 3204 1928 3495 1988; x_wconf 88' lang='lat' dir='ltr'><strong>hominum</strong></span> 
     </span>
    </p>
   </div>
   <div class='ocr_carea' id='block_1_65' title="bbox 1890 2011 3496 2080">
    <p class='ocr_par' dir='ltr' id='par_1_65' title="bbox 1890 2011 3496 2080">
     <span class='ocr_line' id='line_1_65' title="bbox 1890 2011 3496 2080; baseline 0.007 -18"><span class='ocrx_word' id='word_1_491' title='bbox 1890 2017 2157 2080; x_wconf 71' lang='lat' dir='ltr'><strong>quaerant.</strong></span> <span class='ocrx_word' id='word_1_492' title='bbox 2192 2011 2239 2065; x_wconf 88' lang='lat' dir='ltr'><strong>A</strong></span> <span class='ocrx_word' id='word_1_493' title='bbox 2268 2012 2381 2066; x_wconf 91' lang='lat' dir='ltr'><strong>Deo</strong></span> <span class='ocrx_word' id='word_1_494' title='bbox 2409 2011 2556 2067; x_wconf 91' lang='lat' dir='ltr'><strong>enim</strong></span> <span class='ocrx_word' id='word_1_495' title='bbox 2591 2019 2645 2069; x_wconf 90' lang='lat' dir='ltr'><strong>et</strong></span> <span class='ocrx_word' id='word_1_496' title='bbox 2684 2029 2809 2069; x_wconf 91' lang='lat' dir='ltr'><strong>cum</strong></span> <span class='ocrx_word' id='word_1_497' title='bbox 2854 2029 2909 2069; x_wconf 92' lang='lat' dir='ltr'><strong>se</strong></span> <span class='ocrx_word' id='word_1_498' title='bbox 2957 2014 3301 2073; x_wconf 89' lang='lat' dir='ltr'><strong>damnandos</strong></span> <span class='ocrx_word' id='word_1_499' title='bbox 3330 2034 3496 2075; x_wconf 81' lang='lat' dir='ltr'><strong>nove-</strong></span> 
     </span>
    </p>
   </div>
   <div class='ocr_carea' id='block_1_66' title="bbox 1889 2097 3495 2175">
    <p class='ocr_par' dir='ltr' id='par_1_66' title="bbox 1889 2097 3495 2175">
     <span class='ocr_line' id='line_1_66' title="bbox 1889 2097 3495 2175; baseline 0.007 -23"><span class='ocrx_word' id='word_1_500' title='bbox 1889 2098 2022 2166; x_wconf 91' lang='lat' dir='ltr'><strong>rint,</strong></span> <span class='ocrx_word' id='word_1_501' title='bbox 2049 2097 2290 2171; x_wconf 82' lang='lat' dir='ltr'><strong>judicari</strong></span> <span class='ocrx_word' id='word_1_502' title='bbox 2326 2117 2438 2156; x_wconf 92' lang='lat' dir='ltr'><strong>non</strong></span> <span class='ocrx_word' id='word_1_503' title='bbox 2480 2110 2757 2170; x_wconf 89' lang='lat' dir='ltr'><strong>metuunt,</strong></span> <span class='ocrx_word' id='word_1_504' title='bbox 2790 2110 2845 2158; x_wconf 94' lang='lat' dir='ltr'><strong>et</strong></span> <span class='ocrx_word' id='word_1_505' title='bbox 2868 2102 3109 2175; x_wconf 88' lang='lat' dir='ltr'><strong>judicari</strong></span> <span class='ocrx_word' id='word_1_506' title='bbox 3138 2106 3207 2161; x_wconf 92' lang='lat' dir='ltr'><strong>ab</strong></span> <span class='ocrx_word' id='word_1_507' title='bbox 3237 2105 3495 2164; x_wconf 91' lang='lat' dir='ltr'><strong>homini-</strong></span> 
     </span>
    </p>
   </div>
   <div class='ocr_carea' id='block_1_67' title="bbox 1888 2185 3495 2268">
    <p class='ocr_par' dir='ltr' id='par_1_67' title="bbox 1888 2185 3495 2268">
     <span class='ocr_line' id='line_1_67' title="bbox 1888 2185 3495 2268; baseline 0.007 -27"><span class='ocrx_word' id='word_1_508' title='bbox 1888 2185 1990 2242; x_wconf 90' lang='lat' dir='ltr'><strong>bus</strong></span> <span class='ocrx_word' id='word_1_509' title='bbox 2006 2187 2355 2245; x_wconf 88' lang='lat' dir='ltr'><strong>erubescunt.</strong></span> <span class='ocrx_word' id='word_1_510' title='bbox 2390 2191 2712 2264; x_wconf 88' lang='lat' dir='ltr'><strong>Proponunt</strong></span> <span class='ocrx_word' id='word_1_511' title='bbox 2732 2209 2859 2266; x_wconf 87' lang='lat' dir='ltr'><strong>ergo</strong></span> <span class='ocrx_word' id='word_1_512' title='bbox 2881 2195 3057 2267; x_wconf 91' lang='lat' dir='ltr'><strong>majus</strong></span> <span class='ocrx_word' id='word_1_513' title='bbox 3083 2194 3230 2268; x_wconf 86' lang='lat' dir='ltr'><strong>quod</strong></span> <span class='ocrx_word' id='word_1_514' title='bbox 3258 2213 3369 2252; x_wconf 90' lang='lat' dir='ltr'><strong>non</strong></span> <span class='ocrx_word' id='word_1_515' title='bbox 3386 2213 3495 2254; x_wconf 87' lang='lat' dir='ltr'><strong>me-</strong></span> 
     </span>
    </p>
   </div>
   <div class='ocr_carea' id='block_1_68' title="bbox 1886 2278 3494 2358">
    <p class='ocr_par' dir='ltr' id='par_1_68' title="bbox 1886 2278 3494 2358">
     <span class='ocr_line' id='line_1_68' title="bbox 1886 2278 3494 2358; baseline 0.007 -27"><span class='ocrx_word' id='word_1_516' title='bbox 1886 2282 2072 2347; x_wconf 88' lang='lat' dir='ltr'><strong>tuunt,</strong></span> <span class='ocrx_word' id='word_1_517' title='bbox 2105 2286 2167 2334; x_wconf 91' lang='lat' dir='ltr'><strong>ut</strong></span> <span class='ocrx_word' id='word_1_518' title='bbox 2196 2278 2302 2337; x_wconf 91' lang='lat' dir='ltr'><strong>hoc</strong></span> <span class='ocrx_word' id='word_1_519' title='bbox 2332 2281 2517 2337; x_wconf 89' lang='lat' dir='ltr'><strong>minus</strong></span> <span class='ocrx_word' id='word_1_520' title='bbox 2545 2281 2821 2339; x_wconf 90' lang='lat' dir='ltr'><strong>declinare</strong></span> <span class='ocrx_word' id='word_1_521' title='bbox 2871 2284 3088 2340; x_wconf 89' lang='lat' dir='ltr'><strong>valeant</strong></span> <span class='ocrx_word' id='word_1_522' title='bbox 3118 2285 3267 2358; x_wconf 91' lang='lat' dir='ltr'><strong>quod</strong></span> <span class='ocrx_word' id='word_1_523' title='bbox 3298 2285 3494 2343; x_wconf 85' lang='lat' dir='ltr'><strong>erube-</strong></span> 
     </span>
    </p>
   </div>
   <div class='ocr_carea' id='block_1_69' title="bbox 1885 2368 3495 2445">
    <p class='ocr_par' dir='ltr' id='par_1_69' title="bbox 1885 2368 3495 2445">
     <span class='ocr_line' id='line_1_69' title="bbox 1885 2368 3495 2445; baseline 0.006 -24"><span class='ocrx_word' id='word_1_524' title='bbox 1885 2373 2068 2423; x_wconf 87' lang='lat' dir='ltr'><strong>scunt.</strong></span> <span class='ocrx_word' id='word_1_525' title='bbox 2100 2368 2376 2440; x_wconf 90' lang='lat' dir='ltr'><strong>Scriptum</strong></span> <span class='ocrx_word' id='word_1_526' title='bbox 2415 2370 2616 2443; x_wconf 90' lang='lat' dir='ltr'><strong>quippe</strong></span> <span class='ocrx_word' id='word_1_527' title='bbox 2674 2380 2754 2427; x_wconf 91' lang='lat' dir='ltr'><strong>est</strong></span> <span class='ocrx_word' id='word_1_528' title='bbox 2788 2390 2799 2428; x_wconf 90' lang='lat'><strong>:</strong></span> <span class='ocrx_word' id='word_1_529' title='bbox 2838 2373 3203 2445; x_wconf 82' lang='lat' dir='ltr'><strong>Unusquisque</strong></span> <span class='ocrx_word' id='word_1_530' title='bbox 3251 2380 3495 2431; x_wconf 89' lang='lat' dir='ltr'><strong>nostrum</strong></span> 
     </span>
    </p>
   </div>
   <div class='ocr_carea' id='block_1_70' title="bbox 1880 2457 3494 2535">
    <p class='ocr_par' dir='ltr' id='par_1_70' title="bbox 1880 2457 3494 2535">
     <span class='ocr_line' id='line_1_70' title="bbox 1880 2457 3494 2535; baseline 0.007 -27"><span class='ocrx_word' id='word_1_531' title='bbox 1880 2471 1983 2525; x_wconf 89' lang='lat' dir='ltr'><strong>pro</strong></span> <span class='ocrx_word' id='word_1_532' title='bbox 2004 2471 2057 2509; x_wconf 86' lang='lat' dir='ltr'><strong>se</strong></span> <span class='ocrx_word' id='word_1_533' title='bbox 2081 2457 2342 2512; x_wconf 83' lang='lat' dir='ltr'><strong>rationem</strong></span> <span class='ocrx_word' id='word_1_534' title='bbox 2360 2460 2541 2514; x_wconf 83' lang='lat' dir='ltr'><strong>reddet</strong></span> <span class='ocrx_word' id='word_1_535' title='bbox 2568 2461 2676 2516; x_wconf 88' lang='lat' dir='ltr'><strong>Deo</strong></span> <span class='ocrx_word' id='word_1_536' title='bbox 2696 2462 2873 2531; x_wconf 86' lang='lat' dir='ltr'><strong>(Rom.</strong></span> <span class='ocrx_word' id='word_1_537' title='bbox 2899 2478 3019 2529; x_wconf 68' lang='lat' dir='ltr'><strong>xxv,</strong></span> <span class='ocrx_word' id='word_1_538' title='bbox 3060 2462 3173 2534; x_wconf 78' lang='grc'>12).</span> <span class='ocrx_word' id='word_1_539' title='bbox 3203 2462 3345 2530; x_wconf 86' lang='lat' dir='ltr'><strong>Quia</strong></span> <span class='ocrx_word' id='word_1_540' title='bbox 3364 2480 3494 2535; x_wconf 88' lang='lat' dir='ltr'><strong>ergo</strong></span> 
     </span>
    </p>
   </div>
   <div class='ocr_carea' id='block_1_71' title="bbox 1885 2544 3493 2623">
    <p class='ocr_par' dir='ltr' id='par_1_71' title="bbox 1885 2544 3493 2623">
     <span class='ocr_line' id='line_1_71' title="bbox 1885 2544 3493 2623; baseline 0.006 -25"><span class='ocrx_word' id='word_1_541' title='bbox 1885 2549 2018 2600; x_wconf 89' lang='lat' dir='ltr'><strong>tunc</strong></span> <span class='ocrx_word' id='word_1_542' title='bbox 2046 2544 2326 2602; x_wconf 89' lang='lat' dir='ltr'><strong>damnatio</strong></span> <span class='ocrx_word' id='word_1_543' title='bbox 2352 2548 2785 2623; x_wconf 87' lang='lat' dir='ltr'><strong>uniuscujusque</strong></span> <span class='ocrx_word' id='word_1_544' title='bbox 2814 2550 3104 2606; x_wconf 82' lang='lat' dir='ltr'><strong>manifesta</strong></span> <span class='ocrx_word' id='word_1_545' title='bbox 3152 2559 3252 2621; x_wconf 88' lang='lat' dir='ltr'><strong>est,</strong></span> <span class='ocrx_word' id='word_1_546' title='bbox 3289 2552 3493 2608; x_wconf 81' lang='lat' dir='ltr'><strong>exinde</strong></span> 
     </span>
    </p>
   </div>
   <div class='ocr_carea' id='block_1_72' title="bbox 1885 2636 3493 2716">
    <p class='ocr_par' dir='ltr' id='par_1_72' title="bbox 1885 2636 3493 2716">
     <span class='ocr_line' id='line_1_72' title="bbox 1885 2636 3493 2716; baseline 0.006 -25"><span class='ocrx_word' id='word_1_547' title='bbox 1885 2636 2050 2692; x_wconf 90' lang='lat' dir='ltr'><strong>modo</strong></span> <span class='ocrx_word' id='word_1_548' title='bbox 2077 2637 2254 2712; x_wconf 90' lang='lat' dir='ltr'><strong>iniqui</strong></span> <span class='ocrx_word' id='word_1_549' title='bbox 2278 2640 2566 2713; x_wconf 89' lang='lat' dir='ltr'><strong>colligunt,</strong></span> <span class='ocrx_word' id='word_1_550' title='bbox 2586 2643 2831 2698; x_wconf 88' lang='lat' dir='ltr'><strong>utetiam</strong></span> <span class='ocrx_word' id='word_1_551' title='bbox 2857 2659 3110 2715; x_wconf 89' lang='lat' dir='ltr'><strong>perversa</strong></span> <span class='ocrx_word' id='word_1_552' title='bbox 3136 2642 3493 2716; x_wconf 88' lang='lat' dir='ltr'><strong>uniuscujus-</strong></span> 
     </span>
    </p>
   </div>
   <div class='ocr_carea' id='block_1_73' title="bbox 1884 2727 3493 2805">
    <p class='ocr_par' dir='ltr' id='par_1_73' title="bbox 1884 2727 3493 2805">
     <span class='ocr_line' id='line_1_73' title="bbox 1884 2727 3493 2805; baseline 0.005 -25"><span class='ocrx_word' id='word_1_553' title='bbox 1884 2740 1989 2797; x_wconf 90' lang='lat' dir='ltr'><strong>que</strong></span> <span class='ocrx_word' id='word_1_554' title='bbox 2018 2727 2161 2783; x_wconf 92' lang='lat' dir='ltr'><strong>actio</strong></span> <span class='ocrx_word' id='word_1_555' title='bbox 2192 2729 2265 2784; x_wconf 87' lang='lat' dir='ltr'><strong>sit</strong></span> <span class='ocrx_word' id='word_1_556' title='bbox 2290 2745 2482 2785; x_wconf 87' lang='lat' dir='ltr'><strong>secura</strong></span> <span class='ocrx_word' id='word_1_557' title='bbox 2513 2748 2527 2798; x_wconf 88' lang='lat'>;</span> <span class='ocrx_word' id='word_1_558' title='bbox 2587 2747 2654 2787; x_wconf 91' lang='lat' dir='ltr'><strong>ne</strong></span> <span class='ocrx_word' id='word_1_559' title='bbox 2703 2732 2867 2787; x_wconf 90' lang='lat' dir='ltr'><strong>modo</strong></span> <span class='ocrx_word' id='word_1_560' title='bbox 2898 2748 3016 2787; x_wconf 92' lang='lat' dir='ltr'><strong>eam</strong></span> <span class='ocrx_word' id='word_1_561' title='bbox 3047 2731 3283 2805; x_wconf 91' lang='lat' dir='ltr'><strong>quilibet</strong></span> <span class='ocrx_word' id='word_1_562' title='bbox 3305 2731 3493 2803; x_wconf 89' lang='lat' dir='ltr'><strong>justus</strong></span> 
     </span>
    </p>
   </div>
   <div class='ocr_carea' id='block_1_74' title="bbox 1883 2816 3491 2894">
    <p class='ocr_par' dir='ltr' id='par_1_74' title="bbox 1883 2816 3491 2894">
     <span class='ocr_line' id='line_1_74' title="bbox 1883 2816 3491 2894; baseline 0.007 -27"><span class='ocrx_word' id='word_1_563' title='bbox 1883 2816 2160 2885; x_wconf 86' lang='lat' dir='ltr'><strong>arguendo</strong></span> <span class='ocrx_word' id='word_1_564' title='bbox 2190 2817 2468 2887; x_wconf 90' lang='lat' dir='ltr'><strong>discutiat,</strong></span> <span class='ocrx_word' id='word_1_565' title='bbox 2501 2833 2532 2873; x_wconf 91' lang='lat' dir='ltr'><strong>a</strong></span> <span class='ocrx_word' id='word_1_566' title='bbox 2587 2835 2694 2892; x_wconf 91' lang='lat' dir='ltr'><strong>qua</strong></span> <span class='ocrx_word' id='word_1_567' title='bbox 2726 2828 2941 2876; x_wconf 88' lang='lat' dir='ltr'><strong>constat</strong></span> <span class='ocrx_word' id='word_1_568' title='bbox 2992 2821 3141 2894; x_wconf 90' lang='lat' dir='ltr'><strong>quod</strong></span> <span class='ocrx_word' id='word_1_569' title='bbox 3193 2821 3251 2876; x_wconf 91' lang='lat' dir='ltr'><strong>in</strong></span> <span class='ocrx_word' id='word_1_570' title='bbox 3276 2821 3491 2894; x_wconf 90' lang='lat' dir='ltr'><strong>judicio</strong></span> 
     </span>
    </p>
   </div>
   <div class='ocr_carea' id='block_1_75' title="bbox 1882 2901 3490 2982">
    <p class='ocr_par' dir='ltr' id='par_1_75' title="bbox 1882 2901 3490 2982">
     <span class='ocr_line' id='line_1_75' title="bbox 1882 2901 3490 2982; baseline 0.008 -28"><span class='ocrx_word' id='word_1_571' title='bbox 1882 2901 2096 2957; x_wconf 91' lang='lat' dir='ltr'><strong>alienus</strong></span> <span class='ocrx_word' id='word_1_572' title='bbox 2124 2905 2344 2961; x_wconf 83' lang='lat' dir='ltr'><strong>existat.</strong></span> <span class='ocrx_word' id='word_1_573' title='bbox 2365 2908 2439 2961; x_wconf 90' lang='lat' dir='ltr'><strong>At</strong></span> <span class='ocrx_word' id='word_1_574' title='bbox 2457 2915 2648 2962; x_wconf 92' lang='lat' dir='ltr'><strong>contra</strong></span> <span class='ocrx_word' id='word_1_575' title='bbox 2670 2907 2888 2978; x_wconf 87' lang='lat' dir='ltr'><strong>piorum</strong></span> <span class='ocrx_word' id='word_1_576' title='bbox 2911 2909 3263 2966; x_wconf 59' lang='lat' dir='ltr'><strong>conscientiae</strong></span> <span class='ocrx_word' id='word_1_577' title='bbox 3287 2910 3490 2982; x_wconf 84' lang='lat' dir='ltr'><strong>grande</strong></span> 
     </span>
    </p>
   </div>
   <div class='ocr_carea' id='block_1_76' title="bbox 1882 2992 3487 3073">
    <p class='ocr_par' dir='ltr' id='par_1_76' title="bbox 1882 2992 3487 3073">
     <span class='ocr_line' id='line_1_76' title="bbox 1882 2992 3487 3073; baseline 0.006 -25"><span class='ocrx_word' id='word_1_578' title='bbox 1882 2992 1988 3048; x_wconf 89' lang='lat' dir='ltr'><strong>sibi</strong></span> <span class='ocrx_word' id='word_1_579' title='bbox 2014 2993 2255 3050; x_wconf 85' lang='lat' dir='ltr'><strong>conferri</strong></span> <span class='ocrx_word' id='word_1_580' title='bbox 2286 2995 2573 3067; x_wconf 80' lang='lat' dir='ltr'><strong>praemium</strong></span> <span class='ocrx_word' id='word_1_581' title='bbox 2608 2998 2860 3066; x_wconf 89' lang='lat' dir='ltr'><strong>credunt,</strong></span> <span class='ocrx_word' id='word_1_582' title='bbox 2893 3017 3018 3056; x_wconf 89' lang='lat' dir='ltr'><strong>cum</strong></span> <span class='ocrx_word' id='word_1_583' title='bbox 3058 2999 3125 3054; x_wconf 90' lang='lat' dir='ltr'><strong>de</strong></span> <span class='ocrx_word' id='word_1_584' title='bbox 3155 3000 3487 3073; x_wconf 90' lang='lat' dir='ltr'><strong>quibusdam</strong></span> 
     </span>
    </p>
   </div>
   <div class='ocr_carea' id='block_1_77' title="bbox 1882 3083 3488 3161">
    <p class='ocr_par' dir='ltr' id='par_1_77' title="bbox 1882 3083 3488 3161">
     <span class='ocr_line' id='line_1_77' title="bbox 1882 3083 3488 3161; baseline 0.004 -23"><span class='ocrx_word' id='word_1_585' title='bbox 1882 3083 2046 3140; x_wconf 88' lang='lat' dir='ltr'><strong>modo</strong></span> <span class='ocrx_word' id='word_1_586' title='bbox 2073 3083 2188 3140; x_wconf 87' lang='lat' dir='ltr'><strong>suis</strong></span> <span class='ocrx_word' id='word_1_587' title='bbox 2216 3083 2528 3142; x_wconf 86' lang='lat' dir='ltr'><strong>actionibus</strong></span> <span class='ocrx_word' id='word_1_588' title='bbox 2558 3085 2772 3141; x_wconf 90' lang='lat' dir='ltr'><strong>illicitis</strong></span> <span class='ocrx_word' id='word_1_589' title='bbox 2802 3095 3129 3159; x_wconf 84' lang='lat' dir='ltr'><strong>arguuntur.</strong></span> <span class='ocrx_word' id='word_1_590' title='bbox 3165 3089 3488 3161; x_wconf 85' lang='lat' dir='ltr'><strong>Proponunt</strong></span> 
     </span>
    </p>
   </div>
   <div class='ocr_carea' id='block_1_78' title="bbox 1801 3178 3489 3270">
    <p class='ocr_par' dir='ltr' id='par_1_78' title="bbox 1801 3178 3489 3270">
     <span class='ocr_line' id='line_1_78' title="bbox 1801 3178 3489 3270; baseline 0.004 -39"><span class='ocrx_word' id='word_1_591' title='bbox 1801 3211 1843 3270; x_wconf 70' lang='grc' dir='ltr'>Ο</span> <span class='ocrx_word' id='word_1_592' title='bbox 1878 3178 2081 3233; x_wconf 85' lang='lat' dir='ltr'><strong>etenim</strong></span> <span class='ocrx_word' id='word_1_593' title='bbox 2103 3186 2228 3233; x_wconf 91' lang='lat' dir='ltr'><strong>ante</strong></span> <span class='ocrx_word' id='word_1_594' title='bbox 2260 3179 2449 3235; x_wconf 89' lang='lat' dir='ltr'><strong>oculos</strong></span> <span class='ocrx_word' id='word_1_595' title='bbox 2477 3179 2661 3235; x_wconf 89' lang='lat' dir='ltr'><strong>cordis</strong></span> <span class='ocrx_word' id='word_1_596' title='bbox 2690 3180 2820 3255; x_wconf 90' lang='lat' dir='ltr'><strong>quia</strong></span> <span class='ocrx_word' id='word_1_597' title='bbox 2848 3180 3167 3237; x_wconf 87' lang='lat' dir='ltr'><strong>districtum</strong></span> <span class='ocrx_word' id='word_1_598' title='bbox 3197 3181 3298 3237; x_wconf 91' lang='lat' dir='ltr'><strong>Dei</strong></span> <span class='ocrx_word' id='word_1_599' title='bbox 3322 3179 3489 3252; x_wconf 90' lang='lat' dir='ltr'><strong>judi-</strong></span> 
     </span>
    </p>
   </div>
   <div class='ocr_carea' id='block_1_79' title="bbox 1876 3268 3487 3343">
    <p class='ocr_par' dir='ltr' id='par_1_79' title="bbox 1876 3268 3487 3343">
     <span class='ocr_line' id='line_1_79' title="bbox 1876 3268 3487 3343; baseline 0.001 -21"><span class='ocrx_word' id='word_1_600' title='bbox 1876 3268 2027 3322; x_wconf 90' lang='lat' dir='ltr'><strong>cium</strong></span> <span class='ocrx_word' id='word_1_601' title='bbox 2044 3274 2198 3323; x_wconf 90' lang='lat' dir='ltr'><strong>tanto</strong></span> <span class='ocrx_word' id='word_1_602' title='bbox 2217 3268 2401 3324; x_wconf 88' lang='lat' dir='ltr'><strong>verius</strong></span> <span class='ocrx_word' id='word_1_603' title='bbox 2422 3276 2557 3326; x_wconf 90' lang='lat' dir='ltr'><strong>tunc</strong></span> <span class='ocrx_word' id='word_1_604' title='bbox 2578 3286 2742 3342; x_wconf 91' lang='lat' dir='ltr'><strong>super</strong></span> <span class='ocrx_word' id='word_1_605' title='bbox 2771 3286 2865 3327; x_wconf 91' lang='lat' dir='ltr'><strong>eos</strong></span> <span class='ocrx_word' id='word_1_606' title='bbox 2894 3269 3259 3341; x_wconf 89' lang='lat' dir='ltr'><strong>mitigabitur,</strong></span> <span class='ocrx_word' id='word_1_607' title='bbox 3280 3276 3487 3343; x_wconf 89' lang='lat' dir='ltr'><strong>quanto</strong></span> 
     </span>
    </p>
   </div>
   <div class='ocr_carea' id='block_1_80' title="bbox 1878 3360 3472 3434">
    <p class='ocr_par' dir='ltr' id='par_1_80' title="bbox 1878 3360 3472 3434">
     <span class='ocr_line' id='line_1_80' title="bbox 1878 3360 3472 3434; baseline 0.003 -22"><span class='ocrx_word' id='word_1_608' title='bbox 1878 3375 2027 3415; x_wconf 90' lang='lat' dir='ltr'><strong>nunc</strong></span> <span class='ocrx_word' id='word_1_609' title='bbox 2055 3360 2240 3415; x_wconf 90' lang='lat' dir='ltr'><strong>acrius</strong></span> <span class='ocrx_word' id='word_1_610' title='bbox 2266 3368 2529 3432; x_wconf 89' lang='lat' dir='ltr'><strong>arguente</strong></span> <span class='ocrx_word' id='word_1_611' title='bbox 2558 3360 2791 3417; x_wconf 90' lang='lat' dir='ltr'><strong>homine</strong></span> <span class='ocrx_word' id='word_1_612' title='bbox 2814 3362 3183 3434; x_wconf 67' lang='lat' dir='ltr'><strong>praevenitur;</strong></span> <span class='ocrx_word' id='word_1_613' title='bbox 3214 3370 3267 3418; x_wconf 90' lang='lat' dir='ltr'><strong>et</strong></span> <span class='ocrx_word' id='word_1_614' title='bbox 3284 3368 3472 3433; x_wconf 91' lang='lat' dir='ltr'><strong>tempo</strong></span> 
     </span>
    </p>
   </div>
   <div class='ocr_carea' id='block_1_81' title="bbox 1876 3449 3483 3525">
    <p class='ocr_par' dir='ltr' id='par_1_81' title="bbox 1876 3449 3483 3525">
     <span class='ocr_line' id='line_1_81' title="bbox 1876 3449 3483 3525; baseline 0 -20"><span class='ocrx_word' id='word_1_615' title='bbox 1876 3450 2048 3505; x_wconf 90' lang='lat' dir='ltr'><strong>ralem</strong></span> <span class='ocrx_word' id='word_1_616' title='bbox 2080 3449 2218 3503; x_wconf 87' lang='lat' dir='ltr'><strong>iram</strong></span> <span class='ocrx_word' id='word_1_617' title='bbox 2256 3466 2420 3522; x_wconf 92' lang='lat' dir='ltr'><strong>super</strong></span> <span class='ocrx_word' id='word_1_618' title='bbox 2436 3467 2492 3505; x_wconf 90' lang='lat' dir='ltr'><strong>se</strong></span> <span class='ocrx_word' id='word_1_619' title='bbox 2526 3451 2781 3507; x_wconf 77' lang='lat' dir='ltr'><strong>6lucrum</strong></span> <span class='ocrx_word' id='word_1_620' title='bbox 2812 3459 3158 3525; x_wconf 87' lang='lat' dir='ltr'><strong>computant,</strong></span> <span class='ocrx_word' id='word_1_621' title='bbox 3194 3467 3290 3524; x_wconf 87' lang='lat' dir='ltr'><strong>per</strong></span> <span class='ocrx_word' id='word_1_622' title='bbox 3320 3466 3483 3523; x_wconf 86' lang='lat' dir='ltr'><strong>quam</strong></span> 
     </span>
    </p>
   </div>
   <div class='ocr_carea' id='block_1_82' title="bbox 1875 3540 3486 3613">
    <p class='ocr_par' dir='ltr' id='par_1_82' title="bbox 1875 3540 3486 3613">
     <span class='ocr_line' id='line_1_82' title="bbox 1875 3540 3486 3613; baseline 0.002 -20"><span class='ocrx_word' id='word_1_623' title='bbox 1875 3555 1931 3593; x_wconf 90' lang='lat' dir='ltr'><strong>se</strong></span> <span class='ocrx_word' id='word_1_624' title='bbox 1952 3546 2211 3596; x_wconf 79' lang='lat' dir='ltr'><strong>aeternam</strong></span> <span class='ocrx_word' id='word_1_625' title='bbox 2245 3556 2397 3611; x_wconf 90' lang='lat' dir='ltr'><strong>posse</strong></span> <span class='ocrx_word' id='word_1_626' title='bbox 2431 3541 2669 3597; x_wconf 89' lang='lat' dir='ltr'><strong>evadere</strong></span> <span class='ocrx_word' id='word_1_627' title='bbox 2712 3557 2824 3597; x_wconf 91' lang='lat' dir='ltr'><strong>non</strong></span> <span class='ocrx_word' id='word_1_628' title='bbox 2874 3541 3150 3613; x_wconf 89' lang='lat' dir='ltr'><strong>ignorant.</strong></span> <span class='ocrx_word' id='word_1_629' title='bbox 3198 3540 3329 3596; x_wconf 88' lang='lat' dir='ltr'><strong>Eliu</strong></span> <span class='ocrx_word' id='word_1_630' title='bbox 3357 3555 3486 3611; x_wconf 90' lang='lat' dir='ltr'><strong>ergo</strong></span> 
     </span>
    </p>
   </div>
   <div class='ocr_carea' id='block_1_83' title="bbox 1875 3627 3484 3704">
    <p class='ocr_par' dir='ltr' id='par_1_83' title="bbox 1875 3627 3484 3704">
     <span class='ocr_line' id='line_1_83' title="bbox 1875 3627 3484 3704; baseline 0 -22"><span class='ocrx_word' id='word_1_631' title='bbox 1875 3634 2071 3700; x_wconf 85' lang='lat' dir='ltr'><strong>typum</strong></span> <span class='ocrx_word' id='word_1_632' title='bbox 2101 3637 2427 3686; x_wconf 88' lang='lat' dir='ltr'><strong>cunctorum</strong></span> <span class='ocrx_word' id='word_1_633' title='bbox 2457 3631 2834 3704; x_wconf 88' lang='lat' dir='ltr'><strong>arrogantium</strong></span> <span class='ocrx_word' id='word_1_634' title='bbox 2862 3639 3075 3699; x_wconf 91' lang='lat' dir='ltr'><strong>tenens,</strong></span> <span class='ocrx_word' id='word_1_635' title='bbox 3105 3636 3161 3686; x_wconf 89' lang='lat' dir='ltr'><strong>et</strong></span> <span class='ocrx_word' id='word_1_636' title='bbox 3191 3628 3367 3699; x_wconf 89' lang='lat' dir='ltr'><strong>magis</strong></span> <span class='ocrx_word' id='word_1_637' title='bbox 3388 3627 3484 3683; x_wconf 87' lang='lat' dir='ltr'><strong>eli-</strong></span> 
     </span>
    </p>
   </div>
   <div class='ocr_carea' id='block_1_84' title="bbox 1876 3717 3484 3795">
    <p class='ocr_par' dir='ltr' id='par_1_84' title="bbox 1876 3717 3484 3795">
     <span class='ocr_line' id='line_1_84' title="bbox 1876 3717 3484 3795; baseline -0.001 -21"><span class='ocrx_word' id='word_1_638' title='bbox 1876 3735 2006 3790; x_wconf 83' lang='lat' dir='ltr'><strong>gens</strong></span> <span class='ocrx_word' id='word_1_639' title='bbox 2034 3727 2237 3775; x_wconf 65' lang='lat' dir='ltr'><strong>aeterna</strong></span> <span class='ocrx_word' id='word_1_640' title='bbox 2262 3718 2578 3776; x_wconf 83' lang='lat' dir='ltr'><strong>invectione</strong></span> <span class='ocrx_word' id='word_1_641' title='bbox 2624 3720 2859 3793; x_wconf 91' lang='lat' dir='ltr'><strong>percuti,</strong></span> <span class='ocrx_word' id='word_1_642' title='bbox 2906 3736 3068 3795; x_wconf 90' lang='lat' dir='ltr'><strong>quam</strong></span> <span class='ocrx_word' id='word_1_643' title='bbox 3099 3717 3484 3790; x_wconf 89' lang='lat' dir='ltr'><strong>temporaliter</strong></span> 
     </span>
    </p>
   </div>
   <div class='ocr_carea' id='block_1_85' title="bbox 1874 3807 3480 3881">
    <p class='ocr_par' dir='ltr' id='par_1_85' title="bbox 1874 3807 3480 3881">
     <span class='ocr_line' id='line_1_85' title="bbox 1874 3807 3480 3881; baseline -0.001 -19"><span class='ocrx_word' id='word_1_644' title='bbox 1874 3807 2165 3880; x_wconf 89' lang='lat' dir='ltr'><strong>increpari,</strong></span> <span class='ocrx_word' id='word_1_645' title='bbox 2225 3808 2413 3865; x_wconf 90' lang='lat' dir='ltr'><strong>dicat:</strong></span> <span class='ocrx_word' id='word_1_646' title='bbox 2448 3810 2704 3881; x_wconf 84' lang='lat' dir='ltr'><strong>Nunquid</strong></span> <span class='ocrx_word' id='word_1_647' title='bbox 2748 3829 2784 3865; x_wconf 92' lang='lat' dir='ltr'><strong>a</strong></span> <span class='ocrx_word' id='word_1_648' title='bbox 2839 3816 2883 3865; x_wconf 88' lang='lat' dir='ltr'><strong>te</strong></span> <span class='ocrx_word' id='word_1_649' title='bbox 2928 3810 3069 3866; x_wconf 83' lang='lat' dir='ltr'><strong>Deus</strong></span> <span class='ocrx_word' id='word_1_650' title='bbox 3098 3808 3290 3879; x_wconf 67' lang='lat' dir='ltr'><strong>expetit</strong></span> <span class='ocrx_word' id='word_1_651' title='bbox 3343 3823 3480 3875; x_wconf 91' lang='lat' dir='ltr'><strong>eam,</strong></span> 
     </span>
    </p>
   </div>
   <div class='ocr_carea' id='block_1_86' title="bbox 1874 3897 3481 3969">
    <p class='ocr_par' dir='ltr' id='par_1_86' title="bbox 1874 3897 3481 3969">
     <span class='ocr_line' id='line_1_86' title="bbox 1874 3897 3481 3969; baseline -0.001 -17"><span class='ocrx_word' id='word_1_652' title='bbox 1874 3897 2004 3969; x_wconf 86' lang='lat' dir='ltr'><strong>quia</strong></span> <span class='ocrx_word' id='word_1_653' title='bbox 2030 3898 2302 3969; x_wconf 82' lang='lat' dir='ltr'><strong>displicuit</strong></span> <span class='ocrx_word' id='word_1_654' title='bbox 2347 3898 2477 3955; x_wconf 76' lang='lat' dir='ltr'><strong>tibi?</strong></span> <span class='ocrx_word' id='word_1_655' title='bbox 2498 3899 2639 3966; x_wconf 89' lang='lat' dir='ltr'><strong>Quia</strong></span> <span class='ocrx_word' id='word_1_656' title='bbox 2668 3915 2798 3955; x_wconf 89' lang='lat' dir='ltr'><strong>vero</strong></span> <span class='ocrx_word' id='word_1_657' title='bbox 2828 3915 2942 3955; x_wconf 89' lang='lat' dir='ltr'><strong>esse</strong></span> <span class='ocrx_word' id='word_1_658' title='bbox 2971 3897 3358 3969; x_wconf 88' lang='lat' dir='ltr'><strong>culpabiliores</strong></span> <span class='ocrx_word' id='word_1_659' title='bbox 3381 3912 3481 3951; x_wconf 91' lang='lat' dir='ltr'><strong>so-</strong></span> 
     </span>
    </p>
   </div>
   <div class='ocr_carea' id='block_1_87' title="bbox 1875 3983 3476 4058">
    <p class='ocr_par' dir='ltr' id='par_1_87' title="bbox 1875 3983 3476 4058">
     <span class='ocr_line' id='line_1_87' title="bbox 1875 3983 3476 4058; baseline 0 -19"><span class='ocrx_word' id='word_1_660' title='bbox 1875 3985 1990 4040; x_wconf 90' lang='lat' dir='ltr'><strong>lent</strong></span> <span class='ocrx_word' id='word_1_661' title='bbox 2016 3985 2075 4040; x_wconf 93' lang='lat' dir='ltr'><strong>hi</strong></span> <span class='ocrx_word' id='word_1_662' title='bbox 2106 3986 2199 4058; x_wconf 90' lang='lat' dir='ltr'><strong>qui</strong></span> <span class='ocrx_word' id='word_1_663' title='bbox 2223 3985 2372 4057; x_wconf 91' lang='lat' dir='ltr'><strong>loqui</strong></span> <span class='ocrx_word' id='word_1_664' title='bbox 2406 3987 2463 4041; x_wconf 90' lang='lat' dir='ltr'><strong>in</strong></span> <span class='ocrx_word' id='word_1_665' title='bbox 2492 3986 2845 4042; x_wconf 90' lang='lat' dir='ltr'><strong>contentione</strong></span> <span class='ocrx_word' id='word_1_666' title='bbox 2879 3986 3162 4053; x_wconf 89' lang='lat' dir='ltr'><strong>inchoant,</strong></span> <span class='ocrx_word' id='word_1_667' title='bbox 3194 4000 3359 4056; x_wconf 90' lang='lat' dir='ltr'><strong>quam</strong></span> <span class='ocrx_word' id='word_1_668' title='bbox 3379 3983 3476 4057; x_wconf 90' lang='lat' dir='ltr'><strong>qui</strong></span> 
     </span>
    </p>
   </div>
   <div class='ocr_carea' id='block_1_88' title="bbox 1873 4073 2794 4147">
    <p class='ocr_par' dir='ltr' id='par_1_88' title="bbox 1873 4073 2794 4147">
     <span class='ocr_line' id='line_1_88' title="bbox 1873 4073 2794 4147; baseline 0.001 -18"><span class='ocrx_word' id='word_1_669' title='bbox 1873 4073 2226 4147; x_wconf 76' lang='lat' dir='ltr'><strong>reapondent,</strong></span> <span class='ocrx_word' id='word_1_670' title='bbox 2257 4073 2524 4142; x_wconf 90' lang='lat' dir='ltr'><strong>subdidit,</strong></span> <span class='ocrx_word' id='word_1_671' title='bbox 2557 4074 2746 4131; x_wconf 89' lang='lat' dir='ltr'><strong>dicens</strong></span> <span class='ocrx_word' id='word_1_672' title='bbox 2783 4092 2794 4130; x_wconf 92' lang='lat'><strong>:</strong></span> 
     </span>
    </p>
   </div>
   <div class='ocr_carea' id='block_1_89' title="bbox 2483 4196 2854 4254">
    <p class='ocr_par' dir='ltr' id='par_1_89' title="bbox 2483 4196 2854 4254">
     <span class='ocr_line' id='line_1_89' title="bbox 2483 4196 2854 4254; baseline 0 -1"><span class='ocrx_word' id='word_1_673' title='bbox 2483 4196 2711 4254; x_wconf 84' lang='lat' dir='ltr'><strong>CAPUT</strong></span> <span class='ocrx_word' id='word_1_674' title='bbox 2758 4196 2854 4254; x_wconf 86' lang='lat' dir='ltr'><strong>IV.</strong></span> 
     </span>
    </p>
   </div>
   <div class='ocr_carea' id='block_1_90' title="bbox 1947 4286 3189 4359">
    <p class='ocr_par' dir='ltr' id='par_1_90' title="bbox 1947 4286 3189 4359">
     <span class='ocr_line' id='line_1_90' title="bbox 1947 4286 3189 4359; baseline -0.002 -14"><span class='ocrx_word' id='word_1_675' title='bbox 1947 4287 2249 4345; x_wconf 65' lang='lat' dir='ltr'><strong>Imm—Tu</strong></span> <span class='ocrx_word' id='word_1_676' title='bbox 2285 4286 2423 4342; x_wconf 84' lang='lat' dir='ltr'><strong>enim</strong></span> <span class='ocrx_word' id='word_1_677' title='bbox 2448 4287 2649 4359; x_wconf 65' lang='lat' dir='ltr'><strong>coepisti</strong></span> <span class='ocrx_word' id='word_1_678' title='bbox 2679 4286 2841 4358; x_wconf 82' lang='lat' dir='ltr'><strong>loqui,</strong></span> <span class='ocrx_word' id='word_1_679' title='bbox 2871 4291 2920 4342; x_wconf 90' lang='lat' dir='ltr'><strong>et</strong></span> <span class='ocrx_word' id='word_1_680' title='bbox 2944 4302 3052 4343; x_wconf 88' lang='lat' dir='ltr'><strong>non</strong></span> <span class='ocrx_word' id='word_1_681' title='bbox 3079 4302 3189 4358; x_wconf 89' lang='lat' dir='ltr'><strong>ego.</strong></span> 
     </span>
    </p>
   </div>
   <div class='ocr_carea' id='block_1_91' title="bbox 1943 4376 3477 4448">
    <p class='ocr_par' dir='ltr' id='par_1_91' title="bbox 1943 4376 3477 4448">
     <span class='ocr_line' id='line_1_91' title="bbox 1943 4376 3477 4448; baseline 0.001 -15"><span class='ocrx_word' id='word_1_682' title='bbox 1943 4376 1997 4433; x_wconf 76' lang='grc'>4.</span> <span class='ocrx_word' id='word_1_683' title='bbox 2052 4378 2281 4434; x_wconf 86' lang='lat' dir='ltr'><strong>Frustra</strong></span> <span class='ocrx_word' id='word_1_684' title='bbox 2307 4394 2360 4432; x_wconf 89' lang='lat' dir='ltr'><strong>se</strong></span> <span class='ocrx_word' id='word_1_685' title='bbox 2388 4376 2679 4432; x_wconf 77' lang='lat' dir='ltr'><strong>innocentes</strong></span> <span class='ocrx_word' id='word_1_686' title='bbox 2728 4382 2942 4448; x_wconf 87' lang='lat' dir='ltr'><strong>putant,</strong></span> <span class='ocrx_word' id='word_1_687' title='bbox 2973 4376 3066 4448; x_wconf 88' lang='lat' dir='ltr'><strong>qui</strong></span> <span class='ocrx_word' id='word_1_688' title='bbox 3090 4376 3297 4447; x_wconf 81' lang='lat' dir='ltr'><strong>pulsati</strong></span> <span class='ocrx_word' id='word_1_689' title='bbox 3333 4377 3477 4434; x_wconf 85' lang='lat' dir='ltr'><strong>dura</strong></span> 
     </span>
    </p>
   </div>
   <div class='ocr_carea' id='block_1_92' title="bbox 1872 4472 3479 4546">
    <p class='ocr_par' dir='ltr' id='par_1_92' title="bbox 1872 4472 3479 4546">
     <span class='ocr_line' id='line_1_92' title="bbox 1872 4472 3479 4546; baseline 0 -17"><span class='ocrx_word' id='word_1_690' title='bbox 1872 4473 2204 4545; x_wconf 82' lang='lat' dir='ltr'><strong>respondent.</strong></span> <span class='ocrx_word' id='word_1_691' title='bbox 2225 4504 2297 4516; x_wconf 92' lang='lat'><strong><em>—</em></strong></span> <span class='ocrx_word' id='word_1_692' title='bbox 2324 4474 2408 4531; x_wconf 92' lang='lat' dir='ltr'><strong>Eo</strong></span> <span class='ocrx_word' id='word_1_693' title='bbox 2444 4491 2501 4532; x_wconf 89' lang='lat' dir='ltr'><strong>se</strong></span> <span class='ocrx_word' id='word_1_694' title='bbox 2531 4474 2880 4531; x_wconf 89' lang='lat' dir='ltr'><strong>innocentem</strong></span> <span class='ocrx_word' id='word_1_695' title='bbox 2911 4472 3168 4541; x_wconf 88' lang='lat' dir='ltr'><strong>credidit,</strong></span> <span class='ocrx_word' id='word_1_696' title='bbox 3204 4489 3315 4546; x_wconf 91' lang='lat' dir='ltr'><strong>quo</strong></span> <span class='ocrx_word' id='word_1_697' title='bbox 3343 4472 3479 4545; x_wconf 90' lang='lat' dir='ltr'><strong>pul-</strong></span> 
     </span>
    </p>
   </div>
   <div class='ocr_carea' id='block_1_93' title="bbox 154 4561 3479 4640">
    <p class='ocr_par' dir='ltr' id='par_1_93' title="bbox 154 4561 3479 4640">
     <span class='ocr_line' id='line_1_93' title="bbox 154 4561 3479 4640; baseline 0 -21"><span class='ocrx_word' id='word_1_698' title='bbox 154 4578 319 4636; x_wconf 88' lang='lat' dir='ltr'><strong>quam</strong></span> <span class='ocrx_word' id='word_1_699' title='bbox 351 4561 420 4619; x_wconf 90' lang='lat' dir='ltr'><strong>de</strong></span> <span class='ocrx_word' id='word_1_700' title='bbox 447 4578 631 4619; x_wconf 88' lang='lat' dir='ltr'><strong>errore</strong></span> <span class='ocrx_word' id='word_1_701' title='bbox 659 4562 841 4620; x_wconf 90' lang='lat' dir='ltr'><strong>doceri</strong></span> <span class='ocrx_word' id='word_1_702' title='bbox 874 4579 931 4618; x_wconf 88' lang='lat' dir='ltr'><strong>se</strong></span> <span class='ocrx_word' id='word_1_703' title='bbox 955 4563 1136 4635; x_wconf 86' lang='lat' dir='ltr'><strong>petiit,</strong></span> <span class='ocrx_word' id='word_1_704' title='bbox 1168 4571 1457 4639; x_wconf 88' lang='lat' dir='ltr'><strong>postquam</strong></span> <span class='ocrx_word' id='word_1_705' title='bbox 1486 4564 1765 4640; x_wconf 87' lang='lat' dir='ltr'><strong>iniquita-</strong></span> <span class='ocrx_word' id='word_1_706' title='bbox 1796 4573 1846 4633; x_wconf 86' lang='lat' dir='ltr'>D</span> <span class='ocrx_word' id='word_1_707' title='bbox 1875 4570 2025 4619; x_wconf 89' lang='lat' dir='ltr'><strong>satus</strong></span> <span class='ocrx_word' id='word_1_708' title='bbox 2052 4564 2263 4636; x_wconf 88' lang='lat' dir='ltr'><strong>erupit;</strong></span> <span class='ocrx_word' id='word_1_709' title='bbox 2293 4568 2439 4627; x_wconf 87' lang='lat'><strong>813</strong></span> <span class='ocrx_word' id='word_1_710' title='bbox 2467 4563 2733 4621; x_wconf 90' lang='lat' dir='ltr'><strong>nimirum</strong></span> <span class='ocrx_word' id='word_1_711' title='bbox 2764 4561 3016 4620; x_wconf 90' lang='lat' dir='ltr'><strong>nesciens</strong></span> <span class='ocrx_word' id='word_1_712' title='bbox 3036 4562 3168 4635; x_wconf 90' lang='lat' dir='ltr'><strong>quia</strong></span> <span class='ocrx_word' id='word_1_713' title='bbox 3194 4562 3479 4619; x_wconf 87' lang='lat' dir='ltr'><strong>innocen-</strong></span> 
     </span>
    </p>
   </div>
   <div class='ocr_carea' id='block_1_94' title="bbox 153 4651 1763 4725">
    <p class='ocr_par' dir='ltr' id='par_1_94' title="bbox 153 4651 1763 4725">
     <span class='ocr_line' id='line_1_94' title="bbox 153 4651 1763 4725; baseline 0.002 -16"><span class='ocrx_word' id='word_1_714' title='bbox 153 4658 265 4709; x_wconf 87' lang='lat' dir='ltr'><strong>tem</strong></span> <span class='ocrx_word' id='word_1_715' title='bbox 283 4668 396 4709; x_wconf 90' lang='lat' dir='ltr'><strong>non</strong></span> <span class='ocrx_word' id='word_1_716' title='bbox 416 4667 474 4708; x_wconf 86' lang='lat' dir='ltr'><strong>se</strong></span> <span class='ocrx_word' id='word_1_717' title='bbox 489 4653 634 4709; x_wconf 88' lang='lat' dir='ltr'><strong>ultra</strong></span> <span class='ocrx_word' id='word_1_718' title='bbox 649 4651 965 4709; x_wconf 90' lang='lat' dir='ltr'><strong>locuturum</strong></span> <span class='ocrx_word' id='word_1_719' title='bbox 983 4652 1258 4725; x_wconf 88' lang='lat' dir='ltr'><strong>promisit,</strong></span> <span class='ocrx_word' id='word_1_720' title='bbox 1289 4651 1473 4709; x_wconf 87' lang='lat' dir='ltr'><strong>subito</strong></span> <span class='ocrx_word' id='word_1_721' title='bbox 1492 4652 1561 4710; x_wconf 91' lang='lat' dir='ltr'><strong>ab</strong></span> <span class='ocrx_word' id='word_1_722' title='bbox 1584 4653 1763 4713; x_wconf 88' lang='lat' dir='ltr'><strong>humi-</strong></span> 
     </span>
    </p>
   </div>
   <div class='ocr_carea' id='block_1_95' title="bbox 151 4741 1760 4815">
    <p class='ocr_par' dir='ltr' id='par_1_95' title="bbox 151 4741 1760 4815">
     <span class='ocr_line' id='line_1_95' title="bbox 151 4741 1760 4815; baseline 0.003 -17"><span class='ocrx_word' id='word_1_723' title='bbox 151 4741 329 4799; x_wconf 82' lang='lat' dir='ltr'><strong>litatis</strong></span> <span class='ocrx_word' id='word_1_724' title='bbox 354 4742 536 4815; x_wconf 88' lang='lat' dir='ltr'><strong>specie</strong></span> <span class='ocrx_word' id='word_1_725' title='bbox 551 4742 620 4799; x_wconf 86' lang='lat' dir='ltr'><strong>ad</strong></span> <span class='ocrx_word' id='word_1_726' title='bbox 642 4742 811 4799; x_wconf 87' lang='lat' dir='ltr'><strong>verba</strong></span> <span class='ocrx_word' id='word_1_727' title='bbox 826 4744 847 4778; x_wconf 81' lang='grc'>³</span> <span class='ocrx_word' id='word_1_728' title='bbox 876 4741 1106 4799; x_wconf 83' lang='lat' dir='ltr'><strong>tumidae</strong></span> <span class='ocrx_word' id='word_1_729' title='bbox 1132 4743 1467 4801; x_wconf 87' lang='lat' dir='ltr'><strong>causationis</strong></span> <span class='ocrx_word' id='word_1_730' title='bbox 1490 4743 1760 4803; x_wconf 80' lang='lat' dir='ltr'><strong>exsilivit.</strong></span> 
     </span>
    </p>
   </div>
   <div class='ocr_carea' id='block_1_96' title="bbox 150 4829 845 4901">
    <p class='ocr_par' dir='ltr' id='par_1_96' title="bbox 150 4829 845 4901">
     <span class='ocr_line' id='line_1_96' title="bbox 150 4829 845 4901; baseline -0.001 -13"><span class='ocrx_word' id='word_1_731' title='bbox 150 4831 293 4889; x_wconf 88' lang='lat' dir='ltr'><strong>Nam</strong></span> <span class='ocrx_word' id='word_1_732' title='bbox 321 4830 594 4901; x_wconf 87' lang='lat' dir='ltr'><strong>subdidit,</strong></span> <span class='ocrx_word' id='word_1_733' title='bbox 623 4829 845 4888; x_wconf 88' lang='lat' dir='ltr'><strong>dicens:</strong></span> 
     </span>
    </p>
   </div>
   <div class='ocr_carea' id='block_1_97' title="bbox 774 4948 1139 5007">
    <p class='ocr_par' dir='ltr' id='par_1_97' title="bbox 774 4948 1139 5007">
     <span class='ocr_line' id='line_1_97' title="bbox 774 4948 1139 5007; baseline -0.003 -1"><span class='ocrx_word' id='word_1_734' title='bbox 774 4948 1004 5007; x_wconf 80' lang='lat' dir='ltr'><strong>CAPUT</strong></span> <span class='ocrx_word' id='word_1_735' title='bbox 1041 4951 1139 5007; x_wconf 93' lang='lat' dir='ltr'><strong>III.</strong></span> 
     </span>
    </p>
   </div>
   <div class='ocr_carea' id='block_1_98' title="bbox 221 5028 1773 5113">
    <p class='ocr_par' dir='ltr' id='par_1_98' title="bbox 221 5028 1773 5113">
     <span class='ocr_line' id='line_1_98' title="bbox 221 5028 1773 5113; baseline 0.002 -18"><span class='ocrx_word' id='word_1_736' title='bbox 221 5037 404 5113; x_wconf 61' lang='lat' dir='ltr'><strong>Visus.</strong></span> <span class='ocrx_word' id='word_1_737' title='bbox 428 5038 517 5113; x_wconf 66' lang='lat'><strong>33.</strong></span> <span class='ocrx_word' id='word_1_738' title='bbox 538 5067 612 5113; x_wconf 50' lang='grc' dir='ltr'><strong>έ-</strong></span> <span class='ocrx_word' id='word_1_739' title='bbox 637 5038 898 5110; x_wconf 83' lang='lat' dir='ltr'><strong>Nunquid</strong></span> <span class='ocrx_word' id='word_1_740' title='bbox 924 5057 960 5095; x_wconf 82' lang='grc' dir='ltr'><strong>ιι</strong></span> <span class='ocrx_word' id='word_1_741' title='bbox 990 5045 1035 5095; x_wconf 89' lang='lat' dir='ltr'><strong>te</strong></span> <span class='ocrx_word' id='word_1_742' title='bbox 1059 5039 1206 5095; x_wconf 89' lang='lat' dir='ltr'><strong>Deus</strong></span> <span class='ocrx_word' id='word_1_743' title='bbox 1241 5040 1437 5111; x_wconf 63' lang='lat' dir='ltr'><strong>expetit</strong></span> <span class='ocrx_word' id='word_1_744' title='bbox 1463 5056 1601 5107; x_wconf 85' lang='lat' dir='ltr'><strong>eam,</strong></span> <span class='ocrx_word' id='word_1_745' title='bbox 1631 5028 1773 5113; x_wconf 22' lang='lat' dir='ltr'><strong>quia.</strong></span> 
     </span>
    </p>
   </div>
   <div class='ocr_carea' id='block_1_99' title="bbox 147 5109 598 5183">
    <p class='ocr_par' dir='ltr' id='par_1_99' title="bbox 147 5109 598 5183">
     <span class='ocr_line' id='line_1_99' title="bbox 147 5109 598 5183; baseline 0.007 -18"><span class='ocrx_word' id='word_1_746' title='bbox 147 5109 429 5183; x_wconf 82' lang='lat' dir='ltr'><strong>displth</strong></span> <span class='ocrx_word' id='word_1_747' title='bbox 457 5110 552 5166; x_wconf 83' lang='lat' dir='ltr'><strong>tibi</strong></span> <span class='ocrx_word' id='word_1_748' title='bbox 568 5112 598 5168; x_wconf 69' lang='grc' dir='ltr'><strong><em>γ</em></strong></span> 
     </span>
    </p>
   </div>
   <div class='ocr_carea' id='block_1_100' title="bbox 226 5335 1752 5415">
    <p class='ocr_par' dir='ltr' id='par_1_100' title="bbox 226 5335 1752 5415">
     <span class='ocr_line' id='line_1_100' title="bbox 226 5335 1752 5415; baseline 0.005 -23"><span class='ocrx_word' id='word_1_749' title='bbox 226 5337 247 5415; x_wconf 62' lang='grc' dir='ltr'><strong>ξ</strong></span> <span class='ocrx_word' id='word_1_750' title='bbox 275 5335 537 5415; x_wconf 66' lang='lat' dir='ltr'><strong>Yindoc.,</strong></span> <span class='ocrx_word' id='word_1_751' title='bbox 561 5337 690 5410; x_wconf 89' lang='lat' dir='ltr'><strong>quia</strong></span> <span class='ocrx_word' id='word_1_752' title='bbox 718 5356 847 5415; x_wconf 76' lang='lat' dir='ltr'><strong>ergo</strong></span> <span class='ocrx_word' id='word_1_753' title='bbox 866 5340 1187 5415; x_wconf 8' lang='lat' dir='ltr'><strong>ego.qulbﬁ.,</strong></span> <span class='ocrx_word' id='word_1_754' title='bbox 1220 5342 1346 5415; x_wconf 77' lang='lat' dir='ltr'><strong>quia</strong></span> <span class='ocrx_word' id='word_1_755' title='bbox 1377 5359 1498 5415; x_wconf 85' lang='lat' dir='ltr'><strong>ergo</strong></span> <span class='ocrx_word' id='word_1_756' title='bbox 1531 5344 1752 5399; x_wconf 86' lang='lat' dir='ltr'><strong>locutus.</strong></span> 
     </span>
    </p>
   </div>
   <div class='ocr_carea' id='block_1_101' title="bbox 221 5408 1432 5482">
    <p class='ocr_par' dir='ltr' id='par_1_101' title="bbox 221 5408 1432 5482">
     <span class='ocr_line' id='line_1_101' title="bbox 221 5408 1432 5482; baseline 0.005 -17"><span class='ocrx_word' id='word_1_757' title='bbox 221 5408 505 5482; x_wconf 58' lang='lat' dir='ltr'><strong>?Pratel.,</strong></span> <span class='ocrx_word' id='word_1_758' title='bbox 537 5408 643 5482; x_wconf 69' lang='lat' dir='ltr'><strong>non</strong></span> <span class='ocrx_word' id='word_1_759' title='bbox 667 5408 939 5482; x_wconf 80' lang='lat' dir='ltr'><strong>prohibeo.</strong></span> <span class='ocrx_word' id='word_1_760' title='bbox 970 5413 1051 5469; x_wconf 89' lang='lat' dir='ltr'><strong>Ita</strong></span> <span class='ocrx_word' id='word_1_761' title='bbox 1077 5408 1245 5469; x_wconf 79' lang='lat' dir='ltr'><strong>etiam</strong></span> <span class='ocrx_word' id='word_1_762' title='bbox 1275 5413 1432 5471; x_wconf 92' lang='lat' dir='ltr'><strong>Colb.</strong></span> 
     </span>
    </p>
   </div>
   <div class='ocr_carea' id='block_1_102' title="bbox 217 5478 1759 5559">
    <p class='ocr_par' dir='ltr' id='par_1_102' title="bbox 217 5478 1759 5559">
     <span class='ocr_line' id='line_1_102' title="bbox 217 5478 1759 5559; baseline 0.006 -26"><span class='ocrx_word' id='word_1_763' title='bbox 217 5478 403 5559; x_wconf 36' lang='grc' dir='ltr'><strong>διξὰ,</strong></span> <span class='ocrx_word' id='word_1_764' title='bbox 426 5481 641 5559; x_wconf 70' lang='lat' dir='ltr'><strong>tumida:</strong></span> <span class='ocrx_word' id='word_1_765' title='bbox 659 5478 1034 5559; x_wconf 63' lang='lat' dir='ltr'><strong>excusationis.</strong></span> <span class='ocrx_word' id='word_1_766' title='bbox 1059 5485 1248 5559; x_wconf 77' lang='lat' dir='ltr'><strong>Lectio</strong></span> <span class='ocrx_word' id='word_1_767' title='bbox 1277 5501 1441 5559; x_wconf 86' lang='lat' dir='ltr'><strong>quam</strong></span> <span class='ocrx_word' id='word_1_768' title='bbox 1472 5487 1759 5559; x_wconf 87' lang='lat' dir='ltr'><strong>sequimur</strong></span> 
     </span>
    </p>
   </div>
   <div class='ocr_carea' id='block_1_103' title="bbox 144 5551 1754 5644">
    <p class='ocr_par' dir='ltr' id='par_1_103' title="bbox 144 5551 1754 5644">
     <span class='ocr_line' id='line_1_103' title="bbox 144 5551 1754 5644; baseline 0.005 -36"><span class='ocrx_word' id='word_1_769' title='bbox 144 5551 676 5644; x_wconf 33' lang='lat' dir='ltr'><strong>estAbIssLA‘nglicr</strong></span> <span class='ocrx_word' id='word_1_770' title='bbox 700 5554 936 5644; x_wconf 38' lang='lat' dir='ltr'><strong>.lVo‘rmz</strong></span> <span class='ocrx_word' id='word_1_771' title='bbox 950 5555 1226 5644; x_wconf 15' lang='lat' dir='ltr'><strong>iYindocq</strong></span> <span class='ocrx_word' id='word_1_772' title='bbox 1263 5551 1442 5627; x_wconf 85' lang='lat' dir='ltr'><strong>Colb.,</strong></span> <span class='ocrx_word' id='word_1_773' title='bbox 1476 5551 1754 5616; x_wconf 70' lang='lat' dir='ltr'><strong>aliorum-</strong></span> 
     </span>
    </p>
   </div>
   <div class='ocr_carea' id='block_1_104' title="bbox 144 5625 1753 5776">
    <p class='ocr_par' dir='ltr' id='par_1_104' title="bbox 144 5625 1753 5776">
     <span class='ocr_line' id='line_1_104' title="bbox 144 5625 1434 5696; baseline 0.007 -20"><span class='ocrx_word' id='word_1_774' title='bbox 144 5638 253 5696; x_wconf 90' lang='lat' dir='ltr'><strong>que</strong></span> <span class='ocrx_word' id='word_1_775' title='bbox 283 5637 423 5694; x_wconf 91' lang='lat' dir='ltr'><strong>quos</strong></span> <span class='ocrx_word' id='word_1_776' title='bbox 458 5625 740 5680; x_wconf 88' lang='lat' dir='ltr'><strong>consuluit</strong></span> <span class='ocrx_word' id='word_1_777' title='bbox 770 5625 1042 5683; x_wconf 87' lang='lat' dir='ltr'><strong>Gussanv.</strong></span> <span class='ocrx_word' id='word_1_778' title='bbox 1213 5625 1218 5626; x_wconf 14' lang='lat'><em>7</em></span> <span class='ocrx_word' id='word_1_779' title='bbox 1428 5625 1434 5627; x_wconf 53' lang='grc'><strong>⁷</strong></span> 
     </span>
     <span class='ocr_line' id='line_1_105' title="bbox 177 5692 1753 5776; baseline 0.006 -26"><span class='ocrx_word' id='word_1_780' title='bbox 271 5692 365 5751; x_wconf 90' lang='lat' dir='ltr'><strong>Sic</strong></span> <span class='ocrx_word' id='word_1_781' title='bbox 383 5694 592 5766; x_wconf 88' lang='lat' dir='ltr'><strong>optime</strong></span> <span class='ocrx_word' id='word_1_782' title='bbox 772 5702 1093 5776; x_wconf 71' lang='lat' dir='ltr'><strong>veteresque</strong></span> <span class='ocrx_word' id='word_1_783' title='bbox 1126 5700 1277 5757; x_wconf 88' lang='lat' dir='ltr'><strong>Edit.</strong></span> <span class='ocrx_word' id='word_1_784' title='bbox 1310 5703 1372 5776; x_wconf 85' lang='lat' dir='ltr'><strong>In</strong></span> <span class='ocrx_word' id='word_1_785' title='bbox 1414 5702 1584 5776; x_wconf 83' lang='lat' dir='ltr'><strong>Gilot.</strong></span> <span class='ocrx_word' id='word_1_786' title='bbox 1620 5703 1753 5759; x_wconf 81' lang='grc'>1571</span> 
     </span>
    </p>
   </div>
   <div class='ocr_carea' id='block_1_105' title="bbox 143 5765 1758 5839">
    <p class='ocr_par' dir='ltr' id='par_1_105' title="bbox 143 5765 1758 5839">
     <span class='ocr_line' id='line_1_106' title="bbox 143 5765 1758 5839; baseline 0.006 -18"><span class='ocrx_word' id='word_1_787' title='bbox 143 5765 384 5839; x_wconf 79' lang='lat' dir='ltr'><strong>aliisque</strong></span> <span class='ocrx_word' id='word_1_788' title='bbox 413 5765 554 5839; x_wconf 73' lang='lat' dir='ltr'><strong>seq,</strong></span> <span class='ocrx_word' id='word_1_789' title='bbox 586 5767 751 5824; x_wconf 87' lang='lat' dir='ltr'><strong>etiam</strong></span> <span class='ocrx_word' id='word_1_790' title='bbox 777 5770 837 5825; x_wconf 93' lang='lat' dir='ltr'><strong>in</strong></span> <span class='ocrx_word' id='word_1_791' title='bbox 862 5765 1161 5839; x_wconf 72' lang='lat' dir='ltr'><strong>Gussanv.,</strong></span> <span class='ocrx_word' id='word_1_792' title='bbox 1190 5774 1530 5830; x_wconf 87' lang='lat' dir='ltr'><strong>crassissimo</strong></span> <span class='ocrx_word' id='word_1_793' title='bbox 1572 5790 1758 5831; x_wconf 89' lang='lat' dir='ltr'><strong>errore</strong></span> 
     </span>
    </p>
   </div>
   <div class='ocr_carea' id='block_1_106' title="bbox 140 5836 1755 5909">
    <p class='ocr_par' dir='ltr' id='par_1_106' title="bbox 140 5836 1755 5909">
     <span class='ocr_line' id='line_1_107' title="bbox 140 5836 1755 5909; baseline 0.007 -18"><span class='ocrx_word' id='word_1_794' title='bbox 140 5836 389 5909; x_wconf 79' lang='lat' dir='ltr'><strong>legitur:</strong></span> <span class='ocrx_word' id='word_1_795' title='bbox 431 5836 576 5895; x_wconf 74' lang='lat' dir='ltr'><strong>Unde</strong></span> <span class='ocrx_word' id='word_1_796' title='bbox 620 5844 668 5893; x_wconf 88' lang='lat' dir='ltr'><strong>et</strong></span> <span class='ocrx_word' id='word_1_797' title='bbox 693 5839 758 5895; x_wconf 88' lang='lat' dir='ltr'><strong>ab</strong></span> <span class='ocrx_word' id='word_1_798' title='bbox 810 5840 988 5897; x_wconf 87' lang='lat' dir='ltr'><strong>eodem</strong></span> <span class='ocrx_word' id='word_1_799' title='bbox 1031 5842 1103 5897; x_wconf 84' lang='lat' dir='ltr'><strong>ad</strong></span> <span class='ocrx_word' id='word_1_800' title='bbox 1131 5836 1336 5901; x_wconf 86' lang='lat' dir='ltr'><strong>beatum</strong></span> <span class='ocrx_word' id='word_1_801' title='bbox 1380 5846 1479 5903; x_wconf 83' lang='lat' dir='ltr'><strong>Job</strong></span> <span class='ocrx_word' id='word_1_802' title='bbox 1521 5846 1755 5903; x_wconf 86' lang='lat' dir='ltr'><strong>dicitur:</strong></span> 
     </span>
    </p>
   </div>
   <div class='ocr_carea' id='block_1_107' title="bbox 1872 4660 3476 4736">
    <p class='ocr_par' dir='ltr' id='par_1_107' title="bbox 1872 4660 3476 4736">
     <span class='ocr_line' id='line_1_108' title="bbox 1872 4660 3476 4736; baseline 0 -19"><span class='ocrx_word' id='word_1_803' title='bbox 1872 4660 1951 4717; x_wconf 87' lang='lat' dir='ltr'><strong>tia</strong></span> <span class='ocrx_word' id='word_1_804' title='bbox 1979 4678 2090 4718; x_wconf 92' lang='lat' dir='ltr'><strong>non</strong></span> <span class='ocrx_word' id='word_1_805' title='bbox 2119 4671 2364 4736; x_wconf 90' lang='lat' dir='ltr'><strong>tempore</strong></span> <span class='ocrx_word' id='word_1_806' title='bbox 2393 4662 2729 4731; x_wconf 88' lang='lat' dir='ltr'><strong>defenditur,</strong></span> <span class='ocrx_word' id='word_1_807' title='bbox 2764 4662 2860 4719; x_wconf 89' lang='lat' dir='ltr'><strong>sed</strong></span> <span class='ocrx_word' id='word_1_808' title='bbox 2880 4662 3117 4719; x_wconf 88' lang='lat' dir='ltr'><strong>ratione.</strong></span> <span class='ocrx_word' id='word_1_809' title='bbox 3150 4661 3297 4730; x_wconf 90' lang='lat' dir='ltr'><strong>Quid</strong></span> <span class='ocrx_word' id='word_1_810' title='bbox 3326 4661 3476 4718; x_wconf 89' lang='lat' dir='ltr'><strong>enim</strong></span> 
     </span>
    </p>
   </div>
   <div class='ocr_carea' id='block_1_108' title="bbox 1871 4749 3477 4825">
    <p class='ocr_par' dir='ltr' id='par_1_108' title="bbox 1871 4749 3477 4825">
     <span class='ocr_line' id='line_1_109' title="bbox 1871 4749 3477 4825; baseline 0.001 -19"><span class='ocrx_word' id='word_1_811' title='bbox 1871 4749 1991 4822; x_wconf 78' lang='lat' dir='ltr'><strong>ejus</strong></span> <span class='ocrx_word' id='word_1_812' title='bbox 2018 4752 2433 4811; x_wconf 87' lang='lat' dir='ltr'><strong>defensionibus</strong></span> <span class='ocrx_word' id='word_1_813' title='bbox 2457 4754 2910 4822; x_wconf 89' lang='lat' dir='ltr'><strong>adminiculatur,</strong></span> <span class='ocrx_word' id='word_1_814' title='bbox 2941 4752 3089 4825; x_wconf 89' lang='lat' dir='ltr'><strong>quod</strong></span> <span class='ocrx_word' id='word_1_815' title='bbox 3140 4751 3244 4808; x_wconf 89' lang='lat' dir='ltr'><strong>etsi</strong></span> <span class='ocrx_word' id='word_1_816' title='bbox 3274 4750 3477 4808; x_wconf 88' lang='lat' dir='ltr'><strong>tacenti</strong></span> 
     </span>
    </p>
   </div>
   <div class='ocr_carea' id='block_1_109' title="bbox 1871 4841 3479 4915">
    <p class='ocr_par' dir='ltr' id='par_1_109' title="bbox 1871 4841 3479 4915">
     <span class='ocr_line' id='line_1_110' title="bbox 1871 4841 3479 4915; baseline -0.004 -13"><span class='ocrx_word' id='word_1_817' title='bbox 1871 4843 2027 4902; x_wconf 87' lang='lat' dir='ltr'><strong>nulla</strong></span> <span class='ocrx_word' id='word_1_818' title='bbox 2054 4843 2266 4912; x_wconf 87' lang='lat' dir='ltr'><strong>intulit,</strong></span> <span class='ocrx_word' id='word_1_819' title='bbox 2296 4851 2443 4900; x_wconf 88' lang='lat' dir='ltr'><strong>recte</strong></span> <span class='ocrx_word' id='word_1_820' title='bbox 2489 4850 2674 4899; x_wconf 86' lang='lat' dir='ltr'><strong>tamen</strong></span> <span class='ocrx_word' id='word_1_821' title='bbox 2720 4841 3008 4899; x_wconf 87' lang='lat' dir='ltr'><strong>inchoanti</strong></span> <span class='ocrx_word' id='word_1_822' title='bbox 3042 4858 3210 4915; x_wconf 88' lang='lat' dir='ltr'><strong>prava</strong></span> <span class='ocrx_word' id='word_1_823' title='bbox 3242 4857 3479 4913; x_wconf 89' lang='lat' dir='ltr'><strong>respon-</strong></span> 
     </span>
    </p>
   </div>
   <div class='ocr_carea' id='block_1_110' title="bbox 1870 4929 3474 5007">
    <p class='ocr_par' dir='ltr' id='par_1_110' title="bbox 1870 4929 3474 5007">
     <span class='ocr_line' id='line_1_111' title="bbox 1870 4929 3474 5007; baseline -0.005 -15"><span class='ocrx_word' id='word_1_824' title='bbox 1870 4934 1999 4992; x_wconf 79' lang='lat' dir='ltr'><strong>dit?</strong></span> <span class='ocrx_word' id='word_1_825' title='bbox 2025 4935 2320 5007; x_wconf 89' lang='lat' dir='ltr'><strong>Postquam</strong></span> <span class='ocrx_word' id='word_1_826' title='bbox 2350 4949 2482 4989; x_wconf 90' lang='lat' dir='ltr'><strong>vero</strong></span> <span class='ocrx_word' id='word_1_827' title='bbox 2509 4933 2569 4989; x_wconf 90' lang='lat' dir='ltr'><strong>in</strong></span> <span class='ocrx_word' id='word_1_828' title='bbox 2599 4932 2783 4990; x_wconf 85' lang='lat' dir='ltr'><strong>verbis</strong></span> <span class='ocrx_word' id='word_1_829' title='bbox 2809 4931 3065 4988; x_wconf 89' lang='lat' dir='ltr'><strong>elationis</strong></span> <span class='ocrx_word' id='word_1_830' title='bbox 3085 4934 3104 4966; x_wconf 92' lang='grc'><strong>⁷</strong></span> <span class='ocrx_word' id='word_1_831' title='bbox 3137 4929 3474 4996; x_wconf 89' lang='lat' dir='ltr'><strong>ostenditur,</strong></span> 
     </span>
    </p>
   </div>
   <div class='ocr_carea' id='block_1_111' title="bbox 1870 5017 3478 5096">
    <p class='ocr_par' dir='ltr' id='par_1_111' title="bbox 1870 5017 3478 5096">
     <span class='ocr_line' id='line_1_112' title="bbox 1870 5017 3478 5096; baseline -0.006 -15"><span class='ocrx_word' id='word_1_832' title='bbox 1870 5040 1993 5081; x_wconf 87' lang='lat' dir='ltr'><strong>ecce</strong></span> <span class='ocrx_word' id='word_1_833' title='bbox 2023 5024 2223 5080; x_wconf 89' lang='lat' dir='ltr'><strong>iterum</strong></span> <span class='ocrx_word' id='word_1_834' title='bbox 2251 5022 2355 5080; x_wconf 90' lang='lat' dir='ltr'><strong>sub</strong></span> <span class='ocrx_word' id='word_1_835' title='bbox 2382 5021 2760 5096; x_wconf 84' lang='lat' dir='ltr'><strong>requisitionis</strong></span> <span class='ocrx_word' id='word_1_836' title='bbox 2787 5021 3061 5079; x_wconf 90' lang='lat' dir='ltr'><strong>velamine</strong></span> <span class='ocrx_word' id='word_1_837' title='bbox 3088 5017 3373 5092; x_wconf 80' lang='lat' dir='ltr'><strong>palliatur,</strong></span> <span class='ocrx_word' id='word_1_838' title='bbox 3392 5023 3478 5073; x_wconf 86' lang='lat' dir='ltr'><strong>at-</strong></span> 
     </span>
    </p>
   </div>
   <div class='ocr_carea' id='block_1_112' title="bbox 1869 5112 2461 5189">
    <p class='ocr_par' dir='ltr' id='par_1_112' title="bbox 1869 5112 2461 5189">
     <span class='ocr_line' id='line_1_113' title="bbox 1869 5112 2461 5189; baseline -0.003 -18"><span class='ocrx_word' id='word_1_839' title='bbox 1869 5130 1976 5189; x_wconf 89' lang='lat' dir='ltr'><strong>que</strong></span> <span class='ocrx_word' id='word_1_840' title='bbox 2001 5114 2194 5184; x_wconf 87' lang='lat' dir='ltr'><strong>infert,</strong></span> <span class='ocrx_word' id='word_1_841' title='bbox 2222 5112 2416 5171; x_wconf 88' lang='lat' dir='ltr'><strong>dicens</strong></span> <span class='ocrx_word' id='word_1_842' title='bbox 2448 5130 2461 5170; x_wconf 92' lang='lat'><strong>:</strong></span> 
     </span>
    </p>
   </div>
   <div class='ocr_carea' id='block_1_113' title="bbox 1937 5340 3243 5415">
    <p class='ocr_par' dir='ltr' id='par_1_113' title="bbox 1937 5340 3243 5415">
     <span class='ocr_line' id='line_1_114' title="bbox 1937 5340 3243 5415; baseline -0.002 -14"><span class='ocrx_word' id='word_1_843' title='bbox 1937 5346 2079 5402; x_wconf 91' lang='lat' dir='ltr'><strong>Ecce</strong></span> <span class='ocrx_word' id='word_1_844' title='bbox 2099 5344 2158 5400; x_wconf 92' lang='lat' dir='ltr'><strong>in</strong></span> <span class='ocrx_word' id='word_1_845' title='bbox 2187 5344 2346 5402; x_wconf 64' lang='lat' dir='ltr'><strong>caelo.</strong></span> <span class='ocrx_word' id='word_1_846' title='bbox 2388 5344 2523 5413; x_wconf 62' lang='lat' dir='ltr'><strong>Quas</strong></span> <span class='ocrx_word' id='word_1_847' title='bbox 2551 5343 2881 5415; x_wconf 74' lang='lat' dir='ltr'><strong>verbasunt</strong></span> <span class='ocrx_word' id='word_1_848' title='bbox 2918 5340 3093 5415; x_wconf 89' lang='lat' dir='ltr'><strong>ipsius</strong></span> <span class='ocrx_word' id='word_1_849' title='bbox 3120 5340 3243 5415; x_wconf 75' lang='lat' dir='ltr'><strong>Job.</strong></span> 
     </span>
    </p>
   </div>
   <div class='ocr_carea' id='block_1_114' title="bbox 1937 5412 3479 5490">
    <p class='ocr_par' dir='ltr' id='par_1_114' title="bbox 1937 5412 3479 5490">
     <span class='ocr_line' id='line_1_115' title="bbox 1937 5412 3479 5490; baseline -0.001 -18"><span class='ocrx_word' id='word_1_850' title='bbox 1937 5418 1959 5451; x_wconf 75' lang='grc'>⁵</span> <span class='ocrx_word' id='word_1_851' title='bbox 1982 5418 2064 5472; x_wconf 87' lang='lat' dir='ltr'><strong>Ita</strong></span> <span class='ocrx_word' id='word_1_852' title='bbox 2092 5423 2213 5488; x_wconf 88' lang='lat' dir='ltr'><strong>post</strong></span> <span class='ocrx_word' id='word_1_853' title='bbox 2240 5417 2370 5473; x_wconf 81' lang='lat' dir='ltr'><strong>Mss.</strong></span> <span class='ocrx_word' id='word_1_854' title='bbox 2415 5412 2631 5490; x_wconf 74' lang='lat' dir='ltr'><strong>antiqui</strong></span> <span class='ocrx_word' id='word_1_855' title='bbox 2664 5413 2838 5490; x_wconf 83' lang='lat' dir='ltr'><strong>Editi.</strong></span> <span class='ocrx_word' id='word_1_856' title='bbox 2867 5412 3359 5490; x_wconf 51' lang='lat' dir='ltr'><strong>A‘recentioribus</strong></span> <span class='ocrx_word' id='word_1_857' title='bbox 3396 5414 3479 5472; x_wconf 88' lang='lat' dir='ltr'><strong>sic</strong></span> 
     </span>
    </p>
   </div>
   <div class='ocr_carea' id='block_1_115' title="bbox 1867 5485 3474 5569">
    <p class='ocr_par' dir='ltr' id='par_1_115' title="bbox 1867 5485 3474 5569">
     <span class='ocr_line' id='line_1_116' title="bbox 1867 5485 3474 5569; baseline -0.002 -25"><span class='ocrx_word' id='word_1_858' title='bbox 1867 5485 2161 5569; x_wconf 75' lang='lat' dir='ltr'><strong>mutatum,</strong></span> <span class='ocrx_word' id='word_1_859' title='bbox 2192 5504 2309 5542; x_wconf 88' lang='lat' dir='ltr'><strong>cum</strong></span> <span class='ocrx_word' id='word_1_860' title='bbox 2331 5485 2621 5569; x_wconf 70' lang='lat' dir='ltr'><strong>testimonio</strong></span> <span class='ocrx_word' id='word_1_861' title='bbox 2640 5486 2921 5569; x_wconf 80' lang='lat' dir='ltr'><strong>puritatis,</strong></span> <span class='ocrx_word' id='word_1_862' title='bbox 2954 5485 3102 5569; x_wconf 88' lang='lat' dir='ltr'><strong>quod</strong></span> <span class='ocrx_word' id='word_1_863' title='bbox 3130 5485 3288 5569; x_wconf 71' lang='lat' dir='ltr'><strong>alteri</strong></span> <span class='ocrx_word' id='word_1_864' title='bbox 3305 5502 3474 5569; x_wconf 78' lang='lat' dir='ltr'><strong>mem-</strong></span> 
     </span>
    </p>
   </div>
   <div class='ocr_carea' id='block_1_116' title="bbox 1865 5557 3471 5631">
    <p class='ocr_par' dir='ltr' id='par_1_116' title="bbox 1865 5557 3471 5631">
     <span class='ocr_line' id='line_1_117' title="bbox 1865 5557 3471 5631; baseline -0.001 -15"><span class='ocrx_word' id='word_1_865' title='bbox 1865 5560 1965 5616; x_wconf 91' lang='lat' dir='ltr'><strong>bro</strong></span> <span class='ocrx_word' id='word_1_866' title='bbox 1994 5559 2224 5615; x_wconf 91' lang='lat' dir='ltr'><strong>minime</strong></span> <span class='ocrx_word' id='word_1_867' title='bbox 2258 5559 2587 5631; x_wconf 90' lang='lat' dir='ltr'><strong>respondet:</strong></span> <span class='ocrx_word' id='word_1_868' title='bbox 2629 5557 2686 5613; x_wconf 84' lang='lat' dir='ltr'><strong>in</strong></span> <span class='ocrx_word' id='word_1_869' title='bbox 2715 5557 3083 5629; x_wconf 76' lang='lat' dir='ltr'><strong>argumentum</strong></span> <span class='ocrx_word' id='word_1_870' title='bbox 3129 5557 3471 5630; x_wconf 79' lang='lat' dir='ltr'><strong>defensionis.</strong></span> 
     </span>
    </p>
   </div>
   <div class='ocr_carea' id='block_1_117' title="bbox 1939 5630 2980 5703">
    <p class='ocr_par' dir='ltr' id='par_1_117' title="bbox 1939 5630 2980 5703">
     <span class='ocr_line' id='line_1_118' title="bbox 1939 5630 2980 5703; baseline 0 -16"><span class='ocrx_word' id='word_1_871' title='bbox 1939 5634 1961 5669; x_wconf 74' lang='grc'><strong><em>⁵</em></strong></span> <span class='ocrx_word' id='word_1_872' title='bbox 1990 5630 2243 5703; x_wconf 88' lang='lat' dir='ltr'><strong>Plerique</strong></span> <span class='ocrx_word' id='word_1_873' title='bbox 2272 5630 2488 5700; x_wconf 34' lang='lat' dir='ltr'><strong>No’rm.,</strong></span> <span class='ocrx_word' id='word_1_874' title='bbox 2522 5633 2732 5688; x_wconf 84' lang='lat' dir='ltr'><strong>lucrum</strong></span> <span class='ocrx_word' id='word_1_875' title='bbox 2764 5637 2980 5703; x_wconf 87' lang='lat' dir='ltr'><strong>putant.</strong></span> 
     </span>
    </p>
   </div>
   <div class='ocr_carea' id='block_1_118' title="bbox 1938 5701 3471 5788">
    <p class='ocr_par' dir='ltr' id='par_1_118' title="bbox 1938 5701 3471 5788">
     <span class='ocr_line' id='line_1_119' title="bbox 1938 5701 3471 5788; baseline -0.002 -30"><span class='ocrx_word' id='word_1_876' title='bbox 1938 5704 1957 5739; x_wconf 85' lang='grc'><strong>⁷</strong></span> <span class='ocrx_word' id='word_1_877' title='bbox 1988 5701 2252 5788; x_wconf 35' lang='lat' dir='ltr'><strong>Pratel.,h</strong></span> <span class='ocrx_word' id='word_1_878' title='bbox 2262 5704 2571 5788; x_wconf 67' lang='lat' dir='ltr'><strong>extenditur</strong></span> <span class='ocrx_word' id='word_1_879' title='bbox 2604 5722 2625 5786; x_wconf 62' lang='grc' dir='ltr'>ί</span> <span class='ocrx_word' id='word_1_880' title='bbox 2649 5704 2743 5760; x_wconf 91' lang='lat' dir='ltr'><strong>sed</strong></span> <span class='ocrx_word' id='word_1_881' title='bbox 2764 5701 2782 5703; x_wconf 65' lang='grc'><strong><em>“</em></strong></span> <span class='ocrx_word' id='word_1_882' title='bbox 2802 5702 3124 5788; x_wconf 41' lang='lat' dir='ltr'><strong>legendum.</strong></span> <span class='ocrx_word' id='word_1_883' title='bbox 3151 5701 3471 5770; x_wconf 82' lang='lat' dir='ltr'><strong>ostenditur,</strong></span> 
     </span>
    </p>
   </div>
   <div class='ocr_carea' id='block_1_119' title="bbox 1865 5774 3217 5850">
    <p class='ocr_par' dir='ltr' id='par_1_119' title="bbox 1865 5774 3217 5850">
     <span class='ocr_line' id='line_1_120' title="bbox 1865 5774 3217 5850; baseline -0.001 -19"><span class='ocrx_word' id='word_1_884' title='bbox 1865 5783 2088 5850; x_wconf 89' lang='lat' dir='ltr'><strong>propter</strong></span> <span class='ocrx_word' id='word_1_885' title='bbox 2114 5776 2437 5832; x_wconf 91' lang='lat' dir='ltr'><strong>antithesim</strong></span> <span class='ocrx_word' id='word_1_886' title='bbox 2469 5776 2697 5832; x_wconf 88' lang='lat' dir='ltr'><strong>alterius</strong></span> <span class='ocrx_word' id='word_1_887' title='bbox 2720 5774 2897 5843; x_wconf 89' lang='lat' dir='ltr'><strong>verbi,</strong></span> <span class='ocrx_word' id='word_1_888' title='bbox 2924 5774 3217 5849; x_wconf 84' lang='lat' dir='ltr'><strong>palliatur.</strong></span> 
     </span>
    </p>
   </div>
  </div>
