3928 6382
437 403 537 460 351

507 525 646 583 Iam.
675 551 746 565 —
777 522 928 590 Quod
965 520 1013 574 si
1039 520 1170 592 quid
1195 517 1381 574 melius
1399 515 1558 584 nosti,
1592 516 1817 587 loquere.

509 612 778 680 Quamvis
797 610 930 667 dum
963 625 1074 666 non
1106 608 1216 664 ait:
1241 609 1382 675 Quia
1415 606 1612 662 melius
1640 604 1806 672 nosti,
1839 601 1952 669 sed,
1979 601 2038 658 Si

437 701 568 774 quid
598 700 785 756 melius
836 697 995 762 nosti,
1032 698 1263 767 loquere,
1294 695 1461 751 nimis
1492 693 1598 748 hoc
1627 693 1807 764 ipsum
1837 706 2038 762 super-

437 791 585 848 bisse
613 796 714 856 est,
737 787 806 845 de
835 785 1080 842 melioris
1101 785 1334 842 scientia
1362 782 1661 840 dubitasse.
1687 781 1802 837 Hoc
1829 787 2035 848 tamen,

441 879 586 953 quod
607 879 767 934 beato
787 875 888 932 Job
918 875 1101 930 locum
1131 871 1392 946 loquendi
1422 869 1641 937 tribuit,
1665 867 2036 924 humilitatem

440 984 498 1024 se
532 968 548 1002 ¹
581 963 901 1022 exhibuisse
957 961 1246 1018 indicavit.
1295 959 1421 1028 Sed,
1458 959 1602 1014 sicut
1631 973 1794 1029 supra
1823 955 2038 1013 dictum

440 1063 542 1122 est,
575 1053 705 1126 quia
734 1051 792 1107 in
821 1050 1036 1106 actione
1065 1047 1439 1120 arrogantium
1469 1061 1633 1102 omne
1661 1044 1808 1118 quod
1839 1061 2040 1116 super-

440 1143 608 1200 ducto
635 1157 888 1198 sermone
915 1139 1138 1212 tegitur,
1166 1142 1561 1210 prorumpente
1591 1150 1814 1190 rursum
1844 1133 2039 1189 inten-

441 1232 592 1288 tione
619 1229 875 1287 elationis
903 1228 1165 1300 aperitur,
1224 1226 1390 1283 citius
1443 1225 1573 1281 Eliu
1631 1224 1876 1280 innotuit
1932 1239 2041 1295 qua

442 1328 626 1378 mente
651 1319 874 1376 beatum
911 1317 1014 1374 Job
1045 1315 1196 1390 loqui
1229 1314 1549 1388 postulavit.
1579 1313 1716 1370 Nam
1747 1313 1999 1386 sequitur
2024 1328 2035 1366 :

928 1432 1155 1491 CAPUT
1183 1431 1235 1488 v
1266 1430 1409 1505 [Rea
1444 1429 1581 1502 IIIj.

512 1526 684 1582 Vnus.
718 1522 806 1592 34,
839 1521 925 1579 35.
949 1552 1020 1562 -
1047 1521 1161 1579 Viri
1182 1519 1522 1590 intelligentes
1565 1519 1855 1588 loquantur
1887 1516 2038 1583 mihi,

441 1621 490 1671 et
515 1615 602 1670 vir
620 1613 829 1686 sapiens
855 1612 1044 1669 audiat
1065 1629 1163 1668 me.
1204 1611 1301 1667 Job
1329 1617 1503 1666 autem
1532 1610 1688 1665 stulte
1717 1609 1918 1665 locutus
1946 1614 2039 1675 est,

442 1713 492 1762 et
518 1706 675 1762 verba
699 1705 848 1760 illius
874 1721 982 1758 non
1009 1709 1200 1759 sonant
1226 1703 1584 1774 disciplinam.

1639 370 1889 449 s'ANCTI
1927 380 2264 445 GREGOBII
2297 379 2525 439 MAGNI

2061 511 2112 571 Α
2137 505 2322 563 ritiam
2354 502 2758 562 maledictionis
2775 501 3114 573 extenditur,
3135 500 3289 558 illico
3309 505 3507 557 contra
3518 498 3764 556 beatum

3637 370 3761 428 352

2145 595 2266 663 Job,
2301 596 2455 670 quasi
2485 594 2554 662 ad
2583 597 2758 653 Deum
2788 594 2994 651 faciens
3021 589 3208 658 verba,
3239 587 3527 662 subjungit
3560 606 3574 645 :

2601 711 2828 769 CAPUT
2863 711 2938 767 v1
2969 708 3122 782 {Rea
3164 703 3292 780 IV].

2216 799 2388 858 Vsus.
2431 799 2519 858 36.
2563 829 2618 840 -
2659 801 2823 856 Pater
2860 798 2956 865 mi,
2985 796 3244 870 probetur
3269 793 3367 852 Job
3395 808 3562 865 usque
3588 792 3669 850 ad
3699 793 3771 866 ﬁ-

2146 905 2280 945 nem.

2226 984 2374 1042 814
2399 988 2452 1043 6.
2497 978 2724 1052 Superbi
2758 977 2976 1051 afflictis
3001 975 3229 1050 eompati
3253 974 3511 1032 nesciunt.
3543 975 3613 1032 In
3641 990 3774 1030 cor-

2147 1076 2382 1148 reptione
2424 1073 2500 1128 sic
2539 1069 2792 1126 tumentia
2829 1067 3120 1140 premenda
3163 1071 3306 1131 sunt,
3338 1071 3398 1120 ut
3424 1070 3651 1120 cruenta
3679 1063 3771 1134 fo-

2146 1171 2390 1221 veantur.
2423 1193 2494 1205 —
2521 1161 2664 1217 Ecce
2691 1158 2800 1216 hoc
2827 1159 2850 1194 ‘
2879 1155 3027 1232 quod
3068 1156 3137 1214 de
3181 1154 3507 1228 arrogantia:
3535 1161 3775 1211 tumore

2148 1258 2473 1326 conceperat
2488 1251 2544 1306 in
2577 1247 2760 1304 verbis
2775 1247 2940 1302 etiam
2972 1243 3379 1302 maledictionis
3397 1244 3629 1301 exaltat.
3648 1241 3770 1300 Sed

2148 1343 2377 1398 fortasse
2395 1339 2677 1398 benevola;
2698 1337 2812 1391 vim
2845 1334 3183 1408 probationis
3213 1339 3446 1405 optaret,
3469 1333 3518 1388 si
3538 1333 3776 1390 stetisse

2149 1451 2274 1492 eum
2306 1433 2363 1488 in
2385 1428 2707 1504 probatione
2731 1424 3140 1498 judicasset.Ut
3166 1439 3295 1495 ergo
3324 1430 3510 1494 aperte
3543 1423 3778 1480 malitia

2150 1523 2266 1596 ejus
2313 1517 2658 1578 crudelitatis
2705 1521 2984 1587 appareat,
3016 1512 3237 1586 probari
3274 1528 3399 1568 eum
3431 1511 3618 1570 adhuc
3669 1529 3778 1586 per

2151 1611 2365 1684 ﬂagella
2390 1609 2732 1680 deprecatur,
2751 1620 2913 1678 quem
2936 1604 3080 1660 inter
3109 1602 3324 1676 ﬂagella
3351 1602 3567 1674 lapsum
3587 1601 3775 1660 fuisse

2146 1699 2263 1773 jam
2293 1698 2561 1772 queritur.
2594 1693 2866 1750 Praemisit
2921 1691 3072 1765 quod
3099 1693 3293 1760 sensit,
3325 1699 3389 1748 ut
3407 1691 3656 1764 apertius
3674 1707 3774 1749 co-

515 1795 570 1851 ὕ.
591 1793 810 1852 Mentiri
837 1810 946 1848 non
967 1793 1080 1848 licet
1098 1792 1415 1849 humilitatis
1431 1793 1628 1864 gratia.
1647 1791 1880 1847 —Ecce
1907 1787 2041 1844 dum
2076 1860 2112 1864 _
2153 1788 2342 1864 gnosci
2383 1785 2579 1842 debeat
2607 1782 2755 1856 quod
2782 1789 2787 1795 '
2811 1782 3042 1854 optavit.
3075 1780 3275 1838 Adhuc
3329 1780 3485 1837 feriri
3517 1781 3778 1854 postulat

445 1882 602 1957 quasi
633 1880 924 1936 humiliter
942 1881 1103 1938 beato
1133 1881 1236 1938 Job
1259 1881 1408 1954 loqui
1434 1860 1656 1948 tribuit,
1681 1877 1818 1952 quid
1846 1875 2044 1932 intrin-
2076 1860 2124 1922 Β
2155 1860 2316 1952 quem
2341 1873 2458 1947 jam
2479 1886 2728 1945 peccasse
2756 1870 2858 1927 sub
2888 1886 3054 1926 manu
3083 1869 3334 1926 ferientis
3354 1876 3596 1927 accusat.
3628 1871 3775 1926 Pro-

445 1988 602 2030 secus
631 1978 865 2043 gestaret
893 1969 1152 2039 ostendit,
1185 1970 1411 2027 dicens:
1452 1969 1568 2028 Viri
1586 1966 1927 2037 intelligentes
1959 1966 2047 2019 lo-

445 2067 685 2132 quantur
711 2059 885 2125 mihi;
911 2059 1239 2133 dedignatus
1256 2059 1515 2116 videlicet
1552 2056 1597 2113 si
1618 2055 1810 2112 beatus
1837 2052 1940 2109 Job
1968 2053 2044 2108 10'

445 2147 540 2220 qui
571 2153 946 2220 prmsumeret,
971 2146 1240 2220 quiquasi
1259 2145 1379 2218 ejus
1408 2142 1716 2213 intelligere
1748 2139 1914 2196 verba
1931 2155 2044 2194 non

445 2242 644 2308 posset.
679 2235 752 2290 Et
779 2235 909 2308 quia
936 2249 1046 2290 non
1075 2234 1256 2290 solum
1285 2232 1353 2287 ad
1378 2229 1732 2303 loquendum,
1756 2227 1850 2283 sed
1879 2227 2043 2282 etiam

445 2321 516 2378 ad
535 2321 893 2390 audiendum,
925 2322 1148 2379 beatum
1179 2319 1280 2376 Job
1311 2318 1601 2390 indignum
1622 2317 1791 2372 fuisse
1815 2315 2045 2387 judica-

445 2412 548 2481 vit,
581 2413 734 2470 illico
763 2411 1057 2485 adjunxit:
1103 2411 1195 2470 Vir
1221 2409 1430 2480 sapiens
1457 2407 1644 2464 audiat
1671 2424 1768 2462 me.
1787 2407 1868 2462 Ac
1895 2405 1942 2462 si
1962 2405 2044 2460 di-

445 2507 628 2570 ceret:
663 2501 808 2558 Huic
838 2501 990 2575 loqui
1019 2499 1222 2572 injuste
1243 2496 1583 2564 conceditur,
1615 2496 1709 2569 qui
1739 2495 1905 2551 etiam
1935 2509 2044 2549 au-

449 2589 570 2646 dire
599 2590 770 2646 verba
797 2589 1129 2661 sapientium
1185 2603 1298 2643 non
1356 2593 1616 2643 meretur.
1677 2587 1858 2658 Atque
1913 2599 2043 2639 mox

445 2689 650 2754 aperte,
695 2695 862 2754 quam
905 2679 1159 2751 despecta
1201 2679 1270 2734 de
1300 2677 1398 2734 illo
1440 2676 1658 2742 sentiat,
1708 2674 2040 2741 manifestat,

443 2769 670 2827 dicens:
703 2768 801 2825 Job
846 2773 1022 2823 autem
1048 2769 1202 2822 stulte
1233 2769 1436 2823 loeutus
1463 2772 1556 2834 est,
1588 2771 1636 2820 et
1679 2764 1838 2819 verba
1892 2763 2045 2819 illius

442 2875 551 2914 non
577 2863 768 2914 sonant
785 2856 1140 2928 disciplinam.
1173 2856 1304 2912 Sine
1333 2854 1626 2926 disciplina
1655 2853 1900 2910 locutum
1923 2851 2044 2907 bea-

443 2952 563 3002 tum
608 2945 711 3002 Job
739 2944 998 3012 credidit,
1031 2945 1160 3017 quia
1179 2942 1394 3014 justum
1433 2959 1490 2999 se
1537 2943 1596 2998 in
1625 2942 1742 2998 suis
1782 2939 2046 3014 operibus

442 3036 614 3093 fuisse
645 3036 988 3094 memoravit.
1008 3036 1214 3092 Verum
1238 3034 1469 3090 fortasse
1489 3032 1618 3089 Eliu
1665 3031 1894 3099 diceret,
1911 3031 1960 3087 si
1983 3045 2046 3086 ea

442 3139 562 3200 quas
589 3123 782 3180 beatus
811 3123 912 3180 Joh
943 3122 1012 3179 de
1058 3123 1238 3194 seipso
1279 3127 1618 3189 narraverat,
1667 3135 1780 3176 non
1822 3117 1891 3175 de
1945 3118 2044 3174 illo

2156 1965 2278 2040 pria
2303 1963 2422 2019 hinc
2449 1958 2824 2032 arrogantium
2845 1966 2975 2015 vota
2993 1966 3143 2028 sunt,
3163 1967 3226 2016 ut
3253 1959 3428 2016 vitam
3448 1958 3776 2016 dolentium

2155 2051 2459 2112 examinari
2489 2047 2670 2106 acrius
2697 2047 3078 2120 deprecentur,
3111 2047 3242 2121 quia
3260 2054 3468 2122 quanto
3495 2047 3778 2106 sibimet-

2157 2143 2292 2217 ipsis
2323 2140 2584 2213 justiores
2613 2145 2762 2205 sunt,
2792 2145 2948 2194 tanto
2968 2137 3166 2194 alienis
3193 2135 3484 2194 doloribus
3501 2137 3775 2196 duriores

2155 2233 2421 2290 existunt.
2455 2227 2720 2285 Nesciunt
2750 2227 2898 2284 enim
2932 2226 2991 2282 in
3021 2244 3079 2284 se
3108 2227 3416 2300 passionem
3437 2227 3635 2284 alienas
3668 2228 3777 2286 in-

2153 2319 2434 2378 ﬁrmitatis
2479 2316 2716 2385 trahere,
2751 2325 2805 2374 et
2851 2317 2996 2374 sicut
3033 2333 3164 2384 suas,
3197 2316 3277 2372 ita
3316 2317 3484 2373 etiam
3515 2317 3774 2390 proximi

2156 2406 2530 2466 imbecillitati
2552 2405 2820 2461 misereri.
2839 2405 2980 2473 Quia
2998 2406 3147 2462 enim
3174 2405 3244 2462 de
3261 2421 3318 2462 se
3347 2406 3460 2462 alta
3487 2407 3772 2475 sentiunt,

2157 2501 2364 2559 idcirco
2419 2495 2728 2556 humilibus
2758 2498 3075 2553 nullatenus
3119 2497 3596 2554 condesceudunt.
3630 2498 3780 2556 Eliu

2153 2591 2376 2648 beatum
2405 2587 2507 2644 Job
2537 2601 2636 2658 pro
2664 2587 2828 2659 culpa
2856 2602 3174 2659 percussum
3204 2585 3400 2649 credit.
3433 2593 3604 2660 atque
3634 2585 3774 2644 ideo

2154 2680 2469 2738 exhibenda
2496 2683 2547 2738 ei
2589 2675 2807 2746 pietatis
2853 2676 3066 2733 viscera
3108 2692 3211 2734 nec
3257 2677 3403 2734 inter
3429 2683 3514 2734 tot
3541 2677 3774 2735 dolores

2154 2769 2470 2826 aestimavit.
2494 2767 2614 2824 Viri
2635 2773 2816 2822 autem
2845 2765 3115 2822 veraciter
3140 2765 3314 2822 sancti
3335 2782 3462 2822 cum
3491 2765 3772 2838 ﬂagellari

2156 2858 2468 2933 quempiam
2500 2858 2665 2914 etiam
2695 2870 2794 2927 pro
2813 2854 2977 2925 culpa
3004 2861 3362 2926 cognoscunt,
3379 2854 3484 2911 etsi
3505 2855 3772 2928 quaedam

2156 2945 2274 3018 ejus
2305 2945 2622 3002 inordinata
2647 2943 2977 3015 corripiunt,
2999 2942 3067 2999 ad
3088 2941 3338 3015 quaedam
3358 2949 3543 3000 tamen
3563 2945 3771 3002 dolen-

2157 3040 2235 3096 tia
2261 3040 2703 3114 compatiuntur;
2727 3046 2783 3095 et
2801 3038 2880 3095 sic
2900 3038 3083 3096 sciunt
3104 3039 3376 3099 tumentia
3403 3056 3677 3114 premere,
3705 3051 3774 3100 ut

2155 3129 2334 3186 sciant
2361 3129 2525 3185 etiam
2554 3135 2782 3186 cruenta
2811 3127 3077 3196 refovere,
3095 3135 3364 3201 quatenus
3394 3128 3452 3184 in
3480 3129 3562 3186 eis
3583 3130 3608 3166 ⁸
3632 3147 3770 3188 cum

439 3212 558 3271 haec
583 3213 772 3270 eadem
802 3213 918 3285 ipse
946 3212 1256 3284 disciplinae
1284 3219 1477 3269 auctor
1508 3211 1902 3268 existimasset.
1935 3210 2038 3266 In-
2075 3207 2122 3270 Ο
2151 3218 2290 3276 dura
2319 3219 2704 3286 emolliuntur,
2726 3217 2948 3274 inﬁrma
2975 3216 3321 3274 roborentur.
3348 3217 3488 3292 [νει.
3514 3221 3614 3288 ιν,
3634 3223 3768 3280 Rea.

438 3309 699 3360 nocenter
745 3301 895 3358 enim
941 3300 1045 3356 Job
1092 3317 1149 3356 se
1195 3301 1428 3356 asseruit
1469 3299 1826 3371 ﬂagellatam,
1874 3315 2036 3372 quem

438 3391 584 3448 Deus
603 3389 769 3444 etiam
798 3387 1083 3460 perhibuit
1110 3388 1314 3444 frustra
1343 3403 1661 3459 percussum
1691 3387 1819 3456 (Job
1849 3403 1910 3454 ιι,
1953 3385 2036 3457 3).

439 3475 586 3544 Quid
612 3492 742 3549 ergo
762 3492 874 3532 vox
895 3476 1140 3549 percussi
1173 3474 1473 3548 superbum
1492 3476 1700 3543 sonuit,
1724 3491 1846 3548 quin
1867 3490 1899 3530 a
1919 3481 2040 3530 sen'

438 3565 614 3620 tentia
640 3563 888 3622 ferientis
905 3564 1221 3620 nullatenus
1238 3563 1606 3636 discrepavit?
1618 3564 1639 3599 ³
1660 3565 1884 3620 Incaute
1910 3569 2042 3619 sunt

439 3654 682 3712 humiles
714 3655 828 3727 (22,
860 3673 914 3726 q.
946 3654 1001 3722 2,
1031 3671 1076 3710 c.
1111 3653 1473 3726 Incaute),qui
1503 3669 1560 3710 se
1590 3653 1876 3711 mendacio
1905 3653 2041 3710 illa-

440 3751 666 3817 queant,
725 3743 858 3800 dum
915 3743 1282 3815 arrogantiam
1313 3742 1522 3810 vitant;
1556 3743 1669 3799 imo
1718 3741 2038 3798 mentiendo

439 3833 787 3904 superbiant,
835 3834 966 3908 quia
994 3840 1186 3890 contra
1213 3833 1500 3890 veritatem
1549 3850 1606 3890 se
1626 3834 1846 3906 erigunt
1873 3848 2039 3906 quam

439 3921 778 3996 relinquunt.
813 3923 919 3991 Qui
950 3922 1118 3991 enim,
1169 3923 1492 3980 necessitate
1533 3930 1781 3996 cogente,
1813 3938 1944 3978 vera
1971 3921 2040 3978 de

437 4032 495 4074 se
521 4017 666 4074 bona
714 4019 980 4092 loquitur,
1010 4025 1166 4076 tanto
1213 4017 1386 4090 magis
1426 4017 1731 4075 humilitati
1759 4017 2036 4092 jungitur,

437 4113 642 4180 quanto
670 4115 726 4163 et
763 4108 984 4164 veritati
1014 4109 1275 4166 sociatur.
1310 4109 1397 4164 An
1427 4108 1630 4164 Paulus
1659 4109 1894 4165 humilis
1923 4125 2036 4166 non

435 4191 565 4262 fuit,
597 4195 817 4268 quando
847 4197 1200 4252 aemulatione
1218 4195 1470 4252 veritatis
1489 4204 1684 4254 contra
1709 4196 1878 4254 falsos
1897 4215 2040 4270 apo-

437 4283 608 4339 stolos
627 4291 709 4339 tot
727 4283 796 4339 de
814 4299 872 4340 se
890 4283 1182 4354 discipulis
1201 4283 1369 4340 fortia
1388 4292 1536 4355 gesta
1554 4287 1802 4340 narravit
1819 4287 1878 4357 (I
1899 4286 2035 4343 Tim.

436 4385 500 4438 ιι,
530 4369 594 4438 7;
625 4371 743 4428 Act.
775 4386 874 4438 xx,
911 4370 995 4438 18,
1018 4370 1108 4442 19)
1131 4371 1569 4438 ?Quinimirum
1599 4372 1819 4429 veritati
1840 4373 2040 4431 inimi-

435 4479 534 4520 cus
561 4464 840 4532 existeret,
864 4464 910 4521 si
941 4463 1328 4521 abscondendo
1359 4464 1590 4522 virtutes
1620 4467 1886 4539 proprias,
1906 4485 2037 4542 prae-

438 4551 714 4609 dicatores
743 4569 990 4609 errorum
1023 4553 1318 4625 praevalere
1345 4555 1699 4626 permisisset.

509 4639 614 4697 Sed
643 4641 773 4714 quia
801 4649 1115 4713 arrogantes
1136 4643 1226 4698 vir
1245 4642 1301 4698 in
1331 4659 1396 4698 eo
1417 4644 1563 4717 quod
1589 4645 1862 4704 bonorum
1883 4647 2036 4707 dicta

436 4727 668 4800 superbe
715 4729 1054 4798 examinant,
1112 4730 1409 4788 verborum
1467 4733 1640 4805 magis
1685 4735 2032 4808 superﬁciem

436 4841 602 4902 quam
633 4825 655 4862 ³
685 4842 868 4884 rerum
900 4827 1148 4886 ordinem
1181 4837 1430 4902 pensant,
1460 4831 1592 4887 Eliu
1611 4831 1756 4890 beati
1791 4833 1894 4890 Job
1912 4851 2032 4891 sen-

434 4916 636 4974 tentias
677 4915 1028 4990 disciplinam
1059 4919 1299 4978 credidit
1324 4936 1436 4977 non
1465 4920 1855 4996 sonasse.[Vet.
1889 4921 2030 4999 ΙΙΙ.]

434 5005 574 5077 Quia
597 5023 730 5066 vero
759 5025 901 5082 sape
928 5009 1192 5083 asperitas
1219 5009 1584 5083 superborum
1614 5027 1791 5086 usque
1819 5012 1888 5070 ad
1917 5013 2034 5070 du-

509 5229 526 5300 ξ
554 5229 805 5300 Becent.,
847 5229 1042 5286 invitis
1068 5230 1221 5299 Mss.,
1251 5230 1548 5286 exhibuisse
1563 5229 1847 5300 judicavit.

445 5367 456 5380 ο
506 5297 530 5332 ³
551 5299 635 5380 Ita
649 5301 776 5380 Mss.
791 5297 974 5380 nostri
1001 5309 1057 5358 et
1077 5297 1226 5380 ﬁdit,
1251 5318 1387 5374 pene
1409 5297 1709 5380 [amnesin
1729 5304 2026 5380 Gussauv.,

434 5372 635 5423 incauti
652 5377 774 5447 sunt
801 5372 1041 5447 humiles.
1071 5372 1386 5447 Gratianus,
1409 5372 1530 5430 loco
1558 5373 1822 5447 indicato,
1845 5372 2026 5447 dupli-

435 5439 811 5514 cem‘exhibet
841 5442 1152 5514 lectionem,
1183 5439 1389 5502 incaute
1414 5451 1538 5501 sunt
1563 5439 1817 5514 humiles,
1839 5439 2026 5514 etfin-

433 5509 576 5564 cauti
603 5517 726 5565 sunt
753 5511 1002 5570 homines.

505 5581 526 5615 ³
549 5581 631 5636 Ita
645 5581 880 5639 Vindoc.
890 5584 1108 5661 ,__Baluz.
1118 5586 1570 5661 ,Colb.,Ebroic:,
1591 5585 1796 5661 aliique
1810 5588 1978 5644 Norm
1988 5629 2023 5656 .,

435 5665 756 5726 no_n_rerum
783 5655 1071 5726 cardinem,
1103 5664 1166 5712 ut
1192 5655 1358 5715 habes
1388 5659 1446 5714 in
1465 5657 1666 5715 Editis.

503 5722 772 5797 fP_ratel.,
801 5726 942 5797 quod
968 5722 1124 5797 quasi
1151 5727 1214 5782 de
1241 5730 1576 5797 arrogantia.

504 5748 526 5757 τ
547 5748 772 5792 rraiel.,
801 5748 942 5796 quoa
968 5748 1124 5797 quasi
1151 5748 1214 5782 ae
1241 5748 1372 5785 arro
1405 5748 1576 5786 anna.

503 5792 525 5829 ⁵
565 5793 795 5865 Turon.,
827 5796 1221 5867 Baluz.,Colb.,
1253 5807 1308 5856 et
1334 5748 1469 5872 pl’er.
1499 5801 1712 5870 Norm.,
1743 5814 1861 5856 cum
1887 5795 2026 5855 dura

2157 3306 2247 3382 V.]
2284 3311 2352 3363 At
2366 3315 2559 3364 contra
2585 3313 2900 3378 arrogantes
2929 3307 3036 3362 viri
3068 3308 3199 3381 quia
3225 3308 3512 3366 charitatis
3541 3309 3773 3368 viscera

2148 3410 2262 3450 non
2293 3393 2518 3461 habent,
2551 3409 2661 3450 non
2691 3395 2871 3450 solum
2906 3409 3012 3450 non
3044 3396 3458 3467 compatiuntur
3485 3396 3658 3452 etiam
3672 3394 3772 3468 ju-

2148 3485 2249 3541 stis
2267 3483 2607 3553 dolentibus,
2631 3484 2728 3542 sed
2757 3502 2850 3542 eos
2880 3485 3104 3558 insuper
3130 3485 3234 3542 sub
3261 3486 3442 3559 specie
3463 3485 3631 3559 justas
3663 3489 3773 3545 in-

2146 3573 2482 3645 crepationis
2515 3573 2774 3646 afﬂigunt
2798 3592 2810 3629 :
2843 3581 2897 3630 et
2925 3575 3012 3630 vel
3045 3575 3091 3631 si
3108 3591 3216 3648 qua
3243 3576 3301 3632 in
3329 3576 3410 3632 eis
3437 3583 3569 3633 sunt
3586 3593 3774 3650 parva

2148 3662 2293 3716 mala
2323 3669 2674 3733 exaggerant,
2705 3663 2793 3718 vel
2823 3677 2887 3718 ea
2931 3679 3053 3736 quas
3100 3679 3230 3720 vere
3281 3663 3429 3720 bona
3454 3673 3584 3720 sunt
3614 3667 3772 3724 male

2147 3748 2293 3822 apud
2323 3765 2380 3806 se
2410 3749 2821 3822 interpretando
2851 3759 3212 3809 commutant.

2217 3837 2270 3894 7.
2305 3838 2486 3895 Sancti
2529 3839 2766 3895 doctores
2795 3839 3210 3911 delinquentium
3245 3841 3382 3898 vitia
3423 3837 3774 3914 exaggerari

2147 3927 2332 3984 solent.
2376 3927 2518 3994 Quid
2544 3929 2615 3983 sit
2667 3929 2844 3983 cordis
2880 3929 3140 4000 parietem
3166 3928 3366 4001 fodere.
3386 3961 3460 3974 —
3485 3930 3768 3998 Quamvis

2147 4016 2312 4072 etiam
2335 4017 2358 4053 ⁸
2386 4016 2523 4074 casti
2553 4016 2805 4074 doctores
2846 4033 2988 4090 szepe
3029 4034 3354 4092 exaggerare
3381 4019 3602 4076 soleant
3649 4018 3768 4076 de-

2147 4103 2518 4176 linquentium
2548 4104 2706 4173 vitia,
2739 4111 2792 4161 et
2820 4121 2891 4162 ex
2919 4104 3251 4180 quibusdam
3279 4107 3454 4180 signis
3510 4107 3766 4182 publicis

2147 4193 2366 4250 occulta
2393 4192 2606 4263 rimari,
2629 4201 2692 4250 ut
2719 4195 2933 4266 possint
2960 4211 3031 4252 ex
3045 4195 3294 4252 minimis
3314 4195 3525 4268 majora
3551 4213 3765 4270 cogno-

2147 4296 2316 4338 scere.
2354 4281 2508 4338 Unde
2537 4281 2606 4338 ad
2661 4281 3008 4340 Ezechielem
3039 4283 3281 4340 dicitur:
3341 4284 3453 4341 Fili
3498 4287 3764 4354 hominis,

2145 4368 2268 4439 fode
2289 4370 2551 4442 parietem
2581 4371 2798 4438 (Ezech.
2829 4388 2955 4438 vm,
2984 4371 3068 4445 8).
3120 4371 3224 4429 Ubi
3262 4388 3395 4430 mox
3447 4373 3710 4432 subdidit
3747 4393 3760 4433 :

2147 4460 2168 4494 ⁷
2199 4461 2414 4516 Etcum
2457 4458 2707 4529 {odissem
2738 4462 3015 4534 parietem,
3045 4463 3304 4535 apparuit
3329 4463 3524 4519 ostium
3563 4481 3764 4536 unum,

2067 4566 2118 4627 ι)
2146 4555 2198 4606 et
2223 4549 2366 4607 dixit
2393 4550 2467 4606 ad
2493 4567 2604 4607 me:
2636 4551 2938 4624 Ingredere,
2968 4558 3018 4607 et
3042 4553 3159 4608 vide
3197 4553 3614 4610 abominationes
3639 4571 3764 4626 pes-

2141 4639 2324 4708 simae,
2354 4654 2488 4710 quas
2521 4639 2614 4694 isti
2644 4639 2856 4710 faciunt
2877 4641 2979 4697 hic.
3011 4643 3086 4697 Et
3097 4641 3367 4714 ingressus
3391 4641 3507 4698 vidi
3523 4657 3546 4708 ;
3571 4647 3623 4698 et
3650 4658 3767 4699 ecce

2139 4729 2310 4786 omnis
2336 4729 2632 4786 similitudo
2660 4730 2963 4801 reptilium,
2993 4737 3043 4786 et
3084 4732 3406 4788 animalium
3431 4731 3770 4788 abminatio

2139 4823 2188 4874 et
2215 4819 2465 4874 universa
2494 4817 2644 4874 idola
2667 4818 2855 4873 domus
2884 4820 3059 4876 Israel
3076 4821 3284 4894 depicta
3307 4820 3536 4876 erantin
3548 4822 3766 4894 pariete

2138 4905 2310 4976 (Ibid.
2331 4905 2522 4977 9,10).
2558 4905 2660 4962 Per
2703 4905 3050 4965 Ezechielem
3081 4909 3284 4983 quippe
3329 4911 3759 4984 prapositorum

2134 5005 2372 5069 persona
2381 4996 2753 5070 signatur,per
2766 4997 3028 5071 parietem
3038 4997 3260 5073 .duritia
3270 4999 3646 5058 subditorum.
3685 5001 3762 5058 Et

2136 5233 2588 5308 e_molliunt.__Vet.
2621 5232 2970 5308 EditsParis.
3003 5242 3058 5308 et
3087 5235 3281 5304 Basil.,
3300 5243 3566 5308 quatenus
3596 5238 3655 5294 in
3683 5239 3760 5295 eis

2135 5303 2278 5376 dura
2296 5305 2660 5376 enwlliantur,
2690 5305 2914 5376 inﬁrma
2944 5303 3281 5364 roborentur.

2208 5376 2230 5411 ⁸
2251 5375 2358 5449 Sic
2372 5375 2572 5447 legitur
2602 5375 2659 5431 in
2687 5375 2817 5432 MSs.
2859 5377 3069 5444 Baluz.,
3101 5377 3286 5449 Colb.,
3322 5378 3590 5449 Vindoc.,
3631 5381 3758 5437 Tu-

2135 5461 2288 5523 rpn._,_
2311 5447 2530 5523 N03111:,
2551 5463 2690 5523 quos
2707 5455 3017 5523 sequuntur
3037 5448 3262 5523 priores
3279 5449 3433 5523 Edit.
3467 5452 3547 5509 At
3576 5447 3756 5523 poste-

2135 5516 2376 5597 rioribus
2387 5516 2710 5597 Editoribus
2727 5516 2909 5597 visum
2923 5526 3006 5597 _es_t
3019 5516 3116 5591 pro
3130 5520 3264 5576 casti
3274 5521 3533 5597 sufﬁcere
3551 5516 3752 5597 eamdi.

2136 5587 2401 5666 Quamvis
2419 5586 2530 5666 dic_i
2561 5588 2772 5666 possint
2801 5589 2934 5644 casti
2963 5586 3235 5659 (lectores,
3276 5591 3374 5664 qui
3402 5593 3630 5666 eloquia
3649 5591 3752 5650 Dei

2136 5665 2281 5715 casta
2301 5674 2417 5714 non
2447 5657 2848 5715 adulterantur.

2209 5731 2230 5766 ⁷
2255 5729 2372 5797 ΑΙ.,
2405 5734 2452 5785 et
2479 5745 2596 5784 cum
2619 5728 2986 5802 perfodissem.
