3928 6392
135 402 252 463 353

887 404 1264 474 MORALIUM
1301 414 1436 474 LIB.
1479 414 1687 474 XXVI.
1723 437 1799 462 ε·-
1835 408 1910 475 IN
1946 416 2176 481 CAPUT.
2212 422 2456 486 XXXIV
2493 431 2556 490 B.
2596 431 2741 492 JOB.

3367 445 3475 505 354

302 538 389 630 est
418 530 686 645 parietem
716 534 924 645 fodere;
948 536 1056 645 nisi
1075 540 1283 613 asperis
1309 541 1754 645 correptionibus
1784 542 1838 603 A
2010 548 2297 607 saevientes
2325 551 2595 625 afﬂigunt.
2628 556 2861 615 Servant
2888 560 2947 619 in
2962 564 3295 638 cogitatione
3325 571 3476 645 quod

139 618 407 677 duritiam
439 622 626 680 cordis
654 624 868 697 aperire
890 626 918 683 ?
947 627 1120 695 Quem
1138 647 1265 686 cum
1298 630 1650 703 perfodisset,
1667 648 1758 704 ap-

138 708 330 781 paruit
354 710 587 780 ostium,
617 713 748 786 quia
767 730 893 770 cum
928 715 1114 773 cordis
1142 717 1357 774 duritia
1393 720 1600 792 asperis
1643 737 1758 777 cor-

136 796 493 870 reptiouibus
511 801 779 873 aperitur,
801 804 958 876 quasi
976 805 1226 878 quaedam
1236 806 1407 878 janua
1423 808 1758 878 ostenditur,

136 901 211 943 ex
239 903 352 961 qua
379 888 569 944 omnia
597 889 656 945 in
682 907 749 948 eo
773 892 870 964 qui
898 895 1203 967 corripitur
1234 896 1633 969 cogitationum
1675 898 1757 954 in-

137 977 351 1036 teriora
380 979 697 1040 videantur.
731 983 887 1042 Unde
926 996 981 1043 et
1016 987 1157 1045 bene
1197 988 1316 1046 illic
1355 989 1607 1062 sequitur
1639 1007 1651 1046 :
1684 992 1759 1047 Et

137 1066 288 1123 dixit
315 1070 391 1124 ad
415 1088 497 1127 me
523 1089 541 1128 :
569 1072 875 1145 Ingredere,
905 1083 955 1132 et
982 1077 1099 1133 vide
1145 1079 1562 1135 abominationes
1584 1082 1752 1152 pessi-

136 1173 278 1226 mae,
310 1174 445 1229 quas
487 1159 578 1216 isti
604 1160 816 1233 faciunt
840 1165 940 1222 hic.
974 1166 1141 1234 Quasi
1175 1168 1487 1241 ingreditur
1523 1177 1585 1226 ut
1630 1169 1757 1226 abo-

136 1246 483 1305 minationes
509 1251 759 1323 aspiciat,
782 1255 878 1328 qui
922 1255 1188 1315 discussis
1228 1259 1561 1332 quibusdam
1583 1259 1756 1332 signis

137 1337 390 1396 exterius
437 1342 848 1414 apparentibus,
882 1344 956 1403 ita
988 1348 1156 1405 corda
1182 1349 1531 1407 subditorum
1580 1366 1754 1422 pene-

137 1434 269 1495 trat,
300 1437 365 1485 ut
392 1437 593 1486 cuncta
608 1430 656 1487 ei
679 1448 799 1506 qua:
821 1433 1018 1492 illicite
1037 1438 1351 1509 cogitantur
1381 1440 1749 1495 innotescant.

138 1514 300 1573 Unde
328 1526 383 1574 et
412 1517 665 1577 subdidit
699 1538 712 1577 :
759 1523 835 1578 Et
864 1524 1129 1596 ingressus
1180 1528 1329 1594 vidi;
1358 1534 1407 1584 et
1451 1546 1558 1583 ecce
1584 1528 1754 1583 omnis

137 1606 438 1663 similitudo
465 1609 761 1681 reptilium,
791 1618 840 1667 et
864 1614 1185 1671 animali—um
1211 1617 1557 1673 abominatio.
1580 1618 1642 1672 In
1673 1632 1753 1672 re-

137 1695 400 1768 ptilibus,
430 1699 793 1770 cogitationes
822 1703 1054 1761 omnino
1092 1715 1323 1764 terrenae
1352 1706 1659 1779 signantur;
1693 1706 1752 1763 in

136 1785 482 1845 animalibus
507 1804 660 1859 vero,
684 1789 801 1862 jam
831 1792 1055 1866 quidem
1102 1796 1506 1869 aliquantulum
1538 1812 1570 1851 a
1607 1804 1752 1852 terra

1868 631 2131 705 diligunt,
2160 646 2389 695 sumunt
2405 640 2463 695 in
2477 642 2659 713 specie
2688 644 2834 716 quod
2864 631 3289 722 persequuntur.
3323 631 3476 714 liena

1868 724 2228 793 praedicantes
2258 728 2567 799 insinuant,
2606 734 2749 789 mala
2795 744 2979 792 autem
3021 751 3278 800 caventes
3323 762 3478 817 pra;-

1866 814 2149 884 nuntiant,
2179 833 2292 872 non
2336 825 2397 873 ut
2444 820 2573 876 Eliu
2614 821 2988 882 desiderantes
3032 838 3265 886 exorant
3325 814 3476 905 Erga

1866 904 2190 961 commissos
2220 907 2323 963 sibi
2352 909 2429 965 ita
2466 927 2865 987 nonnunquam
2906 917 2964 972 in
2996 921 3343 992 correptione
3373 904 3476 979 fer-

1866 999 2018 1060 vent,
2049 1010 2109 1050 ac
2140 996 2184 1051 si
2215 996 2282 1052 de
2310 999 2713 1073 tranquillitate
2739 1004 2882 1061 nihil
2915 1006 3169 1074 habeant;
3196 1009 3289 1065 sed
3319 1011 3395 1066 ita
3417 1012 3476 1069 in

1864 1080 2163 1140 dilectione
2214 1088 2499 1161 tranquilli
2541 1099 2692 1161 sunt,
2742 1110 2805 1150 ac
2841 1093 2889 1150 si
2931 1096 3119 1154 nullus
3159 1114 3252 1154 eos
3290 1099 3477 1158 fervor

1863 1173 2146 1231 accendat.
2197 1177 2371 1234 Valde
2400 1179 2549 1236 enim
2605 1190 2859 1242 metuunt
2886 1203 2955 1242 ne
2992 1188 3040 1244 si
3087 1205 3119 1244 a
3173 1206 3473 1262 pravorum

1862 1264 2209 1335 correptione
2231 1268 2588 1339 cessaverint,
2622 1271 2725 1344 ipsi
2756 1290 2855 1347 pro
2885 1292 3075 1333 eorum
3114 1277 3469 1339 damnatione

1861 1352 2192 1424 puniantur;
2226 1366 2281 1413 et
2310 1376 2434 1415 cum
2462 1360 2530 1417 ad
2559 1362 2728 1420 verba
2757 1364 3475 1430 invectionis'inﬂamman-

1861 1442 2145 1510 tur,inviti
2173 1446 2395 1518 quidem
2426 1448 2494 1505 ad
2516 1449 2633 1508 haec
2653 1454 3007 1523 veniunt,sed
3024 1464 3207 1515 tamen
3230 1458 3349 1517 hate
3368 1461 3474 1517 de-

1862 1527 2170 1589 fensionem
2202 1536 2308 1591 sibi
2338 1538 2484 1609 apud
2512 1538 2828 1599 districtum
2854 1542 3100 1616 judicem
3132 1558 3461 1620 praeparant.

1933 1621 1988 1678 9.
2009 1622 2487 1696 Corripiendorum
2512 1636 2560 1685 et
2586 1634 2997 1691 erudiendorum
3022 1637 3094 1692 ad
3110 1639 3474 1709 paenitentiam

1859 1714 1908 1762 et
1948 1712 2193 1781 pietatem
2238 1715 2655 1786 delinquentium
2696 1722 2849 1778 ordo.
2895 1754 2968 1766 —
2996 1724 3154 1781 Unde
3184 1733 3239 1782 et
3291 1728 3473 1785 eidem

1857 1813 2051 1854 rursus
2079 1800 2100 1835 ³
2131 1801 2407 1857 Ezechieli
2438 1803 2676 1862 dicitur:
2702 1809 2812 1864 Fili
2830 1811 3078 1880 hominis,
3106 1828 3251 1868 sume
3279 1815 3372 1869 tibi
3393 1817 3471 1871 la-

137 1890 438 1947 suspensm,
494 1877 590 1934 sed
620 1877 804 1937 adhuc
831 1890 1061 1940 terrente
1089 1886 1358 1944 mercedis
1393 1884 1618 1959 praemia
1664 1902 1747 1941 re-
1779 1901 1830 1962 Β
1859 1895 2039 1955 terem,
2069 1897 2116 1946 et
2137 1908 2301 1962 pones
2327 1910 2444 1949 eum
2462 1911 2644 1953 coram
2674 1904 2737 1967 te,
2770 1905 2819 1954 et
2844 1877 3099 1957 describes
3130 1902 3184 1957 in
3212 1921 3268 1958 eo
3290 1904 3471 1961 civita-

138 1968 445 2043 quirentes.
475 1974 613 2032 Nam
644 1978 865 2050 reptilia
890 1988 1008 2037 toto
1039 1996 1111 2038 ex
1137 1999 1365 2056 corpore
1395 1992 1553 2043 terrae
1604 1984 1749 2042 815

138 2061 450 2132 inhaerent;
485 2065 751 2124 animalia
777 2078 961 2127 autem
1009 2083 1204 2132 ventre
1233 2092 1266 2132 a
1318 2086 1461 2134 terra
1487 2097 1750 2153 suspensa

141 2162 291 2225 sunt,
323 2156 577 2229 appetitu
610 2168 792 2217 tamen
824 2162 965 2234 gulae
992 2163 1062 2220 ad
1093 2174 1295 2223 terram
1328 2185 1543 2242 semper
1576 2170 1751 2230 incli—

138 2253 362 2302 nantur.
395 2247 636 2319 Reptilia
667 2249 851 2324 itaque
880 2261 1011 2309 sunt
1037 2254 1186 2310 intra
1214 2256 1503 2328 parietem,
1527 2260 1748 2333 quando

141 2335 508 2407 cogitationes
537 2337 848 2396 volvuntur
870 2340 930 2397 in
958 2353 1141 2401 mente
1159 2361 1325 2418 quaea
1350 2349 1585 2406 terrenis
1607 2349 1746 2406 desi-

135 2421 306 2480 deriis
325 2441 610 2498 nunquam
634 2428 909 2487 levantur.
924 2432 1205 2491 Animalia
1220 2452 1436 2510 quoque
1457 2447 1587 2494 sunt
1601 2438 1751 2495 intra

136 2513 424 2584 parietem,
446 2516 670 2589 quando
691 2527 747 2575 et
772 2519 820 2576 si
851 2536 960 2592 qua
980 2520 1093 2593 jam
1120 2522 1291 2596 justa,
1314 2525 1360 2582 si
1380 2543 1488 2599 qua
1518 2525 1750 2585 honesta

136 2603 470 2675 cogitantur,
496 2608 817 2679 appetendis
838 2619 1019 2668 tamen
1042 2613 1215 2670 lucris
1234 2618 1629 2688 temporalibus
1651 2619 1747 2676 ho-

137 2692 481 2767 noribusque
501 2693 842 2766 deserviunt;
877 2709 932 2757 et
951 2717 1049 2773 per
1072 2703 1365 2776 semetipsa
1390 2707 1611 2779 quidem
1629 2707 1745 2779 jam

136 2781 290 2853 quasi
323 2799 358 2838 a
403 2792 550 2841 terra
576 2802 841 2858 suspensa
888 2798 1037 2858 sunt,
1096 2789 1193 2845 sed
1244 2791 1426 2851 adhuc
1483 2812 1578 2867 per
1633 2813 1744 2851 am-

138 2868 319 2927 bitum
349 2874 512 2946 quasi
551 2890 651 2946 per
678 2876 820 2947 gulae
864 2875 1201 2934 desiderium
1232 2895 1351 2936 sese
1380 2881 1450 2937 ad
1475 2881 1588 2937 ima
1616 2882 1744 2938 sub-

136 2960 387 3019 mittunt.
423 2962 581 3019 Unde
610 2972 664 3019 et
693 2963 832 3021 bene
860 2963 1152 3023 subditur:
1188 2968 1263 3023 Et
1306 2969 1554 3026 universa
1596 2970 1746 3027 idola

136 3049 320 3107 domus
347 3052 522 3109 Israel
540 3052 743 3124 depicta
768 3054 987 3110 erantin
996 3056 1219 3127 pariete.
1240 3057 1517 3130 Scriptum
1542 3059 1746 3133 quippe

135 3149 215 3198 est
236 3159 250 3197 :
283 3142 631 3211 Etavaritia,
659 3161 776 3215 quis
790 3150 865 3200 est
892 3145 1159 3201 idolorum
1180 3148 1740 3222 servitus(Coloss.m,

1860 1984 1958 2035 tem
1985 1980 2308 2051 Jerusalem,
2338 1990 2385 2038 et
2402 1985 2679 2042 ordinabis
2705 1989 2961 2045 adversus
2988 2008 3103 2046 eam
3118 1992 3459 2065 obsidionem,

1858 2074 1906 2124 et
1950 2070 2236 2142 wdiﬁcabis
2262 2075 2599 2145 munitiones,
2648 2084 2696 2133 et
2736 2081 3090 2151 comportabis
3116 2099 3378 2155 aggerem,
3422 2091 3471 2140 et

1856 2158 2008 2214 dabis
2034 2168 2221 2217 contra
2253 2181 2367 2219 eam
2394 2171 2594 2233 castra,
2624 2173 2673 2222 et
2708 2185 2872 2240 pones
2898 2169 3088 2226 arietes
3129 2172 3186 2227 in
3212 2190 3363 2245 gyro.
3396 2175 3472 2231 Et

1860 2254 1917 2304 tu
1943 2267 2089 2306 sume
2112 2252 2205 2308 tibi
2232 2256 2555 2328 sartaginem
2581 2255 2836 2328 ferream,
2867 2266 2915 2316 et
2938 2278 3101 2332 pones
3128 2279 3240 2318 eam
3254 2280 3470 2318 murum

1857 2338 2092 2410 ferreum
2120 2341 2259 2397 inter
2285 2348 2330 2397 te
2356 2350 2403 2398 et
2431 2345 2571 2401 inter
2588 2346 2850 2403 civitatem
2876 2351 3101 2417 (Ezech.
3122 2368 3202 2420 IV,
3224 2352 3275 2419 1,
3304 2368 3409 2423 seq.
3417 2351 3466 2423 ).

1858 2424 2033 2498 Cujus
2063 2428 2211 2484 enim
2240 2430 2496 2487 Ezechiel
2526 2432 2637 2488 nisi
2671 2434 3058 2506 magistrorum
3104 2437 3341 2509 speciem
3371 2446 3465 2493 te-

1857 2524 1953 2571 net
1972 2516 2000 2572 ‘l
2027 2516 2117 2572 cui
2148 2516 2357 2575 dicitur
2388 2538 2399 2576 :
2452 2521 2608 2577 Sume
2660 2523 2753 2578 tibi
2801 2525 3037 2594 laterem,
3066 2531 3115 2580 et
3154 2542 3318 2597 pones
3348 2543 3468 2581 eum

1855 2620 2034 2661 coram
2065 2614 2131 2673 te,
2160 2613 2208 2662 et
2236 2608 2492 2664 describes
2518 2609 2576 2664 in
2604 2628 2661 2665 eo
2688 2611 2951 2667 civitatem
2995 2614 3312 2670 Jerusalem.
3345 2616 3467 2671 Do-

1855 2701 2034 2751 ctores
2080 2698 2282 2770 quippe
2328 2696 2503 2755 sancti
2537 2699 2643 2755 sibi
2676 2700 2899 2757 laterem
2948 2710 3198 2771 sumunt,
3242 2703 3467 2776 quando

1853 2790 2134 2840 terrenum
2164 2803 2260 2843 cor
2304 2787 2622 2844 auditorum
2671 2797 2731 2845 ut
2759 2790 2993 2847 doceant
3019 2790 3463 2864 apprehendunt.

1854 2870 2028 2938 Quem
2060 2873 2285 2930 laterem
2314 2891 2499 2932 coram
2529 2893 2586 2933 se
2616 2886 2854 2949 ponunt,
2883 2881 3013 2953 quia
3035 2888 3152 2937 tota
3187 2880 3329 2937 illud
3356 2883 3465 2938 sol-

1854 2958 2164 3017 licitudinis
2192 2961 2500 3019 intentione
2527 2965 2870 3022 custodiunt.
2890 2969 2952 3023 In
2973 2985 3085 3040 quo
3100 2976 3155 3025 et
3168 2969 3465 3027 civitatem

1852 3050 2152 3107 Jerusalem
2210 3058 2356 3117 81B
2442 3052 2716 3126 jubentur
2758 3056 3091 3127 describere,
3127 3060 3256 3131 quia
3297 3060 3470 3131 praedi

1851 3148 2029 3205 cando
2057 3149 2291 3207 terrenis
2336 3151 2596 3209 cordibus
2625 3160 2821 3210 curant
2858 3169 3206 3227 summopere
3252 3163 3487 3229 quanta.

134 3232 209 3307 5).
229 3234 398 3292 Recte
428 3250 557 3308 ergo
584 3245 707 3308 post
733 3236 996 3293 animalia
1024 3238 1174 3295 idola
1193 3239 1742 3314 describuntur,quia
1773 3262 1819 3324 ο
1848 3238 1922 3294 sit
1948 3254 2198 3311 supernae
2228 3239 2376 3313 pacis
2405 3241 2548 3298 visio
2577 3242 2973 3300 demonstrare.
2995 3242 3097 3300 Cui
3125 3244 3264 3300 bene
3293 3246 3460 3304 etiam

134 3325 235 3385 etsi
265 3323 504 3383 honesta
529 3327 750 3384 actione
778 3328 935 3401 quasi
967 3344 1000 3383 a
1026 3337 1173 3385 terra
1204 3347 1262 3386 se
1290 3331 1534 3403 erigunt,
1564 3330 1741 3386 ambi-

135 3416 284 3473 tione
314 3424 500 3472 tamen
555 3414 851 3473 inhonesta
896 3420 1220 3491 semetipsos
1247 3419 1317 3477 ad
1344 3428 1545 3476 terram
1578 3420 1740 3492 depo-

134 3514 295 3563 nunt.
328 3506 476 3564 Bene
506 3515 688 3564 autem
720 3507 927 3565 dicitur
961 3526 973 3564 :
1005 3510 1228 3581 Depicta
1254 3517 1426 3578 erant,
1458 3512 1588 3584 quia
1608 3510 1742 3568 dum

133 3593 475 3651 exteriorum
497 3610 680 3651 rerum
708 3596 1045 3653 intrinsecus
1068 3596 1278 3669 species
1298 3597 1742 3667 attrahuntur,in

134 3682 299 3740 corde
332 3683 491 3757 quasi
540 3683 860 3758 depingitur
915 3684 1191 3758 quidquid
1219 3684 1365 3742 ﬁctis
1403 3686 1742 3758 imaginibus

135 3774 428 3847 cogitatur.

206 3861 349 3938 [Vet.
391 3862 479 3939 ν.]
510 3862 565 3921 8.
588 3861 826 3923 Hectoris
844 3864 1154 3923 animarum
1166 3865 1225 3923 in
1244 3866 1547 3924 scrutandis
1567 3868 1743 3925 cordis

130 3951 363 4025 piaculis
384 3953 483 4025 pia
510 3956 779 4012 severitas.
813 3958 917 4025 Qui
942 3977 978 4014 a
1004 3959 1330 4031 correptione
1356 3966 1540 4029 cessat,
1580 3960 1743 4016 dam-

134 4045 261 4102 nari
282 4050 502 4101 metuat.
535 4045 936 4103 —Notandum
963 4047 1151 4121 itaque
1172 4057 1256 4105 est
1272 4050 1401 4122 quia
1425 4050 1580 4122 prius
1600 4050 1740 4106 fora-

136 4149 261 4190 men
291 4134 351 4189 in
409 4134 637 4206 pariete,
668 4151 732 4191 ac
757 4135 960 4193 deinde
990 4137 1195 4193 ostium
1227 4138 1494 4207 cernitur,
1526 4146 1582 4194 et
1608 4127 1743 4197 tunc

136 4219 361 4279 demum
387 4225 603 4281 occulta
628 4224 973 4283 abominatio
1000 4226 1742 4301 demoustratur,quianimi-

135 4328 257 4368 rum
287 4314 725 4388 uniuscujusque
753 4317 963 4389 peccati
1015 4319 1169 4390 prius
1196 4317 1355 4390 signa
1409 4317 1738 4388 forinsecus,

134 4401 336 4459 deinde
359 4402 533 4475 janua
578 4414 779 4479 apertae
808 4406 1122 4480 iniquitatis
1156 4407 1490 4477 ostenditur,
1524 4417 1581 4469 et
1606 4416 1741 4465 tunc

136 4490 361 4548 demum
391 4509 555 4550 omne
606 4495 814 4551 malum
843 4495 992 4568 quod
1020 4496 1170 4554 intus
1200 4498 1333 4554 latet
1359 4496 1623 4570 aperitur.
1654 4496 1739 4554 ld-

1852 3327 2103 3384 dicitur:
2136 3330 2514 3385 Etordinabis
2559 3332 2815 3387 adversus
2861 3348 2976 3387 eam
3023 3332 3366 3400 obsidionem,
3414 3341 3465 3390 et

1850 3417 2135 3488 rediﬁcabis
2160 3418 2497 3475 munitiones.
2530 3419 2714 3476 Sancti
2744 3419 2894 3476 enim
2937 3420 3323 3494 praedicatores
3351 3422 3463 3479 ob-

1852 3506 2126 3564 sidionem
2155 3507 2303 3564 circa
2332 3507 2556 3564 laterem
2585 3508 2643 3564 in
2674 3524 2784 3582 quo
2810 3509 3115 3567 Jerusalem
3143 3512 3342 3568 civitas
3369 3511 3460 3568 de-

1853 3597 2062 3669 scripta
2089 3603 2171 3653 est
2190 3596 2472 3667 ordinant,
2506 3598 2728 3671 quando
2757 3606 2989 3655 terrenas
3015 3601 3212 3670 menti,
3241 3600 3337 3657 sed
3342 3600 3460 3672 jam

1850 3703 2143 3759 supernam
2175 3688 2408 3760 patriam
2435 3688 2761 3761 requirenti,
2811 3697 3017 3763 quanta
3044 3706 3163 3747 eam
3205 3691 3262 3747 in
3292 3689 3461 3763 hujus

1851 3777 1980 3833 vita
2010 3786 2255 3850 tempore
2285 3777 2551 3833 vitiorum
2579 3777 2866 3851 impugnet
2892 3780 3197 3837 adversitas
3226 3779 3462 3836 demon-

1851 3876 2047 3925 strant.
2080 3867 2221 3925 Cum
2250 3868 2399 3924 enim
2420 3868 2858 3941 unumquodque
2880 3878 3164 3941 peccatum
3180 3870 3461 3943 quomodo

1852 3957 2024 4013 menti
2055 3956 2350 4012 insidietur
2369 3956 2702 4025 ostenditur,
2724 3958 2879 4029 quasi
2897 3959 3115 4015 obsidio
3141 3958 3289 4014 circa
3303 3959 3458 4013 Jeru-

1851 4047 2020 4102 salem
2069 4044 2352 4101 civitatem
2401 4060 2536 4100 voce
2587 4044 2961 4116 praedicatoris
2989 4045 3299 4103 ordinatur.
3352 4043 3462 4102 Sed

1853 4136 1985 4210 quia
2014 4151 2127 4191 non
2157 4135 2335 4191 solum
2377 4133 2662 4189 insinuant
2702 4134 2981 4206 quomodo
3024 4142 3264 4191 mentem
3314 4134 3464 4191 insi-

1848 4224 2061 4281 diantia
2088 4224 2226 4279 vitia
2261 4230 2600 4295 expugnent,
2641 4222 2736 4279 sed
2765 4223 2932 4279 etiam
2963 4223 3240 4297 quomodo
3268 4230 3466 4280 custo-

1849 4316 1981 4373 ditze
2010 4315 2243 4371 virtutes
2271 4314 2554 4383 roborent,
2586 4323 2731 4371 recte
2760 4313 3117 4387 subjungitur
3148 4331 3161 4370 :
3194 4316 3269 4370 Et
3297 4315 3463 4388 adiﬁ-

1849 4406 1991 4461 cabis
2006 4404 2343 4460 munitiones.
2361 4402 2701 4459 Munitiones
2720 4403 2922 4476 quippe
2938 4411 3162 4460 sanctus
3182 4402 3461 4475 praedica-

1847 4501 1935 4552 tor
1950 4491 2432 4567 aediﬁcat,quando
2448 4508 2570 4566 qua:
2586 4492 2822 4549 virtutes
2836 4493 3037 4566 quibus
3050 4493 3204 4550 vitiis
3214 4493 3464 4563 obvient,

136 4579 286 4637 circo
301 4596 432 4654 ergo
458 4584 640 4639 solent
665 4584 833 4641 etiam
864 4586 1046 4642 sancti
1072 4585 1328 4643 doctores
1358 4585 1601 4659 graviter
1637 4586 1738 4642 mi-
1763 4623 1816 4685 Β
1845 4582 2127 4639 insinuare
2154 4587 2489 4685 nonncessat.
2508 4580 2581 4681 Et
2594 4580 2724 4680 quia
2754 4579 3055 4685 virtutibus
3075 4580 3449 4685 crescentibus

139 4678 275 4726 nuta
293 4669 616 4741 discutere,‘
653 4681 716 4730 ut
740 4673 810 4730 ab
838 4675 1108 4731 extremis
1136 4674 1510 4731 exterioribus
1537 4674 1607 4731 ad
1634 4691 1740 4731 oc-
1765 4669 1814 4685 "
1847 4672 2173 4747 plerumque
2192 4671 2339 4727 bella
2362 4669 2688 4727 tentationis
2705 4678 3148 4744 augentur,recte
3169 4670 3353 4728 adhuc
3368 4669 3468 4727 ad-

139 4760 291 4816 culta
313 4761 526 4832 possint
546 4761 756 4834 majora
787 4763 1094 4836 pervenire.
1126 4764 1310 4822 Verba
1338 4780 1543 4838 asperae
1573 4764 1747 4823 incre-

140 4849 385 4921 pationis
434 4861 682 4922 movent,
730 4860 793 4910 ut
838 4853 1029 4925 spinas
1057 4855 1359 4911 mortiferas
1395 4853 1750 4928 cogitationis

142 4940 446 5009 eradicent;
475 4952 530 5000 et
558 4942 676 5001 haec
701 4960 830 5002 cum
879 4953 1072 5017 agunt,
1115 4944 1406 5003 charitatis
1440 4963 1627 5004 amore
1654 4962 1749 5003 saa-

143 5036 330 5105 viunt,
388 5052 502 5093 non
531 5035 820 5095 inﬂatione
864 5036 1126 5095 elationis
1153 5037 1551 5096 intumescunt.
1608 5037 1751 5097 Mori

143 5123 296 5181 enim
323 5123 571 5199 proipsis
592 5125 772 5199 parati
789 5134 944 5196 sunt,
975 5141 1113 5199 quos
1141 5126 1301 5200 quasi
1317 5142 1490 5201 usque
1517 5123 1586 5183 ad
1605 5142 1751 5183 mor-

223 5361 241 5398 ¹
273 5362 360 5418 Ita
381 5361 512 5447 mss.
531 5363 1016 5447 anglicquormz,
1041 5361 1749 5447 Baluz.,Colb.,-Vindoc.,

146 5431 381 5516 Tur9u.,
413 5443 517 5516 etc.
550 5431 945 5516 In'vet_.;l§dit.
977 5431 1175 5516 Paris._,
1207 5431 1360 5516 utab
1387 5431 1750 5516 extremis"?

144 5505 385 5589 toribus.
415 5508 477 5589 In
495 5506 998 5589 recent.‘Vu_lgat_is,
1031 5510 1169 5564 utab
1188 5508 1424 5589 externis
1453 5506 1747 5589 erroribus:

145 5576 496 5635 Praferenda
542 5580 670 5635 Mss.
703 5576 889 5662 lectio,
919 5576 988 5662 in
1017 5596 1126 5662 qua
1153 5581 1391 5662 {illusum
1422 5578 1644 5662 videtur
1678 5577 1755 5662 ad

145 5663 213 5792 ῗδ
237 5663 362 5723 quat
393 5658 817 5724 praecesserunt:
839 5652 1131 5707 notandum
1154 5652 1332 5725 itaque
1358 5657 1434 5708 est
1461 5652 1589 5724 quia
1594 5652 1754 5723 prius

172 5737 418 5792 oramen,
447 5732 554 5780 etc.

172 5737 418 5792 oramen,
447 5732 554 5780 etc.

218 5796 244 5832 ²
271 5795 513 5853 Vindoc.
547 5803 604 5852 et
632 5794 857 5866 Pratel.,
887 5814 941 5853 se
969 5795 1322 5867 inﬂammant.

1858 4762 2011 4819 ditur
2035 4780 2047 4818 :
2079 4764 2155 4819 Et
2180 4759 2534 4834 comportabis
2561 4777 2801 4833 aggerem
2832 4777 2853 4825 ;
2895 4767 2945 4815 et
2970 4759 3122 4816 dabis
3140 4767 3325 4817 contra
3353 4775 3469 4815 eam

1858 4857 2059 4921 castra,
2079 4858 2128 4907 et
2135 4868 2299 4923 pones
2318 4850 2509 4906 arietes
2526 4847 2582 4903 in
2598 4866 2747 4921 gyro.
2772 4850 3037 4922 Aggerem
3069 4865 3287 4923 nanque
3306 4865 3471 4906 com-

1858 4941 2295 5017 portat,quando
2324 4940 2655 5013 praedicator
2682 4940 2916 5014 quisque
2938 4942 3141 4997 molem
3171 4941 3470 4999 crescentis

1857 5029 2189 5089 tentationis
2216 5028 2446 5086 indicat.
2466 5029 2538 5084 Et
2556 5036 2749 5085 contra
2761 5028 3063 5086 Jerusalem
3090 5036 3268 5086 castra
3282 5027 3465 5100 erigit,

1860 5119 2083 5196 quando
2107 5126 2269 5177 rectas
2292 5116 2594 5176 intentioni
2626 5117 2976 5175 audientium
3011 5120 3033 5153 ‘
3062 5115 3240 5174 hostis
3276 5115 3467 5176 callidi

1859 5354 2027 5423 infra,
2055 5348 2330 5423 Jezecbiel.

1932 5430 1955 5463 δ
1986 5416 2089 5481 Hic
2119 5424 2178 5479 in
2202 5422 2423 5478 diversa
2455 5418 2662 5475 abeunt
2689 5419 2817 5476 Mss.
2842 5416 3083 5493 Longip.
3118 5419 3285 5479 habet
3318 5441 3331 5481 :
3363 5424 3471 5481 hoe

1860 5506 1960 5556 stes
1987 5494 2669 5576 callidosOcircumspectans
2696 5490 2872 5576 quasi,
2888 5490 2994 5576 etc:
3008 5490 3240 5576 ἸξιιιιοιιἸ
3256 5497 3471 5576 quando

1861 5578 2014 5627 recta:
2041 5566 2319 5645 intentioni
2347 5563 2679 5645 audientium
2706 5562 2980 5645 pagfacit,
3006 5572 3057 5645 et
3084 5562 3466 5645 quasi

1898 5639 2234 5698 rehensibiles
2260 5635 2484 5691 insidias
2500 5634 2761 5705 praedicit.
2784 5634 3155 5709 Baluz.,Colb.
3180 5645 3234 5693 et
3253 5639 3469 5709 Norm.,

1898 5660 2234 5698 renenswues
2260 5660 2484 5691 ιηδῑιιιιιδ
2500 5660 2761 5705 ιη’ωιιιειι.
2784 5660 3155 5701 οᾱιιιῑυιμυιυ.
3180 5660 3234 5693 ει
3253 5660 3469 5709 norma

1854 5660 2025 5772 {estis
2052 5711 2237 5768 callidi
2262 5710 2663 5780 circumspectas
2677 5714 2725 5762 et
2739 5708 2895 5780 quasi
2908 5708 3469 5780 incomprehensibiles,

1861 5795 1967 5847 etc.
1997 5788 2059 5843 In
2093 5790 2206 5840 vet.
2236 5779 2387 5839 Edit.
2418 5778 2593 5837 Paris.
2626 5786 2681 5836 et
2710 5779 2904 5851 Basil.,
2937 5778 3397 5851 incircumspectas
3423 5785 3472 5835 et

219 5867 242 5904 ³
273 5868 336 5933 In
358 5868 573 5928 Turon.
589 5875 648 5925 et
672 5859 960 5930 nonnullis
978 5859 1179 5947 vetust.
1200 5870 1356 5942 Mss,
1372 5865 1757 5929 Jezechicli.Ac
1861 5859 2040 5932 Quasi,
2069 5864 2178 5917 etc.
