3928 6378
453 426 560 484 355

1662 415 1914 473 SANCTI
1956 412 2300 472 GREGORII
2335 411 2564 469 MAGNI

3664 402 3776 460 356

454 549 962 610 circnmventiones
999 547 1155 620 quasi
1202 543 1789 618 incomprehensibiles
1831 541 2060 597 insidias
2089 543 2137 602 Α
2167 539 2457 595 testatione
2486 536 2796 594 denuntiat.
2831 537 2905 593 Et
2931 534 3062 610 quia
3103 533 3280 590 multa
3325 531 3508 589 adhuc
3535 530 3641 589 sub
3671 529 3779 587 hac

454 641 724 714 praedicit.
757 641 938 712 Atque
973 637 1030 693 in
1062 652 1199 709 gyro
1241 635 1440 692 arietes
1470 633 1648 706 ponit,
1679 630 1898 704 quando
1927 639 2059 686 ten-

453 729 728 786 tationum
755 727 976 783 aculeos
1029 724 1088 781 in
1118 724 1222 779 hac
1250 723 1368 778 vita
1395 739 1494 778 nos
1538 719 1783 792 undique
1812 719 2059 775 circum—

454 817 667 887 dantes,
700 825 755 875 et
784 817 1054 873 virtutum
1093 830 1312 870 murum
1347 811 1685 884 perforantes
1740 809 2056 866 innotescit.

531 946 617 1002 10.
654 944 784 1013 Quis
813 949 860 999 et
879 948 1112 1014 quantus
1141 943 1286 997 zelus
1319 939 1392 995 ad
1419 939 1476 994 id
1513 937 1932 993 necessarius.—
1955 935 2060 993 Ubi

457 1033 598 1089 bene
627 1033 880 1089 additur:
919 1034 995 1088 Et
1023 1038 1078 1085 tu
1102 1047 1246 1084 sume
1276 1029 1368 1084 tibi
1396 1028 1718 1099 sartaginem
1737 1027 1990 1098 ferream,
2016 1031 2064 1080 et

458 1137 620 1194 pones
646 1139 760 1178 eam
782 1137 996 1177 murum
1025 1119 1260 1190 ferreum
1288 1118 1428 1173 inter
1457 1123 1502 1172 te
1529 1123 1575 1172 et
1620 1117 1758 1172 inter
1802 1116 2064 1171 civitatem

463 1213 680 1288 (Ezech.
714 1229 794 1281 IV,
823 1210 902 1283 3).
945 1209 1046 1266 Per
1074 1208 1402 1280 sartaginem
1430 1222 1668 1280 namque
1706 1206 1940 1274 frixnra,
1969 1220 2066 1276 per

462 1310 670 1367 ferrum
690 1322 822 1363 vero
842 1303 1112 1361 fortitudo
1134 1301 1463 1358 ostenditur.
1497 1299 1639 1370 Quid
1655 1306 1835 1355 autem
1858 1298 1935 1353 ita
1956 1313 2066 1352 ma-

467 1398 625 1472 gistri
655 1405 818 1470 atque
847 1393 1092 1451 doctoris
1120 1401 1358 1448 mentem
1385 1407 1547 1464 quam
1571 1390 1720 1446 zelus
1735 1387 2066 1446 Dominifri-

467 1487 546 1560 git
575 1494 630 1543 et
659 1484 970 1542 excruciat?
989 1483 1141 1540 Unde
1170 1491 1224 1538 et
1254 1481 1455 1536 Paulus
1484 1479 1650 1552 hujus
1680 1477 2066 1549 sartaginisin-

466 1574 804 1633 cendebatur
828 1573 1066 1643 frixura,
1085 1588 1210 1628 cum
1241 1570 1447 1626 diceret
1473 1587 1484 1626 :
1521 1571 1650 1637 Quis
1671 1569 2002 1640 inﬁrmatur,
2024 1573 2072 1621 et

463 1682 554 1736 ego
582 1681 688 1718 non
717 1664 1012 1734 inﬁrmor?
1042 1668 1090 1716 et
1132 1661 1252 1732 quis
1303 1659 1726 1726 scandalizatur,
1758 1664 1806 1713 et
1831 1675 1918 1728 ego
1965 1673 2071 1711 non

465 1770 606 1808 uror
624 1751 712 1822 (II
742 1752 870 1807 Cor.
888 1767 972 1817 χι,
995 1751 1096 1816 29)
1114 1752 1142 1805 ?
1165 1751 1238 1804 Et
1263 1749 1393 1821 quia
1411 1747 1662 1821 quisquis
1689 1747 1805 1802 zelo
1823 1745 1922 1802 Dei
1942 1761 2070 1802 con-

467 1849 556 1897 tra
585 1848 876 1913 peccantes
903 1838 1246 1906 accenditur,
1279 1839 1408 1894 forti
1438 1838 1495 1894 in
1527 1845 1847 1910 perpetuum
1877 1843 2073 1892 custo-

469 1933 562 1990 dia
590 1932 865 2001 munitur,
895 1948 964 1988 ne
984 1949 1053 1987 ex
1082 1933 1328 2002 neglecta
1356 1931 1768 2004 praedicationis
1787 1936 1840 1984 et
1860 1927 2077 1999 regimi-

470 2023 559 2080 uis
588 2039 719 2080 cura
747 2023 1061 2092 damnetur,
1093 2031 1236 2079 recte
1257 2021 1464 2079 dicitur
1497 2040 1508 2077 :
1544 2023 1714 2078 Panes
1741 2037 1852 2075 eam
1865 2035 2080 2073 murum

469 2111 707 2184 ferreum
745 2113 886 2168 inter
911 2118 956 2168 te
983 2118 1029 2168 et
1052 2112 1192 2167 inter
1220 2110 1481 2166 civitatem
1515 2109 1731 2180 (Ezech.
1765 2125 1844 2176 iv,
1872 2107 2078 2180 3).Sar-

471 2209 598 2274 tago
625 2202 776 2257 enim
809 2202 986 2258 ferrea
1034 2217 1230 2258 murus
1261 2199 1470 2254 ferreus
1497 2197 1642 2253 inter
1675 2196 1996 2269 prophetam
2028 2205 2083 2252 et

472 2293 754 2348 civitatem
783 2292 1031 2364 ponitur,
1055 2293 1184 2364 quia
1213 2306 1339 2347 cum
1373 2305 1522 2345 nunc
1551 2289 1749 2344 fortem
1779 2287 1955 2342 zelum
1987 2286 2082 2342 do-

472 2386 652 2436 ctores
683 2379 972 2448 exhibent,
995 2379 1251 2436 eumdem
1283 2379 1462 2434 zelum
1485 2375 1837 2448 postmodum
1863 2375 2008 2431 inter
2027 2392 2083 2432 se

473 2476 528 2524 et
555 2469 835 2526 auditores
863 2487 992 2526 suos
1021 2469 1220 2524 fortem
1252 2465 1623 2522 munitionem
1646 2471 1930 2533 tenent,ne
1950 2471 2086 2520 tunc

474 2559 544 2616 ad
574 2559 880 2614 vindictam
909 2557 1160 2613 destituti
1201 2557 1334 2624 sint,
1367 2556 1414 2611 si
1448 2571 1598 2610 nunc
1636 2554 1844 2610 fuerint
1882 2554 1940 2608 in
1967 2569 2085 2610 cor-

474 2647 727 2719 reptione
757 2645 1032 2701 dissoluti.
1064 2646 1217 2700 Hanc
1245 2643 1579 2714 sartaginem
1611 2642 1874 2716 propheta
1914 2642 2084 2715 idem,

476 2753 540 2802 ut
569 2744 715 2800 inter
741 2759 798 2799 se
827 2749 881 2798 et
924 2741 1204 2819 auditores
1231 2758 1361 2798 suos
1389 2757 1607 2797 murum
1625 2747 1884 2810 sumeret,
1903 2740 2086 2798 audie-

475 2833 594 2902 bat,
627 2849 753 2888 cum
799 2833 850 2888 ei
877 2831 1072 2888 divina
1102 2847 1214 2888 vox
1243 2830 1625 2904 praemitteret,
1661 2829 1852 2885 dicens
1889 2848 1901 2886 :
1937 2831 1996 2887 Si
2028 2836 2084 2884 tu

477 2922 883 2980 annuntiaveris
902 2922 1088 2992 impio,
1105 2929 1151 2976 et
1175 2923 1267 2976 ille
1288 2938 1390 2975 non
1409 2919 1576 2990 fuerit
1595 2937 1872 2974 conversus
1891 2921 1956 2975 ab
1978 2920 2088 2975 int-

475 3015 665 3086 pietate
693 3031 814 3082 sua,
837 3019 883 3068 et
910 3031 944 3068 a
975 3011 1062 3067 via
1082 3029 1181 3067 sua.
1205 3011 1391 3083 impia,
1420 3011 1530 3084 ipse
1555 3010 1764 3082 quidem
1789 3012 1804 3045 ¹
1832 3010 1889 3064 in
1911 3010 2087 3082 impie-

437 3110 580 3161 ‘tate
605 3121 702 3160 sua
751 3102 1030 3171 morietur,
1065 3108 1120 3156 tu
1161 3109 1336 3157 autem
1376 3102 1613 3158 animam
1662 3107 1804 3156 tuam
1854 3101 2088 3157 liberasti

475 3195 694 3266 (Ezech.
727 3210 814 3259 III,
847 3193 961 3264 19).
1012 3192 1166 3248 Hanc
1194 3191 1526 3263 sartaginem
1557 3191 1702 3248 inter
1733 3209 1790 3248 se
1817 3199 1871 3248 et
1909 3191 2088 3248 disci-

477 3284 638 3356 pulos
667 3299 890 3338 murum
905 3281 1109 3336 Paulus
1129 3288 1404 3352 posuerat,
1435 3297 1563 3337 cum
1592 3281 1827 3338 dicebat:
1846 3283 2079 3339 Mundus

479 3387 596 3426 sum
621 3389 657 3426 a
684 3369 939 3441 unguine
965 3369 1197 3423 omnium.
1219 3375 1472 3434 vestrum;
1490 3387 1592 3423 non
1624 3369 1762 3424 enim
1790 3371 2086 3444 subterfugi

482 3457 764 3530 quominus
819 3456 1196 3512 annuntiarem
1251 3473 1403 3511 omne
1455 3457 1736 3512 consilium
1789 3459 1889 3515 Dei
1941 3461 2085 3518 vobis

486 3550 628 3623 (Act.
677 3564 776 3616 xx,
825 3547 942 3620 26).
988 3548 1148 3604 Nunc
1194 3563 1324 3618 ergo
1359 3547 1610 3604 doctores
1642 3563 1861 3606 necesse
1906 3559 1988 3606 est
2025 3559 2086 3607 ut

481 3647 741 3714 appetant
769 3641 791 3675 ²
819 3638 922 3696 zeli
951 3638 1243 3696 ardoribus
1290 3638 1441 3711 frigi,
1469 3655 1538 3695 ne
1575 3650 1842 3710 cogantur
1869 3651 1991 3714 post
2019 3642 2086 3700 de

485 3739 706 3802 torpore
731 3727 1080 3800 negligentiae
1111 3727 1236 3801 igne
1269 3727 1532 3800 gehennae
1560 3729 1819 3786 cruciari.

555 3851 694 3929 [νει.
736 3855 854 3929 VL]
894 3856 981 3910 11.
1011 3857 1129 3923 Qua
1157 3854 1470 3910 discretione
1499 3856 1838 3911 exercendus.
1871 3857 1964 3912 Ea:
1989 3873 2088 3910 oc-

480 3947 619 4003 culto
648 3947 770 4001 odio
800 3964 904 4001 non
930 3945 1176 4018 prodeat.
1207 3976 1278 3987 —
1309 3945 1415 4002 Sed
1443 3945 1598 4002 aliud
1639 3953 1721 4002 est
1751 3948 1771 3982 ³
1802 3946 1949 4019 quod
1988 3946 2088 4002 in-

475 4037 640 4114 jnstis
668 4044 720 4093 et
749 4035 1007 4101 subditis,
1038 4035 1190 4092 aliud
1219 4040 1364 4100 817
1393 4035 1537 4108 quod
1564 4035 1732 4108 justis
1752 4044 1805 4093 et
1830 4053 1942 4093 non
1963 4036 2090 4093 snb-

481 4132 615 4189 ditis
643 4132 926 4189 debemus.
959 4133 1043 4190 Ad
1076 4134 1304 4190 illorum
1335 4151 1436 4190 nos
1483 4134 1885 4207 correptionem
1926 4142 2089 4208 atque

483 4220 788 4278 custodiam
811 4221 1218 4278 reddendarum
1239 4224 1518 4280 rationum
1545 4223 1704 4280 debet
1717 4224 1886 4280 timor
1899 4239 2088 4280 accen-

485 4311 633 4378 dere;
667 4313 688 4346 ‘
720 4310 791 4367 ad
821 4313 1056 4368 istorum
1088 4329 1220 4368 vero
1239 4314 1651 4370 venerationem
1686 4316 1803 4389 ipsa
1827 4315 2091 4372 conside-

483 4409 602 4457 rata
657 4400 885 4472 aequitas
930 4400 1218 4456 inclinare.
1269 4401 1374 4457 Sed
1413 4411 1727 4474 arrogantes
1773 4404 1904 4472 viri,
1962 4403 2090 4476 quia

486 4487 655 4562 hujus
682 4489 917 4545 formam
937 4489 1288 4546 discretionis
1304 4491 1582 4563 ignorant,
1607 4491 1713 4548 hoc
1726 4491 1891 4563 justis
1909 4501 1963 4548 et
1978 4509 2090 4549 non

483 4578 725 4636 subditis
751 4577 1036 4636 exhibent.
1071 4579 1218 4652 quod
1239 4595 1269 4635 a
1298 4579 1460 4637 bonis
1489 4580 1944 4654 praedicatoribus
1971 4582 2090 4640 fieri

485 4675 540 4725 et
567 4665 792 4740 injustis
821 4677 874 4724 et
896 4667 1134 4724 subditis
1164 4667 1375 4726 vident.
1409 4669 1516 4738 Qui
1545 4686 1670 4727 cum
1701 4671 1770 4727 ad
1817 4671 2089 4729 fervorem

484 4758 819 4816 invectionis
851 4757 1058 4831 injuste
1089 4759 1408 4833 prosiliunt,
1438 4758 1603 4816 etiam
1622 4776 1717 4832 per
1745 4760 1913 4817 verba
1929 4763 2093 4818 male-

483 4847 749 4906 dictionis
778 4847 1074 4906 excedunt.
1102 4849 1243 4918 Quia
1263 4849 1410 4906 enim
1440 4865 1786 4924 nequaquam
1808 4852 2092 4924 proximos

483 4939 632 4998 sicut
656 4957 712 4997 se
743 4939 1005 5012 diligunt,
1039 4937 1313 5012 proximis
1327 4947 1515 5012 optare
1532 4957 1643 4996 non
1665 4939 1924 4997 desinunt
1944 4941 2088 5015 quod

483 5028 586 5102 ipsi
622 5028 846 5086 sibimet
875 5031 896 5065 ⁵
928 5029 1150 5085 evenire
1177 5028 1596 5102 pertimescunt.
1645 5027 1800 5085 Unde
1827 5024 1957 5085 Elin
1987 5047 2090 5086 oc-

485 5119 698 5175 cultum
730 5117 922 5175 odium
956 5118 1014 5174 in
1032 5118 1477 5174 manifestatione
1500 5117 1905 5175 maledictionis
1929 5137 2087 5176 exsu-

487 5204 644 5273 dans,
675 5208 754 5263 ait
786 5226 798 5262 :
828 5209 994 5264 Pater
1021 5208 1116 5274 mi,
1142 5209 1398 5280 probetur
1425 5206 1524 5262 Job
1552 5225 1716 5278 usque
1742 5209 1813 5263 ad
1845 5209 2090 5280 ﬁnem,ne

487 5293 694 5350 desinas
722 5297 790 5351 ab
821 5298 1026 5354 homine
1067 5299 1386 5368 iniquitatis.
1435 5298 1727 5354 Hominem
1777 5297 2088 5372 iniquitatis

433 5385 441 5389 ’
490 5391 674 5454 vocat,
711 5401 872 5458 quem
892 5388 1040 5444 Dens
1061 5387 1276 5460 justum
1307 5405 1418 5461 prae
1448 5387 1706 5445 omnibus
1735 5405 1970 5462 superna
1996 5396 2092 5446 at-

502 5629 514 5643 .
561 5557 703 5643 {Sic
737 5557 1002 5642 Yindoc.,
1032 5560 1242 5633 Baluz.,
1274 5562 1461 5634 Colb.,
1491 5564 1680 5620 Norm.
1738 5565 1813 5620 At
1858 5563 2089 5635 Excusi,

502 5647 550 5686 in
577 5638 877 5686 mtauitate.

490 5647 550 5686 in
577 5649 654 5686 im
695 5647 877 5686 ιιιιαιρ.

488 5703 585 5831 bu:
619 5649 859 5762 Vqlndoc.
883 5712 936 5760 et
964 5705 1212 5776 Ebroic.,
1242 5709 1448 5781 aliique
1476 5709 1690 5778 Norm.,
1721 5707 1825 5762 zeli
1850 5705 2094 5777 feruori-

561 5819 603 5884 ἵ
622 5847 857 5923 Turon.,
889 5849 1032 5923 quod
1051 5849 1216 5921 justis
1245 5857 1291 5906 et
1320 5850 1612 5908 subditis...
1639 5851 1781 5922 quod
1805 5851 2022 5923 injustis
2047 5857 2096 5908 et

483 5935 591 5976 non
615 5921 862 5978 subditis.

2167 628 2559 686 indiscretione
2615 625 2906 698 snbjuncta
2963 633 3113 692 sunt,
3168 622 3412 679 breviter
3451 637 3514 676 ea
3560 620 3780 677 aestimo

2168 717 2614 776 transcurrenda.
2647 716 2806 772 Dicta
2829 715 2978 771 enim
3009 730 3130 786 qua:
3164 711 3430 784 gravitate
3459 718 3671 776 carent,
3696 707 3782 763 in-

2168 816 2320 867 tenta
2347 807 2693 881 expositione
2722 821 2834 861 non
2865 803 3136 874 indigent.
3169 801 3433 874 Sequitur
3465 818 3478 857 :

2624 894 2853 952 CAPUT
2882 893 2982 948 vn
3014 891 3159 965 [Rec.
3203 890 3320 963 VI].

2242 986 2414 1043 Vens.
2445 985 2533 1041 37.
2583 1014 2655 1026 —
2685 983 2788 1051 Qui
2817 982 3027 1038 addidit
3054 997 3214 1052 super
3255 983 3468 1051 peccata
3525 994 3624 1032 sua
3656 976 3787 1033 bla-

2172 1077 2481 1150 sphemiam.

2247 1165 2333 1220 12.
2365 1164 2497 1220 Elin
2523 1179 2609 1218 eos
2636 1161 2939 1230 adumbrat,
2971 1159 3065 1232 qui
3102 1175 3217 1215 cum
3240 1174 3344 1230 pro
3389 1155 3610 1211 veritate
3640 1156 3787 1227 loqui

2174 1256 2477 1322 videantur,
2508 1272 2543 1309 a
2571 1253 2790 1308 veritate
2816 1257 2940 1305 sunt
2967 1250 3150 1306 alieni.
3193 1283 3238 1290 ν·
3293 1249 3532 1304 Accusat
3569 1262 3698 1302 eum
3729 1253 3788 1302 et

2176 1366 2276 1422 pro
2322 1345 2560 1420 peccatis
2607 1344 2820 1415 ﬂagella
2849 1342 3134 1409 meruisse,
3165 1348 3218 1396 et
3247 1349 3367 1412 post
3409 1337 3622 1410 ﬂagella
3651 1354 3790 1410 pec-

2178 1456 2345 1498 casse.
2391 1439 2576 1509 Longe
2619 1452 2752 1491 vero
2794 1435 2955 1490 aliter
3007 1431 3278 1489 Dominus
3315 1429 3551 1502 judicat,
3589 1428 3684 1501 qui
3735 1437 3791 1485 et

2179 1531 2384 1585 frustra
2413 1527 2743 1599 ﬂagellatam
2778 1524 3025 1580 insinuat
3057 1521 3178 1592 (Job
3209 1537 3270 1588 ιι,
3302 1519 3384 1592 3),
3414 1528 3467 1574 et
3494 1518 3643 1574 bona
3681 1517 3790 1573 dn-

2180 1620 2348 1692 plicia
2377 1624 2498 1691 pnst
2545 1615 2758 1688 ﬂagella
2787 1611 3046 1669 retribuit
3096 1611 3217 1683 (Job
3261 1627 3400 1677 XLII,
3456 1608 3570 1678 10).
3621 1607 3792 1664 Parua

2180 1708 2330 1765 enim
2370 1707 2600 1763 debetur
2628 1705 2825 1776 culpae,
2857 1719 2968 1758 non
2991 1699 3302 1774 praemium.
3325 1699 3524 1754 Beatus
3540 1713 3669 1769 ergo
3685 1695 3788 1753 Job

2181 1797 2299 1853 sine
2342 1796 2504 1866 culpa
2541 1795 2759 1849 locutus
2805 1791 3136 1860 ostenditur,
3167 1805 3330 1864 quem
3381 1795 3504 1860 post
3546 1786 3791 1843 locutio—

2105 1905 2152 1966 B
2183 1903 2307 1942 nem
2339 1883 2565 1957 praemia
2607 1883 3037 1956 subsequuntur.
3086 1881 3216 1937 Elin
3270 1879 3475 1952 itaque,
3519 1878 3649 1951 quia
3690 1893 3790 1950 pro

2185 1973 2409 2032 Domini
2435 1971 2851 2029 defensionibus
2891 1971 3144 2045 loquens,
3192 1969 3258 2025 de
3287 1967 3448 2024 beato
3497 1966 3598 2023 Job
3635 1966 3791 2023 aliud

2187 2080 2351 2137 quam
2381 2061 2651 2118 Dominus
2670 2061 2860 2128 sentit,
2883 2060 3039 2134 quasi
3070 2060 3202 2116 dum
3233 2076 3333 2132 pro
3362 2056 3594 2114 veritate
3625 2055 3792 2114 verba

2189 2151 2540 2224 multiplicat,
2573 2167 2605 2207 a
2633 2150 2863 2206 veritate
2891 2149 3189 2206 discordat.
3232 2147 3495 2221 Sequitur
3525 2163 3537 2201 :

2786 2238 3014 2296 CAPUT
3063 2239 3208 2295 VIII.

2262 2332 2399 2388 Iern.
2431 2361 2503 2372 —-
2530 2331 2679 2386 Inter
2705 2345 2801 2384 nos
2831 2328 3042 2383 interim
3062 2327 3482 2399 constringatur,
3511 2332 3558 2383 et
3578 2333 3698 2384 tunc
3723 2326 3793 2383 ad

2181 2419 2449 2490 judicium
2473 2425 2718 2490 provocet
2744 2417 3070 2473 sermonibus
3100 2417 3212 2471 suis
3241 2417 3430 2474 Deum.

2266 2510 2350 2566 13.
2384 2511 2502 2566 Νοη
2532 2512 2703 2565 solum
2734 2510 2908 2580 inepta
2927 2509 3097 2563 dicere
3125 2509 3358 2577 student,
3391 2509 3480 2563 sed
3509 2509 3697 2564 multa.
3724 2537 3798 2553 --

2193 2602 2274 2656 Ac
2310 2599 2356 2655 si
2385 2599 2592 2656 diceret
2623 2617 2635 2654 :
2669 2599 2756 2654 Ex
2785 2605 2972 2654 nostra
2999 2596 3298 2654 assertione
3348 2607 3639 2670 cognoscat
3667 2597 3798 2671 quia

2193 2704 2539 2762 nequaquam
2582 2687 2786 2744 divinae
2831 2687 3233 2743 examinationi
3277 2686 3534 2744 suﬂiciat.
3569 2688 3640 2743 Et
3669 2686 3795 2760 quia

2193 2788 2510 2852 arrogantes
2541 2779 2648 2834 viri
2692 2796 2803 2835 non
2845 2779 3024 2834 solum
3081 2776 3305 2834 student
3361 2777 3546 2850 inepta
3591 2777 3794 2846 dicere,

2195 2869 2288 2926 sed
2325 2871 2490 2927 etiam
2519 2870 2725 2936 multa;
2759 2885 2954 2926 versus
2983 2867 3078 2941 qui
3127 2867 3400 2941 sequitur,
3429 2868 3568 2924 bene
3596 2867 3663 2925 de
3698 2867 3795 2924 illo

2194 2959 2510 3034 frequenter
2537 2959 2794 3016 infertur.

2497 3052 2726 3109 CAPUT
2767 3052 2845 3108 IX
2888 3049 3026 3125 [Vet.
3063 3055 3110 3105 et
3137 3051 3256 3108 Rec.
3308 3050 3459 3126 VII].

2267 3142 2398 3200 Car.
2437 3159 2615 3210 xxxv,
2649 3141 2823 3199 Vens.
2857 3143 2908 3200 1.
2940 3172 3014 3186 -
3050 3143 3228 3214 Igitur
3254 3141 3388 3198 Elin
3430 3140 3536 3197 haec
3580 3156 3793 3197 rursum

2109 3264 2153 3325 ο
2198 3231 2398 3286 locutus
2425 3236 2517 3286 est.

2265 3320 2350 3376 14.
2386 3319 2746 3392 Superborum
2766 3320 3021 3376 immensa
3052 3320 3361 3392 loquacitas.
3384 3351 3456 3363 —
3483 3320 3678 3378 Omnis
3703 3320 3796 3394 qui

2194 3412 2370 3468 multa
2413 3410 2679 3484 loquitur,
2732 3410 2790 3466 in
2822 3409 3102 3467 locutione
3156 3427 3256 3468 sua
3317 3427 3533 3484 semper
3560 3410 3798 3484 incipere

2193 3499 2402 3568 studet,
2431 3507 2702 3573 quatenus
2732 3499 3086 3556 inchoatione
3117 3499 3234 3573 ipsa
3265 3515 3561 3572 suspensos
3589 3499 3796 3558 audito-

2194 3607 2281 3646 res
2308 3591 2496 3659 faciat,
2525 3599 2588 3648 ut
2615 3607 2680 3648 eo
2709 3591 2972 3648 attentius
3000 3598 3236 3658 taceant,
3279 3607 3389 3664 quo
3417 3589 3572 3663 quasi
3593 3607 3797 3648 novum

2194 3679 2384 3736 audire
2399 3679 2609 3752 aliquid
2635 3687 2974 3752 exspectant.
3005 3681 3136 3736 Elin
3165 3695 3298 3736 vero
3326 3679 3433 3736 alia
3447 3679 3668 3748 finiens,
3694 3681 3800 3738 alia

2196 3769 2536 3828 incessanter
2582 3771 2892 3840 exorditur,
2937 3779 3000 3827 ut
3034 3769 3302 3826 immensa
3345 3770 3652 3844 loquacitas
3706 3789 3801 3846 per

2195 3859 2492 3931 snbjuncta
2524 3876 2739 3932 semper
2766 3859 2927 3915 initia
2956 3859 3332 3915 continuetur.
3365 3857 3629 3932 Sequitur
3662 3877 3674 3915 :

2828 3947 3056 4005 CAPUT
3078 3948 3152 4004 X.

2266 4037 2440 4096 Vsus.
2473 4037 2526 4095 2.
2558 4067 2630 4080 —-
2656 4037 2914 4108 Nunquid
2943 4053 3091 4108 aqua
3138 4037 3231 4092 tibi
3257 4037 3467 4094 videtur
3499 4043 3590 4094 tua
3611 4038 3798 4112 cogita-

2199 4129 2290 4190 tio,
2323 4133 2381 4182 ut
2399 4127 2594 4183 diceres
2621 4144 2632 4183 :
2671 4127 2878 4184 Justior
2905 4143 3022 4182 sum
3052 4128 3158 4183 Deo
3179 4128 3207 4183 i’

2270 4217 2357 4273 15.
2412 4219 2712 4274 Innocentes
2757 4233 2919 4288 quam
2946 4217 3144 4288 injuste
3187 4218 3391 4275 soleant
3415 4235 3683 4276 accusare.
3732 4249 3802 4261 —

2197 4309 2338 4378 Quia
2364 4308 2556 4366 beatus
2591 4309 2694 4366 Job
2717 4308 3008 4381 justiorem
3038 4325 3094 4366 se
3119 4311 3233 4366 Deo
3247 4325 3360 4366 non
3385 4308 3798 4380 dixerit,omnis

2199 4399 2294 4473 qui
2323 4406 2538 4455 textum
2569 4397 2815 4456 historiae
2856 4399 3008 4471 legit,
3048 4399 3317 4471 agnoscit,
3363 4399 3458 4456 sed
3498 4400 3577 4457 ait
3607 4419 3621 4457 :
3656 4402 3804 4458 Pro-

2193 4493 2363 4561 ponat
2388 4488 2684 4559 (equitatem
2711 4493 2898 4544 contra
2927 4505 3027 4554 me,
3058 4495 3106 4543 et
3127 4489 3396 4560 perveniet
3421 4489 3493 4544 ad
3517 4491 3798 4546 victoriam

2189 4575 2461 4648 judicium
2487 4595 2656 4634 meum
2689 4577 2810 4649 (Job
2833 4593 2998 4644 xxm,
3030 4577 3111 4648 7).
3145 4578 3331 4635 Vitam
3361 4595 3516 4635 suam
3534 4578 3802 4636 videlicet

2199 4685 2455 4743 pensans,
2489 4677 2544 4725 et
2593 4685 2784 4726 causas
2811 4668 3183 4743 percnssionis
3240 4669 3524 4743 ignorans,
3575 4679 3640 4727 nt
3668 4687 3810 4742 sape

2196 4757 2311 4831 jam
2336 4759 2548 4815 dictum
2575 4768 2678 4828 est,
2710 4775 2809 4831 pro
2837 4757 3121 4815 diluendis
3150 4760 3390 4832 peccatis
3417 4775 3474 4816 se
3498 4759 3737 4817 credidit
3755 4769 3810 4817 et

2200 4866 2312 4907 non
2343 4866 2443 4923 pro
2469 4848 2740 4922 augendis
2767 4848 2983 4906 meritis
3011 4849 3279 4922 ﬂagellari
3303 4868 3316 4917 ;
3349 4859 3402 4907 et
3431 4850 3641 4907 idcirco
3662 4849 3812 4923 judi-

2199 4940 2348 4997 cium
2379 4957 2541 4997 suum
2567 4939 2635 4996 ad
2655 4939 2944 4996 victoriam
2975 4939 3265 5012 pervenire
3295 4939 3537 4997 conﬁsus
3561 4950 3664 5009 est,
3681 4940 3811 5013 quia

2197 5031 2413 5104 culpam
2447 5031 2506 5087 in
2545 5047 2620 5099 se,
2654 5047 2752 5104 pro
2782 5046 2889 5102 qua
2917 5029 3197 5086 debuisset
3225 5030 3462 5102 percuti,
3497 5047 3609 5086 non
3640 5029 3811 5086 inve—

2197 5121 2300 5177 nit.
2333 5120 2488 5189 Quod
2521 5121 2746 5194 quidem
2777 5119 2845 5176 de
2876 5120 2980 5177 illo
3017 5127 3074 5176 et
3117 5121 3389 5176 Dominus
3425 5120 3494 5177 ad
3523 5119 3809 5176 diabolum

2195 5209 2368 5267 dixit:
2406 5210 2745 5268 Commovisti
2765 5227 2844 5263 me
2861 5211 3115 5264 adversus
3141 5227 3278 5277 eum,
3301 5215 3360 5264 ut
3386 5209 3667 5282 aﬂligerem
3692 5225 3812 5264 eum

2197 5299 2412 5372 frustra
2445 5301 2561 5371 (Job
2591 5318 2652 5368 ιι,
2686 5300 2769 5370 3).
2803 5299 2951 5367 Quid
2985 5317 3112 5372 ergo
3141 5299 3259 5356 haec
3288 5299 3566 5373 loquendo
3605 5315 3812 5373 pecca—

2195 5391 2300 5461 vit,
2333 5391 2430 5465 qui
2464 5391 2650 5448 verbis
2680 5391 2803 5448 istis
2832 5389 3039 5448 divinae
3068 5391 3136 5448 de
3164 5406 3220 5446 se
3249 5399 3304 5447 et
3331 5391 3560 5448 occultae
3592 5397 3810 5447 senten-

2272 5563 2294 5600 ‘
2323 5562 2587 5647 Viqdoc,
2609 5561 2810 5619 Pratel.
2843 5571 2897 5619 et
2916 5563 3163 5636 plerique
3182 5562 3397 5631 Norm.,
3430 5561 3660 5617 istorum
3683 5575 3808 5616 vero

2199 5643 2546 5691 venerationi.

2273 5708 2294 5742 ⁸
2326 5707 2508 5776 Colb.,
2564 5707 2762 5764 Pratel.
2813 5715 2866 5763 et
2908 5707 3353 5763 aliiaGnssanv.
3410 5704 3676 5777 appellati
3730 5705 3812 5762 sic

2199 5779 2425 5851 habent.
2462 5775 2593 5851 Ipse
2610 5787 2779 5835 tamet
2800 5779 3211 5851 Gnssanv.cum
3244 5775 3646 5834 recentioribus
3664 5775 3811 5834 hanc

2200 5850 2446 5924 praetulit
2471 5849 2786 5922 lectionem,
2814 5852 3050 5908 invenire
3071 5849 3460 5921 pertimescunt.
