3928 6422
158 379 260 437 357

884 370 1267 433 MORALIUM
1305 375 1441 433 LIB.
1483 375 1692 436 XXVI.
1732 407 1804 421 -—
1840 379 1913 436 IN
1945 377 2174 437 CAPUT
2212 381 2429 438 XXXV
2464 383 2529 438 B.
2568 382 2713 439 JOB.

3338 383 3445 441 358

158 504 236 560 tite
261 500 419 558 etiam
447 497 741 556 nesciendo
769 499 1093 557 consensit?
1121 501 1236 556 Aut
1262 500 1397 574 quid
1425 500 1579 558 obest
1620 501 1667 558 si
1696 518 1729 558 a
1752 517 1805 576 Α
1831 504 1964 558 mini
1990 505 2084 575 qui
2110 504 2303 559 similis
2341 505 2417 559 tui.
2446 511 2521 560 est
2545 507 2744 561 nocebit
2769 508 3009 579 impietas
3040 516 3155 576 tua,
3193 517 3245 567 et
3269 511 3443 583 ﬁlium

158 588 463 651 rectitudine
507 586 755 643 veritatis
803 588 1047 645 humano
1084 588 1298 661 judicio
1345 591 1512 647 verba
1544 600 1731 648 nostra

156 676 419 753 superﬁcie
445 683 609 732 tenus
656 676 988 749 discrepant,
1034 678 1253 751 quando
1283 680 1342 735 in
1374 679 1556 736 cordis
1587 686 1731 743 818

155 774 355 833 cardine
378 774 429 828 ei
457 775 841 846 compaginata
867 776 1203 833 concordant
1223 778 1252 833 ?
1281 779 1546 835 Humanae
1574 796 1732 835 aures

156 863 302 920 verba
344 868 528 917 nostra
567 862 701 917 talia
723 861 980 933 judicant
1009 866 1194 939 qualia
1225 866 1359 923 foris
1385 876 1582 924 sonant
1615 869 1728 940 (22,

152 970 197 1025 q.
238 952 287 1021 5,
320 968 363 1007 c.
406 951 690 1022 Humana)
717 970 730 1019 ;
764 952 955 1008 divina
984 971 1115 1009 vero
1141 954 1352 1026 judicia
1379 957 1509 1012 talia
1538 972 1601 1012 ea
1641 973 1733 1012 au-

152 1041 295 1098 diunt
320 1040 501 1114 qualia
529 1056 599 1096 ex
637 1040 854 1098 intimis
881 1044 1255 1114 proferuntur.
1290 1046 1453 1117 Apud
1481 1045 1735 1102 homines

149 1148 233 1190 cor
256 1146 323 1187 ex
349 1127 553 1198 verbis,
597 1130 742 1201 apud
774 1133 950 1189 Deum
982 1149 1114 1190 vero
1143 1134 1312 1191 verba
1338 1144 1638 1208 pensantur
1666 1154 1735 1192 ex

148 1220 313 1278 corde.
362 1220 563 1276 Beatus
610 1235 738 1292 ergo
780 1220 884 1279 Job
912 1222 1045 1279 dum
1076 1223 1183 1282 hoc
1209 1225 1287 1281 ait
1315 1226 1561 1282 exterius
1588 1226 1736 1299 quod

148 1308 361 1365 interius
389 1307 662 1365 Dominus
691 1309 858 1380 dixit,
883 1328 1047 1369 omne
1068 1314 1215 1387 quod
1245 1317 1461 1373 locutus
1481 1325 1563 1373 est
1581 1324 1735 1373 tanto

143 1397 275 1470 juste
301 1396 546 1453 exterius
574 1397 789 1468 intulit,
822 1409 1028 1474 quanto
1056 1403 1144 1475 pie
1174 1405 1243 1461 ab
1271 1405 1487 1462 interna
1514 1414 1734 1463 senten-

146 1487 216 1544 tia
239 1502 346 1544 non
376 1488 620 1545 recessit.
653 1488 921 1556 Quamvis
962 1492 1286 1566 prophetico
1315 1496 1515 1568 spiritu
1548 1495 1737 1567 reple-

146 1583 244 1644 tus,
272 1576 328 1631 in
355 1591 418 1633 eo
447 1576 599 1650 quod
626 1577 702 1633 ait
727 1594 739 1634 :
773 1579 1051 1651 Proponat
1077 1585 1372 1655 cequitatem
1405 1590 1590 1639 contra
1634 1601 1734 1651 me,

143 1674 186 1724 et
196 1669 449 1742 perveniet
460 1669 539 1725 ad
558 1670 837 1726 victoriam
850 1671 1119 1741 judicium
1132 1688 1302 1727 meum
1321 1674 1448 1743 (Job
1465 1690 1627 1740 χχιιι,
1655 1674 1733 1745 7),

145 1758 334 1815 intueri
363 1758 747 1833 Redemptoris
776 1762 948 1818 nostri
997 1764 1342 1835 praesentiam
1373 1765 1572 1837 potuit.
1617 1765 1737 1837 Ipse

144 1850 277 1905 enim
313 1850 404 1924 qui
450 1860 538 1908 est
581 1852 759 1909 virtus
799 1853 975 1910 Patris
1017 1861 1071 1909 et
1099 1854 1387 1926 sapientia,
1424 1855 1588 1911 etiam
1619 1852 1737 1924 ejus

145 1939 352 2011 tequitas
369 1957 479 1997 non
504 1941 965 2000 inconvenienter
985 1944 1273 2016 accipitur.
1301 1943 1453 1999 Unde
1469 1943 1735 2016 scriptum

144 2036 247 2084 est:
278 2029 380 2096 Qui
398 2029 581 2100 factus
609 2038 685 2087 est
705 2032 857 2087 nobis
885 2050 919 2087 a
938 2033 1048 2088 Deo
1063 2032 1342 2104 sapientia,
1367 2039 1413 2087 et
1431 2031 1670 2101 justitia,
1691 2038 1739 2087 et

145 2118 467 2190 sanctiﬁcatio
498 2121 568 2192 (Ι
597 2120 723 2177 Cor.
748 2138 787 2189 1,
820 2120 935 2193 30).
968 2121 1142 2189 Quam
1164 2121 1375 2179 scilicet
1399 2122 1736 2194 aequitatem,

146 2207 259 2280 quia
284 2209 428 2265 Deus
452 2210 671 2283 iniquis
694 2210 1013 2282 fugantibus
1040 2211 1378 2269 incarnatam
1399 2211 1738 2269 ostendendo

148 2304 320 2354 contra
345 2298 559 2370 posuit,
603 2316 698 2357 eos
730 2301 985 2373 protinus
1012 2300 1083 2357 ab
1111 2302 1403 2375 iniquitate
1432 2302 1735 2369 revocavit,

148 2396 195 2444 et
217 2386 523 2445 humanum
555 2405 727 2461 genus
755 2390 813 2445 in
840 2405 904 2446 eo
927 2389 1140 2463 judicio
1163 2392 1452 2465 antiquum
1482 2392 1737 2448 adversa-

149 2476 274 2532 rium
317 2477 475 2547 vicit,
528 2494 638 2551 quo
683 2479 997 2552 aequitatem
1042 2479 1145 2537 Dei
1193 2480 1575 2539 adversantem
1623 2479 1740 2537 suis

154 2565 424 2625 itineribus
456 2568 699 2626 invenit.
732 2568 1031 2641 Sequitur:

739 2686 968 2743 CAPUT
1010 2687 1111 2743 XI.

206 2801 365 2860 Vnus.
397 2801 452 2860 3.
485 2833 564 2844 —
591 2801 796 2859 Dixisti
816 2802 951 2857 enim
974 2819 991 2857 .·
1021 2801 1144 2857 Νοη
1163 2802 1256 2856 tibi
1276 2803 1451 2873 placet
1477 2801 1618 2872 quod
1644 2819 1742 2857 re-

153 2897 271 2946 ctum
296 2899 387 2962 est,
419 2893 506 2947 vel
539 2891 668 2961 quid
698 2889 791 2945 tibi
812 2890 1059 2961 proderit
1085 2891 1133 2945 si
1159 2907 1247 2960 ego
1270 2907 1550 2961 peccavero
1571 2890 1599 2946 7

213 2983 288 3039 16.
319 2988 433 3040 Aut
461 2981 616 3053 falsa
650 2983 960 3051 loquuntur,
1003 2987 1099 3036 aut
1124 2981 1171 3035 si
1202 2998 1350 3047 vera,
1398 2987 1455 3035 at
1482 2998 1589 3035 non
1625 2997 1741 3035 con-

149 3070 407 3129 uenientia.
442 3101 519 3112 —
550 3070 607 3126 Si
626 3079 740 3125 tota
770 3068 899 3126 libri
928 3069 1094 3125 series
1122 3069 1444 3138 attenditur,
1472 3068 1616 3124 nihil
1646 3068 1741 3124 ho-

148 3173 256 3215 rum
283 3159 475 3217 beatus
502 3158 611 3215 Job
659 3158 866 3215 dixisse
895 3166 1251 3215 monstratur.
1297 3159 1402 3215 Sed
1431 3165 1745 3229 arrogantes

146 3246 260 3317 viri,
308 3251 453 3307 sicut
500 3255 560 3303 et
602 3247 854 3319 superius
899 3246 1168 3315 diximus,
1209 3246 1410 3303 habere
1455 3245 1561 3303 hoc
1607 3263 1745 3319 pro—
1774 3264 1819 3325 ο

146 3336 311 3408 prium
340 3338 549 3404 solent,
584 3344 647 3391 ut
675 3335 808 3392 dum
836 3336 893 3390 in
914 3335 1089 3392 nimia
1108 3336 1419 3392 invectione
1443 3336 1737 3409 prodeunt,

146 3425 295 3481 etiam
332 3424 658 3482 invehendo
704 3425 1079 3491 mentiantur;
1126 3432 1179 3479 et
1211 3442 1338 3481 cum
1368 3440 1480 3480 non
1513 3432 1742 3497 possunt

143 3511 275 3584 juste
317 3513 723 3587 reprehendere
769 3530 889 3586 quae
937 3521 1088 3582 sunt,
1136 3513 1538 3586 reprehendant
1577 3530 1743 3569 men-

147 3602 320 3660 tiendo
344 3621 467 3678 qua:
498 3619 619 3659 non
649 3611 797 3659 sunt.
830 3602 1123 3675 Sequitur:

209 3691 370 3749 Vens.
405 3692 459 3749 4.
492 3723 571 3733 -
600 3693 787 3762 Itaque
813 3708 900 3762 ego
930 3691 1245 3763 respondebo
1287 3690 1613 3746 sermonibus
1644 3690 1747 3746 tuis

147 3785 189 3833 et
213 3782 390 3837 amicis
419 3782 533 3837 tuis
558 3788 738 3836 tecum.

211 3870 379 3927 Dictis
399 3869 788 3943 superioribus
804 3867 959 3940 quasi
980 3867 1126 3924 beati
1146 3868 1174 3923 J
1178 3867 1247 3924 ob
1268 3868 1567 3941 culpabilia
1583 3869 1750 3924 verba

150 3961 397 4030 narravit,
429 3970 603 4034 atque
633 3976 701 4015 ex
746 3958 825 4014 eis
853 3957 959 4013 sibi
989 3959 1274 4014 materiam
1321 3958 1580 4032 loquendi
1612 3975 1749 4031 pro—

149 4049 355 4121 posuit;
416 4050 514 4107 sed
571 4048 754 4104 verbis
796 4047 1258 4120 subsequentibus
1312 4047 1442 4103 forti
1496 4048 1751 4104 acumine

150 4135 363 4196 discutit
391 4139 499 4197 hoc
533 4137 683 4212 quod
712 4136 819 4194 sibi
840 4135 908 4192 ad
928 4135 1149 4192 dicendi
1172 4136 1459 4192 materiam
1486 4136 1753 4193 fallaciter

153 4225 325 4285 ﬁnxit.
356 4230 429 4285 Et
456 4229 633 4285 fortes
661 4225 886 4299 quidem
915 4234 1045 4281 sunt
1073 4226 1356 4281 sententiae
1377 4243 1497 4299 quae
1517 4242 1753 4299 sequun-

154 4323 256 4386 tur,
285 4316 381 4374 sed
410 4316 561 4375 beati
588 4316 691 4372 Job
713 4331 958 4388 personae
986 4332 1097 4371 non
1119 4324 1462 4387 congruunt;
1494 4324 1756 4389 tantoque

155 4417 271 4460 eum
319 4405 720 4479 increpationis
766 4402 933 4477 hujus
980 4404 1088 4459 tela
1134 4419 1247 4460 non
1290 4402 1520 4473 feriunt,
1550 4410 1757 4479 quanto

155 4501 336 4552 contra
362 4512 491 4553 eum
518 4493 726 4566 injuste
754 4493 1076 4550 mittuntur.
1110 4492 1398 4567 Sequitur:

547 4613 775 4671 CAPUT
826 4613 931 4669 x11
980 4611 1125 4686 [Rea
1184 4612 1364 4687 VIII].

221 4729 391 4789 Vsus.
432 4730 567 4788 5-7.
602 4761 667 4773 -
706 4730 918 4803 Suspice
968 4731 1174 4796 calum,
1205 4737 1253 4786 et
1295 4730 1519 4798 intuere,
1547 4734 1596 4784 et
1639 4743 1757 4783 con-

161 4822 402 4892 templare
429 4821 626 4877 lethera-
656 4820 799 4891 quod
821 4821 990 4877 altior
1016 4827 1061 4877 te
1089 4822 1178 4877 sit.
1204 4819 1262 4877 Si
1284 4818 1603 4892 peccaveris,
1632 4817 1763 4890 quid

159 4911 204 4966 ei
224 4912 460 4976 nocebis;
489 4918 539 4967 et
579 4913 626 4968 si
666 4911 1033 4982 multiplicata:
1060 4909 1267 4981 fuerint
1299 4909 1606 4981 iniquitates
1639 4913 1762 4974 tute,

160 5001 282 5070 quid
304 5001 470 5073 facies
497 5009 687 5058 contra
713 5020 828 5058 eum
844 5004 871 5059 ἵ
902 5004 1079 5059 Porro
1108 5002 1156 5057 si
1168 5000 1314 5070 juste
1334 5000 1497 5073 egeris
1521 4999 1652 5071 quid
1675 4999 1765 5055 do-

159 5090 307 5146 nabis
332 5091 401 5157 ei,
430 5098 531 5147 aut
550 5093 681 5162 quid
711 5093 773 5149 de
797 5109 962 5149 manu
991 5097 1084 5147 tua
1107 5090 1374 5161 accipiet?

231 5179 315 5236 17.
356 5180 588 5252 Vestigia
623 5182 727 5238 Dei
753 5187 878 5237 sunt
909 5187 1185 5237 creaturae.
1216 5210 1289 5222 —
1316 5176 1582 5247 Quamvis
1609 5177 1768 5233 beato

162 5265 260 5325 Job
285 5270 487 5329 scienti
524 5271 733 5345 majora
779 5289 1123 5347 nequaquam
1155 5271 1267 5329 dici
1315 5271 1426 5327 ista
1453 5268 1764 5337 debuerint,

165 5373 289 5417 vera
314 5369 506 5419 tamen
549 5372 677 5420 sunt
724 5381 847 5438 quas
873 5365 1156 5435 dicuntur,
1188 5363 1336 5438 quod
1365 5362 1624 5419 videlicet
1653 5361 1767 5416 Deo

165 5464 262 5508 nec
288 5459 515 5525 peccata
544 5461 730 5510 nostra
757 5464 1008 5525 noceant,
1041 5471 1144 5511 nec
1171 5453 1308 5510 bene
1338 5460 1491 5527 gesta
1524 5466 1769 5510 concur-

167 5551 306 5600 rant.
351 5542 513 5600 Unde
547 5544 889 5615 subsecutus,
936 5545 1229 5620 adjunxit:
1262 5544 1434 5606 Vnus.
1463 5543 1519 5603 8.
1548 5572 1620 5584 —
1648 5541 1770 5598 Ho—

237 5725 254 5761 ¹
285 5724 524 5794 Excusi,
556 5731 753 5796 quanto
776 5726 1052 5783 distamus.

234 5793 909 5869 {Recentg—quibusdam
951 5815 1006 5858 se
1044 5795 1215 5858 nobis.
1257 5796 1430 5856 Abest
1469 5811 1523 5856 se
1561 5812 1596 5855 a
1638 5793 1769 5855 Mss.

168 5864 351 5943 Colb.,
380 5864 621 5937 Pratel.;
647 5875 753 5928 etc.

1838 592 2064 648 hominis
2089 592 2367 663 adjuvabit
2386 594 2606 663 justitia
2629 600 2736 649 tua.
2769 595 2873 651 Sed
2904 597 3047 652 inter
3068 598 3186 655 haec
3206 599 3346 655 illud
3362 608 3447 654 est

1839 682 2068 738 solerter
2111 682 2461 751 intuendum,
2512 682 2659 755 quod
2707 676 2784 738 ait
2825 701 2836 738 :
2885 686 3099 755 Suspice
3142 689 3349 753 ccelum,
3400 694 3451 742 et

1840 771 2062 838 intuere,
2092 779 2139 827 et
2165 774 2514 844 contemplare
2540 773 2733 827 (ethera
2763 773 2905 842 quod
2931 774 3098 828 altior
3128 780 3172 828 te
3196 776 3283 829 sit.
3318 777 3444 831 Haec

1842 863 1987 917 enim
2019 862 2229 931 dicens,
2260 864 2525 919 nimirum
2551 863 2763 935 colligit
2793 871 2853 919 ut
2873 862 3220 920 considerare
3249 864 3446 920 debeat

1844 958 2049 1023 quanto
2078 950 2263 1007 minus
2281 953 2394 1008 Deo
2415 952 2629 1008 actione
2656 968 2754 1007 sua
2784 961 2878 1008 aut
2902 952 3079 1025 prosit
3097 960 3194 1008 aut
3223 960 3444 1020 noceat,

1843 1040 1939 1113 qui
1969 1040 2252 1097 altitudini
2272 1042 2398 1098 caeli
2426 1050 2588 1115 atque
2610 1041 2831 1098 aetheris
2858 1040 3115 1115 prodesse
3135 1042 3221 1097 vel
3250 1055 3448 1098 nocere

1844 1146 1956 1187 non
1995 1131 2184 1203 possit.
2227 1130 2493 1198 Quamvis
2538 1132 2595 1188 in
2634 1132 2773 1189 caelo
2812 1132 2900 1188 vel
2941 1131 3142 1188 aethere
3172 1131 3451 1204 possimus

1844 1237 2107 1292 supernas
2136 1230 2429 1294 potestates
2457 1224 2722 1295 accipere,
2767 1221 2978 1279 divinis
3022 1238 3239 1294 semper
3277 1219 3453 1277 obtu-

1846 1309 1993 1366 tibus
2034 1309 2386 1381 inhaerentes,
2435 1320 2497 1368 ut
2544 1328 2671 1368 cum
2711 1312 2988 1385 angelicos
3024 1312 3253 1385 spiritus
3292 1311 3452 1383 longe

1844 1399 2026 1457 adhuc
2053 1419 2085 1457 a
2111 1401 2272 1458 nobis
2301 1402 2504 1458 distare
2532 1402 2924 1476 conspicimus,
2959 1402 3064 1475 ipsi
3092 1400 3328 1458 creatori
3358 1408 3456 1456 at-

1845 1504 1953 1561 que
1990 1490 2327 1548 dominatori
2374 1491 2666 1563 spirituum
2720 1494 2736 1526 ¹
2781 1508 2942 1564 quam
2990 1492 3148 1561 longe
3181 1488 3454 1545 distamus

1846 1577 2079 1635 inferius
2107 1597 2489 1652 agnoscamus,
2535 1597 2851 1653 corpoream
2896 1589 3079 1637 tamen
3109 1577 3234 1634 cmli
3271 1576 3452 1633 aethe-

1845 1668 2030 1742 risque
2070 1670 2352 1727 materiam
2398 1670 2505 1729 hoc
2544 1671 2669 1727 loco
2699 1672 2903 1727 sentire
2946 1671 3028 1725 nil
3070 1668 3273 1725 obstat.
3309 1665 3450 1739 [Vet.

1854 1758 2033 1831 VIII.]
2065 1760 2201 1815 Nam
2232 1761 2278 1815 si
2310 1759 2608 1831 vigilanter
2634 1760 2910 1814 exteriora
2929 1757 3324 1828 conspicimus,
3356 1770 3455 1825 per

1845 1847 1965 1919 ipsa
1996 1854 2139 1911 819
2186 1849 2375 1905 eadem
2418 1850 2486 1905 ad
2534 1848 2799 1904 interiora
2830 1862 3176 1904 revocamur.
3208 1844 3457 1915 Vestigia

1846 1945 2048 2017 quippe
2105 1946 2366 2003 creatoris
2412 1946 2589 2002 nostri
2630 1954 2761 2002 sunt
2806 1944 2947 2000 mira
2992 1960 3155 2016 opera
3213 1939 3454 1996 visibilis

1845 2043 2132 2092 creatum.
2182 2037 2367 2108 Ipsum
2399 2052 2637 2108 namque
2683 2034 2864 2091 adhuc
2892 2031 3081 2089 videre
3109 2047 3221 2087 non
3252 2046 3456 2102 possu-

1847 2140 1999 2191 mus;
2056 2125 2151 2181 sed
2176 2124 2293 2196 jam
2342 2124 2411 2181 ad
2453 2124 2572 2197 ejus
2607 2125 2881 2180 visionem
2916 2121 3213 2189 tendimus,
3246 2120 3292 2175 si
3327 2135 3450 2174 eum

1846 2213 1902 2269 in
1936 2214 2024 2271 his
2055 2232 2175 2288 quae
2195 2215 2328 2271 fecit
2356 2216 2644 2271 miramur.
2676 2214 2813 2287 Ejus
2838 2230 2966 2287 ergo
2995 2212 3227 2283 vestigia
3246 2218 3453 2266 creatu-

1846 2320 1963 2360 ram
1994 2305 2255 2373 dicimus,
2300 2306 2431 2379 quia
2474 2321 2571 2378 per
2614 2304 2731 2362 haec
2768 2321 2889 2378 qua:
2927 2303 2995 2358 ab
3042 2302 3158 2374 ipso
3202 2308 3330 2357 sunt
3358 2315 3455 2355 se—

1848 2397 2067 2471 quendo
2099 2398 2244 2455 imus
2272 2398 2341 2454 ad
2371 2399 2573 2471 ipsum.
2607 2397 2762 2455 Unde
2787 2397 2990 2452 Paulus
3011 2395 3120 2450 ait:
3154 2391 3454 2451 Invisibilia

1847 2488 1963 2558 ejus
1985 2505 2085 2560 per
2125 2506 2186 2545 ea
2230 2506 2347 2559 quce
2381 2487 2527 2558 facta
2569 2494 2693 2543 sunt
2734 2488 2995 2543 intellecta
3036 2483 3453 2555 conspiciuntur,

1847 2581 2167 2650 sempiterna
2212 2594 2415 2650 quoque
2450 2578 2622 2633 uirtus
2663 2576 2775 2646 ejus
2820 2581 2868 2630 et
2907 2564 3161 2630 divinitas
3204 2571 3381 2642 (Rom.
3415 2587 3455 2639 r,

1848 2669 1966 2740 20).
2012 2668 2167 2724 Unde
2206 2678 2258 2724 et
2287 2669 2344 2723 in
2384 2667 2526 2724 libro
2555 2666 2850 2738 Sapientiae
2879 2664 3142 2735 scriptum
3183 2667 3297 2716 est:
3349 2660 3459 2715 Per

1847 2757 2265 2828 magnitudinem
2284 2757 2421 2813 enim
2450 2764 2709 2812 creaturae
2735 2762 2783 2810 et
2808 2754 3022 2826 speciem
3050 2756 3222 2823 potest
3248 2748 3459 2804 intelli-

1848 2844 2081 2914 gibiliter
2104 2852 2314 2900 creator
2337 2846 2508 2900 videri
2534 2846 2693 2915 (Sap.
2727 2861 2850 2911 xm,
2878 2843 2962 2913 5).
2991 2840 3165 2897 Menti
3193 2837 3339 2895 enim
3362 2852 3456 2891 no-

1851 2940 1976 2989 strae
2005 2942 2227 3004 peccato
2256 2950 2357 2989 suo
2385 2934 2629 2989 exterius
2650 2949 2850 3004 sparsae
2879 2930 3115 2987 necdum
3142 2930 3287 2984 Deus
3315 2927 3461 2985 sicut

1851 3031 1933 3078 est
1960 3022 2194 3078 interius
2224 3022 2554 3088 innotescit;
2588 3020 2683 3077 sed
2721 3020 2853 3076 dum
2880 3019 3107 3074 facturae
3141 3033 3253 3072 sua:
3287 3015 3459 3071 decus

1851 3112 1987 3167 foris
2016 3112 2292 3185 proponit,
2326 3111 2482 3185 quasi
2510 3109 2837 3183 quibusdam
2872 3109 2893 3143 ²
2928 3106 3087 3163 nobis
3116 3105 3344 3161 nutibus
3376 3104 3458 3159 in-
3488 3121 3494 3127 ε

1854 3201 1996 3270 nuit,
2040 3211 2092 3258 et
2121 3217 2241 3274 quae
2270 3201 2420 3257 intus
2449 3216 2741 3273 sequamur
2769 3196 3028 3265 ostendit,
3061 3212 3124 3252 ac
3154 3195 3295 3250 miro
3324 3210 3454 3249 mo-

1848 3290 1919 3347 do
1948 3291 2083 3363 ipsis
2114 3291 2307 3346 formis
2334 3288 2702 3345 exterioribus
2731 3305 2830 3344 nos
2859 3286 2926 3343 ad
2961 3286 3228 3343 interiora
3268 3283 3464 3357 perdu-

1849 3382 1925 3440 cit
1957 3399 1971 3449 ;
2006 3380 2190 3436 innuit
2218 3379 2486 3435 immensa
2505 3377 2874 3434 admiratione
2893 3377 3041 3451 quod
3057 3384 3158 3445 est,
3178 3377 3317 3431 mira
3337 3375 3459 3431 haec

1851 3470 2096 3527 exterius
2124 3468 2465 3527 ostendendo
2494 3484 2615 3542 quas
2644 3484 2757 3524 non
2785 3476 2888 3524 est.
2923 3467 3066 3526 Hinc
3096 3466 3243 3522 enim
3274 3465 3341 3521 de
3367 3480 3456 3519 sa-

1852 3560 2061 3632 pientia
2088 3558 2354 3631 scriptum
2374 3567 2473 3614 est:
2506 3559 2573 3614 In
2602 3558 2701 3612 viis
2729 3556 2953 3613 ostendit
2974 3574 3026 3610 se
3053 3555 3165 3611 illis
3194 3554 3462 3635 hilariter,

1855 3656 1904 3706 et
1929 3649 2072 3704 omni
2096 3648 2436 3721 providentia
2466 3648 2699 3702 occurrit
2726 3647 2835 3702 illis
2862 3654 2881 3715 (
2897 3646 3023 3715 Sap.
3054 3662 3133 3711 vr,
3168 3643 3283 3714 17).

1928 3738 2014 3794 18.
2069 3738 2195 3797 Vitae
2240 3744 2362 3792 sunt
2398 3737 2469 3791 ad
2501 3722 2835 3792 Creatorem.
2870 3736 2976 3790 Per
3004 3731 3235 3787 visibilia
3280 3748 3315 3785 a
3354 3729 3463 3785 Deo

1856 3828 2194 3894 recessimus;
2222 3844 2322 3898 per
2362 3826 2537 3881 eadem
2574 3826 2646 3880 ad
2673 3825 2842 3880 Deum
2870 3822 3061 3877 reverti
3092 3821 3349 3876 debemus.
3394 3847 3465 3859 —

1857 3917 1977 3974 Viae
2026 3918 2228 3990 quippe
2272 3915 2339 3970 ad
2370 3914 2681 3971 Creatorem
2714 3920 2843 3968 sunt
2873 3913 2893 3946 ³
2926 3927 3091 3982 opera
3118 3908 3465 3965 considerata

1859 4014 2139 4062 creaturae.
2190 4003 2321 4068 Quae
2351 4002 2483 4057 dum
2514 4002 2660 4057 facta
2699 4000 2998 4066 cernimus,
3032 3997 3334 4069 potentiam
3372 3993 3467 4048 fa-

1860 4094 2028 4151 ctoris
2057 4092 2342 4148 miramur.
2376 4092 2439 4146 In
2471 4090 2593 4146 istis
2625 4091 2732 4145 viis
2761 4107 2791 4145 a
2820 4087 3090 4161 sapientia
3117 4084 3270 4142 omni
3301 4082 3464 4139 nobis

1861 4184 2210 4260 providentia
2237 4181 2565 4250 occurritur,
2588 4182 2718 4256 quia
2745 4178 2970 4236 factoris
2999 4177 3161 4233 nobis
3181 4176 3363 4232 virtus
3382 4174 3470 4230 in-

1864 4274 2131 4349 quirenda
2173 4272 2500 4346 proponitur
2548 4271 2605 4326 in
2634 4286 2797 4328 omne
2844 4267 2992 4341 quod
3022 4264 3353 4322 mirabiliter
3388 4264 3468 4320 fa-

1865 4372 2015 4422 ctum
2057 4363 2315 4430 videtur;
2359 4369 2413 4417 et
2442 4374 2787 4435 quocumque
2830 4376 2886 4415 se
2928 4355 3158 4413 verterit
3185 4355 3392 4422 anima,
3423 4353 3474 4409 si

1866 4453 2160 4525 vigilanter
2201 4449 2459 4519 intendit,
2494 4449 2553 4505 in
2600 4448 2795 4506 iisdem
2844 4446 2980 4520 ipsis
3007 4447 3183 4502 Deum
3230 4442 3468 4527 invenit,

1866 4560 1963 4618 per
1990 4561 2111 4618 quae
2140 4541 2399 4615 reliquit;
2432 4539 2656 4613 ejusque
2685 4537 2987 4613 potentiam
3017 4552 3087 4592 ex
3116 4549 3308 4591 eorum
3337 4549 3475 4590 rur—

1783 4623 1835 4683 D
1866 4651 1959 4692 sus
1987 4632 2425 4692 consideratione
2454 4631 2755 4704 cognoscit,
2795 4644 3033 4704 quorum
3076 4642 3262 4683 amore
3305 4623 3472 4681 dese-

1866 4726 2017 4793 ruit;
2050 4732 2105 4780 et
2131 4739 2229 4795 per
2256 4739 2375 4796 quae
2404 4736 2660 4794 perversa
2684 4718 2907 4789 cecidit,
2937 4734 3034 4791 per
3062 4716 3183 4774 haec
3210 4728 3478 4773 conversa

1867 4822 2176 4871 revocatur.
2215 4811 2322 4868 Ubi
2352 4810 2500 4867 enim
2547 4809 2686 4882 lapsi
2734 4823 2944 4876 sumus,
2986 4805 3067 4861 ibi
3099 4801 3475 4862 incumbimus

1869 4913 1932 4964 ut
1960 4921 2275 4978 surgamus;
2306 4910 2362 4959 et
2390 4901 2546 4976 quasi
2577 4900 2657 4957 ibi
2677 4897 2949 4972 surgendo
2972 4912 3197 4953 manum
3226 4889 3475 4950 conside-

1870 4992 2102 5051 rationis
2133 4995 2371 5067 ﬁgimus,
2400 4990 2496 5047 ubi
2526 4989 2662 5063 pede
2694 4988 2897 5044 amoris
2927 4985 3127 5041 lubrici
3157 4985 3485 5040 corruentes

1873 5083 2198 5157 negligendo
2234 5082 2571 5155 jacebamus.
2622 5078 2764 5147 Quia
2802 5075 2950 5132 enim
2995 5075 3062 5127 ab
3092 5067 3476 5126 invisibilibus

1874 5192 1971 5250 per
1999 5174 2245 5230 visibilia
2275 5172 2597 5238 cecidimus,
2628 5170 2859 5240 dignum
2889 5171 2972 5221 est
2998 5171 3062 5218 ut
3080 5160 3148 5216 ad
3170 5158 3483 5215 invisibilia

1882 5267 2016 5340 ipsis
2040 5281 2258 5321 rursum
2287 5261 2607 5320 visibilibus
2636 5258 2960 5322 innitamur,
2993 5260 3055 5308 ut
3075 5268 3184 5326 quo
3217 5266 3346 5308 casu
3365 5250 3480 5306 ani-

1882 5374 1973 5414 ma
1999 5355 2153 5412 venit
2181 5353 2250 5409 ad
2280 5352 2494 5421 inﬁma,
2515 5368 2579 5407 eo
2609 5349 2780 5422 gradu
2809 5351 3117 5402 revertatur
3134 5342 3205 5398 ad
3233 5356 3478 5409 summa;

1883 5458 2044 5521 atque
2088 5445 2290 5502 eisdem
2322 5442 2522 5516 quibus
2551 5440 2759 5497 corruit
2800 5436 3049 5510 passibus
3090 5440 3296 5506 surgat,
3326 5431 3481 5500 dum,

1884 5541 2028 5598 sicut
2054 5537 2265 5596 dictum
2298 5542 2400 5605 est,
2424 5534 2523 5590 illa
2549 5547 2649 5588 nos
2672 5530 2743 5587 ad
2770 5530 2946 5587 Deum
2973 5526 3113 5583 bene
3141 5521 3485 5584 considerata

1958 5719 1980 5755 ³
2003 5715 2175 5774 Iidem
2222 5710 2572 5778 recentiores,
2620 5723 2783 5779 opera
2824 5705 3155 5779 considerata
3191 5699 3486 5779 creatoris;

1886 5786 2287 5848 reluctantibus
2332 5786 2461 5842 Mss.
2529 5775 2713 5851 (30115.,
2766 5780 2996 5847 Turon.,
3047 5775 3299 5853 Ebroic.,
3352 5777 3481 5834 etc.,

1885 5876 2103 5921 necnon
2130 5866 2243 5917 vet.
2269 5856 2471 5916 Editis.
