3928 6378
469 341 574 402 359

1662 337 1913 396 SANCTI
1949 338 2287 397 GREGORII
2323 340 2551 398 MAGNI

3666 337 3776 396 360

460 475 738 534 revocant,
771 481 891 538 quas
921 482 1021 522 nos
1048 465 1197 522 abeo
1221 467 1360 523 male
1388 467 1561 524 electa
1577 465 1910 523 diviserunt.
1942 465 2073 520 Eliu
2104 476 2154 536 Α
2183 465 2520 538 prospicitur
2565 481 2726 538 paena
2771 482 2892 539 quae
2935 472 3160 532 terreat,
3207 465 3303 521 sed
3352 464 3556 522 clausis
3609 467 3792 522 oculis

461 558 666 628 itaque,
699 563 763 610 ut
799 553 914 609 vim
948 555 1410 612 considerationis
1439 555 1779 622 admoveret,
1811 562 1974 626 atque
2001 569 2072 608 ex
2179 555 2362 612 cordis
2391 571 2454 610 eo
2485 555 2670 610 anima
2699 556 3072 627 praecipitatur
3100 554 3157 609 in
3190 553 3418 621 inﬁmis,
3453 571 3563 628 quo
3594 554 3792 611 obscu-

459 644 739 716 corporeis
767 643 930 699 rebus
959 645 1272 702 ostenderet
1299 652 1507 718 quanto
1536 644 1609 700 sit
1638 643 1863 698 homine
1892 642 2071 698 excel-

459 737 573 793 sior
600 739 767 804 Deus,
799 736 937 792 bene
980 737 1208 794 intulit:
1259 738 1472 808 Suscipe
1515 737 1724 801 ccelum,
1753 741 1801 788 et
1845 734 2071 800 intuere,

459 834 510 884 et
556 828 908 899 contemplare
948 827 1144 881 «ethera
1175 827 1318 897 quod
1341 827 1509 881 altior
1540 831 1584 880 te
1622 824 1708 879 sit.
1756 823 1894 894 Ipsis
1924 823 2073 878 enim

462 916 628 983 rebus
655 915 852 972 creatis
879 924 1043 986 atque
1071 914 1351 985 corporeis
1375 914 1724 985 agnoscimus
1751 921 2019 986 quantum
2043 927 2076 967 a

461 1005 728 1061 creatoris
757 1003 931 1058 nostri
961 1001 1304 1059 sublimitate
1332 1003 1624 1070 distamus,
1647 1001 1777 1074 quia
1797 1017 1893 1073 per
1911 1015 2075 1057 omne

463 1093 609 1168 quod
639 1093 920 1150 cernimus
949 1110 1064 1150 esse
1093 1093 1334 1148 humiles
1381 1092 1765 1160 admonemur,
1815 1100 1878 1148 ut
1920 1091 2075 1164 quasi

464 1183 712 1258 quaedam
743 1183 816 1240 sit
846 1184 1046 1240 lectio'
1075 1183 1248 1239 menti
1267 1192 1468 1239 nostra
1497 1182 1706 1254 species
1733 1180 2078 1238 considerata

464 1283 748 1330 creaturae.
781 1273 940 1330 Dicat
981 1289 1147 1346 ergo:
1184 1273 1398 1344 Suscipe
1439 1273 1668 1337 cretum;
1703 1277 1751 1326 et
1780 1271 2002 1337 intuere,
2029 1275 2078 1325 et

463 1365 819 1435 contemplare
847 1364 1043 1420 (ethera
1071 1363 1213 1435 quod
1256 1363 1422 1420 altior
1453 1369 1498 1418 te
1534 1363 1621 1418 sit.
1675 1361 1733 1418 Si
1758 1360 2076 1432 peccaveris,

465 1455 595 1526 quid
622 1454 670 1510 ei
708 1453 954 1510 nocebis?
973 1460 1022 1508 et
1049 1454 1096 1508 si
1125 1453 1492 1526 multiplicata:
1531 1451 1737 1522 fuerint
1775 1451 2079 1521 iniquitates

467 1562 590 1617 tua,
635 1544 766 1616 quid
806 1543 970 1614 facies
1006 1551 1192 1600 contra
1219 1561 1334 1599 eum
1357 1545 1384 1600 ?
1432 1543 1607 1599 Porro
1636 1542 1683 1596 si
1710 1540 1854 1610 juste
1893 1539 2078 1610 egeris,

466 1635 598 1705 quid
625 1635 846 1690 donabis
870 1635 937 1703 ei,
967 1642 1064 1690 aut
1090 1635 1220 1706 quid
1249 1635 1312 1690 de
1337 1650 1500 1688 manu
1517 1639 1612 1688 tua
1638 1631 1904 1704 accipiet?
1934 1631 2015 1686 Ac
2033 1629 2080 1684 si

469 1723 679 1780 diceret
704 1742 716 1780 :
752 1724 838 1778 Ex
867 1724 1006 1795 ipsis
1041 1725 1310 1780 creaturis
1339 1723 1586 1795 intellige
1613 1738 1748 1796 quas
1776 1721 2000 1777 altiores
2029 1727 2081 1774 te

471 1829 589 1869 esse
619 1812 980 1884 corporaliter
1008 1813 1182 1882 vides,
1215 1821 1483 1887 quantum
1523 1829 1555 1869 a
1583 1813 1788 1869 divina;
1823 1808 2081 1882 potentiae

471 1901 821 1959 sublimitate
849 1901 1218 1974 disjungeris;
1249 1912 1410 1976 atque
1439 1918 1510 1958 ex
1531 1901 1634 1958 hac
1657 1909 1748 1956 tua
1772 1895 2081 1956 considera-

472 1991 628 2048 tione
657 1990 853 2062 collige
900 1992 1032 2064 quia
1056 1993 1231 2048 Deum
1264 2008 1366 2049 nec
1394 1991 1531 2047 bene
1561 1987 1802 2046 vivendo
1830 1985 2080 2058 adjuves,

469 2097 572 2137 nec
592 2097 783 2137 rursus
815 2081 978 2137 malis
1003 2081 1322 2138 actionibus
1350 2096 1561 2154 graves.

543 2171 632 2228 19.
663 2171 882 2242 Angelis
923 2170 1210 2241 inferiores
1253 2187 1456 2236 sumus,
1499 2173 1696 2239 quanto
1731 2165 1900 2237 magis
1941 2166 2082 2222 Deo!

470 2289 543 2302 —
584 2258 642 2314 Si
689 2276 842 2328 vero,
887 2260 1032 2316 sicut
1077 2259 1332 2332 superius
1377 2257 1648 2324 diximus,
1697 2254 1756 2312 in
1808 2253 1948 2310 coelo
1995 2254 2082 2309 vel

476 2347 684 2403 aethere
730 2364 994 2421 supernas
1041 2355 1339 2421 potestates
1381 2345 1704 2416 accipimus,
1747 2343 1934 2399 verbis
1965 2341 2085 2398 istis

473 2444 619 2504 820
659 2441 790 2496 Elin
829 2441 1178 2498 considerare
1222 2456 1322 2496 nos
1364 2436 1647 2504 admonet,
1694 2443 1758 2491 ut
1803 2434 1934 2508 quia
1979 2433 2084 2506 ipsi

473 2538 710 2609 angelici
765 2540 997 2610 spiritus
1044 2538 1308 2595 creatoris
1355 2535 1531 2591 nostri
1578 2534 1877 2606 potentiam
1928 2533 2085 2605 plene

472 2626 838 2696 contemplari
884 2641 996 2680 non
1041 2633 1292 2696 possunt,
1333 2624 1400 2681 de
1430 2624 1634 2696 quibus
1660 2631 1845 2678 tamen
1873 2631 2084 2679 certum

473 2720 556 2770 est
585 2713 717 2786 quia
747 2711 908 2768 nobis
935 2729 1000 2768 eo
1031 2711 1150 2785 ipso
1179 2712 1403 2769 altiores
1431 2721 1562 2769 sunt
1591 2728 1699 2785 quo
1732 2711 1869 2783 lapsi
1900 2710 1957 2766 in
1987 2710 2086 2766 in-

479 2802 628 2860 ﬁmis
656 2817 770 2858 non
797 2809 946 2869 sunt,
981 2801 1239 2858 videlicet
1268 2801 1594 2873 colligamus
1622 2809 1830 2875 quanto
1859 2803 1972 2857 Deo
2001 2801 2085 2856 in-

474 2889 703 2948 feriores
744 2892 1056 2959 existimus,
1102 2891 1198 2964 qui
1245 2891 1408 2947 etiam
1457 2891 1724 2946 creaturis
1750 2889 2085 2946 sublimibus

474 2979 569 3036 sed
600 2981 758 3052 longe
787 2979 884 3036 illo
905 2978 1263 3036 inferioribus
1283 2979 1650 3052 subjacemus.
1676 2982 1757 3036 Ac
1776 2979 1822 3035 si
1844 2979 2080 3036 diceret:

473 3069 616 3127 Vide
644 3078 908 3142 quantum
941 3086 972 3126 a
991 3067 1184 3124 divina
1204 3069 1533 3125 celsitudine
1553 3069 1844 3140 separaris,
1865 3085 1897 3124 a
1922 3067 2084 3140 cujus

471 3159 720 3231 potentia
748 3158 912 3214 etiam
938 3158 960 3194 ²
985 3167 1278 3230 potestates
1305 3158 1414 3213 illa;
1438 3157 1755 3214 humilitate
1784 3156 2082 3213 contremi-

470 3255 632 3304 scunt
660 3263 780 3320 quae
815 3255 867 3302 te
912 3247 1182 3302 immensa
1209 3245 1550 3302 sublimitate
1579 3245 1994 3314 transcendunt,
2027 3253 2081 3302 et

473 3345 684 3410 quanto
704 3337 820 3408 ipse
841 3351 1060 3392 summo
1077 3335 1310 3391 inferior
1329 3351 1404 3402 es,
1429 3335 1524 3408 qui
1543 3335 1862 3392 inferiorem
1893 3345 1944 3392 te
1965 3351 2080 3392 esse

473 3424 638 3480 etiam
670 3423 1032 3480 inferioribus
1072 3422 1460 3495 deprehendis.
1509 3426 1531 3458 ³
1568 3423 1920 3481 Ostendendo
1949 3439 2080 3481 vero

473 3527 707 3581 summa,
739 3511 954 3570 reducit
980 3511 1051 3569 ad
1077 3513 1330 3586 aequalia,
1361 3521 1524 3586 atque
1552 3514 1662 3570 ait:

1070 3599 1298 3658 CAPUT
1337 3602 1488 3658 XIII.

545 3691 718 3748 Vnus.
750 3690 806 3747 8.
849 3720 921 3732 —
952 3691 1170 3746 Homini
1202 3690 1295 3761 qui
1327 3690 1518 3746 similis
1557 3691 1636 3748 tui
1661 3698 1736 3748 est
1759 3694 1958 3750 nocebit
1983 3694 2079 3750 im-

468 3779 642 3851 pietas
667 3785 781 3848 tua,
811 3787 857 3834 et
886 3779 1059 3851 filium
1085 3780 1311 3835 hominis
1329 3780 1837 3852 adjuvabitjustitia
1858 3789 1970 3840 tua.

546 3869 634 3926 20.
679 3869 849 3924 Homo
878 3868 1080 3924 homini
1119 3886 1301 3924 nocere
1339 3877 1435 3925 aut
1455 3871 1703 3942 prodesse
1743 3879 1934 3944 potest,
1972 3889 2080 3928 non

473 3959 695 4032 angelis.
729 3960 814 4028 (l,
846 3958 1104 4030 quaesti},
1126 3977 1244 4016 can.
1265 3961 1862 4032 Homini.)—Humana
1887 3963 2078 4034 impie-

473 4055 556 4104 tas
582 4048 633 4104 ei
663 4057 842 4116 nocet,
874 4064 1036 4122 quem
1068 4049 1434 4122 pervertendo
1466 4049 1741 4123 inquinat.
1781 4052 1852 4108 Et
1890 4068 2080 4109 rursus

473 4152 597 4192 eum
628 4135 854 4208 adjuvat
880 4146 1066 4194 nostra
1088 4137 1308 4210 justitia
1337 4155 1500 4210 quem
1521 4139 1751 4210 apravis
1769 4140 2082 4198 actionibus

472 4225 748 4283 immutat.
767 4228 971 4284 Nocere
991 4227 1141 4282 enim
1163 4228 1251 4284 vel
1265 4226 1463 4298 juvare
1490 4229 1746 4285 nesciunt
1766 4246 1828 4286 ea
1849 4247 1970 4304 qua;
1991 4231 2079 4288 vel

471 4329 504 4369 a
530 4313 677 4371 bono
705 4330 1057 4386 corrumpere
1086 4315 1176 4370 vel
1205 4331 1238 4370 a
1280 4315 1428 4371 malo
1455 4325 1765 4388 permutare
1802 4335 1913 4374 non
1945 4337 2080 4392 pos-

472 4411 621 4458 sunt.
655 4402 917 4474 Supernae
963 4402 1134 4474 igitur
1163 4411 1458 4474 potestates
1502 4419 1567 4460 eo
1607 4405 1732 4463 laadi
1770 4409 1855 4464 vel
1891 4407 2078 4481 juvari

472 4498 775 4562 nequeunt,
807 4506 918 4562 quo
943 4506 1059 4547 esse
1083 4490 1197 4563 jam
1221 4491 1703 4550 incommutabiles
1729 4509 2074 4570 acceperunt.

472 4578 580 4635 Sed
609 4578 955 4635 considerare
985 4579 1104 4637 haec
1136 4591 1438 4655 nequeunt,
1468 4583 1563 4658 qui
1592 4587 1823 4644 terrenis
1851 4588 2080 4647 deside-

473 4666 575 4722 riis
607 4667 981 4740 implicantur.
1015 4669 1228 4742 Sparsis
1255 4669 1404 4727 enim
1433 4672 1568 4730 foris
1597 4676 1878 4734 mentibus
1899 4679 1968 4736 ad
1995 4696 2074 4736 se-

471 4758 732 4830 metipsas
760 4757 938 4816 redire
967 4759 1192 4818 difﬁcile
1221 4771 1324 4831 est,
1357 4761 1486 4835 quia
1515 4781 1684 4837 prava
1713 4766 1915 4824 itinera
1944 4769 1966 4804 ‘
1995 4785 2074 4825 se-

471 4848 579 4904 mel
607 4858 792 4920 captas
819 4858 973 4906 tanto
1001 4848 1403 4908 delectabiliter
1433 4860 1640 4922 tenent,
1672 4865 1879 4928 quanto
1909 4857 1966 4912 in
1995 4857 2076 4914 eis

469 4953 633 4994 omne
662 4938 810 5012 quod
845 4938 1066 4997 libuerit
1095 4941 1244 4998 licet.
1276 4941 1476 4999 Nullus
1521 4943 1723 5016 quippe
1765 4943 2074 5018 disciplinas

467 5043 664 5086 murus
706 5028 896 5087 obviat
941 5030 1039 5104 qui
1081 5030 1448 5104 constringat,
1493 5033 1648 5090 nulla
1694 5035 2078 5096 retributionis

545 5229 560 5265 ¹
590 5229 704 5297 AL,
733 5229 922 5286 mentis
947 5237 1162 5287 nostra.

542 5299 951 5390 thesauris;
998 5302 1198 5390 ξτεεςι-
1248 5317 1316 5390 ειίὶ
1354 5300 1451 5390 3.“?
1498 5300 1710 5390 1‘9"?"
1755 5305 1957 5390 (ἔφη
1994 5325 2074 5367 ³⁸·

470 5372 708 5424 sentitur
738 5382 846 5428 vet.
871 5372 975 5428 Ed.
1008 5372 1202 5443 Basil.,
1222 5379 1502 5446 potestates
1524 5372 1936 5438 illwhumiliatce
1957 5400 2074 5438 con-

470 5442 791 5492 tremiscunt-

491 5449 792 5498 remiscunt.

541 5511 564 5589 ξ
594 5513 710 5589 μ,
743 5515 1030 5589 ostendens,
1067 5525 1130 5572 ut
1157 5517 1359 5589 legitur
1386 5519 1443 5575 in
1473 5519 1630 5578 Colb.

542 5582 564 5660 ξ
594 5583 816 5660 ξζαῐθ].,
849 5582 1223 5660 ςρνηριζοαρεοεξ

539 5655 561 5736 ξ
594 5655 818 5736 Ebroic.
853 5667 904 5713 et
933 5659 1048 5727 alii,
1075 5655 1271 5732 premit
1297 5667 1346 5716 et
1366 5671 1590 5736 purgat.

541 5726 564 5762 °
592 5727 708 5796 AL,
739 5729 810 5784 ad
837 5726 1061 5787 summa.

540 5799 559 5834 ⁷
591 5799 844 5874 Plerique
873 5803 1088 5870 Norm.,
1115 5803 1221 5859 hac
1246 5805 1444 5878 itaque.

2181 653 2335 702 ratur
2375 661 2408 700 a
2445 646 2708 710 summis;
2741 653 2795 700 et
2825 651 2979 700 tanto
3007 643 3256 700 securius
3294 644 3439 698 mala
3465 645 3794 716 temporalia

2183 745 2475 811 perpetrat,
2507 745 2713 811 quanto
2744 736 2938 792 durius
2966 737 3113 792 bona
3142 743 3344 792 aeterna
3371 735 3642 808 desperat.

2257 826 2396 900 [νει.
2442 834 2492 881 et
2529 829 2648 883 Rec.
2687 825 2815 900 IX.]
2855 826 2942 881 2i.
2975 825 3112 882 Mali
3153 825 3317 880 bonos
3349 825 3633 896 premendo
3656 841 3794 896 pur-

2181 921 2327 985 gant.
2359 944 2431 955 —
2459 914 2563 970 Sed
2593 915 2696 970 ista
2725 913 3083 986 reproborum
3115 914 3363 987 nequitia
3393 914 3609 970 triturae
3639 929 3798 970 more

2183 1004 2484 1061 electorum
2515 1005 2684 1060 vitam
2718 1005 2873 1078 quasi
2895 1021 3061 1077 grana
3082 1022 3114 1061 a
3134 1005 3302 1078 paleis
3321 1021 3598 1077 separans,
3629 1006 3652 1040 ⁵
3673 1018 3796 1076 pre-

2185 1095 2288 1149 mit
2309 1102 2370 1150 ut
2395 1102 2606 1166 purget.
2632 1094 2759 1150 Mali
2781 1095 2928 1150 enim
2949 1096 3122 1151 bonos
3138 1095 3388 1166 magisab
3410 1095 3576 1167 hujus
3597 1093 3794 1150 mundi

2183 1182 2473 1240 desideriis
2493 1182 2814 1256 expediunt,
2845 1183 2977 1241 dum
2999 1185 3285 1256 afﬂigunt;
3318 1185 3448 1258 quia
3465 1183 3599 1240 dum
3619 1183 3799 1239 multa

2186 1272 2265 1328 eis
2311 1271 2405 1329 hic
2434 1273 2675 1330 violenta
2707 1275 2984 1346 ingerunt,
3035 1274 3296 1330 festinare
3341 1274 3467 1329 illos
3513 1274 3537 1310 ⁵
3579 1273 3648 1330 ad
3689 1289 3796 1329 su-

2188 1379 2356 1435 perna
2382 1364 2740 1435 compellunt.
2788 1363 2946 1431 Quod
2986 1363 3126 1419 bene
3155 1363 3222 1419 de
3257 1363 3558 1420 Israelitico
3587 1362 3796 1435 populo

2188 1461 2419 1508 vocante
2443 1453 2631 1524 Moyse
2677 1461 2732 1510 et
2758 1453 3042 1510 Pharaone
3075 1468 3199 1525 rege
3228 1452 3486 1508 saeviente
3515 1452 3794 1524 signatum

2189 1549 2270 1596 est
2303 1541 2507 1612 (Exod.
2540 1558 2623 1610 III,
2657 1543 2734 1615 7).
2769 1543 2923 1600 Tunc
2963 1558 3199 1616 namque
3228 1543 3444 1614 Moyses
3485 1540 3554 1598 ad
3595 1556 3795 1598 vocan-

2189 1630 2322 1687 dum
2354 1632 2556 1688 missus
2583 1641 2684 1699 est,
2715 1648 2842 1689 cum
2866 1630 2980 1702 jam
3011 1631 3223 1686 Pharao
3253 1630 3410 1688 duris
3436 1631 3698 1704 operibus
3725 1629 3796 1686 ad

2190 1722 2613 1793 opprimendum
2644 1722 2823 1777 fuerat
2843 1720 3135 1789 excitatus,
3167 1728 3229 1776 ut
3247 1721 3620 1777 Israelitarum
3643 1737 3792 1776 men-

2117 1831 2162 1892 Β
2190 1818 2272 1866 tes
2300 1812 2545 1884 Egypto
2574 1810 2898 1866 deformiter
2919 1810 3270 1880 inhaerentes,
3300 1812 3446 1868 alius
3471 1811 3605 1868 dum
3636 1828 3794 1869 voca-

2192 1907 2274 1955 ret
2300 1900 2458 1972 quasi
2488 1898 2752 1968 traheret,
2783 1901 2927 1956 alius
2956 1900 3108 1973 quasi
3141 1900 3449 1972 impelleret
3477 1899 3610 1956 dum
3639 1900 3793 1957 εωνί-

2190 1997 2309 2056 ret;
2343 1998 2398 2046 et
2427 1989 2581 2061 plebs
2609 1989 2668 2045 in
2697 1989 2924 2045 servitio
2953 1991 3188 2062 turpiter
3215 1990 3346 2060 ﬁxa,
3384 1991 3473 2046 vel
3503 1999 3796 2064 provocata

2191 2079 2374 2148 bonis,
2424 2079 2512 2135 vel
2548 2079 2707 2134 malis
2740 2078 2978 2150 impulsa
3023 2088 3356 2136 moveretur.
3390 2081 3506 2137 Hoc
3547 2080 3796 2153 quotidie

2192 2170 2394 2241 agitur,
2425 2167 2558 2223 dum
2601 2167 2911 2240 praedicatis
2951 2169 3268 2226 ccelestibus
3307 2169 3573 2242 praamiis,
3603 2169 3796 2226 saevire

2194 2261 2252 2314 in
2281 2261 2483 2316 electos
2512 2259 2730 2332 reprobi
2761 2259 3180 2332 permittuntur,
3217 2268 3278 2317 ut
3317 2262 3365 2317 si
3393 2261 3462 2317 ad
3493 2261 3798 2333 repromis—

2194 2351 2368 2407 sionis
2394 2359 2596 2406 terram
2628 2352 2806 2407 vocati
2841 2351 2994 2407 exire
3023 2352 3374 2424 negligimus,
3398 2352 3667 2424 pressuris
3693 2351 3794 2407 sal-

2194 2448 2303 2497 tem
2347 2440 2704 2497 saevientibus
2747 2439 3116 2513 impellamur,
3149 2449 3312 2514 atque
3355 2441 3472 2499 haec
3500 2443 3794 2514 Egyptus,

2194 2529 2456 2586 videlicet
2487 2529 2601 2584 vita
2630 2547 2886 2602 praesens,
2910 2547 3032 2603 quae
3060 2547 3160 2586 nos
3184 2532 3457 2604 oppressit
3483 2531 3792 2599 blandiens,

2194 2617 2418 2690 adjuvet
2447 2635 2728 2690 premens;
2761 2627 2815 2675 et
2845 2636 2965 2692 quae
2992 2619 3123 2676 dum
3156 2620 3316 2688 fovit,
3353 2619 3636 2676 servitutis
3661 2619 3795 2692 jngo

2193 2708 2478 2778 contrivit,
2503 2707 2773 2765 libertatis
2794 2709 2939 2765 viam
2963 2709 3095 2766 dum
3117 2711 3325 2768 cruciat
3341 2711 3610 2767 ostendat.
3629 2713 3650 2746 ⁷
3671 2711 3796 2768 Haec

2193 2801 2385 2874 utique
2439 2818 2600 2858 causa
2644 2809 2726 2858 est
2771 2802 2918 2876 quod
2967 2803 3036 2859 ab
3085 2802 3308 2876 injustis
3351 2802 3490 2876 justi
3538 2804 3796 2861 sinuntur

2193 2891 2383 2962 afﬂigi,
2433 2901 2495 2948 ut
2547 2893 2757 2949 scilicet
2802 2893 2933 2948 dum
2982 2893 3168 2949 futura
3216 2892 3451 2950 audiunt
3490 2893 3634 2949 bona
3675 2908 3793 2966 quae

2192 2981 2439 3052 cupiant,
2484 2982 2764 3053 patiantur
2803 2983 2968 3038 etiam
3019 2983 3162 3040 mala
3191 2983 3479 3056 praesentia
3512 2997 3631 3056 quae
3661 2995 3793 3054 per-

2192 3069 2532 3140 horrescant,
2564 3081 2727 3145 atque
2765 3072 2833 3128 ad
2868 3072 3171 3130 faciliorem
3203 3075 3416 3131 exitum
3466 3073 3598 3131 dum
3643 3090 3795 3130 amor

2115 3191 2158 3252 C
2191 3171 2472 3252 provocat,
2531 3161 2810 3220 cruciatus
2859 3161 3126 3235 impellat.
3182 3164 3338 3221 Unde
3391 3163 3521 3220 Elin
3576 3163 3791 3220 eosdem

2189 3251 2402 3310 labores
2449 3253 2748 3311 electorum
2798 3252 2902 3312 sub
2940 3255 3388 3328 oppressionibus
3433 3253 3786 3329 reproborum

2188 3357 2513 3416 exsequens,
2544 3344 2648 3400 ait:

2651 3431 2879 3491 CAPUT
2907 3433 3038 3492 XIV
3061 3432 3207 3508 [Rec.
3230 3431 3326 3509 λη.

2269 3524 2408 3585 821
2441 3521 2614 3579 Vsus.
2630 3522 2683 3580 9.
2709 3551 2780 3565 -—
2808 3525 3036 3596 Propter
3054 3525 3445 3582 multitudinem
3460 3525 3482 3562 ⁸
3501 3525 3787 3582 calumnia.

2191 3625 2366 3675 torum
2393 3622 2695 3678 clamabunt
2721 3629 2770 3678 et
2787 3621 3062 3693 ejulabunt
3087 3629 3304 3697 propter
3330 3624 3436 3680 vim
3465 3623 3669 3680 brachii
3697 3631 3786 3696 ty-

2188 3727 2504 3768 rannorum.

2259 3801 2349 3858 22.
2382 3802 2597 3874 Pejores
2624 3809 2748 3858 sunt
2773 3805 2866 3875 qui
2883 3806 3069 3876 pravis
3097 3807 3368 3879 exemplis,
3390 3806 3676 3863 virtutibus
3694 3824 3786 3862 nos

2187 3893 2442 3964 spoliant,
2457 3910 2613 3964 quam
2631 3895 2724 3966 qui
2742 3897 3092 3952 exterioribus
3111 3897 3788 3956 bonis.—Calumniatores

2189 3989 2334 4038 recte
2363 3982 2545 4039 dicere
2567 4000 2856 4056 possumus
2885 4002 3076 4042 omnes
3096 3988 3335 4062 iniquos,
3360 4005 3468 4044 non
3492 3989 3670 4044 solum
3693 3987 3788 4061 qni

2187 4073 2460 4129 exteriora
2489 4073 2634 4131 bona
2661 4074 2904 4147 rapiunt,
2935 4077 3029 4134 sed
3049 4081 3214 4135 etiam
3243 4079 3336 4154 qui
3361 4079 3520 4136 malis
3539 4080 3654 4135 suis
3675 4095 3785 4134 mo-

2188 4161 2363 4231 ribus,
2393 4168 2446 4220 et
2474 4164 2603 4219 vitae
2633 4165 2876 4236 reprobae
2901 4169 3155 4240 exemplo
3177 4169 3394 4226 interna
3426 4177 3613 4226 nostra
3631 4168 3788 4226 dissi-

2186 4267 2315 4325 pare
2343 4252 2705 4310 contendunt.
2755 4255 2844 4311 Illi
2890 4273 3126 4331 namque
3173 4274 3235 4314 ea
3280 4276 3402 4333 qua
3431 4258 3594 4315 nobis
3634 4266 3790 4316 extra

2186 4350 2317 4398 sunt
2345 4341 2604 4399 invadere
2644 4344 2918 4415 ambiunt,
2963 4348 3054 4404 isti
3087 4365 3216 4406 vero
3243 4366 3344 4406 nos
3373 4349 3606 4422 praedari
3634 4349 3788 4407 inte-

2186 4431 2304 4489 rius
2331 4441 2604 4506 quaerunt.
2658 4435 2746 4491 Illi
2791 4453 2976 4495 amore
3018 4455 3224 4510 rerum,
3279 4440 3372 4498 isti
3414 4456 3526 4497 non
3573 4446 3788 4498 cessant

2185 4519 2315 4577 odio
2350 4521 2544 4578 saevire
2581 4524 2874 4583 virtutum.
2919 4527 3006 4584 Illi
3038 4528 3292 4585 invident
3323 4529 3470 4602 quod
3500 4529 3784 4597 habemus,

2184 4609 2278 4666 isti
2308 4611 2454 4684 quod
2482 4613 2747 4672 vivimus.
2773 4616 2860 4672 Illi
2881 4617 3306 4692 stndentrapere
3325 4618 3470 4676 bona
3489 4619 3784 4686 exteriora,

2185 4699 2315 4772 quia
2342 4701 2594 4772 placent;
2628 4704 2721 4760 isti
2750 4713 3002 4778 satagunt
3032 4707 3296 4764 interiora
3322 4707 3467 4765 bona
3495 4707 3786 4782 dissipare,

2185 4787 2316 4862 quia
2341 4789 2655 4863 displicent.
2687 4793 2906 4863 Quanto
2936 4797 3106 4870 igitur
3135 4816 3349 4856 morum
3381 4801 3499 4857 vita
3543 4816 3575 4856 a
3603 4816 3785 4857 rerum

2185 4877 2354 4936 distat
2380 4880 2706 4953 substantia,
2737 4891 2892 4942 tanto
2920 4888 3142 4960 gravior
3183 4889 3552 4946 calumniator
3579 4897 3664 4946 est
3693 4887 3789 4963 qui

2185 4969 2327 5026 male
2352 4971 2594 5030 videndo
2623 4974 2738 5030 vim
2771 4977 2977 5034 nostris
3005 4977 3173 5034 infert
3197 4979 3463 5048 moribus,
3495 4996 3659 5054 quam
3693 4979 3789 5055 qui

2184 5060 2456 5120 violenter
2501 5065 2865 5140 opprimendo
2911 5067 3115 5126 damna
3159 5069 3362 5144 ingerit
3405 5070 3591 5129 rebus.
3632 5069 3792 5128 Nihil

2257 5244 2280 5280 ⁸
2307 5247 2371 5301 In
2401 5247 2882 5332 SIacrislitteriset
2911 5251 2968 5306 in
2987 5250 3352 5332 scriptpribus
3377 5251 3788 5332 ecclesiasticis,

2182 5332 2324 5401 saepe
2353 5319 2720 5401 calumniator
2747 5329 2848 5388 est,
2881 5338 2992 5378 non
3021 5319 3115 5396 qui
3148 5323 3344 5401 falsum
3360 5325 3584 5401 _cri_men
3609 5319 3790 5401 inten-

2182 5387 2284 5466 dit,
2318 5388 2532 5466 sed_qui
2565 5391 2702 5448 alios
2745 5387 2909 5449 vertat
2947 5402 3001 5450 et
3031 5387 3312 5466 opprimit.
3359 5396 3510 5451 Isaiae
3541 5413 3682 5462 xui,
3713 5396 3788 5453 4:

2181 5459 2357 5540 Assur
2379 5459 2572 5532 absque
2597 5465 2713 5540 ulla
2730 5483 2890 5520 causa
2910 5459 3264 5540 calumniatus
3293 5474 3367 5522 est
3384 5485 3496 5522 eum
3518 5486 3530 5533 ;
3557 5459 3672 5523 hoc
3685 5474 3790 5536 est,

2183 5535 2386 5602 injuste
2416 5535 2657 5588 vexavit.
2691 5537 2822 5592 Luc.
2857 5554 2941 5606 Ill,
2982 5539 3084 5593 Ili:
3138 5540 3405 5594 Neminem
3451 5535 3790 5602 concutiatis,

2180 5619 2344 5684 neque
2369 5605 2934 5684 calumniantfaciatis
2998 5617 3053 5684 et
3072 5612 3295 5684 contenti
3323 5618 3479 5664 estote
3507 5611 3792 5682 stipendiis

2179 5676 2386 5755 vestris.
2422 5676 2632 5756 Vtictjvr.
2669 5679 2847 5756 Illic,
2870 5681 2904 5736 Ι.
2935 5681 3494 5756 ιιγᾶηάηΡθΓεθενιιῐ.
3521 5701 3532 5736 ;
3555 5676 3789 5756 Prouin-

2179 5749 2288 5800 cias
2315 5749 2558 5821 τίφηὶςαὶ
2581 5751 2746 5804 variis
2765 5753 3044 5808 calumniis
3063 5760 3109 5806 et
3125 5753 3494 5808 indictionibus
3508 5755 3787 5821 onerabat;

2179 5831 2300 5891 pag.
2333 5817 2402 5876 22
2431 5834 2588 5877 novae
2617 5821 2767 5881 Edit.
2801 5823 2942 5883 Vide
2971 5824 3134 5881 etiam
3165 5841 3286 5898 pag.
3319 5825 3387 5882 38
3414 5835 3470 5882 et
3497 5825 3587 5882 to.
