3928 6380
110 336 206 390 3til
858 340 1230 396 MOHALIUM
1275 342 1406 396 LIB.
1454 342 1659 398 XXVI.
1701 359 1774 385 —'
1811 345 1882 400 IN
1921 346 2147 401 CAPUT
2188 348 2402 404 XXXV
2445 351 2504 404 Β.
2545 353 2686 407 .Ι()Β.

3321 355 3426 412 362

104 467 196 523 iste
225 458 292 514 de
314 468 506 516 nostra
546 464 944 519 sustentatione
973 464 1270 532 subtraxit,
1319 465 1412 522 sed
1443 467 1701 540 exempla
1731 470 1779 529 A
1811 471 1880 530 tis
1910 477 2010 536 est,
2043 486 2168 525 cum
2202 471 2257 524 in
2300 471 2463 526 corde
2493 475 2733 530 contrito
2764 478 3160 548 cogitationum
3191 489 3421 540 tentan-

100 549 254 604 nohis
284 548 622 620 perditionis
669 551 942 622 apposuit.
995 554 1075 608 Eo
1104 570 1231 626 ergo
1262 556 1573 626 graviorem
1605 574 1708 613 ca-

99 639 364 694 lumniam
389 639 604 706 intulit,
631 657 740 712 quo
769 641 1015 713 quietum
1038 660 1132 698 cor
1153 643 1209 698 in
1230 645 1533 701 tentatione
1563 662 1708 702 com-

101 728 289 782 movit.
318 728 428 795 Qui
459 729 565 784 etsi
594 745 938 802 nequaquam
961 731 1120 786 nobis
1149 733 1384 788 actionis
1413 751 1524 790 suae
1547 753 1710 805 opera

99 817 386 887 persuasit,
424 834 666 888 pugnam
716 827 898 874 tamen
929 821 1250 875 tentationis
1282 822 1527 893 ingessit.
1563 824 1710 879 Gra-

101 923 215 962 vem
253 905 429 977 igitur
457 905 526 961 de
549 906 664 962 vita
683 905 802 978 ejus
823 909 1157 966 calumniam
1187 910 1545 979 sustinemus,
1579 913 1710 984 quia

97 995 363 1050 nimirum
394 995 550 1050 intus
581 996 823 1066 patimur
851 997 998 1070 quod
1029 1015 1155 1053 cum
1179 999 1362 1056 labore
1395 1002 1702 1059 vincamus.

93 1089 158 1141 Et
187 1087 324 1160 quia
372 1085 429 1140 in
477 1085 582 1142 hoc
615 1086 822 1142 mundo
851 1086 1094 1144 abundat
1135 1090 1403 1146 malorum
1439 1093 1554 1148 vita
1585 1109 1706 1164 quae

90 1177 320 1244 cruciet,
338 1183 488 1232 recte
503 1175 712 1233 dicitur
730 1195 742 1232 :
764 1179 992 1250 Propter
1009 1181 1393 1236 multitudinem
1414 1184 1703 1239 calunmia-

92 1274 270 1321 torum
297 1267 624 1322 clamabunt.

157 1384 249 1440 23.
285 1385 404 1441 Alii
424 1385 558 1440 vitia
585 1384 830 1455 suade-nt,
855 1387 955 1442 alii
971 1385 1162 1458 jubent
1191 1393 1238 1442 et
1269 1389 1545 1460 tyrannica
1565 1389 1615 1444 vi
1635 1389 1706 1445 ad

89 1495 146 1530 ea
179 1481 395 1546 cogunt.
429 1507 500 1516 —
529 1475 669 1543 Quia
700 1493 831 1533 vero
864 1493 927 1532 ea
969 1494 1088 1552 quae
1118 1477 1302 1534 verbis
1333 1479 1562 1536 suadere
1594 1497 1704 1536 non

87 1567 279 1622 valent
303 1573 634 1640 extorquere
658 1583 1058 1640 nonnunquam
1079 1569 1243 1624 etiam
1265 1569 1543 1626 effrenatis
1573 1571 1704 1625 viri-

83 1655 188 1711 bus
211 1655 461 1724 student,
495 1664 618 1728 apte
647 1656 1003 1728 subjuugitur
1037 1676 1049 1714 :
1084 1660 1158 1714 Et
1184 1659 1461 1728 ejulabunt
1483 1666 1707 1730 propter

86 1745 193 1799 vim
218 1745 427 1800 brachii
443 1753 815 1817 tyrannorum.
842 1745 981 1820 [γει.
1005 1745 1100 1820 Χ
1121 1746 1382 1819 Quisquis
1397 1748 1544 1802 enim
1566 1750 1705 1806 male

1819 559 1957 614 tium
1989 559 2189 615 ﬂuctus
2214 559 2614 631 intumescunt,
2644 580 2772 620 cum
2803 575 2993 624 contra
3021 573 3222 629 amoris
3244 573 3423 630 sancti

1817 650 1999 706 studia
2027 667 2284 707 curarum
2315 653 2663 710 saecularium
2696 671 2752 711 se
2780 659 3051 716 tumultus
3083 662 3328 722 illidunt.
3362 667 3424 722 In

1818 738 2147 796 abscondito
2178 757 2306 813 ergo
2326 744 2670 815 tempestatis
2690 744 2934 814 auditur,
2959 749 3090 819 quia
3109 751 3318 807 clamor
3333 753 3424 810 de-

1818 829 2091 898 precantis
2120 836 2202 884 est
2250 828 2368 884 haec
2397 828 2515 902 ipsa
2545 830 2922 888 tribulationis
2952 833 3256 893 ﬂuctuatio.
3287 839 3427 906 Quia

1819 933 1950 972 vero
1997 918 2226 974 omnino
2283 935 2396 974 non
2455 918 2658 976 desunt
2711 921 2806 995 qui
2854 922 3000 979 bona
3053 929 3427 998 quzerentibus

1816 1006 2046 1062 suadere
2097 1022 2352 1079 perversa
2400 1010 2725 1081 moliantur,
2773 1029 2927 1086 aqua;
2971 1015 3427 1074 contradictionis

1816 1102 1946 1149 sunt
1977 1095 2164 1167 p0puli
2197 1097 2532 1155 resistentes.
2564 1100 2635 1154 Et
2665 1099 2795 1172 quia
2816 1109 2949 1158 tunc
2978 1103 3244 1174 probatur
3272 1104 3429 1162 desi-

1814 1182 2031 1240 derium
2068 1201 2195 1242 cum
2241 1187 2428 1260 aliqua
2469 1188 2520 1244 ei
2569 1187 2901 1247 adversitate
2950 1193 3248 1263 resistitur,
3281 1203 3427 1252 recte

1814 1271 2020 1330 dicitur
2053 1291 2064 1330 :
2099 1274 2336 1332 Probavi
2367 1277 2500 1332 lead
2527 1294 2698 1349 aquas
2719 1280 3172 1339 contradictionis.
3203 1283 3301 1339 His
3327 1283 3428 1342 ita.

1814 1378 1920 1435 que
1949 1363 2225 1421 virtutum
2272 1366 2488 1423 nisibus
2519 1367 2732 1425 robusti
2761 1386 2832 1426 ex
2879 1370 3212 1429 adversitatc
3241 1373 3422 1446 proﬁ—

1814 1452 1992 1521 ciunt,
2023 1453 2116 1510 sed
2148 1453 2359 1511 infirmi
2390 1472 2531 1529 saepe
2561 1457 2618 1513 in
2649 1457 2938 1516 desideriis
2966 1461 3102 1530 suis,
3135 1462 3180 1517 si
3211 1477 3319 1534 qua
3346 1462 3425 1517 eis

1813 1541 2042 1610 fuerint,
2075 1560 2145 1599 ex
2175 1543 2408 1602 adverso
2429 1545 2662 1619 objecta,
2687 1548 3070 1620 languescunt,
3101 1557 3154 1606 et
3179 1567 3305 1608 cum
3333 1568 3424 1608 va-

1816 1631 1927 1688 lida
1947 1633 2309 1692 tribulatione
2330 1636 2638 1708 pulsantur,
2658 1639 3118 1710 pusillanimitate
3133 1640 3420 1698 deﬁciunt.

1815 1724 1968 1779 Unde
1990 1726 2121 1780 Elin
2151 1725 2311 1782 beato
2342 1727 2445 1782 Job
2474 1729 2677 1798 probra
2705 1731 3187 1800 pusillanimitatis
3208 1733 3425 1803 impin-
3517 1741 3524 1748 '

85 1835 282 1890 vivere
315 1852 414 1890 suo
445 1815 546 1890 nos
594 1815 862 1908 exemplo~
897 1815 1202 1908 compellit,
1246 1815 1427 1894 adhuc
1457 1838 1513 1892 in
1548 1839 1706 1896 nobis
1735 1839 1780 1898 B
1815 1830 1964 1886 8⁸⁸³»
1999 1815 2294 1908 “amissis
2344 1818 2615 1908 ωειφτιιω
2662 1819 3130 1890 Oppress‘ionibus’
3163 1819 3426 1876 inﬁrmo"

89 1941 234 1981 voce
265 1925 689 1980 calumniatoris
723 1927 901 1981 utitur
933 1944 946 1992 ;
981 1926 1233 1999 quisquis
1263 1944 1394 1983 vero
1425 1938 1708 1999 peccatum

88 2013 334 2070 suadens
365 2015 532 2070 etiam
581 2022 784 2070 terrere
827 2033 928 2071 nos
975 2018 1202 2088 appet't,
1229 2015 1344 2088 jam
1389 2026 1582 2074 contra
1611 2035 1710 2074 nos

89 2105 328 2160 brachio
350 2105 664 2178 tyrannidis
694 2105 868 2161 saevit.
905 2106 1074 2161 Aliud
1103 2115 1184 2162 est
1219 2108 1370 2164 enim
1402 2108 1540 2164 vitia
1573 2125 1710 2164 sua-

89 2195 224 2250 dere
276 2194 544 2262 vivendo,
607 2194 760 2250 aliud
814 2193 1006 2266 jubere
1067 2195 1344 2252 terrendo.
1390 2198 1534 2252 Dum
1581 2214 1709 2270 ergo

91 2288 355 2360 exempla
385 2288 542 2343 malae
571 2288 805 2344 actionis
834 2288 1156 2360 aspicimus,
1178 2290 1333 2363 quasi
1364 2289 1547 2346 adhuc
1575 2298 1710 2346 stre-

89 2379 276 2450 pitum
299 2378 717 2436 calumniatoris
745 2379 1002 2435 audimus
1027 2398 1040 2446 ;
1074 2379 1207 2436 dum
1236 2396 1367 2435 vero
1397 2380 1452 2435 vi
1485 2396 1708 2453 peccare

87 2467 368 2541 cogimur,
396 2467 512 2540 jam
545 2475 845 2542 tyrannum
878 2469 935 2524 in
965 2469 1130 2526 corde
1158 2470 1521 2528 sustinemus.

157 2583 250 2642 24.
298 2586 511 2642 Eorum
572 2591 745 2641 tamen
800 2585 1071 2641 conatibus
1136 2587 1387 2642 resistunt
1428 2588 1708 2642 electorum

93 2681 302 2730 mentes.
337 2674 430 2730 Ad
455 2675 627 2731 Deum
655 2675 885 2732 eundum
921 2681 1017 2741 est,
1043 2692 1149 2730 non
1174 2677 1346 2731 solum
1370 2693 1470 2748 per
1500 2677 1706 2742 mollia,

91 2765 175 2820 sed
205 2764 370 2819 etiam
393 2781 496 2836 per
523 2782 739 2836 aspera.
769 2794 841 2805 —
868 2764 976 2820 Sed
1017 2764 1376 2820 robustorum
1408 2772 1618 2821 mentes
1648 2765 1707 2819 in

91 2857 202 2910 Deo
234 2854 607 2911 immobiliter
636 2854 761 2910 ﬁxae
790 2862 946 2910 tanto
973 2851 1098 2910 'ista
1134 2854 1469 2925 despiciunt,
1502 2861 1707 2926 quanto

89 2953 332 3001 cernunt
362 2943 514 3018 quod
534 2951 724 3000 contra
744 2951 1013 3015 praecepta
1033 2943 1338 3000 conditoris
1359 2951 1703 3000 excrescunt.

91 3034 455 3091 .‘Eteruitatis
497 3033 699 3105 quippe
743 3033 968 3104 praemia
1019 3033 1394 3105 praestolantes
1445 3033 1590 3090 vires
1637 3049 1707 3089 ex

90 3123 532 3181 adversitatibus
561 3130 808 3190 sumunt,
835 3123 963 3194 quia
993 3131 1268 3178 crescente
1299 3139 1480 3194 pugna
1510 3122 1706 3193 glorio-

91 3214 300 3269 siorem
332 3211 441 3267 sibi
463 3227 572 3266 non
595 3210 883 3282 ambigunt
907 3227 1124 3267 manere
1155 3213 1466 3268 victoriam.
1492 3211 1581 3266 Sic
1602 3210 1709 3268 ita-
1741 3208 1784 3269 Ο

95 3321 202 3378 que
223 3304 532 3358 electorum
550 3300 818 3358 desideria
841 3301 972 3356 dum
993 3310 1358 3383 praemittitur,
1377 3302 1470 3356 adx
1487 3302 1711 3358 ersitate

94 3393 419 3468 proﬁciunt,
455 3392 598 3449 sicut
627 3393 769 3464 ignis
799 3392 933 3448 ﬂatu
980 3393 1248 3464 premitur
1278 3399 1339 3448 ut
1366 3399 1574 3448 crescat
1605 3409 1619 3458 ;
1655 3399 1710 3448 et

93 3487 243 3544 unde
273 3485 432 3558 quasi
453 3483 732 3555 exstingui
757 3485 1022 3553 cernitur,
1055 3483 1181 3539 inde
1211 3483 1520 3539 roboratur.
1554 3487 1614 3542 In
1645 3500 1709 3540 eo

96 3593 337 3649 namque
369 3574 710 3630 ostendimus
741 3581 945 3646 quanta
971 3575 1038 3629 ad
1071 3574 1368 3630 Dominum
1403 3569 1708 3645 cupiditate

97 3666 417 3738 ﬂagramus,
449 3664 496 3719 si
539 3680 650 3718 non
696 3663 875 3719 solum
921 3662 990 3718 ad
1033 3680 1158 3718 eum
1204 3679 1299 3734 per
1327 3664 1626 3735 tranquilla
1655 3669 1711 3718 et

99 3756 314 3823 mollia,
349 3754 444 3810 sed
465 3755 630 3809 etiam
655 3769 750 3826 per
767 3769 959 3826 aspera
981 3760 1035 3808 et
1055 3752 1193 3808 dura
1221 3752 1544 3808 transimus.
1569 3753 1711 3808 Ilinc

99 3862 339 3919 namque
371 3843 637 3916 propheta
665 3844 742 3900 ait
775 3862 786 3899 :
825 3844 927 3911 Qui
951 3842 1172 3914 perfecit
1207 3842 1360 3913 pedes
1393 3859 1526 3896 meos
1557 3841 1712 3912 quasi

98 3936 238 3992 cervi
265 3934 451 4006 (Psal.
485 3949 626 4002 xvu,
675 3931 792 4003 34).
842 3931 1050 3988 Cervus
1096 3931 1245 3988 enim
1277 3947 1402 3987 cum
1435 3932 1708 3986 montium

94 4024 230 4096 juga
256 4021 604 4090 conscendit,
640 4023 655 4056 ί
689 4037 918 4094 quaeque
939 4020 1136 4092 aspicit
1155 4036 1364 4092 aspera,
1397 4036 1626 4094 quisque
1655 4037 1712 4077 se

101 4113 380 4184 objiciunt
409 4111 658 4167 sentibus
687 4109 914 4181 illigata,
947 4109 1076 4165 dato
1107 4110 1251 4166 saltu
1291 4109 1710 4181 transgreditur,

102 4211 151 4258 et
180 4201 393 4274 absque
423 4201 539 4256 ullo
559 4215 753 4256 cursus
781 4199 868 4254 sui
889 4199 1174 4256 obstaculo
1205 4199 1265 4254 in
1295 4199 1580 4271 superiora
1608 4200 1712 4255 ele-
1765 4213 1770 4220 ·

104 4301 285 4348 vatur.
306 4293 389 4347 Ita
408 4290 574 4346 etiam
596 4291 897 4345 electorum
919 4297 1130 4345 mentes
1151 4305 1382 4362 quaeque
1403 4288 1510 4345 sibi
1534 4289 1592 4344 in
1609 4288 1714 4347 hoc

103 4381 315 4449 mundo
359 4380 625 4437 obsistere
671 4390 833 4454 atque
875 4379 1098 4436 obviare
1146 4380 1522 4453 conspiciunt,
1571 4396 1714 4436 con-

104 4471 484 4545 templationis
512 4471 657 4526 saltu
685 4469 1103 4538 transcendunt,
1143 4479 1195 4526 et
1217 4486 1367 4526 more
1393 4486 1710 4537 cervorum,

103 4562 378 4636 despectis
406 4569 746 4618 terrenarum
778 4576 962 4616 rerum
993 4559 1264 4628 sentibus,
1296 4561 1355 4616 in
1385 4575 1618 4632 superna
1650 4575 1708 4616 se
1748 4576 1795 4636 ι)

104 4653 372 4709 evehunt.
400 4652 541 4709 Hinc
555 4669 775 4708 rursum
793 4651 930 4708 dicit
963 4667 974 4706 :
1008 4653 1082 4706 Et
1111 4651 1165 4705 in
1181 4651 1290 4706 Deo
1311 4667 1419 4705 meo
1451 4656 1713 4721 transgre-

105 4753 231 4808 diar
271 4766 489 4806 murum
546 4749 743 4821 (Ibid.,
787 4748 904 4820 30).
959 4744 1104 4802 822
1147 4749 1336 4806 Murus
1388 4747 1590 4821 quippe
1633 4753 1716 4803 est

107 4858 270 4898 omne
310 4839 458 4914 quod
489 4839 679 4896 itineri
709 4846 897 4895 nostro
940 4837 1222 4910 objicitur,
1270 4853 1338 4895 ne
1366 4831 1435 4893 ad
1463 4854 1588 4894 eum
1619 4837 1714 4912 qui

107 4931 380 5004 diligitur,
395 4937 725 4988 transeatur.
745 4929 851 4987 Sed
869 4946 1089 4985 murum
1112 4928 1565 5001 transgredimur,
1586 4943 1714 4985 cum

107 5037 220 5094 pra
250 5037 438 5077 amore
467 5037 718 5092 supernae
750 5019 958 5092 patriae,
991 5034 1221 5092 quaeque
1267 5019 1326 5074 in
1375 5017 1481 5074 hoc
1511 5015 1718 5073 mundo

109 5108 322 5166 fuerint
349 5109 563 5182 objecta
582 5111 876 5168 calcamus.
912 5108 1056 5164 Hinc
1087 5123 1182 5180 per
1201 5105 1458 5163 eumdem
1479 5105 1717 5178 Prophe-

108 5209 221 5258 tam
251 5201 489 5258 certanti
519 5199 717 5256 animae
762 5199 1035 5256 Dominus
1061 5197 1200 5254 dicit
1234 5216 1245 5254 :
1279 5196 1558 5254 Ecaudivi
1592 5203 1637 5252 te
1664 5195 1720 5252 in

106 5291 414 5350 abscondito
443 5291 780 5362 tempestatis,
805 5289 1033 5362 probavi
1063 5295 1107 5345 te
1139 5289 1211 5346 ad
1241 5305 1410 5360 aquas
1431 5287 1722 5344 contradic-

110 5384 275 5441 tionis
287 5383 473 5454 (Psal.
497 5398 671 5451 ωαχ,
687 5383 769 5455 8).
792 5381 1197 5440 Absconditum
1215 5381 1417 5455 quippe
1437 5386 1724 5454 tempesta-

188 5623 204 5660 ί
238 5619 477 5690 Turon.,
509 5619 555 5675 si
583 5636 775 5692 aspera
817 5635 1033 5690 quisque
1059 5635 1112 5674 se
1139 5615 1730 5692 objiciunlsPrateltet

109 5697 209 5753 alii
239 5689 467 5758 Norm.,
504 5689 721 5764 quisque
767 5689 1059 5764 se’aspera,
1089 5708 1307 5763 qumque
1345 5689 1618 5760 objiciunt.
1650 5691 1731 5746 Ita

113 5783 339 5841 quoque
369 5763 560 5841 Datus.
586 5763 828 5841 et_C_91b.

190 5841 213 5874 ⁵
245 5833 331 5912 Ita
369 5836 586 5902 Baluz.,
620 5833 798 5902 Colb.,
848 5833 1072 5892 Ebroic.
1118 5835 1324 5907 aliique
1350 5834 1539 5892 Norm.
1571 5834 1734 5891 Deest

465 5933 712 6017 Parnm“
755 5931 1004 5987 LXXVI.

1819 1922 1940 1961 rum
1974 1922 2105 1963 mox
2133 1906 2619 1980 pusillanimitates
2647 1909 2994 1982 exsequitur,
3025 1909 3216 1968 dicens
3251 1928 3262 1967 :

2274 2051 2504 2108 CAPUT
2533 2051 2639 2111 xv
2672 2049 2816 2125 [Rea
2850 2052 2976 2126 X1].

1891 2163 2062 2222 Vens.
2096 2164 2184 2222 10.
2220 2196 2282 2208 -
2312 2167 2388 2222 Et
2419 2184 2524 2221 non
2553 2166 2713 2236 dixit,
2765 2167 2862 2224 Ubi
2907 2173 2982 2223 est
3007 2167 3151 2224 Deus
3179 2168 3272 2241 qui
3299 2168 3426 2242 fecit

1819 2269 1898 2307 me
1928 2255 1955 2308 ?

1889 2344 1978 2400 25.
2014 2345 2117 2412 Qui
2134 2345 2414 2400 tentatione
2439 2344 2740 2418 frangitur,
2756 2348 2856 2404 Dei
2864 2349 3258 2421 providentiam
3289 2348 3428 2406 serio

1819 2451 1923 2488 non
1951 2434 2160 2504 cogitat.
2193 2465 2264 2476 —
2291 2435 2408 2490 Mos
2434 2451 2600 2491 sacrae
2630 2437 2928 2509 Scriptura:
2958 2446 3040 2495 est
3071 2447 3133 2496 ut
3163 2456 3195 2497 a
3225 2442 3429 2514 singu-

1819 2525 1920 2579 lari
1967 2541 2198 2581 numero
2241 2524 2310 2581 ad
2352 2525 2620 2598 pluralem
2668 2525 2855 2583 subito
2897 2536 3160 2599 transeat,
3205 2537 3367 2604 atque
3395 2547 3429 2588 α

1818 2613 2018 2686 plurali
2039 2631 2179 2686 saepe
2208 2630 2264 2670 se
2295 2615 2362 2670 ad
2382 2615 2716 2687 singularem
2739 2624 2938 2674 vertat.
2963 2617 3118 2676 Unde
3138 2619 3270 2676 Elin
3297 2635 3428 2676 cum

1817 2702 2059 2760 diceret:
2090 2705 2431 2770 Clamabunt,
2462 2711 2509 2759 et
2537 2704 2834 2776 ejulabunt,
2862 2723 3211 2784 nequaquam
3241 2711 3428 2768 subdi-

1817 2791 1900 2847 dit
1933 2810 1944 2848 :
1976 2795 2098 2849 Non
2128 2793 2415 2863 dixerunt,
2446 2794 2543 2850 ubi
2574 2803 2656 2851 est
2696 2797 2843 2854 Deus
2877 2815 2888 2854 :
2917 2799 3042 2856 Non
3068 2800 3211 2856 dixit
3238 2801 3329 2858 ubi
3354 2810 3430 2858 est

1816 2883 1978 2938 Deus.
2010 2882 2060 2937 A
2088 2883 2292 2953 plurali
2335 2884 2538 2955 quippe
2580 2901 2813 2943 numero
2856 2888 2913 2944 in
2943 2891 3285 2964 singularem
3320 2909 3428 2948 ve-

1816 2970 2070 3038 niens,ad
2088 2986 2373 3042 personam
2383 2970 2570 3027 subito
2583 2973 3240 3052 inﬁrminniuscujusque
3255 2989 3428 3036 trans-

1818 3059 1944 3128 ivit,
1978 3059 2209 3115 fortasse
2249 3060 2380 3133 quia
2421 3075 2452 3114 a
2495 3060 2728 3133 singulis
2771 3063 2970 3120 melius
3015 3069 3428 3139 recognoscitur

1819 3148 2089 3221 quidquid
2121 3150 2142 3184 ³
2171 3147 2281 3204 dici
2313 3147 2380 3204 de
2410 3149 2488 3206 eis
2509 3150 2863 3224 singulariter
2885 3152 3128 3224 auditur,
3153 3165 3216 3212 ut
3245 3156 3315 3213 ad
3335 3173 3431 3213 cor

1819 3257 1978 3294 suum
1996 3240 2228 3312 quisque
2245 3239 2448 3308 redeat,
2463 3248 2516 3296 et
2533 3241 2589 3296 in
2612 3244 2905 3315 semetipso
2923 3245 3028 3301 hoc
3039 3246 3185 3319 quod
3203 3247 3268 3303 de
3296 3265 3431 3304 uno-

1818 3346 2035 3402 quoque
2054 3329 2262 3385 dicitur
2281 3329 2662 3402 reprehendat.
2685 3331 3029 3404 Singularem
3053 3335 3224 3407 igitur
3243 3353 3431 3393 nume-

1817 3436 1941 3475 rum
1974 3420 2170 3488 tenuit,
2208 3419 2396 3476 diceus
2430 3437 2442 3474 :
2475 3420 2595 3475 Non
2624 3421 2784 3488 dixit,
2813 3423 2908 3478 Ubi
2927 3431 3000 3478 est
3023 3425 3161 3481 Deus
3191 3427 3283 3498 qui
3311 3428 3434 3498 fecit

1821 3525 1915 3564 me.
1947 3507 2210 3580 Quisquis
2241 3509 2389 3564 enim
2416 3509 2810 3566 adversitatum
2835 3511 3200 3572 tribulatione
3228 3517 3429 3590 frangi-

1818 3605 1910 3652 tur
1935 3614 1966 3652 a
1995 3615 2104 3670 quo
2134 3598 2312 3654 factus
2333 3605 2415 3654 est
2445 3600 2676 3656 minime
2695 3603 3140 3674 comtemplatur.
3174 3606 3310 3661 Nam
3335 3607 3433 3680 qui

1820 3687 1965 3762 quod
1994 3704 2106 3744 non
2141 3697 2255 3744 erat
2287 3689 2436 3757 fecit,
2487 3690 2694 3746 factum
2745 3691 2864 3746 sine
2894 3691 3292 3764 gubernatione
3321 3711 3432 3750 non

1821 3780 2060 3848 deserit;
2095 3789 2150 3837 et
2175 3781 2272 3854 qui
2311 3779 2547 3852 benigne
2583 3780 2865 3838 hominem
2897 3783 3172 3854 condidit,
3211 3802 3434 3858 nequa-

1821 3887 1983 3942 quam
2015 3868 2218 3941 injuste
2249 3870 2485 3926 cruciari
2516 3871 2790 3942 permittit
2820 3889 2834 3938 ;
2899 3889 3001 3930 nec
3029 3875 3162 3930 sinit
3193 3877 3433 3946 neglecte

1824 3960 1999 4030 perire
2020 3959 2168 4032 quod
2189 3966 2289 4026 est,
2313 3959 2410 4031 qui
2427 3958 2533 4014 hoc
2547 3960 2714 4015 etiam
2736 3961 2882 4032 quod
2909 3978 3020 4017 non
3037 3963 3148 4018 fuit
3177 3964 3197 3998 ³
3220 3965 3432 4019 creavit

1822 4057 1883 4105 ut
1903 4057 2062 4106 esset.
2084 4049 2220 4106 Cum
2237 4065 2366 4120 ergo
2382 4064 2600 4104 causam
2623 4047 3002 4106 tribulationis
3028 4058 3230 4106 nostrae
3253 4053 3434 4124 requi-

1821 4139 2016 4205 rimus,
2038 4145 2095 4194 et
2115 4137 2346 4193 fortasse
2369 4135 2578 4192 tardius
2595 4136 2933 4206 invenimus,
2967 4139 2989 4174 ‘
3021 4146 3104 4194 est
3123 4139 3229 4196 ista
3254 4141 3434 4196 consi-

1823 4227 2052 4295 deratio,
2097 4227 2245 4300 quod
2291 4227 2434 4283 nihil
2483 4226 2686 4300 injuste
2718 4227 3011 4299 patiamur,
3055 4229 3188 4301 quia
3223 4229 3270 4286 si
3321 4232 3437 4286 Deo

1823 4325 2045 4374 auctore
2074 4334 2267 4373 sumus
2295 4317 2391 4391 qui
2421 4333 2532 4373 non
2561 4316 2790 4384 fuimus,
2823 4318 2938 4373 Deo
2968 4326 3187 4392 regente
3218 4335 3331 4376 non
3360 4321 3436 4374 af-

1825 4407 2069 4480 ﬂigimur
2097 4404 2429 4481 injustequi
2459 4423 2672 4463 sumus.
2703 4406 2971 4480 Sequitur
3002 4426 3016 4466 :

2125 4543 2354 4601 CAPUT
2384 4543 2514 4601 XVI
2545 4542 2686 4617 [Vet.
2710 4543 2812 4612 XI,
2831 4546 2950 4604 Hec.
2975 4544 3134 4620 XII].

1893 4663 2032 4719 Iam.
2065 4693 2137 4706 —
2169 4662 2271 4719 Cui
2303 4663 2447 4720 dedit
2473 4663 2718 4720 car-mina
2754 4663 2812 4719 in
2840 4670 3004 4721 nocte.

1893 4753 1983 4811 26.
2024 4753 2102 4811 Ne
2147 4752 2444 4821 vincamur,
2486 4752 2631 4809 Deus
2681 4752 3050 4810 tribulationes
3090 4757 3444 4814 consolatione

1823 4843 2018 4900 condit.
2049 4874 2122 4886 —
2149 4842 2382 4901 Carmen
2413 4843 2472 4899 in
2501 4851 2662 4900 nocte
2690 4851 2773 4900 est
2804 4843 2999 4901 laetitia
3027 4845 3085 4901 in
3115 4847 3443 4904 tribulatio-—

1826 4951 1914 5002 ne,
1947 4935 2077 5006 quia
2105 4934 2206 4990 etsi
2237 4933 2510 5006 pressuris
2529 4933 2954 5007 temporalitatis
2994 4933 3313 5008 afﬂigimur,
3347 4951 3442 5007 spe

1823 5023 1939 5098 jam
1960 5029 2146 5079 tamen
2177 5021 2244 5078 de
2272 5023 2578 5080 teternitate
2607 5021 2927 5094 gaudemus.
2960 5023 3224 5082 Carmina
3242 5023 3444 5080 Paulus

1780 5174 1786 5186 ,
1829 5114 1889 5171 in
1921 5118 2083 5169 nocte
2111 5109 2461 5183 pradicabat,
2495 5110 2685 5168 dicens
2717 5128 2729 5166 :
2765 5113 2869 5184 Spe
2905 5112 3212 5184 gaudentes,
3242 5111 3299 5166 in
3331 5112 3445 5168 tri-

1831 5201 2099 5258 bulatione
2122 5200 2380 5272 patientes
2407 5201 2592 5273 (Rom.
2632 5217 2736 5269 XII,
2770 5201 2886 5272 i2).
2921 5199 3156 5258 Carmen
3200 5199 3258 5257 in
3287 5209 3446 5260 nocte

1830 5290 2009 5350 David
2038 5297 2364 5360 sumpserat,
2397 5289 2493 5362 qui
2522 5289 2740 5346 dicebat
2771 5307 2784 5346 :
2828 5291 2908 5348 Tu
2934 5289 3067 5346 mihi
3093 5305 3147 5346 es
3173 5289 3448 5363 refugium

1831 5399 1865 5438 a
1888 5396 2146 5454 pressura
2167 5395 2286 5452 quas
2303 5377 2649 5435 circumdedit
2661 5395 2761 5449 me,
2783 5379 3075 5437 exsultatio
3093 5396 3232 5452 mea,
3253 5379 3452 5438 redime

1838 5614 1943 5672 dici
1975 5615 2033 5671 in
2062 5613 2265 5671 Editis.

1911 5689 1932 5724 ³
1960 5688 2158 5744 Pratel.
2191 5693 2246 5742 et
2289 5685 2545 5742 nonnulli
2573 5685 2788 5754 Norm.,
2829 5687 3040 5743 curavit
3068 5692 3126 5743 ut
3150 5691 3298 5744 esset.

1915 5761 1934 5795 ⁵
1966 5760 2188 5832 Pratelv
2221 5765 2296 5832 est
2323 5758 2425 5814 ista
2444 5759 2648 5832 conpita
2669 5759 2808 5817 ratio
2830 5777 2852 5826 ;
2881 5758 3029 5832 quod
3048 5760 3213 5817 etiam
3245 5755 3448 5832 legitur

1844 5832 1906 5888 in
1937 5831 2108 5902 Utic.,
2141 5831 2328 5888 Baluz.
2361 5838 2414 5888 et
2435 5829 2593 5889 Colb.

3132 5929 3198 5983 I2

3167 5966 3196 5982 ﬂ
