3928 6378
511 297 614 354 363

1719 297 1988 355 SANCTI
2026 297 2364 358 GREGORII
2399 301 2628 360 MAGNI

3732 300 3835 360 364

513 441 588 477 me
605 440 639 478 a
659 421 1104 476 circumstantibus
1125 437 1205 476 me
1220 421 1402 493 (Psal.
1425 437 1585 490 xxxx,
1609 423 1638 478 7
1644 422 1712 492 ).'
1733 422 1874 478 Ecce
1894 429 2111 479 noctem
2140 441 2191 500 Α
2218 425 2489 498 superbiai
2508 427 2740 500 spiritus
2759 427 2940 484 elevat
2965 444 2979 494 ;
3011 440 3116 484 nec
3135 425 3432 482 deﬁuendo
3451 426 3584 484 imis
3604 426 3732 499 subj
3742 429 3836 486 ici-

511 525 816 582 prcssuram
839 509 1108 578 nominat,
1131 517 1185 566 et
1206 517 1389 567 tamen
1407 510 1756 568 liberatorem
1777 527 1938 567 suum
1969 511 2112 567 inter

507 599 784 671 angustias
818 600 1240 656 exsultationem
1290 609 1468 658 vocat.
1520 603 1676 658 Foris
1725 603 1948 675 quidem
1999 619 2112 658 nox

507 695 622 744 erat
651 688 709 744 in
739 687 1172 746 circumdatione
1203 707 1485 762 pressurae,
1514 691 1621 747 'sed
1666 692 1815 748 intus
1862 693 2114 749 carmina

507 781 656 840 823
677 784 1006 841 resonabant
1027 786 1048 819 ⁸
1068 785 1135 840 de
1155 788 1530 843 consolatione
1553 787 1779 844 laetitiae.
1799 787 1940 855 Quia
1959 787 2110 842 enim

506 873 575 930 ad
617 882 824 930 aeterna
865 872 1064 946 gaudia
1110 875 1290 931 redire
1337 892 1448 932 non
1499 893 1808 948 possumus,
1859 875 1968 931 nisi
2017 891 2115 947 per

505 963 830 1035 temporalia
857 961 1208 1032 detrimenta,
1242 971 1357 1020 tota
1393 981 1558 1022 sacrm
1589 964 1886 1038 Scripturae
1919 964 2114 1019 inten-

504 1054 584 1108 tio
605 1060 686 1108 est
709 1054 729 1088 ³
749 1059 812 1107 ut
832 1068 952 1124 spes
973 1053 1246 1109 manentis
1275 1052 1480 1108 laetitia:
1505 1069 1604 1110 nos
1632 1054 1777 1109 inter
1805 1052 1924 1110 haec
1951 1060 2115 1108 tran-

503 1143 696 1200 sitoria
733 1142 960 1199 adversa
1003 1143 1339 1200 corroboret.
1387 1143 1541 1198 Unde
1583 1151 1636 1199 et
1681 1143 1940 1200 Ezechiel
1974 1158 2113 1214 pro-

504 1233 671 1306 pheta
700 1231 908 1289 librum
939 1248 997 1288 se
1034 1232 1308 1304 accepisse
1353 1239 1605 1301 testatur,
1655 1233 1714 1288 in
1758 1249 1868 1306 quo
1898 1232 2114 1303 scriptae

503 1329 658 1378 erant
701 1323 1140 1390 lamentationes,
1185 1338 1406 1378 carmen
1449 1330 1504 1377 et
1547 1339 1630 1378 vae
1677 1321 1894 1394 (Ezech.
1933 1337 1996 1389 ιι,
2026 1321 2110 1391 9)·

502 1410 648 1480 Quid
676 1412 823 1468 enim
855 1411 998 1468 libro
1015 1411 1139 1480 hoc,
1162 1412 1271 1468 nisi
1301 1411 1494 1468 divina
1512 1412 1733 1485 eloquia
1757 1412 2066 1483 ﬁgurantur
2087 1408 2114 1464 ?

502 1501 633 1568 Quae
663 1502 793 1575 quia
820 1502 982 1560 nobis
1011 1502 1285 1575 lacrymas
1314 1503 1604 1576 luctusque
1634 1502 1986 1575 praecipiunt,
2021 1499 2113 1555 la-

502 1591 864 1648 mentationes
893 1589 952 1646 in
979 1606 1046 1646 eo
1074 1591 1290 1663 scriptae
1329 1593 1663 1650 referuntur.
1699 1591 1932 1649 Carmen
1965 1606 2114 1662 quo-

403 1721 410 1728 .
503 1697 607 1753 que
627 1688 682 1736 et
707 1697 792 1736 vm
820 1681 1128 1748 continent,
1161 1682 1294 1754 quia
1320 1682 1400 1738 sic
1428 1682 1496 1738 de
1515 1699 1610 1754 spe
1629 1681 1892 1754 gaudium
1915 1677 2110 1752 praedi-

501 1775 649 1836 cant,
669 1767 691 1803 ἰ
711 1774 774 1822 ut
788 1767 846 1822 in
867 1769 1122 1840 praesenti
1136 1775 1321 1824 tamen
1344 1786 1626 1840 pressuras
1646 1777 1808 1842 atque
1827 1767 2112 1840 angustias

505 1854 771 1913 incident.
805 1854 1036 1912 Carmen
1083 1861 1138 1910 et
1185 1872 1269 1912 vae
1315 1857 1624 1927 continent,
1675 1857 1805 1930 quia
1850 1856 1955 1911 etsi
1995 1855 2113 1914 illic

504 1944 694 2001 dulcia
721 1944 1054 2016 appetimus,
1087 1945 1241 2018 prius
1271 1962 1490 2003 necesse
1519 1955 1602 2003 est
1627 1953 1689 2002 ut
1709 1945 1802 2002 hic
1827 1961 2011 2001 amara
2032 1952 2112 2000 to-

503 2035 761 2091 leremus.
785 2033 1017 2092 Carmen
1047 2042 1104 2091 et
1129 2051 1212 2092 vae
1242 2035 1532 2108 discipulis
1562 2035 1895 2108 praedicabat
1924 2034 2110 2090 Domi-

502 2143 626 2195 nus,
667 2143 794 2184 cum
846 2125 1064 2183 dicebat
1109 2145 1122 2184 :
1173 2129 1298 2185 Haec
1343 2130 1544 2184 locutus
1585 2145 1702 2184 sum
1743 2127 1910 2196 vobis,
1956 2133 2014 2180 ut
2055 2127 2113 2180 in

500 2233 581 2272 me
619 2233 803 2288 pacem
846 2217 1080 2272 habeatis
1107 2235 1129 2284 ;
1169 2218 1228 2272 in
1270 2218 1466 2273 mundo
1504 2233 1818 2290 pressuram
1863 2215 2112 2271 habebitis

501 2307 690 2375 (Joan.
723 2322 844 2376 xvr,
875 2305 993 2378 33).
1027 2307 1108 2363 Ac
1151 2306 1196 2362 si
1231 2315 1416 2380 aperte
1445 2306 1653 2364 diceret
1685 2324 1697 2362 :
1731 2306 1815 2362 Sit
1852 2304 2013 2360 vobis
2043 2304 2110 2360 de

502 2412 588 2452 me
619 2396 852 2453 interius
884 2394 1032 2470 quod
1067 2395 1406 2452 consolando
1448 2395 1679 2465 reﬁciat,
1724 2395 1854 2468 quia
1895 2395 2002 2450 erit
2042 2393 2111 2450 de

501 2485 708 2545 mundo
755 2486 1000 2544 exterius
1054 2485 1201 2558 quod
1255 2485 1532 2542 saeviendo
1577 2486 1818 2559 graviter
1873 2491 2105 2557 premat.

501 2577 642 2645 Quia
687 2592 814 2648 ergo
859 2575 1114 2632 inﬁrmus
1155 2576 1388 2648 quisque
1429 2592 1556 2632 cum
1605 2576 1898 2648 premitur,
1943 2590 1974 2628 a
2017 2589 2109 2645 spe

502 2665 689 2737 gaudii
719 2665 895 2720 nimia
932 2664 1388 2737 pusillanimitate
1433 2665 1686 2732 lassatur,
1719 2671 1773 2720 et
1805 2663 1938 2720 dum
1971 2663 2109 2718 foris

502 2754 734 2810 adversa
751 2755 970 2822 tolerat,
995 2755 1145 2810 intus
1165 2754 1518 2811 obliviscitur
1529 2771 1640 2828 quo
1661 2753 1948 2827 gaudebat,
1969 2753 2108 2809 bene

499 2843 741 2899 dicitur:
768 2845 890 2901 Non
934 2844 1094 2913 dixit,
1153 2844 1250 2901 Ubi
1297 2849 1372 2898 est
1416 2844 1558 2899 Deus
1602 2845 1694 2914 qui
1731 2843 1854 2914 fecit
1889 2861 1988 2911 me,
2017 2844 2108 2914 qui

499 2933 641 2989 dedit
669 2933 910 2990 carmina
949 2933 1007 2988 in
1048 2941 1193 2990 nocte
1234 2935 1262 2990 ?
1311 2933 1370 2989 Si
1419 2933 1568 2988 enim
1599 2933 1704 2989 ista
1731 2934 1960 3002 diceret,
1991 2934 2107 2988 vim

498 3040 661 3097 quam
701 3025 910 3096 patitur
937 3031 1268 3098 temperaret
1299 3041 1313 3091 ;
1349 3031 1402 3078 et
1433 3039 1531 3096 per
1561 3023 1668 3079 hoc
1695 3023 1842 3096 quod
1874 3039 2107 3080 mansu-

498 3133 617 3172 rum
678 3115 828 3172 intus
887 3123 1175 3188 quaereret,
1237 3113 1296 3169 id
1352 3112 1501 3185 quod
1548 3113 1684 3169 foris
1723 3113 2105 3170 transitorium

497 3204 732 3260 sustinet
781 3179 921 3259 esse-
956 3201 1306 3258 intolerabile
1357 3216 1470 3256 non
1523 3202 1839 3258 mstimaret.
1900 3201 2106 3274 Sequi-
2136 3179 2180 3241 (ἶ

501 3299 588 3346 tur
621 3309 636 3349 :

887 3377 1117 3436 CAPUT
1144 3377 1302 3436 xvu
1343 3375 1488 3450 [Rea
1520 3377 1710 3451 XIII].

572 3496 744 3554 Vnus.
778 3495 864 3552 11.
895 3525 967 3538 --
997 3495 1102 3564 Qui
1127 3494 1274 3550 docet
1298 3511 1395 3550 nos
1423 3511 1584 3568 super
1598 3493 1843 3566 jumenla
1865 3499 2036 3562 terrae,
2059 3499 2106 3550 et

497 3601 656 3658 super
683 3585 918 3641 volucres
938 3585 1053 3640 σιειὶ
1079 3584 1256 3640 erudit
1291 3601 1406 3640 nos.

567 3675 658 3732 27.
688 3675 831 3732 Deus
856 3691 952 3730 nos
973 3674 1120 3730 docet
1141 3673 1322 3730 carnis
1340 3673 1657 3746 voluptates,
1679 3679 1728 3729 et
1753 3673 1978 3746 spiritus
1997 3675 2103 3730 ela-

499 3765 688 3820 tionem
715 3781 915 3820 cavere.
945 3793 1018 3806 —
1058 3763 1318 3820 Iumenta
1345 3769 1504 3820 terra;
1533 3771 1684 3833 sunt,
1715 3763 1809 3836 qui
1840 3779 1946 3820 usu
1973 3763 2102 3820 vitae

496 3855 731 3912 carnalis
763 3855 874 3910 ima
902 3861 1205 3928 appetunt;
1234 3853 1487 3913 volucres
1512 3870 1644 3910 vero
1663 3853 1789 3910 caeli
1821 3860 1969 3922 sunt,
2005 3852 2101 3926 qui

495 3944 742 4018 superbae
770 3944 1112 4002 curiositatis
1159 3943 1344 4002 studio
1373 3943 1636 4001 sublimia
1664 3949 2097 4016 perscrutantur.

493 4036 582 4092 Illi
612 4035 852 4092 vivendo
871 4051 928 4091 se
947 4034 1232 4108 deponunt
1248 4035 1404 4091 infra
1423 4051 1588 4108 quam
1618 4041 1770 4104 sunt,
1800 4033 1895 4090 isti
1916 4033 2100 4106 inqui-

497 4125 665 4181 rendo
692 4141 748 4182 se
775 4127 994 4182 elevant
1037 4125 1186 4182 ultra
1213 4141 1376 4198 quam
1420 4132 1671 4199 possunt.
1703 4126 1723 4160 ³
1753 4123 1886 4180 Illos
1914 4123 1974 4179 in
2002 4123 2101 4178 in-

495 4211 642 4268 ﬁmis
669 4213 922 4284 voluptas
943 4212 1134 4284 dejicit
1153 4214 1355 4282 carnis,
1379 4215 1512 4269 istos
1532 4213 1690 4286 quasi
1711 4213 1769 4268 in
1789 4212 2100 4285 superiori-

494 4303 599 4358 bus
625 4302 788 4373 erigit
813 4302 988 4358 libido
1017 4303 1376 4359 curiositatis.
1409 4304 1528 4361 lllis
1571 4321 1667 4376 per
1695 4321 1852 4362 sacra
1880 4305 2100 4378 eloquia

494 4390 700 4448 dicitur
733 4409 744 4447 :
778 4391 953 4448 Nolite
979 4391 1100 4463 ﬁeri
1127 4391 1262 4446 sicut
1289 4408 1452 4462 equus
1471 4397 1519 4446 et
1547 4393 1747 4458 mulus,
1777 4393 1968 4464 quibus
1995 4411 2102 4448 non

494 4487 570 4538 est
611 4481 898 4537 intellectus
937 4479 1120 4551 (Psal.
1166 4496 1327 4546 χχιιι,
1357 4481 1422 4552 9)
1456 4483 1529 4546 ;⁶
1560 4481 1790 4536 istorum
1831 4483 2096 4554 superbus

496 4570 649 4626 labor
676 4542 1009 4640 increpatur,
1041 4567 1174 4624 dum
1204 4542 1411 4626 dicitur
1441 4542 1467 4626 ;⁷
1488 4571 1705 4628 Altiora
1735 4577 1857 4628 tene
1882 4542 2095 4643 quasie-
2130 4542 2178 4602 D

492 4661 596 4726 ris,
623 4667 672 4715 et
698 4660 934 4732 fortiora
964 4665 1009 4714 te
1035 4675 1099 4714 ne
1125 4664 1390 4714 scrutatus
1422 4658 1593 4730 fueris
1623 4663 1822 4732 (Eccli.
1857 4678 1943 4730 ιιι,
1973 4661 2092 4734 22).

491 4751 610 4807 Illis
621 4749 828 4807 dicitur
846 4769 857 4806 :
875 4750 1192 4828 Mortiﬁcate
1205 4750 1436 4806 membra
1455 4757 1652 4817 vestra,
1673 4767 1792 4821 qua:
1805 4757 1930 4806 sunt
1939 4767 2099 4822 super

493 4848 714 4908 terram,
741 4841 1172 4912 fornicationem,
1203 4841 1616 4908 immunditiam,
1650 4842 1940 4907 libidinem,
1981 4859 2098 4897 con-

488 4935 861 5006 cupiscentiam
888 4933 1087 4988 malam
1127 4932 1364 5005 (Coloss.
1413 4948 1498 5000 ιιι,
1545 4932 1610 5003 5)
1641 4949 1664 4998 ;
1697 4931 1818 4988 istis
1847 4929 2053 4988 dicitur
2081 4950 2092 4988 :

489 5025 651 5082 Nemo
679 5041 771 5079 vos
799 5023 1026 5094 decipiat
1045 5039 1146 5094 per
1186 5021 1578 5093 philosophiam
1606 5028 1655 5076 et
1679 5022 1894 5078 inanem
1921 5020 2100 5092 falla-

489 5114 624 5170 ciam
651 5114 886 5186 (Coloss.
921 5129 984 5180 ιι,
1013 5111 1098 5184 8).
1131 5111 1302 5167 Docet
1332 5110 1500 5182 igitur
1529 5127 1630 5166 nos
1661 5110 1807 5166 Deus
1826 5125 1990 5180 super
2011 5107 2100 5181 ju-

489 5213 673 5262 menta
699 5214 857 5262 terrae
885 5212 942 5260 et
970 5205 1220 5260 volucres
1248 5202 1396 5270 cceli,
1417 5202 1548 5274 quia
1566 5200 1699 5257 dum
1722 5199 1829 5257 hoc
1844 5200 1992 5274 quod
2007 5217 2096 5256 su-

493 5307 612 5346 mus
627 5295 992 5365 agnoscimus,
1011 5309 1114 5350 nec
1132 5291 1314 5350 carnis
1328 5307 1428 5347 nos
1451 5290 1749 5346 inﬁrmitas
1768 5289 1980 5362 dejicit,
1995 5307 2096 5348 nec

571 5503 582 5534 ¹
616 5499 876 5568 Vindoc.,
906 5516 1013 5554 ecce
1043 5499 1103 5552 de
1130 5504 1274 5554 nocte
1299 5515 1614 5570 pressuram
1641 5497 1901 5554 nominat.

564 5573 586 5606 ²
615 5571 846 5638 Turon.,
879 5571 940 5624 de
967 5571 1318 5624 consolatione
1359 5570 1606 5639 justitite.

563 5645 585 5677 ³
616 5644 823 5714 Αἰγαί
850 5659 939 5714 spe
965 5643 1244 5708 manentis,
1275 5641 1422 5714 quod
1453 5641 1617 5698 habet
1646 5641 1804 5700 Colb.

563 5715 585 5751 ἰ
616 5713 958 5782 Vindoc.,ut
986 5719 1157 5786 tamen
1170 5713 1452 5786 praesentes
1465 5729 1768 5786 pressuras.

561 5789 582 5822 δ
613 5786 810 5844 Pratel.
844 5793 898 5840 et
925 5784 1042 5852 alii,
1072 5783 1196 5840 illos
1223 5785 1281 5838 in
1305 5783 1554 5854 inﬁma...
1587 5785 1714 5841 istos
1732 5783 1890 5855 quasi
1916 5784 1975 5838 in
2004 5800 2092 5840 su-

2221 532 2365 585 mur,
2402 534 2504 574 nec
2531 517 2898 591 superbiendo
2933 515 3002 573 de
3029 515 3364 572 sublimibus
3404 515 3689 572 inﬂamur.
3727 517 3837 585 Qui

2223 609 2370 664 enim
2401 625 2563 665 carne
2595 609 2816 674 labitur,
2843 607 3225 680 jumentorum
3257 608 3512 678 appetitu
3533 609 3837 680 prosterni-

2221 703 2344 764 tur;
2378 699 2474 770 qui
2496 715 2628 754 vero
2644 699 2935 754 extollitur
2956 704 3158 766 mente,
3185 711 3338 752 more
3360 696 3656 754 volucrum
3675 697 3834 770 quasi

2224 788 2466 844 levitatis
2497 804 2671 859 penna
2699 787 3039 844 sublevatur.

2296 877 2435 952 [νει.
2460 879 2618 954 ΧΙΙ.]
2643 879 2730 936 28.
2754 880 3014 950 Superbia
3039 879 3274 934 luxuria:
3292 880 3656 938 seminarium.
3693 881 3837 938 Caro

2222 969 2410 1040 mergit
2435 985 2565 1039 quos
2581 968 2806 1040 superba
2833 969 3051 1023 scientia
3080 969 3334 1024 sublevat.
3359 969 3507 1024 Iuste
3520 987 3666 1025 mens
3679 971 3835 1026 amit-

2226 1058 2288 1112 tit
2325 1058 2504 1112 carnis
2545 1057 2836 1113 dominium
2878 1058 2926 1112 si
2965 1058 3074 1114 Deo
3101 1059 3300 1113 servire
3339 1057 3564 1130 deneget.
3615 1089 3688 1101 —-
3729 1059 3837 1116 Sed

2223 1147 2271 1202 si
2297 1147 2590 1218 vigilanter
2631 1147 2960 1215 intenditur,
2998 1155 3058 1203 ut
3089 1154 3144 1202 et
3183 1149 3384 1203 mentis
3427 1147 3743 1215 humilitas,
3782 1157 3839 1205 et

2223 1237 2404 1292 carnis
2444 1237 2770 1294 castimonia
2801 1244 3070 1306 teneatur,
3115 1237 3226 1293 cito
3266 1239 3670 1310 cognoscimus,
3703 1239 3838 1314 quia

2223 1323 2456 1379 alterum
2485 1323 2797 1380 custoditur
2825 1341 2894 1380 ex
2925 1325 3115 1381 altero.
3146 1325 3284 1382 Nam
3330 1323 3525 1380 multis
3557 1341 3701 1397 sape
3729 1343 3836 1382 su-

2224 1415 2412 1486 perbia
2465 1415 2701 1471 luxuriae
2759 1415 3120 1472 seminarium
3177 1415 3311 1485 fuit,
3371 1416 3500 1490 quia
3554 1415 3688 1474 dum
3740 1435 3834 1476 eos

2223 1503 2450 1576 spiritus
2479 1504 2634 1577 quasi
2687 1504 2745 1558 in
2801 1504 2976 1561 altum
3031 1505 3228 1572 erexit,
3287 1521 3412 1561 caro
3455 1507 3474 1540 ⁷
3507 1505 3565 1561 in
3623 1506 3834 1563 inﬁmis

2224 1594 2432 1649 mersit.
2466 1593 2531 1648 Hi
2564 1593 2712 1648 enim
2757 1594 2911 1666 prius
2949 1603 3156 1651 secreto
3199 1595 3504 1662 elevantur,
3541 1594 3636 1651 sed
3665 1605 3833 1669 post-

2223 1684 2447 1741 modum
2479 1683 2698 1757 publice
2752 1693 3038 1754 corruunt,
3097 1685 3228 1760 quia
3275 1684 3407 1741 dum
3458 1687 3692 1744 occultis
3733 1689 3832 1744 in-

2221 1781 2535 1832 tumescunt
2564 1771 2806 1829 motibus
2847 1774 3051 1844 cordis,
3091 1776 3295 1846 apertis
3334 1775 3541 1832 cadunt
3579 1777 3826 1850 lapsibus

2221 1869 2646 1948 corporis.824
2669 1872 2759 1930 Sic
2787 1874 2868 1931 sic
2895 1875 3024 1930 elati
3048 1873 3200 1946 justa
3222 1873 3442 1930 fuerant
3465 1875 3829 1933 retributione

2221 1964 2478 2033 feriendi,
2509 1973 2572 2022 ut
2599 1965 2730 2038 quia
2773 1962 3142 2036 superbiendo
3179 1979 3236 2019 se
3275 1962 3598 2020 hominibus
3627 1965 3830 2037 praefe-

2221 2061 2372 2122 runt,
2388 2053 2723 2110 luxuriando
2737 2069 2910 2126 usque
2924 2052 2992 2108 ad
2998 2060 3378 2124 Jumentorum
3397 2053 3826 2110 similitudinem

2221 2143 2605 2202 devolvantur.
2639 2145 2809 2200 Homo
2837 2143 3038 2216 quippe
3091 2161 3207 2197 cum
3236 2144 3292 2198 in
3321 2144 3518 2199 honore
3544 2151 3692 2212 esset,
3721 2162 3828 2201 non

2220 2235 2500 2301 intellexit,
2528 2240 2864 2307 comparatus
2896 2239 2970 2288 est
2987 2232 3246 2302 jumentis
3274 2232 3664 2304 insipientibus,
3692 2239 3741 2289 et
3758 2234 3825 2289 si-

2220 2325 2364 2381 milis
2391 2323 2566 2394 factus
2593 2331 2668 2380 est
2695 2325 2806 2380 illis
2837 2323 3010 2396 (Psal.
3035 2338 3234 2390 xnvm,
3256 2322 3372 2393 l3).
3397 2322 3563 2390 Quasi
3583 2322 3825 2379 scientia:

2220 2414 2368 2469 enim
2399 2413 2524 2470 illos
2553 2414 2610 2469 in
2639 2413 2813 2469 altum
2855 2428 3034 2484 penna
3074 2411 3478 2481 sublevaverat,
3530 2411 3598 2468 de
3626 2411 3827 2485 quibus

2219 2503 2421 2558 Paulus
2451 2501 2556 2560 hoc
2597 2501 2744 2576 quod
2774 2509 2828 2558 et
2873 2500 3128 2575 superius
3178 2501 3513 2572 protulimus
3559 2500 3820 2558 dicebat:

2222 2593 2362 2661 Quia
2388 2610 2505 2648 cum
2534 2594 2890 2666 cognovissent
2915 2593 3109 2658 Deum,
3129 2609 3238 2648 non
3264 2593 3400 2648 sicut
3427 2593 3599 2649 Deum
3623 2594 3823 2666 gloriﬁ-

2219 2690 2486 2752 caverunt,
2517 2690 2612 2739 aut
2638 2685 2842 2756 gratias
2871 2688 3106 2755 egerunt,
3132 2682 3221 2738 sed
3248 2689 3578 2738 evanuerunt
3603 2684 3662 2738 in
3689 2685 3824 2755 cogi-

2220 2773 2504 2828 tationibus
2531 2774 2642 2828 suis
2675 2774 2850 2846 (Rom.
2883 2790 2923 2841 ι,
2963 2772 3083 2844 21).
3117 2771 3408 2840 Quomodo
3434 2780 3616 2830 autem
3647 2773 3705 2830 in
3719 2772 3822 2846 ju-

2221 2871 2550 2932 mentorum,
2582 2871 2678 2920 aut
2723 2865 3014 2936 plusquam
3058 2860 3438 2934 jumentorum
3480 2864 3816 2936 voluptatem

2217 2952 2544 3022 deciderint,
2592 2951 2842 3009 subdidit
2887 2952 3123 3008 dicens:
3169 2951 3420 3008 Tradidit
3464 2969 3550 3007 eos
3596 2953 3738 3008 Deus
3766 2954 3817 3008 in

2217 3042 2481 3097 desideria
2512 3043 2532 3077 ⁸
2563 3043 2740 3098 cordis
2758 3059 2961 3108 eorum,
2980 3041 3038 3096 in
3066 3041 3459 3096 immunditiam
3478 3041 3676 3113 (Ibid,
3697 3041 3813 3114 24).

2217 3133 2362 3189 Ecce
2392 3150 2522 3189 caro
2553 3134 2744 3190 mersit
2773 3149 2912 3206 quos
2939 3131 3174 3204 superba
3227 3131 3460 3188 scientia
3486 3131 3814 3202 sublevavit,

2214 3228 2269 3277 et
2295 3238 2328 3276 a
2357 3223 2545 3278 volatu
2576 3223 2867 3278 volucrum
2900 3223 3047 3278 ultra
3075 3223 3382 3293 appetitum
3412 3221 3550 3294 lapsi
3581 3229 3711 3278 sunt
3731 3221 3818 3294 ju-

2216 3321 2525 3370 mentorum
2561 3332 2574 3382 ;
2607 3321 2784 3386 atquae
2815 3313 2942 3369 inde
2971 3314 3076 3370 sub
3115 3329 3171 3370 se
3202 3313 3458 3386 prostrati
3488 3321 3638 3382 sunt,
3670 3313 3817 3371 unde

2215 3419 2378 3474 super
2419 3420 2476 3458 se
2524 3403 2602 3458 ire
2641 3403 2991 3462 videbantur.
3026 3403 3347 3461 Curandum
3397 3403 3581 3478 itaque
3620 3411 3722 3472 est,
3765 3412 3817 3460 et

2214 3492 2368 3547 omni
2414 3491 2664 3548 custodia
2693 3509 2850 3550 mens
2887 3511 2919 3551 a
2949 3492 3222 3566 superbiae
3267 3501 3486 3549 tumore
3526 3491 3812 3549 servanda.

2214 3582 2334 3637 Non
2363 3581 2512 3637 enim
2541 3591 2667 3639 ante
2693 3583 2887 3641 oculos
2905 3582 3005 3639 Dei
3025 3599 3214 3639 vacuae
3239 3582 3813 3656 transvolant.cogita-

2215 3667 2391 3726 tiones
2420 3680 2619 3728 nostrae
2647 3689 2662 3738 ;
2695 3680 2748 3728 et
2777 3672 2932 3727 nulla
2957 3681 3238 3728 momenta
3259 3671 3524 3744 temporis
3561 3687 3660 3744 per
3687 3671 3814 3728 ani-

2212 3775 2366 3815 mum
2394 3766 2682 3818 transeunt
2715 3760 2834 3817 sine
2863 3767 3010 3818 statu
3055 3759 3460 3818 retributionis.
3495 3761 3653 3818 Intus
3687 3776 3814 3834 ergo

2212 3847 2365 3905 videt
2393 3850 2539 3906 Deus
2558 3848 2706 3923 quod
2735 3858 2976 3906 mentem
3003 3849 3202 3918 elevat,
3233 3857 3289 3906 et
3316 3849 3526 3906 idcirco
3545 3849 3815 3922 permittit

2211 3935 2346 3994 foris
2374 3937 2712 3995 invalescere
2738 3938 2887 4013 quod
2916 3937 3174 4012 deponat.
3210 3939 3367 3996 Intus
3398 3939 3554 4012 prius
3582 3939 3814 3997 extolli-

2211 4034 2322 4096 tur,
2353 4027 2503 4102 quod
2532 4027 2668 4084 foris
2693 4028 3046 4102 postmodum
3073 4029 3312 4087 luxuriae
3339 4029 3699 4102 corruptione
3725 4029 3813 4086 fe-

2209 4116 2403 4174 riatur.
2454 4117 2738 4176 Occultam
2782 4119 3044 4176 videlicet
3089 4121 3308 4193 culpam
3343 4119 3595 4194 sequitur
3631 4126 3812 4194 aperta

2209 4207 2512 4280 percussio,
2542 4218 2603 4266 ut
2633 4209 2794 4266 malis
2814 4209 3184 4267 exterioribus
3214 4210 3483 4266 interiora
3512 4210 3813 4282 puniantur

2209 4305 2263 4354 et
2290 4314 2386 4354 cor
2414 4297 2633 4370 publice
2659 4306 2900 4368 corruat,
2929 4298 3078 4372 quod
3108 4299 3343 4356 latenter
3367 4297 3637 4356 tumebat.
3674 4298 3811 4358 Hinc

2210 4387 2414 4460 quippe
2440 4403 2538 4458 per
2563 4387 2700 4443 Osee
2745 4395 2940 4446 contra
2968 4387 3244 4445 Israelitas
3289 4387 3498 4445 dicitur
3532 4405 3544 4444 :
3581 4387 3816 4458 Spiritus

2207 4475 2580 4546 fornicationis
2611 4479 2669 4533 in
2697 4478 2866 4534 medio
2887 4494 3090 4546 eorum,
3112 4483 3163 4533 et
3184 4477 3474 4534 Dominum
3502 4493 3611 4532 non
3634 4494 3816 4549 cogno-

2206 4573 2394 4622 verunt
2419 4569 2568 4640 (Ose.
2601 4584 2657 4635 v,
2681 4567 2762 4638 4).
2787 4567 2892 4635 Qui
2914 4575 2975 4624 ut
3003 4566 3316 4623 ostenderet
3331 4564 3482 4640 quod
3540 4565 3824 4622 causalibi

2205 4655 2354 4712 diuis
2390 4673 2460 4713 ex
2501 4657 2668 4728 culpa
2708 4657 3020 4729 proruperit
3066 4655 3344 4724 elationis,
3389 4671 3524 4716 mox
3568 4653 3819 4712 subdidit

2204 4745 2412 4803 dicens:
2436 4749 2511 4803 Et
2529 4747 2860 4818 respondebit
2875 4747 3193 4818 arrogantia
3212 4747 3388 4803 Israel
3405 4747 3464 4801 in
3491 4743 3691 4815 faciem
3710 4745 3821 4815 ejus

2205 4839 2398 4909 (Ibid,
2431 4839 2512 4910 5).
2545 4839 2627 4896 Ac
2664 4838 2710 4894 si
2741 4837 2951 4895 diceret
2983 4857 2995 4894 :
3029 4838 3205 4911 Culpa
3233 4855 3357 4912 quae
3393 4853 3490 4910 per
3522 4835 3819 4892 elationem

2207 4927 2410 4984 mentis
2429 4928 2488 4983 in
2505 4929 2721 4986 occulto
2745 4927 2908 4984 latuit
2927 4944 3023 5000 per
3041 4927 3222 4985 carnis
3245 4926 3524 4984 luxuriam
3547 4926 3606 4981 in
3628 4935 3820 4999 aperto

2207 5020 2510 5094 respondit.
2542 5020 2779 5078 Proinde
2826 5037 2922 5093 per
2965 5019 3303 5076 humilitatis
3331 5015 3646 5076 custodiam
3696 5033 3820 5072 ser-

2207 5113 2388 5170 vanda
2414 5122 2496 5171 est
2524 5112 2799 5168 munditia
2832 5111 3120 5168 castitatis.
3161 5111 3220 5168 Si
3249 5109 3399 5166 enim
3461 5108 3550 5180 pie
3585 5107 3822 5180 spiritus

2203 5203 2308 5260 sub
2345 5205 2460 5260 Deo
2485 5203 2774 5276 premitur,
2807 5217 2934 5259 caro
2975 5201 3170 5258 illicite
3213 5215 3378 5272 super
3402 5197 3664 5271 spiritum
3707 5213 3817 5252 non

2205 5293 2436 5351 levatur.
2461 5292 2635 5349 Habet
2663 5292 2864 5365 quippe
2885 5289 3114 5362 spiritus
3131 5288 3490 5348 commissum
3509 5286 3620 5343 sibi
3635 5285 3816 5342 domi-

2198 5499 2439 5570 periora.

2275 5572 2297 5605 ⁶
2330 5567 2589 5633 Vindoc.,
2619 5565 2843 5620 isto-rum
2874 5566 3122 5637 superbia
3150 5565 3482 5636 increpatur.

2274 5643 2293 5676 ⁷
2336 5640 2558 5714 Ebroic.
2591 5644 2646 5714 et
2667 5637 2768 5714 alii
2792 5634 3321 5714 Norm.,__in_infi_md.
3381 5706 3392 5714 _
3447 5706 3459 5714 _
3535 5704 3547 5714 ο

2200 5785 2256 5840 d_
2275 5714 2296 5747 ⁸
2320 5714 2401 5794 Ita
2430 5710 2652 5777 Pratel.,
2677 5709 2886 5780 Baluz.,
2914 5709 3074 5767 Colb.
3099 5709 3160 5764 In
3176 5706 3426 5766 'Excusis
3445 5706 3666 5777 legitur,
3693 5717 3811 5758 cor-

2239 5801 2284 5840 is
2312 5800 2416 5841 sui.
