3928 6382
214 297 325 356 365

964 307 1338 369 MORALIUM
1378 314 1509 371 LIB.
1556 316 1759 377 XXVI.
1800 350 1871 364 —
1910 321 1981 379 IN
2020 324 2250 383 CAPUT
2291 327 2508 388 XXXV
2548 332 2609 388 B.
2652 335 2794 391 10B.

3424 341 3532 401 366

212 427 376 533 pium
401 428 607 497 carnis,
636 429 683 528 si
715 437 901 533 tamen
928 432 1032 489 sub
1050 435 1297 532 .Domino
1334 441 1675 511 recognoscit
1694 441 1825 515 jura
1852 449 1904 508 Α
1936 446 2094 514 Quod
2145 449 2367 522 quidem
2408 452 2645 526 intelligi
2693 467 2747 514 et
2786 458 2948 515 aliter
2988 469 3164 533 potest
3195 480 3207 519 :
3255 464 3360 533 Qui
3387 466 3533 522 docet

209 515 480 588 legitimae
512 517 820 577 servitutis.
851 521 990 577 Nam
1017 521 1064 578 si
1093 532 1373 582 auctorem
1416 544 1580 585 suum
1625 548 1826 603 super-

208 604 421 662 biendo
451 608 780 677 contemnit,
806 608 932 681 jure
959 618 1013 666 et
1042 628 1074 667 a
1097 613 1344 686 subjecta
1380 633 1544 674 carne
1572 620 1823 691 praelium

210 694 472 767 suscipit.
519 697 674 754 Unde
704 706 759 754 et
787 698 883 755 ille
899 700 1118 772 primus
1148 704 1470 763 inobediens
1500 724 1630 764 mox
1651 718 1712 766 ut
1738 728 1823 768 su-

209 789 524 862 perbiendo
554 792 825 865 peccavit,
844 796 1101 868 pudenda
1116 801 1362 857 contexit
1394 802 1603 873 (Genes.
1627 822 1712 874 ιιι,
1742 807 1819 878 7).

210 880 356 949 Quia
386 883 538 939 enim
568 887 966 944 contumeliam
996 890 1226 961 spiritus
1270 893 1384 949 Deo
1432 893 1644 965 intulit,
1693 913 1823 953 mox

208 973 617 1029 contumeliam
648 975 834 1032 carnis
849 976 1084 1035 invenit.
1109 980 1180 1035 Et
1200 982 1329 1054 quia
1348 984 1562 1040 auctori
1590 1001 1689 1041 suo
1709 972 1824 1043 esse

207 1061 473 1150 subditus
514 1063 720 1133 noluit,
760 1064 854 1137 jus
896 1070 1081 1126 carnis
1126 1071 1359 1129 subditae
1404 1090 1566 1148 quam
1607 1077 1825 1150 regebat

210 1149 428 1220 amisit,
461 1159 525 1207 ut
554 1152 611 1208 in
628 1153 808 1226 seipso
837 1155 1097 1214 videlicet
1126 1159 1514 1220 inobedientiaa
1541 1182 1652 1222 suae
1679 1149 1853 1224 con-‘

207 1239 363 1297 fusio
391 1240 749 1312 redundaret,
781 1252 837 1301 et
860 1255 1148 1319 superatus
1185 1248 1436 1321 disceret,
1487 1254 1620 1327 quid
1649 1256 1825 1313 elatus

208 1329 512 1388 amisisset.

285 1415 428 1490 [νει.
461 1419 654 1494 ΧΙΙΙ.]
684 1422 772 1479 29.
810 1424 869 1480 Si
895 1426 1071 1481 cordis
1098 1428 1445 1486 humilitatem
1474 1435 1820 1505 negligamus,

207 1508 360 1563 Deus
380 1510 560 1564 carnis
587 1511 939 1583 integritatem
956 1515 1190 1587 despicit.
1209 1549 1281 1560 —
1297 1520 1495 1577 Nullus
1522 1538 1649 1594 ergo
1678 1532 1823 1595 post-

208 1612 379 1671 quam
407 1614 647 1670 superna
674 1610 930 1675 appetere
960 1608 1209 1677 casperit,
1248 1609 1295 1665 si
1324 1610 1508 1668 carnis
1537 1614 1822 1685 voluptate

209 1688 602 1760 prosternitur,
640 1691 657 1725 ¹
698 1698 831 1748 tunc
859 1709 915 1748 se
947 1694 1158 1751 victum
1201 1695 1432 1768 judicet,
1464 1717 1591 1756 cum
1638 1710 1821 1773 aperte

1932 554 2029 593 nos
2057 556 2216 611 super
2232 539 2475 609 jumenta
2500 549 2676 610 terra,
2698 551 2745 600 et
2763 563 2922 619 super
2949 552 3185 608 volucres
3213 555 3328 612 caeli
3354 555 3532 612 erudit

1933 646 2047 685 nos.
2088 631 2225 687 Nam
2258 630 2403 689 sicut
2425 631 2806 705 jumentorum
2828 638 3100 696 vocabulo
3133 642 3388 714 signatur
3414 645 3530 702 vita

1936 715 2228 775 hominum
2254 722 2436 777 carnis
2454 720 2638 778 adhuc
2668 724 2910 781 motibus
2938 726 3309 799 subditorum,
3342 732 3419 788 ita
3437 749 3528 806 ap-

1934 808 2230 878 pellatione
2252 810 2538 869 volucrum
2561 811 2833 886 ﬁguratur
2848 814 3014 871 elatio
3034 817 3330 889 spirituum
3346 838 3532 894 super-

1932 894 2152 966 borum,
2186 909 2247 956 ut
2275 916 2372 973 per
2392 898 2647 973 jumenta
2666 903 2890 976 quidem
2915 905 3119 961 terreni
3140 906 3417 978 homines,
3435 928 3531 984 per

1933 989 2185 1047 volucres
2210 1009 2341 1049 vero
2383 993 2655 1052 daemonia
2682 996 3055 1070 designentur.
3090 999 3245 1057 Unde
3273 1019 3401 1059 cum
3449 1020 3530 1062 se-

1933 1078 2085 1135 mina
2113 1081 2384 1139 Dominus
2404 1083 2569 1155 juxta
2598 1085 2744 1141 viam
2767 1086 2973 1146 diceret
2992 1089 3274 1161 cecidisse,
3305 1091 3531 1165 subjun-

1932 1166 2010 1240 git
2047 1187 2058 1225 :
2101 1170 2361 1228 Venerunt
2388 1174 2625 1231 volucres
2643 1177 2778 1243 creti,
2799 1183 2848 1233 et
2864 1179 3197 1237 comederunt
3223 1199 3283 1238 ea
3315 1183 3527 1256 (Matth.

1932 1272 2058 1329 xm,
2087 1260 2169 1334 4),
2190 1262 2456 1321 nimirum
2487 1281 2583 1339 per
2609 1268 2863 1327 volucres
2892 1269 3115 1343 signans
3142 1289 3328 1331 aereas
3355 1283 3530 1348 potes-

1932 1357 2090 1408 tates.

2003 1440 2095 1499 31.
2129 1444 2312 1501 Sancti
2335 1446 2461 1502 dum
2489 1447 2597 1504 Deo
2626 1465 2680 1505 se
2717 1450 2969 1517 subdunt,
2999 1457 3185 1508 cuncta
3215 1453 3530 1511 transitoria

1930 1540 2187 1601 superant
2227 1540 2275 1588 et
2312 1536 2623 1607 despiciunt.
2656 1568 2727 1579 —
2752 1538 2939 1595 Sancti
2992 1548 3176 1596 autem
3217 1542 3350 1612 viri,
3400 1545 3530 1617 quia

1931 1636 2034 1677 nec
2064 1621 2257 1679 inﬁma
2284 1623 2576 1681 hominum
2608 1627 2860 1700 exempla
2888 1638 3173 1701 appetunt,
3190 1647 3291 1688 nec
3308 1648 3527 1689 rursum

1930 1709 2269 1768 daamoniaca
2310 1713 2617 1770 subtilitate
2663 1714 2954 1784 falluntur,
2988 1725 3042 1771 et
3083 1734 3247 1789 super
3277 1718 3529 1790 jumenta

209 1791 525 1854 superatur.
548 1786 606 1843 Si
637 1786 786 1843 enim
809 1788 1133 1864 plerumque
1162 1793 1317 1850 virus
1347 1795 1601 1854 libidinis
1630 1798 1697 1854 de
1724 1816 1822 1856 ra-
1853 1812 1901 1872 Β
1930 1807 2110 1868 terrae,
2144 1809 2199 1857 et
2228 1818 2390 1874 super
2419 1803 2544 1858 caeli
2574 1803 2828 1859 volucres
2850 1804 3056 1860 virtute
3087 1786 3419 1862 eruditionis
3437 1824 3529 1863 ex-

210 1870 335 1927 dice
365 1876 611 1932 nascitur
639 1877 917 1948 elationis,
938 1887 1071 1936 tunc
1091 1898 1219 1939 caro
1248 1883 1404 1953 vicit,
1436 1902 1561 1942 cum
1591 1888 1819 1959 spiritus

210 1961 452 2021 latenter
482 1967 797 2025 intumuit:
844 1969 961 2043 jam
1003 1980 1137 2031 tunc
1183 1975 1369 2032 anima
1414 1994 1510 2050 per
1547 1978 1816 2051 originem

208 2053 389 2125 culpae
430 2054 489 2111 in
521 2059 884 2129 petulantiam
909 2060 1291 2134 jumentorum
1321 2066 1542 2136 cecidit,
1570 2086 1696 2126 cum
1726 2071 1819 2126 ef-

210 2141 444 2201 ferendo
469 2162 545 2214 se,
580 2166 730 2205 more
755 2151 1070 2221 volucrum,
1100 2154 1246 2211 ultra
1275 2172 1438 2229 quam
1474 2157 1663 2213 debuit
1692 2176 1816 2215 evo-

209 2233 373 2290 lavit.
407 2236 552 2295 Hinc
580 2247 662 2295 est
689 2240 837 2297 enim
866 2243 1015 2315 quod
1046 2244 1208 2317 longa
1235 2246 1576 2304 continentia
1597 2258 1819 2322 repente

209 2322 477 2391 solvitur,
513 2325 646 2384 hinc
674 2330 823 2402 quod
852 2333 1176 2408 plerumque
1207 2342 1260 2391 et
1288 2353 1461 2410 usque
1492 2337 1560 2394 ad
1603 2339 1818 2396 senium

207 2413 509 2485 virginitas
564 2428 780 2477 servata
840 2422 1092 2480 vitiatur.
1148 2425 1290 2493 Quia
1327 2425 1477 2483 enim
1521 2428 1820 2501 negligitur

210 2507 363 2567 825
393 2511 686 2572 humilitas
714 2517 917 2587 cordis,
967 2528 1150 2577 rectus
1187 2520 1363 2592 judex
1392 2522 1623 2596 despicit
1652 2526 1815 2581 etiam

212 2601 593 2674 integritatem
650 2608 926 2679 corporis;
971 2616 1026 2665 et
1067 2611 1397 2684 quandoque
1426 2628 1522 2684 per
1566 2622 1815 2686 apertum

212 2692 427 2747 malum
450 2693 712 2765 reprobos
737 2697 1056 2766 annuntiat,
1087 2714 1226 2771 quos
1254 2700 1465 2757 dudum
1483 2702 1743 2775 reprobos
1759 2704 1816 2758 in

209 2781 435 2837 occulto
464 2783 751 2840 tolerabat.
783 2786 919 2841 Nam
950 2788 1045 2859 qui
1066 2787 1163 2844 diu
1182 2797 1458 2846 servatum
1490 2791 1700 2847 bonum
1728 2809 1815 2848 su-

209 2867 332 2925 bito
361 2870 630 2941 perdidit,
661 2872 809 2945 apud
854 2875 1207 2946 semetipsum
1244 2877 1398 2935 intus
1424 2879 1576 2935 aliud
1610 2881 1815 2936 malum

210 2958 418 3027 tenuit,
453 2957 475 2992 ²
505 2974 574 3013 ex
612 2975 721 3032 quo
774 2961 927 3017 aliud
976 2963 1161 3020 subito
1211 2966 1393 3038 erupit
1438 2984 1534 3039 per
1570 2969 1718 3041 quod
1748 2968 1817 3025 ab

207 3046 598 3118 omnipotente
625 3049 739 3104 Deo
767 3050 930 3105 etiam
962 3058 1097 3109 tunc
1110 3054 1325 3111 alienus
1340 3056 1575 3125 exstitit,
1598 3059 1818 3131 quando

1928 1897 2201 1944 crescunt.
2255 1889 2428 1961 Super
2464 1888 2718 1960 jumenta
2762 1890 2911 1946 enim
2958 1899 3115 1948 terrae
3158 1893 3338 1951 edocti
3376 1905 3526 1965 sunt,

1927 1978 2057 2051 quia
2085 1978 2355 2052 quidquid
2390 1979 2448 2033 in
2479 1979 2608 2036 imis
2639 1988 2815 2053 potest
2842 1980 3041 2038 ambiri
3062 1982 3396 2056 despiciunt.
3429 1986 3529 2041 Su-

1926 2084 2023 2139 per
2050 2069 2304 2125 volucres
2334 2086 2550 2143 quoque
2581 2071 2706 2126 caeli
2737 2071 2938 2127 eruditi
2961 2080 3110 2138 sunt,
3142 2071 3273 2145 quia
3301 2075 3527 2129 omnes“

1927 2157 2342 2215 immundorum
2364 2159 2659 2231 spirituum
2680 2160 2910 2217 insidias
2928 2160 3529 2233 comprehendunt.Su-

1928 2263 2023 2319 per
2033 2246 2288 2319 jumenta
2303 2255 2459 2305 terra:
2489 2249 2669 2306 edocti
2690 2257 2842 2316 sunt,
2873 2249 3002 2323 quia
3021 2249 3165 2306 nihil
3194 2250 3253 2307 in
3284 2250 3388 2308 hac
3414 2251 3530 2307 vita

1928 2336 2077 2408 quod
2105 2337 2352 2410 praeterit
2382 2346 2654 2411 quaerunt.
2688 2341 2862 2412 Super
2892 2340 3146 2397 volucres
3172 2339 3297 2397 caeli
3325 2338 3527 2397 eruditi

1927 2433 2079 2491 sunt,
2109 2428 2240 2499 quia
2283 2436 2576 2500 potestates
2604 2445 2810 2498 aereas,
2842 2446 2979 2503 quas
3014 2429 3198 2487 adhuc
3226 2445 3322 2503 per
3348 2429 3529 2488 carnis

1927 2516 2311 2574 inﬁrmitatem
2369 2518 2628 2588 tolerant,
2676 2518 2791 2591 jam
2847 2518 2977 2576 vita
3024 2518 3237 2575 meritis
3291 2519 3524 2577 calcant.

1925 2606 2130 2664 Paulus
2153 2605 2268 2679 jam
2298 2624 2463 2681 super
2487 2606 2739 2681 jumenta
2768 2615 2925 2665 terrae
2954 2607 3183 2666 edoctus
3210 2607 3410 2677 fuerat,
3431 2606 3531 2665 di-

1924 2712 2086 2753 cens:
2120 2698 2282 2757 Multi
2302 2698 2439 2754 enim
2467 2698 2763 2755 ambulant.
2796 2698 2867 2754 Et
2893 2698 3057 2771 paulo
3087 2706 3210 2772 post
3242 2716 3254 2755 :
3289 2699 3530 2767 Quorum

1926 2786 2049 2856 ﬁnis
2076 2786 2325 2853 interius,
2355 2805 2585 2859 quorum
2627 2788 2755 2843 deus
2798 2794 2977 2844 venter
3020 2793 3114 2857 est,
3158 2795 3207 2845 et
3250 2788 3425 2860 gloria
3469 2788 3530 2843 in

1926 2874 2235 2945 confusione
2266 2876 2530 2946 ipsorum,
2559 2878 2653 2948 qui
2683 2884 2892 2934 terrena
2920 2878 3154 2950 sapiunt.
3187 2878 3388 2935 Nostra
3415 2896 3529 2934 au-

1930 2968 2030 3019 tem
2070 2964 2399 3019 conversatio
2425 2964 2485 3019 in
2513 2965 2654 3020 cwlis
2683 2972 2756 3020 est
2796 2967 3029 3037 (Philip.
3065 2983 3152 3035 ιιι,
3199 2966 3407 3040 18-20).
3459 2969 3529 3023 Et

1926 3070 2147 3111 rursum
2180 3069 2344 3125 super
2390 3054 2643 3110 volucres
2688 3054 2813 3110 coeli
2851 3055 3128 3111 eruditum
3173 3072 3231 3112 se
3276 3063 3526 3125 noverat,

211 3153 271 3193 se
301 3136 353 3193 ei
386 3154 482 3210 per
510 3138 844 3196 munditiam
874 3143 1120 3215 corporis
1167 3145 1435 3203 inhaerere
1465 3151 1813 3208 monstravit.
1855 3167 1901 3229 ο
1926 3160 2052 3200 cum
2083 3141 2337 3200 dicebat:
2382 3143 2604 3200 Νεεοίίίε
2650 3142 2904 3215 quoniam
2936 3145 3148 3215 01198108
3168 3143 3529 3215 iudicabimus

207 3226 357 3295 Quia
388 3227 558 3299 igitur
597 3230 800 3287 mentis
830 3233 996 3289 elatio
1041 3235 1111 3291 ad
1152 3237 1517 3309 pollutionem
1548 3242 1819 3313 pertrahit

206 3315 415 3384 carnis,
448 3319 805 3390 reproborum
836 3339 981 3379 cora
1012 3327 1203 3382 volatu
1232 3329 1522 3385 volucrum
1552 3330 1621 3386 ad
1651 3340 1819 3403 petu-

207 3407 443 3462 lantiam
471 3409 737 3481 mergitur
759 3409 1162 3481 jumentorum.
1195 3417 1381 3475 Sancti
1411 3429 1594 3476 autem
1620 3422 1727 3477 viri
1750 3440 1817 3479 ne

206 3497 464 3570 appetitu
491 3498 709 3555 bestiali
726 3500 1050 3560 adluxurias
1082 3508 1400 3580 voraginem
1428 3509 1815 3584 devolvantur,

211 3589 457 3648 sollicite
485 3592 848 3664 cogitationes
877 3597 1079 3654 mentis
1107 3614 1139 3655 a
1167 3599 1436 3671 superbiae
1466 3602 1656 3659 volatu
1683 3620 1819 3660 cus-

208 3681 475 3748 todiunt;
507 3698 570 3738 ac
598 3698 667 3739 ne
698 3685 756 3739 in
787 3685 980 3742 inﬁma
1004 3686 1326 3759 desipiendo
1342 3701 1623 3761 corruant,
1654 3710 1816 3750 omne

207 3769 366 3844 quod
392 3770 708 3827 sublimiter
732 3773 975 3846 sapiunt,
1008 3774 1300 3833 humiliter
1328 3791 1608 3851 premunt.
1652 3782 1816 3839 Recte

207 3861 400 3934 itaque
429 3861 667 3919 dicitur:
704 3864 809 3932 Qui
853 3864 998 3921 docet
1049 3884 1145 3923 nos
1172 3886 1331 3941 super
1349 3870 1592 3939 jumenta
1639 3878 1814 3942 terrae,

206 3959 259 4009 et
287 3969 450 4026 super
474 3956 713 4010 volucres
741 3956 857 4013 caeli
884 3958 1063 4014 erudit
1088 3976 1203 4017 nos.
1230 3960 1526 4032 Subaudis,
1549 3962 1656 4021 hoc
1684 3980 1814 4038 quo-

209 4056 322 4115 que
352 4058 464 4099 non
491 4041 655 4100 dixit.

281 4132 370 4189 30.
402 4134 469 4190 In
497 4134 736 4190 adversis
762 4136 1054 4209 deﬁcimus,
1079 4141 1213 4211 quia
1235 4142 1510 4214 prosperis
1541 4142 1619 4198 uti
1645 4144 1815 4200 mode-

216 4230 339 4280 rate
357 4224 632 4281 nescimus.
664 4256 735 4267 —
764 4227 880 4283 Hoc
899 4228 1083 4301 itaque
1113 4230 1259 4303 quod
1285 4230 1552 4303 jumentis
1571 4248 1634 4289 ac
1660 4234 1815 4289 volu-

206 4315 399 4373 cribus
426 4318 727 4388 antecellit,
759 4333 885 4375 eum
916 4336 1027 4376 non
1055 4320 1193 4379 dicit
1214 4323 1273 4378 in
1302 4322 1660 4381 tribulatione
1689 4342 1816 4382 me-

208 4406 418 4462 morari
442 4425 456 4475 ;
498 4423 562 4463 ac
586 4408 633 4464 si
659 4407 900 4465 diceret:
937 4409 1197 4469 Inﬁrmus
1226 4413 1458 4486 quisque
1488 4414 1695 4471 idcirco
1725 4432 1815 4471 ne-

1928 3235 1995 3304 (I
2022 3234 2148 3291 Cor.
2181 3251 2260 3303 vr,
2275 3233 2330 3306 3)
2365 3234 2393 3290 ‘l
2412 3232 2524 3289 Sub
2548 3249 2604 3289 se
2619 3232 2873 3305 jumenta
2901 3232 3177 3303 cernebat,
3207 3232 3336 3306 quia
3363 3232 3529 3289 vide—

1930 3321 2060 3377 licet
2085 3322 2144 3377 in
2184 3328 2328 3377 terra
2355 3321 2541 3378 adhuc
2580 3321 2791 3393 positus
2818 3323 2839 3357 ⁸
2872 3321 3116 3377 calcabat
3144 3338 3323 3378 mores
3349 3321 3526 3377 homi-

1929 3426 2063 3466 num
2095 3410 2191 3483 qui
2222 3410 2281 3466 in
2309 3410 2521 3466 inﬁmis
2556 3418 2975 3467 conversantur.
3005 3411 3077 3466 Et
3116 3426 3336 3467 rursum
3366 3411 3529 3467 voln—

1928 3505 2048 3554 tum
2091 3500 2384 3556 volucrum
2429 3499 2754 3555 meritorum
2796 3498 3063 3572 dignitate
3099 3498 3526 3569 transcenderat,

1928 3588 2059 3661 quia
2078 3587 2365 3645 subiturus
2392 3586 2636 3644 coelestia
2674 3586 3054 3660 judicaturum
3081 3603 3138 3643 se
3165 3589 3388 3660 angelos
3415 3603 3527 3644 non

1929 3675 2235 3749 ignorabat.
2268 3676 2331 3732 In
2361 3676 2475 3733 illis
2502 3675 2919 3733 immundorum
2951 3675 3166 3745 inﬁma,
3187 3676 3246 3732 in
3276 3676 3399 3734 istis
3424 3692 3529 3733 su-

1928 3764 2227 3838 perborum
2261 3781 2478 3821 summa
2506 3770 2651 3829 826
2681 3765 2943 3822 calcabat.
2979 3763 3119 3838 [νει.
3158 3766 3243 3821 XI
3250 3764 3335 3840 V.]
3366 3765 3529 3822 Men-

1925 3870 2009 3919 tes
2028 3863 2229 3936 quippe
2258 3870 2575 3921 sanctorum
2606 3863 2922 3919 transitoria
2949 3871 3151 3920 cuncta
3193 3860 3527 3934 despiciunt,

1925 3963 1980 4012 et
2007 3955 2111 4013 sub
2140 3971 2197 4012 se
2225 3955 2335 4011 labi
2362 3955 2635 4029 quidquid
2663 3956 2930 4027 superbit,
2962 3955 3234 4028 quidquid
3262 3955 3526 4027 praeterit,

1924 4045 2409 4117 contemplantur;
2463 4052 2517 4100 et
2547 4043 2705 4117 quasi
2734 4043 2793 4098 in
2825 4043 3061 4117 quodam
3092 4059 3275 4099 rerum
3322 4043 3528 4100 vertice

1924 4134 2262 4199 constitutas,
2305 4139 2460 4188 tanto
2506 4132 2613 4189 sibi
2659 4132 2847 4188 omnia
2895 4131 3116 4189 subesse
3154 4131 3527 4205 conspiciunt,

1924 4232 2132 4300 quanto
2160 4224 2483 4296 semetipsas
2506 4223 2695 4281 verius
2726 4225 2938 4282 auctori
2967 4225 3217 4281 omnium
3238 4224 3482 4282 subdunt
3511 4240 3524 4289 ;

1923 4323 2088 4389 atque
2119 4315 2249 4371 inde
2275 4321 2475 4371 cuncta
2501 4313 2922 4383 transcendunt,
2962 4314 3109 4372 unde
3138 4315 3367 4373 creatori
3397 4333 3528 4372 cun-

1924 4412 2144 4462 ctorum
2175 4419 2308 4460 vera
2336 4419 2392 4460 se
2422 4402 2740 4459 humilitate
2769 4403 3147 4461 substernunt.
3174 4405 3334 4463 Dicat
3360 4421 3486 4478 ergo
3511 4424 3524 4463 :

208 4512 489 4570 quaquam
519 4512 577 4552 se
610 4497 666 4553 in
696 4499 1108 4570 perturbatione
1132 4502 1474 4573 corroborat,
1517 4505 1646 4577 quia
1671 4513 1725 4561 et
1753 4506 1811 4562 in

1934 4495 2037 4564 Qui
2066 4496 2210 4551 docet
2240 4513 2337 4551 nos
2366 4512 2526 4566 super
2543 4493 2787 4564 jumenta
2818 4501 2992 4561 terrae,
3022 4501 3071 4551 et
3098 4513 3259 4568 super
3291 4497 3530 4551 volucres

206 4586 625 4659 tranquillitate
654 4603 765 4643 non
794 4595 1062 4661 temperat
1094 4610 1107 4658 ;
1138 4590 1337 4649 et'ideo
1384 4594 1560 4651 nescit
1586 4593 1815 4655 adversa

207 4674 472 4744 tolerare,
506 4677 635 4750 quia
662 4680 998 4736 constitutus
1025 4682 1083 4736 in
1099 4682 1374 4755 prosperis
1400 4683 1731 4756 cogitatione
1760 4702 1818 4744 se

207 4781 325 4822 non
356 4766 518 4822 novit
553 4783 586 4822 a
624 4768 815 4824 volatu
832 4770 1121 4826 volucrum
1142 4788 1408 4843 premere,
1438 4789 1541 4830 nec
1569 4774 1818 4830 carnales

207 4865 398 4913 motus
436 4874 468 4913 a
507 4855 887 4929 jumentorum
934 4861 1179 4933 ingluvie
1212 4862 1518 4919 sublevare.
1559 4863 1666 4921 Sed
1713 4863 1821 4921 hoc

206 4946 375 5004 beato
393 4948 497 5004 Job
531 4957 686 5006 tanto
718 4950 1176 5009 inconvenienter
1203 4952 1429 5023 dicitur,
1463 4963 1671 5028 quanto
1699 4954 1818 5010 vita

209 5037 335 5111 ejus
372 5038 519 5096 inter
556 5041 668 5098 alta
721 5051 775 5099 et
832 5042 1026 5099 inﬁma
1077 5043 1410 5101 mirabiliter
1459 5052 1816 5117 temperatur.

286 5216 304 5251 ¹
339 5214 766 5300 Vindocqtunc
796 5235 849 5300 se
869 5217 1085 5300 justum
1096 5219 1301 5291 judicet
1321 5238 1352 5300 _;
1396 5236 1516 5294 quas
1567 5221 1731 5300 lectio
1764 5220 1823 5277 in

208 5286 512 5360 superﬁcie
544 5290 773 5364 optima.
808 5286 1041 5364 Praestat
1072 5286 1255 5348 tamen
1285 5286 1474 5360 altera,
1505 5290 1665 5364 cujus
1690 5308 1826 5348 sen-

209 5374 309 5416 sus
340 5368 425 5415 est
454 5376 547 5436 eos
577 5362 671 5433 qui
699 5362 884 5436 carnis
922 5364 1205 5436 voluptate
1224 5362 1672 5436 prosternuntur
1712 5380 1825 5421 non

209 5437 366 5517 tunc
380 5432 626 5517 coepisse
654 5434 767 5517 vici
797 5443 1013 5515 tantum
1035 5432 1279 5517 Quando
1313 5445 1501 5508 aperto
1538 5436 1825 5517 lapsusq-

208 5503 395 5588 perati
426 5503 578 5588 sunt,
606 5504 700 5585 sed
725 5506 881 5588 prius
900 5503 1102 5588 mentis
1134 5503 1391 5588 elatione,
1424 5523 1555 5588 quae
1574 5503 1827 5588 libidinis

208 5574 382 5651 radix
409 5574 1004 5651 est,_fuisse_dejectos.
1036 5578 1099 5635 Id
1126 5580 1357 5636 minime
1378 5574 1693 5651 intelligens
1711 5577 1828 5635 ali-

210 5646 345 5774 quis
394 5647 626 5713 sciolus,
674 5646 1111 5731 absurdumque,
1160 5651 1274 5708 imo
1320 5646 1827 5733 impium:censens

254 5733 405 5774 lcere
433 5733 565 5774 eum
595 5720 691 5774 aui
720 5721 778 5774 in
814 5721 1099 5774 luxuriam
1147 5723 1356 5774 labitur
1398 5739 1498 5774 pro
1526 5729 1675 5774 victo
1714 5738 1827 5774 non

254 5716 405 5776 icere
433 5733 565 5796 eum
595 5720 691 5793 qui
720 5721 778 5777 in
814 5716 1099 5796 luxuriam
1147 5723 1373 5796 labitur
1398 5716 1498 5796 pro
1526 5722 1675 5796 victo
1714 5738 1827 5778 non

209 5788 594 5863 reputandum
611 5788 767 5861 'esse,
802 5791 1162 5851 scribendum
1187 5788 1450 5867 putavit':
1478 5795 1822 5851 nullus.......

1932 4585 2049 4640 caeli
2064 4585 2240 4639 erudit
2256 4586 2460 4640 nos.Ac
2480 4583 2526 4640 si
2542 4582 2768 4640 diceret:
2793 4583 3053 4640 Inﬁrmus
3075 4583 3531 4656 pusillanimitate

1935 4674 2115 4729 victus
2152 4673 2257 4729 ista
2286 4689 2399 4729 non
2429 4672 2596 4740 dixit,
2616 4680 2671 4727 et
2691 4672 2899 4729 idcirco
2915 4674 3065 4729 eum5
3087 4673 3389 4730 adversitas
3417 4680 3529 4728 ten-

1928 4764 2159 4819 tationis
2197 4762 2455 4835 perculit,
2487 4761 2619 4834 quia
2660 4762 3078 4834 tranquillitatis
3122 4770 3368 4835 tempore
3413 4761 3531 4818 haec

1933 4864 2133 4913 cuncta
2154 4854 2500 4912 transeuntia
2514 4854 2668 4910 nulla
2683 4853 3018 4926 perfectione
3039 4854 3335 4925 superavit.
3355 4850 3530 4923 Hujus

1927 4946 2079 5001 enim
2108 4946 2238 5001 vitae
2263 4944 2494 5001 adversa
2513 4960 2625 5000 non
2641 4943 3098 5016 perhorresceret,
3116 4943 3161 4999 si
3179 4939 3531 5014 perfectionis

1930 5034 2128 5090 merito
2156 5034 2323 5091 etiam
2352 5033 2596 5091 secunda
2624 5034 2902 5091 calcasset.
2936 5031 3196 5103 Sequitur
3227 5047 3240 5087 :

1933 5222 2056 5271 tunc
2082 5232 2138 5271 se
2156 5213 2366 5284 justum
2384 5214 2623 5285 judicet;
2650 5220 2927 5285 expuncto.
2959 5225 3096 5268 voce
3122 5209 3334 5267 victum.

2002 5284 2548 5369 ἱῖίηςιροηβίξθιερ
2576 5286 2647 5341 ad
2678 5284 2870 5369 αίίιιάς.
3191 5354 3201 5367 .
3244 5353 3275 5369 .,
3443 5354 3454 5365 .

2010 5360 2036 5436 _3_
2064 5358 2263 5436 Pratel.
2296 5356 2463 5436 etalii
2492 5358 2707 5436 Norm.,
2738 5356 3405 5436 malignorumspirituum
3432 5356 3530 5409 in-

1931 5430 2117 5487 sidias.
2136 5429 2399 5510 Nonnulli
2418 5429 2646 5510 fortasse
2668 5426 2992 5510 maluerunt.
3006 5426 3247 5510 scribere
3272 5426 3530 5510 maligno-

1930 5519 2056 5558 rum
2086 5516 2250 5575 quam
2279 5500 2696 5575 immundorum,
2730 5498 2875 5575 quod
2905 5498 3091 5575 potius
3132 5499 3214 5575 sit
3249 5498 3530 5569 maligno-

1933 5591 2057 5631 rum
2101 5570 2120 5575 “
2155 5590 2244 5629 am
2275 5570 2694 5629 immundorum
2722 5570 3019 5654 spirituum
3051 5570 3281 5627 insidias
3298 5576 3527 5625 struere.

2006 5648 2030 5682 ⁴
2058 5590 2321 5700 θέιᾱοο..
2348 5643 2571 5700 Ebroic.
2603 5650 2659 5699 et
2685 5643 2782 5700 alu
2809 5643 3025 5700 Norm..
3055 5643 3291 5700 calcabat
3317 5646 3523 5695 mentes.

2006 5648 2030 5682 ⁴
2058 5643 2321 5714 Vindoc.,
2348 5643 2571 5701 Ebroic.
2603 5650 2659 5699 et
2685 5643 2782 5700 alii
2809 5643 3025 5712 Norm.,
3055 5643 3291 5700 calcabat
3317 5646 3523 5695 mentes.

2006 5719 2028 5753 ⁵
2058 5717 2286 5787 Pratel.,
2315 5714 2655 5773 adversitatis
2685 5714 2919 5772 tentatio.
