3928 6368
441 321 543 374 367

830 446 1060 501 CAPUT
1090 445 1269 502 XVIII
1299 443 1444 518 [Rec.
1481 445 1659 520 XIl'].

512 563 680 620 Vsus.
717 562 802 618 l2.
821 593 892 604 —
921 563 1004 617 Ibi
1022 564 1345 630 clamabunt,
1367 571 1412 619 et
1433 583 1534 618 non
1557 565 1801 620 exaudiet
1819 571 2041 636 propter

437 652 736 723 superbiam
765 653 1055 708 malorum.

508 746 595 802 32.
628 746 770 800 Justi
794 746 1178 818 permittuntur
1205 748 1438 819 opprimi
1471 755 1528 801 ut
1552 755 1877 820 purgentur,
1908 755 1955 802 et
1983 753 2042 802 ut

435 853 808 907 oppressorum
831 835 1066 906 nequitia
1097 845 1582 892 consum-metur.—
1602 837 1684 892 Ibi
1702 837 1960 892 videlicet
1982 836 2040 891 in

435 924 815 993 tribulatione,
847 931 906 980 ut
934 940 962 979 e
991 933 1182 980 contra
1232 924 1298 980 de
1347 925 1545 996 gaudio
1600 925 1866 996 scriptum
1909 933 1990 979 est
2024 942 2036 980 :

435 1011 566 1069 Filii
593 1031 865 1070 servorum
899 1020 1110 1068 tuorum
1144 1014 1510 1068 inhabitabant
1539 1015 1896 1085 ibi(Psat.CI,
1920 1015 2035 1084 “29).

435 1101 541 1157 Sed
571 1101 794 1158 videtur
821 1101 1096 1157 incertum
1125 1110 1311 1158 utrum
1342 1102 1490 1158 dicat
1520 1120 1531 1158 :
1585 1103 1812 1174 Propter
1841 1119 2042 1174 super-

437 1189 586 1246 biam
619 1192 890 1247 malorum
922 1208 1033 1247 non
1055 1190 1313 1246 exaudiet
1333 1209 1346 1258 ;
1366 1208 1458 1257 an,
1477 1199 1699 1264 propter
1727 1191 2038 1262 superbiam

434 1281 708 1336 malorum
739 1281 1078 1337 clamabunt.
1131 1280 1371 1351 Intelligi
1401 1289 1583 1334 autem
1614 1280 1812 1335 melius
1841 1287 2037 1351 potest,

433 1370 479 1426 si
509 1386 622 1425 non
653 1371 903 1426 exaudiri
937 1370 1122 1443 potius
1151 1375 1372 1441 propter
1400 1369 1671 1424 malorum
1701 1369 2038 1440 superbiam,

432 1475 594 1532 quam
623 1460 859 1516 clamare
889 1462 1215 1515 referantur.
1248 1461 1382 1514 Nam
1415 1458 1562 1531 quod
1594 1466 1816 1530 propter
1857 1457 2041 1512 malo—

431 1565 555 1605 rum
603 1550 914 1622 superbiam
947 1551 1208 1619 clamant,
1237 1549 1348 1622 jam
1380 1566 1545 1622 supra
1574 1549 1784 1605 dictum
1827 1556 1928 1614 est,
1976 1563 2040 1601 eo

432 1655 595 1694 versu
624 1656 734 1712 quo
762 1640 1006 1696 dicitur:
1040 1643 1269 1710 Propter
1295 1641 1681 1694 multitudinem
1717 1639 1730 1672 ¹
1781 1639 2041 1692 violento-

433 1744 556 1781 rum
581 1728 1143 1800 cta-mabunt.Aliquid
1157 1746 1284 1800 ergo
1301 1728 1579 1784 nobishoc
1596 1744 1758 1783 versu
1788 1725 2042 1781 innuitur

1658 320 1903 375 SANCTI
1946 321 2283 376 GREGURII
2323 321 2551 378 MAGNI
3650 323 3758 377 3b8

2076 459 2125 517 Α
2154 449 2410 520 sapientes
2431 449 2729 516 morientes,
2759 451 2919 505 simul
2949 449 3199 520 insipiens
3216 453 3470 503 etstultus
3495 449 3760 520 peribunt

2151 542 2331 611 (Psat.
2366 557 2561 608 XLVIII,
2591 540 2702 610 ll).
2728 539 2876 608 Quos
2895 539 3042 594 enim
3060 536 3357 593 visibiliter
3373 538 3512 592 mori
3535 538 3760 610 conspi-

2151 630 2326 697 ciunt,
2359 629 2717 684 invisibiliter
2747 629 2932 682 vivere
2964 644 3117 698 posse
3149 644 3258 682 non
3291 627 3554 694 credunt;
3593 634 3760 700 atque

2151 738 2214 775 eo
2247 729 2452 776 reatum
2478 720 2820 775 inﬁdelitatis
2840 737 2950 773 sum
2979 719 3410 789 cumulant,quo
3441 717 3555 772 visa
3582 724 3762 772 morte

2155 810 2395 865 fidelium
2455 809 2520 864 de
2576 809 2880 863 aeternitate
2921 807 3226 878 desperant.
3290 806 3464 876 Igitur
3517 805 3758 862 violenti

2153 901 2354 972 quique
2394 899 2521 953 inde
2552 903 2571 934 ⁴
2603 899 2843 953 deterius
2873 897 3157 964 deﬁciunt,
3188 896 3332 950 unde
3363 903 3557 951 contra
3583 896 3758 952 vitam

2153 986 2532 1042 innocentium
2563 987 2804 1041 exterius
2851 988 3280 1051 convalescunt;
3334 992 3596 1058 tantoque
3631 986 3763 1042 illos

2151 1074 2349 1130 intima
2377 1075 2579 1130 veritas
2617 1092 2646 1129 a
2676 1093 2730 1129 se
2771 1075 2915 1129 foras
2957 1073 3130 1144 ejieit,
3183 1081 3388 1145 quanto
3425 1089 3520 1130 eos
3565 1081 3762 1131 contra

2153 1182 2278 1220 suos
2309 1165 2684 1236 temporaliler
2713 1164 2860 1237 quod
2893 1166 3083 1218 volunt
3119 1180 3272 1234 posse
3300 1163 3592 1235 permittit.

2223 1257 2308 1312 33.
2335 1260 2603 1314 Malorum
2625 1276 2779 1328 perna
2809 1257 3048 1326 gravior,
3081 1261 3154 1309 est
3186 1256 3534 1325 prosperitas.
3567 1257 3759 1312 Mani—

2152 1347 2340 1415 festum
2373 1353 2446 1400 est
2473 1346 2860 1418 reproluztiouis
2892 1345 3164 1398 indicium.
3188 1374 3259 1385 —
3279 1345 3540 1416 Quisquis
3571 1344 3758 1420 itaque

2150 1436 2423 1491 bonorum
2447 1454 2470 1489 ι
2486 1437 2616 1491 itam
2648 1436 3150 1508 persequitur,tunc
3173 1433 3353 1505 pejore
3375 1435 3585 1490 ultione
3606 1435 3758 1491 dam-

2153 1535 2332 1595 natur,
2366 1543 2491 1582 cnm
2539 1526 2688 1580 nulla
2719 1524 2768 1579 ei
2803 1523 3130 1578 adversitate
3162 1523 3436 1578 resistitur
3467 1542 3480 1590 ;
3531 1532 3585 1579 et
3622 1532 3757 1582 tunc

2153 1619 2400 1674 fortioris
2432 1618 2524 1673 ira:
2555 1617 2815 1690 periculis
2846 1614 3110 1685 subjacet,
3143 1631 3266 1668 eum
3301 1630 3556 1686 prospere
3587 1632 3755 1687 pera-

2153 1709 2228 1779 git
2250 1708 2395 1780 quod
2419 1708 2672 1780 nequiter
2689 1705 3049 1776 concupiscit,
3075 1704 3202 1776 quia
3225 1703 3482 1759 videlicet
3505 1705 3754 1762 vindicta

432 1815 576 1889 quod
612 1817 776 1888 paulo
805 1791 1068 1872 subtilius
1097 1791 1430 1884 attendatur,
1465 1819 1592 1890 quia
1624 1834 1764 1890 saepe
1794 1815 2040 1888 oppressi
2069 1821 2114 1881 B
2152 1796 2373 1890 S_“P°""_i
2400 1795 2598 1890 indic-il
2626 1794 2912 1890 ξίίῘ-Ϊυιυτξι
2946 1809 3086 1890 θιξηὶ.
3115 1791 3387 1864 supplic“
3423 1794 3751 1890 reSPTVfljldO

432 1906 661 1980 quidam
691 1907 825 1963 dum
865 1908 1247 1977 clamaverint,
1279 1926 1347 1964 ex
1378 1927 1432 1964 se
1485 1911 1707 1982 quidem
1758 1915 2040 1962 merentur

431 1997 638 2068 audiri,
673 1999 767 2055 sed
816 2007 1000 2056 tamen
1045 2017 1234 2056 eorum
1274 2001 1547 2056 desideria
1598 2009 1817 2072 propter
1856 1998 2036 2070 oppri-

432 2089 708 2144 Inentium
740 2090 1054 2162 superbiam
1087 2091 1438 2146 differuntur.
1463 2093 1651 2144 Justus
1672 2087 1873 2160 quippe
1895 2089 2038 2140 Deus

431 2185 484 2234 et
513 2196 640 2234 suos
669 2180 942 2251 permittit
975 2179 1352 2252 temporaliter
1382 2179 1644 2250 opprimi,
1671 2184 1725 2230 et
1755 2176 2038 2228 violento-

429 2283 554 2322 rum
578 2269 846 2324 malitiam
871 2269 1126 2342 nequiter
1145 2269 1355 2340 augeri,
1379 2275 1438 2322 ut
1459 2267 1591 2322 dum
1611 2265 1811 2342 horum
1839 2263 1952 2317 vita
1980 2264 2037 2318 in

433 2360 765 2432 purgatione
805 2361 1025 2430 teritur,
1057 2361 1282 2416 illorum
1327 2357 1573 2430 nequitia
1603 2340 2036 2412 consutmnetur.

434 2446 572 2520 [νει.
609 2449 755 2524 XVI]
796 2451 1128 2524 Plerumque
1177 2467 1309 2505 vero
1339 2446 1561 2514 accidit,
1603 2453 1664 2501 ut
1688 2445 1824 2518 justi
1856 2445 1912 2499 in
1944 2443 2039 2498 tri-

431 2535 716 2594 bulatione
738 2539 1088 2610 deprehensi,
1111 2555 1409 2610 supernum
1434 2535 1688 2591 solatium
1709 2535 1870 2589 etiatn
1904 2541 2038 2588 tem-

436 2627 700 2700 poraliter
729 2629 1057 2698 percipiant,
1090 2629 1238 2700 quod
1281 2625 1472 2682 tamen’
1504 2643 1616 2681 non
1664 2623 2039 2696 temporaliter

435 2717 754 2788 implorant.
790 2718 907 2772 Salv
922 2717 1001 2772 ari
1032 2717 1178 2772 enim
1198 2735 1309 2773 non
1341 2726 1560 2789 propter
1587 2733 1663 2782 se,
1695 2716 1786 2769 sed
1822 2723 2041 2786 propter

437 2806 878 2862 adversariorum
926 2806 1158 2861 salutem
1207 2807 1626 2877 concupiscunt,
1658 2813 1718 2859 ut;
1747 2805 1877 2858 dum
1916 2803 2039 2857 illos

437 2895 788 2967 omnipotens
807 2897 952 2950 Deus
980 2895 1047 2949 ab
1064 2895 1348 2950 immensis
1366 2894 1780 2966 perieulisfacto
1799 2893 2036 2964 quodam

443 2983 712 3039 miraculo
743 2983 958 3053 liberat,
991 2983 1255 3040 virtutem
1291 3002 1445 3039 suam
1491 2983 1624 3054 ipsis
1666 2983 1829 3036 etiam
1863 2998 2036 3053 perse-

429 3073 718 3129 cutoribus
774 3074 1129 3142 innotescat;
1186 3083 1349 3146 atque
1401 3073 1528 3128 inde
1577 3071 1920 3128 adversarios
1968 3069 2038 3126 ad

429 3164 791 3218 teternitatem
823 3163 1080 3230 redimat,
1112 3163 1258 3218 unde
1279 3180 1407 3218 suos
1440 3162 1813 3234 temporaliter
1841 3163 2036 3226 salvat,
2071 3189 2114 3249 Ο

431 3253 576 3307 sicut
603 3253 874 3324 Propheta
903 3268 1124 3323 quoque
1154 3269 1344 3307 vocem
1367 3263 1674 3324 martyrum
1702 3250 2034 3322 suscipiens,

430 3343 525 3396 ait:
549 3345 778 3412 Propter
799 3341 1038 3394 inimicos
1059 3358 1196 3394 meos
1225 3341 1368 3412 eripe
1394 3360 1472 3394 me
1505 3343 1677 3411 (Psal.
1699 3357 1898 3406 LXVIII,
1923 3338 2034 3410 l‘J).

430 3432 512 3484 Ac
535 3429 580 3484 si
607 3428 842 3484 diceret:
868 3429 1096 3501 Propter
1125 3445 1212 3484 me
1238 3429 1461 3501 quidem
1491 3429 1629 3502 eripi
1655 3429 1721 3483 de
1749 3425 2037 3499 temporali

430 3517 788 3572 tribulatione
817 3534 930 3572 non
960 3525 1177 3590 appeto,
1210 3518 1303 3573 sed
1325 3525 1510 3573 tamen
1531 3517 1670 3590 eripi
1699 3523 1922 3588 propter
1941 3515 2037 3570 ad-

431 3607 705 3662 versarios
735 3623 884 3662 meos
913 3607 1268 3679 concupisco,
1301 3615 1362 3663 ut
1379 3607 1509 3663 dum
1541 3624 1663 3664 mea
1691 3608 1808 3662 vita
1835 3603 2036 3662 salvari

432 3699 761 3756 mirabiliter
789 3699 1058 3766 cernitur,
1091 3699 1212 3771 ipso
1250 3699 1647 3756 miraculorum
1679 3699 1805 3754 visu
1835 3696 2034 3752 inimi—

430 3807 620 3846 corum
652 3789 858 3846 duritia
906 3798 1282 3846 convertatur.
1315 3791 1471 3848 Sicut
1505 3808 1634 3863 ergo
1680 3805 1820 3861 saepe
1849 3788 2034 3842 Domi-

429 3897 534 3936 nus
561 3896 786 3936 suorum
819 3879 991 3935 vitam
1022 3881 1397 3952 temporaliter
1417 3897 1515 3952 pro
1532 3879 1888 3935 inimicorum
1907 3893 2032 3932 con-

433 3970 678 4026 versione
699 3971 886 4042 eripit,
918 3971 994 4026 ita
1025 3987 1166 4044 saepe
1197 3987 1424 4026 suorum
1453 3988 1615 4026 voces
1645 3976 1868 4042 propter
1883 3967 2034 4022 dam-

427 4059 704 4116 nationem
740 4061 1189 4134 persequentium
1239 4077 1352 4117 non
1399 4059 1650 4127 exaudit,
1679 4067 1742 4114 ut
1772 4057 2035 4113 videlicet

427 4149 556 4204 inde
585 4157 794 4204 reatum
838 4165 999 4205 suum
1043 4151 1350 4218 cumulent,
1401 4151 1546 4205 unde
1595 4147 1946 4220 praevaluisse
1976 4162 2032 4202 se

428 4238 681 4309 nequiter
725 4238 980 4308 gaudent.
1027 4239 1162 4293 Nam
1205 4238 1299 4310 qui
1343 4237 1650 4292 invisibilia
1697 4237 2027 4308 despiciunt.

428 4343 548 4381 mox
562 4326 640 4380 eri
672 4342 1074 4398 nonnunquam
1105 4326 1424 4382 visibilibus
1465 4325 1748 4380 miraculis
1778 4333 2026 4396 possunt.

429 4415 535 4472 Sed
564 4415 771 4470 idcirco
800 4431 926 4470 cum
951 4414 1118 4486 justis
1149 4417 1470 4486 plerumque
1502 4415 1579 4469 nil
1612 4414 1814 4468 mirum
1844 4413 2032 4469 visibi-

428 4506 556 4560 liter
584 4505 784 4577 agitur,
815 4505 944 4578 quia
973 4521 1161 4560 eorum
1188 4504 1488 4560 adversarii
1519 4504 1823 4558 illuminari
1842 4503 2024 4558 invisi-

426 4595 616 4651 biliter
643 4613 751 4651 non
783 4603 1084 4652 merentur.
1116 4596 1345 4651 Dicatur
1369 4611 1513 4667 ergo:
1541 4595 1621 4650 Ibi
1646 4595 1966 4659 clamabunt,
1985 4601 2029 4647 et

425 4705 532 4742 non
555 4689 800 4743 exaudiet
822 4695 1046 4759 propter
1073 4689 1372 4758 superbiam
1403 4691 1778 4743 matorumAc
1798 4687 1844 4741 si
1870 4687 2029 4741 dice-

425 4789 543 4836 ret:
597 4783 796 4837 Beatus
842 4779 1274 4852 opprimentium
1306 4786 1326 4819 3
1355 4779 1546 4836 audire
1577 4796 1741 4834 voces
1773 4777 2028 4850 prohibet

425 4887 832 4944 oppressorum.
865 4872 976 4927 Nec
1005 4871 1318 4942 eripiuntur
1360 4871 1658 4926 visibiliter
1692 4868 1853 4940 justi,
1885 4872 2027 4929 827

423 4968 444 5002 ³
475 4967 604 5040 quia
649 4969 850 5024 salvari
899 4967 1260 5023 invisibiliter
1309 4984 1421 5022 non
1474 4974 1761 5022 merentur
1807 4964 2024 5035 injusti.

421 5057 574 5115 Unde
611 5054 832 5116 rursum
860 5075 956 5132 per
985 5059 1315 5130 Prophetam
1343 5057 1548 5112 dicitur
1582 5075 1593 5113 :
1653 5058 1786 5112 Cum
1833 5055 2026 5110 viderit

499 5254 531 5327 ¹ᾼ
547 5253 607 5308 In
637 5253 1013 5327 superioribus
1041 5252 1138 5308 ubi
1169 5251 1323 5307 locus
1353 5250 1445 5307 hic
1473 5250 1578 5327 Jo_b_
1605 5251 2027 5327 exponitu_r,pro

427 5324 773 5378 eiolentordm
807 5325 1004 5394 legitur
1029 5327 1498 5380 calunmiatm'um.
1537 5325 1833 5395 Utramque
1864 5324 2028 5377 inter-

426 5395 786 5466 pretationem
837 5398 945 5465 pati
995 5405 1170 5466 potest
1220 5395 1520 5450 ltebraicus
1560 5404 1765 5450 textus.
1799 5396 2016 5466 Aliqua:

426 5467 707 5546 versiones
735 5467 940 5521 habent
963 5475 1184 5538 propter
1206 5469 1519 5538 potentiam,
1549 5474 1772 5540 propter
1817 5467 2029 5522 violen-

429 5545 577 5593 tiam.
926 5546 936 5557 '

499 5611 520 5644 ²
550 5608 665 5676 ΑΙ.,
705 5609 911 5665 audiri.

499 5683 519 5716 ³
551 5681 700 5736 Edit.
751 5682 911 5738 Rom.
944 5680 1086 5736 Sixti
1119 5682 1190 5750 Χῖ,
1219 5689 1274 5738 et
1301 5684 1606 5751 nonnullae,
1650 5683 1777 5753 quia
1823 5682 2029 5736 salvari

429 5753 704 5808 eisibiliter
755 5771 860 5807 non
916 5759 1205 5821 merentur,
1263 5755 1542 5810 mendose.
1602 5756 1730 5810 Mss.
1782 5753 2028 5824 Anglic.,

423 5827 638 5894 Noram,
672 5825 931 5894 Vindoc.,
950 5833 1079 5892 etc.,
1103 5833 1418 5896 veteresque
1447 5827 1620 5892 Edit.,
1652 5825 1855 5881 habent
1885 5825 2032 5882 iuvi-

2149 1886 2410 1952 deseruit,
2441 1886 2531 1942 cui
2581 1885 2671 1939 hic
2702 1885 2756 1937 in
2788 1884 2932 1937 malo
2961 1882 3184 1937 obviare
3213 1883 3564 1955 contempsit.
3599 1885 3741 1942 Hinc

2148 1980 2295 2035 enim
2329 1997 2424 2050 per
2451 1979 2776 2051 Prophetam
2821 1981 3089 2035 Dominus
3117 1981 3254 2036 dicit
3278 1999 3288 2036 :
3340 1982 3536 2037 Dimisi
3565 2001 3649 2036 eos
3678 2001 3748 2036 se-

2147 2071 2372 2124 cundum
2405 2070 2663 2123 desideria
2694 2070 2869 2124 cordis
2895 2088 3096 2138 eorum,
3128 2073 3148 2105 δ
3181 2077 3227 2124 et
3251 2072 3397 2126 ibunt
3425 2073 3479 2126 in
3509 2074 3753 2127 volunta-

2151 2163 2284 2217 tibus
2305 2162 2602 2233 suis(Psal.
2629 2180 2800 2231 Lxxx,
2829 2163 2941 2232 l3).
2970 2164 3108 2219 lline
3138 2182 3356 2220 rursum
3380 2166 3604 2222 dicitur:
3633 2167 3754 2223 Non

2149 2261 2222 2308 est
2251 2255 2399 2324 virga
2431 2254 2527 2308 Dei
2557 2272 2715 2324 super
2744 2255 2866 2310 illos
2893 2255 3040 2324 (Job.
3073 2272 3194 2322 XXI,
3216 2256 3297 2327 9).
3324 2257 3466 2312 Hinc
3495 2258 3660 2312 etiam
3685 2257 3754 2314 de

2147 2343 2268 2415 ipso
2296 2360 2486 2399 eorum
2520 2343 2694 2415 capite
2724 2345 2988 2414 scriptum
3021 2353 3100 2400 est
3134 2363 3144 2399 :
3182 2345 3357 2400 Fat-iet
3399 2354 3446 2401 et
3469 2365 3750 2420 prospera-

2149 2435 2292 2488 bitur
2319 2438 2492 2506 (Dan.
2531 2437 2787 2508 v1n,l'2).
2819 2436 2961 2492 Hinc
2989 2453 3178 2491 rursus
3208 2435 3274 2491 de
3304 2435 3494 2492 eodem
3525 2437 3748 2496 dicitur:

2148 2525 2223 2579 Et
2245 2524 2398 2580 dolus
2431 2527 2484 2579 in
2515 2544 2675 2580 manu
2705 2525 2818 2594 ejus
2855 2525 3118 2596 dirigetur
3145 2527 3318 2595 (Dan.
3366 2544 3492 2595 VIII,
3523 2527 3638 2598 25).
3689 2529 3753 2584 In

2151 2631 2318 2669 manu
2358 2615 2560 2686 quippe
2589 2615 2922 2671 Antichristi
2963 2615 3122 2671 dolus
3153 2607 3443 2688 dirigitur,
3465 2618 3488 2653 ⁶
3531 2617 3658 2690 quia
3689 2617 3748 2674 in

2148 2702 2256 2761 hoc
2285 2706 2430 2776 quod
2461 2713 2650 2760 contra
2679 2704 2854 2760 bonos
2884 2704 3230 2777 preposuerit
3258 2705 3487 2777 implere
3529 2714 3754 2778 tempo—

2149 2800 2336 2854 raliter
2364 2801 2518 2856 nulla
2547 2800 2876 2855 adversitate
2908 2798 3256 2872 praépeditur.
3284 2799 3424 2855 Hinc
3455 2816 3641 2854 rursus
3657 2814 3754 2871 per

2149 2890 2494 2945 Salomonem
2519 2889 2725 2946 dicitur
2759 2909 2769 2946 :
2803 2891 3142 2960 Prosperitas
3173 2891 3457 2943 stultorum
3481 2889 3667 2961 perdet
3690 2890 3750 2944 il-

2152 2981 2226 3033 los
2260 2981 2446 3048 (Prov.
2479 2997 2518 3047 ι,
2551 2981 2665 3050 32).
2703 2980 2841 3053 [l'et.
2876 2978 3052 3052 XVI.]
3093 2979 3442 3034 Manifestum
3477 2995 3602 3050 ergo
3633 2995 3750 3050 per-

2149 3068 2378 3124 ditionis
2406 3069 2674 3124 indicium
2708 3079 2808 3135 est,
2834 3068 3053 3140 quando
3075 3069 3342 3123 allectatis
3363 3067 3751 3140 iniquitatibus

2148 3159 2486 3232 subsequens
2519 3160 2594 3214 fax
2611 3167 2663 3214 et
2702 3159 2946 3226 effectus,
2979 3167 3031 3213 et
3061 3159 3213 3213 nulla
3256 3159 3617 3214 contrarietas
3647 3158 3749 3214 im-

2149 3249 2300 3319 pedit
2355 3249 2500 3321 quod
2552 3267 2705 3304 mens
2752 3265 3004 3320 perversa
3047 3247 3378 3319 conceperit.
3430 3249 3564 3303 Nam
3608 3262 3750 3316 saepe

2147 3353 2444 3408 pravorum
2478 3337 2766 3392 hominum
2790 3338 2920 3392 dum
2954 3337 3241 3392 tardantur
3261 3345 3409 3404 vota,
3444 3343 3745 3403 mutantur;

2148 3434 2201 3480 et
2231 3425 2362 3480 dum
2409 3426 2796 3482 ditlicultatem
2837 3427 3193 3499 perfectionis
3239 3426 3506 3494 sentiunt,
3537 3433 3746 3480 reatum

2149 3517 2306 3570 malae
2335 3516 2570 3571 actionis
2613 3524 2918 3587 agnoscunt
2953 3535 2966 3584 ;
3018 3524 3072 3572 et
3117 3517 3321 3589 quibus
3369 3517 3522 3588 prius
3551 3514 3744 3570 invitis

2147 3606 2566 3674 contradicitur,
2602 3607 2848 3662 volentes
2877 3605 3231 3677 postmodum
3256 3604 3360 3660 hoc
3383 3602 3530 3676 quod
3557 3618 3747 3659 conce-

2147 3705 2359 3769 perant,
2390 3697 2768 3752 adversantur.
2804 3695 2944 3762 Quia
2988 3696 3158 3766 igitur
3187 3694 3360 3750 malos
3390 3710 3516 3748 cum
3545 3692 3749 3750 deserit

2144 3786 2414 3840 Dominus
2461 3785 2758 3858 praevalere
2787 3783 3079 3857 permittit,
3128 3790 3181 3839 et
3211 3782 3356 3838 unde
3384 3783 3745 3854 superborum

2143 3874 2390 3946 nequitia
2439 3875 2740 3945 perficitur,
2801 3872 2928 3928 inde
3000 3871 3300 3928 humilium
3359 3871 3748 3944 longanimitas

2142 3972 2576 4033 consummatur,
2607 3965 2826 4022 dicatur
2851 3971 2995 4018 recte
3027 3981 3038 4018 :
3087 3963 3170 4018 Ibi
3215 3962 3537 4030 clamabunt,
3567 3967 3616 4016 et
3641 3978 3746 4018 non

2141 4055 2389 4110 exaudiet
2409 4061 2633 4125 propter
2660 4054 2962 4124 superbiam.
2992 4055 3276 4109 malorum.
3311 4052 3578 4125 Sequitur
3610 4069 3622 4108 :

2569 4145 2798 4200 CAPUT
2830 4144 2960 4198 XIX
2994 4143 3137 4216 [ηερ.
3170 4143 3315 4215 XV].

2213 4236 2383 4294 Vnus.
2435 4237 2518 4292 l3.
2568 4267 2638 4276 —
2677 4237 2852 4305 Neque
2894 4235 3030 4289 enim
3060 4234 3273 4303 frustra
3301 4233 3481 4288 audiet
3507 4234 3670 4300 Deus,
3698 4236 3744 4287 et

2144 4325 2482 4395 Omnipotens
2511 4325 2840 4394 singulormn
2871 4341 3056 4378 causas
3079 4323 3384 4377 intuebitur.

2214 4413 2301 4469 34.
2333 4415 2608 4468 Desideria
2647 4421 2948 4467 sanctorum
2994 4431 3050 4468 eo
3080 4412 3398 4467 cunmlatius
3437 4410 3744 4465 exaudiun-

2143 4509 2251 4570 tur,
2291 4521 2392 4572 quo
2427 4505 2651 4558 tardius.
2676 4535 2746 4544 —
2777 4503 3085 4559 Notandum
3119 4503 3265 4576 quod
3287 4502 3396 4558 duo
3418 4510 3547 4558 sunt
3576 4501 3742 4569 dicta,

2137 4593 2266 4664 quia
2295 4601 2349 4648 et
2379 4595 2703 4650 clamantem
2736 4611 2846 4649 non
2876 4595 3079 4649 frustra
3104 4593 3278 4661 audit,
3312 4600 3365 4647 et
3383 4601 3568 4648 tamen
3597 4589 3746 4664 quod

2139 4685 2350 4754 patitur
2385 4685 2626 4756 respicit,
2677 4694 2729 4739 et
2784 4685 3044 4740 exaudire
3093 4700 3254 4738 voces
3304 4682 3640 4750 dissimulat,
3690 4685 3745 4736 et

2139 4777 2285 4846 quod
2315 4778 2692 4848 unusquisque
2727 4777 2920 4831 tolerat
2952 4791 3062 4830 non
3118 4775 3353 4845 ignorat.
3396 4775 3568 4829 Nemo
3616 4786 3744 4848 ergo

2138 4866 2230 4936 qui
2264 4865 2475 4920 tardius
2501 4867 2724 4919 aud.tur
2753 4865 2937 4920 credat
2967 4863 3114 4935 quod
3144 4880 3174 4916 a
3214 4878 3449 4933 superna
3477 4877 3610 4916 cura
3638 4875 3745 4914 ne-

2139 4955 2392 5026 gligatur.
2424 4958 2574 5026 Smpe
2604 4955 2749 5009 enim
2789 4963 2975 5009 nostra
3004 4952 3296 5017 desideria,
3328 4951 3456 5023 quia
3493 4949 3744 5005 celeriter

2138 5060 2250 5100 non
2280 5043 2442 5115 ﬁunt,
2483 5045 2902 5103 eaandiuntnr:
2955 5053 3008 5099 et
3063 5041 3208 5114 quod
3258 5038 3477 5113 impleri
3526 5039 3743 5095 concite

2137 5246 2384 5302 sibiliter.
2744 5273 2749 5278 ·

2214 5323 2230 5354 "
2262 5323 2343 5375 Ita
2383 5317 2644 5385 Vimine,
2675 5317 2902 5382 Turon.,
2937 5315 3146 5381 Datim,
3181 5313 3359 5381 Colb.,
3391 5314 3591 5368 I’ratel.
3621 5310 3738 5367 alii-

2138 5409 2240 5464 que
2262 5393 2475 5464 Norm.,
2507 5407 2722 5464 necum
2753 5397 2862 5464 vet.
2883 5387 3001 5464 βά.
3031 5389 3087 5440 ln
3119 5395 3347 5464 recent.,
3383 5386 3626 5464 interius:

2208 5467 2229 5499 ⁵
2263 5462 2521 5528 Vindoc.,
2557 5463 2764 5526 Baluz.,
2797 5460 2952 5514 Co'l).
2996 5467 3045 5511 et
3089 5460 3223 5528 pler.
3257 5459 3472 5524 Norm.,
3506 5463 3555 5510 et
3585 5457 3740 5528 ibunt

2141 5537 2192 5590 in
2222 5525 3338 5604 roluptatibussuis.Priorlectio‘concinit
3369 5525 3740 5604 magistextui

2141 5607 2304 5662 Hebr.
2337 5601 2390 5661 et
2425 5605 2692 5675 Vulgata),
2728 5605 2781 5657 in
2810 5601 3268 5675 adiureutionib‘us
3307 5601 3438 5675 suis.

2211 5683 2232 5712 θ
2262 5678 2352 5734 Sic
2382 5671 2592 5740 Baluzi,
2625 5675 2803 5742 tiolb.,
2863 5671 3082 5729 Ehroic.
3121 5671 3325 5741 aliique
3354 5672 3542 5726 Norm.
3577 5671 3740 5724 Deest

2143 5752 2196 5805 in
2228 5751 2286 5806 in
2314 5747 2714 5808 recentioribus
2741 5746 2844 5804 Ed.
