3928 6384
212 388 327 446 369

959 389 1335 445 MORALIUM
1375 391 1510 448 LIB.
1549 391 1753 447 XXVI.
1796 419 1867 433 —
1906 392 1972 446 ΙΝ
2017 391 2244 447 CAPUT
2287 393 2499 448 XXXV
2541 395 2601 448 Β.
2644 396 2785 448 JUB.

3424 394 3531 449 370

206 510 475 584 petimus,
518 518 573 565 et
602 511 719 583 ipsa
748 511 944 567 melius
974 512 1228 568 tarditate
1259 524 1626 587 prosperatur.
1660 517 1812 585 Sazpe
1841 514 1893 574 A
1920 514 1965 569 si
1996 515 2371 570 illuminatam
2401 522 2650 593 seatque
2679 517 3021 573 sublevatam
3051 536 3171 592 quae
3200 520 3259 576 in
3290 517 3531 576 tenebris

207 617 323 655 vox
352 606 543 655 nostra
570 616 636 655 eo
666 600 949 672 perficitur
967 618 1075 674 quo
1095 601 1380 671 differtur;
1414 613 1610 660 etcum
1633 621 1816 675 super-

204 689 501 745 ficietenus
543 689 740 761 petitio
787 691 1103 763 negligitur,
1148 702 1275 749 vota
1322 704 1507 750 nostra
1549 694 1715 749 altius
1756 694 1815 748 in

204 778 611 850 cogitationum
654 779 835 835 radice
882 784 1273 852 complentur:
1321 785 1463 839 sicut
1510 792 1562 838 et
1609 784 1817 838 semina

205 869 476 925 messium
518 870 642 940 gelu
670 886 853 941 pressa
883 870 1218 939 solidantur;
1265 881 1317 928 et
1347 892 1454 946 quo
1485 874 1550 928 ad
1578 872 1819 943 superfi—

204 956 352 1013 ciem
394 957 609 1013 tardius
651 967 877 1026 exeunt,
927 962 1030 1014 eo‘
1073 961 1141 1015 ad
1177 961 1386 1032 frugem
1425 960 1819 1032 multipliciora

203 1057 574 1121 consurgunt.
608 1050 893 1105 Desideria
922 1051 1103 1123 itaque
1125 1060 1311 1107 nostra.
1333 1053 1595 1108 dilatione
1625 1062 1818 1107 exten-

205 1134 446 1206 duntur,
492 1144 554 1192 ut
584 1138 909 1210 proﬁciant;
960 1140 1276 1211 proﬁciunt,
1328 1150 1385 1195 ut
1433 1142 1498 1195 ad
1544 1143 1644 1197 hoc
1674 1141 1819 1215 quod

205 1234 538 1299 perceptura
568 1235 698 1283 sunt
727 1230 1140 1297 convalescant;
1166 1232 1543 1287 exercitantur
1564 1232 1617 1285 in
1637 1239 1821 1286 certa-

206 1314 386 1383 mine,
445 1323 505 1371 ut
555 1321 699 1379 828
750 1316 1052 1389 majoribus
1097 1319 1451 1374 cumulentur
1482 1319 1724 1391 praemiis
1761 1318 1818 1373 in

205 1411 601 1481 retributione,
652 1412 806 1467 labor
858 1414 1200 1485 protrahitur
1246 1432 1462 1487 pugna},
1512 1422 1572 1469 ut
1614 1421 1820 1469 crescat

205 1516 423 1556 corona
452 1501 717 1557 victoriae.
765 1502 904 1557 Suos
932 1519 1061 1574 ergo
1093 1504 1359 1560 Dominus
1401 1522 1527 1560 cum
1560 1504 1822 1559 velociter

207 1613 327 1652 non
360 1594 609 1663 exaudit,
638 1612 747 1667 quo
776 1595 1038 1666 repellere
1068 1596 1313 1651 creditur
1344 1597 1533 1651 trahit.
1568 1598 1819 1652 Internus

208 1686 418 1759 quippe
447 1693 528 1739 est
557 1684 824 1751 medicus,
858 1691 913 1739 et
942 1694 1287 1756 peccatorum
1312 1686 1367 1740 in
1392 1685 1549 1740 nobis
1570 1684 1821 1755 contagia

208 1792 338 1847 quae
370 1774 544 1829 inesse
575 1774 897 1830 medullitus
919 1776 1173 1847 reprobat
1193 1782 1358 1842 secat,
1376 1774 1821 1831 abscinditvirus

1922 605 2137 678 jacebat
2192 606 2459 679 agnoscit.
2518 608 2645 662 Ilaec
2696 623 2824 677 ergo
2873 608 2931 662 in
2988 610 3278 682 semetipsa
3331 620 3533 669 cuncta

1929 696 2274 767 recolligens,
2315 696 2446 752 dum
2496 695 2639 751 bona
2666 704 2887 768 accepta
2925 698 3253 765 considerat,
3304 700 3534 756 adversa

1930 801 2048 857 qua:
2079 789 2273 841 tolerat
2296 804 2405 841 non
2436 793 2687 852 accusat;
2729 802 2829 841 nec
2843 786 3221 857 desperatione
3239 788 3530 859 frangitur,

1931 891 2051 945 quze
2098 883 2380 932 tantorum
2435 892 2728 931 munerum
2786 876 3165 932 consolatione
3223 877 3532 945 roboratur,

1932 964 2060 1035 quia
2088 982 2236 1035 spem
2278 966 2345 1019 de
2394 965 2597 1019 futuris
2632 965 2847 1036 recipit,
2894 964 3028 1019 dum
3062 972 3332 1020 transacta
3360 966 3536 1021 bene-

1932 1054 2056 1109 ﬁcia
2085 1053 2443 1125 recognoscit.
2490 1054 2646 1109 Dicat
2676 1055 2858 1126 itaque
2889 1073 2899 1110 :
2939 1055 3127 1109 Etiam
3155 1074 3271 1109 cum
3301 1056 3530 1111 dixeris:

1932 1146 2052 1201 Non.
2086 1146 2402 1209 considerat,
2425 1144 2674 1213 judicare
2706 1162 2884 1200 coram
2914 1146 3028 1210 illo,
3059 1152 3108 1201 et
3134 1153 3371 1217 exspecta
3399 1164 3534 1201 eum.

1934 1238 2012 1290 Ac
2041 1235 2083 1288 si
2126 1234 2332 1289 diceret
2368 1253 2379 1289 :
2415 1234 2551 1290 Cum
2600 1234 2811 1290 idcirco
2858 1236 3006 1291 Deus
3051 1236 3394 1291 considerare
3426 1252 3537 1290 non

1933 1325 2196 1394 creditur,
2242 1325 2369 1398 quia
2404 1325 2552 1381 tarde
2592 1325 2900 1392 miseretur,
2956 1324 3156 1380 intima
3186 1322 3537 1397 cogitationis

1933 1413 2238 1486 ingredere,
2283 1423 2443 1486 atque
2492 1414 2605 1470 illic
2632 1432 2814 1471 coram
2858 1413 2975 1486 ejus
3008 1415 3183 1472 oculis
3223 1432 3398 1471 causae
3430 1422 3539 1470 tua)

1926 1501 2200 1573 judicium
2241 1504 2491 1574 suscipe;
2537 1506 2623 1559 et3
2655 1522 2774 1577 quae
2805 1505 2919 1576 ipse
2949 1505 3190 1561 vivendo
3223 1506 3536 1575 contulisti,

1933 1593 2019 1646 vel
2055 1610 2173 1664 qua)
2203 1592 2631 1649 misericorditer
2659 1595 2970 1666 percepisti,
3006 1596 3291 1661 discerne;
3326 1604 3377 1652 et
3406 1603 3540 1651 tunc

1932 1682 1999 1737 ad
2029 1683 2143 1753 spei
2178 1682 2437 1738 fiduciam
2472 1684 2635 1750 redis,
2664 1684 2795 1739 dum
2822 1684 2963 1739 bona
2990 1693 3155 1739 tantae
3178 1683 3540 1755 benignitatis

1933 1771 2232 1839 erubescis,
2265 1779 2537 1843 quatenus
2566 1772 2710 1826 inter
2742 1772 2969 1827 adversa
2999 1772 3231 1827 ﬁdenter
3262 1781 3541 1843 exspectes

210 1863 527 1935 putredinis
572 1864 716 1921 ferro
762 1865 1170 1931 tribulationis;
1221 1875 1274 1921 et
1325 1884 1433 1938 quo
1482 1884 1644 1922 voces
1692 1865 1823 1937 mgri
1856 1878 1902 1938 Β
1933 1877 2094 1934 quem
2136 1867 2189 1914 et
2235 1867 2358 1930 post
2405 1860 2608 1915 delicta
2652 1861 2953 1932 propitium
3008 1861 3223 1916 recolis.
3263 1861 3543 1932 Speranda

207 1952 408 2008 audire
456 1953 794 2021 dissimulat,
830 1972 893 2011 eo
937 1955 1281 2027 aegritudinis
1328 1956 1495 2011 ﬁnem
1540 1964 1818 2028 procurat.

208 2043 358 2099 Hinc
406 2042 557 2099 enim
588 2044 860 2116 Propheta
886 2045 963 2100 ait
1006 2063 1017 2100 :
1064 2046 1204 2100 Deus
1248 2063 1410 2113 meus,
1458 2045 1695 2101 clamabo
1726 2062 1823 2116 per

206 2133 374 2197 diem,
404 2139 576 2188 etnon
596 2134 874 2201 exaudies;
910 2141 956 2189 et
976 2142 1139 2202 nocte,
1164 2142 1333 2189 etnon
1362 2135 1433 2191 ad
1461 2134 1825 2206 insipientiam

211 2221 344 2276 mihi
392 2223 574 2289 (Psal.
622 2240 753 2291 xvi,
800 2223 891 2295 3).
942 2225 1021 2279 Ac
1073 2223 1117 2280 si
1163 2223 1371 2280 diceret
1413 2241 1423 2279 :
1468 2226 1823 2296 Nequaquam

211 2313 355 2369 mihi
389 2313 458 2369 ad
490 2313 864 2387 insipientiam
887 2315 1105 2387 proﬁcit
1127 2316 1274 2388 quod
1304 2314 1392 2371 die
1423 2332 1485 2371 ac
1513 2323 1673 2371 nocte
1703 2315 1825 2369 cla-

211 2413 462 2460 mantem
496 2421 580 2459 me
609 2405 871 2461 continue
901 2422 1011 2460 non
1033 2405 1281 2472 exaudis,
1323 2405 1452 2479 quia
1472 2405 1619 2460 unde
1652 2420 1736 2459 me
1766 2403 1825 2458 in

212 2492 509 2565 temporali
539 2492 899 2550 tribulatione
936 2495 1089 2567 quasi
1130 2495 1357 2563 deseris,
1402 2494 1530 2550 inde
1560 2493 1627 2550 ad
1659 2501 1826 2548 reter-

208 2600 342 2639 nam
373 2584 701 2654 sapientiam
726 2586 849 2657 plus
869 2585 1075 2642 erudis.
1095 2586 1237 2641 Hinc
1256 2587 1421 2641 etiam
1439 2586 1576 2641 dicit
1602 2604 1612 2640 :
1638 2585 1724 2640 Ad
1722 2585 1827 2655 ju—

212 2679 300 2728 tor
328 2674 385 2727 in
410 2674 917 2745 opportunitatibus,
941 2675 996 2728 in
1016 2675 1354 2729 tribulatione
1376 2675 1549 2746 (Psal.
1588 2692 1667 2741 ix,
1710 2673 1824 2743 10).

215 2763 663 2819 Tribulationem
694 2764 898 2836 quippe
928 2763 1197 2829 dicturus,
1221 2764 1659 2835 opportunitates
1680 2778 1829 2832 pra:-

218 2853 395 2920 misit,
429 2852 562 2924 quia
592 2868 732 2923 saepe
764 2859 819 2906 et
856 2850 1212 2906 tribulatione
1253 2852 1611 2917 conterimur,
1659 2857 1713 2904 et
1736 2857 1829 2904 ta-

220 2958 349 2998 men
399 2947 775 3012 opportunum
812 2940 1058 2995 nondum
1093 2941 1216 2994 est2
1268 2948 1330 2996 ut
1376 2939 1444 2994 ad
1491 2939 1828 2995 desiderium

213 3030 523 3103 ereptionis
579 3027 924 3100 adjuvemur.
990 3029 1215 3085 Dicatur
1270 3045 1397 3101 ergo
1432 3047 1443 3084 :
1478 3030 1654 3099 Neque
1694 3028 1832 3082 enim

212 3118 437 3189 frustra
465 3118 648 3173 audiet
675 3118 836 3183 Deus,
867 3125 915 3173 et
933 3119 1269 3190 Omnipotens
1290 3119 1622 3188 singulorum
1641 3134 1828 3172 causas

1931 1950 2134 2005 etenim
2182 1948 2401 2004 fuerant
2446 1965 2682 2020 superna
2734 1948 3031 2021 adjutoria,
3084 1950 3250 2005 etiam
3300 1948 3347 2004 si
3389 1950 3543 2005 nulla

1930 2038 2196 2095 beneﬁcia
2257 2039 2681 2110 praecessissent.
2750 2038 3157 2111 Sciendumque
3215 2038 3346 2111 quia
3398 2039 3544 2093 Deus

1936 2128 2219 2183 hominem
2249 2143 2415 2199 quem
2439 2128 2676 2200 benigne
2697 2127 2947 2184 condidit
2970 2129 3155 2202 inique
3177 2144 3288 2184 non
3310 2127 3539 2200 spernit.

2005 2218 2091 2274 36.
2132 2218 2234 2286 Qui
2255 2217 2532 2289 praeterita
2575 2235 2796 2275 munera
2839 2218 3157 2283 considerat,
3199 2217 3392 2288 futura
3440 2233 3545 2271 non

1934 2309 2184 2379 desperet.
2216 2337 2287 2347 —
2315 2306 2662 2363 Pensandnm
2689 2314 2769 2363 est
2809 2307 2977 2380 igitur
3006 2307 3193 2380 quanti
3216 2315 3299 2363 est
3317 2304 3545 2378 periculi

1937 2405 2206 2453 transacta
2237 2413 2464 2453 munera
2489 2413 2728 2465 cernere,
2758 2405 2812 2452 et
2836 2398 3022 2454 futura
3057 2397 3365 2469 desperare;
3398 2399 3544 2458 829

1935 2496 2125 2570 quanti
2159 2503 2239 2550 est
2272 2495 2542 2566 periculi‘
2572 2495 2618 2549 si
2645 2495 2701 2549 in
2734 2494 2837 2552 hac
2861 2496 3098 2567 procella
3117 2494 3544 2550 tribulationum

1936 2584 2335 2657 desperationis
2368 2583 2655 2654 naufragio
2688 2584 3021 2656 frangimur,
3042 2586 3061 2618 ⁵
3095 2584 3189 2657 qui
3224 2583 3292 2640 ad
3326 2590 3545 2655 portum

1936 2676 2051 2746 Spei
2080 2675 2233 2729 velut
2261 2673 2547 2729 immensis
2583 2673 2810 2729 funibus
2860 2673 3149 2747 praeteritis
3197 2674 3357 2729 donis
3390 2675 3537 2745 liga—

1939 2780 2080 2819 mur.
2126 2763 2580 2836 Dicaturitaque
2626 2772 2770 2819 recte
2806 2781 2817 2818 :
2847 2764 3099 2819 Judicare
3133 2781 3310 2818 coram
3350 2762 3464 2831 illo,
3502 2771 3549 2817 et

1940 2859 2177 2923 exspecta
2207 2869 2341 2906 eum.
2389 2854 2526 2907 Nam
2563 2853 2657 2924 qui
2692 2853 3045 2923 semetipsum
3078 2869 3263 2907 coram
3294 2854 3406 2908 Deo
3436 2870 3546 2908 non

1935 2939 2172 3012 judicat,
2214 2955 2338 2994 eum
2385 2938 2517 2993 dum
2571 2939 2839 3010 afﬂigitur
2886 2956 3000 2994 non
3044 2948 3342 3011 exspectat.
3381 2940 3549 3012 Cujus

1940 3029 2087 3084 enim
2122 3029 2265 3084 bona
2288 3028 2625 3100 praecessisse
2642 3027 2976 3094 dissimulat,
2995 3028 3081 3099 adj
3092 3031 3269 3084 utoria
3292 3031 3547 3102 subsequi

1942 3134 2099 3189 posse
2130 3117 2417 3190 desperat;
2472 3126 2526 3174 et
2572 3134 2696 3173 cum
2733 3117 3135 3189 prateritorum
3174 3118 3545 3187 obliviscitur,

216 3208 530 3264 intuebitur.
563 3205 702 3280 [Vet.
736 3207 943 3282 XVII.]
993 3207 1097 3263 Sed
1141 3208 1271 3280 quia
1318 3208 1643 3280 plerumque
1674 3222 1824 3261 non—
1865 3240 1909 3300 Ο
1945 3207 2110 3262 etiam
2157 3206 2610 3278 subsequentium
2656 3206 2903 3276 largitate
2936 3205 3239 3261 fraudatnr.
3289 3205 3396 3262 Sed
3425 3223 3549 3262 ecce

217 3298 368 3354 nulli
412 3304 467 3352 et
514 3296 631 3368 ipsa
678 3296 939 3368 adjutorii
992 3296 1249 3352 tarditate
1308 3296 1660 3370 franguntur,
1704 3303 1827 3368 apte

224 3385 349 3458 subj
358 3386 518 3458 ungit
552 3403 562 3441 :

648 3474 877 3532 CAPUT
906 3475 1014 3531 xx
1060 3473 1203 3547 [Rec.
1235 3474 1414 3548 XVI].

292 3565 468 3622 VEns.
508 3564 594 3620 14.
627 3595 698 3606 -
724 3565 907 3621 Etiam
936 3582 1052 3619 cum
1080 3565 1285 3619 dixeris
1317 3582 1327 3619 :
1364 3565 1485 3621 Non
1514 3562 1832 3632 considerat,

208 3654 466 3724 judicare
494 3671 673 3709 coram
701 3653 820 3722 illo,
854 3660 901 3709 et
930 3660 1169 3724 exspecta
1199 3670 1336 3707 eum.

296 3745 387 3802 35.
429 3745 825 3816 Desperationis
849 3746 1086 3816 procella
1118 3743 1407 3815 ingruente,
1429 3743 1500 3797 ad
1530 3741 1835 3795 memoriam

208 3834 525 3912 _recocanda
553 3840 678 3889 sunt
704 3834 803 3890 Dei
837 3834 1101 3905 beneﬁcia.
1131 3865 1201 3874 —
1241 3834 1490 3888 Fortasse
1521 3831 1669 3885 enim
1701 3829 1833 3885 dum

225 3924 441 3980 clamor
470 3930 656 3979 noster
686 3923 841 3996 quasi
891 3923 1211 3995 negligitur,
1250 3939 1372 3995 spes
1411 3938 1531 3993 quae
1561 3919 1710 3976 cordi
1741 3920 1836 3973 in—

222 4023 344 4072 erat
374 4016 721 4072 inﬁrmatur:
755 4024 809 4072 et
838 4034 1072 4089 superna
1094 4017 1371 4089 adjutoria
1386 4015 1643 4071 defutura
1664 4013 1835 4069 credi-

223 4121 374 4172 mus,
405 4104 538 4177 quia
567 4105 779 4161 tardius
808 4106 1200 4178 impetramus;
1242 4123 1305 4163 ac
1344 4121 1481 4178 pene
1514 4101 1838 4160 inconside-

223 4202 345 4250 rata
375 4196 488 4251 Deo
521 4211 638 4250 esse
669 4194 1103 4266 ingemiscimus,
1141 4212 1261 4268 quae
1299 4196 1477 4251 inulta
1514 4194 1833 4249 toleramus.

220 4283 334 4339 Sed
364 4300 490 4339 cum
546 4284 649 4340 ista
680 4301 780 4341 nos
813 4284 1209 4357 desperationis
1256 4284 1496 4357 procella
1524 4281 1836 4347 conturbat,

224 4388 498 4429 concussa
527 4390 683 4429 mens
712 4373 877 4429 citius
908 4375 965 4429 in
1008 4382 1230 4447 portum
1270 4374 1384 4445 spei
1425 4391 1479 4429 se
1510 4372 1764 4437 collocat,
1794 4368 1837 4423 si

223 4478 421 4518 causas
449 4478 578 4518 suas
607 4480 732 4519 cum
778 4463 1017 4518 Domino
1065 4463 1343 4519 subtiliter
1370 4469 1581 4534 pensat,
1624 4460 1667 4514 si
1699 4459 1843 4513 bona

224 4550 349 4623 ejus
376 4551 446 4607 ad
477 4551 800 4608 memoriam
832 4560 1073 4619 revocat,
1123 4554 1168 4607 si
1211 4553 1353 4607 mala
1383 4568 1503 4624 quae
1532 4549 1692 4605 bonis
1722 4546 1839 4617 ejus

228 4640 480 4696 reddidit
525 4641 670 4713 apud
707 4641 1057 4712 semetipsam
1106 4641 1303 4696 callide
1346 4656 1457 4695 non
1500 4644 1747 4703 excusat,
1792 4637 1837 4692 si

228 4729 524 4803 perpendit
552 4730 688 4803 quid
722 4730 790 4786 ab
820 4746 884 4785 eo
910 4728 1057 4800 juste
1088 4730 1290 4785 meruit
1305 4736 1358 4784 et
1379 4727 1513 4799 quid
1541 4728 1841 4782 clementer

227 4819 467 4890 accepit,
489 4819 536 4875 si
566 4819 737 4875 vitam
769 4836 923 4875 suam
952 4810 1220 4874 vivaciter
1250 4817 1500 4884 discutit,
1532 4816 1577 4871 si
1599 4822 1723 4870 ante
1740 4812 1839 4868 Dei

229 4908 425 4965 oculos
439 4925 602 4965 omne
623 4910 769 4983 quod
784 4911 896 4981 agit
911 4908 1235 4963 examinans
1252 4907 1599 4978 semetipsum
1620 4904 1843 4960 sibimet

232 5015 349 5055 non
376 4999 688 5069 abscondit,
720 5000 767 5057 si
796 5000 998 5056 factam
1028 5014 1084 5053 se
1114 5014 1233 5070 quae
1270 5013 1382 5052 non
1412 5003 1533 5051 erat
1562 4992 1839 5059 meminit,

313 5214 328 5245 ¹
366 5212 579 5279 Baluz.,
609 5211 917 5283 adfrugem
936 5208 1384 5283 multipliciorem.

311 5283 333 5316 ³
367 5283 498 5351 Ed.,
532 5272 590 5337 ut
618 5272 880 5355 desiderio
909 5272 1207 5353 ereptionis.
1254 5276 1539 5355 Melius_in_
1568 5275 1695 5355 Mss.
1723 5272 1846 5355 Iu—

234 5371 385 5422 ron.,
433 5347 693 5423 Vindoc.,
740 5354 922 5423 Colb.,
965 5347 1251 5419 Norman.,
1305 5357 1361 5404 ut
1400 5349 1470 5404 ad
1506 5347 1843 5410 desiderium,

232 5426 345 5482 hoc
370 5433 478 5498 est,
512 5433 572 5481 ut
601 5427 884 5481 secundum
902 5425 1243 5498 desiderium.
1362 5494 1375 5498 _
1547 5497 1550 5498 ν
1603 5489 1637 5498 η
1676 5487 1707 5498 ι,

311 5499 332 5532 3
368 5489 625 5571 Longip.,
666 5498 795 5568 quid
831 5515 1002 5553 causa?
1031 5504 1085 5550 tu
1113 5497 1159 5551 ei
1190 5494 1407 5549 vivendo
1438 5489 1729 5551 contulisti,
1761 5489 1847 5543 vel

276 5586 358 5623 ηαξ
364 5613 375 5624 .

276 5587 375 5624 κω.

236 5587 267 5639 q
311 5643 331 5676 ⁵
367 5640 629 5707 Vindoc.,
659 5642 705 5694 si
738 5640 788 5693 in
824 5640 918 5693 hac
950 5640 1055 5693 vita
1085 5638 1315 5707 procella
1351 5632 1775 5707 [νίὺιιιίιιὶοηριηιἶ

314 5713 333 5746 ⁵
364 5702 628 5779 Vindoc.,
661 5711 906 5777 Ebroic.,
955 5717 1010 5763 et
1055 5702 1172 5775 alii,
1217 5709 1306 5777 qui
1343 5708 1413 5760 ad
1452 5712 1667 5777 portum
1704 5702 1845 5775 ﬁdei.

241 5784 431 5840 Baluz.
465 5790 521 5838 et
539 5782 720 5849 Colb.,
751 5783 879 5852 quia
906 5781 976 5835 ad
998 5786 1232 5852 portum.

316 5858 339 5891 δ
373 5853 611 5912 Vindoc.
642 5860 696 5908 et
724 5850 946 5921 Pratel.,
980 5850 1346 5924 longanimiter
1374 5854 1751 5920 exspectamus.

1948 3296 2081 3350 dum
2117 3312 2217 3351 nos
2238 3295 2562 3365 afﬂigimur,
2582 3294 2714 3349 dum
2737 3294 3133 3350 consolationis
3154 3295 3409 3367 gratiam6
3434 3296 3548 3351 lon-

1944 3385 2240 3457 ganimiter
2285 3385 2644 3451 sustinemus,
2677 3384 2808 3438 mali
2843 3383 2911 3439 ad
2946 3381 3130 3455 pejora
3159 3393 3549 3457 prorumpunt,

1944 3481 2109 3546 atque
2139 3475 2236 3528 e07
2270 3473 2582 3545 iniquitatis
2627 3473 3048 3544 exaggeratione
3095 3472 3415 3544 proﬁciunt,
3445 3490 3553 3546 quo

1944 3564 2063 3619 sine
2114 3563 2338 3618 verbere
2394 3563 2807 3635 relinquuntur.
2855 3562 2925 3615 Et
2976 3569 3159 3616 tamen
3205 3561 3554 3633 omnipotens

1945 3660 2233 3725 peccantes
2262 3651 2697 3707 misericorditer
2725 3657 3025 3722 exspectat,
3045 3656 3264 3720 tempus
3288 3649 3352 3703 ad
3378 3649 3549 3720 poeni-

1944 3743 2174 3799 tentiam
2224 3742 2441 3809 tribuit,
2494 3740 2641 3814 quod
2690 3756 2799 3795 non
2849 3738 3132 3795 conversis
3172 3737 3241 3793 ad
3288 3737 3555 3810 gravioris

1945 3843 2130 3892 reatus
2160 3832 2542 3890 testimonium
2575 3831 2777 3894 vertit;
2817 3829 3088 3901 patienter
3137 3831 3275 3885 iram
3327 3828 3544 3894 retinet,

1947 3941 2113 3997 quam
2171 3921 2502 3994 quandoque
2562 3918 3037 3973 irretractabiliter
3090 3917 3344 3973 effundit.
3401 3915 3555 3972 Unde

1947 4023 2070 4087 apte
2101 4012 2478 4083 subjungitur.

2161 4100 2387 4155 CAPUT
2417 4098 2550 4153 XXI
2582 4095 2721 4169 [Vet.
2748 4093 2960 4157 XVIII,
2992 4089 3338 4164 Rec.XVII].

2019 4190 2191 4246 Vnus.
2225 4190 2310 4245 15.
2350 4218 2420 4228 -
2446 4190 2597 4242 Nunc
2624 4186 2762 4240 enim
2781 4201 2887 4238 non
2918 4181 3083 4253 infert
3110 4181 3347 4252 furorem
3381 4198 3555 4251 suum,

1952 4296 2038 4334 nec
2066 4278 2340 4333 ulciscitur
2369 4277 2522 4331 valde
2552 4276 2735 4330 scelus.

2022 4367 2109 4422 37.
2146 4367 2283 4422 Deus
2302 4366 2383 4420 hic
2412 4366 2502 4419 diu
2535 4366 2867 4433 toleratquos
2887 4362 2944 4417 in
2959 4368 3211 4417 internum
3235 4366 3307 4415 est
3326 4359 3561 4414 danma-

1951 4462 2122 4510 turus.
2155 4487 2226 4497 —
2262 4455 2368 4510 Diu
2399 4454 2599 4526 quippe
2631 4454 2776 4507 Deus
2804 4452 3038 4507 tolerat8
3069 4467 3227 4523 quem
3266 4449 3322 4504 in
3356 4464 3558 4521 perpe-

1952 4553 2109 4601 tuum
2138 4546 2398 4610 damnat;
2452 4553 2499 4598 et
2533 4542 2777 4597 furorem
2809 4558 2959 4597 nunc
2989 4529 3192 4596 inferre
3222 4538 3558 4606 dissimulat,

1952 4636 2081 4708 quia
2108 4633 2500 4690 effundendum
2532 4632 2650 4687 sine
2680 4630 2787 4686 ﬁne
2810 4630 2866 4685 in
2889 4637 3166 4702 posterum
3189 4635 3388 4684 servat.
3420 4627 3559 4682 Ele—

1949 4731 2165 4780 ctorum
2196 4740 2432 4796 namque
2472 4728 2553 4776 est
2597 4720 2690 4777 hic
2735 4720 2970 4788 conteri,
3001 4727 3063 4774 ut
3102 4718 3170 4775 ad
3204 4716 3427 4791 praemia
3455 4715 3562 4771 de—

1950 4813 2113 4869 beant
2160 4820 2375 4868 aeternae
2426 4809 2750 4865 hereditatis
2785 4808 3016 4864 erudiri.
3066 4809 3325 4864 Nostrum
3360 4812 3441 4860 est
3471 4803 3564 4859 hic

1952 4902 2165 4973 ﬂagella
2198 4901 2496 4974 percipere,
2520 4900 2720 4971 quibus
2742 4914 2827 4953 ser
2838 4905 2999 4953 vatur
3018 4896 3085 4953 de
3102 4893 3405 4951 aeternitate
3421 4908 3564 4962 gau-

1952 4991 2098 5046 dere.
2147 4991 2288 5047 Hinc
2318 4989 2467 5045 enim
2501 4987 2768 5059 scriptum
2799 4995 2880 5042 est
2908 4990 2925 5042 ‘:
2960 4985 3227 5056 Flagellat
3258 4996 3460 5036 onmem
3488 4980 3564 5051 ﬁ-

2026 5200 2046 5233 ⁷
2079 5197 2181 5253 Hic
2211 5195 2427 5252 variant
2454 5196 2580 5251 Mss.
2614 5202 2665 5249 et
2694 5192 2865 5248 Editi.
2901 5190 3013 5246 Alii
3043 5189 3192 5245 enim
3224 5186 3452 5254 habent,
3477 5206 3566 5255 aq-

1955 5270 2274 5343 gregatione,
2321 5274 2383 5323 ut
2417 5267 2622 5322 Turon.
2657 5271 2850 5343 et_vet.
3066 5261 3241 5317 Paris.
3277 5260 3562 5343 ac.Basil.,

1956 5332 2159 5420 iniiinii
2188 5332 2456 5420 pleraeque
2486 5333 3008 5420 conseritiunt,hal‘ii,
3045 5332 3479 5420 extaggei'atio‘ne,
3502 5342 3563 5388 ut

1956 5403 2157 5481 legitur
2185 5403 2243 5465 in
2276 5403 2538 5476 Vindoc.,
2570 5406 2826 5481 Longip.,
2858 5405 3073 5481 B_alu_z.,
3094 5403 3280 5481 cola,
3312 5403 3562 5471 Ebroic.,

1958 5423 2157 5481 legitur
2185 5426 2243 5465 in
2284 5423 2538 5476 Vindoc.,
2570 5423 2682 5464 non
2725 5424 2740 5461 ι
2789 5449 2826 5474 .,
2859 5423 3245 5474 naiuz.,com.

1958 5480 2275 5555 casterisque
2304 5481 2494 5555 Norm.
2527 5487 2586 5555 et
2610 5479 2669 5555 in
2881 5477 3061 5555 Paris.
3089 5476 3245 5555 4605.

2034 5557 2052 5587 ⁸
2082 5547 2409 5608 Hic'vitiata
2436 5559 2513 5605 est
2546 5550 2647 5605 Ed.
2684 5549 2862 5606 Vatic.
2911 5549 3045 5606 i589
3074 5548 3308 5605 duarum
3343 5547 3565 5602 vocula-

1960 5644 2104 5693 rum,
2136 5642 2287 5695 quem
2317 5624 2514 5692 etquia
2545 5620 3007 5695 transpositione;
3046 5621 3313 5695 nimirum
3346 5617 3564 5695 legitur;

1960 5699 2053 5753 diu
2090 5692 2278 5767 quippe
2310 5696 2446 5767 Deus
2480 5696 2687 5759 (tolerat,
2719 5693 2847 5763 quia
2878 5693 2933 5746 in
2962 5700 3216 5747 internum
3246 5692 3486 5749 damnat;
3517 5693 3567 5740 et

1961 5766 2268 5842 fiu'orem...
2290 5766 2618 5830 dissimulat,
2648 5782 2824 5836 quem,
2856 5772 2959 5820 etc.
