3920 6408
363 423 466 484 371

1559 417 1808 474 8ΑΝΟΤΙ
1845 415 2184 476 GREGORII
2223 418 2453 476 MAGNI

3557 418 3661 474 372

367 551 497 609 lium
523 561 678 620 quem
724 542 911 618 recipit
941 542 1127 616 (Hebr.
1157 558 1264 612 xu,
1297 541 1381 616 6).
1422 540 1568 600 Hinc
1595 541 1665 599 ad
1701 541 1966 598 Joannem
1995 543 2047 603 A
2075 542 2361 599 sentiendo
2389 543 2664 616 despexit,
2697 543 2889 600 dicens
2922 559 2933 598 :

363 639 571 698 dicitur
592 655 604 693 :
635 638 751 708 Ego
771 651 903 708 quos
916 652 1037 691 amo
1050 651 1219 708 arguo
1241 640 1292 690 et
1308 634 1508 706 castigo
1531 634 1720 706 (Apoc.
1742 650 1828 701 ιιι,
1845 633 1959 704 19).

365 729 508 787 Hinc
529 727 724 782 Petrus
750 723 828 781 ait
860 741 873 780 :
914 727 1135 797 Tempus
1163 729 1238 781 est
1275 730 1334 779 ut
1363 723 1588 793 incipiat
1605 721 1873 791 judicium
1903 721 1966 776 de

363 821 517 875 domo
547 815 647 874 Dei
672 816 738 886 (Ι
765 817 913 872 Petr.
937 832 1018 881 ιν,
1043 815 1157 888 17).
1186 815 1292 871 Ubi
1320 831 1452 870 mox
1479 811 1806 869 admirando
1825 811 1966 869 sub-

358 907 547 982 jungit
577 923 588 962 :
627 905 686 962 Si
712 911 887 960 autem
896 905 1133 978 primum
1149 922 1186 960 a
1202 903 1377 969 nobis,
1397 902 1490 974 qui
1518 902 1642 972 ﬁnis
1669 919 1851 958 eorum
1874 900 1969 974 qui

363 1017 471 1056 non
489 997 708 1054 credunt
722 995 822 1053 Dei
839 996 1130 1067 Evangelia
1149 994 1339 1066 (Ibid.,
1365 993 1458 1066 17)
1476 993 1504 1050 ‘t
1519 993 1746 1050 Peccata
1765 991 1967 1067 quippe

366 1103 711 1164 nequaquam
741 1085 934 1142 divina
961 1084 1223 1142 severitas
1248 1083 1426 1139 inulta
1447 1099 1726 1139 remanere
1745 1081 1968 1156 permit-

366 1179 463 1248 tit,
493 1177 589 1234 sed
615 1177 697 1234 ira
717 1173 919 1249 judicii
945 1189 978 1230 a
1006 1180 1194 1230 nostra
1222 1172 1316 1230 hic
1344 1171 1691 1244 correptione
1719 1171 1964 1242 inchoat,

366 1276 428 1326 ut
443 1269 503 1326 in
526 1267 884 1342 reproborum
909 1263 1263 1322 damnatione
1282 1262 1654 1336 conquiescat.
1678 1263 1822 1319 Eant
1841 1278 1970 1334 ergo

366 1375 516 1416 nunc
542 1355 783 1431 reprobi,
813 1363 866 1413 et
886 1355 1230 1428 voluptatum
1257 1369 1480 1410 suarum
1503 1351 1774 1410 desideria
1794 1352 1973 1408 inulta

367 1449 659 1523 iniquitate
685 1452 1106 1513 consumment;
1138 1453 1302 1519 atque
1316 1459 1382 1500 eo
1401 1442 1726 1516 temporalia
1758 1442 1971 1516 ﬂagella

368 1555 479 1595 non
517 1537 778 1607 sentiant,
821 1553 930 1612 quo
967 1543 1171 1592 aeterna
1207 1550 1300 1591 eos
1327 1533 1601 1606 supplicia
1626 1542 1968 1606 exspectant.

369 1629 513 1686 Bene
545 1633 727 1686 autem
767 1626 946 1683 inulta
972 1641 1162 1682 eorum
1207 1621 1456 1698 nequitia
1499 1620 1673 1680 Cham
1715 1631 1974 1694 peccante

368 1719 580 1792 signata
605 1724 708 1786 est,
728 1717 819 1774 cui
848 1732 880 1772 a
903 1724 1054 1789 patre
1084 1713 1292 1772 dicitur
1317 1731 1328 1770 :
1363 1713 1680 1772 Maledictus
1715 1712 1975 1770 Chanaan

364 1827 522 1884 puer,
543 1825 726 1866 servus
745 1807 847 1863 erit
863 1805 1133 1878 fratribus
1158 1805 1268 1860 suis
1287 1805 1452 1875 (Gen.
1485 1801 1693 1874 1x,25).
1717 1801 1976 1858 Chanaan

2651 631 2878 689 CAPUT
2909 629 3086 686 XXII.

2146 725 2318 784 Vana.
2353 726 2438 784 16.
2467 756 2540 768 -
2565 727 2713 798 Ergo
2742 725 2840 780 Job
2869 723 3084 794 frustra
3113 722 3288 794 aperit
3321 739 3380 778 os
3423 738 3604 790 suum,
3635 729 3683 778 et

2073 815 2266 887 absque
2292 817 2507 872 scientia
2535 815 2694 870 verba
2722 813 3062 886 multiplicat.

2145 905 2234 962 40.
2275 907 2629 978 Superborum
2663 905 2790 960 vitia
2827 908 2952 958 sunt
2979 903 3297 974 loquacitas,
3343 908 3390 957 et
3427 901 3692 957 audiendi

2079 995 2630 1068 impatientia—Haec
2660 995 2921 1050 nimirum
2955 993 3226 1061 inferens,
3251 992 3473 1050 beatum
3502 992 3608 1050 Job
3636 999 3693 1049 et

2077 1087 2158 1143 nil
2187 1089 2352 1143 scisse
2375 1087 2588 1154 asserit,
2618 1093 2672 1142 et
2701 1085 2878 1141 multa
2897 1083 3145 1150 dixisse;
3181 1091 3236 1140 et
3263 1100 3389 1140 cum
3422 1084 3538 1156 ipse
3568 1101 3692 1158 quae

2078 1177 2243 1232 sentit
2265 1175 2568 1250 loquaciter
2579 1173 2959 1243 inferat,hunc
2973 1173 3041 1230 de
3059 1173 3199 1229 vitio
3219 1173 3573 1247 loquacitatis
3588 1191 3694 1230 ac-

2077 1273 2250 1323 cusat.
2300 1265 2406 1323 Sed
2454 1265 2559 1324 hoc
2609 1281 2829 1340 quoque
2858 1280 2973 1321 esse
3003 1263 3288 1337 proprium
3317 1263 3693 1335 arrogantium

2080 1357 2281 1413 vitium
2328 1357 2485 1424 solet,
2534 1363 2597 1412 ut
2637 1363 2692 1413 et
2737 1371 2910 1428 pauca
2959 1355 3188 1412 credant
3233 1371 3354 1428 quae
3384 1353 3489 1427 ipsi
3519 1354 3698 1410 multa

2080 1445 2346 1515 dixerint,
2378 1454 2432 1504 et
2469 1448 2644 1504 multa
2671 1446 2899 1504 credant
2919 1463 3040 1520 quae
3064 1446 3198 1520 ipsis
3218 1462 3390 1520 pauca
3407 1445 3694 1502 dicuntur.

2082 1539 2224 1608 Quia
2265 1537 2413 1594 enim
2453 1553 2552 1594 sua
2579 1535 2763 1594 dicere
2794 1552 3009 1609 semper
3038 1536 3256 1604 volunt,
3285 1535 3468 1592 aliena
3503 1534 3697 1592 audire

2083 1644 2194 1684 non
2211 1633 2460 1700 possunt;
2494 1627 2610 1683 vim
2633 1643 2690 1684 se
2705 1626 2818 1699 pati
2840 1626 3182 1694 existimant,
3205 1625 3251 1682 si
3272 1641 3335 1682 ea
3349 1641 3470 1698 quae
3487 1625 3700 1680 immo-

2083 1718 2268 1774 derate
2316 1716 2585 1785 sentiunt,
2645 1715 3065 1772 immoderatius
3123 1731 3234 1770 non
3277 1713 3582 1771 eﬂ‘undant.
3625 1715 3700 1771 Et

2085 1806 2338 1880 quamvis
2365 1804 2563 1862 beatus
2590 1803 2694 1861 Job
2723 1804 2792 1861 ad
2821 1803 2940 1877 ejus
2968 1803 3136 1862 verba
3163 1803 3420 1872 tacuerit,
3459 1803 3590 1860 Elin
3617 1811 3699 1859 ta-

371 1897 630 1956 videlicet
665 1896 838 1955 Cham
881 1894 1049 1952 ﬁlius.
1081 1895 1153 1950 Et
1182 1893 1314 1969 quid
1351 1901 1432 1949 est
1459 1891 1608 1967 quod
1639 1890 1813 1948 Cham
1853 1907 1974 1964 pec-
2002 1913 2050 1974 Β
2085 1914 2209 1954 men
2239 1897 2308 1953 de
2328 1894 2798 1965 locutioneillius,
2823 1912 2932 1970 qua
2949 1895 3142 1953 amicis
3164 1893 3538 1968 responderat,
3557 1911 3700 1950 cau—

370 1996 529 2046 cante
547 1987 807 2046 Chanaan
827 1984 944 2058 ejus
964 1984 1114 2042 ﬁlius
1137 1982 1469 2042 sententiam
1481 1979 1719 2054 ultionis
1738 1980 1975 2054 accipit?

371 2077 517 2146 Quid
543 2084 624 2134 est
643 2075 789 2151 quod
807 2091 918 2132 non
941 2074 998 2131 in
1016 2091 1093 2143 se,
1111 2073 1204 2131 sed
1222 2073 1279 2129 in
1301 2070 1622 2146 posteritate
1643 2069 1972 2142 percutitur,

372 2166 477 2224 nisi
505 2166 653 2242 quod
683 2165 1041 2240 reproborum
1084 2161 1346 2238 nequitiae
1393 2160 1488 2218 hic
1519 2158 1744 2234 quidem
1783 2158 1976 2216 inultae

370 2258 692 2332 proﬁciunt,
718 2256 812 2314 sed
837 2256 893 2313 in
915 2262 1197 2329 posterum
1224 2252 1504 2310 feriuntur
1521 2249 1550 2307 ?
1575 2249 1805 2308 Dicatur
1823 2265 1971 2323 ergo:

371 2355 526 2412 Nunc
549 2353 687 2410 enim
725 2370 833 2410 non
871 2351 1036 2424 infert
1064 2349 1306 2422 furorem
1351 2363 1529 2414 suum,
1575 2363 1667 2402 nec
1703 2345 1979 2403 ulciscitur

371 2443 528 2500 ualde
551 2443 737 2499 scelus.

443 2557 530 2613 38.
563 2559 674 2614 Eos
704 2563 875 2612 tamen
893 2555 1188 2628 aliquando
1215 2554 1314 2610 hac
1341 2553 1399 2608 in
1426 2551 1537 2608 vita
1557 2551 1725 2623 ferire
1744 2551 1976 2607 inchoat.

373 2676 444 2688 —
470 2644 785 2702 Notandum
829 2659 961 2700 vero
987 2653 1070 2701 est
1098 2643 1245 2718 quod
1273 2641 1594 2708 subintulit,
1635 2641 1817 2708 Valde,
1850 2639 1979 2713 quia

374 2735 478 2790 etsi
511 2731 761 2808 quaedam
811 2731 1201 2804 longanimiter
1243 2733 1458 2800 tolerat,
1503 2729 1756 2804 quaedam
1793 2737 1978 2785 tamen

373 2821 540 2877 etiam
565 2819 624 2876 in
653 2819 759 2876 hac
789 2819 904 2876 vita
928 2817 1166 2890 ﬂagellat
1192 2826 1247 2875 et
1270 2817 1363 2874 hic
1384 2831 1784 2888 nonnunquam
1815 2814 1978 2870 ferire

375 2910 619 2980 inchoat,
651 2908 802 2985 quod
829 2916 1033 2966 aeterna
1061 2907 1415 2964 damnatione
1442 2913 1808 2964 consummat.
1832 2905 1978 2977 Ergo

373 3009 426 3058 et
457 3001 725 3056 nonnulla
753 3001 1010 3073 percutit,
1037 3007 1090 3056 et
1109 2997 1378 3054 nonnulla
1400 2997 1583 3054 inulta
1615 2994 1976 3068 derelinquit,

373 3090 502 3164 quia
529 3089 577 3146 si
600 3089 755 3146 nulla
791 3095 1076 3156 resecaret,
1109 3087 1234 3162 quis
1257 3088 1433 3144 Deum
1462 3101 1549 3142 res
1579 3085 1851 3141 humanas
1873 3100 1979 3140 cu-

374 3196 493 3236 rare
513 3177 790 3236 crederet?
808 3181 880 3236 Et
898 3193 1107 3244 rursus,
1130 3177 1178 3233 si
1196 3177 1290 3235 hic
1309 3185 1508 3234 cuncta
1527 3179 1859 3247 percuteret,
1879 3187 1979 3227 ex-

2084 2004 2198 2043 sam
2230 1985 2564 2042 invectionis
2593 1985 2863 2053 invenit,’
2889 1992 2952 2041 ut
2979 1985 3087 2042 sibi
3108 1985 3371 2042 exhibere
3392 1985 3560 2041 latius
3580 1983 3701 2057 ejus

2085 2076 2369 2134 silentium
2400 2082 2608 2148 posset,
2659 2076 2821 2149 aique
2866 2083 2929 2131 ut
2971 2075 3088 2148 ipse
3131 2076 3308 2132 multa
3351 2075 3698 2148 respondeat,

2087 2167 2245 2223 illum
2292 2164 2461 2222 verba
2507 2164 2910 2238 multiplicasse
2949 2164 3258 2222 conﬁrmat.
3304 2165 3441 2223 Nam
3484 2172 3538 2222 et
3569 2182 3701 2220 mox

2087 2257 2249 2313 initia
2275 2255 2506 2328 prolixae
2535 2255 2838 2312 locutionis
2867 2255 3195 2323 exorditur;
3245 2262 3300 2312 et
3334 2255 3489 2329 quasi
3518 2255 3704 2313 adhuc

2088 2347 2170 2403 nil
2191 2346 2420 2414 dixerit,
2449 2345 2713 2402 inchoare
2740 2353 2991 2403 conatur.
3025 2345 3182 2403 Unde
3210 2345 3499 2402 subditur:

2294 2463 2526 2524 CAPUT
2556 2465 2744 2521 xxm
2779 2462 2920 2538 [νει.
2953 2464 3074 2530 xx,
3104 2466 3226 2523 Rea.
3257 2461 3498 2537 XVIII].

2159 2555 2291 2613 CAP.
2331 2570 2534 2622 xxxvr,
2580 2553 2752 2610 Vens.
2799 2553 2852 2621 1,
2883 2554 2939 2611 2.
2966 2584 3039 2596 —
3065 2553 3281 2610 Addens
3309 2569 3515 2626 quoque
3543 2553 3701 2618 Etiu,

2087 2646 2244 2702 etiam
2270 2646 2376 2702 haec
2407 2645 2608 2701 locutus
2636 2649 2712 2699 est
2735 2661 2747 2700 :
2784 2644 2997 2701 Sustine
3028 2660 3108 2699 me
3133 2644 3441 2716 paululum,
3472 2649 3521 2698 et
3548 2643 3704 2698 indi-

2087 2735 2212 2790 cabo
2245 2735 2358 2790 tibi.

2158 2822 2246 2880 41.
2279 2825 2372 2880 Ea:
2391 2820 2727 2894 multiloquio
2745 2837 2899 2877 suam
2917 2821 3216 2879 doctrinam
3231 2821 3538 2878 metiuntur.
3556 2823 3704 2879 Dum

2087 2929 2193 2969 sese
2236 2918 2518 2981 ostentant,
2563 2928 2668 2984 pro
2711 2912 2820 2969 Deo
2853 2911 2998 2984 loqui
3033 2912 3260 2984 ﬁngunt.
3289 2942 3363 2954 —
3388 2911 3560 2969 Multa
3583 2909 3698 2982 jam

2087 3002 2324 3070 dixerat,
2360 3003 2382 3038 ³
2413 3009 2469 3059 et
2496 3001 2759 3058 sustineri
2788 3000 2972 3058 adhuc
3008 3001 3296 3073 paululum
3333 3007 3536 3073 sperat,
3567 2999 3700 3074 quia

2089 3093 2349 3149 videlicet
2375 3099 2690 3163 arrogantes
2718 3107 2881 3163 grave
2910 3106 2968 3147 se
2999 3090 3264 3148 damnum
3300 3091 3507 3163 perpeti
3535 3089 3702 3164 judi-

2088 3189 2236 3250 cant,
2258 3181 2302 3237 si
2325 3179 2614 3238 scientiam
2643 3196 2800 3236 suam
2829 3180 3096 3254 loquendi
3125 3180 3399 3238 brevitate
3425 3180 3704 3238 constrino

373 3277 611 3326 tremum
625 3268 904 3342 judicium
925 3267 1073 3324 unde
1088 3271 1234 3330 830
1244 3265 1503 3324 restaret?
1524 3264 1784 3332 Quaedam
1806 3264 1980 3336 igitur
2014 3279 2058 3340 ο
2089 3278 2236 3342 gant.
2267 3269 2443 3325 Tanto
2457 3269 2606 3325 enim
2623 3269 2955 3341 semetipsos
2975 3269 3210 3326 credunt
3223 3269 3498 3328 doctiores
3517 3277 3699 3326 osten-

371 3365 671 3432 feriuntnr,
693 3370 758 3420 ut
779 3362 1012 3420 rectoris
1038 3363 1215 3418 nostri
1234 3377 1400 3434 super
1418 3377 1520 3418 nos
1540 3359 1976 3434 sollicitudinem

375 3450 760 3518 formidemus;
778 3449 1027 3524 quasdam
1048 3465 1181 3506 vero
1197 3449 1377 3506 inulta
1394 3457 1776 3517 servantur,ut
1794 3429 1981 3506 adhuc

367 3538 643 3612 judicium
672 3545 876 3596 restare
903 3537 1224 3596 sentiamus.
1255 3538 1402 3594 Bene
1431 3553 1560 3609 ergo
1587 3536 1796 3593 dicitur
1829 3555 1841 3593 :
1878 3537 1981 3594 Nec

373 3629 650 3684 ulciscitur
689 3627 841 3684 valde
879 3629 1064 3696 scelus,
1096 3627 1227 3700 quia
1256 3625 1389 3683 dum
1419 3626 1684 3699 exiguum
1715 3624 1978 3700 quiddam

374 3715 442 3773 de
503 3715 798 3790 iniquitate
856 3716 1198 3788 percutitur,
1283 3714 1627 3772 inconversis
1700 3714 1982 3772 mentibus

375 3805 566 3862 aeterni
588 3805 704 3878 jam
727 3804 929 3878 judicii
955 3795 1228 3863 sententia
1257 3805 1601 3879 propinatur.

446 3895 534 3954 39.
562 3897 731 3954 Aliud
758 3903 833 3953 est
857 3902 1055 3952 rectum
1083 3897 1273 3963 dicere,
1311 3896 1465 3953 aliud
1494 3901 1645 3951 recte.
1681 3924 1754 3938 —
1781 3893 1982 3951 Totum

373 3985 560 4059 itaque
588 3984 696 4042 hoc
715 3984 783 4042 ab
809 3984 940 4042 Elin
959 3994 1171 4043 rectum
1188 3984 1415 4052 dicitur,
1439 3984 1487 4041 si
1510 3992 1658 4041 recte
1681 3983 1978 4040 diceretur.

374 4076 490 4132 Scit
515 4076 664 4133 enim
693 4075 830 4150 quid
856 4075 1010 4149 loqui
1037 4074 1252 4146 debeat,
1291 4075 1388 4133 sed
1413 4075 1504 4132 cui
1535 4075 1798 4147 loquatur
1827 4074 1983 4147 igno-

375 4175 480 4223 rat.
519 4166 664 4223 Vera
706 4175 837 4222 sunt
877 4181 1114 4240 namque
1143 4183 1264 4240 qua)
1305 4165 1472 4234 dixit,
1517 4164 1613 4222 sed
1642 4180 1676 4221 a
1700 4163 1848 4220 beati
1879 4162 1984 4220 Job

378 4254 846 4327 increpationibus
873 4255 1072 4323 aliena,
1117 4257 1247 4329 quia
1292 4263 1448 4312 tanto
1493 4253 1598 4311 hac
1627 4253 1979 4326 correptione

378 4360 488 4400 non
508 4342 891 4416 eguit,qnanto
910 4359 1010 4399 nec
1023 4343 1209 4416 aliqua
1229 4343 1684 4415 pusillanimitate
1700 4344 1974 4415 peccavit.

381 4429 521 4504 [νει.
553 4430 730 4506 ΧΙΧ.]
771 4429 878 4487 Sed
905 4431 1034 4504 quia
1072 4429 1242 4502 justis
1268 4429 1410 4486 viris
1445 4430 1586 4487 solet
1623 4432 1842 4488 occasio
1868 4446 1985 4488 esse

379 4521 650 4579 virtutum
701 4520 866 4578 elatio
902 4519 1285 4592 superborum,
1335 4521 1554 4576 occulto
1594 4516 1814 4590 judicio
1853 4535 1979 4574 cum

2087 3358 2236 3426 dere,
2269 3365 2476 3431 quanto
2505 3373 2562 3413 se
2593 3358 2879 3430 potuerint
2908 3358 3321 3431 multiplicitate
3353 3358 3706 3432 loquacitatis

2088 3447 2318 3519 aperire.
2344 3445 2449 3502 Sed
2479 3445 2609 3518 quia
2640 3461 2784 3518 saepe
2813 3445 2919 3504 sibi
2942 3447 3192 3503 sentiunt
3206 3445 3414 3504 silentii
3436 3463 3706 3504 reveren-

2089 3538 2224 3594 tiam
2255 3552 2370 3593 non
2408 3535 2633 3605 deferri,
2680 3537 2905 3594 Domini
2952 3554 3353 3612 nonnunquam
3402 3538 3704 3611 potentiam

2089 3625 2157 3682 de
2190 3643 2300 3699 quo
2335 3625 2489 3698 quasi
2527 3624 2834 3698 loquuntur
2863 3626 3170 3696 insinuant,
3213 3643 3277 3684 ac
3305 3625 3408 3682 sub
3434 3633 3707 3700 praetextu

2092 3715 2245 3771 illius
2287 3715 2399 3772 sibi
2438 3714 2723 3771 silentium
2754 3716 3004 3788 exigunt,
3045 3715 3193 3790 quod
3232 3716 3464 3772 minime
3495 3733 3705 3773 meren-

2090 3810 2218 3871 tur;
2269 3811 2323 3860 et
2353 3803 2488 3860 dum
2519 3805 2869 3876 specietenus
2901 3807 3076 3862 Deum
3109 3805 3419 3878 proferunt,
3450 3805 3703 3863 auditum

2091 3892 2198 3949 sibi
2227 3909 2297 3948 ex
2325 3893 2634 3950 reverentia
2661 3892 2781 3965 ejus
2802 3895 3110 3966 exigentes,
3136 3896 3158 3931 ⁴
3191 3910 3249 3952 se
3277 3895 3505 3953 student
3532 3897 3705 3970 magis

2092 3981 2379 4039 ostendere
2407 3998 2570 4056 quam
2601 3983 2755 4040 illius
2782 3983 2928 4041 facta
2957 3983 3274 4056 praedicare.
3311 3986 3466 4042 Unde
3494 3993 3550 4042 et
3568 3985 3705 4042 Elin

2095 4071 2406 4144 subjungit,
2440 4071 2634 4129 dicens
2667 4089 2680 4128 :
3473 4089 3480 4096 ·

2165 4161 2302 4217 Iam.
2319 4191 2390 4203 —
2409 4161 2598 4218 Adhuc
2621 4161 2762 4216 enim
2787 4160 2951 4217 habeo
2981 4162 3123 4234 quod
3146 4180 3250 4235 pro
3278 4164 3388 4220 Deo
3417 4165 3630 4236 loquar.

2175 4257 2315 4316 831
2350 4252 2492 4321 Quia
2519 4268 2652 4309 vero
2679 4267 3082 4325 nonnunquam
3103 4252 3358 4311 doctores
3379 4255 3558 4312 sancti
3577 4269 3707 4312 cre-

2092 4351 2193 4409 bro
2223 4360 2478 4424 repetunt
2505 4353 2552 4409 si
2580 4369 2690 4426 qua
2707 4352 2998 4410 obscurius
3018 4353 3232 4420 dicunt,
3263 4360 3326 4409 ut
3345 4370 3467 4426 qua
3487 4354 3706 4410 occulta

2092 4441 2395 4514 praedicant
2421 4442 2737 4498 auditorum
2774 4441 3037 4499 cordibus
3071 4459 3205 4499 voce
3241 4443 3359 4500 haec
3392 4441 3706 4498 iterationis

2092 4530 2410 4600 infundant,
2434 4531 2757 4604 plerumque
2773 4530 2879 4588 hoc
2905 4537 3173 4604 appetunt
3193 4531 3360 4587 etiam
3386 4538 3704 4604 arrogantes

379 4612 538 4669 beato
574 4611 678 4668 Job
704 4610 906 4684 agitur,
959 4617 1021 4666 ut
1054 4617 1176 4683 post
1221 4609 1436 4682 ﬂagella
1480 4625 1767 4682 pmnarum
1810 4608 1976 4666 etiam

2099 4620 2318 4688 imitari,
2335 4627 2390 4676 et
2415 4621 2716 4677 insolenter
2743 4635 2808 4677 ea
2831 4636 2955 4694 quae
2984 4619 3234 4676 dixerint
3265 4621 3554 4693 replicant,
3587 4637 3701 4677 non

379 4725 476 4781 per
504 4707 671 4765 verba
695 4707 1071 4780 arrogantium
1100 4713 1328 4763 crescat.
1359 4705 1503 4762 Ecce
1521 4704 1670 4760 enim
1692 4712 1847 4762 tanto
1867 4721 1979 4760 ma-

379 4797 461 4869 gis
489 4813 520 4853 a
547 4797 818 4870 superbiae
846 4795 1101 4852 ministro
1130 4793 1437 4867 despicitur
1460 4797 1474 4830 ¹
1519 4803 1726 4868 quanto
1753 4811 1787 4850 a
1810 4796 1978 4867 magi-

378 4895 492 4944 stra
524 4887 754 4945 veritate
797 4885 1130 4943 intrinsecus
1166 4883 1312 4942 idem
1343 4883 1644 4941 refovetur.
1676 4884 1815 4941 Nam
1844 4885 1979 4943 Elin

378 4986 664 5054 postquam
693 4986 778 5036 tot
805 4977 974 5035 fortia
995 4993 1052 5034 se
1081 4976 1290 5034 dixisse
1313 4975 1595 5049 cognovit,
1626 4975 1763 5050 quid
1789 4975 1984 5033 elatio-

380 5070 464 5126 nis
493 5077 724 5144 gestaret
757 5069 991 5145 aperuit,
1037 5075 1200 5143 atque
1248 5066 1470 5125 beatum
1517 5067 1620 5125 Job
1662 5068 1775 5125 alta
1817 5067 1884 5126 de
1923 5084 1982 5125 se

454 5300 469 5333 ¹
504 5298 709 5388 L‘ocum
739 5299 892 5388 hunc
916 5298 976 5383 in
1005 5298 1190 5356 Editis
1218 5305 1275 5388 et
1301 5297 1360 5388 ip
1389 5296 1721 5388 quibusdam
1741 5298 1978 5388 Maeniu-

379 5369 708 5442 terpolatum
730 5372 1092 5442 restituimus
1106 5386 1210 5442 ope
1236 5369 1370 5428 Cod.
1402 5369 1583 5437 Colb.,
1612 5369 1822 5437 Baluz.,
1847 5370 1980 5426 Vin-

379 5440 528 5516 doc.,_
571 5440 818 5516 Ebroic.,
865 5443 1088 5510 Pratel.,
1130 5440 1272 5516 Utic.
1317 5442 1665 5516 aliorumque
1694 5443 1977 5516 Nonnln

378 5511 562 5584 Editis
587 5510 808 5584 legitur,
835 5519 1032 5584 quanto
1059 5532 1095 5567 a
1113 5513 1332 5568 veritate
1354 5510 1688 5580 intrinsecus,
1711 5513 1767 5568 id
1787 5520 1864 5568 est
1885 5515 1978 5568 hu-

378 5581 622 5638 militatis
640 5581 898 5652 magistra
925 5582 1210 5651 refovetur.
1245 5584 1425 5640 Verba
1447 5584 1592 5641 haec:
1626 5585 1684 5638 id
1711 5591 1783 5638 est
1811 5585 1978 5642 humi-

382 5653 551 5726 litatis
567 5653 847 5726 magistra,
875 5653 1260 5725 explicationis
1283 5655 1456 5726 gratia
1475 5655 1737 5712 videntur
1765 5655 1972 5712 addita.

379 5727 440 5798 ln
470 5725 676 5798 Turon.
719 5724 879 5798 (1011.,
913 5724 1212 5798 cOrrupte:
1247 5724 1442 5796 quanto
1475 5729 1639 5798 "mgis
1666 5727 1980 5781 auctoritate

378 5796 694 5851 intrinsecus
749 5795 1032 5866 refovetur.
1082 5795 1464 5853 Hallucinatus
1505 5795 1586 5854 est
1629 5797 1979 5854 amanuensis

379 5868 562 5943 legens
590 5875 684 5924 aut
713 5867 942 5926 forsitan
971 5884 1004 5924 a
1031 5867 1273 5925 dictante
1295 5868 1598 5941 excipiens,
1620 5868 1768 5941 quod
1789 5875 1977 5942 postea

2088 4726 2198 4784 quo
2219 4711 2535 4768 auditorum
2565 4711 2828 4769 cordibus
2858 4711 3144 4767 insinuare
3172 4728 3258 4768 res
3288 4718 3574 4784 appetant,
3607 4710 3702 4768 sed

2089 4815 2198 4872 quo
2227 4815 2418 4855 eorum
2454 4797 2670 4872 judicio
2711 4798 2890 4856 videri
2924 4799 3248 4873 eloquentes
3291 4801 3513 4858 volunt.
3554 4798 3708 4857 Unde

2091 4887 2223 4943 Elin
2251 4885 2596 4960 subjungens
2624 4888 2724 4944 ait.

2165 4977 2333 5034 Vens.
2365 4977 2419 5034 3.
2450 5007 2522 5021 —-
2547 4979 2798 5050 Repetam
2833 4977 3108 5034 scientiam
3143 4993 3314 5034 meam
3354 4995 3388 5034 a
3415 4979 3704 5052 principio.

2162 5066 2268 5123 Sed
2296 5066 2428 5140 quia
2451 5067 2736 5124 nominata
2761 5065 3012 5134 scientia,
3045 5073 3232 5123 tumor
3263 5065 3448 5124 cordis
3478 5067 3537 5124 in
3567 5084 3706 5127 voce

2090 5308 2312 5372 scripsit
2337 5308 2675 5370 auctoritate,
2701 5319 2799 5375 pro
2827 5320 2862 5358 a
2878 5308 3128 5385 _veritate.

2099 5444 2121 5450 _
2163 5373 2185 5407 ³
2217 5373 2391 5430 Locus
2419 5374 2684 5450 obscurus
2714 5382 2825 5450 tam
2875 5391 2934 5430 1n
2966 5375 3094 5432 Mss.
3127 5390 3292 5448 quam
3333 5376 3704 5450 inﬁYulgatis.

2097 5444 2853 5520 In_manu_exaratis_legi_tur
2874 5452 3052 5520 posset
3082 5444 3182 5520 prb
3195 5445 3367 5520 possit
3385 5444 3704 5504 Editorum.

2162 5516 2183 5550 ³
2213 5517 2294 5572 Ita
2339 5517 2570 5584 Turon.,
2619 5516 2892 5584 Vindoc,
2931 5516 3117 5573 Balui.
3145 5561 3159 5585 ,
3197 5516 3387 5584 _Colb.,
3440 5519 3696 5583 Ebroic.,

2088 5585 2292 5663 aliique
2322 5587 2510 5663 Norni.
2545 5594 2730 5663 et_vet.
2761 5587 2862 5642 Ed.
2885 5589 3059 5663 Paris.
3085 5590 3146 5644 In
3167 5590 3407 5663 vulgatis
3426 5591 3704 5663 plerisque

2089 5657 2302 5732 legitur
2311 5660 2566 5728 postulat,
2600 5658 2946 5732 locoisperat.
2991 5660 3164 5716 Vetus
3192 5657 3296 5717 Ed'.
3339 5657 3530 5728 Basil.,
3550 5657 3705 5732 ptiu-

2090 5730 2260 5811 lul‘um
2289 5729 2570 5811 imperati
2599 5731 2750 5811 quod
2797 5731 3064 5811 festinans
3105 5732 3482 5804 typographus
3531 5729 3689 5806 legit,

2089 5807 2140 5855 et
2165 5799 2453 5874 legendum
2487 5799 2660 5856 edidit
2695 5818 2790 5874 pro
2821 5809 3018 5874 sperat.

2167 5873 2182 5905 ⁵
2215 5871 2436 5940 Pratel.,
2469 5891 2521 5928 sc
2539 5871 2720 5946 potius
2745 5871 2978 5928 student.
