3920 6376
442 371 556 426 ’375

1639 361 1886 418 SANCTI
1927 361 2264 419 GREUORII
2301 361 2500 416 MAGN
2506 362 2526 416 ι

3655 353 3763 407 376

454 495 710 552 seductus
735 492 804 548 ab
833 491 922 548 his
951 491 967 526 ¹
991 507 1112 564 quia
1143 487 1290 547 infra
1317 489 1652 558 subdantur,
1683 505 1845 560 super
1861 504 1915 542 se
1933 487 2047 542 ani-
2077 493 2129 552 Α
2164 504 2286 543 men
2317 485 2656 557 corrigendis
2679 485 2914 541 aliorum
2938 482 3090 537 vitiis
3111 490 3235 552 apta
3251 480 3606 536 exsecutione
3627 496 3762 548 pra:-

453 604 574 644 mus
602 585 860 651 tollitur;
893 589 947 638 et
976 583 1108 640 dum
1140 582 1274 638 foris
1306 583 1576 638 immenso
1610 581 1795 635 favore
1817 579 2048 635 circum-

452 677 636 744 datur,
661 675 810 730 intus
841 673 1072 728 veritate
1104 681 1402 740 vacuatur;
1433 680 1597 744 atque
1628 669 1834 725 oblitus
1861 668 1969 735 sui,
1994 667 2050 722 in

452 781 616 822 voces
647 781 703 820 se
737 762 942 836 spargit
967 763 1210 828 alienas;
1239 763 1513 834 talemque
1539 777 1593 815 se
1615 757 1811 825 credit,
1835 758 2048 831 qualem

452 855 589 911 foris
634 852 810 920 audit,
856 867 968 908 non
1011 853 1227 924 qualem
1271 852 1420 906 intus
1466 849 1776 904 discernere
1821 847 2049 914 debuit;

453 943 730 1016 subjectos
788 940 1044 1013 despicit,
1113 956 1314 1013 eosque
1376 941 1612 1011 aequales
1671 937 1779 993 sibi
1845 945 2052 992 naturae

453 1033 646 1089 ordine
676 1048 784 1086 non
815 1030 1096 1102 agnoscit;
1130 1037 1185 1085 et
1209 1046 1346 1102 quos
1377 1036 1522 1083 sorte
1557 1027 1840 1099 potestatis
1869 1043 2051 1083 exces-

453 1123 608 1190 serit,
648 1118 1052 1176 transcendisse
1100 1135 1156 1173 se
1199 1118 1367 1174 etiam
1408 1118 1537 1172 vita:
1587 1117 1800 1172 meritis
1837 1115 2049 1181 credit;

452 1210 669 1268 cunctis
708 1225 762 1264 se
792 1209 1030 1265 aestimat
1058 1206 1299 1280 amplius
1331 1222 1539 1278 sapere,
1572 1205 1774 1278 quibus
1805 1222 1861 1260 se
1902 1204 2054 1258 videt

453 1301 690 1374 amplius
719 1316 894 1373 posse.
929 1299 991 1356 In
1023 1297 1262 1372 quodam
1289 1299 1492 1371 quippe
1521 1313 1577 1352 se
1609 1296 1904 1352 constituit
1935 1295 2052 1351 cul-

455 1391 604 1448 mine
643 1391 789 1464 apud
834 1391 1227 1462 semetipsum;
1271 1395 1325 1443 et
1365 1387 1460 1462 qui
1504 1403 1659 1460 requa
1695 1387 1907 1442 caeteris
1949 1402 2057 1440 na-

457 1492 596 1540 turae
669 1481 990 1539 conditione
1054 1479 1476 1550 constringitur,
1547 1483 1691 1540 833
1760 1493 1829 1532 ex
1900 1492 2056 1548 aequo

456 1579 728 1651 respicere
755 1587 981 1635 caeteros
1013 1577 1371 1648 dedignatur;
1422 1575 1608 1647 sicque
1639 1589 1811 1646 usque
1841 1572 1910 1628 ad
1941 1571 2057 1644 ejus

454 1667 883 1724 similitudinem
902 1666 1124 1723 ducitur
1145 1664 1213 1720 de
1235 1681 1342 1738 quo
1363 1663 1628 1734 scriptum
1646 1670 1728 1719 est
1753 1680 1764 1718 :
1793 1665 1954 1720 Omne
1973 1678 2057 1715 su-

456 1755 612 1810 blime
637 1755 798 1820 videt,
827 1762 877 1810 et
908 1755 1014 1826 ipse
1034 1759 1109 1808 est
1133 1770 1227 1808 rea:
1248 1770 1407 1824 super
1430 1752 1698 1807 universos
1714 1752 1854 1824 ﬁlios
1877 1767 2056 1822 super-

459 1844 558 1899 bire
585 1843 714 1916 (Job
741 1860 854 1911 xu,
885 1843 1001 1914 25).
1022 1843 1094 1898 Et
1113 1841 1180 1897 de
1201 1841 1360 1913 cujus
1381 1858 1606 1914 corpore
1627 1841 1861 1898 dicitur:
1901 1841 2059 1895 Gene-
2093 1855 2138 1914 Β

459 1932 600 1987 ratio
655 1931 806 2001 cujus
853 1931 1044 1986 excelsi
1080 1937 1202 1986 sunt
1247 1931 1406 2000 oculi,
1455 1937 1501 1986 et
1543 1930 1813 2002 palpebrrc
1854 1929 1966 1997 ejus
2007 1928 2060 1981 in

459 2021 570 2075 alta
612 2025 862 2074 surrecta:
911 2019 1098 2090 (Prov.
1131 2035 1270 2087 xxx,
1302 2019 1412 2090 13).
1461 2017 1547 2073 Ad
1575 2016 1693 2089 ejus
1725 2013 2062 2072 similitudi-

459 2127 584 2166 nem
615 2108 859 2177 ducitur,
893 2108 989 2182 qui
1015 2108 1295 2180 singulare
1319 2109 1541 2164 culmen
1565 2114 1846 2179 appetens,
1881 2111 1934 2160 et
1963 2121 2062 2158 so—

457 2199 661 2256 cialem
717 2199 1038 2272 angelorum
1100 2198 1272 2253 vitam
1319 2197 1651 2268 despiciens,
1703 2195 1811 2250 ait:
1871 2193 2060 2248 Ascen-

460 2291 584 2345 dam
628 2308 788 2362 super
829 2291 1165 2346 altitudinem
1210 2288 1470 2354 nubium;
1515 2287 1706 2343 similis
1750 2303 1838 2342 ero
1882 2285 2062 2341 Altis-

459 2382 590 2436 simo
623 2380 780 2453 (Isai.
815 2397 934 2448 xw,
969 2381 1078 2452 14).
1099 2379 1240 2437 Miro
1268 2396 1398 2452 ergo
1421 2377 1636 2451 judicio
1665 2379 1815 2434 intus
1843 2377 2060 2432 foveam

461 2470 786 2542 dejectionis
804 2469 1041 2539 invenit,
1059 2471 1192 2527 dum
1209 2469 1346 2527 foris
1366 2485 1422 2526 se
1441 2469 1500 2525 in
1515 2468 1760 2524 culmine
1777 2465 2061 2538 potestatis

461 2558 988 2630 extollit.Apostatae
1004 2559 1208 2631 quippe
1223 2558 1418 2629 angelo
1439 2555 1639 2612 similis
1655 2556 1911 2621 efﬁcitur,
1928 2553 2060 2608 dum

464 2647 632 2702 homo
665 2645 991 2702 hominibus
1019 2661 1136 2701 esse
1163 2645 1366 2702 similis
1405 2644 1754 2716 dedignatur.
1801 2644 1891 2700 Sic
1933 2644 2060 2699 Saul

463 2735 531 2789 ab
552 2732 889 2789 humilitatis
919 2734 1114 2789 merito
1144 2735 1201 2790 in
1224 2740 1498 2789 tumorem
1522 2733 1790 2804 superbia
1821 2731 2062 2788 culmine

463 2822 752 2896 potestatis
777 2823 1046 2880 excrevit.
1078 2823 1180 2878 Per
1194 2822 1567 2879 humilitatem
1585 2824 1786 2896 quippe
1807 2821 2063 2892 praelatus

463 2922 546 2970 est
571 2930 667 2987 per
685 2913 998 2984 superbiam
1023 2913 1367 2986 reprobatus,
1398 2913 1636 2969 Domino
1657 2919 1945 2967 attestante
1967 2911 2060 2983 qui

461 3005 537 3060 ait
563 3023 574 3061 :
606 3005 794 3061 Nonne
821 3022 936 3058 cum
967 3023 1100 3059 esses
1123 3007 1388 3076 parvulus
1419 3006 1476 3060 in
1503 3004 1672 3060 oculis
1701 3005 1998 3075 tuis,caput
2019 3010 2063 3057 te

459 3094 705 3149 constitui
737 3094 789 3148 in
812 3093 1052 3149 tribubus
1073 3095 1246 3151 Israel
1269 3095 1328 3166 (Ι
1339 3096 1462 3166 Reg.
1483 3110 1582 3159 xv,
1607 3094 1698 3165 17)
1718 3093 1744 3148 Ἱ
1762 3093 2058 3148 Parvulum

459 3199 516 3238 se
533 3190 659 3240 ante
679 3190 1004 3255 potestatem
1036 3182 1274 3249 viderat,
1308 3183 1425 3251 sed,
1457 3183 1630 3238 fultus
1658 3182 1946 3253 temporali
1971 3199 2060 3253 po-
2101 3221 2144 3280 Ο

463 3271 656 3338 tentia,
681 3269 797 3342 jam
835 3287 893 3326 se
935 3271 1231 3342 parvulum
1274 3287 1388 3326 non
1435 3271 1675 3326 Videbat.
1726 3273 2060 3327 Caeterorum

463 3374 700 3431 namque
755 3358 1168 3430 comparatione
1220 3375 1276 3414 se
1331 3357 1649 3431 prteferens,
1696 3375 1952 3428 magnum
2008 3375 2064 3414 se

463 3445 612 3518 apud
630 3462 690 3500 se
719 3461 834 3501 esse
853 3444 1162 3517 judicabat.
1198 3445 1340 3503 Miro
1369 3453 1551 3502 autem
1583 3445 1748 3502 modo
1773 3464 1896 3504 cum
1919 3446 2064 3518 apud

463 3551 520 3590 se
541 3534 824 3606 parvulus,
841 3533 988 3606 apud
1007 3535 1308 3590 Dominum
1333 3551 1564 3607 magnus
1587 3553 1599 3602 ;
1623 3551 1750 3590 cum
1777 3551 1904 3590 vero
1921 3533 2064 3606 apud

463 3640 518 3679 se
536 3641 781 3696 magnus,
805 3623 950 3696 apud
966 3625 1265 3681 Dominum
1289 3625 1554 3696 parvulus
1571 3625 1696 3680 fuit.
1724 3626 1946 3696 Magnos
1965 3641 2064 3679 nos

461 3715 732 3770 Dominus
758 3714 905 3786 apud
933 3731 1034 3770 nos
1059 3730 1174 3770 esse
1205 3714 1464 3787 prohibet
1493 3731 1588 3786 per
1631 3714 1954 3786 prophetam
1985 3713 2066 3770 di-

463 3820 623 3860 cens:
669 3805 752 3862 Va:
780 3804 874 3874 qui
903 3804 1160 3875 sapientes
1188 3806 1310 3860 estis
1330 3805 1386 3860 in
1407 3806 1572 3860 oculis
1595 3805 1800 3871 restris,
1822 3810 1869 3858 et
1889 3821 2066 3858 coram

463 3892 842 3964 eobismetipsis
866 3893 1151 3964 prudentes
1185 3893 1340 3965 (Isai.
1368 3911 1427 3962 v,
1459 3894 1573 3965 21).
1604 3894 1681 3950 Ne
1712 3893 1892 3964 magni
1921 3893 2066 3965 apud

463 4001 562 4039 nos
605 3999 719 4040 esse
752 3982 1072 4054 debeamus,
1113 3985 1314 4041 Paulus
1355 3984 1681 4053 admonens,
1731 3985 1845 4040 ait:
1894 3986 2068 4040 Nolite

457 4073 740 4144 prudentes
765 4091 870 4129 esse
898 4075 1045 4147 apud
1074 4075 1412 4147 vosmetipsos
1444 4075 1620 4146 (Rom.
1654 4091 1757 4142 ΧΠ,
1789 4074 1900 4146 15).
1934 4074 2067 4130 Ple-

463 4177 697 4234 rumque
722 4179 850 4233 ergo
879 4164 1014 4219 dum
1045 4179 1115 4219 ex
1141 4164 1515 4236 subjectorum
1545 4164 1827 4220 affluentia
1848 4164 2066 4219 animus

463 4249 711 4317 inﬂatur,
745 4251 802 4306 in
829 4252 1029 4306 luxum
1057 4253 1328 4324 superbiae
1370 4253 1488 4324 ipso
1536 4254 1798 4324 potentia:
1842 4253 2066 4325 fastigio

465 4339 812 4396 lenocinante
842 4341 1237 4412 corrumpitur.

534 4429 621 4487 45.
640 4431 894 4501 Legitima
921 4437 1150 4502 potestas
1179 4449 1239 4487 ea
1267 4438 1362 4498 est,
1391 4448 1509 4502 qute
1537 4449 1696 4504 super
1723 4434 1931 4503 culpas,
1961 4450 2064 4486 non

461 4537 621 4591 super
638 4520 869 4575 homines
889 4519 1132 4591 erigitur.
1154 4521 1208 4576 S.
1227 4521 1374 4576 Petri
1393 4523 1710 4594 exemplum,
1731 4529 1778 4577 et
1800 4525 1856 4579 S.
1878 4523 2061 4580 Pauli.

2161 584 2438 647 parantur.
2485 576 2635 632 Unde
2658 584 2708 630 et
2737 592 2830 646 per
2850 572 3078 628 Paulum
3101 570 3337 625 dicitur:
3363 569 3609 624 Minister
3623 569 3765 621 enim

2160 668 2259 722 Dei
2279 675 2373 732 est,
2397 667 2587 721 rindex
2620 667 2671 718 in
2705 665 2839 717 iram
2871 663 2917 716 ei
2945 662 3035 731 qui
3059 663 3251 715 mulum
3281 661 3390 729 agit
3421 661 3598 723 (Rom.
3635 674 3765 723 x111,

2163 753 2242 827 4).
2278 754 2414 828 [ιἰιι.
2450 752 2657 826 ΧΧῙΙ.]
2691 751 2829 806 Cum
2857 768 2984 821 ergo
3016 749 3273 820 potentiae
3307 747 3629 817 temporalis
3664 745 3765 800 mi-

2163 845 2453 900 nisterium
2479 843 2799 913 suscipitur,
2823 856 3035 894 summa
3055 855 3186 894 cura
3210 836 3554 907 vigilandum
3577 842 3684 899 est,
3708 841 3770 887 ut

2164 933 2298 989 sciat
2326 934 2555 1005 quisque
2585 939 2637 985 et
2668 944 2881 983 sumere
2917 944 2985 981 ex
3019 944 3078 980 ea
3108 925 3254 998 quod
3284 923 3530 994 adjuvat,
3579 929 3636 976 et
3660 938 3770 975 ex-

2165 1039 2403 1094 pugnare
2433 1020 2578 1092 quod
2610 1026 2813 1081 teut—at;
2847 1025 2899 1071 et
2929 1016 3192 1087 aequalem
3223 1031 3278 1068 se
3309 1030 3432 1066 cum
3471 1012 3566 1066 illa
3595 1018 3771 1066 cente-

2164 1113 2239 1166 ris
2269 1127 2509 1176 cernere,
2543 1117 2596 1163 et
2643 1117 2824 1163 tamen
2875 1124 2928 1162 se
2980 1103 3334 1178 peccantibus
3377 1102 3494 1156 zelo
3534 1100 3770 1155 ultionis

2165 1201 2439 1270 praeferre.
2488 1201 2660 1265 Quam
2691 1196 3076 1252 discretionem
3111 1193 3326 1265 plenius
3356 1191 3770 1262 cognoscimus,

2165 1291 2208 1346 si
2239 1291 2404 1344 etiam
2437 1289 2721 1361 potestatis
2751 1285 3132 1343 ecclesiastica:
3164 1281 3416 1353 exempla
3447 1297 3764 1336 cernamus.

2169 1382 2358 1434 Petrus
2387 1395 2641 1450 namque,
2671 1385 2892 1433 auctore
2923 1376 3058 1441 Deo,
3099 1371 3358 1428 Ecclesia:
3394 1369 3772 1442 principatum

2166 1478 2357 1525 tenens
2389 1486 2419 1524 a
2451 1469 2584 1522 bene
2614 1474 2804 1538 agente
2834 1463 3114 1529 Cornelio,
3163 1469 3217 1516 et
3248 1478 3361 1516 sese
3391 1461 3441 1514 ei
3479 1460 3774 1514 humiliter

2168 1555 2990 1633 prosternente,iinmoderatius
3013 1552 3263 1607 venerari
3285 1550 3583 1616 recusavit,
3606 1566 3773 1622 seque

2170 1651 2251 1704 illi
2282 1649 2519 1704 similem
2555 1646 2894 1717 recognovit,
2923 1644 3147 1698 dicens:
3188 1644 3372 1711 Surge,
3405 1657 3466 1693 ne
3493 1639 3702 1709 feceris,
3724 1646 3772 1693 et

2166 1757 2254 1809 ego
2276 1739 2382 1808 ipse
2412 1739 2564 1791 homo
2594 1753 2709 1790 sum
2744 1734 2886 1804 (Aet.
2911 1749 2968 1799 Χ,
3000 1733 3115 1803 26).
3163 1729 3267 1785 Sed
3302 1744 3430 1784 cum
3455 1727 3688 1783 Ananiae
3717 1735 3772 1782 et

2168 1827 2450 1900 Sappbiraa
2473 1827 2689 1896 culpam
2715 1825 2936 1895 reperit,
2972 1839 3100 1877 mox
3131 1828 3334 1894 quanta
3359 1836 3524 1891 super
3545 1826 3774 1875 cazteros

2171 1918 2414 1991 potentia
2444 1916 2778 1972 excrevisset
2810 1913 3052 1968 ostendit
3088 1913 3229 1976 (Act.
3255 1928 3312 1979 v,
3333 1911 3387 1977 5,
3411 1909 3568 1980 seq.).
3591 1907 3773 1963 Verbo

2170 2008 2317 2062 enim
2335 2021 2524 2060 eorum
2543 2004 2712 2059 vitam
2735 2004 3158 2075 perculit,quam
3177 2001 3376 2073 spiritu
3395 2005 3772 2071 perscrutante

2171 2095 2533 2168 deprehendit
2559 2111 2571 2158 ;
2605 2101 2658 2148 et
2688 2110 2966 2148 summum
2998 2108 3053 2145 se
3079 2092 3223 2144 intra
3251 2088 3548 2144 Ecclesiam
3582 2093 3772 2142 contra

2172 2194 2390 2259 peccata
2420 2183 2672 2250 recoluit,
2700 2183 2868 2256 quod,
2904 2182 3113 2236 honore
3144 2181 3250 2235 sibi
3281 2179 3636 2235 vehementer
3669 2178 3772 2233 im-

2173 2293 2360 2348 penso,
2393 2291 2574 2331 coram
2607 2274 2743 2328 bene
2775 2271 3060 2343 agentibus
3090 2269 3353 2325 fratribus
3382 2285 3493 2324 non
3525 2269 3767 2339 agnovit.

2171 2366 2292 2422 lllic
2330 2363 2778 2422 communionem
2813 2363 3145 2435 aequalitatis
3176 2361 3378 2415 meruit
3409 2360 3670 2414 sanctitas
3688 2375 3770 2414 ac-

2173 2455 2362 2521 tionis,
2396 2458 2541 2515 834
2568 2452 2658 2508 hic
2686 2453 2837 2508 zelus
2860 2451 3088 2506 ultionis
3120 2451 3140 2484 ³
3166 2449 3258 2520 jus
3287 2448 3501 2520 aperuit
3541 2454 3770 2520 potesta-

2169 2552 2264 2621 tis,
2295 2552 2498 2607 Paulus
2524 2550 2662 2606 bene
2683 2549 2970 2622 agentibus
2989 2547 3252 2602 fratribus
3274 2546 3557 2619 prarlatum
3587 2561 3642 2599 se
3657 2560 3770 2598 esse

2172 2642 2470 2709 nesciebat,
2507 2658 2633 2696 cum
2665 2640 2904 2696 diceret:
2960 2640 3077 2694 Non
3108 2638 3232 2708 quia
3264 2637 3605 2690 dominamur
3650 2635 3771 2705 ﬁdei

2172 2739 2376 2797 t‘t’Slt‘tB,
2395 2733 2480 2785 sed
2497 2731 2768 2800 adjutores
2789 2748 2900 2784 sum
2912 2748 2970 2783 us
2989 2728 3174 2800 gaudii
3197 2727 3352 2781 vestri
3371 2727 3459 2796 (II
3475 2724 3766 2794 Cor.t,23).

2173 2821 2352 2893 Atque
2375 2821 2526 2876 illico
2548 2819 2808 2891 adjunxit
2833 2836 2844 2873 :
2877 2820 3006 2874 Fide
3022 2819 3154 2871 enim
3180 2817 3351 2870 statis.
3375 2816 3455 2871 Ac
3469 2815 3516 2870 si
3533 2814 3762 2870 diceret:

2175 2911 2299 2966 Ideo
2329 2927 2441 2966 non
2481 2911 2833 2966 dominamur
2861 2909 2990 2964 fidei
3030 2915 3248 2974 vestrm,
3279 2906 3408 2979 quia
3453 2905 3561 2960 ﬁde
3592 2904 3765 2960 statis.

2175 3002 2434 3074 .‘liquales
2462 3001 2610 3056 enim
2641 3000 2800 3055 vobis
2830 3016 3040 3066 sumus,
3065 2997 3159 3053 ubi
3191 3013 3291 3052 vos
3315 3004 3456 3052 stare
3487 2995 3766 3067 cognosci-

2175 3109 2316 3148 mus.
2379 3092 2542 3158 Quasi
2582 3091 2869 3163 praelatum
2909 3105 2964 3144 se
3007 3087 3272 3143 fratribus
3313 3102 3428 3140 esse
3469 3085 3765 3152 nesciebat,

2173 3200 2298 3238 cum
2331 3181 2573 3236 diceret:
2629 3180 2778 3235 Furti
2807 3197 2986 3233 sumus
3011 3177 3232 3248 parvuli
3260 3177 3316 3229 in
3345 3176 3513 3229 medio
3544 3181 3769 3228 vestrum

2176 3273 2232 3342 (Ι
2265 3272 2436 3327 Thess.
2471 3287 2532 3338 ιι,
2566 3271 2645 3340 7),
2668 3276 2742 3336 et,
2764 3270 2872 3325 Nos
2893 3277 3061 3323 autem
3083 3285 3256 3323 servos
3277 3275 3474 3322 vestros
3483 3286 3582 3339 per
3596 3269 3767 3322 Iesum

2178 3360 2555 3430 Christmn(II
2583 3359 2706 3415 Cor.
2741 3376 2820 3426 IV,
2853 3359 2932 3428 5).
2963 3358 3066 3414 Sed
3097 3375 3221 3414 cum
3253 3359 3472 3430 culpam
3502 3373 3624 3430 quia
3656 3373 3770 3412 cor-

2175 3445 2276 3517 rigi
2299 3445 2577 3500 debuisset
2612 3445 2846 3514 invenit,
2880 3446 3030 3500 illico
3062 3447 3382 3516 magistrum
3414 3461 3469 3500 se
3489 3461 3605 3500 esse
3625 3461 3770 3500 reco-

2175 3537 2301 3604 luit,
2350 3535 2570 3593 dicens:
2626 3536 2764 3603 Quid
2796 3537 3003 3590 cultis?
3035 3535 3088 3589 in
3118 3535 3271 3606 virga
3315 3536 3520 3590 veriiam
3565 3535 3638 3589 ad-
3684 3553 3771 3590 vos

2179 3627 2234 3697 (Ι
2265 3627 2389 3681 Cor.
2425 3642 2504 3693 Iv,
2531 3626 2622 3698 21)
2649 3626 2676 3681 ‘l

2247 3714 2335 3771 46.
2386 3715 2609 3770 Prtelati
2657 3715 2780 3769 dum
2821 3716 3005 3786 culpas
3041 3719 3278 3786 pumunt
3305 3712 3435 3782 jure
3473 3714 3770 3784 potestatis,

2174 3805 2401 3874 a’quales
2421 3821 2472 3857 se
2489 3804 2553 3858 iis
2569 3805 2660 3874 qui
2680 3805 3024 3875 corriguntur
3038 3809 3324 3875 agnoscant
3340 3821 3438 3875 per
3458 3803 3772 3858 humilitatis

2177 3894 2485 3948 custodiam.
2521 3895 2659 3965 Ipsis
2679 3894 2835 3948 etiam
2859 3911 2910 3948 se
2934 3900 3280 3966 postponant,
3312 3911 3501 3965 quare.
3526 3923 3591 3934 —
3618 3895 3772 3950 Sum-

2178 4000 2300 4038 mus
2331 3983 2514 4054 itaque
2543 3984 2694 4039 locus
2724 3983 2862 4038 bene
2883 3984 3110 4055 regitur,
3133 4001 3257 4040 cum
3287 3983 3332 4039 is
3354 3983 3447 4056 qui
3470 3992 3665 4055 praeest
3694 3984 3772 4040 vi-

2178 4071 2274 4127 tiis
2290 4072 2474 4144 potius
2491 4088 2655 4145 quam
2678 4071 2940 4127 fratribus
2955 4072 3290 4128 dominatur.
3313 4072 3552 4129 Cunctos
3573 4074 3772 4146 quippe

2177 4170 2373 4218 natura
2415 4163 2650 4234 aequales
2683 4163 2898 4234 genuit;
2932 4170 2992 4218 ut
3019 4171 3198 4218 autem
3231 4162 3326 4218 alii
3365 4158 3433 4218 ad
3474 4162 3770 4235 regendum

2176 4252 2301 4308 aliis
2316 4253 2756 4321 committantur,
2790 4270 2899 4308 non
2931 4270 3022 4309 eos
3053 4261 3267 4321 natura,
3310 4252 3404 4308 sed
3435 4253 3598 4326 culpa
3628 4261 3774 4326 post-

2178 4341 2353 4412 ponit.
2392 4341 2561 4397 Vitiis
2577 4357 2705 4412 ergo
2727 4359 2781 4397 se
2803 4342 3004 4398 debent
3025 4349 3262 4399 rectores
3283 4342 3512 4414 erigere,
3537 4358 3770 4414 quorum

2175 4439 2229 4486 et
2244 4449 2405 4488 causa
2427 4434 2792 4504 pra-feruntur
2811 4453 2823 4500 ;
2845 4442 2898 4489 et
2917 4452 3042 4489 cum
3061 4434 3445 4505 delinquentes
3465 4434 3771 4505 corrigunt,

2175 4523 2414 4578 sollicite
2435 4523 2741 4590 attendant,
2773 4531 2834 4578 ut
2857 4539 2950 4594 per
2969 4522 3322 4595 disciplinam
3344 4523 3532 4594 culpas
3550 4523 3774 4594 quidem

462 4585 540 4651 -ί
549 4609 652 4665 Sed
682 4609 835 4665 aliud
866 4617 948 4666 est
967 4585 1236 4682 quaelibet
1265 4611 1408 4666 bona
1437 4585 1553 4667 non
1581 4585 1716 4681 esse,
1739 4612 1890 4668 aliud
1921 4613 2066 4668 bona
2094 4585 2142 4644 D
2168 4611 2292 4684 jure
2314 4614 2600 4686 potestatis
2617 4585 2836 4679 feriant,
2857 4585 2962 4669 sed
2997 4629 3092 4684 per
3111 4585 3773 4668 humilitatis-custodiam

465 4699 600 4754 bene
643 4698 846 4755 habere
880 4699 1109 4755 nescire.
1158 4700 1310 4756 Bona
1340 4717 1578 4774 namque
1608 4709 1689 4757 est
1730 4702 1923 4758 ordine
1965 4720 2062 4759 suo

461 4791 731 4860 potentia,
753 4789 847 4846 sed
877 4797 1036 4846 cauta
1064 4791 1302 4862 regentis
1334 4791 1542 4864 indiget
1572 4793 1706 4848 vita.
1732 4794 1906 4864 Igitur
1925 4792 2063 4849 bene

462 4879 604 4938 hanc
634 4888 876 4950 exercet,
904 4881 998 4954 qui
1029 4888 1083 4936 et
1112 4881 1348 4937 retinere
1377 4883 1530 4937 illam
1555 4884 1794 4948 noverit,
1813 4891 1866 4938 et
1885 4883 2060 4955 impu-

457 4987 642 5042 gnare.
688 4972 835 5028 Bene
868 4970 1011 5028 hanc
1041 4979 1279 5040 exercet,
1314 4972 1411 5045 qui
1441 4973 1545 5028 scit
1579 4988 1677 5044 per
1707 4973 1860 5028 illam
1900 4990 2063 5046 super

457 5061 644 5132 culpas
660 5061 820 5134 erigi,
851 5067 906 5118 et
935 5061 1040 5119 scit
1069 5077 1196 5118 cum
1228 5061 1326 5117 illa
1353 5062 1567 5118 caeteris
1584 5063 1894 5136 aequalitate
1915 5081 2059 5120 com-

458 5151 865 5220 poni.Humana
882 5153 1031 5208 enim
1050 5167 1206 5208 mens
1228 5152 1554 5225 plerumque
1575 5154 2058 5222 extollitur,etiam

458 5256 583 5294 cum
605 5243 758 5298 nulla
777 5250 1043 5314 potestate
1073 5241 1336 5308 fulcitur;
1367 5249 1572 5316 quanto
1607 5245 1779 5315 magis
1807 5244 1864 5298 in
1887 5245 2060 5299 altum

459 5345 515 5384 se
553 5330 734 5401 erigit,
755 5349 880 5388 cum
912 5349 966 5388 se
993 5333 1158 5388 etiam
1190 5332 1240 5388 ei
1276 5339 1512 5404 potestas
1545 5331 1796 5405 adjungit
1819 5333 1846 5388 ἲ)
1888 5334 1956 5389 Et
1985 5343 2060 5390 ta-

537 5599 764 5681 ¹“Ιε]‹1ίῐὶζ
789 5618 913 5681 qtae.
935 5602 1404 5681 int-ra_sitl_ulmitttr
1426 5606 1616 5681 ;‘quod
1636 5607 1900 5681 emendav
1918 5609 2062 5663 imus

461 5671 691 5745 esMss.
719 5671 1009 5745 Longin
1047 5674 1314 5743 Vindoc.,
1369 5671 1580 5745 Baluz.,
1625 5678 1808 5744 Colb.,
1859 5681 2057 5735 l’ratel.

459 5742 692 5825 aliisque
711 5742 1114 5825 ;\_'orm.,’Gilot.
1141 5742 1323 5825 tamen
1345 5748 1414 5803 ad
1445 5742 1746 5822 marginem
1767 5742 2061 5806 annotavit

463 5815 630 5884 infra,
665 5822 878 5870 retento
910 5815 963 5869 in
997 5823 1151 5872 textu
1184 5817 1347 5872 intra.

2173 4704 2408 4775 aequales
2456 4720 2512 4758 se
2558 4703 2690 4774 ipsis
2721 4702 2983 4757 fratribus
3012 4704 3032 4736 ³
3066 4703 3162 4775 qui
3209 4704 3568 4774 corriguntur
3613 4720 3775 4774 agno-

2172 4798 2345 4847 scant.
2379 4791 2641 4858 Quamvis
2673 4793 2994 4866 plerumque
3025 4793 3189 4847 etiam
3221 4791 3451 4864 dignum
3480 4799 3561 4846 est
3583 4800 3644 4847 ut
3665 4809 3780 4847 eos-

2170 4880 2293 4936 dem
2317 4897 2453 4953 quos
2483 4881 2812 4953 corrigimus
2844 4881 3008 4938 tacita
3037 4881 3196 4937 nobis
3229 4882 3562 4953 cogitatione
3586 4882 3773 4953 przefe-

2169 4988 2379 5026 ramus.
2429 4971 2656 5027 Illorum
2709 4988 2946 5046 namque
2989 4988 3083 5044 per
3127 4988 3227 5026 nos
3277 4971 3413 5026 vitia
3459 4969 3774 5043 disciplinae

2172 5063 2193 5095 ε
2224 5061 2411 5134 vigore
2429 5061 2737 5129 feriuntur;
2764 5061 2820 5118 in
2843 5061 2931 5118 his
2953 5077 3086 5116 vero
3101 5078 3222 5134 quae
3245 5061 3348 5134 ipsi
3367 5059 3774 5117 committimus

2173 5168 2237 5207 ne
2281 5153 2436 5209 verbi
2481 5153 2703 5225 quidem
2746 5154 2814 5211 ab
2854 5154 3042 5228 aliquo
3083 5154 3398 5210 invectione
3444 5155 3772 5209 laceramur.

2170 5243 2344 5300 Tanto
2364 5261 2492 5316 ergo
2507 5245 2652 5317 apud
2666 5246 2966 5302 Dominum
2988 5245 3344 5318 obligatiores
3362 5261 3554 5301 sumus
3566 5251 3777 5317 quanto

2169 5333 2316 5406 apud
2331 5333 2585 5391 homines
2601 5336 2774 5391 inulte
2804 5352 3112 5408 peccamus.
3149 5335 3287 5410 [Vet.
3321 5333 3562 5409 XXIII.]
3594 5335 3775 5392 Disci-

2243 5612 2265 5646 ³
2293 5611 2614 5678 Baluz.,jus
2643 5617 2918 5680 apparuit.

2243 5685 2262 5716 ³
2296 5684 2409 5750 AL,
2440 5700 2568 5752 quos
2597 5683 2888 5753 rorrigunt.
3643 5752 3650 5753 ί
3819 5739 3830 5752 ,

2249 5755 2261 5787 ⁵
2295 5755 2382 5828 Sic
2422 5755 2652 5828 Noun,
2679 5752 2948 5828 “atumet
2978 5754 3073 5808 alii
3105 5771 3242 5826 quos
3271 5760 3598 5826 sequuntur.
3639 5752 3768 5808 Yet.

2169 5825 2274 5881 Ed.
2308 5827 2369 5881 In
2402 5834 2604 5882 recent.
2640 5826 2839 5898 legitur
2868 5825 3063 5898 rigore.
