3920 6380
146 393 239 453 377
878 399 1250 456 MORALIUM
1308 402 1441 458 LIB.
1503 404 1706 463 XXVI.
1748 436 1819 449 —-
1856 408 1927 463 IN
1966 408 2193 467 CAPUT
2255 412 2497 469 XXXVI
2538 416 2596 469 B.
2639 416 2780 472 JOB.

3390 426 3495 482 378

149 524 293 596 plina
322 532 512 580 autem
544 534 730 582 nostra
745 526 1005 583 subditos
1032 537 1186 585 tanto
1216 529 1409 587 divino
1434 531 1645 604 judicio
1708 536 1765 591 li-
1797 539 1849 597 A
1879 538 2109 609 quidem
2147 539 2208 593 in
2250 540 2515 610 potentia,
2552 542 2643 597 sed
2675 552 2953 614 potentem
2997 566 3053 605 se
3100 567 3214 608 esse
3260 556 3488 622 nescire;

144 614 388 670 beriores
408 615 613 684 reddit,
636 626 842 689 quanto
872 618 963 674 hic
992 636 1179 675 eorum
1211 622 1399 692 culpas
1428 623 1544 677 sine
1567 625 1764 679 vindi-

143 714 227 763 cta
255 723 368 762 non
400 707 623 763 deserit.
658 708 935 764 Servanda
964 710 1147 782 itaque
1177 718 1255 765 est
1285 711 1341 766 in
1373 712 1535 767 corde
1566 713 1763 768 humi-

150 798 295 865 litas,
336 806 391 853 et
423 799 479 853 in
512 816 674 870 opere
706 799 1017 871 disciplina.
1039 803 1217 874 Atque
1238 802 1382 858 inter
1402 804 1521 859 haec
1536 805 1764 860 solerter

144 890 500 959 intuendum,
531 907 600 946 ne
621 892 753 948 dum
787 894 1206 950 immoderatius
1245 897 1555 953 custoditur
1586 898 1762 953 virtus

143 982 506 1050 humilitatis,
536 984 826 1040 solvantur
848 984 975 1056 jura
1006 987 1324 1057 regiminis;
1355 989 1549 1043 etdum
1574 992 1762 1061 praela-

142 1080 231 1129 tus
261 1074 499 1146 quisque
530 1073 654 1144 plus
685 1090 741 1129 se
772 1091 933 1146 quam
965 1075 1119 1130 decet
1145 1076 1355 1147 dejicit,
1414 1079 1761 1135 subditorum

142 1165 313 1220 vitam
348 1164 618 1234 stringere
648 1164 750 1219 sub
778 1164 1089 1236 disciplina:
1135 1167 1359 1223 vinculo
1411 1186 1523 1225 non
1568 1171 1759 1241 possit.

141 1254 458 1310 Teneamus
487 1271 617 1326 ergo
646 1253 891 1310 exterius
922 1256 1069 1327 quod
1122 1274 1220 1327 pro
1250 1258 1485 1314 aliorum
1526 1262 1764 1315 utilitate

142 1343 508 1414 suscipimus,
533 1350 818 1399 teneamus
848 1344 1082 1401 interius
1110 1346 1257 1417 quod
1289 1347 1356 1402 de
1394 1357 1583 1405 nostra
1609 1350 1766 1405 aesti—

142 1434 392 1490 matione
424 1433 713 1491 sentimus.
755 1435 863 1491 Sed
910 1444 1093 1492 tamen
1126 1438 1384 1495 decenter
1429 1442 1763 1513 quibusdam

141 1524 571 1596 erumpentibus
627 1525 798 1598 signis
851 1526 988 1582 tales
1025 1545 1125 1584 nos
1172 1530 1317 1601 apud
1351 1548 1451 1587 nos
1499 1550 1613 1589 esse
1654 1534 1763 1606 ipsi

141 1614 315 1670 etiam
347 1615 442 1686 qui
475 1614 637 1671 nobis
666 1616 947 1672 commissi
964 1627 1093 1674 sunt
1114 1636 1224 1676 non
1243 1621 1516 1693 ignorent,
1544 1632 1605 1680 ut
1621 1634 1675 1681 et
1698 1624 1765 1680 de

140 1703 477 1759 auctoritate
507 1714 694 1761 nostra
722 1707 871 1779 quod
901 1707 1201 1765 formident
1230 1711 1476 1781 videant,
1500 1722 1552 1769 et
1573 1714 1638 1771 de
1662 1715 1764 1769 hu-

140 1793 385 1848 militate
415 1795 564 1867 quod
603 1795 894 1853 imitentur
937 1808 1255 1870 agnoscant.
1321 1804 1544 1858 Servata
1582 1814 1763 1860 autem

140 1884 476 1939 auctoritate
506 1884 815 1956 regiminis,
846 1887 915 1943 ad
934 1905 1029 1944 cor
1048 1896 1297 1945 nostrum
1315 1890 1432 1946 sine
1454 1895 1755 1950 cessatione
1783 1904 1829 1964 Β

140 1972 459 2042 redeamus,
482 1982 535 2030 et
551 1976 961 2033 consideremus
976 1979 1194 2035 assidue
1216 1981 1361 2052 quod
1378 1999 1569 2038 sumus
1584 2002 1759 2057 requa-

141 2062 275 2117 Iiter
296 2080 425 2119 cum
448 2065 662 2120 cazteris
688 2066 923 2133 conditi,
955 2084 1065 2123 non
1087 2069 1235 2141 quod
1263 2073 1641 2142 temporaliter
1660 2091 1760 2130 cm-

139 2152 278 2207 teris
309 2153 545 2224 praelati.
571 2154 814 2210 Potestas
844 2157 991 2211 enim
1024 2166 1231 2230 quanto
1261 2162 1504 2217 exterius
1532 2164 1760 2233 eminet,

139 2247 302 2296 tanto
332 2242 509 2314 premi
553 2243 788 2301 interius
828 2245 1009 2315 debet,
1043 2264 1110 2303 ne
1132 2250 1521 2320 cogitationem
1550 2253 1759 2321 vincat,

137 2347 208 2387 ne
239 2331 300 2386 in
334 2330 759 2389 delectationem
788 2334 873 2391 sui
908 2335 1157 2392 animum
1192 2338 1387 2410 rapiat,
1422 2356 1491 2395 ne
1513 2340 1627 2412 jam
1662 2341 1763 2397 sub

138 2437 196 2478 se
225 2438 389 2477 mens
416 2438 535 2478 eam
567 2440 751 2496 regere
781 2441 894 2481 non
924 2426 1115 2497 possit,
1147 2428 1239 2484 cui
1268 2445 1324 2484 se
1369 2428 1602 2486 libidine
1654 2431 1765 2487 do—

149 2514 412 2571 minandi
442 2517 722 2588 supponit.

208 2603 303 2660 47.
344 2606 629 2662 Potestatis
660 2608 932 2664 humiliter
968 2610 1359 2665 administrata:
1386 2614 1680 2683 exemplum
1712 2613 1765 2666 in

136 2694 343 2751 David.
377 2725 449 2736 —
464 2696 609 2752 Bene
622 2698 799 2753 David
820 2698 973 2770 regni
997 2700 1295 2771 potentiam
1318 2717 1501 2771 regere
1515 2710 1764 2778 noverat,

137 2782 236 2855 qui
253 2782 555 2839 elationem
585 2783 827 2855 ejusdem
842 2838 845 2841 ,
860 2788 1115 2858 potentia:
1132 2788 1484 2859 semetipsum
1504 2806 1767 2860 premen—

144 2871 219 2927 do
250 2872 534 2940 vincebat,
557 2873 781 2932 dicens:
815 2877 1059 2942 Domine,
1093 2894 1198 2931 non
1227 2885 1299 2932 est
1353 2882 1646 2933 exaltatum
1675 2897 1767 2933 cor

138 2979 316 3018 meum
341 2963 517 3034 (Psal.
534 2980 706 3031 cxxx,
734 2965 809 3037 1).
826 2965 1038 3037 Quippe
1056 2966 1113 3021 in
1137 2965 1254 3037 ejus
1271 2966 1605 3024 humilitatis
1624 2985 1766 3040 aug-

144 3060 406 3108 mentum
440 3051 732 3123 subjunxit
757 3071 768 3108 :
802 3056 979 3124 Neque
1008 3055 1132 3110 elati
1161 3057 1433 3110 suntoruli
1448 3056 1564 3111 mei.
1585 3058 1765 3129 Atque

140 3140 366 3198 addidit
398 3159 410 3197 :
444 3142 620 3212 Neque
648 3143 921 3198 ambulavi
950 3145 1006 3198 in
1025 3145 1249 3214 magnis.
1283 3146 1352 3198 Et
1381 3144 1561 3200 adhuc
1578 3145 1766 3201 subti-

1872 628 1937 683 ad
1972 629 2259 700 largienda
2290 630 2433 685 bona
2464 640 2739 702 potentem
2772 652 2828 689 se
2857 654 3201 709 cognoscere,
3230 645 3250 678 ⁴
3289 644 3358 700 ad
3395 662 3493 701 re-

1872 718 2158 788 pendentla
2189 720 2357 775 noxia
2387 738 2549 775 omne
2590 722 2737 793 quod
2769 734 3019 793 potenter
3048 729 3193 783 valet
3217 731 3486 802 ignorare.

1874 806 2037 860 Recte
2069 808 2249 879 itaque
2279 809 2346 862 de
2378 809 2590 866 talibus
2619 811 2857 867 dicitur:
2917 815 3058 869 Deus
3111 825 3340 887 potentes
3386 839 3491 876 non

1871 896 2072 963 abjicit,
2105 915 2220 951 eum
2249 905 2295 952 et
2353 900 2458 969 ipse
2487 900 2555 954 sit
2581 908 2785 971 potens.
2820 905 2997 958 Deum
3033 906 3236 978 quippe
3285 907 3489 967 imitari

1874 985 2169 1053 desiderat,
2202 988 2295 1059 qui
2345 988 2625 1061 fastigium
2686 994 2947 1062 potentize
3003 995 3200 1051 alienis
3248 996 3492 1054 intentus

1872 1074 2232 1143 utilitatibus,
2264 1085 2319 1131 et
2348 1094 2459 1132 non
2491 1080 2605 1134 suis
2638 1080 2900 1138 laudibus
2925 1084 3099 1139 elatus
3117 1084 3488 1153 administrat,

1875 1164 1969 1236 qui
2001 1166 2255 1235 praelatus
2283 1169 2495 1222 caeteris
2525 1169 2780 1240 prodesse
2810 1173 3038 1243 appetit,
3096 1189 3207 1228 non
3239 1191 3485 1246 praeesse.

1874 1253 2127 1308 Tumoris
2157 1271 2391 1327 namque
2421 1257 2607 1325 elatio,
2656 1275 2767 1314 non
2807 1260 2947 1316 ordo
2978 1263 3268 1333 potestatis
3298 1263 3357 1318 in
3387 1263 3490 1318 cri-

1875 1344 2024 1398 mine
2056 1351 2154 1398 est.
2181 1345 2488 1401 Potentiam
2512 1348 2664 1402 Deus
2690 1349 2908 1417 tribuit,
2934 1351 3229 1407 elationem
3255 1369 3384 1408 vero
3397 1369 3488 1425 po-

1873 1432 2060 1488 tentias
2091 1434 2299 1489 malitia
2320 1443 2519 1490 nostra:
2536 1438 2741 1494 mentis
2764 1439 2998 1495 invenit.
3037 1441 3317 1497 Tollamus
3359 1458 3487 1513 ergo

1876 1522 2017 1594 quod
2052 1522 2117 1576 de
2148 1530 2338 1578 nostro
2388 1526 2747 1595 contulimus,
2807 1536 2861 1583 et
2896 1527 3041 1582 bona
3070 1536 3198 1584 sunt
3223 1546 3342 1602 quae
3374 1531 3488 1585 Deo

1875 1612 2139 1683 largiente
2169 1612 2530 1684 possidemus.
2561 1617 2702 1683 Quia
2744 1617 2891 1672 enim
2944 1636 3288 1692 nequaquam
3337 1619 3489 1691 justa

1875 1701 2137 1773 potentia,
2171 1702 2266 1757 sed
2295 1703 2438 1758 actio
2467 1720 2635 1775 prava
2691 1705 3007 1774 damnatur,
3067 1718 3189 1779 apte
3243 1707 3487 1780 subjun~

1876 1791 2021 1862 gitur
2047 1807 2057 1845 :

2232 1879 2490 1936 'CAPUT
2522 1882 2735 1940 XXVII
2764 1880 2908 1955 [Rea
2944 1882 3092 1956 XX].

1941 1969 2111 2025 γωδ.
2146 1966 2197 2024 6.
2229 1997 2299 2009 -
2326 1971 2425 2025 Sed
2452 1988 2557 2026 non
2588 1972 2986 2045 salvatimpios,
3012 1973 3489 2045 etjudiciumpau-

1866 2060 2081 2130 peribus
2098 2059 2299 2116 tribuit.

1942 2149 2030 2204 49.
2062 2151 2202 2204 Deus
2211 2151 2483 2220 potestatis
2496 2152 2799 2223 superbiam
2818 2169 2926 2207 non
2947 2154 3304 2211 celsitudinem
3326 2156 3489 2211 dam—

1873 2244 1984 2293 nat.
2010 2270 2080 2280 —
2109 2240 2393 2312 Scriptura
2422 2258 2572 2297 sacra
2594 2242 2925 2315 plerumque
2966 2260 3254 2315 pauperes,
3289 2244 3489 2301 humi-

1872 2327 1951 2382 les
1985 2344 2182 2382 vocare
2231 2328 2537 2384 consuevit.
2599 2329 2754 2386 Unde
2784 2330 2842 2385 in
2886 2332 3190 2404 Evangelio
3219 2349 3345 2390 cum
3383 2333 3491 2390 ad-

1868 2414 2110 2487 jectione
2170 2417 2398 2487 spiritus
2455 2418 2836 2483 nominantur,
2892 2420 3023 2475 dum
3064 2421 3305 2478 dicitur:
3339 2409 3493 2477 Beati

1866 2523 2128 2577 pauperes
2153 2505 2368 2577 spiritu,
2388 2507 2637 2576 quoniam
2654 2508 2888 2577 ipsorum
2912 2516 2987 2564 est
3006 2527 3221 2581 regnum
3241 2512 3491 2566 eceteram

1873 2596 2093 2662 (Matth.
2128 2612 2182 2663 v,
2216 2596 2294 2666 3).
2313 2597 2333 2630 ⁵
2353 2595 2493 2663 Quia
2516 2595 2664 2651 enim
2685 2597 2899 2653 divitia:
2925 2599 3224 2655 visibiliter
3243 2610 3492 2672 potentes

1875 2684 2195 2749 ostendunt,
2217 2684 2363 2756 apud
2393 2686 2716 2757 semetipsos
2748 2705 3011 2760 pauperes
3038 2699 3190 2759 sunt,
3225 2691 3321 2763 qui
3362 2690 3493 2744 elati

1878 2775 1934 2830 in
1964 2777 2081 2832 suis
2110 2778 2468 2833 conscientiis
2489 2796 2602 2834 non
2624 2786 2774 2834 sunt.
2799 2781 2910 2835 Eos
2939 2795 3069 2834 vero
3091 2779 3292 2852 impios
3307 2789 3487 2849 vocat,

1876 2863 1971 2935 qui
2001 2871 2095 2918 aut
2124 2880 2155 2918 a
2173 2864 2304 2919 ﬁdei
2335 2866 2533 2937 pietate
2555 2866 2821 2939 disjuncti
2843 2876 2995 2936 sunt,
3018 2876 3114 2924 aut
3135 2869 3190 2924 in
3219 2868 3324 2925 hoc
3344 2869 3495 2942 quod

1877 2952 2112 3007 ﬁdeliter
2140 2953 2371 3009 credunt
2401 2955 2587 3026 pravis
2624 2956 2729 3010 sibi
2787 2957 3034 3013 moribus
3072 2959 3485 3015 contradicunt.

1875 3046 2014 3114 Quia
2040 3065 2169 3119 ergo
2198 3048 2549 3120 omnipotens
2578 3049 2734 3103 Deus
2764 3049 2991 3103 malitia:
3013 3050 3349 3119 superbiam,
3380 3066 3494 3105 non

1876 3138 2136 3209 potentia:
2158 3138 2544 3195 celsitudinem
2563 3138 2810 3206 damnat,
2834 3147 3124 3210 postquam
3140 3138 3352 3195 dictum
3374 3146 3488 3196 est:

143 3232 369 3288 lissima
402 3232 759 3304 semetipsum
780 3234 1138 3306 inquisitione
1169 3234 1490 3303 discutiens,
1522 3237 1631 3292 ait:
1652 3239 1766 3293 Ne-
1796 3262 1839 3323 Ο
1874 3230 2016 3323 Deus
2040 3235 2277 3299 potentes
2294 3244 2403 3282 non
2441 3228 2648 3323 abjicit,
2677 3244 2793 3323 cum
2823 3235 2871 3282 et
2898 3228 3009 3298 ipse
3036 3229 3325 3323 sitpotens,
3348 3236 3493 3285 recte

143 3339 245 3393 que
278 3323 333 3375 in
363 3321 703 3377 mirabilibus
732 3340 889 3395 super
903 3342 998 3380 me.
1019 3325 1328 3399 Omnesque
1351 3327 1515 3381 etiam
1545 3328 1765 3399 cogita-

139 3412 324 3468 tiones
346 3428 470 3467 suas
491 3429 521 3468 a
554 3413 729 3469 fundo
759 3414 942 3471 cordis
970 3416 1323 3485 exbauriens,
1354 3423 1499 3480 835
1520 3418 1764 3489 subjun-

143 3512 245 3582 git,
271 3511 498 3567 dicens:
530 3513 588 3568 Si
618 3530 721 3567 non
751 3515 1022 3569 humiliter
1047 3517 1329 3571 sentiebam
1365 3519 1487 3571 ‘scd
1528 3516 1765 3572 exallavi

148 3604 393 3659 animum
432 3621 620 3659 meam.
678 3605 818 3661 Ecce
849 3605 1183 3662 humilitatis
1212 3606 1446 3663 hostiam
1466 3608 1532 3663 ab
1564 3609 1763 3663 intimo

141 3693 335 3750 cordis
355 3692 595 3748 oblatam
612 3693 802 3750 crebro
825 3695 1076 3765 replicat,
1094 3704 1145 3751 et
1163 3696 1361 3751 iterum
1380 3705 1541 3768 atque
1560 3698 1760 3752 iterum

142 3783 471 3841 conﬁtendo
500 3784 694 3839 offerre
742 3801 853 3840 non
880 3793 1084 3853 cessat;
1123 3802 1350 3858 eamque
1380 3788 1763 3858 multipliciter

143 3885 380 3947 loquens
404 3872 612 3944 judicis
633 3874 718 3929 sui
748 3874 923 3930 oculis
953 3882 1208 3931 ostentat.
1242 3876 1386 3943 Quid
1420 3883 1500 3930 est
1536 3876 1640 3931 hoc
1654 3878 1679 3932 “.7
1710 3884 1762 3932 et

143 3964 429 4041 quomodo
451 3965 598 4021 istud
628 3966 957 4023 sacriﬁcium
988 3969 1100 4021 Deo
1132 3966 1153 4001 ²
1172 3968 1381 4038 placere
1411 3974 1760 4038 cognoverat,

143 4055 295 4126 quod
312 4054 369 4109 in
391 4063 687 4127 conspectu
707 4054 825 4126 ejus
842 4063 992 4111 tanta
1019 4056 1305 4112 iteratione
1329 4059 1481 4111 vocis
1498 4058 1761 4111 immola—

142 4144 261 4212 bat,
284 4144 391 4199 nisi
410 4144 559 4216 quod
574 4143 757 4201 vicina
773 4160 886 4200 esse
910 4145 1162 4216 superbia
1182 4146 1499 4217 potentibus
1517 4147 1676 4213 solet,
1708 4154 1763 4200 et

142 4250 284 4305 pene
316 4250 531 4305 semper
560 4234 722 4289 rebus
750 4234 1103 4289 aﬂlueutibus
1134 4236 1298 4289 elatio
1337 4235 1596 4303 sociatur,
1632 4235 1763 4306 quia

144 4332 198 4379 et
228 4340 373 4394 saepe
403 4323 655 4379 humoris
687 4323 1027 4379 abundantia
1055 4324 1319 4379 duritiam
1355 4325 1449 4380 dat
1481 4325 1714 4380 tumoris
1736 4325 1763 4380 ?

222 4411 366 4486 [Vet.
401 4411 631 4485 XXIV.]
662 4412 751 4467 48.
786 4415 933 4469 Rara
964 4414 1281 4467 humilitatis
1309 4420 1356 4468 et
1380 4415 1654 4485 potestatis
1682 4431 1760 4467 so-

142 4504 326 4558 cietas.
355 4533 427 4543 —
453 4503 657 4558 Mirum
687 4519 819 4558 vero
856 4504 1013 4558 \alde
1035 4512 1114 4558 est
1145 4520 1270 4558 cum
1302 4504 1359 4557 in
1382 4504 1640 4559 cordibus
1661 4521 1763 4557 su—

142 4594 410 4650 blimium
439 4602 630 4665 regnat
660 4593 947 4649 humilitas
978 4611 1213 4649 morum.
1248 4594 1401 4650 Unde
1420 4593 1759 4666 pensandum
1793 4623 1840 4681 D

144 4691 228 4740 est
258 4683 390 4757 quia
416 4691 663 4755 potentes
692 4684 894 4756 quique
915 4701 1041 4739 cum
1063 4683 1350 4738 humiliter
1370 4684 1609 4755 sapiunt,
1628 4682 1757 4738 cul—

146 4789 276 4828 men
299 4780 577 4828 extraneaa
594 4781 649 4827 et
664 4773 817 4844 quasi
832 4774 989 4843 longe
1008 4773 1196 4843 positae
1217 4772 1437 4828 virtutis
1457 4774 1756 4844 attingunt,

145 4873 200 4918 et
228 4871 376 4918 recte
408 4863 512 4919 hac
564 4863 767 4918 virtute
806 4862 1103 4919 Dominum
1151 4864 1479 4934 quantocius
1521 4865 1756 4935 placant,

144 4952 278 5024 quia
310 4952 452 5007 illud
481 4952 531 5018 ei
559 4954 578 4987 ³
611 4952 940 5007 sacriﬁcium
974 4952 1261 5008 humiliter
1307 4954 1563 5022 oﬁ'erunt,
1614 4954 1759 5026 quod

145 5048 405 5113 potentes
434 5041 686 5098 invenire
716 5042 812 5098 vix
844 5048 1091 5114 possunt.
1125 5041 1497 5097 Subtilissima
1527 5058 1761 5115 namque

145 5148 236 5186 ars
259 5131 490 5188 vivendi
519 5139 600 5188 est
620 5116 839 5188 culmen
856 5139 1061 5198 tenere,
1080 5130 1310 5202 gloriam
1340 5147 1614 5203 premere;
1648 5148 1762 5187 esse

226 5360 239 5391 ¹
285 5358 521 5424 Turon.,
553 5358 601 5411 si
631 5358 884 5414 exaltari.

222 5430 243 5464 ⁵
272 5428 731 5502 Emendathunc
758 5431 936 5485 locum
968 5430 1242 5486 .lamezius
1274 5446 1341 5485 ex
1368 5432 1495 5486 Mss.
1520 5431 1763 5502 Anglic,

143 5502 204 5555 in
238 5500 632 5573 quibuslegit,
656 5503 865 5569 placere
902 5520 1005 5556 non
1037 5509 1271 5557 noverat.
1307 5504 1367 5557 In
1400 5504 1526 5557 Mss.
1559 5500 1767 5558 nostris

142 5571 340 5629 Narin.
377 5572 516 5643 etin
542 5571 686 5639 aliis,
718 5589 932 5627 necnon
965 5573 1022 5627 in
1056 5574 1307 5643 Vulgatis
1339 5583 1505 5629 veter.
1549 5583 1642 5629 aut
1670 5593 1763 5628 re—

140 5641 496 5701 centioribus
527 5650 705 5715 exstat
736 5645 897 5698 lectio
918 5661 1081 5715 quam
1110 5640 1487 5701 exhibuimus.

218 5718 239 5749 ³
273 5716 514 5777 Turon.,
544 5714 769 5780 Pratel.,
804 5714 968 5782 Utic.,
1009 5717 1331 5787 sacriﬁcium
1368 5724 1601 5789 potentes
1630 5721 1766 5788 effe.—

142 5794 295 5843 runt.

218 5862 238 5896 δ
273 5859 515 5926 Turon.,
546 5857 618 5912 ad
651 5859 925 5928 repetenda
974 5858 1159 5916 noxia.

1876 3316 2230 3388 subjungitur
2255 3335 2265 3371 :
2303 3317 2402 3372 Sed
2430 3334 2535 3370 non
2554 3316 2739 3371 salvat
2770 3317 2978 3387 impios,
3006 3324 3053 3371 et
3064 3317 3331 3387 judicium
3358 3335 3492 3390 pau-

1867 3406 2087 3477 peribus
2119 3405 2322 3459 tribuit.
2358 3405 2417 3460 Id
2447 3412 2546 3471 est,
2586 3405 2758 3460 elatos
2800 3404 3057 3474 destruit,
3091 3406 3331 3463 humiles
3362 3423 3494 3462 vero

1874 3511 1969 3566 per
1991 3494 2267 3566 judicium
2292 3494 2492 3549 liberos
2522 3494 2725 3551 reddit.
2760 3495 2863 3551 Vel
2898 3503 3045 3551 certe
3068 3495 3344 3568 judicium
3362 3513 3491 3569 pau-

1873 3586 2094 3657 peribus
2118 3586 2477 3657 tribuit,quia
2504 3584 2563 3640 hi
2586 3586 2678 3658 qui
2705 3602 2853 3641 nunc
2880 3586 3138 3658 nequiter
3156 3587 3495 3658 opprimun-

1873 3681 1985 3743 tur,
2018 3675 2123 3747 ipsi
2156 3682 2288 3731 tunc
2315 3691 2478 3747 super
2537 3691 2888 3747 oppressores
2944 3692 3071 3732 suos
3125 3675 3341 3747 judices
3386 3692 3494 3731 ve-

1872 3766 2059 3822 niunt.

1942 3856 2030 3911 50.
2055 3856 2419 3927 Reproborum
2438 3855 2539 3911 alii
2543 3854 2573 3924 j
2581 3855 2890 3921 adicuntur,
2911 3853 3011 3908 alii
3030 3870 3137 3907 non
3146 3852 3486 3922 judicantur.

1871 3975 1942 3986 —
1969 3946 2102 4000 Duae
2133 3946 2337 4017 quippe
2364 3953 2494 3999 sunt
2524 3951 2723 4015 partes,
2743 3943 3049 3998 electorum
3073 3940 3305 4009 scilicet,
3327 3948 3490 4013 atque

1870 4034 2251 4105 reproborum.
2284 4032 2389 4088 Sed
2419 4033 2537 4088 bini
2571 4033 2801 4089 ordines
2830 4033 3035 4088 eisdem
3064 4032 3297 4103 singulis
3322 4033 3488 4104 parti-

1870 4125 1974 4179 bus
1995 4123 2370 4178 continentur.
2403 4124 2516 4178 Alii
2547 4139 2797 4195 namque
2823 4122 3148 4193 judicantur
3162 4130 3215 4177 et
3237 4133 3486 4196 pereunt,

1872 4214 1966 4269 alii
2000 4230 2110 4269 non
2142 4212 2466 4284 judicantur
2488 4221 2542 4268 et
2566 4224 2820 4286 pereunt.
2854 4213 2967 4269 Alii
2993 4212 3317 4284 judicantur
3336 4221 3390 4269 et
3410 4231 3488 4270 re-

1872 4314 2061 4379 gnant,
2091 4305 2186 4360 alii
2217 4322 2328 4361 non
2352 4304 2677 4376 judicantur
2693 4294 2920 4367 $836
2961 4312 3212 4375 regnant.
3232 4304 3485 4362 Judicau-

1870 4415 1963 4462 tur
1986 4412 2040 4459 et
2070 4413 2297 4476 pereunt
2325 4403 2525 4476 quibus
2556 4406 2589 4449 δ’
2614 4404 2914 4460 Dominica
2945 4404 3333 4462 inclamatione
3354 4403 3488 4461 dici-

1870 4504 1961 4551 tur
1986 4513 1997 4549 :
2028 4494 2273 4559 Esurivi,
2305 4499 2351 4548 et
2378 4511 2485 4549 non
2515 4493 2739 4548 dedistis
2768 4494 2898 4548 mihi
2928 4494 3284 4558 manducare;
3319 4492 3484 4561 sitivi,

1871 4592 1918 4639 et
1944 4603 2051 4640 non
2087 4586 2309 4640 dedistis
2336 4585 2467 4640 mihi
2491 4591 2675 4656 potum
2695 4603 2717 4650 ;
2745 4585 2927 4656 hospes
2946 4601 3112 4653 eram,
3143 4592 3190 4640 et
3208 4603 3313 4640 non
3331 4587 3484 4641 colle-

1869 4676 2021 4747 gistis
2057 4694 2136 4731 me
2158 4694 2177 4741 ;
2204 4676 2403 4744 nudus,
2433 4682 2481 4729 et
2504 4692 2610 4730 non
2637 4676 2923 4746 operuzstis
2944 4692 3023 4729 me
3043 4693 3064 4741 ;
3082 4694 3217 4747 (eger
3232 4683 3279 4732 et
3296 4676 3352 4731 in
3371 4693 3486 4731 car-

1869 4783 1997 4833 cere,
2031 4772 2078 4819 et
2103 4782 2210 4820 non
2236 4766 2490 4820 visitastis
2518 4783 2597 4820 me
2621 4766 2845 4833 (Matth.
2866 4781 3005 4832 xxv,
3027 4764 3116 4833 42,
3135 4765 3250 4837 li3).
3275 4765 3487 4832 Quibus

1870 4855 2251 4926 praemittitur:
2287 4855 2545 4910 Discedite
2566 4873 2600 4909 a
2622 4871 2721 4921 me,
2752 4854 3037 4919 maledicti,
3058 4854 3113 4908 iu
3141 4854 3310 4924 ignem
3338 4860 3484 4907 teter-

1870 4961 2018 5009 num,
2048 4946 2140 5015 qui
2164 4951 2391 5015 paratus
2422 4951 2493 4998 est
2521 4944 2735 4998 diabolo
2756 4944 3020 5013 etangelis
3038 4942 3150 5011 ejus
3174 4941 3479 5013 (Ibid.,4l).

1872 5033 2121 5088 Aliivero
2138 5034 2195 5089 in
2212 5040 2460 5089 extremo
2475 5032 2690 5104 judicio
2714 5049 2825 5087 non
2834 5031 3221 5103 judicanturet
3230 5038 3481 5100 pereunt,

1873 5124 1939 5180 de
1960 5124 2162 5197 quibus
2181 5123 2454 5195 Propheta
2477 5124 2586 5179 ait:
2622 5126 2640 5158 ⁷
2674 5124 2797 5179 Non
2828 5125 3110 5191 resurgunt
3136 5119 3289 5191 impii
3310 5120 3361 5174 in
3378 5120 3484 5189 ju-

1944 5358 1965 5391 ⁵
1998 5357 2078 5411 Ita
2105 5372 2229 5411 cum
2265 5356 2475 5420 Baluz.,
2499 5354 2680 5420 Colb.,
2707 5350 2955 5419 Ebroic.,
2974 5358 3110 5418 etc.,
3143 5360 3355 5409 veteres
3375 5355 3479 5414 Ed.

1875 5432 1936 5485 In
1967 5444 2075 5483 rec.
2100 5427 2322 5497 legitur,
2354 5443 2484 5494 quos
2504 5426 2659 5479 enim.

1947 5495 2288 5570 6Sequimur
2318 5496 2743 5570 Baluz.,_AC.olb.,
2802 5495 3060 5570 \"iudoc.,
3115 5498 3253 5554 Utic.
3305 5508 3360 5554 et
3408 5500 3481 5555 al.

1875 5574 2026 5638 Mss,
2061 5567 2242 5642 potius
2264 5586 2425 5642 quam
2459 5568 2652 5623 Editos
2673 5568 2731 5622 iu
2762 5567 2962 5640 quibus
2988 5577 3192 5637 exstat,
3222 5570 3483 5626 dominica

1877 5662 1994 5698 voce
2027 5645 2078 5696 in
2107 5641 2461 5695 ttanmutimte.

1948 5718 1967 5750 ⁷
1998 5718 2079 5771 Ita
2108 5713 2312 5787 laudati
2344 5713 2469 5786 Mss.
2503 5717 2557 5766 et
2593 5720 2702 5767 \et.
2741 5711 2867 5779 Ed.,
2894 5729 2925 5767 a
2947 5712 3149 5787 quibus
3168 5713 3481 5773 recedentes

1878 5795 2081 5845 recent.
2108 5785 2467 5859 praetulerunt
2496 5801 2597 5838 nou
2622 5790 2910 5856 resurgent.
