3920 6376
411 402 517 461 379

1637 397 1885 455 SANC'I‘I
1923 393 2262 453 GREGORII
2317 393 2544 451 MAGNI

3636 390 3745 447 380

411 537 546 593 dicio
589 533 770 606 (Psat.
803 547 845 600 ι,
874 532 957 603 5).
986 532 1059 587 Et
1085 531 1154 588 de
1173 531 1375 606 quibus
1403 529 1676 587 Dominus
1703 529 1840 586 dicit
1873 545 1884 583 :
1921 528 2016 596 Qui

2134 521 2495 595 praestantiori
2523 521 2800 579 desiderio
2833 519 2958 594 plus
2983 517 3249 576 exhibere
3274 527 3541 592 appetunt
3566 535 3738 594 quam

409 631 585 682 autem
611 639 720 678 non
750 621 934 687 credit,
955 619 1076 691 jam
1095 621 1372 692 judicatus
1386 621 1663 692 est(Joan.
1684 637 1770 688 ιιι,
1791 617 1906 688 18).
1951 619 2023 678 Et

410 715 476 772 de
506 712 710 788 quibus
736 711 938 768 Paulus
965 712 1074 768 ait:
1111 713 1215 779 Qui
1242 713 1353 766 sine
1395 713 1498 781 lege
1533 715 1895 782 peccaverunt,
1914 709 2025 763 sine

414 807 520 878 lege
537 805 790 878 peribunt
820 803 996 873 (Rom.
1044 819 1106 871 ιι,
1167 803 1278 873 12).
1329 803 1640 872 Resurgunt
1672 816 1800 871 ergo
1856 798 2021 854 etiam

411 911 606 952 omnes
636 893 907 961 inﬁdeles,
933 891 1028 948 sed
1056 891 1124 948 ad
1141 899 1500 958 tormentum,
1519 907 1631 946 non
1648 888 2019 961 adjudicium.

410 985 533 1042 Non
563 982 713 1039 enim
745 997 934 1038 eorum
959 988 1088 1037 tunc
1145 997 1307 1037 causa
1361 979 1684 1046 discutitur,
1719 981 1732 1014 ¹
1784 979 1915 1052 quia
1953 978 2022 1034 ad

410 1080 764 1146 conspectum
790 1071 1030 1128 districti
1043 1070 1252 1144 judicis
1265 1069 1378 1142 jam
1397 1087 1522 1126 cum
1541 1069 1893 1126 damnatione
1909 1085 2021 1124 suae

411 1162 758 1221 inﬁdelitatis
785 1162 1075 1219 accedunt.
1134 1161 1535 1218 Professionem
1573 1177 1705 1216 vero
1735 1159 1866 1216 ﬁdei
1895 1159 2020 1214 reti-

411 1260 626 1321 nentes,
665 1251 762 1308 sed
791 1250 1148 1324 professionis
1176 1267 1340 1322 opera
1368 1266 1480 1305 non
1509 1249 1792 1316 habentes,
1824 1248 2021 1304 redar-

411 1351 588 1416 guunt
609 1349 671 1398 ut
700 1349 944 1415 pereant.
976 1340 1084 1409 Qui
1113 1357 1244 1397 vero
1273 1357 1372 1396 nec
1403 1339 1530 1394 ﬁdei
1561 1347 1900 1395 sacramenta
1925 1344 2021 1392 te-

411 1440 654 1488 nuerunt
672 1431 1102 1504 increpationem
1133 1429 1342 1502 judicis
1370 1429 1427 1485 in
1455 1437 1701 1485 extrema
1729 1427 2025 1483 examina-

411 1520 564 1577 tione
592 1537 704 1577 non
725 1519 980 1589 audiunt,
1014 1520 1164 1593 quia,
1184 1517 1524 1592 przejudicati
1543 1516 1884 1572 inﬁdelitatis
1910 1533 2022 1571 sua:

412 1611 676 1679 tenebris,
699 1609 818 1682 ejus
845 1627 1008 1682 quem
1037 1609 1398 1682 despexeram
1419 1607 1735 1664 invectione
1765 1607 2017 1679 redargui

411 1716 524 1756 non
556 1707 858 1756 merentur.
883 1699 972 1754 Illi
1001 1700 1193 1755 saltem
1209 1697 1418 1770 judicis
1436 1699 1604 1755 verba
1619 1697 1876 1765 audiunt,
1893 1697 2025 1770 quia

413 1787 534 1859 ejus
561 1787 692 1843 ﬁdei
719 1788 912 1842 saltem
940 1786 1109 1844 verba
1129 1795 1445 1844 tenuerunt.
1471 1789 1566 1844 Isti
1589 1787 1646 1843 in
1670 1787 2024 1843 damnatione

415 1894 514 1934 sua
541 1877 735 1933 aeterni
759 1876 966 1950 judicis
994 1893 1096 1933 nec
1124 1877 1289 1933 verba
1334 1877 1666 1950 percipiunt,
1723 1876 1854 1950 quia
1907 1875 2026 1948 ejus
2054 1892 2100 1954 Β

415 1967 780 2023 reverentiam
812 1984 913 2024 nec
942 1966 1112 2024 verbo
1142 1968 1341 2024 tenus'
1362 1983 1578 2024 servare
1597 1967 1914 2023 voluerunt.
1933 1965 2021 2021 Illi

415 2055 662 2127 legaliter
689 2063 940 2129 pereunt,
973 2055 1102 2129 quia
1127 2056 1230 2112 sub
1269 2057 1384 2129 lege
1413 2056 1579 2129 positi
1613 2060 2018 2128 peccaverunt;

415 2147 536 2205 istis
565 2148 623 2204 in
652 2149 961 2222 perditione
981 2165 1081 2206 sua
1099 2147 1166 2205 de
1197 2149 1312 2220 lege
1337 2147 1479 2204 nihil
1497 2147 1706 2205 dicitur
1725 2147 1857 2220 quia
1877 2145 2020 2203 nihil

414 2236 550 2308 legis
579 2235 778 2293 habere
807 2239 989 2295 conati
1019 2245 1168 2294 sunt.
1203 2235 1342 2311 [νει.
1363 2235 1559 2310 XXV.]
1592 2235 1854 2308 Princeps
1869 2251 2022 2291 nam-

414 2341 520 2398 que
549 2333 819 2383 terrenam
841 2325 1240 2401 rempublicam
1257 2341 1470 2399 regens,
1487 2325 1649 2382 aliter
1668 2325 1828 2398 punit
1841 2325 2020 2382 civem

414 2413 648 2473 interius
666 2417 1103 2492 delinquentem,
1133 2427 1296 2491 atque
1323 2417 1486 2474 aliter
1531 2417 1777 2474 exterius
1803 2416 2020 2474 hostem

413 2505 792 2563 rebellantem.
816 2509 879 2564 In
909 2508 1008 2564 illo
1030 2507 1159 2580 jura
1196 2523 1294 2564 sua
1334 2506 1596 2574 consulit,
1649 2523 1888 2580 eumque
1918 2505 2022 2562 sub

415 2594 599 2651 verbis
625 2595 803 2666 dignae
819 2596 1150 2652 invectionis
1163 2596 1372 2652 addicit
1395 2614 1408 2663 ;
1433 2603 1624 2652 contra
1639 2595 1852 2652 hostem
1888 2612 2020 2651 vero

413 2682 560 2739 bella
584 2691 790 2753 movet,
823 2685 1189 2740 instrumenta
1217 2684 1544 2757 perditionis
1580 2692 1816 2753 exercet,
1835 2685 2021 2758 digna-

414 2787 519 2845 que
547 2771 667 2844 ejus
693 2773 921 2829 malitiae
953 2782 1228 2832 tormenta
1269 2774 1546 2842 retribuit,
1583 2773 1650 2830 de
1688 2776 1832 2831 malo
1889 2791 2020 2831 vero

413 2859 533 2932 ejus
559 2861 694 2934 quid
711 2862 801 2919 lex
829 2862 1028 2920 habeat
1055 2879 1166 2920 non
1217 2865 1469 2938 requirit.
1501 2865 1688 2938 Neque
1717 2865 1865 2921 enim
1902 2864 2018 2936 lege

412 2967 630 3009 necesse
658 2959 743 3010 est
768 2953 985 3026 perimi,
1017 2953 1110 3027 qui
1142 2955 1256 3027 lege
1297 2971 1576 3028 nunquam
1609 2955 1790 3028 potuit
1819 2955 2013 3012 teneri.

409 3041 489 3098 Ita
517 3057 645 3114 ergo
673 3041 732 3098 in
760 3049 1008 3100 extremo
1019 3041 1235 3116 judicio
1263 3053 1318 3102 et
1362 3044 1551 3116 legalis
1579 3044 1740 3100 illum
1773 3044 2017 3100 invectio

409 3131 646 3202 percutit
693 3131 788 3205 qui
829 3131 900 3189 ab
928 3148 994 3189 eo
1023 3132 1170 3208 quod
1200 3133 1538 3206 professione
1566 3135 1766 3200 tenuit,
1799 3134 2016 3190 actione

2133 614 2417 686 praeceptis
2446 612 2792 685 generalibus
2819 610 3012 666 audire
3049 618 3367 682 potuerunt.
3398 608 3616 677 Quibus
3645 609 3747 666 do-

2134 701 2338 758 minica
2359 717 2492 757 voce
2520 701 2762 758 dicitur:
2812 701 2909 758 Vos
2945 699 3039 770 qui
3068 701 3090 734 ⁴
3119 699 3414 769 reliquistis
3460 700 3666 769 omnia,
3697 706 3752 756 et

2131 791 2293 845 secuti
2339 791 2460 845 estis
2488 807 2586 858 me,
2617 807 2736 844 cum
2790 789 2983 844 sederit
3025 788 3198 844 Filius
3226 787 3453 843 hominis
3500 793 3649 852 837
3685 790 3751 845 in

2132 887 2248 940 sede
2275 885 2570 956 majestatis
2603 902 2732 954 sure,
2763 885 3002 940 sedebitis
3038 891 3086 940 et
3127 901 3217 940 vos
3263 901 3424 956 super
3471 885 3752 942 duodecim

2135 975 2369 1041 thronos,
2437 975 2741 1044 judicantes
2782 975 3055 1029 duodecim
3100 973 3268 1027 tribus
3309 974 3483 1029 Israel
3527 975 3748 1045 (Matth.

2131 1078 2250 1130 xix,
2283 1064 2398 1133 28).
2433 1063 2504 1118 Et
2532 1062 2600 1118 de
2629 1062 2830 1136 quibus
2850 1062 3116 1136 propheta
3133 1061 3210 1118 ait
3234 1078 3246 1117 :
3271 1062 3533 1119 Dominus
3555 1065 3630 1120 ad
3655 1062 3752 1134 ju-

2131 1151 2325 1206 dicium
2355 1153 2663 1224 renieﬁcum
2691 1153 2986 1208 senioribus
3007 1152 3196 1224 populi
3211 1151 3295 1205 sui
3321 1152 3486 1222 (Isai.
3519 1168 3607 1221 ιιι,
3631 1152 3748 1224 ib).

2130 1243 2202 1298 Et
2230 1241 2301 1298 de
2332 1242 2535 1314 quibus
2564 1243 2844 1312 Salomon,
2899 1244 2921 1278 ⁵
2973 1258 3102 1300 cum
3155 1241 3224 1298 de
3252 1251 3456 1298 sancta:
3485 1243 3754 1301 Ecclesia

2133 1348 2334 1402 sponso
2366 1333 2701 1404 loqueretur,
2733 1331 2925 1388 intulit
2952 1330 3179 1388 dicens:
3223 1331 3429 1388 Nobilis
3460 1332 3517 1386 in
3567 1334 3754 1405 portis

2135 1419 2221 1473 vir
2239 1419 2374 1488 ejus,
2404 1422 2619 1491 quando
2639 1422 2832 1475 sederit
2859 1438 2976 1474 cum
3004 1421 3336 1476 senatoribus
3365 1429 3521 1478 terra:
3547 1425 3751 1496 (Prov.

2133 1525 2295 1576 xxxx,
2323 1510 2390 1565 21]
2397 1521 2439 1581 ).
2477 1512 2546 1566 Hi
2572 1512 2756 1585 itaque
2777 1512 2835 1567 in
2858 1519 3108 1567 extremo
3127 1509 3344 1583 judicio
3361 1529 3474 1569 non
3490 1513 3754 1586 judican-

2135 1606 2225 1654 tur
2253 1607 2308 1656 et
2336 1609 2585 1673 regnant,
2617 1603 2747 1675 quia
2775 1618 2902 1658 cum
2943 1609 3165 1658 auctore
3211 1619 3312 1658 suo
3340 1605 3503 1660 etiam
3529 1604 3752 1677 judices

2134 1688 2387 1746 veniunt.
2422 1691 2814 1765 Relinquentes
2842 1691 3044 1764 quippe
3080 1692 3269 1747 omnia
3323 1694 3446 1766 plus
3492 1704 3753 1769 prompta

2135 1776 2431 1836 devotione
2451 1781 2696 1838 exsecuti
2717 1790 2846 1836 sunt
2869 1783 2891 1816 ⁶
2912 1797 3075 1854 quam
3101 1779 3286 1852 juberi
3305 1784 3635 1854 generaliter
3652 1801 3747 1842 au-

2133 1865 2376 1924 dierunt.
2408 1869 2644 1942 Speciali
2672 1887 2909 1944 namque
2932 1869 3182 1942 jussione
3199 1873 3388 1944 paucis
3404 1873 3750 1946 perfectiori-

2131 1956 2257 2025 bus,
2290 1967 2344 2014 et
2373 1975 2485 2015 non
2513 1961 2840 2032 generaliter
2882 1961 3164 2029 omnibus,
3211 1960 3420 2019 dicitur
3464 1963 3571 2022 hoc
3598 1965 3748 2039 quod

2134 2045 2452 2104 adolescens
2479 2047 2636 2106 dives
2665 2049 2883 2106 audivit
2907 2067 2918 2106 :
2961 2051 3098 2110 Vade
3125 2057 3172 2106 et
3201 2053 3221 2086 ⁷
3253 2053 3413 2108 vende
3430 2054 3610 2109 omnia
3630 2072 3750 2127 qua’

2135 2135 2315 2203 habes,
2344 2143 2394 2192 et
2418 2137 2489 2193 da
2511 2139 2860 2212 pauperibus,
2887 2145 2938 2196 et
2964 2141 3172 2196 habebis
3192 2142 3498 2198 thesaurum
3518 2144 3575 2198 in
3593 2146 3746 2210 cwlo,

2131 2227 2310 2282 etveni
2324 2233 2372 2282 et
2390 2244 2600 2299 sequere
2619 2246 2698 2285 me
2718 2231 2939 2302 (Matth.
2971 2246 3094 2300 χιχ,
3115 2232 3232 2303 21).
3256 2232 3312 2288 Si
3330 2233 3476 2290 enim
3506 2235 3610 2291 sub
3639 2234 3749 2292 hoc

2131 2323 2408 2389 praecepto
2436 2326 2666 2375 cunctos
2685 2317 2864 2392 jussio
2892 2320 3161 2392 generalis
3189 2321 3535 2394 astringeret,
3570 2324 3592 2357 ⁸
3625 2325 3743 2382 cul-

2130 2421 2199 2478 pa
2227 2407 2472 2479 profecto
2496 2415 2638 2464 esset
2666 2409 2878 2483 aliquid
2933 2427 3035 2466 nos
3067 2410 3136 2468 de
3188 2412 3294 2470 hoc
3338 2415 3545 2471 mundo
3573 2417 3745 2489 possi-

2129 2496 2280 2553 dere.
2313 2497 2418 2554 Sed
2453 2497 2605 2554 aliud
2625 2508 2706 2556 est
2725 2500 2872 2574 quod
2903 2519 2999 2574 per
3027 2520 3234 2560 sacram
3251 2506 3590 2579 Scripturam
3619 2525 3745 2564 om-

2129 2585 2296 2641 nibus
2317 2587 2643 2658 generaliter
2664 2589 3004 2662 praecipitur,
3034 2591 3187 2649 aliud
3237 2593 3385 2666 quod
3428 2595 3745 2668 specialiter

2131 2675 2558 2748 perfectioribus
2579 2677 2899 2750 imperatur.
2931 2681 3002 2737 Hi
3025 2698 3153 2756 ergo
3184 2690 3329 2740 recte
3357 2683 3462 2742 sub
3491 2686 3738 2757 generali

2122 2765 2337 2838 judicio
2358 2784 2466 2824 non
2498 2776 2774 2838 tenentur,
2807 2771 2828 2806 ⁸
2876 2771 2972 2844 qui
3028 2779 3083 2828 et
3138 2783 3407 2848 praecepta
3467 2777 3740 2849 generalia

2128 2859 2371 2917 vivendo
2401 2861 2675 2918 vicerunt.
2709 2861 2864 2919 Sicut
2892 2863 3040 2919 enim
3071 2880 3184 2920 non
3208 2863 3534 2936 judicantur
3561 2877 3616 2926 et
3646 2885 3740 2942 pe-

2127 2956 2311 3018 reunt,
2343 2948 2439 3023 qui
2467 2949 2730 3006 suadente
2786 2951 3016 3024 perﬁdia
3049 2954 3094 2988 ¹⁰
3125 2954 3241 3027 lege
3271 2955 3446 3012 teneri
3473 2967 3741 3014 contem-

2129 3049 2292 3110 nunt,
2326 3041 2402 3096 ita
2429 3057 2540 3097 non
2564 3039 2890 3113 judicantur
2933 3049 2988 3097 et
3038 3051 3287 3115 regnant,
3319 3044 3439 3118 qui,
3469 3045 3740 3104 suadente

2131 3129 2354 3202 pietate,
2375 3129 2542 3185 etiam
2569 3131 2610 3164 ¹¹
2636 3130 2782 3186 ultra
2807 3131 3080 3202 generalia
3094 3131 3299 3189 divina
3315 3132 3450 3206 legis
3468 3143 3743 3210 praecepta

409 3218 708 3278 declinavit
731 3237 746 3286 ;
768 3227 824 3276 et
852 3220 955 3276 iste
984 3221 1103 3276 sine
1125 3219 1326 3292 judicii
1362 3221 1677 3280 invectioue
1697 3222 2013 3295 perimitur,
2051 3250 2096 3310 ο
2123 3217 2441 3290 proﬁciunt.
2471 3216 2615 3274 Hinc
2665 3227 2747 3310 est
2775 3219 2922 3293 quod
2975 3221 3197 3288 Paulus,
3253 3221 3420 3279 etiam
3476 3225 3742 3298 specialia

409 3308 504 3379 qui
534 3309 651 3379 lege
676 3306 806 3364 ﬁdei
825 3323 938 3364 non
962 3315 1202 3364 tenetur.

477 3396 564 3452 51.
597 3396 908 3451 Electorum
952 3413 1157 3470 quoque
1202 3397 1303 3453 alii
1339 3396 1614 3469 judicium
1640 3397 1882 3468 subeunt,
1921 3401 2022 3462 alii

407 3501 532 3554 non,
563 3485 653 3540 sed
669 3485 878 3556 judices
905 3486 1098 3544 sedent.
1127 3517 1199 3528 —
1226 3487 1314 3543 Ex
1357 3487 1655 3545 electorum
1697 3504 1828 3546 vero
1870 3498 2022 3564 parte

406 3574 502 3630 alii
525 3573 852 3648 judicantur
879 3585 934 3633 et
954 3583 1203 3649 regnant,
1228 3577 1324 3649 qui
1346 3576 1475 3633 vitae
1498 3580 1740 3636 maculas
1759 3579 2021 3654 lacrymis

407 3671 644 3736 tergunt,
677 3665 773 3739 qui
806 3666 951 3722 mala
978 3682 1152 3738 prisce
1163 3665 1353 3724 dentia
1383 3665 1543 3724 factis
1561 3670 1918 3743 sequentibus
1939 3688 2017 3728 re~

405 3752 701 3824 dimentes,
736 3754 1010 3830 quidquid
1041 3755 1301 3813 illicitum
1330 3757 1629 3832 aliquando
1670 3759 1920 3818 fecerunt
1948 3761 2018 3818 ab

406 3841 582 3898 oculis
603 3841 812 3914 judicis
841 3846 1314 3918 eleemosynarum
1352 3849 1780 3920 superductione
1808 3867 2018 3924 coope—

405 3931 576 3988 riunt.
601 3933 816 4002 Quibus
828 3933 1251 4008 judexveniens
1270 3937 1326 3993 in
1343 3937 1570 3996 dextera
1583 3939 2016 3998 consistentibus

403 4020 542 4080 dicit
565 4040 577 4078 :
605 4025 856 4092 Esuriui,
889 4031 940 4081 et
965 4025 1185 4083 dedistis
1213 4028 1344 4084 mihi
1371 4029 1694 4086 manducare
1714 4047 1736 4095 ;
1780 4030 1947 4096 sitivi,
1968 4037 2018 4084 et

403 4113 621 4169 dedistis
655 4115 787 4171 mihi
815 4115 1021 4184 bibere;
1055 4119 1239 4192 hospes
1294 4137 1462 4188 eram,
1493 4125 1544 4174 et
1585 4119 1866 4191 collegistis
1893 4137 2015 4185 me;

405 4202 600 4267 nudus,
629 4207 1030 4276 etcooperuistis
1059 4225 1138 4263 me
1159 4209 1466 4280 ;ii»nﬁrmus,
1483 4215 1532 4264 et
1549 4208 1804 4264 visitastis
1821 4226 1936 4274 me;
1957 4209 2012 4262 iu

404 4307 611 4346 carcere
629 4308 796 4359 eram,
827 4299 878 4349 et
927 4295 1142 4350 uenistis
1178 4279 1266 4350 bd
1320 4313 1400 4350 me
1451 4296 1674 4366 (Matth.
1723 4313 1858 4366 xxv,
1889 4297 2007 4369 35).

403 4377 620 4446 Quibus
645 4382 953 4453 praemittit,
1009 4382 1236 4442 dicens:
1308 4386 1502 4454 Venite,
1533 4387 1782 4442 benedicti
1827 4389 2010 4445 Patris

404 4469 526 4534 mei,
547 4469 807 4540 possidete
829 4477 1089 4544 paratum
1135 4472 1282 4528 vobis
1308 4491 1524 4547 regnum
1555 4493 1591 4530 a
1644 4476 2011 4534 constitutione

408 4557 591 4612 mundi
639 4557 836 4629 (Ibid.,
867 4559 982 4632 34).
1014 4560 1128 4617 Alii
1149 4571 1330 4620 autem
1361 4580 1471 4620 non
1493 4562 1818 4636 judicantur
1845 4576 1898 4624 et
1925 4583 2006 4624 re-

405 4653 574 4719 gnant
601 4647 876 4720 quietiam
898 4659 1166 4722 precepts
1184 4651 1316 4724 legis
1337 4654 1358 4688 ³
1381 4653 1714 4727 perfectione
1735 4655 2008 4713 virtutum

403 4736 821 4806 transcendunt,
851 4739 982 4813 quia
1009 4756 1354 4816 nequaquam
1384 4741 1490 4800 hoc
1509 4745 1688 4801 solum
1710 4745 1858 4820 quod
1871 4761 2004 4804 cun-

401 4825 508 4883 ctis
535 4825 728 4883 divina
756 4827 844 4884 lex
873 4829 1123 4902 praecipit
1151 4831 1378 4902 implere
1435 4835 1683 4891 contenti
1729 4843 1880 4904 sunt,
1911 4834 2007 4892 sed

477 5057 494 5132 Ῐ
511 5056 652 5132 AL!
669 5057 763 5130 qui
779 5059 851 5132 ad
871 5068 1217 5132 conspectum.

475 5126 770 5202 fV_i_nddc.,
788 5126 1074 5202 Pratelfet
1086 5134 1182 5189 alii
1211 5135 1424 5202 Norm.,
1442 5153 1656 5192 servare
1682 5142 2008 5198 maluerunt.

475 5198 496 5270 ἓ
518 5198 643 5270 ΑΙ.»
667 5199 1010 5270 perfectionis
1041 5205 1249 5260 virtute.

473 5268 496 5302 ⁸
517 5267 748 5339 Turon.,
768 5267 1068 5344 reliquistis
1095 5277 1274 5332 omnia
1305 5284 1498 5334 vestra.
1541 5278 1765 5350 Pratel.,
1789 5282 1929 5341 Utic.
1953 5293 2010 5340 et

439 5338 479 5396 l.
509 5338 721 5396 Norm..
753 5343 1043 5396 retinuisti:
1065 5355 1255 5396 vestra-

402 5344 479 5413 pl.
509 5344 721 5417 Norm.,
753 5344 1043 5416 reliquistis
1065 5355 1256 5404 vestra.
1750 5344 1761 5350 ⁷

425 5479 438 5496 _
477 5410 498 5444 ⁵
530 5408 752 5496 Vitiosa
773 5413 830 5496 in
859 5416 1234 5496 Gussanvil.,_
1253 5421 1426 5496 Paris.
1450 5422 1632 5496 71605,
1664 5424 1860 5496 Gilot.,
1891 5444 2009 5482 cum

403 5479 481 5573 de“
699 5484 948 5573 Ecclesiw
973 5479 1197 5573 sponsa;
1212 5493 1274 5573 In
1290 5479 1525 5573 Fibroic.
1536 5479 1779 5573 aliisque

403 5550 634 5642 iugoin,
667 5550 1054 5642 veteribusque
1082 5563 1264 5619 Editis
1317 5550 1489 5622 Paris.
1522 5575 1577 5623 et
1601 5550 2008 5642 Basili—optime

405 5621 622 5694 legitur,
656 5641 869 5694 sponso.

475 5696 497 5782 ξ
528 5695 1292 5782 ΙξξιὶζνξῐεελῐλρηεξρἋ-Ριειῑθμ
1311 5709 1516 5782 aliique
1546 5712 1758 5780 Norm.,
1792 5730 2005 5770 necnon

403 5771 514 5846 vet.
545 5766 1168 5846 Edu_.__par_i§.'rteset
1231 5779 1385 5846 1518,
1417 5766 1498 5837 ac.
1552 5766 2006 5842 BasiIIISiifiii

402 5836 570 5894 Gilot.
637 5840 793 5912 1571,
842 5843 1020 5902 Vatic.
1073 5848 1233 5917 i589,
1276 5858 1331 5907 et
1372 5836 1676 5917 'Gussanv.l
1707 5836 2005 5930 corrupte,

2132 3315 2403 3382 praecepta
2430 3307 2842 3379 transcendens,
2872 3310 2996 3382 plus
3047 3327 3210 3384 opere
3255 3311 3516 3372 exhibuit
3573 3331 3742 3390 quam

2133 3396 2483 3454 institutione
2504 3397 2883 3469 permissionis
2909 3400 3119 3473 accepit
3143 3401 3200 3472 (1
3224 3401 3466 3471 Thesth,
3490 3403 3568 3476 7).
3594 3403 3738 3462 Cum

2130 3486 2278 3542 enim
2310 3487 2609 3560 accepisset
2637 3497 2698 3544 ut
2727 3489 3090 3561 Evangelium
3121 3489 3425 3562 praedicans
3449 3491 3519 3550 de
3546 3493 3732 3550 Evan-

2131 3575 2274 3649 gelio
2304 3575 2539 3646 viveret,
2581 3587 2635 3634 et
2671 3578 3034 3650 Evangelium
3065 3579 3420 3638 audientibus
3473 3583 3736 3654 contulit,

2129 3673 2182 3722 et
2213 3673 2394 3721 tamen
2423 3666 2716 3740 Evangelii
2764 3669 3080 3742 sumptibus
3115 3670 3411 3727 sustentari
3438 3673 3738 3731 recusavit.

2127 3753 2240 3812 Cur
2267 3770 2394 3828 ergo
2422 3755 2526 3812 iste
2574 3755 2858 3828 judicetur
2910 3767 2971 3815 ut
2999 3766 3208 3830 regnet,
3254 3759 3350 3833 qui
3376 3759 3560 3817 minus
3589 3762 3740 3835 quod

2125 3855 2372 3901 servaret
2402 3846 2638 3918 accepit,
2670 3846 2765 3902 sed
2823 3845 3002 3920 majus
3029 3847 3178 3920 quod
3224 3848 3437 3904 viveret
3481 3849 3740 3908 invenit?

2123 3933 2354 3990 Dicatur
2383 3935 2554 4006 igitur
2584 3943 2765 3990 recte:
2825 3936 3096 3991 Iudicium
3148 3938 3477 4010 pauperibus
3527 3938 3737 4008 tribuit,

2123 4023 2254 4096 quia
2281 4033 2488 4096 quanto
2517 4022 2650 4081 huic
2674 4024 2884 4082 mundo
2914 4040 3113 4098 magna
3140 4024 3459 4084 humilitate
3487 4026 3736 4100 despecti

2122 4120 2272 4182 sunt,
2301 4121 2452 4169 tanto
2483 4121 2617 4172 tunc
2638 4115 2874 4188 acceptis
2897 4115 3120 4173 sedibus
3148 4116 3356 4190 majore
3376 4118 3619 4175 culmine
3635 4134 3732 4192 po-

2122 4203 2334 4260 testatis
2362 4213 2708 4261 excrescunt.
2740 4205 2891 4262 Unde
2921 4213 2975 4262 et
3001 4206 3251 4280 sequitur
3278 4225 3290 4263 :

2485 4293 2714 4352 CAPUT
2745 4295 2984 4353 xxvm
3017 4294 3160 4369 [Rec.
3197 4294 3376 4373 XXI].

2193 4385 2362 4442 Vsus.
2405 4386 2455 4442 7.
2487 4417 2558 4428 —
2587 4389 2708 4444 Non
2721 4387 2930 4459 auferet
2955 4407 2988 4445 a
3008 4389 3160 4460 justo
3188 4390 3367 4446 oculos
3394 4406 3538 4458 suos,
3559 4397 3608 4448 et
3652 4409 3730 4447 re-

2116 4493 2200 4546 ges
2229 4475 2284 4530 in
2312 4475 2444 4531 solio
2474 4479 2693 4533 collocat
2721 4477 2775 4532 in
2815 4485 3148 4552 perpetuum,
3205 4484 3254 4534 et
3285 4479 3396 4535 illic
3425 4479 3728 4552 eriguntur.

2190 4564 2280 4621 52.
2311 4565 2454 4620 Deus
2471 4565 2648 4636 justas
2680 4573 2804 4622 tunc
2837 4569 3025 4640 magis
3053 4569 3290 4641 respicit,
3319 4585 3437 4624 cum
3455 4568 3652 4640 injuste
3676 4570 3746 4641 af

2116 4654 2396 4726 ﬂiguntur.
2428 4684 2498 4696 —
2545 4655 2861 4714 Abstulisse
2905 4657 3055 4714 enim
3101 4674 3135 4714 a
3173 4655 3340 4729 justis
3385 4657 3580 4716 oculos
3603 4674 3737 4716 suos

2115 4742 2344 4800 fortasse
2390 4745 2664 4802 Dominus
2711 4747 2990 4816 creditur,
3041 4746 3172 4820 quia
3221 4745 3558 4819 injustorum
3609 4765 3733 4805 cru-

2115 4832 2439 4892 delitatibus
2467 4834 2563 4893 hic
2591 4837 2710 4892 siue
2740 4835 2992 4894 vindicta
3017 4836 3350 4906 lacerantur;
3373 4837 3472 4894 sed
3489 4837 3732 4896 famulos

2119 5087 2280 5142 quam
2291 5070 2499 5142 jubere.

2192 5144 2210 5177 ⁷
2244 5145 2466 5212 Pratel.,
2498 5144 2658 5201 vende
2704 5161 2823 5216 quae
2857 5145 3032 5202 habes.
3065 5145 3254 5204 Baluz.
3284 5153 3340 5204 et
3368 5145 3556 5216 Colb.,
3577 5149 3734 5215 uade,

2123 5216 2368 5288 vende,”
2398 5221 2447 5270 et
2472 5217 2612 5282 veni,
2641 5233 2852 5288 sequere
2871 5234 2968 5274 me.

2195 5287 2215 5360 ἒ
2244 5286 2415 5360 Idem,
2442 5289 2610 5360 culpa:
2618 5286 2858 5359 profecto
2881 5293 3027 5344 esset.

2191 5359 2361 5433 ’_AA_l.,
2383 5359 2537 5433 quia
2553 5367 2600 5414 et
2614 5368 2896 5433 prrecepta.

2198 5430 2243 5464 ¹⁰
2273 5431 2354 5484 Ita
2383 5429 2644 5498 Vindoc.,
2674 5429 2888 5499 Norin.,
2919 5432 3130 5501 Baluz.,
3165 5433 3322 5492 Colb.
3354 5441 3411 5489 et
3430 5442 3542 5490 vet.
3575 5434 3730 5491 Edit.

2120 5502 2182 5558 In
2201 5501 2347 5568 aliis,
2381 5501 2537 5570 legem
2569 5508 2753 5558 tenere.

2196 5574 2236 5608 ¹¹
2272 5574 2333 5628 In
2364 5571 2711 5646 edit._Vatic.
2749 5575 2904 5642 1589,
2937 5576 3106 5632 Gilot.
3143 5578 3302 5644 1571,
3333 5586 3387 5634 et
3415 5578 3731 5646 nonnullis,

2118 5645 2266 5699 ultra
2291 5644 2551 5715 generalis
2581 5645 2774 5700 divina:
2803 5648 2946 5717 legis.
2981 5649 3332 5706 Praetulimus
3361 5648 3507 5706 hanc
3535 5644 3728 5705 lectio;

2119 5732 2266 5800 n'em,
2299 5717 2446 5800 ultra
2469 5718 2757 5786 generalia,
2809 5726 2937 5786 etc.,
2984 5737 3117 5800 quae
3156 5728 3239 5776 est
3292 5722 3422 5800 Mss.
3472 5721 3729 5800 ganglia,

2118 5789 2332 5915 gout?”
2365 5786 2598 5856 Turon.,
2643 5803 2857 5848 necnon
2904 5786 3285 5865 antiquiorum
3332 5791 3438 5848 Ed.
3470 5786 3644 5850 Paris.
3677 5786 3730 5848 et

2167 5875 2248 5915 εει
2280 5903 2293 5915 .
3154 5873 3164 5883 ’

2167 5873 2293 5916 3811.
3154 5873 3164 5883 ’
