3920 6384
117 406 200 463 381
826 416 1201 476 MORALIUM
1238 419 1373 477 LIB.
1419 422 1626 481 XXVI.
1668 454 1738 468 --
1778 427 1852 484 IN
1888 429 2117 487 CAPUT
2157 432 2398 492 XXXVI
2439 435 2502 491 B.
2542 437 2695 494 JOB.

3323 449 3429 506 382

122 553 228 595 suos
249 543 391 593 tunc
414 539 617 637 magis
640 541 881 637 respicit,
913 559 1038 601 cum
1057 635 1065 637 ᾗ
1087 545 1289 619 injuste
1331 564 1423 604 eos
1453 552 1705 623 nequitia
1732 554 1783 615 A
1809 555 1924 614 Hoc
1951 573 2078 631 ergo
2104 558 2398 617 duodecim
2426 562 2667 632 thronis,
2698 567 2846 637 quod
2895 584 3007 626 uno
3038 571 3246 631 throno
3291 574 3424 631 Filii

125 629 488 700 persequentis
506 628 721 701 aﬁligit.
743 631 952 688 Videns
979 635 1128 691 enim
1159 637 1293 709 quid
1315 636 1407 695 hic
1427 637 1717 696 humiliter

122 718 356 786 tolerent,
381 718 656 775 nimirum
667 718 783 792 jam
803 723 1073 794 pravidet
1088 727 1225 799 quid
1256 728 1373 784 illic
1402 728 1482 785 eis
1504 730 1713 786 miseri-

117 806 344 865 corditer
372 818 774 881 recompenset.
806 813 929 869 Non
967 831 1097 888 ergo
1127 817 1306 874 aufert
1334 835 1365 874 a
1388 817 1542 890 justo
1573 835 1717 876 ocu-

115 899 182 954 los
209 915 360 955 suos.
384 900 530 959 Ecce
552 902 655 959 iste
676 902 968 961 humiliter
985 906 1316 980 ingemiscit,
1340 910 1435 965 ille
1466 910 1713 981 superbit

109 996 155 1045 et
181 989 444 1061 nequiter
474 990 651 1048 ﬂoret.
686 993 793 1049 Iste
822 1010 918 1049 cor
944 996 1203 1063 conterit,
1231 997 1323 1053 ille
1353 1015 1411 1054 se
1441 998 1507 1053 de
1538 999 1713 1070 gloria

107 1079 422 1153 iniquitatis
450 1081 690 1137 extollit.
717 1083 925 1139 Horum
956 1100 1084 1156 ergo
1115 1086 1238 1158 quis
1268 1087 1477 1143 divinis
1506 1089 1710 1144 obtuti-

102 1169 200 1226 bus
233 1169 401 1241 longe
447 1176 551 1237 est,
586 1171 680 1243 qui
714 1169 1048 1243 injustitiam
1080 1176 1326 1246 pertulit,
1363 1193 1432 1232 an
1464 1178 1559 1250 qui
1590 1194 1709 1233 eam

99 1258 446 1332 patientibus
477 1260 769 1331 irrogavit;
819 1262 915 1335 qui
962 1279 1254 1334 supernam
1289 1267 1524 1337 gratiam
1564 1268 1711 1323 inter

95 1348 359 1404 mmroris
414 1349 668 1407 tenebras
723 1352 924 1419 tenuit,
972 1370 1041 1408 an
1089 1354 1182 1426 qui
1241 1355 1387 1411 inter
1432 1357 1710 1413 exteriora

94 1436 301 1508 gaudia
331 1437 520 1494 lumen
543 1437 780 1511 justitia
809 1440 961 1497 intus
984 1442 1222 1499 amisit?

163 1543 315 1620 [νει.
351 1546 578 1623 ΗΠ]
610 1548 698 1605 53.
731 1548 844 1605 Cur
872 1549 1060 1615 sancti,
1093 1568 1232 1622 reges
1253 1552 1307 1607 in
1339 1554 1392 1609 S.
1426 1553 1706 1625 Scriptura

90 1644 382 1694 vocantur.
417 1640 633 1696 Sanctos
651 1640 709 1695 in
741 1641 927 1695 throno
957 1659 1076 1696 cum
1108 1643 1318 1698 Christo
1342 1646 1515 1700 sedere
1544 1652 1618 1700 est
1644 1663 1709 1700 ea:

89 1725 206 1795 ejus
247 1732 510 1799 potestate
546 1727 813 1798 judicare.
862 1760 932 1771 —
980 1731 1123 1787 Bene
1167 1739 1349 1788 autem
1392 1733 1568 1789 sancti
1598 1733 1706 1788 viri

89 1813 404 1887 Scriptura
446 1832 613 1873 sacra
658 1818 981 1875 testimonio
1030 1836 1181 1891 reges
1223 1828 1512 1889 vocantur,
1554 1822 1705 1894 quia,

1825 644 2161 717 designatur,
2204 650 2335 722 quia
2381 650 2640 707 videlicet
2686 654 3001 713 universale
3036 658 3316 730 judicium
3357 681 3423 720 ex

1822 735 2139 793 Mediatoris
2169 740 2342 794 nostri
2392 740 2798 800 interventione
2838 747 3163 819 percipitur.
3200 752 3428 809 Dicatur

1823 841 1984 896 ergo:
2019 829 2175 899 Reges
2198 830 2253 884 in
2286 829 2420 885 solio
2450 832 2673 886 collocat
2698 833 2755 886 in
2776 840 3116 905 perpetuum.

1893 916 1982 972 54.
2020 919 2336 974 Sanctorum
2374 921 2535 975 sessio
2572 928 2648 976 est
2675 928 2892 979 (eterna.
2935 926 3100 980 Prius
3132 927 3423 997 humiliati,

1822 1006 2334 1080 erigentur.—Apte
2354 1016 2537 1064 autem
2560 1010 2616 1064 in
2634 1019 2957 1084 perpetuum
2981 1014 3220 1070 subdens
3240 1025 3427 1089 aperte

1821 1093 1955 1166 quid
1984 1094 2133 1151 dicat
2182 1096 2446 1153 insinuat.
2483 1098 2539 1153 Si
2570 1100 2717 1154 enim
2760 1100 2828 1156 de
2856 1103 3063 1158 terreni
3095 1105 3249 1176 regni
3283 1107 3426 1163 solio

1820 1181 2046 1251 diceret,
2081 1186 2397 1242 nullatenus
2429 1187 2486 1242 in
2518 1196 2842 1259 perpetuum
2868 1191 3227 1261 subdidisset,
3255 1197 3276 1229 ³
3299 1197 3429 1268 quia

1819 1273 1914 1343 qui
1945 1273 2085 1329 illud
2115 1274 2407 1346 arripiunt,
2434 1278 2676 1347 profecto
2697 1295 2807 1334 non
2831 1280 2889 1335 in
2905 1298 2969 1337 eo
2995 1283 3052 1337 in
3076 1291 3423 1356 perpetuum,

1818 1362 1912 1418 sed
1940 1365 2318 1437 temporaliter
2346 1367 2708 1424 collocantur.
2742 1370 2887 1426 Bene
2914 1380 3102 1429 autem
3132 1373 3385 1431 subdidit
3410 1394 3421 1432 :

1817 1456 1893 1511 Et
1911 1454 2024 1508 illic
2040 1455 2338 1526 eriguntur.
2359 1458 2439 1512 Ac
2460 1457 2503 1511 si
2527 1458 2821 1514 intentioni
2845 1460 3123 1517 audientis
3146 1462 3421 1520 innueret,

1817 1539 2044 1598 dicens:
2078 1543 2221 1610 Quia
2250 1546 2272 1579 ‘
2316 1544 2409 1601 hic
2438 1544 2718 1601 humiliati
2748 1555 2897 1616 sunt,
2940 1549 3058 1605 illic
3104 1551 3420 1622 eriguntur.

1818 1630 2034 1688 Sanctis
2063 1650 2299 1707 namque
2344 1634 2483 1689 viris
2531 1635 2633 1691 iste
2663 1636 2818 1692 locus
2858 1636 3195 1695 humilitatis
3228 1649 3331 1708 est,
3364 1650 3426 1697 ut

1800 1719 1911 1795 .ille
1940 1722 2013 1776 sit
2046 1722 2411 1778 celsitudinis.
2432 1724 2590 1779 Unde
2608 1725 2744 1778 alias
2774 1726 3039 1796 scriptum
3058 1735 3170 1781 est:
3197 1730 3218 1763 ⁵
3242 1730 3424 1783 Humi-

1821 1808 1968 1863 liasti
2009 1827 2093 1865 eos
2121 1811 2178 1864 in
2210 1812 2321 1865 loco
2350 1812 2652 1883 afﬂictionis
2684 1812 2859 1882 (Psal.
2892 1829 3053 1881 xLIII,
3087 1814 3203 1885 20).
3249 1816 3428 1871 Locus

88 1905 317 1978 praelati
348 1906 566 1962 cunctis
596 1907 841 1964 motibus
868 1908 1069 1976 carnis,
1097 1908 1260 1965 modo
1292 1910 1526 1965 luxuria;
1548 1927 1706 1983 appe.
1738 1918 1786 1977 B
1818 1896 2022 1971 quippe
2038 1897 2355 1954 aﬂlictionis
2376 1906 2456 1953 est
2472 1898 2588 1953 vita
2609 1914 2870 1970 prasens.
2896 1900 3003 1967 Qui
3025 1917 3154 1973 ergo
3176 1902 3244 1958 ad
3268 1911 3422 1959 ater.

88 1996 265 2051 tituIn
298 1995 542 2063 frenant,
575 2001 721 2060 838
753 1998 917 2055 modo
964 2006 1158 2055 astum
1201 2001 1448 2055 avaritia
1492 2009 1701 2072 tempe-

89 2102 239 2163 rant,
276 2094 445 2151 modo
475 2096 705 2168 gloriam
736 2097 991 2154 elationis
1022 2099 1314 2167 inclinant,
1336 2100 1499 2156 modo
1519 2116 1704 2173 sugge-

90 2187 339 2243 stionem
375 2186 569 2243 livoris
589 2188 852 2257 obruunt,
878 2190 1041 2247 modo
1064 2190 1245 2263 ignem
1267 2192 1472 2247 furoris
1494 2193 1704 2247 exstin-

90 2282 294 2349 gnuut.
329 2276 505 2349 Reges
551 2293 679 2350 ergo
707 2285 856 2346 sunt,
903 2279 1034 2352 quia
1079 2281 1450 2337 tentationum
1482 2297 1705 2338 suarum

90 2365 348 2424 motibus
369 2383 479 2423 non
510 2367 907 2425 consentiendo
935 2369 1312 2439 succumbere,
1344 2370 1439 2426 sed
1472 2370 1706 2443 regendo

91 2473 330 2529 praesse
359 2464 656 2513 noverunt.
676 2457 817 2525 Quia
836 2456 1007 2529 igitur
1026 2459 1094 2515 ab
1116 2459 1219 2517 hac
1249 2467 1519 2532 potestate
1551 2460 1707 2531 regi-

92 2547 266 2604 minis
296 2546 370 2604 ad
398 2555 726 2620 potestatem
747 2556 1037 2605 transeunt
1065 2550 1467 2618 retributionis,
1488 2550 1706 2606 dicatur

96 2644 280 2693 recte:
332 2637 497 2708 Reges
522 2637 579 2691 in
620 2637 753 2692 solio
790 2639 1014 2693 collocat
1042 2638 1096 2691 in
1120 2646 1453 2710 perpetuum.
1487 2639 1706 2693 Semet-

95 2727 243 2799 ipsos
274 2726 428 2783 enim
464 2726 721 2797 regendo,
756 2726 824 2783 ad
853 2734 1069 2799 tempus
1100 2729 1314 2801 fatigati
1343 2736 1491 2795 sunt,
1523 2729 1617 2785 sed
1650 2729 1704 2783 in

95 2817 252 2889 regni
283 2816 586 2872 erectionis
629 2824 845 2871 aterna
886 2818 1026 2872 solio
1074 2818 1131 2872 in
1163 2825 1488 2889 perpetuum
1519 2818 1703 2874 collo-

94 2914 324 2973 cantur;
348 2913 406 2961 et
422 2921 488 2960 eo
511 2904 631 2961 illic
658 2907 941 2978 accipiunt
967 2907 1105 2963 alios
1128 2906 1292 2979 digne
1302 2906 1572 2978 judicare,
1597 2923 1705 2978 quo

95 2994 188 3052 hic
231 2996 495 3052 nesciunt
539 2994 901 3067 sibimetipsis
951 2996 1206 3068 nequiter
1263 3012 1499 3067 parcere.
1565 2997 1706 3051 Hinc

93 3085 244 3142 enim
274 3085 416 3141 alias
444 3083 683 3142 dicitur:
718 3085 893 3140 Donec
913 3084 1130 3154 justitia
1153 3092 1492 3143 convertatur
1522 3085 1579 3140 in
1600 3084 1707 3155 ju-

94 3178 298 3234 dicium
329 3177 506 3251 (Psal.
540 3194 697 3246 xcnI,
726 3178 838 3251 l5).
880 3179 1083 3234 Paulus
1112 3178 1179 3235 de
1217 3196 1272 3236 se
1313 3180 1535 3253 suisque
1563 3196 1707 3236 con-

1818 2006 1942 2045 naIn
1978 1989 2209 2061 patriam
2240 1988 2495 2057 tendunt,
2519 2006 2668 2045 nunc
2697 1990 3019 2062 semetipsos
3048 1993 3427 2063 temporaliter

1816 2084 1875 2139 in
1910 2082 2232 2139 aﬂlictionis
2260 2082 2381 2139 loco
2410 2081 2823 2153 despiciunt,ut
2842 2090 2981 2140 tunc
3002 2084 3063 2140 in
3092 2084 3216 2141 loco
3233 2084 3421 2157 gaudii

1818 2172 2085 2230 veraciter
2115 2173 2508 2229 sublimentur.
2542 2172 2803 2246 Sequitur
2829 2190 2841 2228 :

2188 2280 2418 2338 CAPUT
2443 2281 2631 2337 XXIX
2664 2279 2810 2354 [Rec.
2834 2281 3043 2356 XXII].

1887 2369 2060 2427 Vnus.
2084 2369 2139 2438 8,
2168 2370 2224 2427 9.
2247 2401 2318 2411 —
2338 2372 2412 2426 Et
2430 2370 2477 2424 si
2498 2369 2704 2441 fuerint
2732 2372 2789 2425 in
2809 2372 3025 2440 catenis,
3055 2377 3103 2427 et
3122 2370 3427 2427 uinciantur

1816 2458 2034 2530 funibus
2069 2464 2427 2533 paupertatis,
2461 2463 2483 2497 ⁶
2529 2463 2785 2518 indicabit
2817 2463 2891 2518 eis
2928 2479 3091 2534 opera
3141 2478 3345 2527 eorum,
3376 2468 3427 2517 et

1815 2552 2011 2605 scelera
2039 2567 2240 2619 eorum,
2271 2552 2399 2622 quia
2427 2551 2641 2606 violenti
2670 2550 2892 2621 fuerint.

1886 2640 1975 2697 55.
2013 2642 2224 2698 Catenis
2254 2642 2415 2713 ligari
2442 2658 2495 2696 se
2518 2648 2712 2713 putant
2740 2642 2927 2710 sancti,
2958 2642 3201 2714 quandiu
3230 2641 3313 2696 hic
3343 2642 3423 2696 vi-

1814 2736 1962 2786 vunt.
1993 2760 2064 2772 —
2093 2730 2310 2787 Catena
2332 2729 2692 2803 obligationis
2723 2738 2852 2785 sunt
2882 2731 2999 2802 ipsa
3031 2730 3214 2787 adhuc
3246 2740 3425 2787 reten-

1815 2817 1894 2873 tio
1945 2822 2089 2881 839
2138 2819 2616 2890 peregrinationis.
2668 2819 2920 2891 Ligatum
2969 2836 3025 2875 se
3077 2818 3164 2874 his
3211 2819 3422 2875 catenis

1815 2915 2018 2970 Paulus
2057 2922 2362 2985 aspexerat,
2407 2931 2534 2971 cum
2572 2916 2817 2972 dicebat:
2852 2916 3189 2971 Desiderium
3232 2915 3424 2971 habens

1815 3003 2057 3068 dissolvi,
2089 3008 2136 3056 et
2162 3019 2278 3057 cum
2311 3002 2520 3057 Christo
2557 3020 2661 3055 esse
2692 3001 2917 3072 (Philip.
2955 3020 2993 3069 I,
3029 3003 3146 3073 23).
3178 3004 3418 3074 Pauper-

1815 3092 1945 3147 tatis
1965 3091 2193 3147 funibus
2210 3091 2461 3146 vinctum
2492 3107 2548 3147 se
2571 3106 2686 3146 esse
2716 3089 2995 3157 cernebat,
3019 3090 3239 3162 quando
3260 3106 3417 3146 veras

1815 3179 2043 3237 divitias
2071 3180 2312 3248 intuens,
2345 3195 2434 3235 eas
2463 3180 2629 3235 etiam
2660 3179 2987 3251 discipulis"
3019 3178 3303 3247 exorabat,
3335 3177 3419 3235 di-

95 3268 345 3324 sortibus
377 3268 552 3326 dicit:
593 3270 656 3326 Ut
678 3286 773 3323 nos
802 3271 1120 3341 e/ﬁceremur
1138 3267 1355 3338 justitia
1384 3269 1483 3323 Dei
1515 3269 1569 3323 in
1592 3269 1702 3340 ipso
1739 3271 1783 3333 Ο
1813 3286 1972 3326 cens:
2012 3271 2077 3327 Ut
2103 3269 2287 3324 sciatis
2314 3287 2431 3339 qua
2449 3269 2519 3323 sit
2546 3286 2662 3339 spes
2689 3268 2978 3323 vocationis
2998 3267 3134 3337 ejus,
3151 3285 3268 3339 qua:
3288 3268 3419 3322 divi-

100 3360 189 3428 (ΙΙ
222 3358 356 3414 Cor.
390 3374 449 3425 v,
480 3358 597 3430 2i).
629 3356 856 3413 Iustitia
882 3374 1011 3429 ergo
1056 3358 1113 3413 in
1137 3356 1412 3428 judicium
1444 3358 1699 3424 vertitur,

99 3447 227 3519 quia
258 3446 320 3503 hi
351 3445 448 3519 qui
480 3462 630 3503 nunc
651 3444 799 3518 juste
828 3455 989 3520 atque
1020 3446 1580 3519 irreprehensibiliter
1609 3446 1705 3502 vi—

99 3538 294 3604 vunt,‘
320 3543 456 3593 tunc
469 3533 761 3608 judicandi
791 3538 1093 3608 potentiam
1123 3538 1541 3594 nanciscuntur.
1564 3537 1705 3595 Hinc

98 3628 385 3684 Laodicea
413 3628 672 3685 Ecclesia
688 3629 964 3685 Dominus
993 3629 1165 3686 dicit:
1204 3630 1307 3698 Qui
1338 3630 1539 3695 vicerit,
1570 3630 1703 3685 dabo

98 3718 145 3771 ei
171 3718 351 3772 sedere
394 3733 593 3771 mecum
641 3716 694 3771 in
743 3718 929 3772 throno
958 3735 1091 3785 meo,
1125 3718 1261 3773 sicut
1299 3725 1347 3774 et
1392 3736 1447 3773 eo
1494 3718 1613 3783 vici,
1659 3726 1706 3773 et

97 3806 207 3861 sedi
235 3822 356 3861 cum
395 3805 559 3861 Patre
594 3822 705 3861 meo
752 3806 810 3860 in
859 3807 1044 3861 throno
1079 3806 1191 3875 ejus
1238 3808 1425 3879 (Apoc.
1460 3825 1543 3875 III,
1586 3808 1700 3880 21).

99 3896 347 3951 Vincens
374 3895 648 3951 Dominus
676 3896 734 3951 in
765 3896 968 3951 throno
996 3912 1123 3953 cum
1142 3897 1299 3954 Patre
1316 3898 1522 3953 sedisse
1552 3914 1607 3953 se
1624 3914 1703 3952 as-

98 3986 254 4054 serit,
304 3985 438 4058 quia
480 3992 603 4057 post
631 3984 903 4057 passionis
933 3986 1253 4054 certamina,
1286 3993 1408 4058 post
1454 4002 1705 4043 resurre-

97 4073 302 4129 ctionis
332 4071 596 4145 palmam,
628 4073 832 4130 clarius
862 4091 917 4129 se
962 4073 1221 4130 omnibus
1256 4073 1402 4146 quod
1447 4076 1702 4147 potestati

99 4162 277 4218 Patris
306 4169 450 4217 esset
477 4163 703 4234 aqualis
732 4161 1023 4233 indicavit,
1043 4163 1200 4237 eique
1221 4181 1275 4220 se
1296 4181 1408 4220 non
1430 4164 1703 4236 disparem

97 4253 310 4308 calcato
341 4252 535 4309 mortis
564 4254 755 4309 aculeo
784 4253 1048 4309 innotuit.
1085 4254 1238 4311 Unde
1267 4262 1324 4311 et
1350 4254 1534 4310 Maria
1567 4249 1705 4311 nec:

96 4340 233 4397 dum
263 4340 519 4398 credenti
544 4358 601 4398 se
630 4342 777 4398 Patri
809 4343 1070 4411 similem,
1102 4342 1273 4400 dicit:
1309 4343 1436 4400 Noli
1466 4360 1544 4398 me
1576 4350 1704 4398 tan-

94 4430 487 4502 gere,nondum
516 4430 653 4486 enim
672 4431 884 4487 ascendi
911 4432 984 4487 ad
997 4432 1215 4487 Patrem
1246 4431 1429 4505 (Joan.
1465 4449 1560 4499 xx,
1588 4432 1699 4504 17).

96 4519 271 4576 Nobis
320 4518 469 4575 enim
511 4520 569 4575 in
616 4520 823 4575 throno
870 4520 972 4575 lilii
1004 4518 1212 4589 sedere,
1244 4528 1328 4578 est
1356 4537 1425 4576 ex
1454 4520 1701 4593 ejusdem

1818 3359 1903 3413 tia:
1925 3360 2113 3430 gloria:
2148 3358 2471 3413 hareditatis
2500 3358 2612 3425 ejus
2644 3358 2700 3411 in
2728 3358 2924 3412 sanctis
2969 3358 3187 3427 (Ephes.
3227 3373 3265 3424 I,
3305 3357 3419 3428 18).

1888 3449 2032 3505 Bene
2060 3456 2242 3505 autem
2272 3455 2395 3520 post
2422 3448 2527 3504 ista
2555 3447 2812 3504 subditur
2837 3464 2848 3503 :
2886 3447 3239 3504 Indicabiteis
3260 3463 3423 3518 opera

1815 3553 2018 3603 eorum,
2047 3545 2095 3593 et
2137 3540 2331 3594 scelera
2359 3555 2562 3604 eorum,
2592 3538 2721 3609 quia
2764 3538 2979 3593 violenti
3020 3535 3245 3607 fuerint.
3282 3535 3421 3593 Cum

1816 3626 1965 3682 enim
1989 3643 2279 3699 supernam
2312 3628 2541 3699 gloriam
2565 3627 2737 3699 magis
2757 3627 2991 3682 amando
3012 3623 3418 3697 cognoscimus,

1815 3722 1949 3771 tunc
1969 3717 2111 3772 mala
2127 3733 2246 3789 qua
2267 3716 2479 3789 egimus
2494 3716 2746 3787 graviora
2763 3714 2933 3771 fuisse
2951 3714 3241 3770 sentimus.
3264 3710 3418 3768 Unde

1816 3811 1869 3861 et
1890 3804 2090 3860 Paulus
2109 3813 2231 3876 post
2252 3811 2561 3876 perceptam
2583 3804 2812 3875 gratiam
2835 3816 3198 3875 supernorum
3220 3816 3283 3855 ea
3299 3815 3420 3873 qua

1818 3892 1874 3947 in
1904 3910 1959 3949 se
1990 3892 2172 3949 studia
2201 3894 2475 3949 virtutum
2507 3892 2817 3949 crediderat
2859 3890 3032 3947 fuisse
3069 3889 3185 3962 jam
3216 3888 3422 3944 scelera

1816 3982 2194 4054 cognoscebat,
2238 3981 2458 4039 dicens:
2498 3982 2600 4048 Qui
2637 3980 2795 4051 prius
2840 3977 2926 4047 fui
2974 3978 3327 4049 blasphemus,
3374 3979 3423 4029 et

1811 4078 2134 4143 persecutor,
2149 4076 2196 4125 et
2215 4070 2617 4125 contumeliosus
2633 4086 2653 4133 ;
2682 4067 2771 4122 sed
2798 4064 3217 4120 misericordiam
3246 4079 3419 4117 conse-

1814 4171 1963 4219 cutus
1989 4181 2128 4229 sum,
2157 4164 2287 4235 quia
2316 4163 2569 4234 ignorans
2596 4161 2696 4232 feci
2726 4161 2784 4215 in
2804 4159 3175 4215 incredulitate
3199 4156 3256 4228 (Ι
3272 4156 3411 4212 Tim.

1816 4270 1856 4322 ι,
1890 4254 2001 4327 13).
2035 4254 2138 4311 Vel
2181 4260 2358 4309 certe:
2402 4251 2501 4308 Sed
2544 4268 2661 4323 qua
2694 4249 2821 4304 mihi
2862 4248 3084 4319 fuerunt
3115 4248 3287 4314 lucra,
3318 4245 3422 4300 hac

1814 4344 2109 4400 arbitratus
2138 4360 2253 4398 sum
2281 4349 2502 4415 propter
2534 4341 2806 4397 Christum
2843 4339 3159 4395 detrimenta
3191 4336 3417 4410 (Philip.

1815 4449 1899 4501 III,
1932 4433 2010 4506 7).
2046 4431 2198 4489 Unde
2228 4439 2283 4488 et
2309 4439 2431 4505 apte
2460 4431 2750 4488 subditur:

2400 4520 2628 4579 CAPUT
2658 4520 2844 4577 XXX.

97 4609 230 4666 Filii
260 4616 531 4682 potestate
556 4608 824 4682 judicare.
858 4609 999 4677 Quia
1028 4611 1178 4666 enim
1202 4610 1400 4682 judicii
1433 4611 1701 4683 principa-
1735 4630 1784 4689 ι)
1886 4610 2056 4667 Vens.
2094 4610 2179 4668 10.
2206 4641 2277 4653 -
2307 4611 2327 4645 ⁸
2357 4611 2627 4669 Revelabit
2653 4627 2858 4683 quoque
2898 4626 3097 4666 aurum
3123 4624 3327 4678 eorum,
3358 4616 3425 4666 ut

94 4709 217 4757 tum
239 4717 310 4757 ex
330 4698 450 4772 ejus
479 4700 685 4756 virtute
714 4700 1068 4773 percipimus,
1101 4699 1258 4756 velut
1280 4700 1338 4755 in
1358 4699 1559 4756 throno
1588 4699 1705 4771 ejus

94 4788 426 4847 residemus.
453 4786 594 4862 [γει.
626 4789 731 4844 XX
739 4788 887 4862 VII.]
910 4790 1019 4845 Nec
1048 4787 1308 4845 abhorret
1339 4806 1369 4845 a
1397 4805 1527 4845 vero
1557 4788 1704 4862 quod

66 4880 237 4941 'alias
278 4893 444 4950 super
481 4875 774 4933 duodecim
822 4877 1054 4933 thronos
1101 4878 1122 4913 ³
1170 4884 1437 4935 venturos
1473 4885 1705 4934 testatur

93 4984 213 5024 esse
243 4967 547 5039 discipulos
579 4968 794 5039 (Matth.
828 4984 951 5035 xIx,
981 4967 1101 5039 28),
1134 4966 1227 5024 hic
1253 4984 1385 5023 vero
1417 4968 1473 5023 in
1502 4969 1703 5025 throno

92 5073 197 5113 suo
228 5055 482 5129 perbibet
509 5073 627 5114 esse
656 5073 918 5115 sessuros.
953 5058 1055 5113 Per
1087 5055 1319 5113 thronos
1338 5057 1541 5131 quippe
1571 5057 1702 5115 duo-

92 5146 283 5204 decim
313 5145 626 5204 universale
646 5145 948 5219 judicium,
982 5162 1080 5220 per
1106 5146 1375 5203 thronum
1414 5163 1545 5202 vero
1575 5147 1701 5203 Filii

26 5284 39 5297 ,
92 5234 378 5306 singulare
426 5235 648 5291 culmen
686 5233 997 5307 judiciaria
1039 5234 1328 5307 potestatis
1373 5233 1700 5291 ostenditur.

170 5452 187 5485 ¹
220 5449 481 5522 Longip.,
518 5456 638 5505 tunc
656 5449 941 5519 judicandi
962 5451 1198 5522 potentia
1228 5456 1470 5505 utuntur.

166 5521 190 5556 ²
222 5521 465 5577 Vindoc.
496 5529 552 5577 et
579 5523 797 5588 Norm.,
838 5521 1092 5577 sessuros.

165 5596 187 5627 ³
221 5592 450 5649 Ebroic.
484 5601 538 5648 et
566 5593 661 5648 alii
692 5594 906 5658 Norm.,
932 5593 1065 5664 quia
1094 5594 1288 5664 quique
1316 5593 1471 5648 illud.

168 5666 186 5699 ⁸
222 5665 283 5720 In
316 5671 525 5721 recent.
554 5664 677 5731 Ed.,
700 5665 827 5735 quia
848 5662 939 5735 qui
970 5664 1069 5718 hic.
1093 5662 1383 5721 Redundat
1399 5663 1703 5735 qui,abest-

88 5753 198 5809 que
227 5753 262 5815 ᾳ
291 5734 723 5815 Baluz.,JColb‘g
752 5734 975 5815 Ebroic.
1026 5742 1081 5789 et
1118 5737 1189 5792 al.
1239 5734 1453 5805 Nomm,
1500 5735 1706 5809 quibus

87 5807 407 5865 concinunt
436 5807 623 5935 ειηιὶῗ.⁸
646 5807 874 5863 Excusi.
1021 5877 1030 5887 .

162 5881 185 5915 ‘
217 5879 424 5935 Pratel.
449 5884 507 5935 et
583 5884 703 5935 tIc..
734 5878 1027 5934 humiliasti

162 5881 185 5915 ‘
217 5879 424 5937 Pratel.
449 5884 507 5935 et
536 5878 703 5946 Utic.,
734 5878 1030 5934 humiliasti
1061 5896 1170 5934 nos.

1812 4701 2096 4772 corripiat;
2125 4707 2173 4756 et
2203 4703 2465 4773 loquetur,
2498 4707 2556 4756 ut
2584 4707 2923 4757 revertantur
2950 4700 3018 4756 ab
3045 4699 3349 4771 iniquitate.

1882 4790 1970 4846 56.
2019 4791 2214 4847 Amore
2259 4790 2474 4846 scelestis
2524 4791 2712 4862 gloria:
2746 4790 3004 4861 graviora
3048 4789 3183 4861 ﬁunt
3205 4795 3421 4860 peccata

1806 4881 1963 4954 prius
2007 4887 2332 4953 perpetrata.
2379 4910 2449 4921 -—
2494 4879 2699 4935 Aurem
2732 4877 2800 4933 ab
2840 4877 3135 4951 iniquitate
3177 4876 3421 4933 revelare

1811 4977 1893 5027 est
1933 4970 2274 5026 intellectum
2317 4969 2653 5041 cognitionis
2696 4967 2929 5041 aperire.
2977 4966 3239 5024 Revelata
3282 4980 3414 5019 vero

1811 5076 1941 5116 aure
1960 5058 2335 5132 unusquisque
2350 5055 2895 5131 corripitur,quando
2910 5054 3250 5111 intrinsecus
3266 5057 3366 5108 ate
3375 5069 3422 5106 r-

1812 5164 2007 5205 norum
2038 5147 2309 5203 bonorum
2339 5145 2674 5203 desiderium
2723 5142 2978 5217 percipit,
3010 5149 3065 5199 et
3105 5156 3228 5214 qua
3276 5141 3422 5196 mala

1814 5238 2160 5295 extrinsecus
2188 5236 2536 5309 perpetravit
2564 5232 2836 5307 agnoscit.

1886 5450 1908 5483 ⁶
1937 5448 2145 5513 Baluz.,
2170 5446 2351 5514 Colb.,
2375 5447 2572 5502 Pratel.
2607 5453 2661 5501 et
2691 5445 2859 5513 Utic.,
2891 5444 2983 5501 hic
3010 5451 3066 5501 et
3093 5444 3261 5513 infra,
3280 5444 3421 5501 indi-

1812 5520 1967 5598 cauit.
2000 5519 2199 5598 Facilis
2228 5525 2309 5598 est
2338 5535 2400 5598 ac
2430 5519 2686 5598 frequens
2718 5518 2954 5598 mutatio
2980 5517 3240 5598 litteranb
3278 5517 3335 5598 in
3356 5535 3419 5598 ἰν.

1885 5594 1903 5625 ⁷
1940 5592 2021 5646 lta
2070 5591 2265 5645 melius
2296 5589 2496 5660 legitur
2526 5588 2584 5644 in
2615 5590 2846 5657 Turon.,
2890 5588 3149 5655 Viudoc.,
3184 5588 3418 5655 Pratel.,

1813 5662 1980 5730 Utic.,
2014 5663 2200 5729 Colb.,‘
2228 5662 2438 5729 Baluz.,
2470 5677 2633 5733 quam
2665 5661 2722 5716 in
2752 5660 2955 5730 Editis,
2986 5660 3309 5733 enarrabat.

1885 5735 1907 5807 ξ
1939 5729 2078 5791 Utic.
2113 5742 2167 5807 et
2195 5734 2362 5807 Prati,
2399 5729 2711 5807 reuelauit...
2755 5729 3030 5805 loquitur;
3060 5731 3207 5807 quod
3240 5729 3408 5786 etiam

1812 5804 2019 5864 habent
2046 5806 2204 5863 Colb.
2237 5812 2291 5862 et
2322 5805 2507 5861 Baluz.
