3920 6374
519 393 622 451 383

1739 391 1987 448 SANCTI
2027 390 2364 448 GREGORII
2401 389 2629 447 MAGNI

3746 390 3852 445 385

586 520 772 574 Potest
791 532 922 572 vero
951 517 1009 572 in
1032 518 1242 574 catenis
1261 525 1315 572 et
1344 518 1572 574 funibus
1592 517 1928 590 paupertatis
1958 533 2118 588 poma
2146 521 2195 577 Α
2225 516 2603 586 succumbere,
2635 514 2802 571 etiam
2837 512 3073 588 quilibet
3107 511 3324 569 obtusis
3354 513 3612 569 sensibus
3646 518 3850 586 potesti

516 605 681 662 etiam
733 605 1049 677 temporalis
1101 605 1418 662 aﬂlictionis
1475 607 1733 678 intelligi,
1791 606 1920 678 quia
1974 622 2114 677 saepe

517 694 612 769 qui
629 693 878 766 jubentis
905 694 1069 750 verba
1090 712 1198 750 non
1229 695 1484 764 audiunt,
1516 695 1764 750 ferientis
1795 695 2115 750 verberibus

516 784 905 852 admonentur,
940 785 955 818 ¹
989 792 1050 839 ut
1085 784 1151 839 ad
1193 784 1337 840 bona
1385 785 1658 840 desideria
1705 786 1898 839 saltem
1943 801 2115 856 plenae

519 871 759 936 trahant,
791 887 926 944 quos
957 874 1180 944 praemia
1211 889 1322 928 non
1365 873 1624 928 invitant.
1661 874 1815 930 Unde
1849 890 1940 945 per
1975 874 2117 927 Pro-

519 960 738 1032 phetam
769 959 1002 1015 dicitur:
1046 961 1113 1016 In
1141 978 1286 1013 canto
1317 966 1364 1014 et
1409 959 1562 1029 freno
1596 962 1852 1016 maxillas
1881 977 2064 1015 eorum
2096 961 2115 994 ²

515 1051 832 1120 constringe,
879 1049 970 1120 qui
1002 1067 1104 1103 non
1133 1051 1516 1120 approrimant
1551 1051 1622 1104 ad
1659 1057 1703 1104 te
1735 1052 1907 1122 (Psal.
1955 1067 2115 1117 XXXI,

515 1141 597 1214 9).
619 1141 676 1198 Si
699 1157 828 1196 vero
848 1140 1015 1195 etiam
1038 1138 1250 1210 ﬂagella
1270 1140 1600 1212 despiciunt,
1619 1150 1832 1198 constat
1854 1142 2114 1197 nimirum

517 1229 665 1303 quod
687 1237 842 1286 tanto
863 1229 981 1285 illic
1003 1228 1272 1299 gravioris
1290 1229 1548 1286 vindictze
1565 1232 1834 1302 supplicia
1855 1232 2116 1298 sentiant,

519 1329 723 1394 quanto
759 1319 850 1377 hic
910 1319 1135 1392 majoris
1179 1319 1541 1392 providentiae
1597 1322 1826 1392 gratiam
1883 1321 2116 1377 calcant.

521 1409 674 1466 Unde
703 1417 756 1467 et
787 1407 1038 1482 sequitur
1057 1425 1068 1464 :

1085 1495 1314 1554 CAPUT
1345 1497 1554 1552 XXXI.

591 1585 763 1642 Vens.
789 1585 873 1654 11,
909 1583 994 1640 12.
1017 1615 1088 1626 -—-
1111 1586 1166 1640 Si
1187 1585 1457 1639 audierint
1485 1590 1531 1638 et
1559 1584 2118 1649 observaverint,com-

512 1675 732 1747 plebunt
757 1676 865 1730 dies
895 1692 1016 1729 suos
1045 1675 1102 1728 in
1131 1675 1284 1739 bono,
1323 1681 1370 1730 et
1397 1691 1564 1729 annos
1597 1692 1718 1729 suos
1750 1675 1804 1730 in
1833 1675 2029 1746 gloria.
2064 1674 2122 1732 Si

518 1771 696 1822 autem
723 1783 831 1820 non
857 1765 1152 1831 audierint,
1186 1767 1484 1821 transibunt
1508 1784 1610 1838 per
1636 1767 1896 1839 gladium,
1928 1772 1976 1820 et
2002 1783 2121 1821 con-

520 1863 797 1912 sumentur
825 1856 1072 1912 stultitia.

594 1945 683 2001 57.
717 1947 890 2013 Quam
930 1963 1100 2000 severe
1137 1945 1416 2017 puniendi,
1449 1945 1602 2016 quia
1627 1944 1852 2018 perditis
1883 1943 2122 1998 moribus

518 2052 608 2090 nec
635 2036 859 2106 ﬂagellis
897 2042 1217 2091 coercentur.
1261 2066 1333 2078 -—
1375 2036 1478 2091 Per
1520 2035 1730 2091 bonum
1774 2040 1924 2090 recta
1951 2033 2118 2100 actio,

519 2140 618 2196 per
646 2127 877 2197 gloriam
907 2142 1038 2181 vero
1066 2141 1302 2198 superna
1330 2125 1627 2181 retributio
1656 2123 2121 2195 designatur.Qui

518 2229 647 2286 ergo
667 2214 890 2271 obedire
919 2215 1206 2288 praeceptis
1226 2213 1551 2278 .cmlestibus
1580 2212 1826 2280 student,
1860 2211 1978 2267 dies
1993 2228 2121 2267 suos

519 2301 582 2358 in
609 2302 757 2358 bono
785 2305 1086 2376 complent,
1117 2321 1290 2360 annos
1321 2303 1378 2359 in
1409 2303 1603 2376 gloria,
1639 2301 1770 2375 quia.
1798 2308 1852 2358 et
1895 2317 2119 2358 cursum

517 2394 800 2466 praesentis
831 2396 1094 2468 temporis
1125 2395 1183 2452 in
1213 2403 1362 2452 recto
1396 2411 1581 2466 opere,
1611 2401 1664 2449 et
1693 2393 2119 2449 consummatio-

517 2498 642 2540 nem
673 2501 828 2541 suam
864 2484 1158 2558 perﬁciunt
1186 2483 1336 2540 felici
1367 2481 1749 2539 retributione.
1777 2482 1835 2538 Si
1864 2500 1986 2536 vero
2018 2500 2116 2536 non

515 2573 808 2641 audierint,
825 2574 1127 2628 transibunt
1148 2591 1247 2644 per
1265 2573 1522 2643 gladium,
1540 2579 1587 2626 et
1605 2578 1974 2626 consmneutur
1992 2573 2118 2628 stul-

524 2659 662 2726 titia,
694 2661 823 2732 quia
853 2667 908 2714 et
935 2659 1184 2717 vindicta
1212 2677 1303 2715 eos
1325 2660 1382 2716 in
1400 2659 1758 2717 tribulatione
1791 2660 2048 2733 percutit,
2066 2667 2118 2716 et

518 2745 646 2803 ﬁnis
701 2747 760 2803 in
809 2749 1060 2804 fatuitate
1117 2749 1418 2806 concludit.
1477 2749 1615 2824 [νει.
1651 2749 1938 2824 XXVIII.]
1979 2751 2115 2806 Sunt

517 2835 664 2891 enim
696 2837 952 2893 nonnulli
983 2854 1118 2910 quos
1138 2857 1168 2894 a
1188 2838 1415 2910 perditis
1436 2839 1681 2894 moribus
1713 2856 1813 2894 nec
1841 2845 2118 2894 tormenta

517 2934 894 2998 compescunt.
915 2929 991 2983 De
1014 2927 1214 2999 quibus
1245 2943 1340 2998 per
1368 2927 1691 2999 prophetam
1721 2926 1954 2984 dicitur:
1989 2929 2116 2984 Per-

515 3018 723 3072 cussisti
765 3035 849 3073 eos
897 3035 986 3072 nec
1039 3018 1359 3083 doluerunt;
1386 3019 1671 3089 ﬂagellasti
1715 3036 1820 3087 eos,
1852 3025 1901 3073 et
1934 3037 2116 3074 renue-

512 3113 641 3162 runt
666 3107 898 3179 accipere
919 3107 1258 3178 disciplinam
1290 3107 1503 3178 (Jerem.
1523 3124 1579 3174 v,
1613 3107 1693 3179 3).
1727 3107 1799 3162 Et
1819 3106 1884 3162 de
1914 3106 2115 3180 quibus

513 3194 615 3251 sub
631 3195 930 3269 Babylonis
959 3196 1135 3268 specie
1161 3195 1398 3251 dicitur:
1430 3197 1751 3253 Curavimus
1767 3196 2109 3265 Babylonem,

514 3291 562 3340 et
587 3303 695 3340 non
731 3293 806 3340 est
833 3293 1025 3341 sanata
1067 3287 1283 3356 (Jerem.
1316 3303 1390 3353 LI,
1422 3286 1502 3357 9).
1545 3288 1622 3341 De
1653 3287 1853 3358 quibus
1891 3302 2110 3342 rursum

514 3373 745 3430 dicitur:
781 3373 1029 3444 Interfeci
1057 3381 1105 3428 et
1126 3375 1339 3446 perdidi
1362 3375 1620 3446 populum
1647 3391 1839 3439 meum,
1869 3380 1916 3428 et
1947 3381 2113 3430 tamen

513 3478 546 3516 a
573 3461 673 3517 viis
700 3462 810 3516 suis
825 3480 931 3517 non
950 3469 1074 3517 sunt
1101 3463 1299 3517 reversi
1331 3462 1544 3534 (Jerem.
1565 3478 1660 3529 xv,
1683 3461 1762 3534 7).
1780 3461 2113 3518 Hinonnun-

514 3567 677 3622 quam
719 3550 1016 3608 deteriores
1055 3552 1303 3608 existunt
1341 3568 1408 3608 ex
1451 3551 1696 3619 verbere,
1740 3553 1870 3623 quia
1912 3554 2111 3625 pulsati

513 3639 816 3710 doloribus,
852 3644 871 3677 ³
902 3648 997 3697 aut
1025 3641 1334 3698 contumaci
1368 3643 1670 3714 pertinacia
1699 3642 1950 3698 duriores
1981 3643 2112 3698 exi-

511 3734 686 3798 stunt,
726 3737 840 3798 aut,
883 3729 1030 3802 quod
1072 3729 1226 3802 pejus
1275 3737 1376 3799 est,
1419 3730 1476 3786 in
1529 3730 1887 3804 blasphemiae
1945 3732 2108 3788 etiam

511 3819 981 3890 exasperationem
1019 3819 1336 3891 prosiliunt.
1373 3821 1516 3876 Bene
1559 3838 1686 3894 ergo
1715 3821 1926 3879 dicitur
1963 3822 2109 3895 quod

511 3924 607 3980 per
661 3908 903 3980 gladium
943 3916 1253 3978 transeunt,
1295 3917 1347 3965 et
1395 3909 1632 3966 stultitia
1679 3917 2107 3978 consumuntur,

509 3998 638 4073 quia
681 4007 905 4071 peccata
940 4016 1062 4072 quae
1101 3999 1330 4071 ﬂagellis
1367 4001 1656 4057 emendare
1705 4007 1850 4063 840
1897 4000 2110 4056 debue—

509 4106 650 4168 rant,
681 4099 910 4172 ﬂagellis
938 4107 1284 4172 exaggerant.
1305 4101 1376 4155 Et
1410 4097 1501 4155 hic
1525 4098 1640 4171 jam
1672 4115 1860 4171 pcenas
1894 4114 2108 4170 percus-

507 4188 680 4244 sionis
711 4190 974 4256 sentiunt,
1007 4197 1061 4244 et
1090 4191 1206 4245 illic
1230 4188 1393 4260 justre
1424 4188 1808 4244 retributionis
1838 4186 2112 4259 supplicia

507 4291 619 4330 non
649 4275 910 4331 evadunt.
945 4277 1190 4331 Fatuitas
1219 4277 1421 4349 quippe
1453 4276 1706 4330 stultitiae
1722 4283 1804 4331 est
1821 4274 2110 4348 quodillos

507 4363 588 4419 sic
615 4363 880 4436 iniquitas
908 4363 1133 4435 obligat,
1168 4371 1228 4418 ut
1256 4380 1286 4418 a
1315 4363 1480 4434 culpa
1509 4380 1602 4419 eos
1629 4381 1729 4419 nec
1759 4380 1920 4436 poena
1949 4381 2112 4420 com-

510 4460 710 4525 pescat.
744 4452 1034 4524 Sequitur:

832 4539 1060 4598 CAPUT
1097 4539 1311 4594 XXXII
1353 4537 1494 4612 [Rea
1537 4539 1776 4614 XXIII].

579 4629 748 4686 VEns.
785 4630 870 4686 13.
901 4660 972 4671 -
1003 4629 1350 4685 Sim-uiatores
1373 4634 1422 4682 et
1447 4629 1632 4684 callidi
1656 4637 1951 4702 provocant
1971 4632 2110 4687 iram

504 4721 623 4777 Dei.

573 4811 662 4867 58.
691 4810 1034 4867 Simulatoris
1057 4811 1244 4866 callidi
1266 4812 1454 4881 imago.
1487 4843 1557 4852 —
1588 4812 1727 4868 Cum
1753 4811 2110 4868 simulatores

501 4901 730 4970 diceret,
761 4909 883 4974 apte
912 4900 1195 4973 subjungit
1233 4907 1279 4954 et
1325 4901 1535 4970 callidi,
1571 4901 1701 4973 quia
1740 4901 1849 4957 nisi
1884 4900 2109 4973 ingenio

497 4993 754 5062 calleant,
781 4990 928 5064 quod
958 4990 1132 5046 videri
1157 4998 1421 5062 appetunt
1448 5008 1687 5063 congrue
1717 4992 1978 5048 simulare
1999 5009 2107 5048 non

500 5091 746 5154 possunt.
768 5083 909 5137 Sunt
933 5081 1080 5136 enim
1104 5081 1372 5135 nonnulla
1396 5081 1533 5136 vitia
1556 5097 1676 5154 quae
1698 5080 1862 5136 etiam
1891 5097 1922 5136 a
1943 5097 2106 5137 sensu

497 5172 836 5228 tardioribus
866 5169 1029 5227 facile
1058 5177 1465 5242 perpetrantur.
1488 5171 1742 5225 Elatione
1767 5186 2003 5244 namque
2021 5172 2103 5226 in-

501 5265 821 5326 tumescere,
835 5259 1082 5314 avaritia:
1103 5257 1329 5315 aestibus
1345 5258 1587 5326 inhiare,
1604 5259 1842 5316 luxuriae
1869 5261 2112 5332 pulsanti

581 5480 797 5556 ‘__Edi_t_i_,
830 5487 888 5556 ut
909 5483 981 5538 ad
1009 5481 1142 5556 b_ona
1169 5489 1384 5556 (eterna.
1417 5481 1712 5556 Sequimur
1735 5485 1864 5541 Mss.
1898 5486 2111 5553 Baluz.,

512 5551 694 5620 Colb.,
726 5552 986 5620 Vindoc.,
1019 5553 1249 5622 Turon.,
1283 5551 1519 5610 Ebroicf
1539 5563 1593 5609 et
1622 5555 1758 5611 alios
1788 5558 1978 5613 Norm.

579 5625 600 5657 ²
632 5624 828 5680 Pratel.
862 5631 917 5678 et
947 5623 1118 5688 Utic.,
1157 5627 1496 5696 constrinyes.

580 5697 600 5768 3
769 5701 870 5768 aut
903 5699 1232 5768 contumacia
1267 5699 1594 5768 pertinacia',
1626 5705 1688 5753 ut
1725 5698 1888 5754 habet
1922 5701 2110 5756 Baluz.

581 5767 599 5798 ‘
637 5766 894 5836 Vindoc.,
927 5767 1128 5823 l’ratel.
1161 5776 1214 5823 et
1238 5766 1399 5835 Utic.,
1433 5776 1480 5824 et
1511 5787 1634 5825 cera
1659 5773 1802 5826 mala
1832 5773 1968 5827 "uile
1993 5791 2112 5844 pre-

513 5854 664 5894 mere.

2228 606 2600 662 simulationis
2629 622 2762 661 vero
2792 604 3085 658 falsitatem
3118 603 3369 676 exsequi,
3402 603 3509 659 nisi
3538 603 3636 677 qui
3673 603 3851 660 subti-

2229 696 2384 751 lioris
2416 697 2618 766 ingenii
2652 695 2838 761 fuerit,
2874 710 2982 748 non
3011 701 3208 764 potest.
3243 693 3505 765 Quisquis
3535 693 3691 748 enim
3721 694 3856 748 talis

2229 795 2328 854 est,
2361 786 2428 840 ad
2461 786 2826 842 custodienda
2857 784 2966 839 duo
2999 783 3264 838 videlicet
3292 784 3559 837 continua
3589 783 3786 838 observ
3801 802 3856 839 a-

2229 876 2379 930 tione
2408 875 2700 941 dividitur,
2733 881 2792 927 ut
2823 871 3025 927 callide
3057 871 3284 926 noverit
3306 879 3359 926 et
3387 873 3671 928 occultare
3702 874 3854 946 quod

2229 972 2328 1031 est,
2361 972 2415 1019 et
2445 972 2720 1019 ostentare
2752 961 2900 1034 quod
2943 979 3053 1016 non
3086 970 3202 1024 est;
3252 964 3273 997 ⁴
3308 969 3362 1017 et
3393 978 3521 1016 vera
3553 963 3704 1018 mala
3733 979 3854 1035 pre-

2231 1070 2396 1120 mere,
2422 1062 2474 1108 et
2509 1055 2643 1108 falsa
2672 1053 2814 1107 bona
2845 1059 3188 1117 monstrare;
3223 1067 3322 1106 nec
3351 1068 3407 1106 se
3438 1061 3626 1123 aperte
3656 1051 3717 1108 in
3749 1052 3858 1109 hoc

2231 1143 2376 1215 quod
2408 1144 2630 1198 videtur
2659 1142 2956 1208 extollere,
2993 1150 3178 1214 atque,
3213 1150 3274 1196 ut
3315 1141 3579 1213 majorem
3614 1143 3856 1213 gloriarm

2231 1239 2435 1300 teneat,
2463 1236 2485 1269 ⁸
2523 1249 2662 1303 saepe
2692 1249 2749 1287 se
2791 1233 3054 1288 simulare
3097 1231 3328 1304 gloriam
3365 1231 3668 1290 declinare.
3711 1235 3856 1302 Quia

2232 1323 2380 1378 enim
2402 1332 2528 1380 ante
2549 1325 2740 1379 oculos
2770 1324 3064 1378 hominum
3083 1323 3363 1396 sequendo
3395 1339 3511 1380 eam
3544 1327 3856 1398 apprehen-

2233 1411 2360 1467 dere
2390 1430 2498 1468 non
2546 1421 2742 1485 potest,
2794 1414 2977 1469 studet
3019 1415 3345 1486 plerumque
3392 1418 3628 1488 gloriam
3660 1426 3854 1475 tenere

2235 1501 2516 1572 fugiendo.
2540 1503 2665 1560 llaec
2690 1503 2876 1575 itaque
2893 1503 3238 1575 simplicibus
3264 1505 3493 1560 minime
3509 1516 3853 1578 congruunt,

2233 1593 2365 1664 quia
2395 1594 2440 1648 si
2473 1602 2807 1665 congruunt,
2836 1593 2950 1665 jam
2985 1595 3266 1665 simplices
3294 1613 3405 1650 non
3432 1605 3583 1652 sunt.

2303 1684 2394 1740 59.
2428 1685 2576 1740 Iram
2608 1684 2706 1739 Dei
2737 1702 2838 1737 non
2868 1687 3036 1740 solum
3071 1692 3319 1753 meretur,
3352 1687 3439 1740 sed
3463 1694 3744 1758 provocat.
3776 1717 3848 1729 —

2232 1771 2378 1828 Bene
2406 1780 2587 1828 autem
2620 1789 2745 1828 cum
2779 1772 3011 1828 diceret:
3043 1774 3392 1828 Simulatores
3417 1781 3465 1829 et
3491 1776 3698 1844 callidi,
3731 1794 3846 1832 non

2149 1885 2196 1945 B
2232 1863 2502 1930 subdidit,
2536 1872 2838 1933 merentur,
2878 1862 2972 1920 sed
3017 1872 3312 1935 provocant
3350 1867 3490 1921 iram
3531 1869 3649 1923 Dei.
3695 1869 3844 1923 Iram

2231 1953 2432 2026 quippe
2469 1954 2568 2009 Dei
2599 1954 2819 2022 mereri,
2863 1962 2944 2009 est
2985 1956 3150 2011 etiam
3191 1956 3486 2012 nesciendo
3527 1959 3847 2023 contraire;

2232 2042 2372 2098 scire
2402 2043 2632 2111 bonum,
2666 2045 2762 2100 sed
2791 2045 3088 2116 despicere;
3123 2045 3302 2102 facere
3333 2064 3510 2119 posse,
3543 2065 3645 2104 nec
3680 2050 3846 2104 velle.

2233 2133 2302 2188 Hi
2332 2133 2479 2188 enim
2514 2135 2915 2205 perpetratione
2942 2136 3201 2208 nequitiae
3233 2137 3568 2194 intrinsecus
3595 2143 3850 2195 tenebre-

2231 2231 2414 2291 scunt,
2443 2231 2498 2278 et
2526 2226 2895 2280 ostentatione
2919 2224 3154 2297 justitiae
3185 2227 3475 2298 superﬁcie
3506 2237 3669 2285 tenus
3701 2229 3844 2286 deal-

2231 2312 2451 2369 bantur.
2505 2312 2717 2380 Quibus
2760 2331 2892 2370 voce
2923 2316 3214 2372 Dominica
3254 2316 3500 2374 dicitur:
3562 2320 3647 2376 Va:
3679 2321 3844 2385 vobis,

2235 2403 2430 2460 Scriba:
2473 2409 2520 2458 et
2565 2405 2831 2460 Pharisaei
2863 2405 3168 2476 hypocritce,
3217 2408 3346 2478 quia
3393 2409 3595 2464 similes
3624 2411 3748 2464 estis
3773 2428 3846 2464 se-

2225 2492 2436 2563 pulcris
2462 2492 2555 2546 dea
2566 2493 2742 2557 lbatis,
2766 2510 2882 2564 qum
2897 2493 3036 2562 foris
3053 2512 3122 2565 pa
3133 2501 3246 2548 rent
3270 2497 3568 2552 hominibus
3587 2499 3844 2570 speciosa,

2227 2581 2370 2636 intus
2416 2599 2539 2637 vero
2575 2584 2736 2654 plena
2779 2590 2903 2638 sunt
2943 2585 3147 2638 ossibus
3197 2592 3556 2652 mortuorum,
3606 2595 3654 2642 et
3700 2592 3845 2643 onmi

2227 2671 2488 2740 spurcitia
2507 2689 2527 2736 ;
2553 2670 2629 2726 ita
2659 2678 2706 2728 et
2733 2689 2823 2727 eos
2851 2673 3061 2743 quidem
3081 2673 3220 2744 foris
3241 2676 3516 2746 apparetis
3544 2677 3846 2732 hominibus

2218 2757 2376 2826 justi,
2411 2761 2552 2816 intus
2579 2768 2752 2817 autem
2797 2763 2943 2834 pleni
2989 2763 3110 2817 estis
3153 2763 3422 2834 hypocrisi
3468 2772 3516 2821 et
3561 2766 3845 2836 iniquitate

2229 2849 2436 2921 (Matth.
2466 2868 2630 2920 χχιιι,
2653 2851 2741 2921 27,
2765 2853 2882 2924 28).
2908 2855 3063 2910 Foris
3089 2871 3217 2925 ergo
3244 2855 3593 2912 ostendendo
3623 2867 3844 2912 servant

2228 2955 2347 3010 quae
2375 2941 2616 2996 vivendo
2648 2942 2798 2998 intus
2824 2945 3170 3016 impugnant.
3189 2946 3342 3001 Intus
3371 2962 3509 3002 vero
3533 2946 3676 3002 mala
3697 2948 3839 3018 cogi-

2225 3035 2405 3084 tantes
2430 3039 2758 3102 exaggerant
2785 3048 2905 3105 quae
2943 3033 3079 3088 foris
3109 3033 3262 3089 aliud
3291 3033 3724 3106 superducentes
3754 3053 3842 3093 oc-

2226 3118 2457 3174 cultant.
2521 3120 2664 3175 Ante
2719 3120 3034 3178 districtum
3084 3123 3267 3196 itaque
3321 3122 3571 3196 judicem
3611 3141 3843 3182 excusa-

2149 3241 2192 3300 Ο
2224 3206 2432 3262 tionem
2459 3205 2573 3278 jam
2605 3207 2670 3262 de
2703 3207 3016 3279 ignorantia
3049 3209 3251 3267 habere
3281 3228 3392 3268 non
3423 3221 3679 3285 possunt,
3715 3217 3845 3288 quia

2145 4601 2192 4658 D

2228 3295 2364 3350 dum
2393 3303 2519 3351 ante
2563 3298 2752 3353 oculos
2784 3298 3075 3355 hominum
3106 3317 3326 3357 onmem
3361 3303 3589 3359 modum
3621 3305 3844 3360 sancti-

2227 3389 2360 3442 tatis
2401 3395 2699 3457 ostentant,
2733 3389 2839 3463 ipsi
2873 3393 2981 3448 sibi
3019 3401 3148 3449 sunt
3181 3396 3500 3451 testimonio
3539 3397 3672 3471 quia
3701 3397 3840 3454 bene

2228 3479 2419 3535 vivere
2448 3498 2557 3536 non
2590 3481 2863 3552 ignorant.
2911 3485 3140 3541 Dicatur
3171 3486 3341 3558 igitur
3369 3495 3549 3544 recte:
3585 3490 3837 3545 Simula-

2229 3575 2362 3624 tores
2392 3577 2438 3624 et
2461 3572 2646 3627 callidi
2669 3579 2962 3644 provocant
2992 3575 3129 3629 iram
3151 3577 3268 3632 Dei.
3304 3576 3450 3644 Quid
3480 3594 3613 3635 vero
3645 3594 3741 3636 eos
3771 3580 3840 3637 ad

2222 3666 2534 3716 extremum
2565 3670 2844 3734 sequatur,
2877 3662 3152 3735 adjungit,
3183 3665 3412 3722 dicens:

2759 3781 2989 3838 CAPUT
3027 3784 3292 3841 XXXIII.

2294 3897 2428 3952 lem.
2459 3926 2531 3938 —
2555 3897 2730 3966 Neque
2759 3899 3062 3953 clanmbunt
3092 3916 3210 3953 cum
3243 3899 3402 3954 vincti
3430 3899 3655 3968 fuerint.

2294 4001 2382 4058 60.
2414 4003 2600 4059 Etiam
2638 4021 2920 4074 percussus
2949 3997 3163 4076 peccata
3192 4006 3430 4078 conﬁteri
3463 4006 3740 4064 erubescit.
3771 4039 3838 4049 —

2227 4091 2421 4147 Omnis
2452 4091 2678 4165 iniquus
2709 4095 2804 4166 qui
2835 4111 2960 4150 cum
3011 4095 3238 4168 iniquus
3269 4097 3363 4163 sit,
3393 4104 3618 4153 sanctus
3651 4097 3830 4154 videri

2225 4198 2332 4257 non
2369 4182 2598 4253 appetit,
2632 4182 2690 4237 in
2721 4181 2918 4255 ﬂagelli
2954 4185 3303 4256 percussione
3334 4184 3732 4256 deprehensus,
3765 4188 3837 4242 fa-

2224 4271 2324 4326 teri
2356 4271 2502 4344 quod
2536 4271 2758 4344 iniquus
2787 4273 2860 4327 sit
2888 4289 3000 4329 non
3027 4273 3320 4330 erubescit.
3345 4274 3451 4342 Qui
3473 4291 3604 4331 vero
3647 4276 3832 4348 iniqua

2222 4379 2404 4431 agens,
2435 4361 2679 4418 humana
2706 4362 2773 4418 de
2821 4379 2877 4418 se
2916 4363 3130 4436 judicia
3165 4364 3268 4420 sub
3301 4366 3479 4437 specie
3525 4367 3835 4424 sanctitatis

2225 4451 2530 4522 intercipit,
2561 4451 2726 4507 etiam
2752 4469 2878 4508 cum
2905 4452 3122 4524 ﬂagello
3149 4455 3479 4526 percutitur,
3503 4455 3763 4529 iniquum
3784 4474 3834 4514 se

2224 4539 2451 4611 prodere
2483 4540 2704 4611 refugit,
2766 4541 2896 4614 quia
2938 4549 3160 4597 sanctus
3203 4543 3381 4599 videri
3413 4544 3726 4601 consuevit.
3783 4545 3832 4600 Si

2225 4629 2445 4701 quando
2477 4637 2658 4685 autem
2691 4631 2936 4702 graviter
2964 4639 3297 4701 coarctatur,
3347 4633 3604 4705 iniquum
3647 4650 3704 4690 se
3735 4635 3828 4688 vix

2224 4718 2678 4790 superﬁcietenus
2706 4719 3023 4788 conﬁtetur,
3057 4722 3186 4792 quia
3207 4720 3424 4777 interna
3457 4739 3558 4778 sua
3585 4722 3832 4796 detegere

2222 4807 2405 4862 veraci
2434 4807 2782 4862 confessione
2812 4809 3199 4867 confunditur.
3221 4811 3389 4877 Quasi
3412 4811 3576 4867 liberi
3605 4829 3740 4868 vero
3755 4831 3833 4867 su-

2221 4913 2366 4966 mus,
2397 4913 2525 4952 cum
2555 4899 2708 4952 nulla
2736 4899 3083 4971 correptione
3113 4901 3467 4972 castigamur;
3502 4903 3524 4937 ⁸
3556 4903 3834 4960 vincimur

2219 4995 2422 5056 autem,
2455 5005 2580 5044 cum
2613 4988 2828 5060 ﬂagello
2854 4992 3222 5062 percussionis
3252 4994 3833 5066 astringimur.Vincti

2220 5078 2390 5150 igitur
2419 5087 2573 5135 tanto
2609 5085 2748 5144 841
2784 5082 3090 5137 clamamus
3120 5082 3307 5150 altius,
3355 5090 3564 5156 quanto
3605 5084 3666 5140 in
3705 5101 3834 5157 per-

2219 5177 2474 5234 cussione
2505 5179 2672 5250 positi
2704 5187 2928 5251 peccata
2974 5188 3163 5238 nostra
3192 5181 3446 5238 voracius
3475 5181 3828 5238 conﬁtemur.

2226 5266 2390 5337 Apud
2418 5284 2578 5323 aures
2607 5268 2809 5342 quippe
2837 5269 2937 5325 Dei
2967 5286 3077 5325 vox
3109 5271 3294 5327 valida
3323 5272 3524 5326 devota
3552 5271 3827 5328 confessio

2296 5490 2525 5564 {‘Editi,
2575 5509 2708 5562 swpe
2751 5510 2802 5545 se
2846 5491 3081 5548 simulat.
3127 5492 3356 5561 Turon.,
3406 5508 3505 5564 pro
3553 5493 3828 5557 simulare,

2225 5559 2391 5616 habet
2423 5559 2804 5618 demonstrare.

2298 5635 2317 5666 δ
2351 5633 2574 5688 Ehroic.
2601 5642 2650 5688 et
2681 5635 2774 5688 alii
2807 5635 3020 5702 Norm.,
3044 5636 3198 5704 quasi
3231 5636 3705 5690 rincimurautem.
3730 5637 3826 5691 Me-

2225 5703 2334 5758 lius
2364 5705 2655 5776 respondet
2685 5706 2840 5761 alteri
2894 5703 3162 5772 membro,
3194 5708 3349 5776 quasi
3391 5707 3544 5762 liberi
3589 5725 3713 5762 vero
3742 5724 3826 5760 su-

2224 5793 2272 5828 τη
2281 5792 2361 5830 HS.
