3920 6382
90 315 196 372 385

842 319 1214 379 MORALIUM
1253 323 1387 379 LIB.
1425 323 1630 380 XXVI.
1672 354 1743 366 —
1781 327 1851 382 IN
1891 329 2118 384 CAPUT
2158 331 2398 389 XXXVI
2439 335 2498 388 Β.
2541 335 2682 390 JOB.

3313 335 3420 394 386

90 449 188 496 est.
219 438 375 535 Quia
404 442 900 535 ergosimulatores
929 460 1192 517 quosque,
1225 448 1389 502 etiam
1421 464 1546 504 cum
1578 464 1698 519 per-
1728 451 1780 510 A
1808 463 2058 512 nostrum
2109 457 2326 528 longius
2369 465 2648 528 evagatur.
2703 459 2887 531 Longe
2933 478 3063 532 ergo
3119 462 3418 535 prophetas

88 530 368 586 cussionis
397 529 615 603 ﬂagella
662 533 990 604 corripiunt,
1025 535 1093 590 ad
1140 536 1542 592 confessionem
1575 537 1706 594 sim-

91 619 292 691 plicem
319 636 434 675 non
467 620 778 692 perduc-unt
809 623 1090 695 (cognosci
1119 627 1267 680 enim
1285 633 1598 696 peccatores
1622 644 1700 684 re-

91 708 342 781 fugiunt,
383 711 518 782 quia
555 711 731 766 sancti
763 713 1014 768 omnium
1045 715 1306 786 opinione
1337 715 1703 788 ferebantur),

86 799 352 872 quamvis
373 814 469 854 eos
489 799 558 854 ad
581 808 889 856 extremum
907 801 1019 873 jam
1044 803 1258 876 ﬂagella
1273 803 1493 872 feriant,
1517 821 1706 878 quam-

87 891 173 945 vis
202 887 340 946 duci
371 904 431 945 se
459 888 528 944 ad
557 896 763 944 aeterna
810 891 1083 962 supplicia
1112 909 1221 947 non
1255 892 1526 964 ignorent,
1569 894 1704 950 tales

89 986 276 1034 tamen
307 978 548 1050 cupiunt
577 978 722 1050 apud
743 977 986 1035 humana
993 979 1207 1052 judicia
1236 997 1540 1050 remanere,
1573 999 1702 1056 qua-

85 1068 164 1124 les
221 1083 284 1125 se
343 1067 674 1124 studuerant
729 1084 944 1141 semper
1001 1070 1307 1127 ostendere.
1365 1070 1703 1142 Deprehensi

83 1173 214 1230 ergo
244 1157 415 1214 etiam
446 1156 662 1229 ﬂagello
692 1159 1064 1230 percussionis
1093 1167 1377 1230 extremae,
1401 1161 1532 1232 quia
1556 1177 1702 1217 con-

85 1246 388 1303 fessionem
421 1261 614 1318 puram
638 1247 726 1302 vel
757 1245 950 1304 aﬂlicti
972 1265 1196 1306 exerere
1217 1250 1522 1321 negligant,
1545 1250 1700 1322 quasi

85 1336 266 1393 vincti
287 1337 530 1394 clamare
558 1343 944 1395 contemnunt.
975 1338 1122 1395 Bene
1153 1354 1280 1410 ergo
1311 1336 1518 1394 dicitur
1543 1355 1553 1393 :
1589 1339 1704 1394 Ne-

80 1444 183 1496 que
209 1427 521 1484 clamabunt
559 1443 678 1482 cum
705 1427 873 1483 vincti
908 1427 1132 1499 fuerint.

155 1584 250 1642 6i.
280 1586 588 1658 Hypocritw
615 1593 822 1642 sanctos
850 1605 924 1654 se,
953 1605 1080 1644 'non
1125 1590 1254 1660 quia
1281 1596 1426 1656 sunt,
1458 1589 1548 1646 sed
1575 1590 1704 1660 quia

83 1674 366 1741 dicuntur,
386 1675 709 1731 existimant.
753 1677 900 1734 Vana
928 1693 1017 1748 spe
1045 1677 1238 1744 delusi,
1267 1678 1340 1734 ad
1360 1675 1702 1750 confessionis

83 1766 380 1820 remedium
435 1767 594 1822 etiam
627 1767 682 1821 in
709 1766 960 1821 extremis
988 1783 1093 1821 non
1123 1767 1454 1840 confugiunt.
1487 1767 1568 1824 Ab
1599 1768 1704 1821 ho-

87 1855 228 1909 mine
264 1855 413 1926 longe
439 1871 577 1928 saepe
603 1857 767 1912 distat
795 1855 910 1925 ejus
939 1873 1048 1913 cor.
1072 1887 1144 1897 —
1172 1857 1438 1924 Quamvis
1467 1855 1704 1926 intelligi

87 1946 259 2000 etiam
290 1945 454 2001 aliter
484 1953 683 2018 potest.
735 1947 930 2002 Omnis
959 1947 1106 2002 enim
1137 1947 1254 2020 qui,
1304 1963 1430 2003 cum
1480 1946 1708 2018 iniquus

91 2035 187 2101 sit,
223 2033 341 2090 dici
373 2041 600 2090 sanctus
629 2034 697 2090 ab
728 2033 1051 2091 hominibus
1080 2051 1192 2090 non
1223 2033 1580 2106 pertimescit,
1605 2032 1708 2088 etsi

91 2127 356 2199 iniquum
379 2141 438 2181 se
458 2125 627 2182 tacita
646 2127 982 2197 cogitatione
997 2125 1563 2198 reprehendit,tamen
1576 2125 1708 2180 dum

94 2214 304 2288 saepius
353 2223 609 2272 sanctum
640 2216 837 2272 audire
853 2233 910 2272 se
952 2216 1200 2288 cmperit,
1224 2215 1343 2273 hoc
1379 2215 1528 2289 quod
1557 2214 1623 2271 de
1653 2229 1711 2270 se

87 2306 432 2363 intrinsecus
463 2305 686 2366 tenebat
707 2307 938 2362 amittit.
963 2306 1070 2363 Cor
1090 2306 1292 2378 quippe
1323 2303 1565 2360 exterius
1586 2303 1709 2358 fun-

89 2395 194 2464 dit,
231 2405 288 2452 et
318 2397 452 2470 quia
481 2397 720 2454 libenter
749 2397 885 2452 foris
916 2395 1116 2452 falsum
1146 2394 1214 2451 de
1241 2411 1297 2450 se
1327 2394 1707 2451 testimonium

89 2485 313 2558 recipit,
348 2487 568 2560 qualem
600 2504 656 2544 se
717 2486 869 2542 intus
897 2484 1096 2541 habeat
1123 2500 1236 2539 non
1265 2481 1520 2555 requirit.
1555 2481 1710 2538 Unde

89 2575 155 2630 fit
173 2583 238 2630 ut
252 2591 446 2632 vacuae
467 2576 648 2632 laudis
669 2577 917 2633 fomenta
931 2575 1097 2631 etiam
1119 2590 1246 2631 cum
1268 2571 1548 2629 defuerint
1566 2587 1710 2644 quae-

95 2678 266 2738 rat,et
285 2671 502 2726 oblitus
519 2669 668 2743 quod
701 2677 784 2725 est
811 2677 1030 2742 appetat
1058 2667 1238 2726 videri
1286 2666 1436 2741 quod
1465 2681 1576 2722 non
1605 2672 1706 2720 est.

98 2758 242 2834 [νει.
274 2759 512 2834 XXIX]
547 2761 722 2832 Igitur
767 2759 864 2832 qui
909 2759 1047 2814 tales
1075 2767 1224 2825 sunt,
1255 2757 1389 2813 dum
1427 2753 1609 2827 justos
1655 2770 1712 2810 se

91 2859 223 2905 ante
255 2847 506 2904 humana
545 2846 760 2919 judicia
787 2847 1073 2916 simulant,
1123 2845 1257 2902 dum
1312 2845 1556 2900 actiones
1585 2857 1712 2899 suas

97 2937 363 2995 laudibus
377 2937 576 3009 dignas
597 2935 933 2991 intuentium
960 2935 1146 2991 oculis
1167 2941 1464 3000 ostentant,
1496 2933 1714 2988 occulta

90 3044 221 3085 cum
256 3025 338 3082 eis
363 3024 588 3098 justitia
618 3025 818 3097 agitur,
851 3033 914 3080 ut
941 3042 1050 3097 quo
1098 3023 1355 3079 nituntur
1409 3022 1545 3077 foris
1574 3021 1712 3077 alios

90 3118 312 3186 fallere,
347 3133 413 3173 eo
443 3117 512 3172 de
541 3133 596 3172 se
628 3117 781 3171 intus
809 3117 974 3171 etiam
998 3115 1103 3188 ipsi
1125 3113 1407 3169 fallantur.
1431 3112 1568 3168 Nam
1590 3127 1704 3166 om-

89 3223 219 3263 nem
272 3207 425 3262 circa
465 3222 520 3262 se
551 3204 804 3261 sollicitae
835 3201 1285 3274 investigationis
1315 3201 1535 3256 oculum
1570 3213 1706 3271 per-

90 3297 254 3353 dunt.
289 3295 478 3352 Vitam
525 3295 672 3350 enim
703 3310 858 3350 suam
887 3300 943 3348 et
987 3291 1264 3348 discutere
1295 3297 1350 3346 et
1381 3296 1712 3362 perserutari

93 3386 478 3453 dissimulant,
511 3384 608 3440 sed
624 3385 759 3440 tales
779 3400 834 3440 se
857 3382 1046 3456 quales
1074 3380 1317 3436 audiunt
1345 3386 1559 3452 putant,
1592 3394 1712 3432 san-

92 3485 328 3550 ctosque
345 3491 400 3531 se
420 3491 554 3542 esse,
588 3490 700 3530 non
730 3473 862 3547 quia
881 3473 960 3528 ita
990 3471 1214 3538 vivunt,
1248 3468 1342 3525 sed
1363 3468 1494 3541 quia
1523 3467 1596 3522 ita
1627 3465 1713 3522 di-

97 3573 330 3634 cuntur,
363 3564 706 3622 existimant.
739 3563 956 3618 Subtile
977 3569 1161 3616 autem
1192 3559 1291 3615 Dei
1316 3557 1614 3630 judicium,
1636 3571 1714 3610 se-

101 3674 211 3730 que
238 3657 388 3729 ipsos
411 3653 614 3710 intueri
636 3652 944 3725 negligunt,
967 3651 1098 3724 quia
1117 3649 1281 3705 fidem
1313 3647 1401 3703 sui
1428 3646 1612 3702 meriti
1656 3645 1715 3700 in

97 3744 453 3803 attestatione
475 3749 689 3816 ponunt
715 3741 830 3797 oris
857 3739 1046 3796 alieni.
1079 3738 1219 3796 Cum
1241 3752 1372 3792 vero
1402 3734 1585 3790 subita
1599 3748 1718 3806 per-

99 3834 368 3894 cussione
405 3833 703 3900 feriuntur,
736 3829 958 3902 iniquos
987 3845 1045 3884 se
1091 3827 1178 3882 vel
1236 3823 1504 3880 veraciter
1532 3820 1716 3889 fateri,

99 3926 191 3982 vel
225 3925 374 3982 sicut
420 3929 573 3986 sunt,
605 3917 1016 3993 deprehendere
1052 3914 1282 3971 omnino
1327 3929 1440 3968 non
1469 3917 1716 3985 possunt,

100 4015 237 4089 quia
261 4011 524 4070 videlicet
553 4018 772 4068 sanctos
801 4025 857 4066 se
886 4007 1130 4064 humana
1163 4002 1502 4078 professione
1546 4000 1720 4058 credi-

99 4107 328 4165 derunt.
359 4106 505 4160 Bene
551 4120 680 4175 ergo
725 4100 931 4158 dicitur
965 4117 975 4155 :
1010 4098 1186 4168 Neque
1240 4095 1546 4152 clamabunt
1601 4110 1721 4148 cum

102 4198 268 4255 vincti
287 4196 511 4267 fuerint.
535 4196 639 4266 Spe
655 4194 802 4250 enim
824 4208 997 4248 vacua
1017 4190 1151 4246 tales
1168 4205 1224 4246 se
1258 4195 1385 4244 ante
1415 4201 1717 4258 supernum

100 4288 355 4362 judicem
376 4285 565 4342 venire
585 4282 894 4349 confidunt,
920 4279 1108 4352 quales
1129 4295 1184 4334 se
1206 4275 1528 4332 hominibus
1549 4275 1722 4330 inno—

107 4379 282 4434 tuisse
305 4381 684 4448 cognoscunt;
718 4387 884 4444 seque
924 4371 1072 4441 ipsos
1103 4366 1290 4423 miseri
1321 4382 1422 4421 nec
1445 4365 1586 4420 inter
1614 4371 1722 4418 tor-

104 4476 296 4523 menta
323 4462 766 4536 deprehendunt,
789 4470 843 4516 et
865 4459 1001 4515 dum
1024 4457 1406 4514 testimonium
1429 4453 1576 4508 falsis
1609 4452 1721 4507 lau-

103 4557 192 4614 dis
212 4551 828 4628 aspiciunt,remedium
859 4565 1002 4606 verae
1033 4545 1398 4604 confessionis
1427 4543 1712 4598 amittunt.
1746 4548 1794 4606 1)

102 4648 292 4704 Etiam
327 4643 503 4700 vincti
533 4643 834 4708 ducuntur,
885 4647 938 4694 et
969 4654 1078 4693 non
1126 4637 1389 4702 clamant,
1423 4633 1570 4705 quia,
1604 4629 1720 4685 hu-

105 4753 290 4794 manm
323 4733 505 4790 laudis
546 4729 974 4804 importunitate
1004 4726 1264 4798 superati,
1289 4731 1506 4778 sanctos
1537 4737 1592 4776 se
1615 4720 1730 4774 mi-

107 4827 220 4885 seri
251 4833 306 4881 et
337 4841 463 4881 cum
521 4823 579 4878 in
637 4819 874 4894 peccatis
906 4816 1220 4872 moriuntur
1269 4821 1482 4886 putant.
1516 4809 1730 4878 Quibus

107 4918 255 4975 bene
275 4932 374 4989 per
403 4912 728 4986 prophetam
761 4910 968 4966 dicitur
993 4924 1005 4963 :
1041 4905 1241 4970 Redite,
1259 4903 1722 4975 prtevaricatores,

93 5009 184 5065 'ad
223 5024 318 5062 cor
355 5005 513 5076 (Isai.
537 5020 692 5069 XLVI,
715 5001 798 5072 8).
823 5000 880 5055 Si
933 4997 1080 5054 enim
1123 4995 1190 5050 ad
1221 5011 1314 5052 cor
1345 4991 1607 5058 redirent,
1631 5005 1729 5062 per

109 5095 411 5155 exterioris
467 5090 834 5150 attestationis
891 5104 948 5144 se
995 5083 1164 5140 verba
1204 5084 1220 5116 ¹
1264 5099 1376 5137 non
1408 5079 1727 5136 funderent.

109 5192 252 5248 Nam
283 5185 422 5260 quid
449 5183 694 5240 vicinius
722 5179 885 5236 nobis
923 5184 1006 5234 est
1023 5174 1187 5233 corde
1221 5179 1410 5229 nostro
1433 5171 1460 5227 ‘I
1491 5167 1626 5242 quid
1650 5167 1734 5222 vi-

109 5259 317 5336 ciniusi
332 5275 496 5332 nobis
525 5280 609 5330 est
639 5288 702 5328 ea
732 5285 790 5326 re
827 5284 948 5342 quae
977 5266 1126 5321 intra
1165 5280 1267 5319 nos
1295 5259 1417 5318 est?
1446 5261 1517 5315 Et
1547 5265 1730 5314 tamen

111 5386 246 5428 cum
279 5383 377 5442 per
405 5379 606 5439 pravas
635 5359 996 5434 cogitationes
1014 5353 1314 5429 spargitur,
1345 5367 1379 5406 a
1403 5347 1566 5406 nobis
1597 5361 1732 5402 cor-

105 5537 110 5541 ’
191 5533 207 5566 ¹
243 5525 509 5594 Vindoc.,
532 5523 755 5580 Ebroic.
791 5527 845 5577 et
893 5519 990 5594 alii
1019 5518 1234 5594 _Norm.,
1267 5529 1373 5570 non
1405 5492 1730 5594 spargerent.

187 5605 211 5639 ³
241 5577 636 5660 6i
658 5577 804 5652 Utic.
843 5589 1147 5657 omittitur,
1181 5577 1444 5660 serenum;
1478 5577 1733 5660 In;Editi.

111 5653 360 5749 legit-ur,—
372 5653 733 5728 aerisei'enus.
755 5663 1051 5738 Sequimur
1089 5653 1299 5728 Baluz.,
1324 5655 1506 5723 Colb.,
1527 5653 1736 5715 Turon,

113 5753 470 5882 ctca.Turon.,
497 5810 637 5884 fieri.

1815 545 2288 616 praevaricatorem
2320 545 2516 614 mittit,
2549 562 2675 602 cum
2695 563 2820 602 eum
2865 549 2932 604 ad
2963 566 3057 606 cor
3078 567 3238 607 suum
3273 551 3416 608 redi-

1815 651 1872 690 re
1900 636 2203 708 compellit,
2253 636 2384 709 quia
2411 651 2519 708 quo
2551 651 2606 690 se
2637 636 2885 692 exterius
2924 637 3089 705 fudit,
3122 654 3185 694 eo
3242 641 3312 697 ad
3359 657 3418 697 se

1812 725 1958 781 unde
1974 725 2143 797 possit
2164 725 2342 781 redire
2357 725 2455 780 vix
2478 725 2859 792 invenit.Quia
2879 743 3008 782 vero
3029 727 3415 786 simulatorum

1813 831 1966 869 mens
2005 831 2104 886 pro
2133 831 2198 871 eo
2227 814 2374 888 quod
2403 814 2470 870 ab
2500 829 2611 869 una
2637 814 2961 870 aeternitatis
2999 815 3310 872 intentione
3337 817 3418 874 di-

1814 902 2046 970 viditur,
2071 903 2468 974 cogitationum
2491 903 2888 975 multiplicium
2913 903 3278 960 inundatione
3297 920 3418 962 vas-

1811 998 1984 1061 tatur,
2015 999 2161 1049 recte
2204 991 2560 1066 subjungitur
2585 1009 2595 1048 :

2357 1082 2587 1140 CAPUT
2616 1081 2877 1138 XXXIV.

1885 1173 2056 1230 Vnus.
2093 1172 2178 1229 14.
2210 1203 2282 1214 -
2301 1171 2564 1229 Morietur
2593 1172 2650 1226 in
2672 1177 2965 1243 tempestate
2992 1171 3174 1227 anima
3203 1188 3406 1230 eorum.

1893 1267 2040 1325 842
2068 1262 2156 1318 62.
2189 1263 2506 1332 Tempestate
2520 1261 2694 1316 sub-ita
2713 1261 2997 1332 hypocrita:
3014 1261 3418 1318 moriuntur.—

1812 1361 1978 1430 Quasi
2009 1360 2308 1434 tranquille
2335 1374 2573 1432 namque
2601 1357 2935 1415 videbantur
2964 1359 3172 1426 vivere,
3205 1374 3330 1414 cum
3349 1356 3418 1414 de

1812 1450 2124 1507 sanctitatis
2150 1455 2410 1506 curarent
2429 1447 2591 1504 laude
2611 1445 2976 1519 gaudere.Sed
2991 1453 3313 1518 tempestate
3328 1461 3416 1502 su-

1812 1540 1927 1596 bita
1939 1557 2130 1596 eorum
2143 1539 2328 1595 anima
2344 1535 2984 1609 moritur,quaehumanze
3003 1534 3421 1606 laudispessima

1812 1630 2214 1704 tranquillitate
2235 1629 2539 1684 laetabatur.
2555 1627 2886 1698 Plerumque
2915 1625 3100 1682 subito
3135 1624 3422 1696 inopinata

1811 1727 2104 1792 tempestas
2159 1734 2322 1774 omne
2351 1717 2499 1790 quod
2527 1732 2618 1771 aer
2649 1717 2670 1750 ³
2700 1731 2957 1770 serenum
2987 1713 3276 1769 blanditur
3317 1714 3418 1767 im-

1742 1819 1788 1878 B
1817 1817 2026 1875 mutat;
2077 1815 2130 1864 et
2172 1825 2236 1863 eo
2265 1806 2574 1878 periculum
2605 1802 2769 1858 vitari
2799 1819 2910 1858 non
2939 1809 3138 1874 potest,
3171 1817 3280 1873 quo
3322 1817 3422 1858 nec

1817 1904 1999 1977 potuit
2030 1900 2343 1974 praevideri.
2393 1897 2550 1954 Unde
2595 1897 2961 1964 simulatores,
2995 1894 3090 1968 qui
3133 1895 3264 1950 vita:
3309 1909 3422 1950 suae

1816 1993 2122 2050 custodiam
2153 1990 2462 2063 negligant,
2486 1988 2541 2043 in
2562 1993 2884 2060 tempestate
2908 1985 3048 2041 mori
3081 1984 3418 2040 referuntur.

1819 2082 1960 2139 Hinc
1991 2081 2192 2154 quippe
2227 2096 2320 2135 eos
2347 2078 2514 2134 turbo
2553 2076 2771 2132 subitus
2801 2075 3032 2131 internae
3052 2072 3423 2146 percussionis

1817 2169 1991 2242 ejicit,
2023 2186 2160 2242 quos
2216 2167 2532 2239 arrogantia
2588 2165 2806 2220 externi
2837 2164 3043 2219 favoris
3072 2163 3325 2231 extollit;
3366 2171 3422 2220 et

1817 2260 1950 2316 dum
1981 2258 2393 2330 amplectuntur
2413 2254 2472 2311 in
2504 2253 2663 2310 laude
2693 2251 2842 2327 quod
2871 2269 2981 2308 non
3018 2259 3168 2319 sunt,
3201 2257 3423 2323 repente

1818 2351 2114 2408 inveniunt
2143 2350 2200 2405 in
2247 2347 2460 2404 ultione
2499 2345 2650 2419 quod
2679 2353 2828 2401 sunt.
2867 2342 3009 2417 [νει.
3043 2341 3239 2416 ΧΧΧ.]
3277 2342 3424 2397 Bene

1817 2449 1997 2499 autem
2042 2457 2139 2514 per
2166 2440 2516 2496 Salomonem
2573 2435 2781 2492 dicitur
2813 2454 2825 2490 :
2865 2435 3134 2502 Quomodo
3159 2432 3426 2504 probatur

1820 2541 1874 2595 in
1911 2540 2222 2611 con/talario
2279 2542 2577 2608 argentum,
2624 2538 2672 2588 et
2725 2532 2782 2586 in
2829 2530 3047 2602 fornace
3100 2546 3318 2594 aurum,
3349 2529 3424 2584 sic

1812 2649 1864 2702 λ).
1887 2629 2078 2685 e’iatur
2105 2629 2256 2683 homo
2287 2643 2377 2681 ore
2406 2623 2678 2679 laudantis
2705 2622 2899 2692 (Prov.
2921 2635 3100 2688 xxvn,
3131 2618 3248 2690 21).
3281 2617 3425 2674 Laus

1819 2723 2021 2794 quippe
2068 2727 2178 2779 ‘sua
2227 2721 2407 2794 justos
2463 2718 2694 2785 cruciat,
2756 2716 2980 2789 iniquos
3039 2713 3264 2769 exaltat.
3318 2711 3424 2768 Sed

1813 2808 1994 2881 justos
2023 2810 2154 2865 dum
2179 2811 2389 2868 cruciat
2417 2817 2632 2883 purgat,
2655 2807 2876 2880 iniquos
2903 2803 3037 2860 dum
3073 2801 3317 2858 laetiﬁcat
3344 2816 3427 2857 re-

1819 2899 2022 2972 probos
2044 2907 2331 2954 monstrat.
2367 2899 2465 2954 Isti
2485 2899 2632 2953 enim
2651 2912 2750 2951 sua
2771 2893 2932 2950 laude
2953 2899 3272 2966 pascuntur,
3297 2891 3430 2964 quia

1819 2987 2062 3044 auctoris
2090 2987 2176 3042 sui
2221 2986 2451 3058 gloriam
2493 2999 2606 3040 non
2635 2983 2943 3055 requirunt.
2995 2981 3084 3036 Illi
3112 2987 3296 3034 autem
3331 2979 3426 3052 qui

1818 3079 2062 3135 auctoris
2091 3065 2323 3150 gloriam
2353 3080 2629 3148 quaerunt,
2667 3089 2766 3129 sua
2798 3070 2958 3126 laude
2979 3069 3318 3135 cruciantur,
3356 3083 3427 3123 ne

1739 3183 1782 3243 C
1815 3186 1926 3226 non
1956 3170 2029 3224 sit
2048 3169 2198 3224 intus
2228 3167 2375 3241 quod
2391 3164 2764 3230 forisdicitur,
2783 3178 2871 3229 ne,
2903 3161 2949 3216 si
2979 3168 3058 3216 est
3073 3159 3239 3214 etiam
3275 3154 3427 3230 quod

1821 3259 2048 3326 dicitur,
2074 3265 2197 3314 ante
2227 3257 2323 3312 Dei
2343 3257 2531 3312 oculos
2552 3253 2685 3326 ipsis
2713 3249 2998 3306 favoribus
3025 3257 3326 3304 vacuetur:
3355 3260 3424 3302 ne

1822 3350 2067 3406 humana
2096 3349 2217 3404 laus
2245 3347 2416 3402 robur
2445 3344 2646 3400 mentis
2684 3341 2950 3408 emolliat,
2983 3354 3211 3411 eamque
3243 3336 3301 3392 in
3337 3333 3426 3392 sui

1823 3440 2188 3497 delectatione
2218 3445 2556 3512 prosternat;
2590 3443 2644 3492 et
2677 3450 2798 3509 quae
2835 3430 3217 3504 adiumentum
3265 3427 3430 3484 debet

1825 3547 1939 3588 esse
1968 3529 2203 3603 augendi
2235 3529 2436 3602 operis,
2464 3527 2579 3600 jam
2602 3524 2896 3582 retributio
2935 3523 3008 3579 sit
3044 3519 3267 3576 laboris.
3291 3518 3432 3576 Cum

1823 3637 1956 3677 vero
2003 3637 2104 3677 sua
2134 3618 2410 3692 praeconia
2438 3616 2496 3672 in
2528 3616 2628 3672 Dei
2657 3615 2878 3672 laudem
2911 3609 3132 3668 tendere
3163 3608 3430 3678 sentiunt,

1825 3727 1889 3767 ea
1942 3710 2109 3766 etiam
2167 3706 2608 3766 desiderabiliter
2665 3705 3095 3778 amplectuntur.
3149 3697 3432 3770 Scriptum

1827 3816 2064 3873 namque
2085 3807 2168 3856 est
2193 3818 2204 3855 :
2248 3799 2468 3858 Videant
2495 3813 2656 3868 opera
2685 3800 2860 3849 vestra.
2891 3793 3046 3860 bona,
3077 3795 3126 3845 et
3143 3787 3436 3860 glorificent

1828 3893 2045 3948 Patrem
2074 3895 2304 3944 vestrum
2323 3887 2415 3958 qui
2446 3887 2500 3942 in
2520 3885 2659 3940 ctelis
2689 3890 2765 3938 est
2795 3882 3008 3954 (Matth.
3037 3897 3095 3947 ν,
3123 3877 3234 3948 16).
3269 3876 3434 3932 Viam

1829 3996 1885 4036 se
1914 3997 2042 4052 ergo
2063 3977 2387 4034 hominibus
2405 3973 2636 4039 faciunt,
2670 3969 2886 4044 quoties
2920 3969 2978 4023 in
3008 3982 3064 4023 se
3095 3963 3305 4052 aliquid
3325 3978 3435 4034 quo

1827 4050 2355 4140 Deus—cognoscatur
2384 4061 2703 4127 ostendunt,
2735 4058 2865 4132 quia
2897 4071 3009 4110 non
3039 4051 3262 4108 student
3287 4050 3344 4104 in
3373 4064 3437 4105 se

1831 4157 2132 4214 humanam
2175 4155 2392 4212 laudem
2445 4154 2466 4188 ³
2496 4151 2681 4223 ﬁgere,
2706 4150 2728 4184 ὀ
2758 4143 2853 4203 sed
2882 4149 3140 4219 quaerunt
3193 4157 3309 4196 eam
3341 4154 3438 4212 per

1829 4266 1886 4306 se
1917 4247 2129 4304 medios
2157 4245 2224 4302 ad
2245 4244 2485 4301 auctoris
2508 4240 2738 4314 gloriam
2769 4233 3122 4310 pertransire.
3147 4232 3436 4301 Arrogan-

1831 4347 1912 4396 tes
1929 4348 2110 4395 autem
2128 4335 2390 4393 humanis
2409 4331 2668 4389 laudibus
2685 4327 2876 4384 mollia
2891 4323 3058 4382 corda
3071 4321 3434 4395 prostituunt,

1831 4430 1962 4503 quia
1989 4429 2104 4485 suis
2144 4424 2425 4482 amoribus
2471 4425 2924 4492 corrumpuntur:
2957 4417 3035 4472 De
3064 4411 3268 4485 quibus
3297 4409 3432 4465 alias

1831 4502 2037 4579 dicitur
2070 4539 2081 4576 :
2114 4521 2296 4576 Erunt
2333 4515 2565 4573 homines
2594 4512 2790 4584 seipsos
2819 4511 3054 4564 amantes
3077 4502 3165 4574 (II
3195 4502 3328 4558 Tim.
3352 4514 3436 4568 ut,

1832 4611 1910 4684 2).
1965 4613 2104 4682 Apte
2149 4626 2280 4665 vero
2335 4605 2429 4662 hic
2475 4603 2544 4660 de
2574 4603 2677 4658 hac
2705 4615 2897 4657 eorum
2929 4593 3284 4665 corruptione
3315 4589 3440 4648 sub-

1831 4699 2088 4773 jungitur
2109 4716 2120 4754 ξ

2390 4781 2619 4841 CAPUT
2649 4777 2888 4834 XXXV.

1910 4882 2047 4936 Inln.
2077 4909 2149 4920 —
2178 4880 2252 4933 Et
2282 4877 2389 4931 vita
2417 4889 2598 4928 eorum
2627 4871 2762 4924 inter
2792 4865 3135 4936 effeminatos.

1911 4970 1999 5026 63.
2032 4966 2342 5039 Elfeminati
2369 4969 2491 5018 sunt
2517 4961 2610 5031 qui
2633 4957 2878 5014 laudibus
2908 4951 3154 5008 humanis
3183 4961 3437 5002 corrum-

1831 5056 2198 5133 puntur.—Si
2229 5055 2378 5111 enim
2399 5051 2638 5107 viriliter
2659 5047 2744 5102 vis
2759 5052 2934 5112 erent,
2967 5043 3086 5097 laus
3107 5033 3430 5095 transitoria

1833 5122 1996 5206 bulla
2023 5163 2115 5202 eos
2133 5143 2485 5215 corruptione
2502 5137 2742 5194 vitiaret.
2765 5133 2920 5190 Unde
2938 5129 3126 5186 electis
3155 5122 3430 5196 Propheta

1844 5237 2150 5313 persuadet,
2182 5234 2406 5291 dicens:
2451 5229 2688 5287 Viriliter
2716 5223 2874 5294 agite,
2917 5225 2963 5274 et
2983 5215 3312 5313 confortetur
3353 5229 3446 5312 cor

1839 5301 2071 5386 uestrum
2100 5301 2272 5398 (Psal.
2292 5337 2428 5386 xxx,
2449 5318 2570 5387 25).
2589 5316 2787 5372 Dicens
2815 5309 2965 5365 enim
3004 5303 3246 5365 Viriliter
3278 5301 3441 5374 agite,

1916 5489 2214 5562 iLongip.,
2244 5485 2332 5542 sed
2359 5485 2606 5562 quierunt
2625 5494 2739 5562 eam
2764 5491 2868 5562 pe:
2887 5469 3154 5562 selmeliuis
3180 5467 3446 5562 adaucta:

1845 5566 1923 5622 ris
1938 5540 2536 5636 gldridiiipertransire.
2557 5552 2618 5636 In
2637 5540 3005 5636 Utic:,)Pi“atel
3017 5587 3027 5598 .
3038 5586 3059 5624 ,.
3071 5540 3295 5636 Ebggic-
3308 5582 3329 5636 ι
3339 5553 3446 5636 ,Ρξς

1846 5614 2523 5692 se‘Ii‘i’iedivo—saitauctorem
2561 5622 2748 5696 gloria:
2789 5614 3137 5690 pertransire.
3170 5614 3250 5668 Ita
3279 5614 3444 5666 etiam

1849 5709 2007 5768 Colb.
2041 5714 2096 5761 et
2124 5705 2309 5760 Baluz.
