3920 6370
538 289 640 344 387

1751 285 2000 344 SANCTI
2038 286 2378 346 GREGORII
2413 289 2641 347 MAGNI

3712 293 3870 349 κ388

535 421 582 470 et
619 413 945 483 con/artetur
971 427 1063 466 cor
1090 416 1342 480 vestrum,
1364 410 1517 469 illico
1555 409 1824 480 subdidit,
1857 409 2014 484 quasi
2043 428 2138 468 se-
2163 415 2216 476 Α
2249 413 2424 485 Lapsa
2454 420 2531 470 est
2571 415 2626 470 in
2664 416 2836 473 lacum
2878 416 2989 472 vita
3021 432 3156 483 mea,
3191 422 3484 487 posuerunt
3513 416 3752 488 lapidem
3780 435 3864 472 su-

533 520 670 560 xum
699 501 886 561 cordis
903 501 1120 558 munire
1141 501 1378 558 curavit.
1401 503 1418 536 ¹
1452 500 1749 558 Luxuriosi
1767 501 1968 574 quippe
1989 519 2142 558 mens

532 592 930 665 corrumpitur,
971 592 1018 648 si
1049 590 1212 648 rebus
1244 591 1574 648 transitoriis
1603 592 1923 650 delectatur.
1975 594 2144 664 Igitur

534 681 922 738 simulatorum
963 681 1079 737 vita
1134 680 1280 736 inter
1337 681 1677 736 effeminatos
1720 683 1978 751 moritur,
2013 683 2143 755 quia

531 769 717 826 laudis
771 769 994 826 luxuria
1046 776 1306 840 corrupta
1363 769 1655 840 reperitur.
1692 770 1713 804 ³
1761 770 2141 827 Translatione

476 840 483 846 ’
535 874 666 916 vero
687 859 795 914 alia
812 875 923 914 non
954 857 1188 914 habetur
1212 876 1224 912 :
1269 859 1385 915 Vita
1414 875 1597 913 eorum
1626 858 1764 914 inter
1791 862 2136 930 effeminatos,

531 948 647 1017 sed,
688 949 804 1006 Vita
862 965 1044 1004 eorum
1099 949 1410 1002 vulneretur
1466 947 1533 1002 ab
1563 949 1782 1019 angelis.
1843 950 2140 1023 Utramque

531 1043 714 1094 tamen
763 1038 865 1094 etsi
907 1052 1159 1092 sermone
1217 1035 1513 1108 discrepat,
1566 1037 1778 1094 ratione
1819 1040 2135 1108 concordat,

531 1127 663 1200 quia
676 1126 1116 1182 effeminatorum
1134 1125 1307 1182 vitam
1333 1126 1512 1197 angeli
1525 1127 1978 1194 vulnerant,dum
1997 1145 2136 1184 nun-

530 1214 598 1271 tii
629 1215 879 1271 veritatis
909 1231 1030 1272 eam
1057 1215 1260 1286 jaculis
1291 1222 1494 1272 sanctas
1517 1215 1926 1287 przedicationis
1955 1217 2136 1289 impu-

530 1312 718 1378 gnant.
750 1303 891 1372 Quia
920 1304 1090 1376 igitur
1119 1303 1186 1360 de
1219 1303 1574 1361 damnatione
1605 1305 1966 1378 reproborum
1997 1306 2135 1379 quid

528 1401 727 1467 agatur
753 1391 1092 1462 audivimus,
1125 1393 1192 1449 de
1221 1395 1500 1467 ereptione
1539 1393 1840 1451 humilium
1886 1395 2022 1470 quid
2049 1413 2136 1452 se-

529 1489 732 1558 quatur
759 1483 1082 1539 audiamus:
1227 1546 1232 1550 δ

595 1572 770 1631 Vnus.
799 1571 884 1629 15.
933 1603 1006 1614 -
1025 1573 1242 1645 Eripiet
1263 1589 1554 1645 pauperem
1583 1573 1645 1629 de
1663 1575 1917 1646 angustia
1943 1592 2060 1631 sua.

593 1661 681 1718 64.
715 1661 1098 1730 Humiles,cum
1125 1663 1520 1729 mor~iuntur,de
1540 1665 1790 1734 angustia
1809 1665 2129 1722 liberantur.

2248 520 2346 575 per
2390 522 2469 560 me
2521 505 2754 574 (Thren.
2792 523 2879 571 III,
2909 505 3025 577 53).
3087 503 3225 578 [Vet.
3275 503 3504 580 XXXIJ
3563 506 3628 562 In
3679 505 3862 564 lacum

2253 593 2455 667 quippe
2486 595 2602 650 vita
2631 594 2836 650 labitur
2855 610 2984 650 cum
3029 593 3148 649 labe
3187 592 3476 668 inquitatis
3507 594 3859 668 inquinatur.

2251 683 2414 755 Lapis
2444 701 2574 739 vero
2603 683 2998 756 superponitur
3025 699 3152 740 cum
3181 683 3349 739 etiam
3379 682 3520 740 dura
3547 694 3864 742 consuetu-

2253 772 2382 830 dine
2413 791 2565 830 mens
2597 776 2651 830 in
2685 781 2905 846 peccato
2934 773 3252 843 devoratur,
3276 781 3339 836 ut
3367 775 3470 832 etsi
3495 777 3631 832 velit
3650 793 3862 834 exsur—

2252 880 2396 935 gere,
2423 862 2539 935 jam
2572 871 2870 936 utcumque
2901 880 3010 920 non
3035 865 3226 936 possit,
3261 865 3390 938 quia
3421 866 3594 922 moles
3622 865 3862 940 desuper

2252 954 2410 1008 malae
2439 953 2858 1010 consuetudinis
2888 955 3109 1026 premit.
3141 953 3247 1010 Sed
3268 955 3399 1027 quia
3425 953 3636 1013 divine
3653 965 3862 1030 poten-

2249 1042 2338 1098 tiae
2361 1041 2626 1114 subjacet,
2659 1051 2712 1098 et
2734 1051 2856 1114 post
2883 1043 3195 1113 angustiam
3227 1059 3408 1115 pravae
3435 1047 3858 1104 consuetudinis

2249 1132 2314 1188 ad
2345 1131 2503 1188 bona;
2532 1133 2770 1189 actionis
2799 1133 3224 1206 amplitudinem
3256 1136 3278 1170 ³
3301 1145 3612 1205 revocatur,
3645 1136 3858 1195 idcirco

2247 1221 2454 1278 dicitur
2489 1240 2500 1278 :
2536 1223 2778 1279 Salvabit
2800 1229 2846 1280 te
2872 1224 2935 1278 de
2960 1242 3052 1280 ore
3079 1231 3303 1296 angusto
3327 1225 3600 1284 latissime.
3632 1228 3856 1284 Latissi-

2249 1328 2335 1368 me
2364 1314 2567 1386 quippe
2587 1311 2655 1370 de
2684 1330 2777 1370 ore
2808 1323 3040 1386 angusto
3060 1316 3326 1385 salvetur,
3377 1316 3476 1390 qui
3503 1325 3558 1374 et
3588 1327 3717 1391 post
3745 1321 3854 1376 ini-

2247 1402 2475 1474 quitatis
2498 1399 2695 1476 jugum
2726 1402 2796 1462 ad
2826 1403 3134 1462 libertatem
3165 1404 3298 1462 boni
3333 1407 3515 1480 operis
3534 1409 3854 1481 pmnitendo

2248 1490 2548 1548 reducitur.

2317 1587 2406 1644 66.
2434 1589 2647 1656 Quanta
2674 1589 2922 1661 angustia
2954 1594 3028 1644 est
3045 1590 3111 1646 ab
3126 1591 3452 1663 opprimente
3476 1595 3624 1651 mala
3644 1612 3853 1653 consue-

2248 1677 2428 1732 tudine
2469 1694 2754 1749 ersurgere
2793 1679 2924 1735 velle
2953 1695 3042 1734 nec
3074 1681 3582 1751 posse—Quaedam
3617 1701 3853 1760 namque

524 1751 809 1822 —Pauper
837 1751 904 1806 de
932 1751 1188 1822 angustia
1205 1768 1305 1808 sua
1333 1753 1567 1825 eripitur
1595 1771 1721 1811 cum
1750 1755 2132 1828 unusquisque
2168 1777 2212 1838 Β
2249 1769 2270 1801 ι
2302 1768 2456 1839 quasi
2489 1767 2735 1824 conclusi
2783 1767 2897 1825 oris
2943 1770 3196 1842 angustia
3227 1779 3309 1827 est
3337 1774 3359 1807 δ
3390 1771 3460 1828 ab
3506 1777 3853 1846 opprimente

526 1839 759 1897 humilis
773 1840 840 1896 de
860 1839 964 1897 hac
984 1841 1440 1913 peregrinationis
1459 1861 1570 1900 suae
1601 1844 1904 1901 aﬂlictione
1923 1844 2135 1900 libera-

2253 1858 2396 1912 mala
2449 1857 2853 1914 consuetudine
2905 1875 3197 1931 exsurgere
3258 1863 3420 1930 velle,
3488 1879 3590 1920 nec
3645 1881 3848 1938 posse;

526 1938 637 1988 tur.
667 1931 804 1986 Nam
836 1937 891 1985 et
918 1929 1155 1986 assiduis
1203 1929 1295 1988 hic
1337 1931 1716 1990 tribulationis
1757 1933 2046 2006 premitur,
2079 1942 2142 1990 ut
2244 1946 2359 2018 jam
2391 1947 2615 2020 quidem
2642 1947 2918 2005 desiderio
2939 1949 3006 2006 ad
3026 1929 3264 2022 superna
3291 1929 3850 2020 tendere’sed-adhug

527 2021 597 2078 ad
617 2019 1011 2094 requirendum
1030 2037 1172 2078 verte
1188 2025 1582 2081 consolationis
1598 2023 1860 2096 gaudium
1877 2041 2137 2097 provoce-

527 2119 636 2168 tur.
670 2109 826 2168 Unde
855 2117 909 2166 et
937 2111 1186 2183 sequitur
1221 2129 1233 2168 ε

593 2204 956 2263 Imm—843
969 2203 1041 2257 Et
1067 2201 1324 2257 reuelabit
1339 2202 1396 2256 in
1419 2202 1764 2258 tribulatione
1777 2219 1964 2259 aurem
1992 2203 2126 2274 ejus.

598 2293 810 2351 Aurem
833 2297 890 2352 in
911 2298 1274 2355 tribulatione
1291 2299 1531 2355 revelare
1552 2305 1634 2356 est
1653 2299 1905 2356 auditum
1947 2301 2131 2357 cordis

525 2382 818 2442 verberum
843 2389 1017 2460 plagis
1045 2389 1278 2461 aperire.
1303 2388 1442 2446 Cum
1472 2389 1620 2444 enim
1643 2398 1912 2461 praecepta
1940 2391 2132 2462 despi-

488 2493 494 2499 ·
521 2471 722 2543 cimus,
746 2477 837 2548 pia
864 2476 1214 2533 districtione
1242 2477 1532 2534 nobiscum
1571 2478 1772 2550 agitur,
1827 2486 1890 2535 ut
1919 2479 2131 2551 ﬂagella

520 2559 837 2620 timeamus.
871 2568 1079 2621 Aurem
1120 2566 1304 2637 itaque
1361 2565 1544 2622 cordis
1600 2567 1888 2624 tribulatio
1927 2569 2124 2640 aperit,

523 2663 687 2720 quam
703 2666 846 2721 saepe
876 2651 1045 2722 hujus
1061 2652 1258 2707 mundi
1287 2653 1619 2725 prosperitas
1639 2653 1870 2710 claudit.
1887 2655 1990 2710 Per
2020 2656 2130 2711 Sa-

521 2736 799 2794 lomouem
820 2755 1058 2813 namque
1086 2739 1312 2798 dicitur:
1337 2743 1562 2798 Aversio
1580 2744 1939 2814 parvulorum
1970 2744 2126 2800 inter-

519 2824 658 2898 ﬁciet
685 2845 790 2894 eos,
819 2833 872 2884 et
889 2831 1223 2902 prosperitas
1241 2833 1528 2888 stultorum
1562 2833 1750 2905 perdet
1776 2833 1900 2890 illos
1933 2835 2120 2906 (Prov.

519 2933 558 2986 ι,
591 2915 682 2991 32)
695 2961 708 2974 .
738 2917 1028 2992 Sequitur:

849 3009 1078 3067 CAPUT
1116 3010 1360 3070 XXXVI
1383 3011 1528 3086 [Rec.
1563 3013 1811 3089 XXIV].-

2247 2041 2374 2089 actu
2404 2033 2463 2089 in
2493 2035 2706 2091 inﬁmis
2735 2053 3051 2104 remanere;
3077 2041 3273 2111 praeire
3315 2041 3500 2111 corde,
3532 2059 3636 2100 nec
3665 2051 3846 2100 tamen

2246 2124 2398 2196 sequi
2444 2141 2625 2196 opere,
2677 2135 2839 2199 atque
2896 2127 2955 2183 in
3001 2131 3296 2204 semetipso
3353 2133 3844 2191 contradictionem

2247 2215 2453 2286 perpeti
2487 2217 2864 2289 semetipsum.
2899 2217 3037 2275 Cum
3083 2236 3214 2276 vero
3255 2221 3333 2278 ita
3387 2221 3619 2280 tendens
3665 2226 3848 2282 anima

2244 2320 2412 2360 manu
2443 2306 2630 2378 gratia:
2651 2309 2948 2365 exaltantis
2980 2311 3369 2384 adjuvatur,ab
3388 2322 3620 2387 angusto
3649 2333 3744 2373 ore
3779 2317 3844 2373 ad

2242 2393 2591 2452 latitudinem
2610 2399 2876 2470 pervenit,
2897 2402 3218 2474 quia,victis
3229 2403 3844 2480 difﬁcultatibus,opera

2239 2484 2383 2542 bona
2413 2487 2631 2558 perﬁcit
2659 2507 2780 2563 quae
2801 2492 3166 2564 concupiscit.
3191 2493 3371 2550 David
3409 2496 3675 2568 propheta
3703 2515 3846 2555 con-

2239 2576 2544 2634 clusionem
2597 2580 2812 2652 angusti
2860 2583 2973 2638 oris
3013 2593 3393 2656 conspexerat,
3421 2601 3549 2642 cum
3578 2585 3796 2644 dicebat
3827 2608 3840 2645 :

2240 2665 2456 2722 Salvam
2483 2666 2653 2737 fecisti
2699 2670 2762 2725 de
2807 2673 3197 2728 necessitatibus
3239 2675 3477 2731 animam
3519 2693 3711 2744 meam,
3753 2696 3842 2733 nec

2235 2757 2537 2813 conclusisti
2555 2777 2634 2814 me
2649 2761 2705 2814 in
2721 2778 2912 2816 manus
2927 2763 3130 2818 inimici
3150 2765 3592 2839 (Psal.xxx,8,9)
3603 2766 3818 2824 .Latissi

2235 2861 2322 2900 me
2341 2853 2527 2903 autem
2544 2850 2817 2906 salvatum
2836 2868 2892 2908 se
2906 2861 3153 2922 noverat,
3171 2870 3298 2911 cum
3315 2853 3592 2925 subderet,
3611 2857 3798 2915 dicens
3823 2879 3834 2916 :

2235 2937 2483 2994 Statuisti
2497 2939 2554 2994 in
2581 2940 2690 2994 loco
2711 2941 2942 3011 spatioso
2958 2943 3112 3013 pedes
3130 2960 3269 2998 meos
3285 2943 3502 3017 (Ib.,9).
3527 2947 3838 3020 Inspatioso

2232 3027 2434 3101 quippe
2468 3029 2590 3084 loco
2619 3028 2786 3100 pedes
2815 3029 3052 3086 stabiliti
3083 3040 3235 3102 sunt,
3268 3033 3491 3106 quando
3520 3042 3575 3091 et
3603 3036 3673 3092 ad
3711 3054 3836 3094 con-

584 3097 755 3157 Vnns.
803 3097 890 3159 16.
919 3131 978 3142 -
1010 3101 1188 3173 Igitur
1223 3103 1451 3159 salvabit
1481 3108 1526 3159 te
1555 3104 1618 3159 de
1645 3121 1736 3159 ore
1761 3110 1986 3176 angusto
2045 3105 2118 3161 la-

2238 3097 2484 3190 gruentia
2514 3097 2659 3174 bona
2677 3119 2979 3190 tendimus,
3011 3130 3066 3178 et
3095 3097 3250 3178 nulla
3277 3097 3607 3182 difﬁcultate
3637 3143 3836 3202 prape-

513 3187 728 3244 tissime.

581 3277 670 3333 65.
703 3277 910 3334 Peccati
949 3279 1264 3334 consuetudo
1288 3287 1480 3350 puteus
1524 3283 1874 3351 arctissimus,
1922 3300 1988 3338 ea:
2017 3300 2120 3354 quo

512 3366 630 3421 sola
656 3367 836 3438 gratia
890 3383 998 3421 non
1045 3375 1216 3438 potest
1268 3371 1500 3427 educere.
1532 3402 1603 3412 —
1633 3371 1829 3428 Omnis
1866 3373 1962 3446 qui
1991 3374 2120 3429 vitae

513 3454 659 3508 viam
691 3453 948 3512 deserens
966 3455 1021 3510 in
1054 3463 1406 3528 peccatorum
1437 3476 1494 3515 se
1513 3459 1768 3516 tenebras
1797 3460 2008 3532 dejicit,
2039 3479 2118 3520 se-

512 3543 804 3616 metipsum
861 3545 1015 3618 quasi
1060 3546 1118 3601 in
1165 3555 1391 3619 puteum
1422 3549 1508 3605 vel
1553 3549 1770 3606 foveam
1811 3551 2026 3623 mergit.
2061 3553 2118 3609 Si

511 3651 644 3691 vero
673 3635 893 3692 diutina
923 3637 1329 3709 perpetratione
1367 3641 1533 3696 etiam
1566 3641 1966 3698 consuetudine
1995 3643 2118 3698 ini-

509 3725 738 3797 quitatis
803 3725 1140 3798 opprimitur
1198 3743 1268 3783 ne
1323 3729 1392 3784 ad
1447 3731 1732 3802 superiora
1769 3729 1886 3802 jam
1943 3732 2118 3805 possit

507 3828 818 3886 exsurgere,
851 3815 1007 3887 quasi
1027 3824 1259 3888 angusto
1288 3834 1382 3875 ore
1411 3819 1561 3892 putei
1591 3827 1922 3877 coarctatur.
1958 3820 2113 3878 Unde

503 3902 681 3959 David
699 3903 965 3976 propheta
983 3906 1084 3963 sub
1109 3909 1290 3980 specie
1307 3910 1652 3981 peccantium
1675 3912 2080 3980 exorat,dicens
2100 3933 2112 3972 :

500 3992 623 4050 Non
650 4010 729 4048 me
755 3995 1019 4068 demergat
1045 4003 1318 4070 tempestas
1337 4017 1518 4072 aqua,
1554 4019 1716 4072 neque
1733 4002 2012 4059 absorbeat
2037 4019 2118 4060 me

493 4082 846 4156 profundum,
875 4104 1039 4158 neque
1079 4097 1265 4160 urgeat
1299 4108 1461 4162 super
1505 4108 1587 4146 me
1631 4097 1825 4163 puteus
1867 4110 1925 4148 os
1953 4111 2112 4149 suum

503 4172 674 4246 (Psal.
699 4193 899 4244 LXVIII,
936 4179 1050 4251 l6).
1084 4180 1261 4248 Quem
1293 4182 1442 4238 enim
1473 4183 1607 4238 mali
1635 4185 1816 4254 operis
1843 4185 2110 4260 iniquitas

498 4279 531 4320 a
563 4264 709 4322 bona
737 4266 1038 4324 stabilitate
1064 4273 1391 4340 commovit,
1423 4271 1580 4346 quasi
1629 4282 1926 4346 tempestas
1953 4293 2108 4350 aquae

497 4356 715 4426 rapuit;
747 4355 844 4412 sed
873 4357 920 4412 si
968 4357 1150 4416 adhuc
1183 4361 1347 4432 longa
1373 4361 1782 4420 consuetudine
1810 4381 1924 4422 non
1971 4383 2106 4438 prae-

498 4443 694 4512 valuit,
717 4459 828 4498 non
856 4444 1138 4502 demersit.
1160 4448 1283 4504 lam
1314 4449 1372 4504 in
1403 4455 1628 4521 puteum
1651 4452 1853 4509 cecidit
1883 4454 1977 4528 qui
2008 4455 2113 4514 hoc

497 4529 644 4600 quod
672 4529 866 4587 divina
915 4533 1005 4590 lex
1035 4535 1293 4606 prohibet
1323 4540 1676 4610 perpetravit.
1711 4541 1817 4598 Sed
1844 4543 1891 4599 si
1922 4543 2107 4602 adhuc

498 4618 668 4691 longa
697 4623 1041 4680 consuetudo
1070 4641 1180 4681 non
1211 4627 1491 4700 deprimit,
1511 4645 1920 4706 nequaquamos
1947 4651 2109 4690 suum

495 4717 692 4781 puteus
739 4715 1140 4784 coangustavit.
1175 4716 1348 4773 Tanto
1378 4735 1502 4791 erga
1549 4719 1770 4778 facilius
1796 4724 2098 4794 egreditur,

492 4807 699 4873 quanto
732 4804 941 4860 minori
970 4808 1370 4866 consuetudine
1399 4818 1728 4867 coarctatur.
1755 4813 1908 4868 Unde
1937 4815 2100 4871 lere-

489 4892 628 4950 mias
667 4895 955 4968 propheta,
1007 4897 1141 4955 dum
1207 4899 1452 4956 Iudaeam
1500 4900 1890 4974 iniquitatibus
1938 4905 2100 4978 longa

487 4987 889 5045 consuetudine
917 4988 1171 5046 obrutam
1193 4989 1363 5047 fuisse
1406 4990 1766 5064 conspiceret,
1799 4993 1859 5048 in
1889 4994 2095 5050 lamen-

2142 4505 2190 4564 D

2231 3208 2438 3265 dimnr.
2488 3207 2653 3275 Quasi
2687 3209 2834 3264 enim
2876 3226 2972 3282 per
3000 3211 3172 3268 latum
3202 3213 3385 3271 locum
3415 3231 3523 3288 quo
3579 3218 3838 3277 volumus

2229 3299 2528 3371 pergimus,
2561 3299 2690 3372 quia
2719 3301 2888 3357 nullis
2918 3300 3148 3374 objectis
3175 3303 3600 3364 difﬁcultatibus
3626 3324 3837 3382 angus-

2473 3480 2560 3537 67.
2590 3483 2655 3538 In
2677 3482 2814 3538 hunc
2834 3489 3052 3555 puteum
3072 3487 3315 3543 cecidisse
3331 3488 3429 3544 Iob
3447 3490 3711 3547 immerito
3727 3509 3834 3549 cre-

2229 3578 2479 3636 ditus.—
2507 3579 2613 3636 Sed
2642 3579 2762 3638 haec
2800 3581 2930 3638 Eliu
2962 3591 3108 3640 recte
3153 3583 3380 3654 diceret,
3439 3589 3486 3644 si
3513 3587 3675 3646 beato
3729 3593 3834 3650 Job

2228 3667 2348 3740 ejus
2377 3672 2650 3727 sententia
2679 3672 3022 3730 conveniret.
3071 3673 3178 3730 Pro
3205 3675 3368 3748 culpa
3403 3678 3550 3734 enim
3581 3678 3836 3752 ﬂagella-

2228 3763 2346 3812 tum
2375 3759 2632 3829 credidit,
2655 3768 2711 3816 et
2739 3759 2947 3819 idcirco
2974 3777 3102 3818 eum
3141 3763 3200 3819 in
3247 3780 3309 3820 os
3353 3774 3649 3838 angustum
3676 3771 3835 3828 ceci-
3892 3761 3899 3772 ’

2227 3844 2373 3903 disse
2387 3846 2684 3920 judicavit.
2705 3849 2826 3918 Quo
2842 3851 2990 3906 enim
3012 3851 3380 3912 validioribus
3399 3856 3543 3914 vidit
3571 3873 3697 3917 eum
3719 3860 3833 3934 pla-

2227 3936 2308 4007 gis
2337 3935 2506 4006 afﬁci,
2525 3953 2590 3993 eo
2617 3937 2988 3997 deterioribus
3015 3941 3253 4000 credidit
3271 3945 3659 4019 iniquitatibus
3679 3967 3833 4023 pra-

2227 4027 2461 4098 gravari,
2481 4027 2728 4100 profecto
2749 4029 3000 4086 nesciens
3015 4031 3163 4104 quod
3184 4031 3397 4105 ﬂagella
3423 4033 3541 4107 ejus
3569 4053 3831 4112 augmen-

2224 4121 2343 4171 tum
2374 4123 2553 4172 essent
2573 4117 2776 4185 meriti,
2796 4134 2906 4174 non
2946 4135 3107 4192 poena
3127 4123 3353 4194 peccati.
3376 4123 3515 4181 Cum
3537 4141 3668 4184 vero
3699 4143 3830 4184 eum

2225 4204 2281 4260 in
2303 4222 2364 4260 os
2383 4213 2677 4277 angustum
2699 4206 2962 4264 cecidisse
2983 4209 3236 4278 fateatur,
3256 4211 3439 4270 adhuc
3471 4217 3627 4288 quasi
3659 4216 3829 4275 latius

2223 4296 2544 4368 exsequitur
2597 4295 2655 4351 in
2704 4305 2910 4370 quanta
2966 4297 3068 4354 Joh
3129 4300 3504 4372 profunditate
3550 4313 3826 4376 teneatur,

2221 4383 2411 4440 dicens
2435 4401 2448 4440 :

2507 4474 2736 4533 CAPUT
2781 4477 3050 4535 XXXVII
3095 4476 3233 4552 [Vet.
3266 4482 3527 4558 XXXII].

2290 4563 2428 4619 Iam.
2456 4595 2526 4606 —
2550 4566 2626 4620 Et
2651 4582 2755 4620 non
2791 4566 3006 4622 habente
3029 4565 3433 4637 fundamentum
3463 4572 3642 4628 subter
3676 4591 3752 4631 se.

2291 4653 2377 4710 68.
2406 4656 2569 4723 Quem
2589 4656 2814 4712 includit
2825 4663 3016 4729 puteus
3030 4677 3084 4714 ai
3099 4666 3211 4715 ctus
3222 4661 3380 4717 malae
3405 4665 3822 4733 consuetudinis,

2211 4743 2458 4814 infernus
2484 4747 2747 4812 absorbet,
2778 4754 2825 4802 et
2853 4749 3235 4821 desperationis
3261 4752 3500 4824 abyssus.
3543 4786 3612 4797 —
3643 4755 3822 4814 Omne

2209 4841 2494 4906 peccatum
2526 4834 2950 4893 fundamentum
2968 4855 3079 4894 non
3109 4839 3292 4909 habet,
3311 4842 3442 4915 quia
3468 4859 3580 4900 non
3608 4861 3681 4902 ex
3699 4862 3820 4918 pro-

2207 4925 2327 4996 pria
2356 4935 2552 4984 natura
2582 4927 2856 4986 subsistit.
2887 4930 3092 4986 Malum
3125 4933 3328 5006 quippe
3355 4935 3474 4990 sine
3506 4935 3820 4994 substantia

2206 5024 2306 5074 est.
2337 5017 2501 5086 Quod
2518 5028 2723 5090 tamen,
2747 5029 3029 5096 utcunque
3058 5025 3148 5093 sit,
3175 5025 3233 5081 in
3261 5025 3392 5082 boni
3427 5027 3449 5062 θ
3469 5035 3671 5084 natura
3697 5045 3818 5085 coa-

487 5075 557 5131 ῖίε
576 5077 692 5134 suis
711 5078 818 5135 sub
837 5077 958 5151 eius
977 5080 1159 5152 δρθείθ
1179 5081 1538 5154 semetipsum
1560 5082 1832 5156 deplorat:
1863 5084 2088 5144 dicens:
2204 5075 2382 5166 lescit.
2407 5109 2586 5182 Igitur
2615 5075 3010 5186 osaugusttim
3040 5075 3258 5172 nullum
3289 5115 3478 5174 subter
3503 5134 3561 5175 se
3607 5116 3817 5174 dicitur

559 5291 573 5327 ¹
608 5295 871 5364 Vindoc.,
905 5297 1222 5354 Luxuriose.

553 5365 575 5399 ³
595 5365 874 5456 Nimirum
891 5368 1044 5424 LXX
1066 5371 1296 5456 Interp.,
1315 5371 1374 5426 in
1411 5387 1519 5456 qua
1539 5371 1741 5445 legitur
1758 5379 1807 5434 ἓν
1835 5384 1956 5454 χερὶ
1997 5384 2091 5456 ἀγ-

479 5451 660 5523 γέλων,
689 5447 748 5500 in
770 5463 936 5502 manu
979 5453 1311 5520 angelorum,
1345 5451 1559 5508 scilicet
1601 5447 1940 5524 sanctorum,
1978 5447 2087 5512 for-

479 5531 623 5603 tasse
672 5535 904 5603 propter
935 5528 1256 5586 afﬁnitatem
1306 5545 1508 5586 vocum
1547 5533 1712 5589 Hebr.
1746 5534 1988 5603 kadoseh,
2036 5543 2090 5591 et

477 5596 722 5724 ἓαάῗεοὴ,
745 5596 979 5671 quarum
999 5615 1110 5656 una
1127 5608 1400 5668 sanctum,
1423 5604 1596 5660 altera
1616 5606 1896 5662 cinaedum
1918 5607 1963 5662 si
1971 5596 2091 5676 gni-

519 5685 584 5724 ca
616 5713 627 5724 .

519 5685 608 5725 cat
616 5713 627 5725 .

553 5744 574 5776 ³
605 5740 855 5810 Ebroic.,
881 5741 1116 5800 Vindoc.
1149 5751 1206 5800 et
1222 5744 1341 5811 alii,
1359 5761 1606 5802 revocare
1624 5754 1876 5804 meretur.
1896 5749 2082 5807 Baluz.

2202 5333 2256 5380 et
2277 5324 2460 5395 Colb.,
2493 5345 2740 5384 revocare
2761 5330 2955 5386 ideirco
2989 5333 3205 5390 dicitur.

2279 5398 2300 5472 ξ
2330 5398 2598 5472 ῌοηηᾲιιιιί
2645 5401 2818 5468 Editi,
2850 5404 3006 5472 quasi
3035 5404 3404 5461 conclusionis.

2277 5468 2298 5542 ἕ
2322 5468 2658 5542 _Longip.,ab
2679 5468 3024 5542 opprimentis
3043 5483 3222 5531 reatus
3243 5479 3385 5531 mala
3415 5479 3806 5533 consuetudine.

2277 5541 2298 5574 ⁶
2321 5539 2382 5594 In
2400 5539 2664 5610 vo’t.’Ed.,
2685 5539 2885 5600 natura
2899 5563 3005 5600 non
3027 5549 3284 5603 coalescit.
3308 5548 3412 5604 Sed
3429 5555 3625 5604 contra
3661 5566 3808 5606 men-

2203 5617 2314 5690 tem
2346 5613 2520 5667 sancti
2550 5614 2806 5690 Doctoris
2835 5619 3077 5690 :_malum
3111 5619 3256 5674 enim
3289 5636 3358 5674 ex
3379 5619 3529 5674 bono
3549 5622 3809 5690 oritur,et

2197 5681 2258 5759 in
2291 5681 2438 5759 bono
2457 5685 2734 5754 consistit,
2765 5694 2830 5743 ut
2849 5687 3009 5746 docet
3035 5690 3093 5746 in
3114 5690 3368 5759 Enchir.,
3401 5707 3450 5747 c.
3477 5690 3564 5758 14,
3585 5681 3807 5749 sanctus

2196 5753 2564 5824 Augustinus,
2615 5774 2646 5813 a
2677 5775 2786 5831 quo
2824 5761 2923 5816 vix
2963 5778 3208 5834 unquam
3248 5753 3454 5820 recedit
3481 5753 3802 5838 Gregorius.
