3920 6376
172 303 280 363 389

901 307 1274 366 MOBALIUM
1314 311 1449 368 LIB.
1486 308 1693 367 XXVI.
1732 338 1805 353 —
1840 308 1912 365 IN
1949 307 2178 367 CAPUT
2216 312 2457 372 XXXVI
2494 314 2555 372 Β.
2597 316 2740 374 JOB.

3383 320 3494 379 390

167 432 378 491 habere
417 433 872 503 fundamentum,
897 435 1029 508 quia
1049 437 1260 508 peccati
1285 437 1597 509 inquinatio
1617 439 1634 472 ¹
1657 434 1782 492 sub-
1811 438 1863 498 Α
1890 441 2101 505 vivum;
2129 442 2275 501 845
2293 440 2506 516 quando
2553 444 2781 509 veniam,
2801 450 2851 498 et
2875 445 3138 517 apparebo
3165 454 3288 503 ante
3304 446 3496 517 faciem

164 521 400 579 sistendi
409 521 506 594 jus
516 538 629 579 non
644 520 810 578 habet
821 524 1105 595 proprium
1115 524 1275 591 .Quia
1285 541 1416 580 vero
1426 542 1459 580 a
1470 522 1643 579 fundo
1654 522 1787 579 dici-

169 619 269 667 tur
289 611 744 679 fundamentum,
763 628 1053 683 possumus
1063 615 1229 670 etiam
1246 614 1666 670 fundamentum
1688 631 1787 686 pro

162 698 342 755 fundo
354 699 596 771 positum
609 699 1184 756 noninconvenienter
1195 700 1615 772 accipere,sicut
1627 701 1736 755 aud
1745 701 1784 756 i-

168 796 261 845 tus
273 789 345 845 ab
360 804 495 844 aure
507 787 797 855 dicitur,et
812 796 995 845 tamen
1008 790 1331 863 plerumque
1342 791 1460 861 ipsa
1474 789 1623 845 auris
1633 789 1785 845 audi-

170 886 262 936 tus
277 879 514 935 nomine
528 878 869 952 designatur.
886 878 1021 936 Cum
1039 896 1168 951 ergo
1180 879 1387 936 diceret
1400 896 1459 935 os
1470 895 1537 935 an
1544 886 1760 952 gustum
1771 922 1785 948 ,

165 968 398 1041 explere
427 967 692 1041 profundi
711 968 1028 1041 voraginem
1047 970 1258 1037 volens,
1290 967 1569 1024 subdidit:
1595 969 1668 1023 Et
1682 986 1786 1022 non

162 1058 385 1114 habente
391 1056 797 1128 fundamentum
807 1058 984 1113 subter
993 1059 1244 1126 se.Quem
1258 1058 1409 1115 enim
1423 1059 1567 1131 rapit
1582 1058 1781 1130 iniqui-

163 1154 271 1216 tas,
287 1147 541 1204 infernus
552 1145 827 1203 absorbet.
847 1147 1102 1203 Infernus
1115 1165 1245 1205 vero
1262 1154 1407 1203 recte
1419 1146 1656 1203 fundum
1673 1163 1781 1201 non

163 1235 375 1293 habere
404 1236 672 1305 creditur,
697 1236 828 1308 quia
852 1236 1104 1310 quisquis
1130 1236 1316 1293 abillo
1337 1237 1568 1309 rapitur,
1594 1236 1652 1291 in
1674 1237 1778 1292 im-

165 1343 364 1383 menso
385 1324 662 1399 profundo
682 1324 1003 1383 devoratur.
1036 1328 1368 1385 Immensam
1398 1344 1636 1401 namque
1664 1326 1782 1399 ejus

165 1417 397 1489 explere
430 1414 788 1472 latitudinem
816 1416 1011 1473 volens
1051 1416 1341 1490 propheta,
1371 1416 1484 1473 ait:
1525 1416 1783 1473 Dilatavit

165 1504 415 1576 infernus
440 1506 679 1562 animam
693 1522 869 1576 suam,
885 1514 934 1562 et
957 1508 1170 1579 aperuit
1194 1524 1255 1563 os
1270 1524 1427 1563 suum
1444 1506 1639 1578 absque
1668 1509 1779 1563 ullo

172 1595 400 1650 termino
421 1594 573 1667 (Isai.
593 1612 652 1664 ν,
677 1596 778 1665 14).
798 1596 954 1653 Sicut
973 1613 1102 1668 ergo
1123 1597 1241 1653 sine
1258 1598 1496 1653 termino
1515 1595 1778 1653 dilatatus

165 1681 383 1741 dicitur
401 1685 496 1757 qui
525 1684 595 1741 ad
611 1700 668 1741 se
695 1685 966 1757 plurimos
992 1686 1184 1756 trahit,
1204 1686 1281 1743 ita
1295 1686 1414 1743 sine
1443 1684 1617 1741 fundo
1632 1686 1778 1742 altus

1894 533 1995 589 Dei
2028 533 2199 605 (Psal.
2234 553 2350 602 xm,
2386 534 2479 607 3)?
2508 533 2637 589 Eliu
2668 533 2852 605 itaque
2872 536 2893 570 ⁸
2926 535 2981 591 in
3011 534 3173 592 beato
3209 535 3311 592 Job
3340 544 3495 593 tem-

1894 624 2103 695 poralia
2132 625 2360 681 verbera
2387 631 2719 681 aeternorum
2749 622 2941 679 volens
2969 624 3335 681 retributione
3361 642 3492 683 con-

1894 713 2081 781 solari,
2127 714 2275 787 quod
2310 713 2436 785 jure
2473 713 2523 769 ei
2562 711 2865 768 debebatur
2905 726 2974 766 ex
3027 712 3259 781 meritis,
3305 731 3374 770 ex
3411 731 3490 772 se-

1896 802 2129 875 metipso
2176 804 2332 877 quasi
2377 803 2615 876 gratuito
2662 800 2958 874 promittit,
3002 799 3229 856 dicens:
3271 804 3493 874 Requies

1894 899 2069 948 autem
2098 911 2286 949 mensa:
2312 900 2417 950 tuae
2442 894 2545 949 erit
2568 894 2729 965 plena
2754 890 3089 964 pinguedine.
3121 890 3380 963 Sequitur
3403 909 3415 947 :

2231 982 2462 1041 CAPUT
2494 983 2739 1039 XXXIX
2770 981 2913 1056 [Rec.
2956 980 3151 1056 XX

1964 1070 2135 1127 Vsus.
2177 1072 2262 1127 17.
2303 1103 2374 1114 -
2417 1073 2595 1129 Causa
2626 1077 2719 1127 tua
2747 1072 2903 1143 quasi
2931 1071 3084 1143 impii
3120 1069 3367 1140 judicata
3395 1078 3490 1139 est,

1890 1177 2108 1217 causam
2127 1161 2495 1233 judiciumque
2522 1161 2757 1233 recipies.

1966 1251 2052 1307 71.
2086 1251 2457 1322 Flagellantur
2492 1250 2645 1321 justi,
2676 1256 2735 1305 ut
2760 1250 2830 1305 ad
2868 1248 3125 1319 maiorem
3153 1250 3492 1321 vigilantiam

1890 1340 2231 1398 erudiuntur.
2263 1371 2335 1383 —
2362 1342 2645 1397 Bonorum
2673 1356 2837 1397 causa
2860 1339 3081 1412 justitia
3107 1347 3208 1396 est.
3240 1340 3487 1408 Quorum

1889 1446 2054 1488 causa
2083 1432 2241 1505 quasi
2271 1431 2431 1504 impii
2448 1430 2754 1502 judicatur,
2776 1430 2907 1503 quia
2933 1446 3123 1486 eorum
3154 1429 3248 1485 hic
3271 1427 3492 1500 justitia

1889 1528 2116 1594 paterno
2135 1524 2155 1558 ⁷
2194 1522 2411 1594 ﬂagello
2432 1521 2711 1593 fatigatur,
2744 1529 2806 1577 ut
2825 1519 2894 1575 ad
2913 1519 3236 1591 ampliorem
3259 1518 3489 1590 vigilan-

1888 1613 2021 1668 tiam
2046 1630 2158 1668 non
2188 1610 2743 1683 solumpraaceptioue
2763 1608 3171 1677 mandatorum,
3198 1606 3295 1664 sed
3324 1608 3489 1664 etiam

1888 1701 2180 1757 verberum
2212 1700 2563 1773 percussione
2604 1698 2924 1754 doceantur.
2949 1696 3055 1752 Sed
3084 1713 3303 1753 causam
3327 1694 3491 1767 judi-

174 1774 346 1863 ’Ληοη
376 1773 679 1863 incongrue
708 1773 971 1863 greditur.
995 1777 1125 1849 (Ιηίδ
1152 1792 1245 1832 903
1275 1776 1498 1863 quos“?
1518 1776 1775 1863 ηερειιερί·
1812 1795 1857 1855 Β
1890 1791 2149 1863 ciumque
2195 1787 2494 1859 recipiunt,
2539 1785 2665 1858 quia
2710 1801 2779 1840 ex
2826 1800 2889 1840 ea
2925 1783 3144 1854 justitia
3190 1798 3297 1855 qua
3326 1784 3490 1841 modo

167 1861 273 1933 pit,
308 1861 467 1933 quasi
499 1860 558 1916 in
595 1860 831 1934 quadam
866 1861 1066 1934 abysso
1104 1879 1217 1919 sua:
1248 1861 1638 1918 immensitatis
1666 1860 1777 1917 ab-

165 1951 374 2010 sorbet.
411 1954 602 2027 Itaque
629 1969 756 2010 cum
786 1953 1028 2010 diceret:
1065 1952 1307 2009 Salvabit
1355 1958 1400 2007 te
1442 1951 1504 2006 de
1532 1968 1624 2006 ore
1661 1967 1774 2006 an-

165 2049 319 2116 gusto
348 2043 623 2109 latissime,
638 2051 761 2115 apte
793 2041 1118 2114 subjunxit:
1152 2043 1229 2098 Et
1254 2057 1361 2096 non
1390 2040 1606 2096 habente
1633 2039 1773 2110 fun-

164 2133 473 2188 damentum
508 2134 686 2189 subter
713 2150 784 2188 se.
816 2132 898 2189 Ac
936 2132 984 2187 si
1030 2131 1263 2187 diceret:
1297 2132 1376 2185 De
1418 2145 1512 2185 ore
1540 2139 1773 2201 angusto

170 2221 414 2278 salvabit
442 2221 591 2296 quod
619 2222 722 2279 sub
751 2237 808 2278 se
841 2220 1076 2277 fundum
1106 2236 1218 2276 non
1250 2218 1434 2287 habet,
1463 2220 1592 2292 quia
1621 2218 1772 2274 enim

163 2328 265 2385 per
294 2321 581 2384 peccatum
604 2311 853 2368 tenditur
872 2310 941 2366 ad
972 2309 1272 2377 infernum,
1305 2324 1468 2381 quem
1498 2323 1530 2364 a
1550 2316 1773 2380 peccato

163 2403 478 2472 salvat,de
523 2419 619 2460 ore
659 2410 894 2476 angusto
939 2401 1154 2459 liberat.
1188 2401 1362 2469 Quem
1395 2416 1527 2456 vero
1564 2400 1632 2456 de
1677 2416 1773 2455 ore

163 2500 406 2566 angusto
434 2492 620 2565 eripit,
660 2494 730 2550 ab
761 2492 970 2548 inferni
1001 2490 1276 2564 profundo
1307 2489 1590 2546 subducit.

240 2584 333 2641 69.
366 2584 633 2652 Quamvis
661 2584 829 2640 etiam
855 2583 1017 2639 aliter
1038 2582 1276 2653 intelligi
1307 2590 1505 2653 potest.
1536 2582 1673 2637 Nam
1704 2580 1772 2636 si-

162 2682 262 2731 cut
293 2673 393 2746 qui
423 2674 482 2729 in
514 2682 738 2746 puteum
772 2673 1074 2744 mergitur3
1101 2672 1251 2743 putei
1275 2669 1549 2743 profundo
1576 2670 1773 2725 retineo

163 2775 275 2834 tur,
309 2766 389 2823 ita
416 2782 679 2823 corruens
696 2766 854 2838 quasi
883 2766 942 2820 in
964 2763 1201 2837 quodam
1231 2762 1393 2818 fundi
1415 2764 1537 2818 loco
1555 2761 1776 2817 consis-

166 2861 310 2911 teret
338 2854 550 2922 anima,
572 2855 619 2911 si
648 2854 817 2910 semel
839 2854 989 2924 lapsa
1007 2852 1066 2907 in
1087 2851 1272 2923 aliqua
1298 2866 1355 2906 se
1384 2850 1591 2921 peccati
1625 2866 1771 2905 meu-

166 2961 298 3001 sura
327 2944 612 3000 retineret.
645 2943 752 3000 Sed
768 2959 891 2999 cum
910 2950 1132 3015 peccato
1162 2941 1220 2996 in
1250 2940 1398 3012 quod
1427 2939 1633 2994 labitur
1663 2955 1772 2994 non

162 3041 347 3107 potest
375 3049 492 3089 esse
521 3041 802 3100 contenta,
832 3031 965 3087 dum
996 3029 1243 3104 quotidie
1272 3028 1341 3084 ad
1371 3028 1643 3084 deteriora
1670 3027 1776 3083 de-

1884 1882 2086 1937 vivunt
2113 1889 2249 1937 tunc
2280 1879 2338 1934 in
2368 1877 2611 1934 culmine
2635 1874 2946 1947 judiciariaa
2966 1874 3251 1946 potestatis
3292 1875 3488 1930 enites-

1884 1980 2038 2039 cunt,
2058 1980 2120 2027 ut
2147 1977 2302 2026 tanto
2319 1978 2452 2025 tunc
2472 1966 2752 2041 potentius
2770 1973 2967 2023 cuncta
2983 1963 3260 2036 judicent,
3280 1974 3490 2038 quanto

1884 2077 2035 2117 nunc
2080 2061 2138 2116 in
2176 2061 2256 2116 eis
2286 2058 2549 2116 subtilius
2590 2063 2790 2114 cuncta
2813 2054 3156 2127 judicautur.
3197 2055 3325 2110 Haec
3352 2055 3484 2110 Eliu

1884 2152 2041 2224 quasi
2068 2166 2213 2206 nova
2241 2147 2564 2222 spondendo
2594 2147 2805 2213 intulit,
2824 2162 2945 2219 quae
2975 2145 3167 2201 beatus
3192 2143 3295 2199 Job
3314 2144 3491 2199 “sem-

1884 2256 1981 2312 per
2009 2238 2285 2297 credendo
2335 2237 2610 2294 stabiliter
2641 2236 2841 2292 tenuit.
2879 2231 3018 2307 [Vet.
3054 2232 3343 2305 XXXIII.]
3376 2234 3487 2289 Ha-

1883 2330 2018 2387 bent
2046 2328 2293 2402 profecto
2344 2328 2463 2385 haec
2506 2328 2729 2399 propria
2756 2341 2946 2381 omnes
2974 2331 3311 2396 arrogantes,
3344 2330 3407 2377 ut
3434 2331 3489 2379 et

1883 2421 2093 2476 malum
2125 2418 2456 2475 mentientes
2493 2423 2842 2487 exaggerent,
2889 2421 2944 2470 et
2986 2414 3032 2469 si
3067 2412 3222 2486 quod
3244 2412 3477 2469 forsitan

1883 2508 2092 2565 bonum
2115 2508 2329 2575 dicunt,
2354 2506 2459 2562 hoc
2478 2504 2992 2575 velutincognitum
3024 2501 3487 2575 proferant.Unde

1884 2597 1945 2653 ﬁt
1979 2606 2041 2654 ut
2069 2597 2234 2653 etiam
2264 2595 2540 2651 doctiores
2568 2610 2624 2649 se
2654 2593 2849 2648 docere
2879 2589 3137 2659 audeant,
3170 2591 3300 2664 quia
3328 2589 3482 2645 vide-

1886 2688 2016 2743 licet
2043 2704 2100 2743 se
2127 2686 2269 2744 scire
2298 2686 2431 2741 talia
2459 2685 2604 2741 solos
2634 2690 2847 2755 putant.
2873 2682 3011 2740 Cum
3041 2698 3174 2737 vero
3202 2679 3271 2736 ad
3300 2680 3487 2753 aliqua

1884 2777 2281 2834 consolationis
2328 2774 2498 2831 verba
2525 2773 2882 2839 descendunt,
2932 2772 3121 2828 statim
3165 2769 3394 2825 viluisse
3425 2784 3483 2825 se

1885 2866 2181 2933 aestimant,
2214 2873 2270 2921 et
2305 2880 2403 2936 per
2445 2862 2838 2934 increpationis
2866 2860 3093 2917 tumidae
3132 2859 3483 2931 asperitatem

1886 2955 2043 3028 quasi
2091 2953 2365 3026 quoddam
2410 2953 2516 3009 sibi
2556 2952 2838 3023 ingenium
2877 2950 3239 3017 reformant,’
3271 2956 3334 3003 ut
3388 2948 3485 3020 qui

1886 3043 2342 3101 condescendisse
2373 3040 2721 3097 blandientes
2748 3047 2913 3095 testes
2955 3037 3062 3092 visi
3104 3045 3254 3104 sunt,
3289 3044 3486 3092 exorta

158 3122 381 3197 jicitur,
400 3122 557 3195 quasi
587 3123 645 3177 in
676 3131 841 3194 puteo
856 3137 966 3193 quo
986 3119 1189 3177 cecidit
1208 3119 1442 3174 fundum
1474 3135 1586 3173 non
1607 3118 1773 3173 inve—

1897 3134 2067 3190 .lubito
2100 3132 2470 3204 increpatione
2494 3132 2540 3166 ¹⁰
2570 3130 2891 3186 timeantur.
2925 3124 3080 3182 Unde
3107 3132 3163 3181 et
3191 3140 3322 3180 mox
3351 3123 3483 3179 Eliu

166 3214 255 3269 nit
282 3230 395 3286 quo
424 3211 641 3284 ﬁgatur.
674 3213 834 3267 Esset
862 3210 1011 3266 enim
1040 3209 1249 3267 fundus
1293 3208 1466 3281 putei,
1497 3208 1543 3263 si
1575 3207 1771 3265 fuisset
1814 3207 1848 3212 “
1879 3224 2155 3289 subdidit,
2187 3222 2378 3278 dicens
2403 3240 2415 3278 ε

164 3318 431 3358 mensura
458 3302 699 3374 peccati;
732 3299 880 3357 unde
909 3300 1049 3355 bene
1077 3300 1213 3356 alias
1242 3298 1479 3355 dicitur:
1514 3299 1769 3353 Peccator

161 3410 282 3448 cum
308 3392 509 3447 venerit
526 3393 585 3446 in
608 3390 942 3464 profundum
966 3392 1255 3456 malorum,
1278 3389 1556 3444 contemnit
1579 3388 1767 3459 (Prov.

164 3504 335 3555 xvm,
358 3487 439 3560 3).
488 3486 686 3546 Redire
716 3501 955 3558 namque
983 3483 1319 3551 dissimulat,
1362 3484 1492 3556 quia
1522 3481 1770 3538 misereri

2280 3314 2508 3371 CAPUT
2534 3314 2634 3370 XL
2691 3312 2834 3387 [Rea
2869 3308 3097 3384 XXVI].

1953 3410 2124 3468 Vnus.
2168 3406 2547 3465 18-2I.—-Non
2578 3410 2622 3459 te
2648 3419 2769 3474 ergo
2789 3408 2996 3473 superet
3024 3402 3134 3466 ira,
3163 3405 3225 3454 ut
3247 3398 3484 3469 aliquem

1880 3501 2155 3573 opprimas
2176 3517 2196 3564 ;
2216 3514 2306 3553 nec
2325 3493 2611 3551 multitudo
2638 3493 2871 3548 locorum
2885 3491 3102 3546 inclinet
3129 3488 3248 3544 te.“
3271 3488 3485 3560 Depone

163 3578 274 3635 Sibi
325 3592 481 3649 Ροδδθ
528 3576 798 3650 desperat
850 3575 957 3632 Sed
997 3592 1121 3631 cum
1165 3573 1506 3646 desperando
1535 3573 1772 3645 amplius
1880 3588 2296 3662 magnitudinem
2318 3593 2464 3641 tuam
2490 3582 2684 3653 absque
2712 3581 3074 3649 tribulatione,
3105 3585 3156 3633 et
3179 3594 3356 3633 omnes
3380 3594 3485 3631 ro-

168 3678 379 3744 peccat,
429 3668 586 3742 quasi
629 3676 796 3741 puteo
837 3683 939 3723 suo
967 3665 1203 3721 fundum
1236 3663 1535 3734 subtrahit,
1575 3679 1643 3719 ne
1673 3663 1769 3719 ubi

165 3760 399 3818 retineri
427 3757 602 3832 possit
628 3756 901 3813 inveniat.
925 3754 1220 3827 Sequitur:

231 3864 242 3872 ’
678 3866 905 3924 CAPUT
956 3864 1271 3922 XXXVIII.

239 3960 378 4017 lam.
392 3957 697 4029 -Bequies
715 3963 890 4014 autem
908 3972 1101 4012 mensa:
1122 3961 1224 4011 ture
1250 3954 1355 4010 erit
1376 3954 1537 4026 plena
1552 3952 1772 4025 pingue-

165 4051 314 4108 dine.

239 4141 329 4197 70.
351 4141 514 4208 Quem
532 4139 694 4211 eripit
705 4136 904 4211 gratia,
924 4135 1151 4191 interna:
1165 4130 1778 4203 satietatisdelectatione

163 4228 663 4304 replet.—Bequies
685 4242 885 4283 mensae
901 4232 984 4280 est
998 4224 1224 4281 refectio
1243 4222 1509 4279 satietatis
1526 4220 1774 4285 internae;

165 4336 293 4395 quas
323 4318 660 4391 pinguedine
679 4317 841 4388 plena
855 4314 1081 4381 dicitur,
1099 4315 1121 4348 ἰ
1143 4313 1274 4385 quia
1300 4312 1359 4367 in
1380 4318 1596 4366 aeternae
1624 4307 1778 4363 volu-

1882 3681 2058 3736 bustos
2085 3676 2419 3749 fortitudine.
2449 3673 2527 3731 Ne
2549 3671 2840 3743 protrahas
2867 3675 3088 3735 noctem,
3117 3673 3177 3723 ut
3201 3665 3488 3723 ascendant

1877 3769 2066 3843 populi
2088 3784 2193 3839 pro
2216 3766 2310 3820 eis.
2346 3764 2483 3819 Cave
2509 3777 2573 3815 ne
2601 3760 2823 3815 declines
2851 3759 2925 3815 ad
2952 3757 3283 3829 iniquitatem
3303 3773 3323 3821 ;
3352 3756 3501 3810 hanc

1883 3860 2022 3916 enim
2048 3855 2248 3929 sapisti
2266 3852 2411 3923 sequi
2434 3856 2555 3922 post
2580 3849 2871 3904 miseriam.

1956 3949 2045 4006 72.
2080 3944 2303 4017 Superbi
2322 3938 2581 4013 quidquid
2600 3939 2667 3993 ab
2685 3937 2811 3993 aliis
2828 3942 2964 3991 recte
2989 3937 3071 4007 ﬁt,
3098 3933 3487 4005 carpunt—In

1889 4037 2165 4111 plerisque
2180 4029 2498 4096 Codicibus,
2514 4026 2814 4092 donorum;
2844 4025 2890 4059 “
2912 4025 2970 4079 in
3001 4023 3191 4095 paucis
3212 4038 3363 4088 vero,
3389 4020 3485 4077 sed

1886 4110 2317 4199 antiquioribus,
2349 4120 2597 4174 locorum
2628 4113 2965 4170 invenimus.
2986 4110 3093 4167 Sed
3113 4110 3243 4184 quia
3270 4110 3487 4181 exposi-

1887 4216 2039 4272 tione
2067 4227 2180 4268 non
2199 4208 2409 4280 indiget
2437 4206 2482 4262 si
2503 4203 2720 4261 dicatur
2746 4220 2757 4258 :
2783 4202 2888 4259 Nec
2916 4200 3198 4256 multitudo
3219 4199 3484 4255 donorum

1888 4305 2103 4361 inclinet
2123 4307 2185 4369 te,
2217 4299 2325 4355 hoc
2354 4296 2526 4367 magis
2554 4293 2759 4366 exponi
2784 4291 2993 4364 placuit
3021 4288 3168 4363 quod
3196 4305 3324 4345 cum
3345 4288 3489 4346 diﬂi—

168 4380 343 4482 ptatis
372 4380 739 4463 delectatione
769 4380 1334 4476 praeparatur..I{ujus
1363 4415 1564 4455 mensae
1593 4396 1781 4469 epulas
1888 4384 2680 4482 cultatealiquantulavidetur
2694 4381 2916 4482 aperiri.
2935 4380 3255 4482 Hapcautem
3271 4386 3489 4451 quantas

167 4469 450 4558 esuriehat
474 4469 783 4569 Propheta;
799 4469 925 4550 cum
956 4492 1193 4548 diceret:
1230 4469 1481 4547 Satiabor
1508 4489 1634 4543 dum
1654 4503 1781 4542 ma-
1813 4513 1863 4572 ι)
1889 4482 2146 4541 elationis
2200 4478 2367 4535 verba
2398 4476 2561 4572 sint,”
2580 4475 2694 4545 ipse
2737 4472 2832 4545 qui
2876 4485 2940 4572 ea
2985 4469 3252 4572 formavit
3305 4477 3492 4572 tumor

166 4586 517 4658 nifestabitur
543 4557 723 4656 gloria
744 4557 835 4638 tua
867 4582 1041 4654 (Psal.
1073 4597 1194 4648 xvr,
1219 4579 1333 4651 L5).
1365 4576 1543 4649 Hujus
1574 4592 1775 4632 mensae
1820 4557 1861 4572 υ
1886 4573 2148 4637 ostendit.
2178 4568 2282 4627 Sed
2317 4567 2447 4658 quia
2476 4562 3012 4658 Eliuarrogantium
3049 4568 3103 4616 et
3381 4557 3484 4658 Iob

167 4648 373 4753 pdcula
400 4648 640 4746 sitiebat,
672 4648 897 4733 dicens:
934 4648 1313 4730 Sitivitanima
1338 4648 1493 4725 mea5
1524 4670 1596 4724 ad
1610 4669 1777 4725 Deum
1885 4674 2072 4723 tenere
2088 4672 2284 4736 typum
2306 4655 2555 4712 diximus
2585 4655 2907 4721 electorum,
2929 4651 2977 4708 si
3004 4666 3067 4707 ea
3094 4648 3356 4706 subtilius
3383 4648 3493 4705 dis-

169 4841 349 4898 Abest
366 4848 547 4896 autem
569 4838 840 4912 particula
854 4837 1110 4912 negativa
1120 4835 1190 4912 ab
1205 4832 1470 4912 omnibus
1492 4832 1777 4912 Mss_._q_uos

169 4903 585 5040 qonsuluimtuzs,‘
609 4911 824 4968 scilicet
872 4903 1085 4976 Baluz.,
1117 4907 1300 4973 Colb.,
1334 4905 1556 4971 Pratel.,
1597 4903 1769 4968 Utic.,

220 5000 410 5040 uron..
445 5000 473 5039 e
540 5028 550 5039 .

376 5028 410 5052 .,
446 5028 550 5040 νυν.

1958 4830 1979 4864 ⁹
2009 4829 2231 4884 Recent.
2257 4823 2448 4889 Vulg,
2480 4825 2539 4874 ut
2566 4817 2659 4889 qui
2708 4815 3060 4889 conscendisse
3094 4810 3486 4889 blandimentis.

1958 4839 1979 4864 ν
2011 4839 2231 4884 necent.
2267 4839 2364 4880 vul
2411 4864 2448 4889 .,
2480 4839 2539 4874 ut
2566 4839 2659 4889 qui
2708 4839 3060 4871 conscendisse
3094 4839 3484 4870 omuamumm.

1886 4900 2181 4972 Sequimur
2200 4896 2325 4952 Mss.
2346 4839 2577 4972 1$uron_._,
2601 4888 2864 4956 Vindoc.,
2888 4888 3102 4950 Norm.,
3126 4883 3484 4954 Longipont.,

1886 4964 2016 5037 etei,
2049 4986 2152 5024 nec
2178 4984 2288 5023 non
2320 4965 2497 5037 autiq.
2519 4964 2791 5037 Excuses.

249 5030 569 5127 δ’
600 5054 1123 5127 subsistendiusum.
1255 5120 1291 5127 __
1331 5121 1360 5127 Ἀ
2039 5038 2302 5127 (Vindocg
2334 5030 3301 5127 Ebrqic._et_aliigprmrntpmfﬁn‘t:

246 5128 270 5162 ³
301 5095 584 5183 et
600 5095 1206 5194 σῦἶίῖξῆδῖἰῆξᾶὶθνπθ
1235 5120 1451 5175 dicitur.
1963 5115 2008 5194 1.1.
2039 5095 2335 5194 Sequentia
2349 5107 2685 5194 omittantur
2685 5095 3488 5194 rin!1L~3ditiope‘Gu1s'.TsIa‘nu\‘r.Sup-

246 5201 269 5234 ³
301 5169 1122 5269 ‘vli'iiel'piriii'flMT"""'
1886 5169 2204 5269 peditantur
2232 5172 2865 5269 tamenAa-‘lti‘ssbgplbq
2898 5171 3109 5239 Baluz.,
3137 5169 3353 5237 Norm.,
3383 5175 3489 5228 etc.

246 5203 269 5234 ³
301 5203 565 5267 Vindoc.,
591 5203 737 5269 pulei
765 5203 953 5267 fundo.
1923 5203 2204 5241 ecitantur
2234 5203 2417 5261 taure"
2446 5203 2477 5232 ξι
2513 5203 2637 5232 mss.
2684 5203 2781 5255 υγι

246 5272 271 5306 ⁴
301 5270 551 5338 Ebroic.,
582 5271 713 5338 quia
742 5269 797 5322 in
826 5274 1042 5323 (eterna.
1091 5337 1100 5338 ί
1141 5337 1155 5338 7
1319 5333 1336 5338 Α
1572 5333 1582 5338 Α
1886 5203 2256 5338 Eonsentiunt
2284 5258 2451 5338 etiam
2481 5244 2783 5338 YgtL.‘

246 5343 269 5377 ⁸
300 5333 565 5420 Υἱῃᾱος,
581 5333 809 5420 Pratel.,
834 5340 1000 5420 Utic.,
1030 5337 1103 5393 ad
1121 5337 1289 5420 Deum
1304 5333 1501 5405 fontem
1528 5333 1774 5388 vivum...

169 5420 221 5470 et
242 5414 465 5486 parebo.
498 5408 685 5469 Baluz.
718 5411 884 5467 habet
902 5410 1067 5466 etiam
1096 5408 1312 5481 parebo.

246 5489 270 5521 δ
300 5486 390 5566 Ita
414 5486 623 5552 Baluz.,
647 5482 1090 5566 Colbzafl‘uronq'
1112 5478 1627 5566 Ebroicy'Prat-elqr
1647 5482 1781 5566 etc},

345 5557 429 5614 sic
455 5547 740 5615 mutarunt
757 5547 1039 5610 Editores:
1066 5547 1280 5609 beatum
1298 5551 1395 5609 Job
1414 5551 1472 5606 in
1502 5547 1780 5621 temporali

166 5631 411 5685 verbere.

164 5718 175 5725 '
244 5706 261 5737 ’ί
298 5702 534 5767 Turon.,
563 5699 773 5770 ﬂagello
802 5696 1117 5770 castigatur.

244 5775 267 5810 ⁸
296 5767 571 5845 Longipu'
591 5767 793 5849 semper
832 5767 1104 5825 stridendo.

1961 5329 2008 5362 ¹²
2039 5328 2100 5382 Ιη
2130 5317 2804 5397 quibusdam_B_ibliorum
2821 5316 3077 5397 Ms§:_pro
3096 5312 3355 5397 variante

1886 5399 2038 5455 tione
2067 5383 2365 5451 anﬁotatur
2400 5391 2480 5445 vel
2530 5391 2781 5444 locorum.
2821 5389 2878 5441 ln
2908 5383 3106 5441 Bibliis
3135 5383 3358 5441 Roherti
3379 5383 3494 5440 Ste-

1888 5468 2209 5554 phani,quae
2230 5459 2756 5554 ‘adOantiquiss'i'mos
2777 5457 3006 5554 Cogi'ce‘s
3035 5464 3165 5554 sunt
3193 5454 3492 5538 recognita,

1891 5528 1949 5599 in
1963 5528 2208 5612 margine
2230 5528 2530 5612 legiturv'el
2545 5529 2996 5612 villa_ru3n_..l_‘{ih.il
3010 5529 3200 5612 simile
3221 5528 3492 5612 reperitur

1889 5621 1985 5671 aut
2006 5613 2063 5668 in
2084 5601 2242 5667 textu
2258 5601 2500 5683 h'ebraic.
2515 5649 2529 5674 ,
2554 5603 2728 5683 aut_in
2744 5602 2899 5683 _I,XX
2936 5601 3303 5683 Interpretum
3318 5607 3494 5656 trans-

1895 5685 2116 5752 latione,
2149 5688 2245 5738 aut
2274 5681 2329 5736 in
2361 5678 2489 5735 aliis
2518 5674 2867 5734 versionibus
2896 5674 3159 5747 antiquis.
