3920 6376
441 302 540 357 391
1652 301 1901 356 SANC'I‘I
1936 300 2273 356 GREGORH
2312 301 2535 372 MAle

3658 301 3767 357 392

443 426 744 490 cernimus,
776 424 940 476 etiam
973 439 1119 477 nunc
1149 423 1292 478 intra
1321 424 1626 479 Ecclesiam
1659 422 1936 495 quomodo
1956 438 2037 476 ar-
2069 426 2118 484 Α
2149 425 2464 494 superbiam
2489 425 2760 480 laceretur
2790 426 2906 479 vita
2931 422 3230 493 justorum,
3263 424 3367 478 scit
3389 424 3537 494 quod
3564 425 3622 478 in
3647 423 3768 494 ejus

445 513 768 586 rogantibus
779 520 1084 583 congruant
1097 511 1557 569 demonstramus.
1591 515 1774 570 Sancti
1790 513 1894 567 viri
1913 513 1960 566 al
1973 513 2042 566 ie-

441 621 509 662 na
527 620 689 676 opera
713 603 877 657 etiam
900 619 1066 673 parva
1089 604 1379 669 mirantur,
1394 621 1490 659 sua
1513 621 1642 660 vero
1662 605 1826 659 etiam
1849 620 2043 673 magna

439 693 773 764 despiciunt.
795 694 866 746 At
895 701 1106 760 contra,
1131 702 1443 762 arrogantes
1471 694 1647 748 aliena
1669 695 1830 747 etiam
1853 710 2043 763 magna

439 783 776 854 despiciunt,
824 798 919 835 sua
951 783 1036 836 vel
1069 800 1188 853 quin
1223 799 1388 852 parva
1417 791 1542 836 sunt
1572 784 1955 844 admirantur;
1992 791 2044 837 et

441 875 764 944 plerumque
795 871 860 925 de
895 871 1010 925 suis
1044 873 1202 925 malis
1236 872 1377 925 bona
1409 872 1703 938 restituant,
1747 873 1812 926 de.
1846 873 2042 926 alienis

439 971 622 1018 autem
672 961 831 1016 bonis
885 963 1027 1016 mala
1073 963 1276 1016 sentire
1314 980 1421 1016 non
1455 971 1688 1017 cessant.
1741 964 1875 1018 Nam
1908 963 2040 1016 dum

439 1051 718 1123 propriam
768 1051 999 1121 gloriam
1045 1058 1321 1122 quaerunt,
1380 1053 1686 1122 perniciose
1730 1053 1951 1107 student
1987 1060 2042 1105 ut

439 1142 711 1216 quidquid
743 1144 970 1198 virtutis
998 1143 1066 1197 ab
1097 1143 1220 1198 aliis
1253 1144 1432 1210 agitur
1465 1144 1776 1216 iniquitatis
1808 1152 1938 1198 uota
1973 1145 2042 1197 la-

439 1240 674 1301 ceretur,
698 1239 750 1287 et
767 1232 922 1287 bonae
953 1233 1166 1303 pondus
1186 1234 1420 1289 actionis
1443 1242 1665 1288 vertunt
1692 1235 1745 1288 in
1773 1235 2040 1289 maculam

439 1321 712 1380 criminis.
732 1323 882 1393 Saepe
899 1322 1045 1377 enim
1065 1340 1188 1377 cum
1210 1323 1398 1378 vident
1429 1323 1496 1378 ab
1517 1325 1762 1380 Ecclesia
1793 1324 2043 1378 districto

440 1428 638 1484 pravos
666 1411 887 1482 corrigi,
917 1411 1070 1482 quasi
1103 1421 1410 1483 queruntur
1445 1411 1682 1482 iujuste‘
1723 1413 2046 1468 innocentes

439 1501 630 1574 afﬂigi,
649 1509 703 1558 et.
723 1502 957 1556 nitorem
980 1501 1287 1572 disciplima
1309 1501 1426 1572 ejus
1446 1511 1790 1558 commutant
1808 1505 2044 1575 appella-

441 1591 592 1649 tione
609 1590 891 1662 nequitiae.
919 1590 1072 1646 Unde
1093 1591 1222 1646 Elin
1245 1591 1476 1661 ﬁguram
1500 1597 1644 1654 846
1666 1593 2043 1663 arrogantium

441 1706 692 1757 servans,
722 1689 941 1744 beatum
999 1687 1100 1743 Job
1157 1689 1312 1760 quasi
1355 1689 1677 1756 admonens,
1710 1690 1814 1744 ait:
1857 1693 1971 1746 Non
2005 1695 2049 1742 te

441 1796 562 1850 ergo
583 1783 792 1848 superet
823 1778 926 1844 ira,
958 1783 1016 1831 ut
1043 1777 1272 1846 aliquem
1303 1776 1742 1850 opprimas.[Vet.
1768 1775 2044 1849 XXXIV.]
2085 1791 2129 1850 Β

444 1869 780 1937 Arrogantes
798 1865 946 1920 enim
975 1865 1068 1920 irae
1101 1875 1310 1921 motum
1344 1868 1633 1940 deputant,
1669 1868 1689 1900 ²
1725 1865 2048 1938 quidquida

445 1964 632 2012 sancta
665 1955 909 2011 Ecclesia
937 1956 1144 2027 geritur
1173 1973 1401 2012 censura
1431 1957 1791 2028 disciplinae.3
1821 1956 1893 2009 Et
1919 1955 2048 2025 quia

445 2045 701 2101 humanae
769 2044 945 2100 laudis
1017 2053 1216 2116 appetu
1271 2046 1495 2116 benigni
1551 2045 1776 2101 student
1832 2060 2048 2114 semper

443 2152 724 2208 apparere,
785 2136 966 2191 nullos
1035 2145 1257 2193 censent
1327 2138 1673 2193 districtione
1736 2135 2048 2191 severitatis

442 2225 818 2296 corrigendos.
843 2225 997 2280 Unde
1027 2233 1080 2280 et
1109 2243 1141 2281 a
1169 2226 1330 2281 bonis
1361 2225 1687 2293 rectoribus,
1719 2225 1862 2280 sicut
1880 2240 2050 2294 supe-

445 2315 562 2371 rius
590 2315 800 2370 dictum
831 2323 933 2383 est,
965 2315 1204 2387 opprimi
1235 2314 1511 2369 aestimant
1543 2331 1681 2387 quos
1705 2315 1911 2370 invitos
1935 2330 2050 2368 cer-

448 2411 589 2460 nunt
617 2421 649 2459 a
676 2399 830 2460 vitiis
869 2405 1129 2461 coerceri.

518 2494 604 2549 73.
636 2495 884 2550 Ecclesia?
905 2495 958 2548 in
983 2495 1179 2548 cunctis
1200 2495 1380 2548 mundi
1397 2495 1642 2564 partibus
1666 2497 1900 2564 potentia
1924 2503 2045 2549 tem.-

438 2583 828 2655 poralis.Hanc
841 2584 959 2636 imm
967 2584 1098 2636 erito
1111 2585 1358 2638 Ecclesia:
1373 2584 1538 2637 hostes
1549 2585 1594 2637 ei
1605 2585 1947 2653 erprobrant.
1957 2587 2049 2640 Et-

445 2671 494 2726 si
511 2670 732 2740 quidam
751 2669 896 2724 intra
925 2669 1038 2738 ejus
1057 2671 1231 2725 sinum
1261 2673 1366 2726 sint
1387 2673 1554 2742 quide
1574 2673 1741 2743 ipsius
1767 2675 1943 2744 gloria
1966 2691 2049 2728 su-

441 2758 1052 2831 perbiant—Auctore
1081 2768 1262 2816 autem
1293 2762 1548 2830 Domino,
1583 2764 1711 2834 quia
1733 2763 1791 2817 in
1823 2765 2048 2819 cunctis

447 2847 644 2903 mundi
674 2848 920 2920 partibus
949 2857 1134 2905 sancta
1181 2853 1428 2906 Ecclesia
1475 2854 1722 2908 culmine
1763 2854 2050 2925 religionis

447 2938 712 3004 excrevit,
764 2937 906 2994 hanc
960 2939 1132 3010 ipsam
1177 2942 1530 3011 temporalem
1573 2943 1898 3013 pottmtiam,
1944 2959 2051 3014 qua

447 3028 668 3101 quidem
701 3028 837 3084 bene
865 3030 1060 3097 utitur,
1092 3030 1450 3087 obtrectaudo
1481 3033 1537 3087 in
1559 3034 1758 3088 vitium
1789 3033 2048 3089 elationis

2153 515 2360 569 crimen
2376 512 2975 586 extenditurquidquid
2993 513 3183 566 talium
3202 529 3322 582 prav
3339 512 3469 566 itate
3485 521 3766 583 peccatur,

2154 605 2249 659 sed
2300 615 2482 660 notam
2533 604 2698 659 alieni
2743 603 2996 658 criminis
3047 601 3320 656 sustinere
3365 609 3521 657 tanto
3579 602 3770 658 minus

2160 695 2354 750 metuit
2391 704 2594 766 quanto
2628 704 2678 748 et
2709 702 2866 763 caput
2903 710 3063 745 suum
3097 693 3228 746 talia
3260 691 3519 746 tolerasse
3547 709 3770 763 cogno-

2154 785 2276 838 scit.
2317 787 2392 838 lle
2425 785 2521 837 illo
2552 785 2752 854 quippe
2775 784 3037 851 scriptum
3068 792 3178 836 est:
3215 784 3286 836 Et
3307 798 3422 834 cum
3455 783 3654 852 iniquis
3685 784 3769 836 de-

2151 880 2372 942 putatus
2403 881 2474 927 est
2519 875 2661 938 (Isti.
2700 889 2817 933 Lm,
2857 873 2969 938 12.)
3009 874 3080 924 lle
3123 872 3220 925 illo
3262 887 3484 924 rursum
3519 871 3765 928 dicitur:

2155 965 2458 1033 Lnnguores
2482 970 2686 1016 nostros
2707 963 2814 1032 ipse
2837 962 3247 1027 tulit,etdolores
3271 964 3501 1016 nostra?"
3522 962 3631 1033 ipse
3643 980 3771 1032 por-

2158 1057 2284 1108 tarit
2321 1057 2456 1124 (Isti.
2495 1072 2613 1120 LIII,
2638 1053 2716 1125 4).
2755 1055 2895 1108 Eant
2925 1070 3051 1122 ergo
3079 1061 3418 1120 arrogantes,
3447 1061 3501 1107 et
3532 1053 3769 1108 mstima-

2157 1146 2307 1200 tione
2356 1162 2652 1215 pravorum
2687 1144 2856 1197 vitam
2892 1143 3179 1198 mordeaut
3226 1143 3607 1197 innocentum.
3652 1143 3767 1197 Scit

2156 1237 2452 1290 electorum
2477 1234 2722 1289 Ecclesia
2741 1243 2790 1287 et
2815 1233 3035 1286 illorum
3065 1232 3266 1298 facta,6
3298 1241 3349 1287 et
3370 1230 3570 1286 horum
3601 1232 3772 1286 verba

2158 1325 2411 1392 tolerare,
2436 1326 2541 1380 scit
2560 1341 2854 1396 pravorum
2879 1332 3088 1378 mentes
3110 1321 3398 1378 tolerando
3418 1331 3768 1379 convertere.

2155 1417 2258 1484 Qui
2293 1417 2392 1471 etsi
2425 1417 2672 1471 converti
2704 1415 3078 1487 nequiverint,
3102 1430 3290 1468 eorum
3317 1422 3501 1469 tamen
3533 1414 3771 1485 ignomi-

2160 1507 2308 1561 niam
2342 1507 2724 1578 mquauimiter
2746 1507 2954 1560 sull‘ert.
2991 1503 3289 1575 Perpendit
3319 1505 3520 1575 quippe
3546 1503 3678 1574 quia
3700 1503 3769 1558 ad

2157 1595 2363 1668 duplex
2392 1597 2510 1667 ejus
2533 1596 2819 1667 praemium
2844 1594 3062 1666 prolicit
3085 1593 3232 1664 quod
3253 1609 3320 1647 ex
3342 1609 3528 1648 eorum
3555 1593 3772 1649 meritis

2159 1687 2296 1740 foris
2325 1685 2648 1757 despicitur,
2683 1701 2916 1757 quorum
2952 1693 3004 1738 et
3039 1684 3185 1739 intus
3219 1684 3333 1738 vita
3365 1684 3657 1738 laceratur.

2231 1777 2335 1831 74..
2356 1778 2457 1842 Qui
2481 1777 2840 1846 temporaliter
2867 1776 3166 1838 extollitur,
3183 1773 3344 1829 curiit.
3362 1803 3432 1813 —
3449 1773 3768 1829 Notandum

2160 1884 2289 1921 vero
2319 1866 2466 1937 quod
2498 1883 2606 1920 non
2638 1867 2746 1920 ait:
2795 1866 2899 1919 Nec
2941 1864 3222 1917 multitudo
3281 1863 3516 1917 locorum
3549 1866 3758 1919 extolla

2161 1965 2224 2022 te,
2256 1958 2349 2012 sed
2379 1959 2455 2012 ait
2489 1976 2498 2012 :
2538 1959 2640 2012 Nec
2686 1957 2964 2009 multitudo
3020 1958 3251 2009 locorum
3284 1955 3498 2008 inclinet
3529 1961 3599 2014 te.
3641 1955 3776 2010 0m-

2161 2048 2246 2103 nis
2276 2049 2420 2102 enim
2455 2047 2549 2119 qui
2575 2047 2949 2116 temporaliter
2978 2046 3270 2100 extollitur
3297 2061 3362 2100 eo
3388 2045 3506 2116 ipso
3537 2061 3648 2117 quo
3678 2060 3774 2099 ex-

2159 2139 2375 2194 tollitur
2407 2137 2723 2203 inclinatur,
2758 2136 2886 2207 quia
2915 2152 3038 2190 cum
3067 2152 3120 2189 se
3145 2135 3388 2189 exterius
3409 2135 3596 2205 erigit,
3621 2134 3778 2189 intus

2159 2225 2325 2281 cadit.
2359 2226 2487 2280 Elin
2521 2226 2702 2296 itaque
2735 2242 2923 2280 casum
2956 2224 3140 2280 cordis
3175 2224 3231 2278 in
3249 2225 3489 2280 elatione
3520 2225 3772 2292 intuens,

2158 2318 2271 2373 ait:
2319 2321 2424 2374 Nec
2469 2318 2752 2371 multitudo
2787 2318 3021 2371 tororum
3066 2318 3278 2371 inclinet
3311 2323 3373 2371 te.
3426 2318 3504 2372 Ac
3538 2316 3586 2372 si
3635 2331 3776 2373 voce

2159 2409 2531 2478 arrogantium
2551 2419 2748 2463 sancta:
2773 2409 3030 2463 Ecclesire
3056 2409 3074 2442 ⁷
3099 2407 3374 2462 diceretur
3398 2425 3410 2462 :
3436 2407 3583 2464 Cave
3616 2423 3706 2472 ne,
3725 2408 3774 2462 si

2160 2497 2539 2553 universitatis
2571 2497 2925 2552 veneratione
2954 2498 3262 2566 extolleris,
3284 2502 3430 2560 847
3459 2496 3529 2552 ab
3551 2497 3778 2553 interna

2163 2600 2470 2654 intentione
2505 2615 2629 2653 curv
2647 2598 2774 2653 eris.
2811 2599 3072 2670 Sequitur
3097 2616 3108 2653 :

2514 2689 2743 2745 CAPUT
2775 2690 2893 2744 XLI
2937 2687 3080 2761 [Ηεο.
3118 2685 3406 2762 XXVIII].

2232 2780 2402 2836 Vens.
2442 2779 2524 2834 19.
2574 2810 2644 2820 -
2683 2780 2894 2849 Depone
2941 2779 3349 2849 magnitudinem
3397 2784 3541 2832 tuam
3577 2777 3778 2847 absque

2163 2872 2520 2938 tribulatione,
2552 2877 2596 2923 et
2627 2887 2800 2922 omnes
2831 2870 3070 2923 robustos
3100 2868 3434 2938 fortitudine.

2234 2962 2320 3016 75.
2355 2961 2624 3032 Apostotis
2657 2967 2701 3013 et
2735 2959 2980 3014 Ecclesia'
3007 2959 3240 3028 [ortibus
3265 2958 3335 3012 ad
3362 2957 3589 3028 prtemia
3621 2972 3775 3012 voca-

2161 3052 2247 3116 tis,
2279 3052 2418 3106 Deus
2447 3068 2625 3105 eorum
2659 3049 2764 3102 rice
2787 3050 2974 3102 debiles
2993 3049 3065 3102 ad
3085 3048 3372 3102 certamina
3400 3046 3778 3101 roboravit.—

449 3116 758 3215 inﬂecuffn-
796 3119 939 3215 [Ηςῖίξο
965 3121 1222 3215 κῖᾹΎῙῘᾹ
1269 3122 1580 3215 Πηάθνβίίῐι
1609 3121 2048 3215 subiungit._di-
2077 3155 2119 3215 ί]
2159 3143 2307 3208 Quos
2336 3141 2472 3196 alios
2497 3148 2696 3194 sanctte
2730 3138 2989 3192 Ecclesiae
3015 3139 3269 3193 robustos
3301 3137 3626 3208 accipimus,
3660 3137 3775 3193 nisi

443 3223 603 3264 cens:
638 3209 742 3264 Nec
771 3210 1052 3262 multitudo
1077 3211 1310 3263 locorum
1340 3211 1554 3265 inclinet
1576 3219 1636 3268 te.
1672 3215 1751 3269 Ac
1783 3213 1828 3268 si
1857 3213 2038 3268 eidem

444 3307 645 3354 sanctae
693 3299 952 3354 Ecclesia:
1009 3297 1381 3355 humilitatem
1429 3303 1601 3370 magis
1659 3303 1713 3356 in
1765 3305 2040 3374 prosperis

445 3391 794 3446 conservanti
811 3389 1188 3460 arrogantium
1212 3407 1345 3446 voce
1385 3391 1631 3447 dicatur:
1667 3393 1807 3459 Quia
1837 3393 2040 3466 ubique

444 3477 575 3533 ﬁdei
600 3479 907 3534 reverentia
931 3481 1146 3547 coleris,
1171 3499 1300 3536 cave
1319 3498 1385 3536 ne
1406 3480 1651 3552 ejusdem
1670 3485 1690 3517 ⁵
1721 3485 2041 3539 reverentia

445 3568 687 3624 fascibus
713 3569 1014 3625 extollaris.
1047 3570 1321 3636 Quosdam
1345 3571 1545 3643 quippe
1575 3573 1922 3643 conspiciunt
1947 3575 2040 3646 qui

445 3658 548 3714 sub
575 3659 856 3729 religionis
887 3659 1116 3714 obtentu
1166 3661 1302 3715 vitio
1331 3662 1587 3717 elationis
1634 3663 2036 3733 intumescunt,

445 3747 666 3819 etquod
692 3747 751 3802 in
777 3747 1238 3820 quibusdamjure
1258 3751 1686 3822 reprehendunt,
1712 3754 1817 3809 hoc
1841 3753 2043 3825 injuste

444 3835 514 3891 ad
533 3836 742 3891 crimen
764 3837 1012 3892 omnium
1036 3839 1384 3910 pertrahunt:
1412 3858 1757 3914 nequaquam
1783 3843 2045 3900 videlicet

443 3924 838 3996 perpendentes
859 3926 1005 3998 quod
1024 3927 1135 3982 sint
1163 3929 1222 3984 in
1252 3946 1313 3985 ea
1339 3930 1432 4002 qui
1464 3940 1516 3986 et
1547 3931 1917 4002 despicientes
1947 3949 2042 3987 no-

443 4013 626 4070 verint
654 4016 889 4086 perfecte
911 4019 1229 4090 temporalia
1260 4037 1463 4092 regere,
1488 4030 1541 4077 et
1579 4032 1823 4078 amantes
1843 4032 2045 4080 {eterna

442 4103 618 4174 plenis
646 4105 933 4163 desideriis
975 4120 1290 4181 exspectare
1312 4154 1324 4177 ,
1355 4120 1408 4167 et
1438 4111 1910 4182 dispensationem
1948 4129 2040 4184 po-

442 4195 654 4250 testatis
711 4207 946 4268 acceptae
1015 4217 1289 4270 peragere,
1349 4209 1403 4256 et
1474 4201 1808 4259 humilitatis
1864 4205 2044 4260 insitae

447 4284 817 4342 ministerium
847 4288 1144 4357 custodire,
1178 4299 1240 4344 ut
1260 4307 1361 4345 nec
1391 4290 1723 4348 humilitatis
1753 4311 1917 4350 causa
1949 4313 2042 4351 cu-

444 4391 557 4430 ram
595 4377 834 4447 suscepti
863 4376 1149 4446 regiminis
1184 4379 1484 4449 negligant,
1515 4397 1616 4437 nec
1646 4401 1865 4441 rursum
1895 4404 2044 4444 occa-

441 4464 596 4520 sione
645 4464 930 4536 regiminis
976 4465 1032 4519 in
1063 4466 1147 4521 eis
1185 4466 1472 4524 humilitas
1523 4469 1873 4530 intumescat.
1925 4478 2043 4532 Etsi

442 4551 666 4624 quidam
700 4554 928 4635 fortasse
947 4555 1091 4612 intra
1113 4557 1283 4628 ipsam
1308 4568 1435 4614 sunt
1456 4560 1548 4632 qui
1568 4579 1674 4616 non
1693 4565 1790 4620 Dei
1818 4567 1911 4620 sed
1933 4586 2044 4624 sua)

442 4642 631 4714 gloriae
673 4643 775 4699 sub
815 4645 1097 4716 religionis
1142 4658 1409 4719 praetextu
1456 4650 1796 4723 deserviunt,
1855 4659 2038 4716 studet

440 4743 623 4790 tamen
649 4752 762 4803 eos,
796 4745 908 4803 aut,
941 4739 986 4792 si
1038 4739 1202 4807 valet,
1237 4740 1485 4798 districte
1515 4746 1809 4816 corrigere,
1847 4758 1962 4815 aut,
1995 4751 2041 4804 si

439 4841 548 4879 non
581 4827 744 4894 valet,
779 4828 1163 4899 alquanimiter
1195 4831 1463 4898 tolerare;
1495 4843 1548 4888 et
1581 4835 1664 4888 vel
1708 4837 2040 4907 corrigendo

440 4915 564 4970 illos
593 4917 745 4988 quasi
773 4917 915 4974 ﬁlios
947 4921 1318 4990 amplectitur,
1353 4922 1438 4977 vel
1474 4924 1758 4980 tolerando
1788 4929 1942 4998 quasi
1972 4929 2040 4985 ab

438 5005 692 5065 hostibus
736 5020 1044 5068 exercetur.
1081 5011 1196 5068 Scit
1238 5029 1475 5084 namque
1509 5015 1656 5086 quod
1704 5033 1799 5087 per
1847 5034 2037 5074 eorum

510 5211 526 5243 ¹
559 5209 683 5266 Vet.
718 5211 868 5268 Edit.
901 5212 1070 5267 Gilot.
1098 5221 1146 5267 et
1182 5213 1386 5270 Vatia.
1419 5222 1667 5270 nocentes.
1700 5217 2040 5276 Emendatur

438 5281 666 5358 ex_lt1ss.
704 5284 944 5358 Anglic?
980 5285 1193 5358 Norm.,
1222 5285 1458 5358 Turon.,
1493 5287 1723 5358 Lougip.

510 5351 531 5424 ἴ
559 5353 684 5406 Rec.
722 5351 945 5421 Excusi,
971 5357 1232 5424 quidquid
1251 5375 1282 5409 (ι
1310 5359 1525 5412 sanctis.
1565 5351 1748 5414 Lectio
1780 5379 1938 5424 quam
1963 5380 2040 5417 se-

511 5380 530 5384 -
559 5380 684 5406 nec.
722 5380 945 5421 nxcust,
971 5380 1228 5424 qiuuqum
1251 5380 1282 5409 (ι
1310 5380 1525 5412 sanctis.
1565 5380 1748 5414 ticum.)
1780 5381 1790 5412 1
1819 5380 1938 5415 nam
1963 5380 2039 5417 se-

439 5421 664 5502 quimur
693 5432 772 5476 est
793 5425 928 5502 _.\_lss.
961 5427 1192 5496 Turon.,
1219 5428 1477 5500 Longip.,
1510 5431 1757 5498 Ebroic.,
1793 5380 2039 5502 l’ratell.,

440 5500 493 5546 et
524 5493 758 5546 aliorum
793 5495 979 5549 Norm.

514 5564 535 5645 ξ’
567 5561 829 5645 δζξιιιξοεη
865 5568 931 5645 ξ’]
965 5569 1088 5645 quid
1117 5588 1215 5645 per
1242 5573 1382 5626 lium.
1421 5575 1594 5628 laudis
1623 5578 1929 5645 nppetilmn,

514 5635 534 5668 ‘
571 5633 845 5718 Vindoc.,
877 5633 1314 5718 Pratel_.,-L7t_ic._,_
1351 5645 1426 5718 ita
1460 5633 1704 5710 habent}.
1729 5658 1782 5703 et
1813 5647 2034 5718 quidem

439 5703 742 5828 Elegantius
767 5725 926 5780 quam
961 5703 1160 5782 legitur
1186 5715 1241 5767 in
1267 5703 1535 5786 Vulgatis,
1555 5703 1854 5772 reverentitiz
1871 5718 2040 5786 fasti-

472 5792 553 5828 us.

472 5792 553 5830 us.

2152 3249 2243 3287 eos
2273 3231 2366 3303 qui
2399 3229 2466 3285 ad
2498 3227 2770 3283 vincenda
2793 3227 2983 3282 nmudi
3016 3227 3180 3299 hujus
3208 3227 3480 3282 desideria
3497 3236 3549 3282 et
3570 3227 3777 3298 emptis

2153 3321 2489 3377 sublimibus
2503 3329 2552 3374 et
2569 3336 2794 3374 consum
2807 3320 2965 3373 matis
2983 3319 3324 3390 profectibus
3343 3335 3475 3374 com-
3488 3318 3777 3374 alescunt?

2152 3409 2470 3482 Magnitudo
2527 3410 2708 3480 itaque
2752 3408 2867 3479 ejus
2925 3409 2980 3463 in
3013 3410 3362 3464 robustorum
3393 3425 3618 3464 suorum
3649 3408 3778 3463 vita

2155 3499 2428 3566 consistit,
2466 3499 2594 3570 quia
2619 3508 2746 3553 tunc
2777 3499 3074 3569 gloriosior
3103 3499 3375 3566 redditur,
3395 3515 3520 3554 cum
3553 3514 3653 3569 pro
3677 3497 3776 3554 de-

2155 3590 2402 3645 fensione
2431 3589 2683 3642 veritatis
2713 3588 2779 3642 ad
2813 3598 3043 3644 mortem
3077 3604 3246 3660 usque
3267 3589 3336 3644 ab
3367 3589 3557 3643 electis
3583 3586 3776 3642 illiusIl

2155 3678 2431 3736 constanti
2455 3678 2659 3733 virtute
2681 3688 2941 3734 certatur.
2963 3681 3297 3751 Arrogantes
3319 3678 3488 3750 igitur
3508 3677 3614 3732 viri
3637 3677 3774 3733 sub-

2156 3769 2337 3824 ductis
2365 3767 2430 3822 de
2463 3767 2565 3823 hoc
2597 3767 2804 3822 nmudo
2826 3767 3403 3838 apostolis,subductis
3432 3767 3501 3822 ad
3527 3782 3777 3838 superna

2157 3856 2513 3928 martyribus,
2564 3857 2694 3929 quia
2748 3858 2978 3913 fortasse
3015 3857 3290 3914 doctiores
3319 3853 3774 3929 valentioresq'ue

2157 3947 2476 4018 praepositos
2501 3949 2522 3982 9
2554 3946 2770 4002 abunde
2790 3947 2974 4002 deesse
3009 3948 3378 4020 conspiciunt,
3411 3947 3568 4020 quasi
3609 3949 3772 4004 solos

2157 4055 2212 4092 se
2256 4036 2579 4091 remansisse
2639 4037 2780 4090 intra
2844 4037 3145 4092 Ecclesiam
3177 4038 3548 4110 suspicantur.
3607 4037 3774 4094 Unde

2157 4125 2288 4180 dum
2321 4143 2376 4180 se
2409 4126 2726 4197 praeferunt,
2759 4126 2809 4180 ei
2844 4128 2999 4182 velut
3035 4130 3080 4161 ¹⁰
3109 4129 3461 4184 consulentes
3491 4125 3772 4196 illudunt,

2157 4215 2431 4270 dicentes:
2465 4217 2676 4286 Depone
2704 4216 3113 4285 magnitudinem
3141 4223 3285 4271 tuam
3312 4218 3506 4288 absque
3537 4218 3773 4274 tribula-

2159 4309 2315 4372 tione,
2347 4315 2394 4362 et
2419 4325 2592 4362 omnes
2621 4308 2859 4361 robustos
2881 4309 3214 4376 fortitudine.
3248 4309 3330 4366 Ac
3358 4309 3403 4364 si
3435 4309 3640 4380 apertis
3669 4325 3773 4364 ex-

2158 4397 2606 4469 probrationibus
2627 4397 2814 4453 dicant.
2835 4415 2846 4452 :
2867 4400 3221 4470 Nequaquam
3242 4408 3293 4454 te
3315 4398 3768 4470 magnitudinem

2158 4487 2356 4543 habere
2369 4487 2765 4563 conﬁdas,quia
2781 4487 3068 4543 subductis
3081 4488 3376 4559 prioribus,
3386 4487 3633 4560 patribus
3643 4487 3763 4560 jam

2155 4596 2264 4633 non
2298 4578 2465 4632 habes
2490 4578 2555 4632 de
2582 4595 2814 4650 quorum
2843 4579 2955 4634 vita
2977 4579 3228 4649 glorieris
3270 4579 3476 4634 Dicunt
3497 4578 3618 4634 haec
3640 4596 3765 4650 pro-

2153 4669 2318 4736 fecto,
2363 4670 2668 4724 nescientes
2708 4669 2838 4740 quia
2877 4668 3226 4739 omnipotens
3264 4671 3410 4724 Deus
3449 4669 3763 4726 Ecclesium

2151 4777 2300 4814 suam
2336 4759 2500 4829 digna
2531 4760 2650 4812 sine
2706 4759 3190 4814 administratione
3221 4777 3331 4814 non
3363 4759 3588 4816 deserit.
3623 4761 3761 4816 Nam

2150 4868 2274 4906 cum
2300 4850 2466 4904 fortes
2487 4849 2551 4903 ad
2586 4849 2871 4920 pt'amtittttl
2894 4860 3072 4917 vocat,
3095 4867 3285 4904 eorum
3309 4851 3429 4905 vice
3459 4850 3675 4906 debiles
3695 4849 3761 4906 ad

2150 4946 2447 5000 certamina
2471 4945 2708 5005 roborat;
2740 4962 2861 4998 cum
2889 4945 3012 4999 illos
3033 4945 3385 5016 suscipiendo
3417 4954 3760 5013 remunerat,

2151 5038 2269 5093 istis
2315 5036 2562 5093 laborum
2605 5038 2766 5103 vires,
2807 5053 2943 5108 quas
2981 5033 3314 5106 remaneret,
3345 5035 3758 5094 subministrat.

2224 5221 2244 5254 ⁵
2283 5219 2574 5274 Omittitur
2598 5220 2705 5286 ipse
2729 5217 2786 5272 in
2818 5219 3018 5273 Pratel.
3053 5228 3102 5274 et
3135 5219 3278 5275 Utic.

2226 5295 2246 5325 δ
2279 5293 2528 5361 Longip.,
2565 5299 2608 5344 et
2641 5292 2891 5343 bonorun
2925 5291 3102 5347 verba.

2225 5365 2242 5396 ⁷
2271 5363 2381 5418 ΑΙ..
2421 5365 2628 5418 tlit't’i‘t’t.

2228 5435 2246 5464 ⁵³
2279 5434 2458 5500 Coll»,
2500 5437 2827 5489 ineunt‘tmtli
2859 5438 3073 5492 virtute.

2224 5508 2244 5538 9
2278 5507 2486 5572 Baluz.,
2525 5517 2576 5562 et
2614 5509 2794 5575 (Iolb.,
2841 5510 3048 5561 abunde
3078 5528 3200 5576 esse,
3245 5510 3405 5576 male,
3441 5510 3545 5564 etsi
3578 5511 3758 5571 abun-

2151 5577 2211 5651 de
2241 5578 2618 5651 deesse_etiam
2665 5580 2760 5634 vix
2808 5579 2916 5634 dici
2951 5583 3157 5650 possit;
3206 5582 3282 5636 sic
3333 5590 3517 5636 tamen
3561 5583 3759 5651 legitur

2153 5649 2206 5702 in
2246 5651 2372 5703 Mss.
2415 5649 2635 5716 Pratel.,
2672 5652 2810 5707 lflic.
2845 5659 2897 5707 et
2939 5649 3084 5721 aliis,
3135 5670 3234 5709 nec
3264 5669 3374 5708 non
3409 5653 3462 5708 in
3496 5649 3756 5710 omnibus

2150 5721 2407 5776 Excusis.

2225 5794 2268 5825 ¹⁰
2286 5793 2494 5860 Baluz.,
2527 5797 2868 5852 consolantes.
