3920 6382
117 638 211 697 per
224 645 437 684 omnem
460 637 658 688 terram
672 636 852 704 (Psal.
872 643 1148 712 x1.1v,i7).
1170 646 1230 700 In
1250 647 1507 704 virtutem
1533 653 1734 725 quippe

120 718 480 789 antiquorum
514 727 819 793 patrum,hi
849 730 943 800 qui
972 735 1323 802 postmodum
1355 718 1566 809 praelati
1605 718 1734 798 sunt

118 804 649 883 subrogantur-,quia
670 822 859 872 etcum
877 833 1086 876 annosa
1106 823 1328 880 arbusta
1346 829 1729 901 succiduntur,

120 892 174 948 in
202 910 400 952 eorum
431 898 605 956 robur
631 909 818 960 tenera
848 907 1088 979 virgulta
1118 918 1603 973 succrescunt.Sed
1631 936 1731 975 ar—

115 994 370 1053 rogantes
401 987 510 1043 viri
541 992 924 1051 convalescere
954 1014 1065 1054 non
1102 1001 1334 1077 credunt
1382 1021 1521 1077 quos
1571 1008 1728 1064 inﬁr-

114 1087 230 1127 mos
283 1074 591 1147 aliquando
639 1092 965 1152 noverunt;
1008 1095 1061 1143 et
1109 1076 1449 1161 permutatos
1478 1098 1727 1153 venerari

108 1160 451 1233 despiciunt,
483 1182 621 1238 quos
649 1170 1011 1244 despicabiles
1038 1160 1207 1235 fuisse
1229 1182 1623 1241 meminerunt.

180 1247 327 1322 [Vet.
362 1255 521 1310 XXX
529 1256 613 1330 V.]
633 1260 795 1315 76.In
823 1264 1060 1321 Ecclesia
1084 1267 1223 1336 justi
1249 1272 1415 1327 multo
1444 1275 1725 1344 pauciores

104 1358 269 1411 quam
296 1343 493 1415 iniqui.
530 1349 755 1420 Superbi
776 1360 1021 1423 pastores
1047 1374 1165 1428 qua:
1186 1366 1369 1430 patres
1407 1380 1589 1418 eorum
1616 1383 1722 1421 mo-

102 1430 291 1487 riendo
321 1443 584 1506 severum,
618 1439 725 1495 haec
742 1445 1060 1501 exsultando
1087 1456 1390 1506 metunt.—
1419 1452 1560 1520 Quia
1589 1472 1721 1513 vero

104 1518 162 1574 in
191 1537 262 1576 ea
282 1520 556 1594 justiores
576 1544 798 1599 paucos,
830 1532 1054 1606 iniquos
1095 1546 1280 1595 autem
1314 1544 1722 1602 numerosiores

101 1610 411 1682 aspiciunt,
439 1614 586 1672 sicut
611 1624 666 1673 et
690 1618 750 1675 in
778 1620 979 1677 tritura
994 1623 1218 1698 frugum
1247 1627 1426 1701 major
1454 1639 1535 1687 est
1563 1634 1721 1689 mul-

102 1698 292 1756 titudo
313 1702 617 1776 palearum,
635 1708 798 1765 etiam
816 1709 1096 1782 justorum
1119 1717 1289 1774 vitam
1311 1698 1381 1775 ex
1396 1720 1717 1795 iniquorum

99 1789 476 1850 aestimatione
505 1804 887 1859 contemnunt.
909 1802 1114 1862 Vident
1131 1808 1378 1878 profecto
1403 1789 1551 1884 qudd
1573 1830 1710 1870 non-

98 1877 245 1933 nulli
298 1889 543 1940 rectores
574 1886 748 1958 illius,
807 1894 1098 1965 temporali
1134 1877 1436 1968 potestate-
1459 1901 1707 1972 subnixi,

96 1966 351 2039 ejusdem
380 1977 668 2045 potestatis
697 1979 934 2038 elatione
964 1966 1282 2056 pascuntur.
1316 1989 1523 2046 Vident
1563 1966 1709 2064 quod

96 2057 390 2130 religionis
418 2067 807 2137 reverentiam,
857 2087 1020 2144 quam
1066 2073 1199 2131 huic
1235 2077 1444 2133 mundo
1490 2084 1707 2151 patres‘

96 2149 394 2206 moriendo
450 2166 833 2227 servaverunt,
887 2159 947 2217 hi
993 2164 1325 2221 exsultando
1371 2166 1431 2222 in
1476 2170 1710 2227 terrenis

96 2237 320 2307 gaudiis
340 2249 565 2298 metunt
589 2263 602 2311 ;
625 2254 680 2301 et
698 2248 1049 2319 perpendunt
1076 2252 1299 2325 quidem
1330 2255 1459 2328 quia
1493 2258 1709 2316 robusti

94 2334 253 2395 sunt,
272 2328 373 2386 sed
393 2348 508 2388 non
537 2332 886 2395 fortitudine.
903 2340 1042 2395 Nam
1069 2341 1201 2397 dum
1232 2347 1520 2417 temporali
1545 2357 1710 2419 pote-

92 2424 232 2473 state
252 2417 594 2492 fulciuntur,
620 2425 775 2497 quasi
797 2428 1032 2499 quadam
1049 2429 1333 2489 debilitate
1355 2417 1703 2495 roborantur.

89 2504 313 2572 Quanto
343 2509 496 2566 enim
528 2513 773 2570 exterius
813 2516 983 2574 fortes
1022 2530 1173 2586 sunt,
1218 2529 1373 2580 tanto
1414 2541 1446 2581 a
1491 2528 1708 2585 cunctis

90 2596 449 2656 fortitudinis
478 2601 695 2661 viribus
724 2605 877 2663 intus
927 2608 1274 2670 inanescunt.
1303 2615 1373 2670 Et
1402 2614 1609 2673 idcirco
1637 2620 1705 2676 ab

88 2686 485 2760 arrogantibus
513 2692 563 2747 ei
594 2693 801 2751 dicitur
824 2715 836 2753 :
860 2697 1071 2770 Depone
1098 2701 1339 2759 robustos
1365 2703 1700 2775 fortitudine.

86 2778 170 2830 Ac
192 2776 241 2832 si
271 2788 465 2851 aperte
503 2780 756 2840 dicatur:
789 2785 877 2841 Illi
906 2786 1010 2842 tibi
1031 2789 1299 2846 veraciter
1330 2793 1350 2827 ²
1379 2793 1591 2851 robusti
1622 2797 1704 2852 in-

88 2862 390 2935 haeserant,
433 2869 530 2941 qui
561 2868 620 2924 in
650 2878 702 2926 te
733 2872 841 2929 hoc
871 2876 1019 2947 quod
1047 2876 1296 2936 docendo
1334 2881 1503 2939 locuti
1551 2894 1700 2955 sunt,

85 2954 340 3013 vivendo
372 2967 712 3029 tenuerunt;
738 2980 887 3020 nunc
906 2981 1036 3021 vero
1063 2965 1121 3021 hi
1152 2968 1246 3041 qui
1271 2970 1375 3026 tibi
1407 2974 1701 3043 praesident

80 3044 303 3103 visione
316 3046 530 3105 robusti
546 3058 827 3123 sunt,non
848 3053 1327 3132 fortitudine,quia
1350 3060 1700 3121 honorabiles

80 3135 314 3207 quidem
346 3153 405 3192 se
434 3147 711 3196 ostentare
727 3157 840 3197 non
862 3142 1143 3215 desinunt,
1162 3148 1257 3203 sed
1276 3159 1426 3208 tanto
1446 3154 1691 3211 imbecil-

82 3224 253 3282 liores
282 3235 340 3283 et
378 3230 912 3300 contemptibiliores
939 3245 1088 3305 sunt,
1121 3247 1328 3310 quanto
1356 3240 1585 3300 honoris
1601 3248 1688 3303 sui

77 3313 319 3386 gloriam
352 3316 562 3390 despici
590 3336 690 3392 pro
720 3323 950 3381 veritate
973 3327 1387 3397 pertimescunt.
1420 3333 1577 3401 Quod
1607 3354 1690 3393 ar-

76 3416 340 3477 rogantes
357 3407 580 3480 quidem
616 3409 682 3466 de
711 3412 987 3487 plerisque
1016 3419 1287 3476 veraciter
1304 3408 1572 3494 sentiunt,
1593 3427 1688 3484 sed

76 3512 143 3551 eo
176 3497 238 3552 in
284 3497 547 3555 elationis
582 3499 785 3559 vitium
833 3517 1121 3574 corruunt,
1180 3526 1288 3583 quo
1328 3529 1519 3571 omnes
1551 3533 1689 3589 quos

75 3603 315 3657 praeesse
357 3588 709 3662 conspiciunt
746 3595 883 3653 tales
917 3596 1274 3658 arbitrantur.
1328 3609 1474 3666 848
1502 3588 1689 3682 Neque

75 3684 230 3739 enim
249 3683 415 3741 debet
436 3687 805 3759 plurimorum
822 3694 1030 3751 malum
1053 3698 1275 3756 tendere
1294 3700 1351 3757 in
1374 3705 1686 3763 aestimatio-

76 3790 204 3829 nem
236 3779 726 3851 cunctorum,quia
742 3783 842 3837 etsi
864 3783 1043 3857 iniqui
1065 3796 1196 3844 sunt
1210 3807 1347 3863 quos
1361 3810 1686 3867 cognoscen-

76 3872 158 3919 tes
179 3864 238 3920 di
239 3864 523 3938 judicant,
546 3873 806 3928 nonnulli
828 3882 1009 3932 tamen
1029 3881 1204 3936 sancti
1225 3892 1353 3939 sunt
1374 3864 1511 3957 quos
1537 3888 1688 3960 igno-

74 3964 220 4011 rant.
271 3956 510 4013 Triturae
541 3959 743 4033 quippe
772 3970 990 4036 tempus
1020 3977 1120 4037 est,
1154 3970 1175 4004 ³
1218 3980 1271 4027 et
1309 3956 1492 4032 adhuc
1524 3956 1690 4050 grana

72 4045 178 4100 sub
210 4045 389 4118 paleis
439 4048 629 4107 latent.
675 4053 875 4111 Nullus
906 4072 1035 4129 ergo
1082 4075 1153 4115 ex
1194 4078 1321 4118 area
1349 4045 1564 4125 fructus
1594 4086 1687 4127 ex-

72 4135 445 4208 spectabitur,
472 4138 519 4195 si
545 4138 653 4198 hoc
680 4145 861 4200 solum
902 4146 961 4203 in
1004 4164 1067 4205 ea
1094 4166 1210 4207 esse
1238 4155 1504 4227 creditur,
1539 4164 1689 4234 quod

71 4225 371 4297 superﬁcie
400 4235 562 4286 tenus
602 4231 844 4291 videtur.
878 4236 1053 4308 Igitur
1081 4241 1211 4313 quia
1246 4259 1387 4316 quos
1428 4225 1686 4341 cernunt,

74 4314 395 4341 ,ΙΑΑηζ-ἷ--..ιι
455 4328 501 4341 ...ι
534 4319 585 4341 Σ..
622 4322 755 4341 ,ΑμεΑ
1090 4337 1100 4341 -
1348 4334 1385 4341 -.
1438 4337 1470 4341 --

72 4314 418 4387 despiciunt,
452 4328 506 4375 et
532 4319 591 4377 in
616 4322 975 4398 antiquorum
1014 4337 1233 4401 patrum
1261 4314 1561 4395 ordinibus
1589 4315 1691 4400 hos

71 4428 213 4485 quos
243 4423 455 4473 norunt
472 4417 759 4493 subrogari
775 4433 1290 4503 contemnunt,apte
1309 4433 1430 4507 subj
1438 4439 1684 4511 ungitur:

659 4510 889 4570 CAPUT
918 4516 1087 4575 XLII.

142 4593 321 4651 Vens.
380 4594 472 4652 20.
516 4628 585 4640 —
632 4600 711 4657 Ne
732 4605 1025 4673 protrahas
1057 4615 1277 4678 noctem,
1316 4620 1376 4670 ut
1401 4620 1687 4677 ascendant

64 4683 265 4754 populi
285 4700 392 4755 pro
420 4686 515 4742 eis.

143 4773 236 4830 77.
266 4775 395 4833 Nox
409 4777 662 4835 Ecclesiae
687 4788 782 4849 est,
799 4801 917 4840 cum
945 4787 1217 4846 doctorum
1246 4799 1295 4848 et
1317 4794 1543 4865 fortium
1572 4802 1689 4861 loca

69 4863 275 4920 indocti
294 4883 360 4921 ac
388 4868 581 4926 debiles
608 4872 859 4933 obtinent.
881 4909 954 4920 —
982 4880 1063 4936 Ac
1083 4882 1128 4937 si
1164 4863 1349 4956 aperte
1377 4901 1690 4963 arrogantes

68 4952 264 5011 dicant
294 4974 307 5011 :
344 4958 674 5031 Ignorantia;
701 4974 809 5023 tua;
836 4968 1172 5028 obscuritate
1197 4952 1316 5032 non
1363 4952 1531 5051 agas:
1543 4992 1605 5039 ut
1629 4985 1687 5041 in

68 5042 194 5102 loco
236 5044 472 5106 fortium
520 5055 977 5115 numerositatem
1024 5060 1284 5140 subroges
1311 5066 1684 5131 inﬁrmorum.

147 5227 771 5323 titafuronlqlibroic.
792 5237 1002 5323 aliiqpe
1021 5241 1235 5323 N9rm.,
1260 5245 1526 5323 Colbert.,
1549 5261 1680 5323 etc.,

71 5298 281 5396 quibus
312 5298 671 5396 consentiunt
718 5317 828 5396 v‘et;
866 5298 1684 5396 euitneééiitﬁiiifii

68 5370 262 5461 arrisit
284 5382 591 5461 seruet-unt,
620 5377 768 5461 haud
796 5382 976 5461 dubie
994 5370 1683 5461 propiéé'idiitiié'siiiﬂii

70 5442 458 5527 ter-iiusqverbi,
492 5442 692 5527 metunt
717 5471 740 5519 ;
770 5453 928 5527 cujus
962 5442 1678 5525 lécO‘V—indocfe-tw'I-‘uroii.

72 5511 282 5571 habent
305 5511 567 5575 metuunt.

140 5587 162 5622 ³
196 5587 469 5660 Yindoc.,
496 5593 708 5650 robusti
733 5596 1046 5658 inhcereant.

140 5660 161 5694 ³
194 5657 433 5731 Turon.,
453 5657 520 5719 ἐι
533 5665 580 5720 si
607 5668 780 5724 adhuc
801 5686 993 5731 grana.

74 5802 87 5855 ι
140 5731 448 5858 ⁴ιΕΙηοοὶα³
482 5734 730 5809 Pratell.,
760 5731 928 5812 Utic.,
976 5743 1239 5817 Vindoc.,
1284 5768 1446 5823 quam
1497 5770 1680 5811 consu-

92 5820 169 5857 θη(
188 5821 238 5858 0.

92 5820 238 5863 (ΝΜΟ.

365 5903 615 5960 ΡΑΤΒοι.
656 5908 906 5970 LXXVI.

1838 849 2022 899 torum
2052 854 2105 901 et
2134 848 2363 906 fortium
2392 852 2515 909 loca
2540 855 2750 915 indocti
2781 875 2843 917 ac
2880 861 3086 922 debiles
3114 870 3434 930 sortiantur.

1838 933 2033 1005 Populi
2066 954 2166 1009 pro
2202 941 2442 1000 robustis
2468 948 2772 1005 ascendunt
2801 955 3019 1026 quando
3047 956 3104 1013 hi
3127 961 3219 1033 qui
3250 963 3437 1021 vivere

1838 1022 2027 1096 inique
2056 1025 2368 1087 didiceth
2416 1044 2695 1105 pastorum
2736 1022 2855 1097 loca
2901 1022 3230 1118 percipiunt.
3278 1051 3437 1119 Quod

1835 1122 1980 1170 recte
1996 1116 2219 1190 quidem
2241 1119 2351 1178 dici
2367 1133 2576 1196 poterat
2591 1127 2637 1182 si
2656 1127 2945 1189 humiliter
2958 1116 3251 1196 diceretur.
3273 1116 3435 1199 Arro-

1834 1213 2021 1274 gantes
2059 1209 2230 1278 enim,
2279 1212 2444 1269 etiam
2492 1232 2617 1273 cum
2650 1217 2794 1277 bona
2820 1222 3140 1298 admonent,
3174 1233 3429 1304 supersti-

1833 1293 2003 1349 tionis
2024 1312 2136 1353 suaa
2157 1298 2357 1357 vitium
2381 1313 2657 1361 exercent.
2677 1308 2812 1366 Nam
2842 1313 2985 1383 plus,
3019 1317 3162 1375 sicut
3191 1293 3430 1396 et-supe-

1830 1381 1948 1438 rius
1966 1382 2178 1442 dictum
2217 1396 2316 1458 est,
2350 1391 2684 1466 increpando
2709 1381 2873 1456 ferire
2907 1381 3171 1476 appetunt
3203 1411 3224 1444 ⁴
3264 1381 3427 1483 quam

1831 1475 2167 1531 consolando
2200 1478 2465 1537 refovere.
2502 1483 2657 1541 Unde
2686 1504 2817 1544 mox
2846 1475 3202 1567 subjungitur
3227 1517 3238 1555 :

1902 1564 2071 1621 Vens.
2104 1567 2192 1623 2i.
2225 1600 2295 1611 —
2325 1571 2346 1604 ⁵
2398 1571 2477 1628 Nc
2506 1573 2729 1631 declines
2768 1580 2840 1634 ad
2870 1564 3246 1653 iniquitatem;
3294 1591 3429 1647 hanc

1826 1651 1964 1706 enim
1992 1655 2191 1726 cwpisti
2212 1659 2358 1729 sequi
2382 1667 2504 1731 post
2530 1665 2820 1724 miseriam.

1897 1742 2013 1800 Hoc
2030 1744 2274 1815 profecto
2294 1760 2609 1819 arrogantes
2622 1754 2881 1812 Ecclesiae
2904 1760 3181 1817 miseriam
3203 1776 3424 1836 vocant,

1742 1834 1790 1896 Β
1824 1829 1971 1902 quod
1992 1831 2302 1903 despectam
2332 1837 2446 1891 Deo
2467 1837 2586 1909 ejus
2605 1841 3021 1902 multitudinem
3051 1829 3419 1923 suspicantur;

1822 1925 1877 1973 et
1905 1934 1970 1974 eo
1999 1918 2151 1976 illam
2184 1922 2370 1979 altiori
2399 1926 2636 1983 elatione
2656 1940 3040 2006 contemnunt,
3079 1954 3188 2011 quo
3221 1949 3275 1997 et
3304 1942 3423 1999 des-

1821 2017 2035 2081 pectam
2061 2011 2175 2067 Deo
2206 2012 2459 2072 funditus
2480 2019 2848 2091 suspicantur.

1896 2100 1993 2157 His
2038 2101 2208 2173 igitur
2254 2104 2487 2178 ﬁgurata
2522 2112 2868 2182 expositione
2916 2122 3264 2190 transcursis,
3305 2122 3421 2195 jam

1821 2204 1969 2246 nunc
2000 2190 2284 2250 inferenda
2315 2206 2445 2255 sunt
2484 2214 2604 2271 quae
2654 2204 2937 2261 moraliter
2977 2210 3312 2281 sentiuntur,
3360 2223 3423 2270 ut

1820 2277 1994 2351 figura
2021 2282 2281 2341 Ecclesia:
2310 2286 2550 2359 cognita,
2571 2305 2735 2362 quam
2763 2310 3077 2367 expressam
3098 2277 3423 2371 generaliter

1819 2370 2115 2440 credimus,
2153 2374 2444 2433 audiamus
2462 2379 2626 2435 etiam
2644 2382 2777 2455 quid
2807 2400 2875 2440 ex
2906 2384 2994 2443 his
3022 2370 3207 2446 verbis
3236 2393 3292 2447 in
3310 2391 3421 2448 sin-

1819 2460 1963 2532 gulis
1990 2461 2307 2534 specialiter
2333 2464 2677 2539 colligamus.
2711 2471 2808 2528 Ait
2827 2473 3012 2549 itaque
3044 2495 3057 2533 :

2138 2551 2367 2611 CAPUT
2405 2556 2582 2614 XLIII
2626 2557 2766 2634 [γει.
2808 2564 3086 2643 XXXVI].

1889 2641 2021 2700 CAP.
2070 2660 2272 2715 xxxvr,
2306 2645 2477 2706 Vens.
2516 2649 2802 2711 18.—-N0n
2833 2661 2879 2711 te
2904 2674 3025 2730 ergo
3047 2641 3264 2733 superet
3308 2666 3414 2737 ira,

1816 2737 1875 2785 ut
1901 2733 2133 2803 aliquem
2161 2737 2453 2807 opprimas.

1887 2821 1973 2877 78.
2004 2822 2217 2879 Sensus
2245 2830 2649 2885 nonanis—In
2680 2830 2927 2901 facienda
2954 2841 3292 2909 correctione,
3320 2861 3416 2899 su-

1814 2909 1950 2964 besse
1971 2910 2114 2965 debet
2140 2912 2248 2980 ira,
2282 2931 2389 2969 non
2412 2933 2653 2986 praeesse.
2685 2951 2756 2962 —
2785 2923 2979 2981 Omnis
3008 2944 3104 2999 per
3132 2947 3291 3003 quem
3323 2949 3415 2989 ne-

1812 3016 1961 3057 cesse
1986 3010 2070 3058 est
2098 3002 2277 3059 aliena
2305 3004 2443 3060 vitia
2472 3008 2672 3081 corrigi
2695 3015 3048 3086 semetipsum
3070 3002 3225 3089 prius
3252 3023 3416 3082 debet

1811 3092 2040 3148 solerter
2073 3092 2301 3163 intueri,
2335 3110 2401 3150 ne
2422 3094 2553 3151 dum
2585 3097 2821 3156 aliorum
2865 3106 3055 3177 culpas
3099 3108 3410 3183 ulciscitur,

1718 3195 1763 3256 ο
1801 3195 1919 3255 ipse
1967 3183 2272 3241 ulciscendi
2326 3184 2512 3242 furore
2555 3200 2864 3260 superetur.
2901 3194 3232 3273 Plerumque
3262 3186 3409 3263 enim

1799 3291 2043 3340 mentem
2074 3277 2176 3335 sub
2207 3276 2437 3333 obtentu
2456 3276 2691 3349 justitize
2722 3282 2820 3339 ira;
2865 3285 3183 3349 immanitas
3211 3303 3410 3367 vastat,

1800 3382 1861 3429 et
1896 3371 2027 3428 dum
2059 3367 2218 3442 quasi
2241 3366 2404 3423 saevit
2432 3368 2549 3423 zelo
2583 3371 2958 3445 rectitudinis,
2984 3379 3195 3438 rabiem
3226 3366 3412 3457 explet

1799 3455 2021 3526 furoris,
2047 3458 2305 3531 justeque
2330 3471 2388 3513 se
2417 3456 2598 3514 facere
2624 3460 2885 3532 aestimat,
2915 3466 3188 3541 quidquid
3212 3455 3413 3533 ira—ne-

1798 3551 1891 3626 qui
1901 3560 1981 3607 ter
2002 3548 2194 3606 dictat.
2229 3546 2385 3603 Unde
2410 3554 2464 3602 et
2494 3547 2718 3604 modum
2742 3567 2882 3625 saepe
2902 3555 3207 3617 ulciscendi
3237 3571 3412 3624 trans-

1796 3639 2061 3712 greditur,
2083 3636 2214 3709 quia
2234 3652 2491 3692 mensura
2504 3635 2737 3707 justitiae
2754 3656 2865 3697 non
2887 3642 3231 3705 frenatur.Di
3238 3668 3408 3723 gnum

1796 3729 1998 3803 quippe
2029 3734 2110 3783 est
2133 3734 2198 3782 ut
2240 3742 2367 3783 cum
2421 3724 2601 3781 aliena
2650 3729 2981 3801 corrigimus
3026 3735 3181 3806 prius
3224 3751 3411 3800 nostra

1796 3817 2114 3885 metiamur,
2145 3822 2208 3871 ut
2224 3816 2378 3888 prius
2400 3830 2554 3872 mens
2582 3832 2614 3871 a
2640 3833 2739 3873 sua
2768 3822 3091 3881 accensione
3107 3826 3408 3902 deferveat,

1798 3908 1951 3980 prius
1986 3906 2134 3963 intra
2162 3903 2511 3976 semetipsam
2543 3904 2646 3960 zeli
2683 3907 2769 3962 sui
2808 3908 3075 3982 impetum
3107 3920 3409 3990 tranquilla

1801 3998 2057 4070 aequitate
2098 4000 2413 4065 componat,
2445 4009 2514 4048 ne
2543 3993 2589 4048 si
2619 3993 2689 4050 ad
2734 3998 3225 4063 animadvertenda
3265 4008 3405 4063 vitia

1798 4086 2031 4157 abrupto
2051 4083 2238 4139 furore
2263 4080 2558 4149 trahimur,
2580 4093 2863 4153 peccatum
2878 4088 3203 4162 corrigendo
3224 4111 3408 4168 pecce-

1798 4193 1940 4242 mus,
1971 4183 2025 4230 et
2053 4173 2147 4246 qui
2180 4172 2399 4243 culpam
2417 4169 2781 4242 dijudicando
2811 4176 3178 4253 insequimur,
3210 4185 3406 4245 immo-

1800 4268 1984 4325 derate
2005 4268 2026 4302 ⁶
2058 4262 2311 4322 feriendo
2326 4262 2613 4321 faciamus.
2634 4266 2761 4322 Non
2790 4277 2974 4326 autem
2990 4269 3107 4343 jam
3137 4279 3407 4337 correctio

1799 4355 2194 4429 delinquentis,
2225 4352 2321 4410 sed
2358 4352 2532 4425 magis
2562 4356 2843 4426 oppressio
2868 4361 3140 4433 sequitur,
3166 4365 3213 4422 si
3244 4367 3303 4424 in
3324 4369 3405 4425 ul-

1798 4447 1948 4503 tione
1974 4445 2057 4500 ira
2093 4443 2242 4500 ultra
2270 4458 2434 4516 quam
2470 4442 2632 4516 culpa
2678 4453 2920 4504 meretur
2961 4453 3301 4514 extenditur.
3341 4459 3404 4516 In

1711 4569 1762 4630 D
1798 4535 2153 4609 gorreptione
2177 4534 2381 4608 quippe
2401 4533 2663 4591 vitiorum
2682 4536 2902 4630 subesse
2918 4542 3091 4598 menti
3120 4543 3282 4604 debet
3301 4548 3406 4607 ira-

1789 4625 2016 4694 cundia,
2051 4640 2169 4681 non
2200 4638 2453 4696 praeesse,
2500 4630 2565 4679 ut
2594 4627 3003 4687 exsecutionem
3029 4630 3263 4703 justitia
3292 4654 3404 4696 non

1798 4714 2142 4772 dominando
2186 4713 2507 4786 praeveniat,
2538 4714 2634 4771 sed
2664 4714 2985 4777 famulando
3015 4722 3403 4799 subsequatur,

1800 4813 1854 4861 et
1884 4807 1904 4841 ⁷
1936 4812 2132 4861 notum
2152 4801 2427 4875 judicium
2451 4808 2595 4866 849
2622 4821 2866 4877 possessa
2883 4808 3129 4883 impleat,
3151 4830 3263 4872 non
3283 4833 3402 4890 pos-

1798 4900 1984 4957 sidens
2013 4909 2332 4973 praecurrat.
2366 4901 2512 4959 Bene
2546 4902 2733 4976 itaque
2762 4903 2970 4962 dicitur
3002 4925 3013 4962 :
3039 4899 3178 4965 “Non
3210 4917 3255 4966 te
3281 4929 3403 4984 ergo

1799 4991 2132 5062 superetira,
2163 4996 2225 5045 ut
2251 4992 2483 5062 aliquem
2512 4992 2806 5064 opprimas.
2841 4993 2983 5062 Quia
3012 4995 3273 5055 videlicet
3290 4999 3401 5056 siis

1797 5078 1893 5152 qui
1921 5079 2429 5151 corrigere‘nititur
2467 5081 2547 5139 ira
2578 5092 2884 5157 superatur,
2934 5084 3199 5155 opprimit
3237 5097 3401 5145 ante-

1866 5255 1889 5289 δ
1919 5255 2225 5341 Innrecent‘;
2244 5257 2393 5313 Edit.
2432 5258 2571 5341 Cave
2595 5276 2679 5341 ne,
2710 5258 2862 5341 abest
2894 5257 3032 5315 Cave
3061 5276 3093 5316 a
3124 5261 3253 5321 Mss.
3285 5264 3402 5323 Ba-

1795 5325 1928 5394 luz.‘,
1967 5325 2148 5394 Colb.,
2178 5328 2393 5397 Norm.,
2427 5347 2458 5386 a
2489 5340 2599 5387 vet.
2630 5325 2885 5387 Excusis.

1866 5398 1989 5486 GI‘ta
2044 5399 2345 5486 elegantius
2383 5400 2453 5481 in
2497 5402 2629 5486 ltiss.
2660 5401 2856 5486 μορε,
2900 5401 3112 5486 Βδῌιιβη
3164 5407 3397 5486 Tagen,

1792 5467 2056 5542 Υἱηίιίοα⁸2
2073 5467 2199 5542 uno
2228 5470 2474 5542 Ebroic.,
2497 5473 2724 5541 Pratel.,
2747 5467 2913 5542 Utic.,
2944 5483 3000 5531 et
3028 5467 3394 5542 in'vet.Edit:

1792 5539 1963 5635 Paris;
1993 5540 2133 5635 {Aliae
2162 5540 2390 5635 habent,
2419 5539 2981 5635 rerigido‘slevian'ips.
3296 5625 3307 5635 υ

1865 5614 1884 5646 ⁷
1914 5612 2101 5668 Baluz.
2132 5620 2187 5669 et
2214 5612 2439 5684 Pratel.,
2487 5622 2535 5671 et
2579 5623 2762 5673 notum
2780 5617 2977 5687 judicii
3020 5638 3258 5687 possessa
3284 5625 3398 5679 im-

1833 5684 1956 5810 lea_tl,
1989 5700 2100 5741 non
2126 5693 2450 5757 praecurrat.
2484 5688 2567 5745 Ita
2593 5684 2811 5762 quoque
2826 5698 2935 5748 vet.
2958 5684 3108 5750 Edit.
3142 5694 3313 5751 Paris.
3345 5705 3399 5751 et

1833 5761 1921 5810 tasr
1952 5799 1964 5810 .

1843 5771 1964 5811 8811.

3084 5938 3145 5993 l3
