3920 6378
459 330 600 388 ς395

493 471 654 529 quam
685 450 939 523 corrigat.
966 450 1103 506 Nam
1131 448 1263 505 dum
1306 449 1427 522 plus
1455 464 1619 522 quam
1651 447 1812 504 debet
1842 445 2098 503 accendi-
2128 449 2179 508 Α

495 554 608 612 tur,
641 541 743 598 sub
767 539 930 614 justte
961 539 1192 595 ultionis
1213 538 1441 596 obtentu
1469 539 1537 594 ad
1552 539 1952 594 immanitatem
1975 553 2097 592 cru-

495 631 740 688 delitatis
764 630 1081 686 etirenatur.
1115 628 1274 698 Quod
1297 630 1620 702 plerumque
1650 627 1857 684 idcirco
1887 624 2095 692 evenit,

489 723 618 796 quia
658 721 825 779 corda
853 727 1130 776 rectorum
1163 718 1348 775 minus
1375 716 1549 774 amori
1579 725 1707 772 sunt
1737 717 1908 772 solius
1938 732 2100 772 crea-

489 811 629 868 toris
655 811 886 867 intenta.
920 809 1056 865 Nam
1089 808 1222 864 dum
1255 807 1429 862 multa
1445 807 1501 862 in
1532 806 1635 862 hac
1649 806 1763 862 vita
1779 805 2093 878 appetunt,‘

491 901 798 958 innumeris
811 897 1242 972 cogitationibus
1257 897 1666 969 disperguntur;
1694 905 1748 952 et
1767 913 1893 952 cum
1915 894 2100 950 subito

491 992 840 1048 subditorum
871 988 1062 1061 culpas
1093 985 1562 1059 reperiunt,digne
1575 1002 1701 1042 cum
1719 987 1832 1041 Deo
1853 1000 1944 1038 eas
1952 981 2098 1055 judi-

495 1097 618 1139 care
667 1087 971 1154 nequeunt,
1025 1078 1154 1150 quia
1183 1076 1352 1133 corda
1380 1092 1477 1132 sua
1506 1075 1565 1130 in
1593 1075 1743 1131 curis
1770 1071 2104 1130 transitoriis

491 1188 676 1245 sparsa
696 1171 716 1205 ²
734 1168 802 1226 ad
824 1167 1192 1225 districtionis
1222 1165 1442 1222 culmen
1471 1165 1730 1236 colligere
1748 1171 1969 1235 repente
1991 1177 2101 1217 non

491 1247 740 1334 possunt.
774 1257 1055 1317 Commoti
1088 1273 1217 1328 ergo
1248 1263 1402 1311 tanto
1437 1254 1623 1310 minus
1668 1252 1736 1309 ad
1786 1250 2103 1308 ulciscenda

492 1357 717 1424 peccata
743 1349 944 1406 libram
966 1345 1242 1420 aequitatis
1263 1345 1579 1412 inveniunt,
1594 1351 1798 1417 quanto
1816 1360 1934 1398 eam
1957 1349 2102 1396 tran-

495 1440 788 1516 quillitatis
825 1456 937 1496 suae
993 1445 1241 1509 tempore
1274 1452 1386 1492 non
1430 1434 1744 1507 requirunt.
1777 1432 1930 1489 Unde
1975 1448 2100 1486 cum

495 1531 626 1588 Eliu
655 1529 897 1587 diceret:
931 1528 1054 1584 Non
1086 1534 1131 1582 te
1159 1533 1369 1600 superet
1398 1525 1506 1594 ira,
1556 1531 1614 1578 ut
1659 1525 1893 1596 aliquem
1923 1521 2103 1593 appri-

493 1638 631 1691 mas,
663 1629 935 1693 quatenus
963 1617 1179 1674 easdem
1210 1633 1402 1673 causas
1436 1612 1725 1686 injustitim
1745 1619 1799 1669 et
1819 1611 1916 1668 irae
1947 1626 2104 1681 supe-

498 1709 675 1768 rantis
703 1707 1059 1781 exprimeret,
1091 1705 1246 1762 illico
1273 1703 1530 1777 adjunxit
1555 1721 1567 1760 :

1048 1821 1278 1882 CAPUT
1308 1821 1507 1880 XLIV.

568 1941 707 2001 IBID.
737 1969 809 1986 -ι
835 1941 940 1999 Nec
971 1938 1252 1996 multitudo
1285 1939 1524 1996 locorum
1552 1933 1764 1990 inclinet
1794 1937 1857 1987 te.

568 2034 658 2090 79.
690 2035 783 2090 Ea:
802 2029 1060 2104 originali
1083 2035 1294 2104 peccato
1315 2028 1552 2099 inquieta
1581 2021 1810 2079 hominis
1840 2016 2106 2075 mutabili-

499 2129 580 2182 tas
609 2123 806 2180 oritur.
845 2122 977 2179 Cum
1007 2121 1265 2194 qualitate
1292 2134 1476 2174 rerum
1503 2131 1610 2170 non
1633 2110 1823 2185 possit,
1855 2108 2109 2164 varietate

498 2216 687 2271 saltem
715 2213 911 2286 quaerit
939 2211 1157 2268 satiari.
1189 2211 1338 2266 —In
1369 2215 1452 2264 tot
1483 2204 1686 2278 quippe
1717 2201 1852 2257 locis
1879 2198 2108 2256 inclina-

499 2321 626 2362 mur
658 2305 717 2360 in
747 2311 883 2379 quot
911 2299 1269 2376 supervacuis
1298 2296 1450 2355 curis
1464 2291 1838 2352 extendimur.
1871 2291 2006 2348 Nam
2038 2287 2108 2343 si-

497 2402 594 2450 cut
623 2393 778 2450 locus
805 2401 887 2450 est
915 2391 1161 2464 corporis
1177 2388 1417 2464 spatium
1439 2383 1744 2456 corporale,
1760 2381 1836 2438 ita
1857 2380 2010 2435 locus
2029 2384 2110 2433 est

503 2483 706 2540 mentis
749 2498 1093 2557 unaquaeque
1124 2478 1364 2536 intentio
1393 2472 1763 2549 cogitationis.
1796 2471 1927 2538 Quae
1975 2468 2108 2525 dum

499 2571 616 2630 huc
638 2572 881 2646 illucque
899 2569 1228 2643 impellitur,
1256 2567 1303 2624 si
1327 2565 1690 2624 delectatione
1707 2562 1894 2635 aliqua
1909 2559 2106 2631 cogita-

502 2659 676 2716 tionis
704 2676 817 2716 sum
845 2660 1088 2716 libenter
1103 2665 1424 2730 occupatur,
1449 2655 1602 2710 velut
1631 2653 1690 2708 in
1719 2649 1954 2725 quodam
1988 2649 2110 2703 loco

503 2751 734 2826 ponitur
761 2758 824 2808 ut
856 2748 1123 2822 quiescat.
1155 2748 1292 2804 Nam
1314 2745 1530 2819 quoties
1557 2743 1694 2798 victi
1723 2741 1890 2798 taedio
1911 2755 1942 2794 a
1967 2737 2110 2809 cogi-

504 2840 717 2898 tatione
747 2839 805 2897 in
826 2837 1220 2911 cogitationem
1261 2835 1540 2902 ducimur,
1571 2832 1726 2906 quasi
1758 2831 1899 2886 fessa
1929 2834 2110 2884 mente

503 2933 570 2989 de
609 2931 732 2989 loco
761 2930 829 2988 ad
857 2931 1040 2986 locum
1066 2927 1383 2999 migramus.
1410 2924 1512 2980 Tot
1542 2923 1725 2994 itaque
1743 2920 1862 2976 loca
1891 2919 2112 2975 culmen

506 3021 706 3078 mentis
722 3019 1016 3088 inclinant,
1037 3025 1170 3092 quot
1190 3015 1430 3072 subortw
1451 3011 1812 3084 cogitationes
1839 3006 2110 3064 unitatem

504 3114 662 3170 bonae
694 3109 1022 3168 intentidnis
1053 3109 1346 3180 dissipant.
1381 3106 1546 3162 Recta
1569 3103 1775 3158 etenim
1808 3115 1964 3155 mens
1991 3104 2114 3154 sta-

1705 318 1959 377 SANCTI
1997 317 2334 376 GREGORII
2373 316 2600 374 MAGNI

3712 312 3823 368 396

2283 447 2419 520 [Vet.
2453 444 2760 518 XXXVII]
2792 443 2882 500 80.
2939 443 3118 500 Sancti
3159 443 3477 498 adhaerendo
3509 444 3641 511 Deo,
3694 443 3823 498 huic

2207 538 2468 591 anxietati
2500 537 2787 590 medentur.
2818 565 2889 576 --
2920 537 2940 569 ³
2981 534 3167 589 Sancti
3197 539 3382 588 autem
3419 533 3527 588 viri
3561 549 3732 588 causa
3763 549 3820 588 se

2208 628 2589 684 observatione
2615 627 2956 692 custodiunt,
2991 642 3058 680 ne
3089 623 3157 679 ab
3188 623 3494 680 intentione
3515 640 3614 679 sua
3639 631 3821 679 muta-

2209 717 2397 775 biliter
2423 717 2819 783 dissolvantur,
2851 725 2905 770 et
2934 715 3064 788 quia
3094 713 3238 768 idem
3275 729 3391 768 esse
3421 720 3714 786 appetunt,
3752 712 3820 768 ad

2209 808 2594 880 cogitationem
2628 823 2734 878 qua
2760 807 2931 860 Deum
2965 803 3208 875 diligunt
3238 820 3293 858 se
3324 804 3556 858 solerter
3602 803 3825 858 astrin-

2212 906 2364 969 gunt.
2398 897 2459 953 In
2480 896 2944 968 contemplatione
2992 909 3226 966 namque
3258 894 3522 950 creatoris
3574 892 3686 948 hoc
3734 909 3821 949 ac-

2211 987 2419 1060 cepturi
2453 993 2600 1053 sunt,
2631 993 2692 1042 ut
2722 1002 2830 1041 una
2868 1000 3083 1056 semper
3110 983 3312 1039 mentis
3360 982 3670 1039 stabilitate
3702 999 3821 1054 per-

2213 1080 2487 1134 fruantur.
2523 1081 2667 1139 850
2695 1077 2858 1132 Nulla
2887 1092 2980 1132 eos
3008 1083 3141 1131 tunc
3175 1073 3515 1129 mutabilitas
3562 1072 3819 1146 dissipat,

2213 1175 2342 1247 quia
2371 1175 2582 1232 scilicet
2606 1191 2796 1230 eorum
2828 1171 3088 1244 cogitatio
3116 1169 3449 1242 sibimetipsi
3481 1186 3702 1242 semper
3744 1169 3822 1225 in-

2213 1265 2506 1320 dissimilis
2536 1272 2866 1336 perseverat.
2891 1261 3006 1318 Hoc
3035 1277 3169 1330 ergo
3185 1275 3310 1315 cum
3341 1257 3532 1314 labore
3558 1275 3717 1314 nunc
3737 1276 3821 1315 co-

2213 1367 2406 1414 nantes
2439 1357 2750 1424 imitantur,
2794 1354 2941 1428 quod
2989 1360 3111 1424 post
3161 1353 3217 1406 in
3266 1366 3492 1406 munere
3523 1348 3825 1422 gaudentes

2215 1448 2624 1519 accipiunt.Cui
2641 1464 2696 1502 se
2709 1443 2978 1516 Propheta
2993 1440 3434 1498 immutabilitati
3449 1440 3658 1496 virtute
3677 1457 3823 1496 amo-

2217 1539 2290 1593 ris
2319 1539 2668 1605 astrinxerat,
2702 1552 2826 1593 cum
2849 1533 3067 1590 dicebat
3105 1549 3116 1588 :
3150 1533 3318 1589 Unam
3343 1530 3474 1602 petii
3503 1547 3537 1584 a
3566 1529 3823 1595 Domino,

2215 1633 2349 1688 hanc
2378 1633 2668 1704 requirrm,
2699 1637 2760 1686 ut
2790 1629 3069 1685 inhabiteni
3100 1627 3152 1681 in
3184 1627 3336 1680 domo
3373 1623 3595 1680 Domini
3644 1621 3820 1694 (Psal.

2215 1746 2372 1797 XXVI,
2405 1728 2486 1801 4).
2535 1727 2678 1784 Huic
2703 1726 2906 1783 Paulus
2937 1723 3136 1780 unitati
3168 1720 3475 1776 intentione
3495 1718 3824 1786 adhaeserat,

2138 1818 2184 1876 B
2213 1817 2404 1874 (licens
2433 1835 2444 1874 :
2483 1819 2653 1874 Unum
2683 1822 2880 1882 autem,
2912 1831 3028 1886 qtae
3059 1819 3199 1868 retro
3230 1815 3356 1865 sunt
3395 1809 3613 1874 oblitus,
3645 1808 3720 1864 ad
3767 1828 3822 1863 en

2215 1925 2332 1980 qua:
2358 1913 2480 1963 ante
2507 1913 2630 1962 sunt
2655 1912 2916 1970 extentus,
2949 1921 3139 1975 sequor
3167 1901 3236 1957 ad
3261 1902 3498 1972 palmam
3529 1917 3778 1971 superne?
3813 1902 3823 1932 "

2217 1999 2506 2055 vocationis
2535 2000 2633 2055 Dei
2666 2000 2719 2053 in
2755 1999 2966 2054 Christo
3001 1995 3224 2067 (Philip.
3260 2011 3344 2062 In,
3378 1994 3465 2062 13,
3489 1993 3599 2064 14).
3623 1993 3763 2048 Nam
3783 1993 3822 2047 si

2219 2091 2353 2164 quid
2395 2091 2452 2147 in
2490 2107 2679 2146 eorum
2725 2087 2888 2146 corde
2933 2087 3256 2143 humanitus
3285 2084 3511 2152 difﬂuit,
3549 2100 3684 2140 mox
3719 2083 3824 2138 hoc

2219 2181 2490 2239 discussio
2520 2197 2711 2238 severa
2741 2179 3026 2250 restringit
3052 2195 3064 2244 ;
3102 2185 3155 2233 et
3181 2191 3306 2232 cum
3340 2173 3496 2247 quasi
3537 2171 3828 2244 pueriliter

2219 2272 2481 2344 cogitatio
2511 2271 2738 2336 labitur,
2763 2268 3003 2340 juvenili
3036 2284 3166 2322 mox
3207 2263 3541 2322 coercitione
3589 2262 3827 2318 refrena-

2217 2372 2328 2418 tur.
2364 2361 2520 2417 Unde
2549 2361 2612 2416 ﬁt
2628 2369 2687 2416 ut
2705 2376 2945 2432 sparsam
2966 2367 3204 2413 mentem
3238 2355 3508 2412 continuo
3537 2353 3828 2424 colligant,

2219 2462 2273 2511 et
2303 2454 2358 2508 in
2381 2469 2492 2508 una
2509 2459 2775 2524 quantum
2803 2450 3102 2523 praevalent
3118 2446 3452 2520 cogitatione
3469 2451 3827 2516 componant.

2219 2543 2360 2611 Quia
2391 2543 2564 2614 igitur
2593 2549 2766 2597 status
2797 2541 2997 2596 mentis
3027 2537 3426 2608 cogitationum
3459 2533 3830 2591 mutabilitate

2219 2641 2501 2700 curvatur,
2534 2637 2681 2686 recte
2710 2629 2777 2686 ab
2807 2630 2937 2686 Elin
2967 2627 3175 2685 dicitur
3203 2644 3213 2682 :
3239 2626 3345 2684 Nec
3373 2624 3662 2682 multitudo
3697 2625 3829 2680 loro-

2223 2739 2340 2777 rum
2365 2722 2577 2777 inclinet
2607 2727 2670 2776 te.

2293 2813 2380 2868 81.
2415 2813 2523 2868 Deo
2556 2811 2627 2866 ita
2661 2809 2968 2866 vacantibus
2994 2806 3222 2864 carenda
3255 2801 3434 2862 elatio.
3467 2801 3660 2862 —Sed
3691 2823 3828 2878 saepe

2222 2901 2353 2958 dum
2385 2902 2493 2957 viri
2519 2900 2656 2974 justi
2689 2901 2912 2956 animus
2942 2900 3000 2954 in
3028 2899 3145 2970 ipsa
3175 2895 3514 2952 intentionis
3553 2913 3666 2950 sua:
3708 2910 3828 2951 arce

2221 2991 2500 3057 consistit,
2531 2991 2664 3047 dum
2696 2989 2764 3045 ab
2808 2989 2962 3045 omni
3008 2986 3401 3043 mutabilitatis
3442 3001 3499 3041 se
3547 2984 3828 3056 sparsione

2222 3083 2454 3152 colligit,
2488 3080 2620 3137 dum
2653 3079 2922 3154 quidquid
2956 3079 3012 3134 in
3043 3094 3098 3134 se
3131 3075 3405 3150 superﬂue
3433 3074 3690 3131 oboritur
3711 3089 3828 3146 pre-

504 3211 607 3271 ret,
621 3201 668 3258 si
689 3202 790 3258 uni
809 3201 902 3257 cui
919 3199 1184 3255 debuerat
1212 3192 1536 3266 cogitationi
1555 3207 1770 3264 semper
1794 3188 2106 3244 inhaereret.

2226 3171 2326 3226 mit
2358 3188 2370 3237 ;
2407 3169 2523 3242 ipsa
2548 3185 2660 3225 suze
2693 3166 3041 3224 rectitudinis
3067 3165 3241 3238 gloria
3269 3163 3533 3236 tangitur,
3565 3169 3618 3218 et
3647 3163 3704 3218 in
3731 3170 3833 3218 tu-

505 3297 672 3351 Recta
697 3307 854 3348 mens
881 3295 1073 3354 staret,
1095 3287 1144 3342 si
1166 3302 1277 3341 non
1295 3300 1352 3340 se
1367 3283 1676 3339 innumeris
1706 3279 1947 3336 motibus
1961 3278 2114 3334 ﬂuxa

508 3380 880 3437 mutabilitate
922 3381 1310 3450 prosterneret.
1367 3373 1472 3429 Sed
1505 3371 1639 3427 dum
1669 3385 1819 3426 nunc
1848 3369 1952 3424 ista
1979 3383 2113 3440 per-

508 3477 726 3540 tractat,
756 3485 907 3526 nunc
935 3466 1005 3524 ad
1047 3465 1156 3523 alia
1201 3463 1491 3530 dilabitur,
1534 3459 1690 3534 quasi
1740 3474 1836 3531 per
1865 3459 2112 3514 locorum

513 3557 927 3616 multitudinem
958 3575 989 3613 a
1018 3563 1165 3613 statu
1193 3571 1304 3612 suae
1323 3549 1684 3609 rectitudinis
1713 3547 2033 3614 inclinatur;
2061 3553 2116 3602 et

510 3651 642 3708 dum
671 3667 768 3726 per
795 3650 954 3725 plura
975 3665 1032 3706 se
1072 3647 1270 3716 tendit,
1299 3644 1368 3702 ab
1399 3660 1531 3712 una,
1563 3641 1654 3700 cui
1693 3639 1974 3696 adhaerere
2015 3637 2110 3694 de-

509 3741 653 3810 buit,
681 3740 988 3798 intentione
1015 3757 1072 3796 se
1105 3737 1315 3810 dejicit.
1351 3735 1458 3804 Qui
1489 3743 1672 3792 tamen
1726 3729 2116 3787 mutabilitatis

512 3847 644 3889 usus
659 3848 728 3888 ex
757 3831 950 3906 primae
976 3825 1452 3904 praevaricationis
1472 3823 1612 3881 vitio
1623 3821 1738 3896 jam
1761 3821 1916 3895 quasi
1938 3821 1997 3876 in
2023 3835 2116 3874 na-

511 3931 692 3980 turam
749 3923 922 3979 venit.
965 3923 1103 3980 Nam
1151 3937 1277 3980 cum
1309 3926 1452 3976 stare
1481 3915 1700 3973 animus
1730 3913 1788 3969 in
1820 3911 2116 3982 semetipso

510 4015 731 4084 nititur,
763 4029 794 4068 a
827 4012 1119 4085 semetipso
1167 4011 1358 4082 aliquo
1389 4006 1556 4064 modo
1603 4005 1769 4062 etiam
1822 3999 2117 4058 nesciendo

511 4105 813 4164 derivatur.
845 4103 1098 4159 Humana
1126 4115 1364 4174 namque
1395 4097 1583 4154 anima
1607 4096 1675 4152 ab
1704 4106 2033 4166 unaquaque
2059 4105 2117 4144 re

511 4197 600 4254 cui
630 4194 944 4252 intenditur
989 4191 1215 4248 fastidio
1258 4189 1578 4260 impellente
1622 4191 1962 4242 removetur.
2012 4181 2123 4238 Sed

513 4287 644 4343 dum
673 4284 956 4341 inhianter
971 4279 1264 4351 cogitanda
1298 4276 1528 4348 appetit,
1557 4283 1612 4332 et
1634 4283 1857 4346 repente
1883 4272 2119 4344 cogitata

513 4374 746 4441 fastidit,
779 4371 941 4428 docet
957 4367 1106 4441 quod
1121 4365 1346 4422 aliunde
1364 4363 1586 4437 pendet,
1610 4379 1730 4436 quae
1759 4360 2007 4432 quolibet
2026 4375 2117 4430 po-

515 4465 622 4520 sita
649 4478 764 4518 non
804 4457 1122 4532 requiescit.
1151 4453 1239 4511 Ad
1269 4454 1429 4510 illum
1459 4453 1662 4528 quippe
1688 4467 1948 4524 suspensa
1978 4457 2059 4506 est
2087 4467 2118 4506 a

2222 3276 2372 3316 more
2401 3259 2637 3334 propriae
2668 3257 3114 3331 praesumptionis
3133 3256 3402 3312 elevatur.
3421 3253 3526 3322 Qui
3548 3253 3699 3308 enim
3721 3269 3836 3308 ma-

2223 3367 2327 3422 gna
2355 3350 2486 3420 agit,
2519 3349 2773 3424 quamvis
2801 3348 2868 3404 de
2897 3364 2952 3403 se
2983 3347 3223 3402 humilia
3243 3345 3464 3413 sentiat,
3495 3345 3600 3401 scit
3646 3351 3830 3400 tamen

2223 3457 2420 3512 magna
2442 3456 2558 3496 esse
2583 3455 2703 3511 quas
2746 3439 2878 3512 agit.
2923 3437 3059 3494 Nam
3089 3437 3136 3492 si
3167 3451 3364 3507 magna
3393 3449 3510 3491 esse
3537 3434 3736 3502 nescit,
3765 3449 3835 3490 ea

2224 3531 2418 3604 procul
2449 3529 2622 3586 dubio
2646 3529 2876 3585 minime
2907 3525 3171 3585 custodit.
3205 3526 3336 3594 Quae
3367 3523 3503 3580 dum
3543 3522 3834 3581 custodire

2226 3620 2473 3693 negligit,
2501 3626 2596 3676 aut
2626 3620 2682 3675 in
2713 3619 2792 3676 eis
2826 3618 3012 3674 minus
3060 3615 3302 3690 proﬁcit,
3345 3621 3441 3670 aut
3479 3629 3544 3670 ea
3579 3612 3835 3670 funditus

2225 3712 2452 3768 amittit.
2491 3713 2634 3768 Dum
2667 3728 2795 3784 ergo
2835 3709 2981 3766 bona
3024 3715 3211 3764 nostra
3249 3721 3411 3779 opera
3439 3707 3582 3766 scire
3613 3720 3834 3762 necesse

2226 3814 2307 3864 est
2329 3811 2390 3860 ut
2423 3803 2821 3870 custodiamus,
2855 3816 2925 3856 ex
2956 3800 3073 3873 ipsa
3093 3814 3285 3855 eorum
3316 3795 3547 3854 scientia
3575 3796 3834 3853 elationis

2226 3896 2408 3952 aditus
2439 3893 2718 3966 panditur,
2753 3900 2808 3948 et
2845 3889 2912 3947 ad
2942 3888 3220 3964 operantis
3269 3903 3367 3945 cor
3410 3887 3587 3960 culpae
3633 3903 3834 3943 manus

2227 3985 2559 4053 admittitur,
2597 4000 2705 4058 qua
2729 3990 2982 4038 vastante
3011 3979 3316 4053 rapiantur.
3351 3977 3490 4033 Mira
3531 3983 3719 4034 autem
3758 3977 3834 4032 di-

2227 4076 2582 4149 spensatione
2611 4075 2810 4146 agitur,
2843 4081 2905 4128 ut
2943 4069 3199 4128 conditor
3240 4078 3430 4126 noster
3481 4068 3832 4126 sublevatum

2229 4164 2504 4237 prosperis
2531 4162 2780 4218 animum
2811 4159 2998 4215 subita
3029 4156 3250 4214 concuti
3282 4156 3586 4212 tentatione
3605 4157 3834 4228 permit-

2228 4264 2326 4322 tat,
2345 4261 2618 4328 quatenus
2649 4254 2670 4288 ⁵
2703 4252 3058 4323 semetipsum
3090 4248 3146 4304 in
3177 4247 3505 4303 inﬁrmitate
3533 4246 3730 4302 verius
3761 4247 3832 4301 vi-

2227 4345 2372 4415 deat,
2403 4354 2458 4401 et
2486 4345 2554 4400 ab
2593 4361 2658 4400 eo
2688 4359 2852 4416 quem
2891 4340 2958 4396 de
2988 4338 3298 4396 virtutibus
3346 4343 3682 4410 sumpserat,
3723 4335 3832 4407 jam

2227 4436 2407 4508 seipso
2439 4434 2638 4490 melior
2665 4431 2922 4488 elationis
2949 4429 3095 4488 fastu
3111 4427 3426 4486 descendat.
3444 4426 3602 4484 Unde
3615 4435 3671 4484 et
3699 4427 3835 4484 bene

517 4569 626 4628 quo
655 4525 911 4608 formata.
943 4549 1016 4605 Et
1044 4547 1175 4620 quia
1202 4545 1270 4602 ad
1317 4525 1494 4602 Deum
1529 4525 1708 4600 solum
1751 4540 2117 4614 appetendum
2148 4559 2198 4618 Β
2226 4544 2376 4584 nunc
2409 4525 2702 4583 subditur:

517 4643 662 4701 facta
689 4647 793 4710 est,
820 4652 982 4696 omne
1011 4644 1194 4693 autem
1227 4635 1375 4710 quod
1406 4633 1551 4690 infra
1565 4633 1772 4706 appetit
1803 4631 1988 4688 minus
2013 4637 2116 4696 est,

513 4733 638 4807 jure
665 4731 715 4789 ei
744 4747 857 4788 non
879 4728 1084 4786 suﬂicit
1112 4725 1260 4801 quod
1285 4728 1433 4783 Deus
1452 4741 1565 4782 non
1595 4732 1695 4780 est.
1712 4723 1855 4780 Hinc
1871 4729 1952 4778 est
1970 4720 2118 4795 quod

517 4827 627 4884 huc
656 4825 899 4898 illucque
927 4821 1222 4896 spargitur,
1249 4827 1304 4876 et
1333 4819 1402 4876 ab
1433 4833 1761 4891 unaquaque
1785 4831 1864 4883 re,
1881 4821 1944 4870 ut
1973 4812 2117 4869 dixi-

517 4936 660 4987 mus,
709 4915 934 4972 fastidio
990 4912 1308 4986 impellente
1346 4915 1681 4966 removetur.
1725 4903 2150 4963 Delectationis.

515 5011 774 5078 videlicet
790 5009 973 5077 avida,
990 5005 1187 5080 quaerit
1213 5022 1322 5078 quo
1349 5010 1561 5077 pauset,
1594 5016 1766 5056 unum
1797 5016 1930 5054 vero
1954 5013 2116 5071 quem

516 5103 852 5161 sufﬁcienter
892 5099 1094 5157 habere
1141 5103 1356 5170 poterat
1383 5093 1590 5151 amisit.
1640 5089 1794 5148 Unde
1829 5107 1977 5148 nunc
2023 5105 2120 5162 per

520 5195 694 5250 multa
722 5191 967 5260 ducitur,
998 5197 1062 5246 ut
1092 5187 1223 5264 quia
1264 5185 1528 5262 qualitate
1565 5197 1750 5240 rerum
1776 5197 1888 5238 non
1919 5187 2116 5254 potest,

520 5283 711 5340 saltem
741 5281 1008 5340 varietate
1037 5278 1286 5337 satietur.

601 5465 612 5499 ¹
646 5462 871 5532 Pratel.,
903 5462 960 5518 in
988 5461 1301 5517 innumeris.

585 5537 606 5569 ³
635 5527 868 5602 ΒλΙιιΖ.,’
901 5533 1082 5602 Colb.,
1130 5533 1392 5602 Vindoc.,
1437 5533 1662 5600 Pratel.,
1701 5530 1844 5588 Utic.
1896 5535 1950 5602 et
1985 5527 2123 5602 alios

524 5607 740 5732 ἔργωὶὲ
771 5600 864 5688 hic
891 5600 1194 5680 sequimur,
1226 5621 1340 5662 non
1361 5600 1635 5674 Excuses,
1666 5603 1763 5660 ubi
1805 5601 2006 5672 legitur
2051 5600 2126 5654 ad

555 5695 696 5734 .iscre
723 5694 876 5734 tonis.

599 5751 620 5785 ³
639 5749 814 5820 Editi,
851 5751 1024 5807 sancti
1053 5757 1229 5806 autem
1252 5749 1360 5804 uiri
1387 5751 1516 5820 quia
1545 5756 1702 5804 cauta
1729 5765 1782 5803 se
1809 5744 2127 5820 observatio—

525 5839 588 5878 ne
627 5817 946 5882 custodiunt.
979 5820 1271 5883 Bedundat
1298 5817 1464 5893 quia;
1493 5821 1878 5892 omittiturque
1907 5819 1967 5878 in
1993 5817 2122 5876 Mss.

2815 4633 3043 4692 CAPUT
3082 4630 3255 4691 XLV.

2297 4726 2471 4784 Vens.
2508 4726 2592 4783 19.
2625 4755 2696 4768 -
2724 4724 2935 4797 Depone
2983 4721 3399 4794 magnitudinem
3445 4727 3591 4775 tuam
3647 4718 3833 4789 absque

2231 4818 2590 4882 tribulatione,
2621 4821 2668 4872 et
2695 4832 2870 4871 omnes
2903 4815 3142 4869 robustos
3165 4811 3505 4883 fortitudine.

2299 4909 2387 4965 82.
2416 4908 2494 4967 Ne
2523 4907 2584 4962 de
2613 4907 2760 4962 nobis
2784 4921 3194 4977 prresumamus,
3227 4903 3370 4959 Deus
3418 4901 3708 4956 tenta-tione
3743 4914 3831 4951 nos

2222 4999 2438 5072 pulsari
2452 4995 3040 5070 permittit—Robusti
3063 4993 3264 5068 quippe
3279 4999 3410 5048 sunt
3425 4997 3615 5047 motus
3633 4988 3828 5049 cordis,

2227 5106 2352 5145 cum
2409 5089 2564 5144 nulla
2614 5087 2723 5158 nisi
2771 5103 2891 5161 quae
2949 5083 3177 5141 virtutis
3233 5089 3364 5138 sunt
3406 5080 3681 5136 sentiunt.
3731 5074 3830 5133 Sed

2229 5178 2666 5252 magnitudinem
2695 5186 2750 5235 et
2780 5177 3034 5234 robustos
3051 5183 3234 5231 motus
3255 5166 3832 5245 deponimus,quando

2230 5272 2483 5344 pulsante
2512 5269 2652 5327 vitio
2679 5268 2929 5342 cogimur
2957 5282 3186 5342 pensare
3217 5262 3353 5338 quid
3395 5278 3612 5319 sumus.
3658 5257 3832 5316 Robu-

2231 5453 2453 5522 Pratel.,
2487 5453 2628 5512 Utic.
2671 5461 2725 5509 et
2759 5450 2904 5508 aliis.
2938 5451 3123 5508 Baluz.
3171 5454 3226 5504 et
3257 5446 3413 5504 Colb.
3461 5444 3680 5501 habent
3724 5458 3822 5495 ca-

2233 5535 2328 5633 sm‘
2343 5546 2556 5654 3133mm.
2588 5604 2637 5651 et
2669 5597 2836 5662 Utic.,
2861 5611 3100 5666 supera—te
3119 5590 3407 5648 vocationis
3431 5590 3658 5646 Christi.
3690 5586 3826 5644 Con-

2234 5671 2468 5725 veniunt
2495 5685 2620 5724 cum
2655 5668 2840 5722 Baluz.
2869 5676 2924 5722 et
2953 5666 3110 5724 Colb.

2308 5743 2330 5778 ⁶
2360 5743 2520 5798 Deest
2548 5740 2879 5812 semetipsum
2907 5739 2962 5794 in
2995 5736 3218 5794 Ebroic.
3259 5743 3313 5791 et
3340 5733 3468 5790 aliis
3495 5734 3688 5790 Norm.
