3920 6376
446 314 554 372 399

1661 308 1913 370 SANCTI
1950 310 2289 370 GREGORII
2326 310 2554 371 MAGNI

3660 306 3767 366 L00

447 440 727 516 profertur
754 436 997 494 invectio
1038 434 1289 494 districta
1335 435 1664 503 verborum;
1712 444 1767 494 et
1793 443 1920 493 ante
1949 453 2045 510 per
2084 442 2135 501 Α
2162 438 2312 496 tibus
2343 456 2413 497 ne
2442 439 2823 496 vulnerentur.
2846 439 2910 496 In
2940 435 3144 512 quibus
3173 437 3403 494 solerter
3429 434 3767 493 intuendum

447 528 778 588 sententiam
806 525 1138 598 percutitur,
1168 541 1333 600 quam
1363 526 1594 599 prodeat
1620 526 1768 601 quod
1798 525 2048 584 feriatur.

514 617 605 674 87.
647 618 966 673 Sanctorum
993 616 1238 673 discretio
1266 616 1325 671 in
1352 615 2053 688 corripienda—Quamvis

445 714 500 763 et
513 704 654 778 justi
675 705 785 762 viri
819 706 1146 778 plerumque
1174 703 1360 778 pravis
1379 711 1434 760 et
1452 705 1687 761 occultis
1706 704 2053 777 cogitationi-

445 796 550 853 bus
577 793 860 869 arguendo
889 794 1158 864 obviant;
1191 793 1287 853 sed
1314 811 1440 852 cum
1459 793 1675 851 easdem
1693 794 2053 867 cogitationes

446 886 632 960 aliqua
661 903 782 960 quae
811 892 1061 958 praeeunt
1088 900 1254 959 opera
1290 884 1692 952 demonstrant,
1729 885 2054 960 plerumque

445 981 515 1038 ab
542 979 862 1037 auditorum
892 994 1121 1037 suorum
1152 977 1414 1036 cordibus
1441 977 1659 1035 eavitia
1675 994 1798 1052 quae
1816 977 2052 1036 necdum

445 1071 661 1144 prolata
700 1077 832 1127 sunt
869 1085 1038 1126 manu
1087 1066 1457 1141 correptionis
1483 1067 1784 1136 eradicent,
1819 1067 1915 1126 sed
1936 1067 2053 1140 jam

445 1158 546 1216 illa
573 1157 835 1234 subsequi
866 1157 1221 1231 conspiciunt
1262 1173 1335 1214 ex
1377 1156 1502 1213 aliis
1546 1172 1670 1230 qua:
1715 1156 2050 1230 praecedunt.

445 1248 603 1305 Sicut
629 1247 781 1304 enim
813 1245 1128 1319 corporales
1157 1244 1363 1303 medici
1393 1245 1657 1319 quasdam
1699 1245 2055 1319 aegritudines

356 1345 363 1353 '
439 1334 557 1409 jam
595 1337 814 1395 venisse
844 1335 1201 1404 inveniunt,‘
1243 1333 1509 1410 quasdam
1542 1351 1676 1394 vero
1715 1352 1785 1393 ne
1828 1336 2055 1393 veniant

444 1426 756 1497 medentur,
787 1427 865 1483 ita
889 1425 1144 1484 doctores
1163 1426 1340 1485 sancti
1360 1424 1662 1500 aliquando
1686 1426 1916 1485 inventa
1937 1426 2054 1483 vul-

443 1536 575 1577 nera
591 1519 755 1576 saluti
778 1518 1099 1587 restituunt,
1122 1515 1426 1591 aliquando
1454 1532 1588 1574 vero
1606 1524 1776 1591 agunt
1803 1517 1861 1574 in
1889 1533 2057 1575 men-

2159 535 2263 598 est,
2293 528 2423 602 quia
2449 527 2595 587 sicut
2624 536 2776 586 certa
2801 529 3129 602 plerumque
3155 541 3286 585 cum
3322 525 3625 599 asperitate
3668 540 3771 582 re-

2161 618 2459 692 darguunt,
2482 621 2561 676 ita
2578 620 2806 678 incertis
2822 618 2977 675 vitiis
2996 626 3052 674 et
3066 632 3196 674 cum
3213 615 3621 689 tranquillitate
3638 630 3771 672 con-

2160 707 2462 781 tradicunt;
2486 717 2637 768 certa
2664 709 2924 766 ferientes
2952 708 3263 781 increpant,
3293 706 3505 763 incerta
3533 719 3773 778 prama-

2162 797 2378 856 nientes
2406 798 2676 856 devitant.
2711 798 2887 867 Quam
2920 797 3050 872 quia
3079 801 3398 869 arrogantes
3428 792 3539 850 viri
3563 791 3775 850 discre-

2160 888 2330 948 tionis
2404 891 2651 964 regulam
2712 889 2998 957 nesciunt,
3070 885 3472 944 sententiarum
3541 901 3773 942 suarum

2155 977 2358 1051 jacnlis
2398 980 2546 1038 sicut
2584 987 2736 1048 nota,
2788 979 2870 1036 sic
2915 977 3235 1050 incognita;
3280 974 3426 1034 sicut
3463 982 3641 1044 certa,
3685 974 3777 1033 sic

2162 1068 2329 1125 etiam
2359 1067 2570 1126 incerta
2593 1067 2899 1141 conﬁgunt.
2922 1065 3078 1125 Unde
3107 1081 3260 1124 nunc
3286 1064 3356 1123 ab
3382 1065 3514 1123 Eliu
3532 1064 3769 1123 dicitur:

2166 1158 2306 1216 Cave
2336 1176 2402 1216 ne
2446 1161 2670 1217 declines
2705 1162 2780 1218 ad
2824 1161 3196 1232 iniquitatem;
3241 1160 3376 1216 hanc
3403 1159 3543 1216 enim
3569 1158 3776 1232 cupisti

2162 1249 2309 1320 sequi
2321 1255 2446 1322 post
2471 1249 2764 1307 miseriam.
2796 1249 2939 1318 Quia
2962 1266 3095 1307 vero
3123 1265 3189 1307 ea
3206 1265 3329 1324 quae
3359 1249 3613 1306 subnexa
3640 1255 3776 1306 sunt

2164 1339 2402 1412 longiori
2445 1338 2775 1412 allegatione
2817 1338 3253 1412 protrahuntur,
3302 1339 3471 1397 istum
3514 1337 3773 1396 libellum

2163 1426 2272 1485 hoc
2311 1426 2422 1484 ﬁne
2458 1428 2911 1500 constringimus,
2971 1442 3042 1485 ne
3087 1426 3507 1487 immoderatius
3563 1433 3777 1484 exten-

2164 1517 2347 1576 datur.

516 1620 534 1654 ¹
568 1617 830 1688 Vindoc.,
897 1617 1099 1675 Pratel.
1159 1623 1215 1673 et
1266 1615 1401 1683 alii,
1449 1616 1769 1688 quibusdam
1823 1632 1946 1674 vero
1995 1634 2057 1672 ne
2083 1617 2316 1685 veniant,
2344 1617 2640 1676 medentur.
2676 1618 2858 1687 Colb.,
2892 1624 2953 1674 ut
2977 1634 3043 1674 ne
3069 1618 3284 1675 veniant
3318 1616 3618 1674 nudentur.

1222 1897 1563 1988 LIBER

1671 1896 2287 1986 VIGESIMUS
2390 1896 2981 1988 SEPTIMUS.

446 2055 797 2124 Duodecim
836 2055 1060 2143 ultimi
1082 2072 1314 2143 pensus
1340 2057 1573 2143 capitis
1596 2072 1791 2119 xxxv:
1842 2061 2296 2143 emponuntur,
2350 2072 2507 2143 cum
2536 2056 2836 2143 integro
2871 2059 3088 2143 capite
3133 2076 3381 2143 xxxvn,
3440 2061 3775 2143 ingeniose

695 2139 982 2220 quasitis
1010 2137 1101 2202 ad
1132 2135 1594 2211 astruendam,
1639 2143 1784 2200 tum
1812 2135 2214 2214 doctrinam,
2248 2141 2392 2198 tum
2415 2137 2669 2200 ethicen
2695 2135 3139 2201 christianum
3164 2142 3477 2205 sensibus.

959 2267 1190 2328 CAPUT
1236 2266 1532 2325 PRIMUM.

2081 2269 2129 2331 B
2159 2266 2309 2324 milis
2335 2267 2625 2342 conspicit,
2657 2277 2713 2326 et
2739 2255 2864 2326 eum
2894 2269 3276 2344 prophetando
3287 2272 3577 2348 praedicat,
3604 2292 3771 2351 quem

528 2367 675 2429 853
720 2362 771 2418 1.
793 2363 886 2418 Ea:
903 2360 1255 2432 superborum
1274 2357 1574 2415 rectedictis
1591 2356 1902 2416 sumendum
1914 2360 2058 2430 quod
2162 2356 2322 2414 elatis
2353 2356 2603 2416 moribus
2638 2359 2946 2433 impugnat,
2975 2359 3170 2419 dicens
3206 2381 3218 2419 :

442 2465 636 2537 prosit,
666 2461 1019 2535 respuendum
1038 2459 1181 2532 quod
1198 2457 1740 2532 noceat.—Quisquis
1759 2456 1826 2514 de
1842 2457 2055 2530 magnis

444 2552 611 2610 dictis
638 2551 1015 2624 arrogantium
1035 2565 1254 2608 sumere
1282 2550 1573 2607 scientiam
1601 2548 1822 2617 nititur,
1854 2547 2055 2621 provi-

445 2643 574 2699 dere
603 2641 834 2698 solerter
860 2640 1043 2710 debet,
1074 2656 1146 2697 ne
1173 2639 1283 2697 hoc
1309 2639 1458 2714 quod
1485 2654 1678 2696 eorum
1708 2638 1940 2723 scientia
1969 2638 2050 2693 al-

444 2737 565 2787 tum
586 2736 785 2798 tumet,
817 2729 1089 2800 imitetur,
1117 2730 1133 2765 ¹
1165 2745 1236 2786 ne
1263 2744 1391 2788 cum
1420 2730 1694 2787 virtutum
1723 2728 1910 2786 verbis
1938 2744 2052 2784 mo-

445 2836 571 2877 rum
599 2818 740 2875 vitia
767 2819 1010 2892 colligat,
1043 2825 1098 2876 et
1126 2818 1185 2875 in
1219 2835 1284 2876 eo
1311 2818 1460 2892 quod
1496 2818 1761 2892 loquendi
1792 2817 2049 2876 notitiam

445 2907 776 2981 assequitur,
809 2905 1038 2964 vivendi
1059 2923 1116 2964 se
1137 2908 1416 2981 imperitia
1432 2907 1736 2980 transﬁgat.
1770 2908 1884 2965 Hos
1900 2923 2052 2964 nam-

445 3018 550 3075 que
579 3017 706 3059 cum
736 3000 902 3057 fortia
930 3000 1112 3058 dicere
1141 2999 1420 3070 audimus,
1450 3000 1548 3058 sed
1574 3007 1761 3056 tamen
1790 2999 1859 3056 de
1885 2998 2053 3056 dictis

444 3091 681 3148 fortibus
711 3098 922 3147 tumere
943 3089 1338 3163 conspicimus,
1363 3090 1520 3165 quasi
1540 3089 1810 3147 doctrinae
1826 3087 2050 3144 hortum

443 3181 694 3255 ingressi,
741 3180 810 3236 de
852 3179 1035 3252 spinis
1080 3197 1232 3237 rosas
1270 3180 1615 3252 attingimus.
1648 3178 1896 3236 Discreta
1922 3192 2052 3249 ergo

441 3274 606 3330 nobis
622 3270 1003 3328 sollicitudine
1021 3285 1160 3342 opus
1189 3277 1289 3337 est,
1326 3276 1381 3324 et
1409 3284 1632 3342 carpere
1651 3267 1801 3342 quod
1818 3267 2049 3335 redolet,

442 3370 497 3418 et
525 3375 719 3418 cavere
748 3357 896 3432 quod
925 3359 1141 3432 pungit,
1174 3374 1243 3414 ne
1273 3358 1319 3414 si
1350 3357 1582 3414 fortasse
1611 3355 1923 3429 improvide
1937 3355 2052 3413 dic-

444 3461 629 3508 torum
660 3448 762 3506 ﬂos
791 3449 1011 3522 legitur,
1036 3449 1059 3484 ²
1089 3449 1314 3506 incauta
1340 3448 1575 3521 legentis
1604 3463 1802 3504 manus
1830 3465 2047 3505 morum

445 3539 606 3615 spina
632 3538 922 3596 laceretur.
956 3539 1088 3596 Eliu
1120 3537 1307 3612 itaque
1336 3535 1533 3596 doctus
1559 3545 1616 3595 et
1642 3553 1902 3610 arrogans
1927 3554 2051 3612 pro-

445 3630 553 3686 fert
579 3627 878 3703 aliquando
908 3627 1058 3703 quod
1084 3627 1350 3696 redoleat,
1380 3626 1681 3702 aliquando
1715 3627 1866 3703 quod
1896 3645 2051 3702 pun-
2083 3639 2128 3702 ο

445 3725 552 3792 gat.
585 3719 677 3776 Sic
701 3718 872 3792 igitur
896 3717 1227 3776 sumendum
1257 3724 1339 3774 est
1367 3717 1434 3774 de
1471 3717 1589 3790 ejus
1623 3717 1879 3776 doctrina
1907 3718 2055 3792 quod

444 3808 668 3880 fragrat,
699 3815 763 3863 ut
798 3813 983 3864 tamen
1011 3806 1248 3866 sollicite
1284 3805 1592 3865 cavendum
1629 3806 1704 3864 sit
1745 3805 2054 3864 deelatione

444 3897 593 3972 quod
622 3898 896 3956 vulnerat.
929 3898 1037 3967 Qui
1056 3897 1234 3956 multa
1251 3897 1476 3972 quidem
1497 3899 1752 3971 superius
1770 3897 2054 3954 moraliter

444 3988 656 4060 intulit,
679 3989 774 4047 sed
804 3989 863 4046 in
891 3988 1077 4046 verbis
1105 3988 1467 4063 sequentibus
1497 3986 1567 4045 ad
1597 3988 1714 4046 sola
1740 4005 1798 4046 se
1817 3986 2050 4062 prophe-

444 4080 536 4135 tiae
573 4094 774 4137 arcana
799 4079 1044 4136 sustulit.
1088 4079 1110 4116 ³
1138 4078 1255 4136 Ima
1281 4079 1431 4136 enim
1463 4077 1795 4135 moralitatis
1821 4074 2047 4145 deserit,

442 4176 497 4226 et
525 4166 595 4225 ad
623 4167 925 4242 prophetiae
953 4184 1176 4225 summa
1201 4166 1546 4225 conscendit.

511 4257 565 4316 2.
610 4257 834 4331 Superbi
870 4257 1068 4329 spiritu
1090 4256 1384 4328 prophetica
1426 4255 1722 4326 aliquando
1750 4255 1954 4328 repleti.
1980 4285 2053 4299 -

441 4344 554 4402 Nec
572 4345 887 4401 mirandum
909 4342 1058 4417 quod
1087 4343 1176 4398 vir
1205 4359 1465 4416 arrogans
1484 4343 1705 4415 impleri
1727 4342 2050 4417 prophetico

443 4435 646 4508 spiritu
672 4433 874 4506 potuit,
902 4447 1029 4488 cum
1060 4431 1190 4489 Saul
1219 4433 1386 4488 etiam
1417 4431 1476 4488 in
1505 4447 1741 4488 numero
1760 4433 2049 4506 propheta-

443 4541 568 4580 rum
602 4523 713 4578 fuit
757 4522 815 4594 (Ι
838 4523 964 4593 Reg.
998 4536 1057 4590 ι,
1089 4521 1169 4594 6).
1203 4521 1308 4578 Sed
1345 4520 1455 4578 hoc
1481 4520 1550 4578 de
1579 4521 1740 4578 Saule
1767 4539 1868 4580 cur
1896 4523 2050 4582 dici-

444 4628 592 4682 mus,
619 4627 744 4669 cum
774 4627 843 4668 ex
865 4611 1082 4668 visione
1102 4612 1282 4684 angeli
1312 4611 1585 4685 accepisse
1616 4612 1783 4670 verba
1812 4614 2046 4671 rationa-

443 4700 582 4757 hilia
606 4705 661 4755 et
688 4699 902 4756 asinam
928 4700 1252 4756 noverimus
1281 4701 1466 4774 (Num.
1499 4717 1642 4770 mi,
1675 4700 1804 4775 28)?
1839 4702 1947 4759 Sed
1974 4702 2042 4759 si.

442 4797 537 4850 cut
566 4787 884 4846 irrationale
911 4788 1117 4846 animal
1147 4788 1378 4847 rationis
1408 4790 1577 4847 verba
1613 4790 1810 4860 edidit,
1842 4807 1944 4848 nec
1969 4799 2044 4848 ta-

442 4895 570 4936 men
599 4878 670 4936 ad
696 4878 1158 4952 permutationem
1204 4886 1418 4936 naturae
1464 4879 1755 4937 rationalis
1790 4881 2043 4948 accessit,

443 4970 520 5071 ita
547 4984 692 5072 saepe
721 4968 957 5071 quilibet
992 4967 1254 5072 indignus
1279 4976 1470 5072 sancta
1496 4969 1667 5026 verba
1688 4970 2043 5072 per‘prophe-
2065 5010 2116 5072 Β

442 5061 532 5116 tim
560 5061 816 5134 spiritum
834 5058 1058 5132 accipit,
1083 5059 1179 5116 sed
1199 5070 1382 5116 tamen
1402 5059 1471 5116 ad
1484 5059 1905 5131 promerendam
1921 5078 2042 5118 san-

441 5151 646 5207 ctitatis
674 5151 902 5224 gloriam
931 5164 1045 5206 non
1070 5148 1355 5222 pertingit,
1390 5156 1453 5205 ut
1472 5156 1527 5205 et
1545 5166 1712 5223 supra
1733 5167 1790 5208 se
1819 5151 2045 5224 loquen-

441 5240 513 5295 do
541 5241 799 5309 emineat,
820 5248 876 5297 et
901 5239 1050 5297 infra
1068 5255 1125 5297 se
1145 5239 1233 5295 ViV
1245 5239 1391 5297 endo
1404 5244 1698 5313 torpescat.
1723 5241 1880 5298 Unde
1895 5257 2046 5300 nunc

442 5327 572 5385 Eliu
598 5327 978 5400 Redemptoris
993 5327 1167 5386 nostri
1183 5326 1482 5386 adventum
1502 5328 1772 5388 humilem
1799 5346 1914 5388 non
1942 5330 2044 5389 hu-

518 5475 535 5508 ¹
568 5474 740 5550 vetus
767 5471 918 5550 Edit:
948 5474 1140 5550 Bassi},
1173 5456 1676 5550 Gilot.,_.Gussanv.
1710 5485 1770 5550 et
1790 5477 1958 5550 plur.,
1978 5495 2044 5534 ne

443 5561 561 5618 cum
595 5545 853 5618 virtutum
879 5546 1026 5618 ﬂore.
1062 5545 1167 5618 Pro
1203 5548 1334 5617 flore
1361 5547 1585 5618 legitur,
1615 5545 1807 5618 verbis;
1835 5548 1897 5605 in
1925 5545 2041 5608 em-

443 5616 608 5672 nibus
634 5617 764 5673 Mss.
795 5616 1019 5684 nostris,
1049 5623 1105 5672 et
1133 5617 1191 5672 in
1222 5625 1332 5674 vet.
1356 5616 1510 5675 Edit.
1543 5620 1715 5678 Paris.

517 5688 538 5722 ³
567 5689 684 5758 Αι.,
711 5688 940 5761 incautis
960 5689 1264 5761 legentibus,
1292 5696 1357 5746 ut
1382 5697 1465 5747 est
1492 5690 1551 5747 in
1579 5691 1775 5761 Gilot.,
1798 5691 2038 5750 Gussan-

443 5758 567 5831 vil.,
614 5767 670 5819 et
710 5760 854 5835 plur.
890 5758 1045 5821 Edit.
1073 5759 1262 5818 Lectio
1302 5768 1492 5818 nostra
1517 5769 1599 5818 est
1635 5758 1768 5822 Mss;
1799 5764 2033 5836 Turon.,

2797 2447 3027 2507 CAPUT
3064 2452 3136 2510 ΙΙ.

2233 2534 2366 2595 CAP.
2410 2553 2610 2608 xxxvr,
2652 2536 2824 2596 Vnus.
2863 2538 2955 2597 22.
2985 2569 3058 2582 —
3088 2541 3223 2597 Ecce
3257 2541 3401 2598 Deus
3429 2545 3671 2601 excelsus
3714 2546 3774 2601 in

2160 2622 2478 2696 fortitudine
2514 2643 2637 2697 sua,
2666 2634 2716 2684 et
2741 2630 2926 2685 nullus
2962 2628 3012 2685 ei
3036 2629 3230 2687 similis
3264 2630 3325 2686 in
3354 2631 3770 2704 legislatoribus.

2231 2715 2285 2772 3.
2323 2717 2567 2775 Christus
2601 2718 2764 2776 simul
2791 2719 3008 2776 humilis
3036 2719 3095 2776 in
3121 2719 3433 2794 inﬁmitate
3458 2728 3507 2778 et
3532 2725 3775 2782 excelsus

2162 2803 2218 2860 in
2248 2803 2565 2875 fortitudine
2593 2815 2804 2865 cwteros
2845 2810 3169 2882 legislatores
3214 2811 3362 2883 longe
3395 2814 3682 2870 antecellit.
3702 2846 3774 2857 —

2160 2894 2242 2952 Ac
2269 2896 2314 2952 si
2346 2905 2530 2970 aperte
2559 2897 2740 2956 dicat:
2768 2898 2875 2968 Qui
2897 2899 3130 2958 humilis
3149 2899 3435 2958 videbitur
3452 2902 3511 2958 in
3533 2902 3772 2960 infirmi-

2160 2992 2290 3053 tate,
2322 2988 2572 3044 excelsus
2596 2995 2781 3045 manet
2808 2988 2867 3045 in
2895 2989 3244 3060 fortitudine,
3274 2991 3446 3048 Paulo
3474 2989 3586 3050 hoc
3602 2994 3770 3050 etiam

2160 3080 2470 3146 attestante,
2507 3077 2603 3150 qui
2633 3077 2742 3134 ait:
2779 3078 2918 3146 Quia
2938 3079 3051 3134 etsi
3077 3079 3369 3152 cruciﬁxus
3404 3086 3481 3135 est
3505 3098 3575 3136 ea:
3602 3081 3775 3154 infir-

2160 3164 2360 3230 mitate,
2392 3165 2480 3220 sed
2507 3166 2642 3221 vivit
2666 3183 2732 3222 ea:
2758 3166 2953 3223 virtute
2978 3168 3078 3225 Dei
3103 3169 3203 3239 (ΙΙ
3240 3167 3367 3226 Cor.
3408 3184 3534 3238 xm,
3574 3169 3663 3243 4).
3692 3172 3775 3228 De

2160 3270 2270 3328 quo
2300 3261 2448 3312 recte
2474 3253 2865 3328 subjungitur:
2897 3257 3097 3315 Nullus
3125 3263 3174 3314 et
3198 3258 3393 3316 similis
3418 3259 3477 3314 in
3506 3259 3775 3331 legislato.

2160 3345 2329 3400 ribus.
2359 3344 2664 3418 Legislator
2690 3345 2926 3420 Moyses,
2972 3347 3252 3421 legislator
3277 3348 3461 3418 Josue,
3494 3348 3777 3422 legislato-

2161 3450 2248 3513 res
2276 3433 2444 3491 etiam
2474 3433 2788 3507 prophetas;
2821 3436 3160 3510 legislatores
3185 3445 3416 3494 cunctos
3432 3435 3622 3496 dicere
3648 3454 3775 3512 pos-

2159 3540 2373 3592 sumus,
2421 3539 2560 3597 quos
2605 3539 2676 3581 ex
2729 3525 2848 3598 lege
2901 3525 3253 3584 admonuisse
3305 3535 3456 3585 recta
3499 3529 3775 3602 populum

2161 3613 2389 3670 scimus.
2422 3613 2530 3672 Sed
2556 3613 2692 3673 huic
2718 3615 3008 3673 Mediatori
3040 3616 3101 3673 in
3130 3617 3539 3690 legislatoribus
3565 3618 3779 3678 similis

2164 3703 2354 3761 nullus
2381 3713 2482 3774 est,
2507 3706 2638 3780 quia
2665 3704 2760 3763 isti
2789 3706 3029 3780 gratuito
3048 3707 3229 3764 vocati
3247 3722 3321 3764 ex
3338 3708 3579 3782 peccatis
3598 3708 3671 3766 ad
3688 3710 3779 3767 in-

2164 3793 2476 3851 nocentiam
2505 3793 2761 3866 redeunt,
2801 3793 2953 3852 etab
2982 3793 3073 3853 bis
3101 3810 3225 3870 qua;
3252 3797 3314 3854 in
3341 3798 3655 3871 semetipsis
3681 3812 3757 3857 ex

2161 3884 2304 3956 perti
2323 3892 2453 3942 sunt
2477 3884 2831 3957 praedicando
2850 3886 2991 3944 alios
3010 3885 3303 3945 reducunt.
3316 3887 3653 3963 Redemptor
3668 3905 3776 3947 au-

2164 3980 2272 4031 tem
2289 3981 2479 4032 noster
2490 3975 2659 4033 homo
2673 3975 2794 4033 sine
2814 3982 3036 4049 peccato
3055 3976 3315 4047 est,ﬁlius
3328 3977 3449 4036 sine
3464 3979 3776 4053 adoptione

2161 4078 2261 4120 nec
2280 4064 2620 4136 perpetravit
2644 4080 2888 4140 unquam
2904 4066 3054 4140 quod
3070 4065 3371 4141 redarguit,
3386 4075 3441 4126 et
3459 4069 3542 4127 sic
3557 4069 3775 4128 mundo

2160 4167 2229 4208 ex
2247 4151 2595 4210 humanitate
2614 4153 2887 4228 loquitur,
2909 4163 2973 4211 ut
2984 4161 3169 4213 tamw
3192 4161 3342 4220 854
3360 4156 3539 4214 eidem
3556 4155 3776 4215 mundo

2159 4257 2286 4307 ante
2313 4252 2500 4310 secula
2526 4268 2597 4309 ex
2625 4251 2921 4310 divinitate
2947 4253 3284 4311 dominetur.
3316 4252 3478 4311 Hunc
3495 4253 3775 4313 Mediato-

2159 4356 2274 4397 rem
2303 4342 2404 4398 Dei
2433 4351 2487 4400 et
2509 4341 2802 4401 hominum
2831 4344 3058 4418 quidam
3088 4343 3500 4418 legislatoribus
3522 4344 3773 4402 similem

2157 4430 2329 4487 fuisse
2381 4432 2756 4492 crediderunt.
2805 4436 2940 4492 Nam
2991 4434 3335 4508 requirenti:
3373 4435 3537 4502 Quem
3585 4433 3778 4490 dicunt

2156 4517 2388 4574 homines
2410 4536 2516 4576 esse
2533 4521 2736 4578 Filium
2761 4522 2988 4578 hominis
3000 4523 3028 4579 ἵ
3058 4521 3461 4596 respondeth
3478 4520 3771 4594 discipuli,

2154 4605 2437 4665 dicentes:
2475 4611 2597 4667 Alii
2635 4611 2894 4668 Joannem
2934 4611 3238 4683 Baptistam
3276 4611 3379 4668 alii
3417 4611 3624 4680 Elian,
3666 4610 3775 4667 alii

2153 4702 2459 4772 Jeremiam,
2497 4711 2594 4762 aut
2620 4722 2786 4764 unum
2829 4725 2897 4765 ex
2927 4707 3204 4782 pr0phetis
3237 4709 3460 4779 (Matth.
3491 4724 3612 4779 xvr,
3646 4708 3770 4781 13).

2155 4794 2177 4828 ⁴
2198 4793 2305 4851 Sed
2334 4794 2602 4854 nimirum
2619 4798 2782 4856 Petro
2802 4814 2967 4874 quam
2988 4800 3241 4858 excelsus
3264 4799 3323 4856 in
3338 4797 3670 4857 fortitudine
3688 4814 3771 4856 es-

2152 4892 2234 4941 set
2261 4886 2496 4959 aperuit,
2540 4903 2667 4944 cum
2697 4902 2823 4945 eum
2852 4889 3126 4948 veraciter
3153 4890 3398 4958 intuens,
3428 4907 3463 4946 a
3489 4889 3768 4962 legislato-

2151 4989 2275 5030 rum
2306 4977 2615 5050 aequalitate
2642 4978 2924 5050 discrevit,
2947 4980 3170 5038 dicens:
3203 4982 3282 5039 ﬁt
3310 4997 3363 5036 es
3395 4980 3647 5038 Christus
3677 4980 3767 5037 Fi-

2155 5065 2258 5122 lius
2284 5066 2385 5123 Dei
2408 5067 2514 5123 vivi
2534 5069 2729 5139 (Ibid.,
2755 5069 2868 5143 16).
2902 5070 3056 5129 Unde
3082 5079 3230 5129 recte
3251 5069 3321 5127 de
3339 5070 3441 5126 illo
3470 5085 3674 5143 sponsa
3706 5070 3767 5126 in

2153 5153 2397 5214 Cauneis
2424 5159 2766 5216 canticorum
2798 5159 2938 5217 dicit
2970 5177 2982 5216 :
3016 5161 3085 5218 In
3110 5162 3298 5218 lectulo
3324 5176 3436 5217 meo
3458 5175 3561 5232 per
3590 5166 3767 5216 noctes

2152 5246 2373 5316 quaesivi
2401 5263 2554 5318 quem
2581 5248 2758 5322 diligit
2772 5250 2956 5306 anima
2972 5267 3111 5318 mea,
3127 5251 3347 5323 quasivi
3373 5250 3557 5317 illum,
3585 5256 3636 5306 et
3658 5265 3767 5305 non

2151 5335 2329 5393 inveni
2357 5335 2542 5410 (Cant.
2574 5354 2659 5409 m,
2694 5338 2773 5413 1).
2811 5339 2887 5397 Et
2922 5341 3088 5414 paulo
3136 5349 3301 5415 post:
3331 5341 3664 5399 Invenerunt
3685 5356 3766 5397 me

2151 5479 2659 5560 gql.b.,__Lopgip.,_
2672 5483 2923 5560 Eb_roic.,
2962 5484 3313 5560 aliorumque
3337 5484 3531 5544 Norm.
3567 5494 3623 5544 et
3649 5492 3759 5542 vet.

2150 5551 2304 5610 Edit.
2336 5551 2512 5610 Paris:
2542 5551 2596 5610 et
2625 5555 2792 5612 Basil.

2220 5624 2538 5708 {Ifongipz
2580 5626 2748 5708 ad_se
2776 5646 2992 5708 arcana
3028 5629 3298 5696 sustollit;
3344 5628 3550 5703 legitur
3595 5628 3757 5688 etiam

2146 5696 2383 5753 sustollit
2410 5696 2476 5752 in
2497 5698 2698 5754 Pratel.
2735 5707 2790 5757 et
2818 5700 2965 5759 aliis.

2219 5768 2241 5804 ⁴
2280 5766 2708 5843 Corruptissime
2727 5771 2786 5830 in
2801 5771 2954 5832 Edit.
2978 5768 3527 5873 Gilot.,Gussanvill.
3551 5782 3608 5834 et
3627 5789 3759 5832 non-
