  <div class='ocr_page' id='page_1' title='image "/cluster/home/n/w/nwhite01/storage/ocr_20150623/76/umn.31951002477369g/208.png"; bbox 0 0 3920 6372; ppageno 0'>
   <div class='ocr_carea' id='block_1_1' title="bbox 117 413 206 473">
    <p class='ocr_par' dir='ltr' id='par_1_1' title="bbox 117 413 206 473">
     <span class='ocr_line' id='line_1_1' title="bbox 117 413 206 473; baseline 0.011 -1"><span class='ocrx_word' id='word_1_1' title='bbox 117 413 206 473; x_wconf 64' lang='grc'><strong>401</strong></span> 
     </span>
    </p>
   </div>
   <div class='ocr_carea' id='block_1_2' title="bbox 834 409 2718 476">
    <p class='ocr_par' dir='ltr' id='par_1_2' title="bbox 834 409 2718 476">
     <span class='ocr_line' id='line_1_2' title="bbox 834 409 2718 476; baseline 0.005 -10"><span class='ocrx_word' id='word_1_2' title='bbox 834 409 1209 468; x_wconf 80' lang='lat' dir='ltr'><strong>MOBALIUM</strong></span> <span class='ocrx_word' id='word_1_3' title='bbox 1248 410 1383 469; x_wconf 87' lang='lat' dir='ltr'><strong>LIB.</strong></span> <span class='ocrx_word' id='word_1_4' title='bbox 1423 410 1656 469; x_wconf 83' lang='lat' dir='ltr'><strong>XXVII.</strong></span> <span class='ocrx_word' id='word_1_5' title='bbox 1698 443 1768 455; x_wconf 97' lang='lat'>—</span> <span class='ocrx_word' id='word_1_6' title='bbox 1807 413 1878 470; x_wconf 84' lang='lat' dir='ltr'><strong>IN</strong></span> <span class='ocrx_word' id='word_1_7' title='bbox 1917 410 2145 472; x_wconf 80' lang='lat' dir='ltr'><strong>CAPUT</strong></span> <span class='ocrx_word' id='word_1_8' title='bbox 2189 415 2432 474; x_wconf 84' lang='lat' dir='ltr'><strong>XXXVI</strong></span> <span class='ocrx_word' id='word_1_9' title='bbox 2471 419 2534 475; x_wconf 92' lang='lat' dir='ltr'><strong>B.</strong></span> <span class='ocrx_word' id='word_1_10' title='bbox 2575 419 2718 476; x_wconf 87' lang='lat' dir='ltr'><strong>JOB.</strong></span> 
     </span>
    </p>
   </div>
   <div class='ocr_carea' id='block_1_3' title="bbox 3334 424 3450 488">
    <p class='ocr_par' dir='ltr' id='par_1_3' title="bbox 3334 424 3450 488">
     <span class='ocr_line' id='line_1_3' title="bbox 3334 424 3450 488; baseline 0.052 -7"><span class='ocrx_word' id='word_1_11' title='bbox 3334 424 3450 488; x_wconf 75' lang='grc'><strong>402</strong></span> 
     </span>
    </p>
   </div>
   <div class='ocr_carea' id='block_1_4' title="bbox 115 535 3450 618">
    <p class='ocr_par' dir='ltr' id='par_1_4' title="bbox 115 535 3450 618">
     <span class='ocr_line' id='line_1_4' title="bbox 115 535 3450 618; baseline 0.004 -20"><span class='ocrx_word' id='word_1_12' title='bbox 115 543 312 615; x_wconf 75' lang='lat' dir='ltr'><strong>vigiles,</strong></span> <span class='ocrx_word' id='word_1_13' title='bbox 340 539 440 614; x_wconf 87' lang='lat' dir='ltr'><strong>qui</strong></span> <span class='ocrx_word' id='word_1_14' title='bbox 467 537 773 598; x_wconf 74' lang='lat' dir='ltr'><strong>custodiunt</strong></span> <span class='ocrx_word' id='word_1_15' title='bbox 799 535 1083 592; x_wconf 81' lang='lat' dir='ltr'><strong>civitatem.</strong></span> <span class='ocrx_word' id='word_1_16' title='bbox 1133 539 1212 594; x_wconf 92' lang='lat' dir='ltr'><strong>De</strong></span> <span class='ocrx_word' id='word_1_17' title='bbox 1258 537 1462 612; x_wconf 81' lang='lat' dir='ltr'><strong>quibus</strong></span> <span class='ocrx_word' id='word_1_18' title='bbox 1502 554 1724 595; x_wconf 86' lang='lat' dir='ltr'><strong>rursum</strong></span> <span class='ocrx_word' id='word_1_19' title='bbox 1751 541 1804 602; x_wconf 89' lang='lat' dir='ltr'><strong>A</strong></span> <span class='ocrx_word' id='word_1_20' title='bbox 1832 557 1943 598; x_wconf 91' lang='lat' dir='ltr'><strong>non</strong></span> <span class='ocrx_word' id='word_1_21' title='bbox 1972 551 2172 615; x_wconf 78' lang='lat' dir='ltr'><strong>potest,</strong></span> <span class='ocrx_word' id='word_1_22' title='bbox 2195 559 2307 618; x_wconf 92' lang='lat' dir='ltr'><strong>quo</strong></span> <span class='ocrx_word' id='word_1_23' title='bbox 2321 553 2484 616; x_wconf 87' lang='lat' dir='ltr'><strong>pacto</strong></span> <span class='ocrx_word' id='word_1_24' title='bbox 2514 543 2851 617; x_wconf 83' lang='lat' dir='ltr'><strong>reprehendi</strong></span> <span class='ocrx_word' id='word_1_25' title='bbox 2873 549 3079 618; x_wconf 83' lang='lat' dir='ltr'><strong>potest?</strong></span> <span class='ocrx_word' id='word_1_26' title='bbox 3107 550 3279 608; x_wconf 88' lang='lat' dir='ltr'><strong>Nemo</strong></span> <span class='ocrx_word' id='word_1_27' title='bbox 3299 554 3450 610; x_wconf 91' lang='lat' dir='ltr'><strong>enim</strong></span> 
     </span>
    </p>
   </div>
   <div class='ocr_carea' id='block_1_5' title="bbox 112 631 310 690">
    <p class='ocr_par' dir='ltr' id='par_1_5' title="bbox 112 631 310 690">
     <span class='ocr_line' id='line_1_5' title="bbox 112 631 310 690; baseline -0.015 0"><span class='ocrx_word' id='word_1_28' title='bbox 112 631 244 690; x_wconf 86' lang='lat' dir='ltr'><strong>dicit</strong></span> <span class='ocrx_word' id='word_1_29' title='bbox 297 649 310 688; x_wconf 89' lang='lat'>:</span> 
     </span>
    </p>
   </div>
   <div class='ocr_carea' id='block_1_6' title="bbox 111 715 1724 792">
    <p class='ocr_par' dir='ltr' id='par_1_6' title="bbox 111 715 1724 792">
     <span class='ocr_line' id='line_1_6' title="bbox 111 715 1724 792; baseline -0.002 -15"><span class='ocrx_word' id='word_1_30' title='bbox 111 721 256 790; x_wconf 90' lang='lat' dir='ltr'><strong>Quos</strong></span> <span class='ocrx_word' id='word_1_31' title='bbox 285 719 494 777; x_wconf 78' lang='lat' dir='ltr'><strong>iterum</strong></span> <span class='ocrx_word' id='word_1_32' title='bbox 522 723 934 792; x_wconf 75' lang='lat' dir='ltr'><strong>percunctatur,</strong></span> <span class='ocrx_word' id='word_1_33' title='bbox 966 715 1156 772; x_wconf 88' lang='lat' dir='ltr'><strong>dicens</strong></span> <span class='ocrx_word' id='word_1_34' title='bbox 1186 733 1197 772; x_wconf 93' lang='lat'><strong>:</strong></span> <span class='ocrx_word' id='word_1_35' title='bbox 1232 717 1375 774; x_wconf 86' lang='lat' dir='ltr'><strong>Num</strong></span> <span class='ocrx_word' id='word_1_36' title='bbox 1412 733 1564 788; x_wconf 87' lang='lat' dir='ltr'><strong>quem</strong></span> <span class='ocrx_word' id='word_1_37' title='bbox 1603 718 1724 774; x_wconf 86' lang='lat' dir='ltr'><strong>dili-</strong></span> 
     </span>
    </p>
   </div>
   <div class='ocr_carea' id='block_1_7' title="bbox 109 806 1725 882">
    <p class='ocr_par' dir='ltr' id='par_1_7' title="bbox 109 806 1725 882">
     <span class='ocr_line' id='line_1_7' title="bbox 109 806 1725 882; baseline -0.002 -17"><span class='ocrx_word' id='word_1_38' title='bbox 109 811 183 882; x_wconf 85' lang='lat' dir='ltr'><strong>git</strong></span> <span class='ocrx_word' id='word_1_39' title='bbox 199 809 388 865; x_wconf 81' lang='lat' dir='ltr'><strong>anima</strong></span> <span class='ocrx_word' id='word_1_40' title='bbox 423 825 540 863; x_wconf 85' lang='lat' dir='ltr'><strong>mea</strong></span> <span class='ocrx_word' id='word_1_41' title='bbox 569 807 778 862; x_wconf 72' lang='lat' dir='ltr'><strong>vidistis</strong></span> <span class='ocrx_word' id='word_1_42' title='bbox 797 807 824 862; x_wconf 77' lang='lat'><strong><em>?</em></strong></span> <span class='ocrx_word' id='word_1_43' title='bbox 853 806 1148 862; x_wconf 89' lang='lat' dir='ltr'><strong>Paululum</strong></span> <span class='ocrx_word' id='word_1_44' title='bbox 1175 822 1292 861; x_wconf 90' lang='lat' dir='ltr'><strong>cum</strong></span> <span class='ocrx_word' id='word_1_45' title='bbox 1318 807 1725 878; x_wconf 87' lang='lat' dir='ltr'><strong>pertransissem</strong></span> 
     </span>
    </p>
   </div>
   <div class='ocr_carea' id='block_1_8' title="bbox 111 895 1722 968">
    <p class='ocr_par' dir='ltr' id='par_1_8' title="bbox 111 895 1722 968">
     <span class='ocr_line' id='line_1_8' title="bbox 111 895 1722 968; baseline -0.001 -13"><span class='ocrx_word' id='word_1_46' title='bbox 111 916 215 966; x_wconf 86' lang='lat' dir='ltr'><strong>eos,</strong></span> <span class='ocrx_word' id='word_1_47' title='bbox 243 898 427 954; x_wconf 79' lang='lat' dir='ltr'><strong>inveni</strong></span> <span class='ocrx_word' id='word_1_48' title='bbox 455 913 610 968; x_wconf 92' lang='lat' dir='ltr'><strong>quem</strong></span> <span class='ocrx_word' id='word_1_49' title='bbox 637 896 815 968; x_wconf 75' lang='lat' dir='ltr'><strong>diligit</strong></span> <span class='ocrx_word' id='word_1_50' title='bbox 841 897 1024 951; x_wconf 87' lang='lat' dir='ltr'><strong>anima</strong></span> <span class='ocrx_word' id='word_1_51' title='bbox 1051 912 1166 951; x_wconf 88' lang='lat' dir='ltr'><strong>mea</strong></span> <span class='ocrx_word' id='word_1_52' title='bbox 1187 895 1378 968; x_wconf 88' lang='lat' dir='ltr'><strong>(Cant.</strong></span> <span class='ocrx_word' id='word_1_53' title='bbox 1424 912 1509 962; x_wconf 88' lang='lat' dir='ltr'><strong>m,</strong></span> <span class='ocrx_word' id='word_1_54' title='bbox 1539 895 1594 962; x_wconf 86' lang='lat'><strong>3,</strong></span> <span class='ocrx_word' id='word_1_55' title='bbox 1637 895 1722 965; x_wconf 74' lang='grc'><strong>4).</strong></span> 
     </span>
    </p>
   </div>
   <div class='ocr_carea' id='block_1_9' title="bbox 371 627 1720 700">
    <p class='ocr_par' dir='ltr' id='par_1_9' title="bbox 371 627 1720 700">
     <span class='ocr_line' id='line_1_9' title="bbox 371 627 1720 700; baseline -0.003 -12"><span class='ocrx_word' id='word_1_56' title='bbox 371 631 802 690; x_wconf 81' lang='lat' dir='ltr'><strong>Vulneraverunt</strong></span> <span class='ocrx_word' id='word_1_57' title='bbox 833 643 931 694; x_wconf 90' lang='lat' dir='ltr'><strong>me,</strong></span> <span class='ocrx_word' id='word_1_58' title='bbox 975 627 1212 682; x_wconf 82' lang='lat' dir='ltr'><strong>tulerunt</strong></span> <span class='ocrx_word' id='word_1_59' title='bbox 1251 627 1486 700; x_wconf 78' lang='lat' dir='ltr'><strong>pallium</strong></span> <span class='ocrx_word' id='word_1_60' title='bbox 1529 645 1720 684; x_wconf 87' lang='lat' dir='ltr'><strong>meum.</strong></span> 
     </span>
    </p>
   </div>
   <div class='ocr_carea' id='block_1_10' title="bbox 177 1039 1724 1112">
    <p class='ocr_par' dir='ltr' id='par_1_10' title="bbox 177 1039 1724 1112">
     <span class='ocr_line' id='line_1_10' title="bbox 177 1039 1724 1112; baseline -0.003 -13"><span class='ocrx_word' id='word_1_61' title='bbox 177 1042 232 1099; x_wconf 68' lang='grc'><strong>4.</strong></span> <span class='ocrx_word' id='word_1_62' title='bbox 270 1041 378 1110; x_wconf 85' lang='lat' dir='ltr'><strong>Qui</strong></span> <span class='ocrx_word' id='word_1_63' title='bbox 404 1042 462 1097; x_wconf 88' lang='lat' dir='ltr'><strong>in</strong></span> <span class='ocrx_word' id='word_1_64' title='bbox 489 1046 636 1096; x_wconf 86' lang='lat' dir='ltr'><strong>nocte</strong></span> <span class='ocrx_word' id='word_1_65' title='bbox 679 1039 964 1112; x_wconf 74' lang='lat' dir='ltr'><strong>quwritur,</strong></span> <span class='ocrx_word' id='word_1_66' title='bbox 1003 1039 1092 1094; x_wconf 86' lang='lat' dir='ltr'><strong>sed</strong></span> <span class='ocrx_word' id='word_1_67' title='bbox 1141 1055 1248 1094; x_wconf 88' lang='lat' dir='ltr'><strong>non</strong></span> <span class='ocrx_word' id='word_1_68' title='bbox 1271 1040 1376 1094; x_wconf 87' lang='lat' dir='ltr'><strong>nisi</strong></span> <span class='ocrx_word' id='word_1_69' title='bbox 1409 1041 1724 1096; x_wconf 87' lang='lat' dir='ltr'><strong>transcensis</strong></span> 
     </span>
    </p>
   </div>
   <div class='ocr_carea' id='block_1_11' title="bbox 106 1128 1725 1206">
    <p class='ocr_par' dir='ltr' id='par_1_11' title="bbox 106 1128 1725 1206">
     <span class='ocr_line' id='line_1_11' title="bbox 106 1128 1725 1206; baseline -0.002 -17"><span class='ocrx_word' id='word_1_70' title='bbox 106 1132 383 1206; x_wconf 75' lang='lat' dir='ltr'><strong>prophetis</strong></span> <span class='ocrx_word' id='word_1_71' title='bbox 410 1137 462 1187; x_wconf 88' lang='lat' dir='ltr'><strong>et</strong></span> <span class='ocrx_word' id='word_1_72' title='bbox 481 1129 812 1204; x_wconf 83' lang='lat' dir='ltr'><strong>patriarchis</strong></span> <span class='ocrx_word' id='word_1_73' title='bbox 840 1128 1202 1185; x_wconf 87' lang='lat' dir='ltr'><strong>invenitur.—</strong></span> <span class='ocrx_word' id='word_1_74' title='bbox 1222 1129 1467 1185; x_wconf 83' lang='lat' dir='ltr'><strong>Dilectus</strong></span> <span class='ocrx_word' id='word_1_75' title='bbox 1490 1145 1725 1202; x_wconf 83' lang='lat' dir='ltr'><strong>namque</strong></span> 
     </span>
    </p>
   </div>
   <div class='ocr_carea' id='block_1_12' title="bbox 110 1218 1724 1294">
    <p class='ocr_par' dir='ltr' id='par_1_12' title="bbox 110 1218 1724 1294">
     <span class='ocr_line' id='line_1_12' title="bbox 110 1218 1724 1294; baseline -0.003 -15"><span class='ocrx_word' id='word_1_76' title='bbox 110 1238 208 1294; x_wconf 88' lang='lat' dir='ltr'><strong>per</strong></span> <span class='ocrx_word' id='word_1_77' title='bbox 263 1229 458 1278; x_wconf 90' lang='lat' dir='ltr'><strong>noctes</strong></span> <span class='ocrx_word' id='word_1_78' title='bbox 487 1219 547 1276; x_wconf 92' lang='lat' dir='ltr'><strong>in</strong></span> <span class='ocrx_word' id='word_1_79' title='bbox 599 1219 804 1276; x_wconf 83' lang='lat' dir='ltr'><strong>lectulo</strong></span> <span class='ocrx_word' id='word_1_80' title='bbox 833 1218 1122 1292; x_wconf 79' lang='lat' dir='ltr'><strong>quaeritur,</strong></span> <span class='ocrx_word' id='word_1_81' title='bbox 1166 1219 1295 1292; x_wconf 84' lang='lat' dir='ltr'><strong>quia</strong></span> <span class='ocrx_word' id='word_1_82' title='bbox 1343 1218 1489 1275; x_wconf 91' lang='lat' dir='ltr'><strong>intra</strong></span> <span class='ocrx_word' id='word_1_83' title='bbox 1517 1225 1724 1275; x_wconf 89' lang='lat' dir='ltr'><strong>secreta</strong></span> 
     </span>
    </p>
   </div>
   <div class='ocr_carea' id='block_1_13' title="bbox 109 1308 1720 1381">
    <p class='ocr_par' dir='ltr' id='par_1_13' title="bbox 109 1308 1720 1381">
     <span class='ocr_line' id='line_1_13' title="bbox 109 1308 1720 1381; baseline -0.004 -11"><span class='ocrx_word' id='word_1_84' title='bbox 109 1311 298 1371; x_wconf 83' lang='lat' dir='ltr'><strong>cordis</strong></span> <span class='ocrx_word' id='word_1_85' title='bbox 352 1311 562 1368; x_wconf 84' lang='lat' dir='ltr'><strong>cubilia</strong></span> <span class='ocrx_word' id='word_1_86' title='bbox 608 1309 666 1366; x_wconf 93' lang='lat' dir='ltr'><strong>in</strong></span> <span class='ocrx_word' id='word_1_87' title='bbox 696 1308 1055 1367; x_wconf 85' lang='lat' dir='ltr'><strong>tribulatione</strong></span> <span class='ocrx_word' id='word_1_88' title='bbox 1099 1309 1330 1381; x_wconf 86' lang='lat' dir='ltr'><strong>spiritus</strong></span> <span class='ocrx_word' id='word_1_89' title='bbox 1357 1309 1720 1366; x_wconf 87' lang='lat' dir='ltr'><strong>desideratur.</strong></span> 
     </span>
    </p>
   </div>
   <div class='ocr_carea' id='block_1_14' title="bbox 109 1397 1723 1473">
    <p class='ocr_par' dir='ltr' id='par_1_14' title="bbox 109 1397 1723 1473">
     <span class='ocr_line' id='line_1_14' title="bbox 109 1397 1723 1473; baseline -0.004 -15"><span class='ocrx_word' id='word_1_90' title='bbox 109 1402 288 1470; x_wconf 84' lang='lat' dir='ltr'><strong>Quem</strong></span> <span class='ocrx_word' id='word_1_91' title='bbox 319 1408 506 1458; x_wconf 91' lang='lat' dir='ltr'><strong>tamen</strong></span> <span class='ocrx_word' id='word_1_92' title='bbox 537 1415 789 1473; x_wconf 67' lang='lat' dir='ltr'><strong>quaerens</strong></span> <span class='ocrx_word' id='word_1_93' title='bbox 815 1413 1016 1470; x_wconf 91' lang='lat' dir='ltr'><strong>sponsa</strong></span> <span class='ocrx_word' id='word_1_94' title='bbox 1045 1413 1156 1453; x_wconf 90' lang='lat' dir='ltr'><strong>non</strong></span> <span class='ocrx_word' id='word_1_95' title='bbox 1185 1397 1425 1466; x_wconf 89' lang='lat' dir='ltr'><strong>invenit,</strong></span> <span class='ocrx_word' id='word_1_96' title='bbox 1460 1397 1590 1470; x_wconf 86' lang='lat' dir='ltr'><strong>quia</strong></span> <span class='ocrx_word' id='word_1_97' title='bbox 1617 1397 1723 1452; x_wconf 91' lang='lat' dir='ltr'><strong>ele-</strong></span> 
     </span>
    </p>
   </div>
   <div class='ocr_carea' id='block_1_15' title="bbox 107 1486 1724 1564">
    <p class='ocr_par' dir='ltr' id='par_1_15' title="bbox 107 1486 1724 1564">
     <span class='ocr_line' id='line_1_15' title="bbox 107 1486 1724 1564; baseline -0.004 -15"><span class='ocrx_word' id='word_1_98' title='bbox 107 1500 198 1549; x_wconf 86' lang='lat' dir='ltr'><strong>cta</strong></span> <span class='ocrx_word' id='word_1_99' title='bbox 221 1505 456 1564; x_wconf 67' lang='lat' dir='ltr'><strong>quaeque</strong></span> <span class='ocrx_word' id='word_1_100' title='bbox 499 1487 686 1545; x_wconf 91' lang='lat' dir='ltr'><strong>anima</strong></span> <span class='ocrx_word' id='word_1_101' title='bbox 716 1487 832 1560; x_wconf 91' lang='lat' dir='ltr'><strong>jam</strong></span> <span class='ocrx_word' id='word_1_102' title='bbox 871 1487 1098 1561; x_wconf 88' lang='lat' dir='ltr'><strong>quidem</strong></span> <span class='ocrx_word' id='word_1_103' title='bbox 1128 1487 1333 1543; x_wconf 91' lang='lat' dir='ltr'><strong>amoris</strong></span> <span class='ocrx_word' id='word_1_104' title='bbox 1362 1487 1483 1560; x_wconf 85' lang='lat' dir='ltr'><strong>ejus</strong></span> <span class='ocrx_word' id='word_1_105' title='bbox 1510 1486 1724 1543; x_wconf 87' lang='lat' dir='ltr'><strong>facibus</strong></span> 
     </span>
    </p>
   </div>
   <div class='ocr_carea' id='block_1_16' title="bbox 110 1577 1724 1658">
    <p class='ocr_par' dir='ltr' id='par_1_16' title="bbox 110 1577 1724 1658">
     <span class='ocr_line' id='line_1_16' title="bbox 110 1577 1724 1658; baseline -0.004 -18"><span class='ocrx_word' id='word_1_106' title='bbox 110 1584 329 1658; x_wconf 78' lang='lat' dir='ltr'><strong>ﬂagrat,</strong></span> <span class='ocrx_word' id='word_1_107' title='bbox 363 1585 380 1618; x_wconf 77' lang='grc'>⁸</span> <span class='ocrx_word' id='word_1_108' title='bbox 440 1580 538 1637; x_wconf 86' lang='lat' dir='ltr'><strong>sed</strong></span> <span class='ocrx_word' id='word_1_109' title='bbox 586 1579 770 1636; x_wconf 89' lang='lat' dir='ltr'><strong>adhuc</strong></span> <span class='ocrx_word' id='word_1_110' title='bbox 813 1577 1044 1652; x_wconf 60' lang='lat' dir='ltr'><strong>quasita</strong></span> <span class='ocrx_word' id='word_1_111' title='bbox 1089 1587 1320 1650; x_wconf 82' lang='lat' dir='ltr'><strong>negatur</strong></span> <span class='ocrx_word' id='word_1_112' title='bbox 1375 1577 1604 1651; x_wconf 88' lang='lat' dir='ltr'><strong>species,</strong></span> <span class='ocrx_word' id='word_1_113' title='bbox 1662 1586 1724 1634; x_wconf 91' lang='lat' dir='ltr'><strong>ut</strong></span> 
     </span>
    </p>
   </div>
   <div class='ocr_carea' id='block_1_17' title="bbox 108 1666 1724 1740">
    <p class='ocr_par' dir='ltr' id='par_1_17' title="bbox 108 1666 1724 1740">
     <span class='ocr_line' id='line_1_17' title="bbox 108 1666 1724 1740; baseline -0.004 -12"><span class='ocrx_word' id='word_1_114' title='bbox 108 1671 355 1728; x_wconf 86' lang='lat' dir='ltr'><strong>amantis</strong></span> <span class='ocrx_word' id='word_1_115' title='bbox 383 1669 722 1728; x_wconf 86' lang='lat' dir='ltr'><strong>desiderium</strong></span> <span class='ocrx_word' id='word_1_116' title='bbox 761 1674 1002 1734; x_wconf 85' lang='lat' dir='ltr'><strong>crescat;</strong></span> <span class='ocrx_word' id='word_1_117' title='bbox 1054 1676 1108 1723; x_wconf 94' lang='lat' dir='ltr'><strong>et</strong></span> <span class='ocrx_word' id='word_1_118' title='bbox 1137 1668 1291 1740; x_wconf 90' lang='lat' dir='ltr'><strong>quasi</strong></span> <span class='ocrx_word' id='word_1_119' title='bbox 1345 1667 1405 1722; x_wconf 91' lang='lat' dir='ltr'><strong>in</strong></span> <span class='ocrx_word' id='word_1_120' title='bbox 1460 1666 1553 1722; x_wconf 88' lang='lat' dir='ltr'><strong>siti</strong></span> <span class='ocrx_word' id='word_1_121' title='bbox 1583 1682 1724 1740; x_wconf 89' lang='lat' dir='ltr'><strong>aqua</strong></span> 
     </span>
    </p>
   </div>
   <div class='ocr_carea' id='block_1_18' title="bbox 107 1756 1724 1830">
    <p class='ocr_par' dir='ltr' id='par_1_18' title="bbox 107 1756 1724 1830">
     <span class='ocr_line' id='line_1_18' title="bbox 107 1756 1724 1830; baseline -0.005 -12"><span class='ocrx_word' id='word_1_122' title='bbox 107 1760 487 1828; x_wconf 85' lang='lat' dir='ltr'><strong>subtrahitur,</strong></span> <span class='ocrx_word' id='word_1_123' title='bbox 521 1766 584 1814; x_wconf 89' lang='lat' dir='ltr'><strong>ut</strong></span> <span class='ocrx_word' id='word_1_124' title='bbox 615 1756 862 1830; x_wconf 89' lang='lat' dir='ltr'><strong>ejusdem</strong></span> <span class='ocrx_word' id='word_1_125' title='bbox 888 1756 1009 1812; x_wconf 89' lang='lat' dir='ltr'><strong>sitis</strong></span> <span class='ocrx_word' id='word_1_126' title='bbox 1037 1764 1201 1813; x_wconf 65' lang='lat' dir='ltr'><strong>aestus</strong></span> <span class='ocrx_word' id='word_1_127' title='bbox 1229 1765 1511 1828; x_wconf 80' lang='lat' dir='ltr'><strong>augeatur,</strong></span> <span class='ocrx_word' id='word_1_128' title='bbox 1541 1764 1594 1812; x_wconf 92' lang='lat' dir='ltr'><strong>et</strong></span> <span class='ocrx_word' id='word_1_129' title='bbox 1615 1771 1724 1828; x_wconf 91' lang='lat' dir='ltr'><strong>quo</strong></span> 
     </span>
    </p>
   </div>
   <div class='ocr_carea' id='block_1_19' title="bbox 112 1845 1722 1918">
    <p class='ocr_par' dir='ltr' id='par_1_19' title="bbox 112 1845 1722 1918">
     <span class='ocr_line' id='line_1_19' title="bbox 112 1845 1722 1918; baseline -0.005 -10"><span class='ocrx_word' id='word_1_130' title='bbox 112 1851 259 1907; x_wconf 88' lang='lat' dir='ltr'><strong>hanc</strong></span> <span class='ocrx_word' id='word_1_131' title='bbox 297 1849 514 1906; x_wconf 85' lang='lat' dir='ltr'><strong>diutius</strong></span> <span class='ocrx_word' id='word_1_132' title='bbox 563 1847 759 1904; x_wconf 88' lang='lat' dir='ltr'><strong>sitiens</strong></span> <span class='ocrx_word' id='word_1_133' title='bbox 800 1845 1096 1912; x_wconf 86' lang='lat' dir='ltr'><strong>desiderat,</strong></span> <span class='ocrx_word' id='word_1_134' title='bbox 1144 1863 1208 1902; x_wconf 92' lang='lat' dir='ltr'><strong>eo</strong></span> <span class='ocrx_word' id='word_1_135' title='bbox 1238 1845 1567 1918; x_wconf 90' lang='lat' dir='ltr'><strong>quandoque</strong></span> <span class='ocrx_word' id='word_1_136' title='bbox 1597 1861 1722 1901; x_wconf 90' lang='lat' dir='ltr'><strong>cum</strong></span> 
     </span>
    </p>
   </div>
   <div class='ocr_carea' id='block_1_20' title="bbox 111 1934 1729 2010">
    <p class='ocr_par' dir='ltr' id='par_1_20' title="bbox 111 1934 1729 2010">
     <span class='ocr_line' id='line_1_20' title="bbox 111 1934 1729 2010; baseline -0.004 -14"><span class='ocrx_word' id='word_1_137' title='bbox 111 1939 396 1998; x_wconf 82' lang='lat' dir='ltr'><strong>invenerit</strong></span> <span class='ocrx_word' id='word_1_138' title='bbox 425 1937 650 1995; x_wconf 85' lang='lat' dir='ltr'><strong>avidius</strong></span> <span class='ocrx_word' id='word_1_139' title='bbox 679 1936 992 1994; x_wconf 90' lang='lat' dir='ltr'><strong>sumat.Sed</strong></span> <span class='ocrx_word' id='word_1_140' title='bbox 1010 1936 1153 1993; x_wconf 89' lang='lat' dir='ltr'><strong>hanc</strong></span> <span class='ocrx_word' id='word_1_141' title='bbox 1173 1943 1509 2010; x_wconf 76' lang='lat' dir='ltr'><strong>quaerentem</strong></span> <span class='ocrx_word' id='word_1_142' title='bbox 1533 1934 1729 2007; x_wconf 87' lang='lat' dir='ltr'><strong>vigiles</strong></span> 
     </span>
    </p>
   </div>
   <div class='ocr_carea' id='block_1_21' title="bbox 112 2023 1726 2100">
    <p class='ocr_par' dir='ltr' id='par_1_21' title="bbox 112 2023 1726 2100">
     <span class='ocr_line' id='line_1_21' title="bbox 112 2023 1726 2100; baseline -0.005 -14"><span class='ocrx_word' id='word_1_143' title='bbox 112 2029 678 2100; x_wconf 87' lang='lat' dir='ltr'><strong>inveniunt,eamque</strong></span> <span class='ocrx_word' id='word_1_144' title='bbox 690 2025 1010 2093; x_wconf 88' lang='lat' dir='ltr'><strong>vulnerant,</strong></span> <span class='ocrx_word' id='word_1_145' title='bbox 1027 2032 1081 2081; x_wconf 91' lang='lat' dir='ltr'><strong>et</strong></span> <span class='ocrx_word' id='word_1_146' title='bbox 1100 2023 1220 2096; x_wconf 88' lang='lat' dir='ltr'><strong>ejus</strong></span> <span class='ocrx_word' id='word_1_147' title='bbox 1241 2025 1473 2096; x_wconf 90' lang='lat' dir='ltr'><strong>pallium</strong></span> <span class='ocrx_word' id='word_1_148' title='bbox 1499 2025 1726 2093; x_wconf 91' lang='lat' dir='ltr'><strong>tollunt,</strong></span> 
     </span>
    </p>
   </div>
   <div class='ocr_carea' id='block_1_22' title="bbox 111 2111 1726 2194">
    <p class='ocr_par' dir='ltr' id='par_1_22' title="bbox 111 2111 1726 2194">
     <span class='ocr_line' id='line_1_22' title="bbox 111 2111 1726 2194; baseline -0.005 -19"><span class='ocrx_word' id='word_1_149' title='bbox 111 2120 246 2192; x_wconf 87' lang='lat' dir='ltr'><strong>quia</strong></span> <span class='ocrx_word' id='word_1_150' title='bbox 293 2131 746 2190; x_wconf 87' lang='lat' dir='ltr'><strong>unamquamque</strong></span> <span class='ocrx_word' id='word_1_151' title='bbox 795 2114 1039 2194; x_wconf 79' lang='lat' dir='ltr'><strong>animam</strong></span> <span class='ocrx_word' id='word_1_152' title='bbox 1095 2113 1461 2186; x_wconf 89' lang='lat' dir='ltr'><strong>redemptoris</strong></span> <span class='ocrx_word' id='word_1_153' title='bbox 1486 2113 1571 2168; x_wconf 90' lang='lat' dir='ltr'><strong>sui</strong></span> <span class='ocrx_word' id='word_1_154' title='bbox 1610 2111 1726 2184; x_wconf 90' lang='lat' dir='ltr'><strong>jam</strong></span> 
     </span>
    </p>
   </div>
   <div class='ocr_carea' id='block_1_23' title="bbox 110 2202 1729 2283">
    <p class='ocr_par' dir='ltr' id='par_1_23' title="bbox 110 2202 1729 2283">
     <span class='ocr_line' id='line_1_23' title="bbox 110 2202 1729 2283; baseline -0.006 -17"><span class='ocrx_word' id='word_1_155' title='bbox 110 2208 352 2283; x_wconf 86' lang='lat' dir='ltr'><strong>speciem</strong></span> <span class='ocrx_word' id='word_1_156' title='bbox 393 2205 790 2280; x_wconf 88' lang='lat' dir='ltr'><strong>requirentem,</strong></span> <span class='ocrx_word' id='word_1_157' title='bbox 827 2220 954 2260; x_wconf 87' lang='lat' dir='ltr'><strong>cum</strong></span> <span class='ocrx_word' id='word_1_158' title='bbox 1015 2203 1245 2260; x_wconf 88' lang='lat' dir='ltr'><strong>solliciti</strong></span> <span class='ocrx_word' id='word_1_159' title='bbox 1279 2202 1532 2259; x_wconf 90' lang='lat' dir='ltr'><strong>doctores</strong></span> <span class='ocrx_word' id='word_1_160' title='bbox 1578 2202 1729 2258; x_wconf 90' lang='lat' dir='ltr'><strong>inve-</strong></span> 
     </span>
    </p>
   </div>
   <div class='ocr_carea' id='block_1_24' title="bbox 112 2292 1727 2368">
    <p class='ocr_par' dir='ltr' id='par_1_24' title="bbox 112 2292 1727 2368">
     <span class='ocr_line' id='line_1_24' title="bbox 112 2292 1727 2368; baseline -0.005 -12"><span class='ocrx_word' id='word_1_161' title='bbox 112 2299 305 2366; x_wconf 86' lang='lat' dir='ltr'><strong>niunt,</strong></span> <span class='ocrx_word' id='word_1_162' title='bbox 339 2295 489 2354; x_wconf 89' lang='lat' dir='ltr'><strong>hanc</strong></span> <span class='ocrx_word' id='word_1_163' title='bbox 519 2311 617 2368; x_wconf 90' lang='lat' dir='ltr'><strong>per</strong></span> <span class='ocrx_word' id='word_1_164' title='bbox 641 2293 1056 2367; x_wconf 66' lang='lat' dir='ltr'><strong>pradicationis</strong></span> <span class='ocrx_word' id='word_1_165' title='bbox 1075 2293 1308 2348; x_wconf 84' lang='lat' dir='ltr'><strong>verbum</strong></span> <span class='ocrx_word' id='word_1_166' title='bbox 1327 2292 1568 2349; x_wconf 75' lang='lat' dir='ltr'><strong>scelestis</strong></span> <span class='ocrx_word' id='word_1_167' title='bbox 1579 2308 1727 2348; x_wconf 92' lang='lat' dir='ltr'><strong>amo-</strong></span> 
     </span>
    </p>
   </div>
   <div class='ocr_carea' id='block_1_25' title="bbox 110 2381 1728 2461">
    <p class='ocr_par' dir='ltr' id='par_1_25' title="bbox 110 2381 1728 2461">
     <span class='ocr_line' id='line_1_25' title="bbox 110 2381 1728 2461; baseline -0.004 -17"><span class='ocrx_word' id='word_1_168' title='bbox 110 2386 454 2461; x_wconf 73' lang='lat' dir='ltr'><strong>ris&#39;spiculis</strong></span> <span class='ocrx_word' id='word_1_169' title='bbox 480 2385 798 2453; x_wconf 88' lang='lat' dir='ltr'><strong>vulnerant,</strong></span> <span class='ocrx_word' id='word_1_170' title='bbox 834 2392 888 2440; x_wconf 92' lang='lat' dir='ltr'><strong>et</strong></span> <span class='ocrx_word' id='word_1_171' title='bbox 909 2383 956 2440; x_wconf 90' lang='lat' dir='ltr'><strong>si</strong></span> <span class='ocrx_word' id='word_1_172' title='bbox 987 2381 1133 2456; x_wconf 88' lang='lat' dir='ltr'><strong>quod</strong></span> <span class='ocrx_word' id='word_1_173' title='bbox 1153 2382 1202 2438; x_wconf 89' lang='lat' dir='ltr'><strong>ei</strong></span> <span class='ocrx_word' id='word_1_174' title='bbox 1237 2381 1420 2438; x_wconf 90' lang='lat' dir='ltr'><strong>adhuc</strong></span> <span class='ocrx_word' id='word_1_175' title='bbox 1453 2381 1521 2438; x_wconf 91' lang='lat' dir='ltr'><strong>de</strong></span> <span class='ocrx_word' id='word_1_176' title='bbox 1547 2389 1728 2437; x_wconf 83' lang='lat' dir='ltr'><strong>vetus-</strong></span> 
     </span>
    </p>
   </div>
   <div class='ocr_carea' id='block_1_26' title="bbox 109 2469 1729 2546">
    <p class='ocr_par' dir='ltr' id='par_1_26' title="bbox 109 2469 1729 2546">
     <span class='ocr_line' id='line_1_26' title="bbox 109 2469 1729 2546; baseline -0.006 -12"><span class='ocrx_word' id='word_1_177' title='bbox 109 2484 168 2534; x_wconf 86' lang='lat' dir='ltr'><strong>ta</strong></span> <span class='ocrx_word' id='word_1_178' title='bbox 193 2474 618 2534; x_wconf 88' lang='lat' dir='ltr'><strong>conversatione</strong></span> <span class='ocrx_word' id='word_1_179' title='bbox 660 2483 877 2546; x_wconf 87' lang='lat' dir='ltr'><strong>tegmen</strong></span> <span class='ocrx_word' id='word_1_180' title='bbox 920 2471 1086 2540; x_wconf 88' lang='lat' dir='ltr'><strong>inest,</strong></span> <span class='ocrx_word' id='word_1_181' title='bbox 1117 2469 1472 2538; x_wconf 89' lang='lat' dir='ltr'><strong>subtrahunt,</strong></span> <span class='ocrx_word' id='word_1_182' title='bbox 1507 2477 1568 2526; x_wconf 91' lang='lat' dir='ltr'><strong>ut</strong></span> <span class='ocrx_word' id='word_1_183' title='bbox 1617 2485 1729 2542; x_wconf 92' lang='lat' dir='ltr'><strong>quo</strong></span> 
     </span>
    </p>
   </div>
   <div class='ocr_carea' id='block_1_27' title="bbox 111 2560 1728 2636">
    <p class='ocr_par' dir='ltr' id='par_1_27' title="bbox 111 2560 1728 2636">
     <span class='ocr_line' id='line_1_27' title="bbox 111 2560 1728 2636; baseline -0.005 -13"><span class='ocrx_word' id='word_1_184' title='bbox 111 2575 285 2623; x_wconf 78' lang='lat' dir='ltr'><strong>exuta</strong></span> <span class='ocrx_word' id='word_1_185' title='bbox 322 2565 393 2622; x_wconf 92' lang='lat' dir='ltr'><strong>ab</strong></span> <span class='ocrx_word' id='word_1_186' title='bbox 425 2563 594 2636; x_wconf 88' lang='lat' dir='ltr'><strong>hujus</strong></span> <span class='ocrx_word' id='word_1_187' title='bbox 621 2561 814 2618; x_wconf 89' lang='lat' dir='ltr'><strong>mundi</strong></span> <span class='ocrx_word' id='word_1_188' title='bbox 837 2575 1002 2616; x_wconf 89' lang='lat' dir='ltr'><strong>onere</strong></span> <span class='ocrx_word' id='word_1_189' title='bbox 1027 2560 1299 2630; x_wconf 88' lang='lat' dir='ltr'><strong>redditur,</strong></span> <span class='ocrx_word' id='word_1_190' title='bbox 1321 2576 1387 2617; x_wconf 90' lang='lat' dir='ltr'><strong>eo</strong></span> <span class='ocrx_word' id='word_1_191' title='bbox 1407 2561 1454 2616; x_wconf 92' lang='lat' dir='ltr'><strong>is</strong></span> <span class='ocrx_word' id='word_1_192' title='bbox 1467 2561 1560 2634; x_wconf 87' lang='lat' dir='ltr'><strong>qui</strong></span> <span class='ocrx_word' id='word_1_193' title='bbox 1583 2576 1728 2634; x_wconf 69' lang='lat' dir='ltr'><strong>quae-</strong></span> 
     </span>
    </p>
   </div>
   <div class='ocr_carea' id='block_1_28' title="bbox 115 2649 1727 2724">
    <p class='ocr_par' dir='ltr' id='par_1_28' title="bbox 115 2649 1727 2724">
     <span class='ocr_line' id='line_1_28' title="bbox 115 2649 1727 2724; baseline -0.005 -12"><span class='ocrx_word' id='word_1_194' title='bbox 115 2655 278 2724; x_wconf 88' lang='lat' dir='ltr'><strong>ritur,</strong></span> <span class='ocrx_word' id='word_1_195' title='bbox 301 2654 371 2710; x_wconf 90' lang='lat' dir='ltr'><strong>ab</strong></span> <span class='ocrx_word' id='word_1_196' title='bbox 389 2653 488 2710; x_wconf 90' lang='lat' dir='ltr'><strong>illa</strong></span> <span class='ocrx_word' id='word_1_197' title='bbox 511 2652 678 2710; x_wconf 89' lang='lat' dir='ltr'><strong>citius</strong></span> <span class='ocrx_word' id='word_1_198' title='bbox 700 2650 1036 2707; x_wconf 88' lang='lat' dir='ltr'><strong>inveniatur.</strong></span> <span class='ocrx_word' id='word_1_199' title='bbox 1067 2650 1214 2706; x_wconf 89' lang='lat' dir='ltr'><strong>Bene</strong></span> <span class='ocrx_word' id='word_1_200' title='bbox 1232 2659 1418 2707; x_wconf 87' lang='lat' dir='ltr'><strong>autem</strong></span> <span class='ocrx_word' id='word_1_201' title='bbox 1449 2649 1727 2706; x_wconf 88' lang='lat' dir='ltr'><strong>subditur:</strong></span> 
     </span>
    </p>
   </div>
   <div class='ocr_carea' id='block_1_29' title="bbox 113 2739 1726 2814">
    <p class='ocr_par' dir='ltr' id='par_1_29' title="bbox 113 2739 1726 2814">
     <span class='ocr_line' id='line_1_29' title="bbox 113 2739 1726 2814; baseline -0.006 -12"><span class='ocrx_word' id='word_1_202' title='bbox 113 2746 412 2802; x_wconf 84' lang='lat' dir='ltr'><strong>Paululum</strong></span> <span class='ocrx_word' id='word_1_203' title='bbox 448 2760 567 2797; x_wconf 91' lang='lat' dir='ltr'><strong>cum</strong></span> <span class='ocrx_word' id='word_1_204' title='bbox 589 2740 997 2814; x_wconf 85' lang='lat' dir='ltr'><strong>pertransissem</strong></span> <span class='ocrx_word' id='word_1_205' title='bbox 1029 2757 1134 2807; x_wconf 87' lang='lat' dir='ltr'><strong>eos,</strong></span> <span class='ocrx_word' id='word_1_206' title='bbox 1155 2739 1332 2794; x_wconf 85' lang='lat' dir='ltr'><strong>inveni</strong></span> <span class='ocrx_word' id='word_1_207' title='bbox 1353 2755 1506 2810; x_wconf 87' lang='lat' dir='ltr'><strong>quem</strong></span> <span class='ocrx_word' id='word_1_208' title='bbox 1542 2739 1726 2811; x_wconf 80' lang='lat' dir='ltr'><strong>diligit</strong></span> 
     </span>
    </p>
   </div>
   <div class='ocr_carea' id='block_1_30' title="bbox 115 2826 1728 2899">
    <p class='ocr_par' dir='ltr' id='par_1_30' title="bbox 115 2826 1728 2899">
     <span class='ocr_line' id='line_1_30' title="bbox 115 2826 1728 2899; baseline -0.005 -9"><span class='ocrx_word' id='word_1_209' title='bbox 115 2835 300 2890; x_wconf 76' lang='lat' dir='ltr'><strong>anim</strong></span> <span class='ocrx_word' id='word_1_210' title='bbox 331 2850 469 2888; x_wconf 88' lang='lat' dir='ltr'><strong>mea.</strong></span> <span class='ocrx_word' id='word_1_211' title='bbox 501 2829 645 2898; x_wconf 85' lang='lat' dir='ltr'><strong>Quia</strong></span> <span class='ocrx_word' id='word_1_212' title='bbox 681 2827 916 2884; x_wconf 88' lang='lat' dir='ltr'><strong>visionis</strong></span> <span class='ocrx_word' id='word_1_213' title='bbox 939 2826 1058 2899; x_wconf 88' lang='lat' dir='ltr'><strong>ejus</strong></span> <span class='ocrx_word' id='word_1_214' title='bbox 1084 2843 1240 2884; x_wconf 91' lang='lat' dir='ltr'><strong>mens</strong></span> <span class='ocrx_word' id='word_1_215' title='bbox 1259 2828 1444 2896; x_wconf 88' lang='lat' dir='ltr'><strong>avida,</strong></span> <span class='ocrx_word' id='word_1_216' title='bbox 1476 2827 1584 2884; x_wconf 89' lang='lat' dir='ltr'><strong>nisi</strong></span> <span class='ocrx_word' id='word_1_217' title='bbox 1606 2843 1728 2899; x_wconf 91' lang='lat' dir='ltr'><strong>pro-</strong></span> 
     </span>
    </p>
   </div>
   <div class='ocr_carea' id='block_1_31' title="bbox 117 2915 1730 2998">
    <p class='ocr_par' dir='ltr' id='par_1_31' title="bbox 117 2915 1730 2998">
     <span class='ocr_line' id='line_1_31' title="bbox 117 2915 1730 2998; baseline -0.006 -17"><span class='ocrx_word' id='word_1_218' title='bbox 117 2924 414 2998; x_wconf 85' lang='lat' dir='ltr'><strong>phetarum</strong></span> <span class='ocrx_word' id='word_1_219' title='bbox 437 2917 883 2986; x_wconf 69' lang='lat' dir='ltr'><strong>aestimationem,</strong></span> <span class='ocrx_word' id='word_1_220' title='bbox 915 2916 1024 2972; x_wconf 90' lang='lat' dir='ltr'><strong>nisi</strong></span> <span class='ocrx_word' id='word_1_221' title='bbox 1046 2915 1482 2988; x_wconf 88' lang='lat' dir='ltr'><strong>patriarcharum</strong></span> <span class='ocrx_word' id='word_1_222' title='bbox 1509 2916 1730 2973; x_wconf 90' lang='lat' dir='ltr'><strong>celsitu-</strong></span> 
     </span>
    </p>
   </div>
   <div class='ocr_carea' id='block_1_32' title="bbox 114 3005 1726 3080">
    <p class='ocr_par' dir='ltr' id='par_1_32' title="bbox 114 3005 1726 3080">
     <span class='ocr_line' id='line_1_32' title="bbox 114 3005 1726 3080; baseline -0.007 -8"><span class='ocrx_word' id='word_1_223' title='bbox 114 3015 330 3080; x_wconf 85' lang='lat' dir='ltr'><strong>dinem,</strong></span> <span class='ocrx_word' id='word_1_224' title='bbox 373 3010 485 3068; x_wconf 88' lang='lat' dir='ltr'><strong>nisi</strong></span> <span class='ocrx_word' id='word_1_225' title='bbox 515 3016 844 3068; x_wconf 86' lang='lat' dir='ltr'><strong>cunctorum</strong></span> <span class='ocrx_word' id='word_1_226' title='bbox 874 3005 1167 3062; x_wconf 90' lang='lat' dir='ltr'><strong>hominum</strong></span> <span class='ocrx_word' id='word_1_227' title='bbox 1198 3022 1512 3062; x_wconf 89' lang='lat' dir='ltr'><strong>mensuram</strong></span> <span class='ocrx_word' id='word_1_228' title='bbox 1550 3013 1726 3062; x_wconf 86' lang='lat' dir='ltr'><strong>trans-</strong></span> 
     </span>
    </p>
   </div>
   <div class='ocr_carea' id='block_1_33' title="bbox 113 3095 1724 3172">
    <p class='ocr_par' dir='ltr' id='par_1_33' title="bbox 113 3095 1724 3172">
     <span class='ocr_line' id='line_1_33' title="bbox 113 3095 1724 3172; baseline -0.007 -10"><span class='ocrx_word' id='word_1_229' title='bbox 113 3103 397 3170; x_wconf 88' lang='lat' dir='ltr'><strong>cenderet,</strong></span> <span class='ocrx_word' id='word_1_230' title='bbox 429 3115 556 3156; x_wconf 90' lang='lat' dir='ltr'><strong>eum</strong></span> <span class='ocrx_word' id='word_1_231' title='bbox 585 3097 680 3172; x_wconf 88' lang='lat' dir='ltr'><strong>qui</strong></span> <span class='ocrx_word' id='word_1_232' title='bbox 702 3106 784 3153; x_wconf 89' lang='lat' dir='ltr'><strong>est</strong></span> <span class='ocrx_word' id='word_1_233' title='bbox 810 3112 975 3168; x_wconf 89' lang='lat' dir='ltr'><strong>super</strong></span> <span class='ocrx_word' id='word_1_234' title='bbox 998 3095 1254 3151; x_wconf 90' lang='lat' dir='ltr'><strong>homines</strong></span> <span class='ocrx_word' id='word_1_235' title='bbox 1283 3111 1393 3152; x_wconf 92' lang='lat' dir='ltr'><strong>non</strong></span> <span class='ocrx_word' id='word_1_236' title='bbox 1426 3095 1724 3152; x_wconf 88' lang='lat' dir='ltr'><strong>inveniret.</strong></span> 
     </span>
    </p>
   </div>
   <div class='ocr_carea' id='block_1_34' title="bbox 115 3183 1729 3262">
    <p class='ocr_par' dir='ltr' id='par_1_34' title="bbox 115 3183 1729 3262">
     <span class='ocr_line' id='line_1_34' title="bbox 115 3183 1729 3262; baseline -0.007 -11"><span class='ocrx_word' id='word_1_237' title='bbox 115 3191 386 3250; x_wconf 81' lang='lat' dir='ltr'><strong>Transire</strong></span> <span class='ocrx_word' id='word_1_238' title='bbox 414 3204 544 3262; x_wconf 86' lang='lat' dir='ltr'><strong>ergo</strong></span> <span class='ocrx_word' id='word_1_239' title='bbox 572 3193 656 3244; x_wconf 86' lang='lat' dir='ltr'><strong>est</strong></span> <span class='ocrx_word' id='word_1_240' title='bbox 688 3184 904 3258; x_wconf 88' lang='lat' dir='ltr'><strong>vigiles,</strong></span> <span class='ocrx_word' id='word_1_241' title='bbox 937 3183 1104 3240; x_wconf 90' lang='lat' dir='ltr'><strong>etiam</strong></span> <span class='ocrx_word' id='word_1_242' title='bbox 1135 3199 1228 3240; x_wconf 89' lang='lat' dir='ltr'><strong>eos</strong></span> <span class='ocrx_word' id='word_1_243' title='bbox 1256 3185 1276 3219; x_wconf 78' lang='grc'><em>³</em></span> <span class='ocrx_word' id='word_1_244' title='bbox 1304 3200 1442 3258; x_wconf 89' lang='lat' dir='ltr'><strong>quos</strong></span> <span class='ocrx_word' id='word_1_245' title='bbox 1494 3185 1729 3241; x_wconf 91' lang='lat' dir='ltr'><strong>miratur</strong></span> 
     </span>
    </p>
   </div>
   <div class='ocr_carea' id='block_1_35' title="bbox 115 3267 1811 3351">
    <p class='ocr_par' dir='ltr' id='par_1_35' title="bbox 115 3267 1811 3351">
     <span class='ocr_line' id='line_1_35' title="bbox 115 3267 1811 3351; baseline -0.007 -11"><span class='ocrx_word' id='word_1_246' title='bbox 115 3283 306 3340; x_wconf 89' lang='lat' dir='ltr'><strong>anima</strong></span> <span class='ocrx_word' id='word_1_247' title='bbox 339 3280 400 3336; x_wconf 91' lang='lat' dir='ltr'><strong>in</strong></span> <span class='ocrx_word' id='word_1_248' title='bbox 429 3277 549 3351; x_wconf 88' lang='lat' dir='ltr'><strong>ejus</strong></span> <span class='ocrx_word' id='word_1_249' title='bbox 580 3273 991 3348; x_wconf 87' lang='lat' dir='ltr'><strong>comparatione</strong></span> <span class='ocrx_word' id='word_1_250' title='bbox 1020 3281 1369 3346; x_wconf 89' lang='lat' dir='ltr'><strong>postponere.</strong></span> <span class='ocrx_word' id='word_1_251' title='bbox 1414 3275 1486 3330; x_wconf 90' lang='lat' dir='ltr'><strong>Et</strong></span> <span class='ocrx_word' id='word_1_252' title='bbox 1515 3282 1650 3331; x_wconf 88' lang='lat' dir='ltr'><strong>tunc</strong></span> <span class='ocrx_word' id='word_1_253' title='bbox 1685 3273 1734 3330; x_wconf 87' lang='lat' dir='ltr'><strong>is</strong></span> <span class='ocrx_word' id='word_1_254' title='bbox 1767 3267 1811 3328; x_wconf 92' lang='lat' dir='ltr'><strong>C</strong></span> 
     </span>
    </p>
   </div>
   <div class='ocr_carea' id='block_1_36' title="bbox 117 3360 1726 3446">
    <p class='ocr_par' dir='ltr' id='par_1_36' title="bbox 117 3360 1726 3446">
     <span class='ocr_line' id='line_1_36' title="bbox 117 3360 1726 3446; baseline -0.006 -19"><span class='ocrx_word' id='word_1_255' title='bbox 117 3372 212 3446; x_wconf 89' lang='lat' dir='ltr'><strong>qui</strong></span> <span class='ocrx_word' id='word_1_256' title='bbox 235 3368 613 3445; x_wconf 73' lang='lat' dir='ltr'><strong>quaerebatur,</strong></span> <span class='ocrx_word' id='word_1_257' title='bbox 657 3364 924 3431; x_wconf 89' lang='lat' dir='ltr'><strong>cernitur,</strong></span> <span class='ocrx_word' id='word_1_258' title='bbox 957 3362 1004 3418; x_wconf 89' lang='lat' dir='ltr'><strong>si</strong></span> <span class='ocrx_word' id='word_1_259' title='bbox 1035 3360 1204 3418; x_wconf 90' lang='lat' dir='ltr'><strong>homo</strong></span> <span class='ocrx_word' id='word_1_260' title='bbox 1237 3361 1486 3436; x_wconf 89' lang='lat' dir='ltr'><strong>quidem,</strong></span> <span class='ocrx_word' id='word_1_261' title='bbox 1519 3362 1613 3418; x_wconf 90' lang='lat' dir='ltr'><strong>sed</strong></span> <span class='ocrx_word' id='word_1_262' title='bbox 1648 3369 1726 3418; x_wconf 86' lang='lat' dir='ltr'><strong>ta-</strong></span> 
     </span>
    </p>
   </div>
   <div class='ocr_carea' id='block_1_37' title="bbox 118 3450 1731 3518">
    <p class='ocr_par' dir='ltr' id='par_1_37' title="bbox 118 3450 1731 3518">
     <span class='ocr_line' id='line_1_37' title="bbox 118 3450 1731 3518; baseline -0.006 0"><span class='ocrx_word' id='word_1_263' title='bbox 118 3476 244 3518; x_wconf 90' lang='lat' dir='ltr'><strong>men</strong></span> <span class='ocrx_word' id='word_1_264' title='bbox 273 3466 436 3516; x_wconf 85' lang='lat' dir='ltr'><strong>extra</strong></span> <span class='ocrx_word' id='word_1_265' title='bbox 464 3469 748 3513; x_wconf 89' lang='lat' dir='ltr'><strong>mensuras</strong></span> <span class='ocrx_word' id='word_1_266' title='bbox 785 3451 1078 3508; x_wconf 90' lang='lat' dir='ltr'><strong>hominum</strong></span> <span class='ocrx_word' id='word_1_267' title='bbox 1109 3450 1382 3508; x_wconf 87' lang='lat' dir='ltr'><strong>credatur.</strong></span> <span class='ocrx_word' id='word_1_268' title='bbox 1415 3452 1572 3509; x_wconf 90' lang='lat' dir='ltr'><strong>Unde</strong></span> <span class='ocrx_word' id='word_1_269' title='bbox 1590 3451 1731 3509; x_wconf 82' lang='lat' dir='ltr'><strong>bene</strong></span> 
     </span>
    </p>
   </div>
   <div class='ocr_carea' id='block_1_38' title="bbox 118 3543 1732 3616">
    <p class='ocr_par' dir='ltr' id='par_1_38' title="bbox 118 3543 1732 3616">
     <span class='ocr_line' id='line_1_38' title="bbox 118 3543 1732 3616; baseline -0.006 -5"><span class='ocrx_word' id='word_1_270' title='bbox 118 3569 270 3610; x_wconf 86' lang='lat' dir='ltr'><strong>nunc</strong></span> <span class='ocrx_word' id='word_1_271' title='bbox 294 3550 504 3609; x_wconf 87' lang='lat' dir='ltr'><strong>dicitur</strong></span> <span class='ocrx_word' id='word_1_272' title='bbox 533 3567 545 3604; x_wconf 93' lang='lat'>:</span> <span class='ocrx_word' id='word_1_273' title='bbox 578 3548 778 3605; x_wconf 89' lang='lat' dir='ltr'><strong>Nullus</strong></span> <span class='ocrx_word' id='word_1_274' title='bbox 807 3545 854 3601; x_wconf 90' lang='lat' dir='ltr'><strong>ei</strong></span> <span class='ocrx_word' id='word_1_275' title='bbox 890 3543 1081 3600; x_wconf 82' lang='lat' dir='ltr'><strong>similis</strong></span> <span class='ocrx_word' id='word_1_276' title='bbox 1108 3543 1164 3598; x_wconf 87' lang='lat' dir='ltr'><strong>in</strong></span> <span class='ocrx_word' id='word_1_277' title='bbox 1195 3545 1607 3616; x_wconf 82' lang='lat' dir='ltr'><strong>legislatoribus.</strong></span> <span class='ocrx_word' id='word_1_278' title='bbox 1626 3543 1732 3602; x_wconf 88' lang='lat' dir='ltr'><strong>Sed</strong></span> 
     </span>
    </p>
   </div>
   <div class='ocr_carea' id='block_1_39' title="bbox 117 3633 1733 3710">
    <p class='ocr_par' dir='ltr' id='par_1_39' title="bbox 117 3633 1733 3710">
     <span class='ocr_line' id='line_1_39' title="bbox 117 3633 1733 3710; baseline -0.004 -13"><span class='ocrx_word' id='word_1_279' title='bbox 117 3642 165 3700; x_wconf 88' lang='lat' dir='ltr'><strong>is</strong></span> <span class='ocrx_word' id='word_1_280' title='bbox 187 3640 456 3698; x_wconf 89' lang='lat' dir='ltr'><strong>videlicet</strong></span> <span class='ocrx_word' id='word_1_281' title='bbox 485 3653 582 3710; x_wconf 90' lang='lat' dir='ltr'><strong>per</strong></span> <span class='ocrx_word' id='word_1_282' title='bbox 611 3633 994 3693; x_wconf 90' lang='lat' dir='ltr'><strong>inﬁrmitatem</strong></span> <span class='ocrx_word' id='word_1_283' title='bbox 1010 3633 1194 3690; x_wconf 90' lang='lat' dir='ltr'><strong>carnis</strong></span> <span class='ocrx_word' id='word_1_284' title='bbox 1221 3634 1427 3691; x_wconf 87' lang='lat' dir='ltr'><strong>nostris</strong></span> <span class='ocrx_word' id='word_1_285' title='bbox 1443 3633 1733 3690; x_wconf 88' lang='lat' dir='ltr'><strong>obtutibus</strong></span> 
     </span>
    </p>
   </div>
   <div class='ocr_carea' id='block_1_40' title="bbox 117 3725 1734 3808">
    <p class='ocr_par' dir='ltr' id='par_1_40' title="bbox 117 3725 1734 3808">
     <span class='ocr_line' id='line_1_40' title="bbox 117 3725 1734 3808; baseline -0.007 -16"><span class='ocrx_word' id='word_1_286' title='bbox 117 3730 547 3808; x_wconf 84' lang='lat' dir='ltr'><strong>apparens,dum</strong></span> <span class='ocrx_word' id='word_1_287' title='bbox 562 3728 702 3786; x_wconf 87' lang='lat' dir='ltr'><strong>alios</strong></span> <span class='ocrx_word' id='word_1_288' title='bbox 723 3725 999 3799; x_wconf 90' lang='lat' dir='ltr'><strong>reprobat,</strong></span> <span class='ocrx_word' id='word_1_289' title='bbox 1027 3725 1168 3782; x_wconf 89' lang='lat' dir='ltr'><strong>alios</strong></span> <span class='ocrx_word' id='word_1_290' title='bbox 1184 3727 1514 3796; x_wconf 87' lang='lat' dir='ltr'><strong>vocat,mira</strong></span> <span class='ocrx_word' id='word_1_291' title='bbox 1519 3725 1734 3798; x_wconf 90' lang='lat' dir='ltr'><strong>judicia</strong></span> 
     </span>
    </p>
   </div>
   <div class='ocr_carea' id='block_1_41' title="bbox 117 3813 1731 3894">
    <p class='ocr_par' dir='ltr' id='par_1_41' title="bbox 117 3813 1731 3894">
     <span class='ocr_line' id='line_1_41' title="bbox 117 3813 1731 3894; baseline -0.007 -14"><span class='ocrx_word' id='word_1_292' title='bbox 117 3821 406 3889; x_wconf 76' lang='lat' dir='ltr'><strong>exhibuit,</strong></span> <span class='ocrx_word' id='word_1_293' title='bbox 433 3835 554 3894; x_wconf 71' lang='lat' dir='ltr'><strong>quae</strong></span> <span class='ocrx_word' id='word_1_294' title='bbox 582 3833 616 3874; x_wconf 90' lang='lat' dir='ltr'><strong>a</strong></span> <span class='ocrx_word' id='word_1_295' title='bbox 642 3815 806 3874; x_wconf 90' lang='lat' dir='ltr'><strong>nobis</strong></span> <span class='ocrx_word' id='word_1_296' title='bbox 831 3822 886 3870; x_wconf 90' lang='lat' dir='ltr'><strong>et</strong></span> <span class='ocrx_word' id='word_1_297' title='bbox 912 3813 1142 3886; x_wconf 85' lang='lat' dir='ltr'><strong>cogitari</strong></span> <span class='ocrx_word' id='word_1_298' title='bbox 1174 3816 1468 3888; x_wconf 88' lang='lat' dir='ltr'><strong>possint,et</strong></span> <span class='ocrx_word' id='word_1_299' title='bbox 1487 3831 1731 3886; x_wconf 88' lang='lat' dir='ltr'><strong>compre-</strong></span> 
     </span>
    </p>
   </div>
   <div class='ocr_carea' id='block_1_42' title="bbox 118 3905 1733 3983">
    <p class='ocr_par' dir='ltr' id='par_1_42' title="bbox 118 3905 1733 3983">
     <span class='ocr_line' id='line_1_42' title="bbox 118 3905 1733 3983; baseline -0.007 -12"><span class='ocrx_word' id='word_1_300' title='bbox 118 3913 288 3971; x_wconf 88' lang='lat' dir='ltr'><strong>hendi</strong></span> <span class='ocrx_word' id='word_1_301' title='bbox 315 3926 428 3968; x_wconf 91' lang='lat' dir='ltr'><strong>non</strong></span> <span class='ocrx_word' id='word_1_302' title='bbox 453 3907 790 3983; x_wconf 79' lang='lat' dir='ltr'><strong>possint.Ait</strong></span> <span class='ocrx_word' id='word_1_303' title='bbox 806 3909 952 3969; x_wconf 84' lang='lat'><strong>855</strong></span> <span class='ocrx_word' id='word_1_304' title='bbox 976 3922 1246 3980; x_wconf 89' lang='lat' dir='ltr'><strong>namque:</strong></span> <span class='ocrx_word' id='word_1_305' title='bbox 1271 3908 1338 3963; x_wconf 89' lang='lat' dir='ltr'><strong>In</strong></span> <span class='ocrx_word' id='word_1_306' title='bbox 1362 3905 1629 3976; x_wconf 84' lang='lat' dir='ltr'><strong>judicium</strong></span> <span class='ocrx_word' id='word_1_307' title='bbox 1645 3923 1733 3977; x_wconf 91' lang='lat' dir='ltr'><strong>ego</strong></span> 
     </span>
    </p>
   </div>
   <div class='ocr_carea' id='block_1_43' title="bbox 120 4003 1736 4078">
    <p class='ocr_par' dir='ltr' id='par_1_43' title="bbox 120 4003 1736 4078">
     <span class='ocr_line' id='line_1_43' title="bbox 120 4003 1736 4078; baseline -0.004 -14"><span class='ocrx_word' id='word_1_308' title='bbox 120 4009 174 4064; x_wconf 80' lang='lat' dir='ltr'><strong>in</strong></span> <span class='ocrx_word' id='word_1_309' title='bbox 201 4010 342 4064; x_wconf 85' lang='lat' dir='ltr'><strong>hunc</strong></span> <span class='ocrx_word' id='word_1_310' title='bbox 367 4006 626 4062; x_wconf 86' lang='lat' dir='ltr'><strong>mundum</strong></span> <span class='ocrx_word' id='word_1_311' title='bbox 646 4003 786 4070; x_wconf 83' lang='lat' dir='ltr'><strong>veni,</strong></span> <span class='ocrx_word' id='word_1_312' title='bbox 807 4011 867 4059; x_wconf 92' lang='lat' dir='ltr'><strong>ut</strong></span> <span class='ocrx_word' id='word_1_313' title='bbox 891 4006 984 4078; x_wconf 85' lang='lat' dir='ltr'><strong>qui</strong></span> <span class='ocrx_word' id='word_1_314' title='bbox 1012 4022 1119 4060; x_wconf 88' lang='lat' dir='ltr'><strong>non</strong></span> <span class='ocrx_word' id='word_1_315' title='bbox 1139 4004 1316 4060; x_wconf 81' lang='lat' dir='ltr'><strong>vident</strong></span> <span class='ocrx_word' id='word_1_316' title='bbox 1335 4005 1620 4073; x_wconf 83' lang='lat' dir='ltr'><strong>videant,et</strong></span> <span class='ocrx_word' id='word_1_317' title='bbox 1641 4004 1736 4076; x_wconf 89' lang='lat' dir='ltr'><strong>qui</strong></span> 
     </span>
    </p>
   </div>
   <div class='ocr_carea' id='block_1_44' title="bbox 120 4093 1736 4167">
    <p class='ocr_par' dir='ltr' id='par_1_44' title="bbox 120 4093 1736 4167">
     <span class='ocr_line' id='line_1_44' title="bbox 120 4093 1736 4167; baseline -0.006 -11"><span class='ocrx_word' id='word_1_318' title='bbox 120 4098 297 4155; x_wconf 77' lang='lat' dir='ltr'><strong>vident</strong></span> <span class='ocrx_word' id='word_1_319' title='bbox 323 4093 444 4152; x_wconf 74' lang='grc' dir='ltr'><strong>σιεσὶ</strong></span> <span class='ocrx_word' id='word_1_320' title='bbox 462 4094 597 4167; x_wconf 78' lang='lat' dir='ltr'><strong>ﬁant</strong></span> <span class='ocrx_word' id='word_1_321' title='bbox 621 4093 811 4165; x_wconf 80' lang='lat' dir='ltr'><strong>(Joan.</strong></span> <span class='ocrx_word' id='word_1_322' title='bbox 836 4110 916 4163; x_wconf 82' lang='lat' dir='ltr'><strong>rx,</strong></span> <span class='ocrx_word' id='word_1_323' title='bbox 935 4093 1060 4165; x_wconf 85' lang='lat'><strong>39).</strong></span> <span class='ocrx_word' id='word_1_324' title='bbox 1090 4094 1160 4150; x_wconf 91' lang='lat' dir='ltr'><strong>Et</strong></span> <span class='ocrx_word' id='word_1_325' title='bbox 1188 4109 1441 4149; x_wconf 87' lang='lat' dir='ltr'><strong>rursum:</strong></span> <span class='ocrx_word' id='word_1_326' title='bbox 1471 4094 1736 4166; x_wconf 78' lang='lat' dir='ltr'><strong>Conﬁteor</strong></span> 
     </span>
    </p>
   </div>
   <div class='ocr_carea' id='block_1_45' title="bbox 119 4181 1737 4256">
    <p class='ocr_par' dir='ltr' id='par_1_45' title="bbox 119 4181 1737 4256">
     <span class='ocr_line' id='line_1_45' title="bbox 119 4181 1737 4256; baseline -0.005 -12"><span class='ocrx_word' id='word_1_327' title='bbox 119 4188 429 4256; x_wconf 81' lang='lat' dir='ltr'><strong>tibi,Pater,</strong></span> <span class='ocrx_word' id='word_1_328' title='bbox 457 4182 682 4241; x_wconf 80' lang='lat' dir='ltr'><strong>Domine</strong></span> <span class='ocrx_word' id='word_1_329' title='bbox 699 4184 816 4240; x_wconf 62' lang='lat' dir='ltr'><strong>creti</strong></span> <span class='ocrx_word' id='word_1_330' title='bbox 852 4189 901 4239; x_wconf 88' lang='lat' dir='ltr'><strong>et</strong></span> <span class='ocrx_word' id='word_1_331' title='bbox 921 4190 1098 4251; x_wconf 65' lang='lat' dir='ltr'><strong>terra,</strong></span> <span class='ocrx_word' id='word_1_332' title='bbox 1131 4182 1261 4254; x_wconf 86' lang='lat' dir='ltr'><strong>quia</strong></span> <span class='ocrx_word' id='word_1_333' title='bbox 1282 4182 1602 4246; x_wconf 80' lang='lat' dir='ltr'><strong>abscondisti</strong></span> <span class='ocrx_word' id='word_1_334' title='bbox 1629 4181 1737 4236; x_wconf 64' lang='lat' dir='ltr'><strong>hac</strong></span> 
     </span>
    </p>
   </div>
   <div class='ocr_carea' id='block_1_46' title="bbox 117 4271 1737 4349">
    <p class='ocr_par' dir='ltr' id='par_1_46' title="bbox 117 4271 1737 4349">
     <span class='ocr_line' id='line_1_46' title="bbox 117 4271 1737 4349; baseline -0.006 -15"><span class='ocrx_word' id='word_1_335' title='bbox 117 4296 152 4334; x_wconf 88' lang='lat' dir='ltr'><strong>a</strong></span> <span class='ocrx_word' id='word_1_336' title='bbox 179 4274 513 4349; x_wconf 81' lang='lat' dir='ltr'><strong>sapientibus</strong></span> <span class='ocrx_word' id='word_1_337' title='bbox 540 4279 592 4330; x_wconf 89' lang='lat' dir='ltr'><strong>et</strong></span> <span class='ocrx_word' id='word_1_338' title='bbox 637 4275 1012 4347; x_wconf 84' lang='lat' dir='ltr'><strong>prudentibus,</strong></span> <span class='ocrx_word' id='word_1_339' title='bbox 1047 4280 1097 4330; x_wconf 88' lang='lat' dir='ltr'><strong>et</strong></span> <span class='ocrx_word' id='word_1_340' title='bbox 1124 4272 1374 4328; x_wconf 78' lang='lat' dir='ltr'><strong>revelasti&#39;</strong></span> <span class='ocrx_word' id='word_1_341' title='bbox 1401 4290 1461 4328; x_wconf 89' lang='lat' dir='ltr'><strong>ea</strong></span> <span class='ocrx_word' id='word_1_342' title='bbox 1486 4271 1737 4344; x_wconf 83' lang='lat' dir='ltr'><strong>parvulis</strong></span> 
     </span>
    </p>
   </div>
   <div class='ocr_carea' id='block_1_47' title="bbox 119 4359 1738 4439">
    <p class='ocr_par' dir='ltr' id='par_1_47' title="bbox 119 4359 1738 4439">
     <span class='ocr_line' id='line_1_47' title="bbox 119 4359 1738 4439; baseline -0.005 -15"><span class='ocrx_word' id='word_1_343' title='bbox 119 4367 337 4439; x_wconf 72' lang='lat' dir='ltr'><strong>(Matth.</strong></span> <span class='ocrx_word' id='word_1_344' title='bbox 371 4381 454 4433; x_wconf 69' lang='grc' dir='ltr'><strong>ιι,</strong></span> <span class='ocrx_word' id='word_1_345' title='bbox 485 4362 604 4434; x_wconf 73' lang='grc'><strong>25).</strong></span> <span class='ocrx_word' id='word_1_346' title='bbox 645 4365 707 4420; x_wconf 89' lang='lat' dir='ltr'><strong>In</strong></span> <span class='ocrx_word' id='word_1_347' title='bbox 755 4364 959 4438; x_wconf 89' lang='lat' dir='ltr'><strong>quibus</strong></span> <span class='ocrx_word' id='word_1_348' title='bbox 998 4363 1263 4420; x_wconf 89' lang='lat' dir='ltr'><strong>nimirum</strong></span> <span class='ocrx_word' id='word_1_349' title='bbox 1291 4360 1522 4434; x_wconf 90' lang='lat' dir='ltr'><strong>judiciis</strong></span> <span class='ocrx_word' id='word_1_350' title='bbox 1549 4359 1738 4417; x_wconf 71' lang='lat' dir='ltr'><strong>Iudaea</strong></span> 
     </span>
    </p>
   </div>
   <div class='ocr_carea' id='block_1_48' title="bbox 119 4447 1739 4530">
    <p class='ocr_par' dir='ltr' id='par_1_48' title="bbox 119 4447 1739 4530">
     <span class='ocr_line' id='line_1_48' title="bbox 119 4447 1739 4530; baseline -0.007 -16"><span class='ocrx_word' id='word_1_351' title='bbox 119 4455 431 4530; x_wconf 85' lang='lat' dir='ltr'><strong>repellitur,</strong></span> <span class='ocrx_word' id='word_1_352' title='bbox 486 4452 766 4526; x_wconf 85' lang='lat' dir='ltr'><strong>gentilitas</strong></span> <span class='ocrx_word' id='word_1_353' title='bbox 827 4459 1169 4526; x_wconf 86' lang='lat' dir='ltr'><strong>aggregatur.</strong></span> <span class='ocrx_word' id='word_1_354' title='bbox 1238 4449 1397 4519; x_wconf 85' lang='lat' dir='ltr'><strong>Quod</strong></span> <span class='ocrx_word' id='word_1_355' title='bbox 1474 4447 1739 4525; x_wconf 86' lang='lat' dir='ltr'><strong>videlicet</strong></span> 
     </span>
    </p>
   </div>
   <div class='ocr_carea' id='block_1_49' title="bbox 119 4540 1738 4616">
    <p class='ocr_par' dir='ltr' id='par_1_49' title="bbox 119 4540 1738 4616">
     <span class='ocr_line' id='line_1_49' title="bbox 119 4540 1738 4616; baseline -0.002 -15"><span class='ocrx_word' id='word_1_356' title='bbox 119 4546 332 4603; x_wconf 82' lang='lat' dir='ltr'><strong>factum</strong></span> <span class='ocrx_word' id='word_1_357' title='bbox 370 4542 563 4600; x_wconf 89' lang='lat' dir='ltr'><strong>mirari</strong></span> <span class='ocrx_word' id='word_1_358' title='bbox 588 4559 901 4616; x_wconf 88' lang='lat' dir='ltr'><strong>possumus,</strong></span> <span class='ocrx_word' id='word_1_359' title='bbox 931 4543 1028 4600; x_wconf 87' lang='lat' dir='ltr'><strong>sed</strong></span> <span class='ocrx_word' id='word_1_360' title='bbox 1057 4541 1388 4616; x_wconf 87' lang='lat' dir='ltr'><strong>perscrutari</strong></span> <span class='ocrx_word' id='word_1_361' title='bbox 1419 4540 1738 4597; x_wconf 88' lang='lat' dir='ltr'><strong>nullatenus</strong></span> 
     </span>
    </p>
   </div>
   <div class='ocr_carea' id='block_1_50' title="bbox 121 4630 1624 4693">
    <p class='ocr_par' dir='ltr' id='par_1_50' title="bbox 121 4630 1624 4693">
     <span class='ocr_line' id='line_1_50' title="bbox 121 4630 1624 4693; baseline -0.003 -3"><span class='ocrx_word' id='word_1_362' title='bbox 121 4637 396 4693; x_wconf 85' lang='lat' dir='ltr'><strong>valemus.</strong></span> <span class='ocrx_word' id='word_1_363' title='bbox 436 4633 593 4691; x_wconf 90' lang='lat' dir='ltr'><strong>Unde</strong></span> <span class='ocrx_word' id='word_1_364' title='bbox 620 4641 676 4691; x_wconf 91' lang='lat' dir='ltr'><strong>et</strong></span> <span class='ocrx_word' id='word_1_365' title='bbox 704 4633 843 4690; x_wconf 87' lang='lat' dir='ltr'><strong>bene</strong></span> <span class='ocrx_word' id='word_1_366' title='bbox 871 4649 1022 4690; x_wconf 89' lang='lat' dir='ltr'><strong>nunc</strong></span> <span class='ocrx_word' id='word_1_367' title='bbox 1059 4633 1127 4689; x_wconf 87' lang='lat' dir='ltr'><strong>ab</strong></span> <span class='ocrx_word' id='word_1_368' title='bbox 1156 4632 1288 4690; x_wconf 85' lang='lat' dir='ltr'><strong>Elin</strong></span> <span class='ocrx_word' id='word_1_369' title='bbox 1323 4630 1580 4688; x_wconf 86' lang='lat' dir='ltr'><strong>subditur</strong></span> <span class='ocrx_word' id='word_1_370' title='bbox 1613 4647 1624 4686; x_wconf 91' lang='lat'><strong>:</strong></span> 
     </span>
    </p>
   </div>
   <div class='ocr_carea' id='block_1_51' title="bbox 753 4786 1112 4844">
    <p class='ocr_par' dir='ltr' id='par_1_51' title="bbox 753 4786 1112 4844">
     <span class='ocr_line' id='line_1_51' title="bbox 753 4786 1112 4844; baseline -0.006 0"><span class='ocrx_word' id='word_1_371' title='bbox 753 4786 984 4844; x_wconf 88' lang='lat' dir='ltr'><strong>CAPUT</strong></span> <span class='ocrx_word' id='word_1_372' title='bbox 1014 4786 1112 4843; x_wconf 90' lang='lat' dir='ltr'><strong>III.</strong></span> 
     </span>
    </p>
   </div>
   <div class='ocr_carea' id='block_1_52' title="bbox 193 4898 1741 4974">
    <p class='ocr_par' dir='ltr' id='par_1_52' title="bbox 193 4898 1741 4974">
     <span class='ocr_line' id='line_1_52' title="bbox 193 4898 1741 4974; baseline -0.005 -12"><span class='ocrx_word' id='word_1_373' title='bbox 193 4905 374 4962; x_wconf 73' lang='lat' dir='ltr'><strong>Vrsas.</strong></span> <span class='ocrx_word' id='word_1_374' title='bbox 409 4901 712 4970; x_wconf 77' lang='lat' dir='ltr'><strong>23.—Quis</strong></span> <span class='ocrx_word' id='word_1_375' title='bbox 756 4901 960 4974; x_wconf 87' lang='lat' dir='ltr'><strong>poterit</strong></span> <span class='ocrx_word' id='word_1_376' title='bbox 991 4899 1233 4956; x_wconf 86' lang='lat' dir='ltr'><strong>scrutari</strong></span> <span class='ocrx_word' id='word_1_377' title='bbox 1283 4899 1400 4956; x_wconf 80' lang='lat' dir='ltr'><strong>vias</strong></span> <span class='ocrx_word' id='word_1_378' title='bbox 1433 4898 1547 4970; x_wconf 82' lang='lat' dir='ltr'><strong>ejus</strong></span> <span class='ocrx_word' id='word_1_379' title='bbox 1575 4902 1602 4958; x_wconf 77' lang='lat'><em>?</em></span> <span class='ocrx_word' id='word_1_380' title='bbox 1645 4905 1741 4956; x_wconf 89' lang='lat' dir='ltr'><strong>aut</strong></span> 
     </span>
    </p>
   </div>
   <div class='ocr_carea' id='block_1_53' title="bbox 121 4989 1572 5066">
    <p class='ocr_par' dir='ltr' id='par_1_53' title="bbox 121 4989 1572 5066">
     <span class='ocr_line' id='line_1_53' title="bbox 121 4989 1572 5066; baseline -0.003 -15"><span class='ocrx_word' id='word_1_381' title='bbox 121 4995 277 5066; x_wconf 88' lang='lat' dir='ltr'><strong>quia,</strong></span> <span class='ocrx_word' id='word_1_382' title='bbox 305 4991 468 5050; x_wconf 83' lang='lat' dir='ltr'><strong>audet</strong></span> <span class='ocrx_word' id='word_1_383' title='bbox 493 4990 543 5048; x_wconf 86' lang='lat' dir='ltr'><strong>ei</strong></span> <span class='ocrx_word' id='word_1_384' title='bbox 571 4991 744 5046; x_wconf 85' lang='lat' dir='ltr'><strong>dicere</strong></span> <span class='ocrx_word' id='word_1_385' title='bbox 775 4991 1078 5062; x_wconf 87' lang='lat' dir='ltr'><strong>:Operatus</strong></span> <span class='ocrx_word' id='word_1_386' title='bbox 1106 5007 1158 5044; x_wconf 91' lang='lat' dir='ltr'><strong>es</strong></span> <span class='ocrx_word' id='word_1_387' title='bbox 1185 4989 1516 5060; x_wconf 83' lang='lat' dir='ltr'><strong>iniquitatem</strong></span> <span class='ocrx_word' id='word_1_388' title='bbox 1543 4991 1572 5046; x_wconf 78' lang='lat'><em>?</em></span> 
     </span>
    </p>
   </div>
   <div class='ocr_carea' id='block_1_54' title="bbox 193 5105 1744 5178">
    <p class='ocr_par' dir='ltr' id='par_1_54' title="bbox 193 5105 1744 5178">
     <span class='ocr_line' id='line_1_54' title="bbox 193 5105 1744 5178; baseline -0.005 -10"><span class='ocrx_word' id='word_1_389' title='bbox 193 5111 255 5170; x_wconf 87' lang='lat'><strong>5.</strong></span> <span class='ocrx_word' id='word_1_390' title='bbox 285 5107 503 5168; x_wconf 75' lang='lat' dir='ltr'><strong>Iudicia</strong></span> <span class='ocrx_word' id='word_1_391' title='bbox 528 5105 643 5178; x_wconf 84' lang='lat' dir='ltr'><strong>ejus</strong></span> <span class='ocrx_word' id='word_1_392' title='bbox 671 5106 927 5172; x_wconf 87' lang='lat' dir='ltr'><strong>scrutari,</strong></span> <span class='ocrx_word' id='word_1_393' title='bbox 964 5107 1130 5162; x_wconf 87' lang='lat' dir='ltr'><strong>multo</strong></span> <span class='ocrx_word' id='word_1_394' title='bbox 1167 5105 1342 5161; x_wconf 88' lang='lat' dir='ltr'><strong>minus</strong></span> <span class='ocrx_word' id='word_1_395' title='bbox 1370 5105 1744 5177; x_wconf 78' lang='lat' dir='ltr'><strong>reprehendere</strong></span> 
     </span>
    </p>
   </div>
   <div class='ocr_carea' id='block_1_55' title="bbox 125 5194 1744 5268">
    <p class='ocr_par' dir='ltr' id='par_1_55' title="bbox 125 5194 1744 5268">
     <span class='ocr_line' id='line_1_55' title="bbox 125 5194 1744 5268; baseline -0.002 -13"><span class='ocrx_word' id='word_1_396' title='bbox 125 5217 237 5255; x_wconf 88' lang='lat' dir='ltr'><strong>non</strong></span> <span class='ocrx_word' id='word_1_397' title='bbox 266 5198 530 5254; x_wconf 76' lang='lat' dir='ltr'><strong>debemus.</strong></span> <span class='ocrx_word' id='word_1_398' title='bbox 561 5227 632 5238; x_wconf 89' lang='lat'><strong><em>—</em></strong></span> <span class='ocrx_word' id='word_1_399' title='bbox 661 5197 742 5254; x_wconf 91' lang='lat' dir='ltr'><strong>Ac</strong></span> <span class='ocrx_word' id='word_1_400' title='bbox 759 5196 808 5252; x_wconf 90' lang='lat' dir='ltr'><strong>si</strong></span> <span class='ocrx_word' id='word_1_401' title='bbox 833 5195 982 5255; x_wconf 87' lang='lat' dir='ltr'><strong>dicat</strong></span> <span class='ocrx_word' id='word_1_402' title='bbox 1014 5213 1025 5252; x_wconf 93' lang='lat'><strong>:</strong></span> <span class='ocrx_word' id='word_1_403' title='bbox 1051 5194 1223 5268; x_wconf 88' lang='lat' dir='ltr'><strong>Cujus</strong></span> <span class='ocrx_word' id='word_1_404' title='bbox 1251 5195 1580 5268; x_wconf 83' lang='lat' dir='ltr'><strong>perscrutari</strong></span> <span class='ocrx_word' id='word_1_405' title='bbox 1599 5194 1744 5252; x_wconf 91' lang='lat' dir='ltr'><strong>actio</strong></span> 
     </span>
    </p>
   </div>
   <div class='ocr_carea' id='block_1_56' title="bbox 131 5373 1754 5446">
    <p class='ocr_par' dir='ltr' id='par_1_56' title="bbox 131 5373 1754 5446">
     <span class='ocr_line' id='line_1_56' title="bbox 131 5373 1754 5446; baseline -0.004 -10"><span class='ocrx_word' id='word_1_406' title='bbox 131 5378 331 5446; x_wconf 88' lang='lat' dir='ltr'><strong>nullis,</strong></span> <span class='ocrx_word' id='word_1_407' title='bbox 363 5377 454 5434; x_wconf 88' lang='lat' dir='ltr'><strong>sed</strong></span> <span class='ocrx_word' id='word_1_408' title='bbox 479 5375 740 5432; x_wconf 85' lang='lat' dir='ltr'><strong>nimirum</strong></span> <span class='ocrx_word' id='word_1_409' title='bbox 769 5377 961 5434; x_wconf 87' lang='lat' dir='ltr'><strong>Petrus</strong></span> <span class='ocrx_word' id='word_1_410' title='bbox 986 5392 1148 5446; x_wconf 89' lang='lat' dir='ltr'><strong>quam</strong></span> <span class='ocrx_word' id='word_1_411' title='bbox 1174 5376 1406 5432; x_wconf 70' lang='lat' dir='ltr'><strong>excelsus</strong></span> <span class='ocrx_word' id='word_1_412' title='bbox 1442 5375 1499 5430; x_wconf 86' lang='lat' dir='ltr'><strong>in</strong></span> <span class='ocrx_word' id='word_1_413' title='bbox 1539 5373 1754 5446; x_wconf 78' lang='lat' dir='ltr'><strong>fortitu-</strong></span> 
     </span>
    </p>
   </div>
   <div class='ocr_carea' id='block_1_57' title="bbox 130 5392 1754 5536">
    <p class='ocr_par' dir='ltr' id='par_1_57' title="bbox 130 5392 1754 5536">
     <span class='ocr_line' id='line_1_57' title="bbox 131 5392 1754 5446; baseline -0.004 -10"><span class='ocrx_word' id='word_1_414' title='bbox 131 5392 331 5446; x_wconf 80' lang='lat' dir='ltr'><strong>nuuis,</strong></span> <span class='ocrx_word' id='word_1_415' title='bbox 363 5392 451 5434; x_wconf 87' lang='lat' dir='ltr'><strong>sea</strong></span> <span class='ocrx_word' id='word_1_416' title='bbox 479 5392 740 5432; x_wconf 72' lang='lat' dir='ltr'><strong>nimirum</strong></span> <span class='ocrx_word' id='word_1_417' title='bbox 769 5392 961 5434; x_wconf 61' lang='lat' dir='ltr'><strong>petrus</strong></span> <span class='ocrx_word' id='word_1_418' title='bbox 1023 5392 1148 5432; x_wconf 90' lang='lat' dir='ltr'><strong>ua-m</strong></span> <span class='ocrx_word' id='word_1_419' title='bbox 1174 5392 1406 5432; x_wconf 69' lang='lat' dir='ltr'><strong>excelsus</strong></span> <span class='ocrx_word' id='word_1_420' title='bbox 1442 5393 1499 5430; x_wconf 73' lang='lat' dir='ltr'><strong>in</strong></span> <span class='ocrx_word' id='word_1_421' title='bbox 1539 5392 1754 5446; x_wconf 74' lang='lat' dir='ltr'><strong>[armu-</strong></span> 
     </span>
     <span class='ocr_line' id='line_1_58' title="bbox 130 5392 1754 5536; baseline -0.004 -29"><span class='ocrx_word' id='word_1_422' title='bbox 130 5452 165 5507; x_wconf 79' lang='grc' dir='ltr'>ά</span> <span class='ocrx_word' id='word_1_423' title='bbox 173 5452 261 5506; x_wconf 85' lang='lat' dir='ltr'><strong>ine</strong></span> <span class='ocrx_word' id='word_1_424' title='bbox 283 5456 415 5531; x_wconf 72' lang='lat' dir='ltr'><strong>esset</strong></span> <span class='ocrx_word' id='word_1_425' title='bbox 439 5447 853 5536; x_wconf 55' lang='lat' dir='ltr'><strong>apparuitybi</strong></span> <span class='ocrx_word' id='word_1_426' title='bbox 875 5447 957 5536; x_wconf 78' lang='lat' dir='ltr'><strong>ad</strong></span> <span class='ocrx_word' id='word_1_427' title='bbox 986 5392 1466 5536; x_wconf 56' lang='lat' dir='ltr'><strong>(I’etrumrefertur</strong></span> <span class='ocrx_word' id='word_1_428' title='bbox 1484 5445 1754 5536; x_wconf 71' lang='lat' dir='ltr'><strong>fortitudo</strong></span> 
     </span>
    </p>
   </div>
   <div class='ocr_carea' id='block_1_58' title="bbox 131 5518 1754 5596">
    <p class='ocr_par' dir='ltr' id='par_1_58' title="bbox 131 5518 1754 5596">
     <span class='ocr_line' id='line_1_59' title="bbox 131 5518 1754 5596; baseline -0.002 -18"><span class='ocrx_word' id='word_1_429' title='bbox 131 5518 953 5596; x_wconf 16' lang='lat' dir='ltr'><strong>quamg_in_Christo_divin_am</strong></span> <span class='ocrx_word' id='word_1_430' title='bbox 983 5518 1332 5596; x_wconf 67' lang='lat' dir='ltr'><strong>commencth</strong></span> <span class='ocrx_word' id='word_1_431' title='bbox 1368 5529 1588 5596; x_wconf 76' lang='lat' dir='ltr'><strong>sanctus</strong></span> <span class='ocrx_word' id='word_1_432' title='bbox 1618 5520 1754 5596; x_wconf 78' lang='lat' dir='ltr'><strong>Doc-</strong></span> 
     </span>
    </p>
   </div>
   <div class='ocr_carea' id='block_1_59' title="bbox 135 5589 1755 5662">
    <p class='ocr_par' dir='ltr' id='par_1_59' title="bbox 135 5589 1755 5662">
     <span class='ocr_line' id='line_1_60' title="bbox 135 5589 1755 5662; baseline -0.004 -13"><span class='ocrx_word' id='word_1_433' title='bbox 135 5589 250 5662; x_wconf 64' lang='lat' dir='ltr'><strong>t&#39;or,</strong></span> <span class='ocrx_word' id='word_1_434' title='bbox 285 5591 546 5648; x_wconf 89' lang='lat' dir='ltr'><strong>aliudens</strong></span> <span class='ocrx_word' id='word_1_435' title='bbox 574 5590 644 5646; x_wconf 89' lang='lat' dir='ltr'><strong>ad</strong></span> <span class='ocrx_word' id='word_1_436' title='bbox 675 5589 826 5646; x_wconf 89' lang='lat' dir='ltr'><strong>hunc</strong></span> <span class='ocrx_word' id='word_1_437' title='bbox 856 5591 1038 5646; x_wconf 90' lang='lat' dir='ltr'><strong>locum</strong></span> <span class='ocrx_word' id='word_1_438' title='bbox 1067 5591 1170 5647; x_wconf 81' lang='lat' dir='ltr'><strong>Job</strong></span> <span class='ocrx_word' id='word_1_439' title='bbox 1196 5609 1206 5646; x_wconf 91' lang='lat'>:</span> <span class='ocrx_word' id='word_1_440' title='bbox 1243 5592 1376 5646; x_wconf 83' lang='lat' dir='ltr'><strong>Ecce</strong></span> <span class='ocrx_word' id='word_1_441' title='bbox 1393 5591 1534 5646; x_wconf 84' lang='lat' dir='ltr'><strong>Deus</strong></span> <span class='ocrx_word' id='word_1_442' title='bbox 1575 5591 1755 5644; x_wconf 68' lang='lat' dir='ltr'><strong>excel—</strong></span> 
     </span>
    </p>
   </div>
   <div class='ocr_carea' id='block_1_60' title="bbox 134 5662 1750 5734">
    <p class='ocr_par' dir='ltr' id='par_1_60' title="bbox 134 5662 1750 5734">
     <span class='ocr_line' id='line_1_61' title="bbox 134 5662 1750 5734; baseline -0.002 -14"><span class='ocrx_word' id='word_1_443' title='bbox 134 5681 230 5720; x_wconf 87' lang='lat' dir='ltr'><strong>sus</strong></span> <span class='ocrx_word' id='word_1_444' title='bbox 261 5666 319 5719; x_wconf 85' lang='lat' dir='ltr'><strong>in</strong></span> <span class='ocrx_word' id='word_1_445' title='bbox 348 5662 741 5734; x_wconf 45' lang='lat' dir='ltr'><strong>[brtitudinget</strong></span> <span class='ocrx_word' id='word_1_446' title='bbox 764 5663 947 5734; x_wconf 65' lang='lat' dir='ltr'><strong>stultus</strong></span> <span class='ocrx_word' id='word_1_447' title='bbox 966 5662 1013 5715; x_wconf 87' lang='lat' dir='ltr'><strong>ei</strong></span> <span class='ocrx_word' id='word_1_448' title='bbox 1033 5662 1222 5734; x_wconf 83' lang='lat' dir='ltr'><strong>similis</strong></span> <span class='ocrx_word' id='word_1_449' title='bbox 1237 5662 1295 5734; x_wconf 80' lang='lat' dir='ltr'><strong>in</strong></span> <span class='ocrx_word' id='word_1_450' title='bbox 1321 5663 1610 5734; x_wconf 86' lang='lat' dir='ltr'><strong>legislat.ln</strong></span> <span class='ocrx_word' id='word_1_451' title='bbox 1643 5669 1750 5716; x_wconf 90' lang='lat' dir='ltr'><strong>vet.</strong></span> 
     </span>
    </p>
   </div>
   <div class='ocr_carea' id='block_1_61' title="bbox 139 5733 1756 5803">
    <p class='ocr_par' dir='ltr' id='par_1_61' title="bbox 139 5733 1756 5803">
     <span class='ocr_line' id='line_1_62' title="bbox 139 5733 1756 5803; baseline -0.004 -11"><span class='ocrx_word' id='word_1_452' title='bbox 139 5735 300 5792; x_wconf 82' lang='lat' dir='ltr'><strong>Edit.</strong></span> <span class='ocrx_word' id='word_1_453' title='bbox 333 5733 504 5791; x_wconf 89' lang='lat' dir='ltr'><strong>Basil.</strong></span> <span class='ocrx_word' id='word_1_454' title='bbox 540 5733 712 5788; x_wconf 89' lang='lat' dir='ltr'><strong>Paris.</strong></span> <span class='ocrx_word' id='word_1_455' title='bbox 751 5733 888 5790; x_wconf 83' lang='grc'><strong>1518</strong></span> <span class='ocrx_word' id='word_1_456' title='bbox 911 5739 965 5786; x_wconf 91' lang='lat' dir='ltr'><strong>et</strong></span> <span class='ocrx_word' id='word_1_457' title='bbox 994 5733 1278 5788; x_wconf 89' lang='lat' dir='ltr'><strong>nonnullis</strong></span> <span class='ocrx_word' id='word_1_458' title='bbox 1299 5733 1498 5803; x_wconf 84' lang='lat' dir='ltr'><strong>legitur</strong></span> <span class='ocrx_word' id='word_1_459' title='bbox 1528 5751 1538 5788; x_wconf 94' lang='lat'>:</span> <span class='ocrx_word' id='word_1_460' title='bbox 1566 5735 1756 5788; x_wconf 73' lang='lat' dir='ltr'><strong>Petrus</strong></span> 
     </span>
    </p>
   </div>
   <div class='ocr_carea' id='block_1_62' title="bbox 139 5803 1754 5880">
    <p class='ocr_par' dir='ltr' id='par_1_62' title="bbox 139 5803 1754 5880">
     <span class='ocr_line' id='line_1_63' title="bbox 139 5803 1754 5880; baseline -0.004 -17"><span class='ocrx_word' id='word_1_461' title='bbox 139 5825 323 5880; x_wconf 13' lang='lat' dir='ltr'><strong>quam,</strong></span> <span class='ocrx_word' id='word_1_462' title='bbox 342 5803 995 5880; x_wconf 49' lang='lat' dir='ltr'><strong>excelsusjn/ortitudine</strong></span> <span class='ocrx_word' id='word_1_463' title='bbox 1023 5810 1148 5859; x_wconf 87' lang='lat' dir='ltr'><strong>esset</strong></span> <span class='ocrx_word' id='word_1_464' title='bbox 1188 5803 1490 5880; x_wconf 75' lang='lat' dir='ltr'><strong>(Christus)</strong></span> <span class='ocrx_word' id='word_1_465' title='bbox 1503 5803 1754 5880; x_wconf 52' lang='lat' dir='ltr'><strong>pperuit,</strong></span> 
     </span>
    </p>
   </div>
   <div class='ocr_carea' id='block_1_63' title="bbox 142 5873 1759 5953">
    <p class='ocr_par' dir='ltr' id='par_1_63' title="bbox 142 5873 1759 5953">
     <span class='ocr_line' id='line_1_64' title="bbox 142 5873 1759 5953; baseline -0.004 -16"><span class='ocrx_word' id='word_1_466' title='bbox 142 5873 203 5938; x_wconf 79' lang='lat' dir='ltr'><strong>et</strong></span> <span class='ocrx_word' id='word_1_467' title='bbox 231 5878 459 5953; x_wconf 88' lang='lat' dir='ltr'><strong>quidem</strong></span> <span class='ocrx_word' id='word_1_468' title='bbox 490 5873 706 5948; x_wconf 89' lang='lat' dir='ltr'><strong>optimo</strong></span> <span class='ocrx_word' id='word_1_469' title='bbox 737 5889 922 5943; x_wconf 89' lang='lat' dir='ltr'><strong>sensu,</strong></span> <span class='ocrx_word' id='word_1_470' title='bbox 953 5890 1115 5948; x_wconf 89' lang='lat' dir='ltr'><strong>quem</strong></span> <span class='ocrx_word' id='word_1_471' title='bbox 1147 5873 1478 5948; x_wconf 85' lang='lat' dir='ltr'><strong>posteriores</strong></span> <span class='ocrx_word' id='word_1_472' title='bbox 1503 5873 1759 5930; x_wconf 79' lang='lat' dir='ltr'><strong>Editores</strong></span> 
     </span>
    </p>
   </div>
   <div class='ocr_carea' id='block_1_64' title="bbox 1765 4627 1815 4686">
    <p class='ocr_par' dir='ltr' id='par_1_64' title="bbox 1765 4627 1815 4686">
     <span class='ocr_line' id='line_1_65' title="bbox 1765 4627 1815 4686; baseline 0 0"><span class='ocrx_word' id='word_1_473' title='bbox 1765 4627 1815 4686; x_wconf 93' lang='lat' dir='ltr'><strong>D</strong></span> 
     </span>
    </p>
   </div>
   <div class='ocr_carea' id='block_1_65' title="bbox 1832 631 3450 708">
    <p class='ocr_par' dir='ltr' id='par_1_65' title="bbox 1832 631 3450 708">
     <span class='ocr_line' id='line_1_66' title="bbox 1832 631 3450 708; baseline 0.007 -22"><span class='ocrx_word' id='word_1_474' title='bbox 1832 631 1971 687; x_wconf 90' lang='lat' dir='ltr'><strong>bene</strong></span> <span class='ocrx_word' id='word_1_475' title='bbox 1985 631 2202 706; x_wconf 90' lang='lat' dir='ltr'><strong>judicat</strong></span> <span class='ocrx_word' id='word_1_476' title='bbox 2231 632 2378 705; x_wconf 87' lang='lat' dir='ltr'><strong>quod</strong></span> <span class='ocrx_word' id='word_1_477' title='bbox 2411 634 2646 704; x_wconf 82' lang='lat' dir='ltr'><strong>ignorat.</strong></span> <span class='ocrx_word' id='word_1_478' title='bbox 2679 633 2854 691; x_wconf 91' lang='lat' dir='ltr'><strong>Tanto</strong></span> <span class='ocrx_word' id='word_1_479' title='bbox 2883 653 3010 708; x_wconf 87' lang='lat' dir='ltr'><strong>ergo</strong></span> <span class='ocrx_word' id='word_1_480' title='bbox 3057 639 3319 696; x_wconf 87' lang='lat' dir='ltr'><strong>debemus</strong></span> <span class='ocrx_word' id='word_1_481' title='bbox 3346 640 3450 696; x_wconf 88' lang='lat' dir='ltr'><strong>sub</strong></span> 
     </span>
    </p>
   </div>
   <div class='ocr_carea' id='block_1_66' title="bbox 1833 719 3447 798">
    <p class='ocr_par' dir='ltr' id='par_1_66' title="bbox 1833 719 3447 798">
     <span class='ocr_line' id='line_1_67' title="bbox 1833 719 3447 798; baseline 0.007 -24"><span class='ocrx_word' id='word_1_482' title='bbox 1833 719 1952 792; x_wconf 89' lang='lat' dir='ltr'><strong>ejus</strong></span> <span class='ocrx_word' id='word_1_483' title='bbox 1986 719 2216 792; x_wconf 92' lang='lat' dir='ltr'><strong>judiciis</strong></span> <span class='ocrx_word' id='word_1_484' title='bbox 2263 722 2476 778; x_wconf 91' lang='lat' dir='ltr'><strong>silendo</strong></span> <span class='ocrx_word' id='word_1_485' title='bbox 2506 723 2806 796; x_wconf 89' lang='lat' dir='ltr'><strong>quiescere,</strong></span> <span class='ocrx_word' id='word_1_486' title='bbox 2840 735 3046 798; x_wconf 89' lang='lat' dir='ltr'><strong>quanto</strong></span> <span class='ocrx_word' id='word_1_487' title='bbox 3077 735 3130 783; x_wconf 87' lang='lat' dir='ltr'><strong>et</strong></span> <span class='ocrx_word' id='word_1_488' title='bbox 3177 729 3447 784; x_wconf 87' lang='lat' dir='ltr'><strong>rationem</strong></span> 
     </span>
    </p>
   </div>
   <div class='ocr_carea' id='block_1_67' title="bbox 1828 808 3451 882">
    <p class='ocr_par' dir='ltr' id='par_1_67' title="bbox 1828 808 3451 882">
     <span class='ocr_line' id='line_1_68' title="bbox 1828 808 3451 882; baseline 0.006 -17"><span class='ocrx_word' id='word_1_489' title='bbox 1828 808 2170 882; x_wconf 91' lang='lat' dir='ltr'><strong>judiciorum</strong></span> <span class='ocrx_word' id='word_1_490' title='bbox 2203 811 2358 868; x_wconf 90' lang='lat' dir='ltr'><strong>illius</strong></span> <span class='ocrx_word' id='word_1_491' title='bbox 2387 827 2489 866; x_wconf 91' lang='lat' dir='ltr'><strong>nos</strong></span> <span class='ocrx_word' id='word_1_492' title='bbox 2516 813 2799 867; x_wconf 89' lang='lat' dir='ltr'><strong>cernimus</strong></span> <span class='ocrx_word' id='word_1_493' title='bbox 2829 829 2940 868; x_wconf 90' lang='lat' dir='ltr'><strong>non</strong></span> <span class='ocrx_word' id='word_1_494' title='bbox 2973 814 3184 871; x_wconf 83' lang='lat' dir='ltr'><strong>videre.</strong></span> <span class='ocrx_word' id='word_1_495' title='bbox 3218 817 3376 874; x_wconf 87' lang='lat' dir='ltr'><strong>Unde</strong></span> <span class='ocrx_word' id='word_1_496' title='bbox 3395 828 3451 876; x_wconf 91' lang='lat' dir='ltr'><strong>et</strong></span> 
     </span>
    </p>
   </div>
   <div class='ocr_carea' id='block_1_68' title="bbox 1834 898 2320 956">
    <p class='ocr_par' dir='ltr' id='par_1_68' title="bbox 1834 898 2320 956">
     <span class='ocr_line' id='line_1_69' title="bbox 1834 898 2320 956; baseline 0.004 -2"><span class='ocrx_word' id='word_1_497' title='bbox 1834 898 1973 956; x_wconf 91' lang='lat' dir='ltr'><strong>bene</strong></span> <span class='ocrx_word' id='word_1_498' title='bbox 2009 899 2278 956; x_wconf 90' lang='lat' dir='ltr'><strong>subditur</strong></span> <span class='ocrx_word' id='word_1_499' title='bbox 2309 919 2320 956; x_wconf 90' lang='lat'><strong>:</strong></span> 
     </span>
    </p>
   </div>
   <div class='ocr_carea' id='block_1_69' title="bbox 2191 994 3092 1074">
    <p class='ocr_par' dir='ltr' id='par_1_69' title="bbox 2191 994 3092 1074">
     <span class='ocr_line' id='line_1_70' title="bbox 2191 994 3092 1074; baseline 0.004 -22"><span class='ocrx_word' id='word_1_500' title='bbox 2191 995 2419 1053; x_wconf 81' lang='lat' dir='ltr'><strong>CAPUT</strong></span> <span class='ocrx_word' id='word_1_501' title='bbox 2447 997 2524 1053; x_wconf 93' lang='lat' dir='ltr'><strong>IV</strong></span> <span class='ocrx_word' id='word_1_502' title='bbox 2555 994 2694 1070; x_wconf 82' lang='lat' dir='ltr'><strong>[Vet.</strong></span> <span class='ocrx_word' id='word_1_503' title='bbox 2726 1003 2776 1052; x_wconf 86' lang='lat' dir='ltr'><strong>et</strong></span> <span class='ocrx_word' id='word_1_504' title='bbox 2803 999 2924 1056; x_wconf 84' lang='lat' dir='ltr'><strong>Rec.</strong></span> <span class='ocrx_word' id='word_1_505' title='bbox 2982 997 3092 1074; x_wconf 80' lang='lat' dir='ltr'><strong>II].</strong></span> 
     </span>
    </p>
   </div>
   <div class='ocr_carea' id='block_1_70' title="bbox 1905 1083 3454 1162">
    <p class='ocr_par' dir='ltr' id='par_1_70' title="bbox 1905 1083 3454 1162">
     <span class='ocr_line' id='line_1_71' title="bbox 1905 1083 3454 1162; baseline 0.004 -22"><span class='ocrx_word' id='word_1_506' title='bbox 1905 1083 2077 1141; x_wconf 71' lang='lat' dir='ltr'><strong>Vens.</strong></span> <span class='ocrx_word' id='word_1_507' title='bbox 2112 1083 2198 1140; x_wconf 76' lang='grc'><strong>24.</strong></span> <span class='ocrx_word' id='word_1_508' title='bbox 2232 1116 2304 1127; x_wconf 92' lang='grc'><strong><em>-</em></strong></span> <span class='ocrx_word' id='word_1_509' title='bbox 2348 1087 2602 1143; x_wconf 77' lang='lat' dir='ltr'><strong>Memento</strong></span> <span class='ocrx_word' id='word_1_510' title='bbox 2633 1088 2778 1159; x_wconf 84' lang='lat' dir='ltr'><strong>quod</strong></span> <span class='ocrx_word' id='word_1_511' title='bbox 2810 1088 3019 1160; x_wconf 81' lang='lat' dir='ltr'><strong>ignores</strong></span> <span class='ocrx_word' id='word_1_512' title='bbox 3065 1106 3198 1162; x_wconf 87' lang='lat' dir='ltr'><strong>opus</strong></span> <span class='ocrx_word' id='word_1_513' title='bbox 3224 1089 3362 1160; x_wconf 88' lang='lat' dir='ltr'><strong>ejus,</strong></span> <span class='ocrx_word' id='word_1_514' title='bbox 3391 1089 3454 1147; x_wconf 81' lang='lat' dir='ltr'><strong>de</strong></span> 
     </span>
    </p>
   </div>
   <div class='ocr_carea' id='block_1_71' title="bbox 1831 1174 2414 1246">
    <p class='ocr_par' dir='ltr' id='par_1_71' title="bbox 1831 1174 2414 1246">
     <span class='ocr_line' id='line_1_72' title="bbox 1831 1174 2414 1246; baseline 0.002 -18"><span class='ocrx_word' id='word_1_515' title='bbox 1831 1189 1934 1246; x_wconf 91' lang='lat' dir='ltr'><strong>quo</strong></span> <span class='ocrx_word' id='word_1_516' title='bbox 1964 1174 2260 1229; x_wconf 86' lang='lat' dir='ltr'><strong>cecinerunt</strong></span> <span class='ocrx_word' id='word_1_517' title='bbox 2288 1174 2414 1230; x_wconf 82' lang='lat' dir='ltr'><strong>viri.</strong></span> 
     </span>
    </p>
   </div>
   <div class='ocr_carea' id='block_1_72' title="bbox 1906 1263 3454 1335">
    <p class='ocr_par' dir='ltr' id='par_1_72' title="bbox 1906 1263 3454 1335">
     <span class='ocr_line' id='line_1_73' title="bbox 1906 1263 3454 1335; baseline 0.001 -16"><span class='ocrx_word' id='word_1_518' title='bbox 1906 1263 1958 1319; x_wconf 88' lang='lat'><strong>6.</strong></span> <span class='ocrx_word' id='word_1_519' title='bbox 1991 1263 2183 1335; x_wconf 85' lang='lat' dir='ltr'><strong>Angeli</strong></span> <span class='ocrx_word' id='word_1_520' title='bbox 2211 1271 2259 1319; x_wconf 88' lang='lat' dir='ltr'><strong>et</strong></span> <span class='ocrx_word' id='word_1_521' title='bbox 2276 1265 2514 1320; x_wconf 85' lang='lat' dir='ltr'><strong>doctoves</strong></span> <span class='ocrx_word' id='word_1_522' title='bbox 2535 1282 2619 1331; x_wconf 91' lang='lat' dir='ltr'><strong>ea,</strong></span> <span class='ocrx_word' id='word_1_523' title='bbox 2650 1265 2745 1321; x_wconf 84' lang='lat' dir='ltr'><strong>etsi</strong></span> <span class='ocrx_word' id='word_1_524' title='bbox 2788 1264 3026 1335; x_wconf 85' lang='lat' dir='ltr'><strong>laudent,</strong></span> <span class='ocrx_word' id='word_1_525' title='bbox 3050 1267 3262 1323; x_wconf 87' lang='lat' dir='ltr'><strong>minime</strong></span> <span class='ocrx_word' id='word_1_526' title='bbox 3283 1273 3454 1324; x_wconf 90' lang='lat' dir='ltr'><strong>tamen</strong></span> 
     </span>
    </p>
   </div>
   <div class='ocr_carea' id='block_1_73' title="bbox 1833 1353 3450 1430">
    <p class='ocr_par' dir='ltr' id='par_1_73' title="bbox 1833 1353 3450 1430">
     <span class='ocr_line' id='line_1_74' title="bbox 1833 1353 3450 1430; baseline 0.001 -21"><span class='ocrx_word' id='word_1_527' title='bbox 1833 1354 2306 1424; x_wconf 71' lang='lat' dir='ltr'><strong>cognoscunt—In</strong></span> <span class='ocrx_word' id='word_1_528' title='bbox 2321 1353 2605 1426; x_wconf 89' lang='lat' dir='ltr'><strong>Scriptura</strong></span> <span class='ocrx_word' id='word_1_529' title='bbox 2625 1371 2781 1413; x_wconf 90' lang='lat' dir='ltr'><strong>sacra</strong></span> <span class='ocrx_word' id='word_1_530' title='bbox 2800 1356 2908 1412; x_wconf 89' lang='lat' dir='ltr'><strong>viri</strong></span> <span class='ocrx_word' id='word_1_531' title='bbox 2924 1355 3224 1430; x_wconf 89' lang='lat' dir='ltr'><strong>aliquando</strong></span> <span class='ocrx_word' id='word_1_532' title='bbox 3249 1357 3450 1428; x_wconf 84' lang='lat' dir='ltr'><strong>angeli,</strong></span> 
     </span>
    </p>
   </div>
   <div class='ocr_carea' id='block_1_74' title="bbox 1834 1441 3449 1516">
    <p class='ocr_par' dir='ltr' id='par_1_74' title="bbox 1834 1441 3449 1516">
     <span class='ocr_line' id='line_1_75' title="bbox 1834 1441 3449 1516; baseline 0.002 -16"><span class='ocrx_word' id='word_1_533' title='bbox 1834 1441 2133 1516; x_wconf 85' lang='lat' dir='ltr'><strong>aliquando</strong></span> <span class='ocrx_word' id='word_1_534' title='bbox 2152 1452 2335 1500; x_wconf 90' lang='lat' dir='ltr'><strong>autem</strong></span> <span class='ocrx_word' id='word_1_535' title='bbox 2359 1443 2612 1516; x_wconf 74' lang='lat' dir='ltr'><strong>perfectae</strong></span> <span class='ocrx_word' id='word_1_536' title='bbox 2629 1446 2759 1502; x_wconf 65' lang='lat' dir='ltr'><strong>vita:</strong></span> <span class='ocrx_word' id='word_1_537' title='bbox 2776 1445 3036 1503; x_wconf 88' lang='lat' dir='ltr'><strong>homines</strong></span> <span class='ocrx_word' id='word_1_538' title='bbox 3054 1455 3449 1504; x_wconf 87' lang='lat' dir='ltr'><strong>memorantur.</strong></span> 
     </span>
    </p>
   </div>
   <div class='ocr_carea' id='block_1_75' title="bbox 1833 1533 3451 1608">
    <p class='ocr_par' dir='ltr' id='par_1_75' title="bbox 1833 1533 3451 1608">
     <span class='ocr_line' id='line_1_76' title="bbox 1833 1533 3451 1608; baseline 0.002 -18"><span class='ocrx_word' id='word_1_539' title='bbox 1833 1534 1970 1590; x_wconf 88' lang='lat' dir='ltr'><strong>Nam</strong></span> <span class='ocrx_word' id='word_1_540' title='bbox 2005 1533 2136 1607; x_wconf 89' lang='lat' dir='ltr'><strong>quia</strong></span> <span class='ocrx_word' id='word_1_541' title='bbox 2175 1533 2476 1607; x_wconf 86' lang='lat' dir='ltr'><strong>aliquando</strong></span> <span class='ocrx_word' id='word_1_542' title='bbox 2511 1536 2600 1590; x_wconf 92' lang='lat' dir='ltr'><strong>vir</strong></span> <span class='ocrx_word' id='word_1_543' title='bbox 2621 1536 2846 1608; x_wconf 85' lang='lat' dir='ltr'><strong>angelus</strong></span> <span class='ocrx_word' id='word_1_544' title='bbox 2869 1536 3093 1605; x_wconf 89' lang='lat' dir='ltr'><strong>dicitur,</strong></span> <span class='ocrx_word' id='word_1_545' title='bbox 3116 1536 3308 1594; x_wconf 89' lang='lat' dir='ltr'><strong>Daniel</strong></span> <span class='ocrx_word' id='word_1_546' title='bbox 3331 1554 3451 1608; x_wconf 83' lang='lat' dir='ltr'><strong>pro-</strong></span> 
     </span>
    </p>
   </div>
   <div class='ocr_carea' id='block_1_76' title="bbox 1834 1621 3450 1698">
    <p class='ocr_par' dir='ltr' id='par_1_76' title="bbox 1834 1621 3450 1698">
     <span class='ocr_line' id='line_1_77' title="bbox 1834 1621 3450 1698; baseline 0.004 -21"><span class='ocrx_word' id='word_1_547' title='bbox 1834 1621 2001 1694; x_wconf 87' lang='lat' dir='ltr'><strong>pheta</strong></span> <span class='ocrx_word' id='word_1_548' title='bbox 2019 1631 2270 1692; x_wconf 87' lang='lat' dir='ltr'><strong>testatur,</strong></span> <span class='ocrx_word' id='word_1_549' title='bbox 2294 1623 2486 1680; x_wconf 89' lang='lat' dir='ltr'><strong>dicens</strong></span> <span class='ocrx_word' id='word_1_550' title='bbox 2516 1641 2526 1680; x_wconf 92' lang='lat'>:</span> <span class='ocrx_word' id='word_1_551' title='bbox 2551 1627 2686 1682; x_wconf 88' lang='lat' dir='ltr'><strong>Ecce</strong></span> <span class='ocrx_word' id='word_1_552' title='bbox 2702 1625 2786 1680; x_wconf 84' lang='lat' dir='ltr'><strong>vir</strong></span> <span class='ocrx_word' id='word_1_553' title='bbox 2810 1626 3026 1682; x_wconf 86' lang='lat' dir='ltr'><strong>Gabriel</strong></span> <span class='ocrx_word' id='word_1_554' title='bbox 3049 1627 3215 1696; x_wconf 90' lang='lat' dir='ltr'><strong>(Dan.</strong></span> <span class='ocrx_word' id='word_1_555' title='bbox 3234 1642 3314 1692; x_wconf 77' lang='lat' dir='ltr'><strong>1x,</strong></span> <span class='ocrx_word' id='word_1_556' title='bbox 3331 1626 3450 1698; x_wconf 75' lang='grc'><strong>21).</strong></span> 
     </span>
    </p>
   </div>
   <div class='ocr_carea' id='block_1_77' title="bbox 1834 1712 3452 1786">
    <p class='ocr_par' dir='ltr' id='par_1_77' title="bbox 1834 1712 3452 1786">
     <span class='ocr_line' id='line_1_78' title="bbox 1834 1712 3452 1786; baseline 0.002 -19"><span class='ocrx_word' id='word_1_557' title='bbox 1834 1712 2094 1780; x_wconf 82' lang='lat' dir='ltr'><strong>Rursum,</strong></span> <span class='ocrx_word' id='word_1_558' title='bbox 2127 1713 2257 1786; x_wconf 89' lang='lat' dir='ltr'><strong>quia</strong></span> <span class='ocrx_word' id='word_1_559' title='bbox 2289 1713 2535 1769; x_wconf 90' lang='lat' dir='ltr'><strong>virorum</strong></span> <span class='ocrx_word' id='word_1_560' title='bbox 2576 1716 2804 1770; x_wconf 88' lang='lat' dir='ltr'><strong>nomine</strong></span> <span class='ocrx_word' id='word_1_561' title='bbox 2834 1715 3088 1786; x_wconf 87' lang='lat' dir='ltr'><strong>perfectae</strong></span> <span class='ocrx_word' id='word_1_562' title='bbox 3117 1715 3244 1772; x_wconf 71' lang='lat' dir='ltr'><strong>vita:</strong></span> <span class='ocrx_word' id='word_1_563' title='bbox 3276 1715 3452 1770; x_wconf 88' lang='lat' dir='ltr'><strong>homi-</strong></span> 
     </span>
    </p>
   </div>
   <div class='ocr_carea' id='block_1_78' title="bbox 1835 1799 3452 1875">
    <p class='ocr_par' dir='ltr' id='par_1_78' title="bbox 1835 1799 3452 1875">
     <span class='ocr_line' id='line_1_79' title="bbox 1835 1799 3452 1875; baseline 0.003 -22"><span class='ocrx_word' id='word_1_564' title='bbox 1835 1815 1934 1853; x_wconf 88' lang='lat' dir='ltr'><strong>nes</strong></span> <span class='ocrx_word' id='word_1_565' title='bbox 1964 1799 2450 1870; x_wconf 83' lang='lat' dir='ltr'><strong>exprimuntur,in</strong></span> <span class='ocrx_word' id='word_1_566' title='bbox 2472 1799 2794 1856; x_wconf 80' lang='lat' dir='ltr'><strong>Proverbiis</strong></span> <span class='ocrx_word' id='word_1_567' title='bbox 2812 1803 3082 1872; x_wconf 84' lang='lat' dir='ltr'><strong>sapientia</strong></span> <span class='ocrx_word' id='word_1_568' title='bbox 3099 1802 3452 1875; x_wconf 89' lang='lat' dir='ltr'><strong>loquitur,di-</strong></span> 
     </span>
    </p>
   </div>
   <div class='ocr_carea' id='block_1_79' title="bbox 1761 1887 3450 1968">
    <p class='ocr_par' dir='ltr' id='par_1_79' title="bbox 1761 1887 3450 1968">
     <span class='ocr_line' id='line_1_80' title="bbox 1761 1887 3450 1968; baseline 0.003 -25"><span class='ocrx_word' id='word_1_569' title='bbox 1761 1907 1808 1968; x_wconf 77' lang='grc' dir='ltr'>Β</span> <span class='ocrx_word' id='word_1_570' title='bbox 1837 1903 1968 1944; x_wconf 91' lang='lat' dir='ltr'><strong>cens</strong></span> <span class='ocrx_word' id='word_1_571' title='bbox 2003 1904 2014 1942; x_wconf 93' lang='lat'><em>:</em></span> <span class='ocrx_word' id='word_1_572' title='bbox 2057 1888 2100 1943; x_wconf 90' lang='grc'><strong>0</strong></span> <span class='ocrx_word' id='word_1_573' title='bbox 2134 1887 2260 1955; x_wconf 86' lang='lat' dir='ltr'><strong>viri,</strong></span> <span class='ocrx_word' id='word_1_574' title='bbox 2293 1887 2366 1942; x_wconf 86' lang='lat' dir='ltr'><strong>ad</strong></span> <span class='ocrx_word' id='word_1_575' title='bbox 2395 1905 2484 1942; x_wconf 78' lang='lat' dir='ltr'><strong>ros</strong></span> <span class='ocrx_word' id='word_1_576' title='bbox 2515 1888 2727 1944; x_wconf 87' lang='lat' dir='ltr'><strong>clamito</strong></span> <span class='ocrx_word' id='word_1_577' title='bbox 2749 1889 2944 1959; x_wconf 84' lang='lat' dir='ltr'><strong>(Prov.</strong></span> <span class='ocrx_word' id='word_1_578' title='bbox 2978 1907 3100 1958; x_wconf 80' lang='lat' dir='ltr'><strong>vui,</strong></span> <span class='ocrx_word' id='word_1_579' title='bbox 3134 1890 3214 1962; x_wconf 77' lang='grc'><strong>4).</strong></span> <span class='ocrx_word' id='word_1_580' title='bbox 3248 1893 3324 1946; x_wconf 91' lang='lat' dir='ltr'><strong>De</strong></span> <span class='ocrx_word' id='word_1_581' title='bbox 3347 1893 3450 1948; x_wconf 89' lang='lat' dir='ltr'><strong>Do-</strong></span> 
     </span>
    </p>
   </div>
   <div class='ocr_carea' id='block_1_80' title="bbox 1838 1976 3452 2052">
    <p class='ocr_par' dir='ltr' id='par_1_80' title="bbox 1838 1976 3452 2052">
     <span class='ocr_line' id='line_1_81' title="bbox 1838 1976 3452 2052; baseline 0.002 -19"><span class='ocrx_word' id='word_1_582' title='bbox 1838 1978 1994 2034; x_wconf 91' lang='lat' dir='ltr'><strong>mino</strong></span> <span class='ocrx_word' id='word_1_583' title='bbox 2045 1976 2218 2048; x_wconf 87' lang='lat' dir='ltr'><strong>igitur</strong></span> <span class='ocrx_word' id='word_1_584' title='bbox 2247 1976 2356 2032; x_wconf 87' lang='lat' dir='ltr'><strong>viri</strong></span> <span class='ocrx_word' id='word_1_585' title='bbox 2386 1986 2612 2045; x_wconf 90' lang='lat' dir='ltr'><strong>canunt,</strong></span> <span class='ocrx_word' id='word_1_586' title='bbox 2645 1994 2769 2034; x_wconf 92' lang='lat' dir='ltr'><strong>cum</strong></span> <span class='ocrx_word' id='word_1_587' title='bbox 2803 1976 2922 2050; x_wconf 91' lang='lat' dir='ltr'><strong>ejus</strong></span> <span class='ocrx_word' id='word_1_588' title='bbox 2953 1979 3112 2034; x_wconf 91' lang='lat' dir='ltr'><strong>nobis</strong></span> <span class='ocrx_word' id='word_1_589' title='bbox 3151 1981 3452 2052; x_wconf 89' lang='lat' dir='ltr'><strong>potentiam</strong></span> 
     </span>
    </p>
   </div>
   <div class='ocr_carea' id='block_1_81' title="bbox 1837 2067 3454 2142">
    <p class='ocr_par' dir='ltr' id='par_1_81' title="bbox 1837 2067 3454 2142">
     <span class='ocr_line' id='line_1_82' title="bbox 1837 2067 3454 2142; baseline 0.001 -18"><span class='ocrx_word' id='word_1_590' title='bbox 1837 2070 1924 2124; x_wconf 90' lang='lat' dir='ltr'><strong>vel</strong></span> <span class='ocrx_word' id='word_1_591' title='bbox 1956 2067 2181 2140; x_wconf 89' lang='lat' dir='ltr'><strong>superni</strong></span> <span class='ocrx_word' id='word_1_592' title='bbox 2214 2067 2464 2140; x_wconf 89' lang='lat' dir='ltr'><strong>spiritus,</strong></span> <span class='ocrx_word' id='word_1_593' title='bbox 2497 2068 2584 2123; x_wconf 86' lang='lat' dir='ltr'><strong>vel</strong></span> <span class='ocrx_word' id='word_1_594' title='bbox 2607 2068 2838 2140; x_wconf 86' lang='lat' dir='ltr'><strong>perfecti</strong></span> <span class='ocrx_word' id='word_1_595' title='bbox 2861 2069 3067 2142; x_wconf 91' lang='lat' dir='ltr'><strong>quique</strong></span> <span class='ocrx_word' id='word_1_596' title='bbox 3096 2068 3350 2126; x_wconf 88' lang='lat' dir='ltr'><strong>doctores</strong></span> <span class='ocrx_word' id='word_1_597' title='bbox 3373 2071 3454 2126; x_wconf 90' lang='lat' dir='ltr'><strong>in-</strong></span> 
     </span>
    </p>
   </div>
   <div class='ocr_carea' id='block_1_82' title="bbox 1838 2157 3453 2233">
    <p class='ocr_par' dir='ltr' id='par_1_82' title="bbox 1838 2157 3453 2233">
     <span class='ocr_line' id='line_1_83' title="bbox 1838 2157 3453 2233; baseline 0.001 -20"><span class='ocrx_word' id='word_1_598' title='bbox 1838 2167 2150 2214; x_wconf 90' lang='lat' dir='ltr'><strong>notescunt.</strong></span> <span class='ocrx_word' id='word_1_599' title='bbox 2182 2157 2286 2213; x_wconf 89' lang='lat' dir='ltr'><strong>Sed</strong></span> <span class='ocrx_word' id='word_1_600' title='bbox 2302 2166 2484 2216; x_wconf 89' lang='lat' dir='ltr'><strong>tamen</strong></span> <span class='ocrx_word' id='word_1_601' title='bbox 2514 2174 2652 2231; x_wconf 91' lang='lat' dir='ltr'><strong>opus</strong></span> <span class='ocrx_word' id='word_1_602' title='bbox 2671 2157 2788 2229; x_wconf 89' lang='lat' dir='ltr'><strong>ejus</strong></span> <span class='ocrx_word' id='word_1_603' title='bbox 2814 2157 3118 2230; x_wconf 87' lang='lat' dir='ltr'><strong>ignoratur,</strong></span> <span class='ocrx_word' id='word_1_604' title='bbox 3143 2159 3275 2233; x_wconf 88' lang='lat' dir='ltr'><strong>quia</strong></span> <span class='ocrx_word' id='word_1_605' title='bbox 3291 2159 3453 2215; x_wconf 90' lang='lat' dir='ltr'><strong>nimi-</strong></span> 
     </span>
    </p>
   </div>
   <div class='ocr_carea' id='block_1_83' title="bbox 1838 2245 3456 2320">
    <p class='ocr_par' dir='ltr' id='par_1_83' title="bbox 1838 2245 3456 2320">
     <span class='ocr_line' id='line_1_84' title="bbox 1838 2245 3456 2320; baseline 0.003 -17"><span class='ocrx_word' id='word_1_606' title='bbox 1838 2263 1961 2304; x_wconf 90' lang='lat' dir='ltr'><strong>rum</strong></span> <span class='ocrx_word' id='word_1_607' title='bbox 2003 2245 2217 2318; x_wconf 91' lang='lat' dir='ltr'><strong>judicia</strong></span> <span class='ocrx_word' id='word_1_608' title='bbox 2267 2246 2421 2302; x_wconf 88' lang='lat' dir='ltr'><strong>illius</strong></span> <span class='ocrx_word' id='word_1_609' title='bbox 2467 2247 2570 2320; x_wconf 90' lang='lat' dir='ltr'><strong>ipsi</strong></span> <span class='ocrx_word' id='word_1_610' title='bbox 2619 2247 2795 2304; x_wconf 90' lang='lat' dir='ltr'><strong>etiam</strong></span> <span class='ocrx_word' id='word_1_611' title='bbox 2829 2247 2928 2320; x_wconf 90' lang='lat' dir='ltr'><strong>qui</strong></span> <span class='ocrx_word' id='word_1_612' title='bbox 2960 2247 3108 2304; x_wconf 91' lang='lat' dir='ltr'><strong>hunc</strong></span> <span class='ocrx_word' id='word_1_613' title='bbox 3155 2248 3456 2320; x_wconf 68' lang='lat' dir='ltr'><strong>praedicant</strong></span> 
     </span>
    </p>
   </div>
   <div class='ocr_carea' id='block_1_84' title="bbox 1839 2337 3454 2413">
    <p class='ocr_par' dir='ltr' id='par_1_84' title="bbox 1839 2337 3454 2413">
     <span class='ocr_line' id='line_1_85' title="bbox 1839 2337 3454 2413; baseline 0.001 -19"><span class='ocrx_word' id='word_1_614' title='bbox 1839 2339 2205 2410; x_wconf 86' lang='lat' dir='ltr'><strong>impenetrata</strong></span> <span class='ocrx_word' id='word_1_615' title='bbox 2232 2346 2597 2394; x_wconf 91' lang='lat' dir='ltr'><strong>venerantur.</strong></span> <span class='ocrx_word' id='word_1_616' title='bbox 2621 2337 2694 2394; x_wconf 89' lang='lat' dir='ltr'><strong>Et</strong></span> <span class='ocrx_word' id='word_1_617' title='bbox 2715 2337 2903 2395; x_wconf 88' lang='lat' dir='ltr'><strong>sciunt</strong></span> <span class='ocrx_word' id='word_1_618' title='bbox 2932 2354 3059 2410; x_wconf 85' lang='lat' dir='ltr'><strong>ergo</strong></span> <span class='ocrx_word' id='word_1_619' title='bbox 3076 2356 3237 2413; x_wconf 89' lang='lat' dir='ltr'><strong>quem</strong></span> <span class='ocrx_word' id='word_1_620' title='bbox 3261 2339 3454 2412; x_wconf 69' lang='lat' dir='ltr'><strong>praedi-</strong></span> 
     </span>
    </p>
   </div>
   <div class='ocr_carea' id='block_1_85' title="bbox 1837 2425 3456 2502">
    <p class='ocr_par' dir='ltr' id='par_1_85' title="bbox 1837 2425 3456 2502">
     <span class='ocr_line' id='line_1_86' title="bbox 1837 2425 3456 2502; baseline 0 -17"><span class='ocrx_word' id='word_1_621' title='bbox 1837 2436 1983 2496; x_wconf 89' lang='lat' dir='ltr'><strong>cant,</strong></span> <span class='ocrx_word' id='word_1_622' title='bbox 2014 2434 2068 2483; x_wconf 90' lang='lat' dir='ltr'><strong>et</strong></span> <span class='ocrx_word' id='word_1_623' title='bbox 2095 2435 2280 2483; x_wconf 88' lang='lat' dir='ltr'><strong>tamen</strong></span> <span class='ocrx_word' id='word_1_624' title='bbox 2311 2425 2428 2498; x_wconf 89' lang='lat' dir='ltr'><strong>ejus</strong></span> <span class='ocrx_word' id='word_1_625' title='bbox 2462 2442 2628 2499; x_wconf 89' lang='lat' dir='ltr'><strong>opera</strong></span> <span class='ocrx_word' id='word_1_626' title='bbox 2660 2426 2939 2500; x_wconf 88' lang='lat' dir='ltr'><strong>ignorant,</strong></span> <span class='ocrx_word' id='word_1_627' title='bbox 2964 2429 3095 2501; x_wconf 84' lang='lat' dir='ltr'><strong>quia</strong></span> <span class='ocrx_word' id='word_1_628' title='bbox 3113 2437 3456 2502; x_wconf 87' lang='lat' dir='ltr'><strong>cognoscunt</strong></span> 
     </span>
    </p>
   </div>
   <div class='ocr_carea' id='block_1_86' title="bbox 1839 2513 3455 2589">
    <p class='ocr_par' dir='ltr' id='par_1_86' title="bbox 1839 2513 3455 2589">
     <span class='ocr_line' id='line_1_87' title="bbox 1839 2513 3455 2589; baseline 0.001 -18"><span class='ocrx_word' id='word_1_629' title='bbox 1839 2532 1934 2589; x_wconf 91' lang='lat' dir='ltr'><strong>per</strong></span> <span class='ocrx_word' id='word_1_630' title='bbox 1967 2514 2194 2588; x_wconf 87' lang='lat' dir='ltr'><strong>gratiam</strong></span> <span class='ocrx_word' id='word_1_631' title='bbox 2236 2529 2364 2568; x_wconf 92' lang='lat' dir='ltr'><strong>eum</strong></span> <span class='ocrx_word' id='word_1_632' title='bbox 2411 2531 2444 2570; x_wconf 92' lang='lat' dir='ltr'><strong>a</strong></span> <span class='ocrx_word' id='word_1_633' title='bbox 2497 2530 2606 2587; x_wconf 91' lang='lat' dir='ltr'><strong>quo</strong></span> <span class='ocrx_word' id='word_1_634' title='bbox 2637 2513 2768 2571; x_wconf 85' lang='lat' dir='ltr'><strong>facti</strong></span> <span class='ocrx_word' id='word_1_635' title='bbox 2798 2523 2947 2584; x_wconf 91' lang='lat' dir='ltr'><strong>sunt,</strong></span> <span class='ocrx_word' id='word_1_636' title='bbox 2982 2516 3075 2570; x_wconf 90' lang='lat' dir='ltr'><strong>sed</strong></span> <span class='ocrx_word' id='word_1_637' title='bbox 3103 2515 3221 2588; x_wconf 90' lang='lat' dir='ltr'><strong>ejus</strong></span> <span class='ocrx_word' id='word_1_638' title='bbox 3243 2516 3455 2589; x_wconf 90' lang='lat' dir='ltr'><strong>judicia</strong></span> 
     </span>
    </p>
   </div>
   <div class='ocr_carea' id='block_1_87' title="bbox 1837 2602 3458 2678">
    <p class='ocr_par' dir='ltr' id='par_1_87' title="bbox 1837 2602 3458 2678">
     <span class='ocr_line' id='line_1_88' title="bbox 1837 2602 3458 2678; baseline -0.001 -15"><span class='ocrx_word' id='word_1_639' title='bbox 1837 2602 2302 2678; x_wconf 89' lang='lat' dir='ltr'><strong>comprehendere</strong></span> <span class='ocrx_word' id='word_1_640' title='bbox 2351 2612 2660 2677; x_wconf 91' lang='lat' dir='ltr'><strong>nequeunt,</strong></span> <span class='ocrx_word' id='word_1_641' title='bbox 2704 2620 2824 2677; x_wconf 82' lang='lat' dir='ltr'><strong>quae</strong></span> <span class='ocrx_word' id='word_1_642' title='bbox 2855 2603 2922 2660; x_wconf 89' lang='lat' dir='ltr'><strong>ab</strong></span> <span class='ocrx_word' id='word_1_643' title='bbox 2971 2604 3068 2660; x_wconf 92' lang='lat' dir='ltr'><strong>illo</strong></span> <span class='ocrx_word' id='word_1_644' title='bbox 3097 2605 3260 2662; x_wconf 89' lang='lat' dir='ltr'><strong>etiam</strong></span> <span class='ocrx_word' id='word_1_645' title='bbox 3293 2622 3458 2678; x_wconf 91' lang='lat' dir='ltr'><strong>super</strong></span> 
     </span>
    </p>
   </div>
   <div class='ocr_carea' id='block_1_88' title="bbox 1839 2691 3454 2768">
    <p class='ocr_par' dir='ltr' id='par_1_88' title="bbox 1839 2691 3454 2768">
     <span class='ocr_line' id='line_1_89' title="bbox 1839 2691 3454 2768; baseline 0.002 -20"><span class='ocrx_word' id='word_1_646' title='bbox 1839 2693 1986 2766; x_wconf 88' lang='lat' dir='ltr'><strong>ipsos</strong></span> <span class='ocrx_word' id='word_1_647' title='bbox 2015 2693 2176 2750; x_wconf 87' lang='lat' dir='ltr'><strong>ﬁunt.</strong></span> <span class='ocrx_word' id='word_1_648' title='bbox 2199 2691 2358 2761; x_wconf 90' lang='lat' dir='ltr'><strong>Quod</strong></span> <span class='ocrx_word' id='word_1_649' title='bbox 2375 2693 2522 2748; x_wconf 91' lang='lat' dir='ltr'><strong>enim</strong></span> <span class='ocrx_word' id='word_1_650' title='bbox 2553 2693 2904 2765; x_wconf 90' lang='lat' dir='ltr'><strong>omnipotens</strong></span> <span class='ocrx_word' id='word_1_651' title='bbox 2925 2695 3071 2750; x_wconf 89' lang='lat' dir='ltr'><strong>Deus</strong></span> <span class='ocrx_word' id='word_1_652' title='bbox 3092 2695 3375 2768; x_wconf 88' lang='lat' dir='ltr'><strong>perspicue</strong></span> <span class='ocrx_word' id='word_1_653' title='bbox 3397 2696 3454 2752; x_wconf 93' lang='lat' dir='ltr'><strong>in</strong></span> 
     </span>
    </p>
   </div>
   <div class='ocr_carea' id='block_1_89' title="bbox 1837 2786 3452 2856">
    <p class='ocr_par' dir='ltr' id='par_1_89' title="bbox 1837 2786 3452 2856">
     <span class='ocr_line' id='line_1_90' title="bbox 1837 2786 3452 2856; baseline 0.001 -14"><span class='ocrx_word' id='word_1_654' title='bbox 1837 2802 1937 2842; x_wconf 89' lang='lat' dir='ltr'><strong>sua</strong></span> <span class='ocrx_word' id='word_1_655' title='bbox 1963 2786 2180 2842; x_wconf 90' lang='lat' dir='ltr'><strong>actione</strong></span> <span class='ocrx_word' id='word_1_656' title='bbox 2210 2802 2321 2842; x_wconf 90' lang='lat' dir='ltr'><strong>non</strong></span> <span class='ocrx_word' id='word_1_657' title='bbox 2341 2788 2614 2855; x_wconf 91' lang='lat' dir='ltr'><strong>cernitur,</strong></span> <span class='ocrx_word' id='word_1_658' title='bbox 2639 2786 2932 2842; x_wconf 87' lang='lat' dir='ltr'><strong>Psalmista</strong></span> <span class='ocrx_word' id='word_1_659' title='bbox 2951 2795 3208 2856; x_wconf 85' lang='lat' dir='ltr'><strong>testatur,</strong></span> <span class='ocrx_word' id='word_1_660' title='bbox 3230 2788 3452 2845; x_wconf 86' lang='lat' dir='ltr'><strong>dicens:</strong></span> 
     </span>
    </p>
   </div>
   <div class='ocr_carea' id='block_1_90' title="bbox 1841 2876 3454 2949">
    <p class='ocr_par' dir='ltr' id='par_1_90' title="bbox 1841 2876 3454 2949">
     <span class='ocr_line' id='line_1_91' title="bbox 1841 2876 3454 2949; baseline 0.002 -19"><span class='ocrx_word' id='word_1_661' title='bbox 1841 2877 1944 2944; x_wconf 81' lang='lat' dir='ltr'><strong>Qui</strong></span> <span class='ocrx_word' id='word_1_662' title='bbox 1970 2876 2149 2948; x_wconf 87' lang='lat' dir='ltr'><strong>posuit</strong></span> <span class='ocrx_word' id='word_1_663' title='bbox 2177 2877 2414 2932; x_wconf 85' lang='lat' dir='ltr'><strong>tenebras</strong></span> <span class='ocrx_word' id='word_1_664' title='bbox 2449 2877 2738 2932; x_wconf 82' lang='lat' dir='ltr'><strong>latibulum</strong></span> <span class='ocrx_word' id='word_1_665' title='bbox 2773 2893 2929 2931; x_wconf 88' lang='lat' dir='ltr'><strong>suum</strong></span> <span class='ocrx_word' id='word_1_666' title='bbox 2963 2877 3136 2949; x_wconf 88' lang='lat' dir='ltr'><strong>(Psal.</strong></span> <span class='ocrx_word' id='word_1_667' title='bbox 3169 2894 3308 2945; x_wconf 82' lang='lat' dir='ltr'><strong>xvn,</strong></span> <span class='ocrx_word' id='word_1_668' title='bbox 3341 2879 3454 2946; x_wconf 79' lang='grc'><strong>12).</strong></span> 
     </span>
    </p>
   </div>
   <div class='ocr_carea' id='block_1_91' title="bbox 1838 2966 3453 3039">
    <p class='ocr_par' dir='ltr' id='par_1_91' title="bbox 1838 2966 3453 3039">
     <span class='ocr_line' id='line_1_92' title="bbox 1838 2966 3453 3039; baseline 0.001 -17"><span class='ocrx_word' id='word_1_669' title='bbox 1838 2966 1908 3022; x_wconf 88' lang='lat' dir='ltr'><strong>Et</strong></span> <span class='ocrx_word' id='word_1_670' title='bbox 1928 2981 2148 3022; x_wconf 88' lang='lat' dir='ltr'><strong>rursum</strong></span> <span class='ocrx_word' id='word_1_671' title='bbox 2171 2983 2182 3021; x_wconf 93' lang='lat'><strong>:</strong></span> <span class='ocrx_word' id='word_1_672' title='bbox 2202 2966 2420 3022; x_wconf 77' lang='lat' dir='ltr'><strong>Iudicia</strong></span> <span class='ocrx_word' id='word_1_673' title='bbox 2443 2973 2540 3020; x_wconf 91' lang='lat' dir='ltr'><strong>tua</strong></span> <span class='ocrx_word' id='word_1_674' title='bbox 2560 2966 2784 3037; x_wconf 80' lang='lat' dir='ltr'><strong>abyssus</strong></span> <span class='ocrx_word' id='word_1_675' title='bbox 2800 2969 2970 3022; x_wconf 85' lang='lat' dir='ltr'><strong>multa</strong></span> <span class='ocrx_word' id='word_1_676' title='bbox 2991 2968 3164 3038; x_wconf 88' lang='lat' dir='ltr'><strong>(Psal.</strong></span> <span class='ocrx_word' id='word_1_677' title='bbox 3190 2969 3453 3039; x_wconf 81' lang='lat' dir='ltr'><strong>xxxv,7).</strong></span> 
     </span>
    </p>
   </div>
   <div class='ocr_carea' id='block_1_92' title="bbox 1838 3054 3458 3128">
    <p class='ocr_par' dir='ltr' id='par_1_92' title="bbox 1838 3054 3458 3128">
     <span class='ocr_line' id='line_1_93' title="bbox 1838 3054 3458 3128; baseline -0.001 -16"><span class='ocrx_word' id='word_1_678' title='bbox 1838 3058 2022 3128; x_wconf 84' lang='lat' dir='ltr'><strong>Atque</strong></span> <span class='ocrx_word' id='word_1_679' title='bbox 2054 3056 2254 3111; x_wconf 90' lang='lat' dir='ltr'><strong>iterum</strong></span> <span class='ocrx_word' id='word_1_680' title='bbox 2290 3073 2302 3110; x_wconf 90' lang='lat'><em>:</em></span> <span class='ocrx_word' id='word_1_681' title='bbox 2346 3054 2593 3126; x_wconf 83' lang='lat' dir='ltr'><strong>Abyssus</strong></span> <span class='ocrx_word' id='word_1_682' title='bbox 2623 3054 2758 3108; x_wconf 85' lang='lat' dir='ltr'><strong>sicut</strong></span> <span class='ocrx_word' id='word_1_683' title='bbox 2799 3056 3035 3126; x_wconf 80' lang='lat' dir='ltr'><strong>pallium</strong></span> <span class='ocrx_word' id='word_1_684' title='bbox 3079 3057 3303 3111; x_wconf 65' lang='lat' dir='ltr'><strong>avrtictus</strong></span> <span class='ocrx_word' id='word_1_685' title='bbox 3345 3055 3458 3125; x_wconf 85' lang='lat' dir='ltr'><strong>ejus</strong></span> 
     </span>
    </p>
   </div>
   <div class='ocr_carea' id='block_1_93' title="bbox 1841 3143 3458 3216">
    <p class='ocr_par' dir='ltr' id='par_1_93' title="bbox 1841 3143 3458 3216">
     <span class='ocr_line' id='line_1_94' title="bbox 1841 3143 3458 3216; baseline 0 -16"><span class='ocrx_word' id='word_1_686' title='bbox 1841 3144 2016 3214; x_wconf 87' lang='lat' dir='ltr'><strong>(Psal.</strong></span> <span class='ocrx_word' id='word_1_687' title='bbox 2049 3160 2169 3210; x_wconf 88' lang='lat' dir='ltr'><strong>cm,</strong></span> <span class='ocrx_word' id='word_1_688' title='bbox 2203 3143 2284 3215; x_wconf 85' lang='grc'><strong>6).</strong></span> <span class='ocrx_word' id='word_1_689' title='bbox 2318 3143 2476 3200; x_wconf 90' lang='lat' dir='ltr'><strong>Unde</strong></span> <span class='ocrx_word' id='word_1_690' title='bbox 2505 3143 2648 3198; x_wconf 89' lang='lat' dir='ltr'><strong>bene</strong></span> <span class='ocrx_word' id='word_1_691' title='bbox 2677 3143 2846 3198; x_wconf 90' lang='lat' dir='ltr'><strong>etiam</strong></span> <span class='ocrx_word' id='word_1_692' title='bbox 2880 3160 2976 3216; x_wconf 91' lang='lat' dir='ltr'><strong>per</strong></span> <span class='ocrx_word' id='word_1_693' title='bbox 3005 3143 3354 3200; x_wconf 88' lang='lat' dir='ltr'><strong>Salomonem</strong></span> <span class='ocrx_word' id='word_1_694' title='bbox 3376 3143 3458 3200; x_wconf 86' lang='lat' dir='ltr'><strong>di-</strong></span> 
     </span>
    </p>
   </div>
   <div class='ocr_carea' id='block_1_94' title="bbox 1839 3231 3460 3305">
    <p class='ocr_par' dir='ltr' id='par_1_94' title="bbox 1839 3231 3460 3305">
     <span class='ocr_line' id='line_1_95' title="bbox 1839 3231 3460 3305; baseline -0.001 -15"><span class='ocrx_word' id='word_1_695' title='bbox 1839 3233 1986 3290; x_wconf 91' lang='lat' dir='ltr'><strong>citur</strong></span> <span class='ocrx_word' id='word_1_696' title='bbox 2009 3252 2020 3290; x_wconf 93' lang='lat'>:</span> <span class='ocrx_word' id='word_1_697' title='bbox 2045 3233 2195 3290; x_wconf 87' lang='lat' dir='ltr'><strong>Sicut</strong></span> <span class='ocrx_word' id='word_1_698' title='bbox 2208 3233 2426 3305; x_wconf 87' lang='lat' dir='ltr'><strong>ignoras</strong></span> <span class='ocrx_word' id='word_1_699' title='bbox 2455 3250 2574 3304; x_wconf 73' lang='lat' dir='ltr'><strong>qua:</strong></span> <span class='ocrx_word' id='word_1_700' title='bbox 2594 3232 2661 3286; x_wconf 87' lang='lat' dir='ltr'><strong>sit</strong></span> <span class='ocrx_word' id='word_1_701' title='bbox 2676 3231 2762 3287; x_wconf 85' lang='lat' dir='ltr'><strong>via</strong></span> <span class='ocrx_word' id='word_1_702' title='bbox 2785 3233 3033 3304; x_wconf 86' lang='lat' dir='ltr'><strong>spiritus,</strong></span> <span class='ocrx_word' id='word_1_703' title='bbox 3055 3239 3102 3287; x_wconf 88' lang='lat' dir='ltr'><strong>et</strong></span> <span class='ocrx_word' id='word_1_704' title='bbox 3120 3251 3226 3304; x_wconf 89' lang='lat' dir='ltr'><strong>qua</strong></span> <span class='ocrx_word' id='word_1_705' title='bbox 3250 3234 3460 3290; x_wconf 83' lang='lat' dir='ltr'><strong>ratione</strong></span> 
     </span>
    </p>
   </div>
   <div class='ocr_carea' id='block_1_95' title="bbox 1840 3322 3460 3394">
    <p class='ocr_par' dir='ltr' id='par_1_95' title="bbox 1840 3322 3460 3394">
     <span class='ocr_line' id='line_1_96' title="bbox 1840 3322 3460 3394; baseline 0.002 -20"><span class='ocrx_word' id='word_1_706' title='bbox 1840 3323 2260 3394; x_wconf 87' lang='lat' dir='ltr'><strong>compingantur</strong></span> <span class='ocrx_word' id='word_1_707' title='bbox 2307 3339 2427 3378; x_wconf 87' lang='lat' dir='ltr'><strong>ossa</strong></span> <span class='ocrx_word' id='word_1_708' title='bbox 2471 3322 2527 3376; x_wconf 85' lang='lat' dir='ltr'><strong>in</strong></span> <span class='ocrx_word' id='word_1_709' title='bbox 2574 3327 2753 3376; x_wconf 82' lang='lat' dir='ltr'><strong>ventre</strong></span> <span class='ocrx_word' id='word_1_710' title='bbox 2792 3323 3140 3392; x_wconf 69' lang='lat' dir='ltr'><strong>pragnantis,</strong></span> <span class='ocrx_word' id='word_1_711' title='bbox 3184 3323 3260 3377; x_wconf 85' lang='lat' dir='ltr'><strong>sic</strong></span> <span class='ocrx_word' id='word_1_712' title='bbox 3296 3325 3460 3378; x_wconf 71' lang='lat' dir='ltr'><strong>nescis</strong></span> 
     </span>
    </p>
   </div>
   <div class='ocr_carea' id='block_1_96' title="bbox 1838 3410 3426 3485">
    <p class='ocr_par' dir='ltr' id='par_1_96' title="bbox 1838 3410 3426 3485">
     <span class='ocr_line' id='line_1_97' title="bbox 1838 3410 3426 3485; baseline -0.002 -15"><span class='ocrx_word' id='word_1_713' title='bbox 1838 3430 2002 3485; x_wconf 85' lang='lat' dir='ltr'><strong>opera</strong></span> <span class='ocrx_word' id='word_1_714' title='bbox 2030 3412 2150 3477; x_wconf 89' lang='lat' dir='ltr'><strong>Dei,</strong></span> <span class='ocrx_word' id='word_1_715' title='bbox 2182 3411 2276 3482; x_wconf 89' lang='lat' dir='ltr'><strong>qui</strong></span> <span class='ocrx_word' id='word_1_716' title='bbox 2305 3410 2605 3481; x_wconf 84' lang='lat' dir='ltr'><strong>fabricator</strong></span> <span class='ocrx_word' id='word_1_717' title='bbox 2633 3417 2708 3466; x_wconf 88' lang='lat' dir='ltr'><strong>est</strong></span> <span class='ocrx_word' id='word_1_718' title='bbox 2735 3411 2970 3465; x_wconf 86' lang='lat' dir='ltr'><strong>omnium</strong></span> <span class='ocrx_word' id='word_1_719' title='bbox 3016 3410 3213 3483; x_wconf 88' lang='lat' dir='ltr'><strong>(Eccle.</strong></span> <span class='ocrx_word' id='word_1_720' title='bbox 3254 3429 3334 3480; x_wconf 82' lang='lat' dir='ltr'><strong>xI,</strong></span> <span class='ocrx_word' id='word_1_721' title='bbox 3369 3411 3426 3481; x_wconf 83' lang='lat'><strong>5)</strong></span> 
     </span>
    </p>
   </div>
   <div class='ocr_carea' id='block_1_97' title="bbox 1913 3500 3468 3574">
    <p class='ocr_par' dir='ltr' id='par_1_97' title="bbox 1913 3500 3468 3574">
     <span class='ocr_line' id='line_1_98' title="bbox 1913 3500 3468 3574; baseline 0 -18"><span class='ocrx_word' id='word_1_722' title='bbox 1913 3502 1964 3557; x_wconf 94' lang='grc'><strong>7.</strong></span> <span class='ocrx_word' id='word_1_723' title='bbox 2008 3501 2362 3558; x_wconf 86' lang='lat' dir='ltr'><strong>Occultorum</strong></span> <span class='ocrx_word' id='word_1_724' title='bbox 2378 3501 2480 3556; x_wconf 80' lang='lat' dir='ltr'><strong>Dei</strong></span> <span class='ocrx_word' id='word_1_725' title='bbox 2491 3500 2830 3570; x_wconf 80' lang='lat' dir='ltr'><strong>judiciorum</strong></span> <span class='ocrx_word' id='word_1_726' title='bbox 2860 3505 3153 3574; x_wconf 73' lang='lat' dir='ltr'><strong>exemplmu</strong></span> <span class='ocrx_word' id='word_1_727' title='bbox 3175 3503 3228 3557; x_wconf 86' lang='lat' dir='ltr'><strong>in</strong></span> <span class='ocrx_word' id='word_1_728' title='bbox 3242 3502 3468 3574; x_wconf 77' lang='lat' dir='ltr'><strong>parruli</strong></span> 
     </span>
    </p>
   </div>
   <div class='ocr_carea' id='block_1_98' title="bbox 1840 3589 3456 3662">
    <p class='ocr_par' dir='ltr' id='par_1_98' title="bbox 1840 3589 3456 3662">
     <span class='ocr_line' id='line_1_99' title="bbox 1840 3589 3456 3662; baseline 0.001 -17"><span class='ocrx_word' id='word_1_729' title='bbox 1840 3591 1951 3645; x_wconf 86' lang='lat' dir='ltr'><strong>sine</strong></span> <span class='ocrx_word' id='word_1_730' title='bbox 1966 3590 2329 3662; x_wconf 83' lang='lat' dir='ltr'><strong>baptismo,vel</strong></span> <span class='ocrx_word' id='word_1_731' title='bbox 2335 3596 2459 3662; x_wconf 88' lang='lat' dir='ltr'><strong>post</strong></span> <span class='ocrx_word' id='word_1_732' title='bbox 2471 3589 2785 3661; x_wconf 86' lang='lat' dir='ltr'><strong>baptismum</strong></span> <span class='ocrx_word' id='word_1_733' title='bbox 2795 3589 3456 3648; x_wconf 85' lang='lat' dir='ltr'><strong>mor-ientibus.-—Utenim</strong></span> 
     </span>
    </p>
   </div>
   <div class='ocr_carea' id='block_1_99' title="bbox 1840 3677 3455 3752">
    <p class='ocr_par' dir='ltr' id='par_1_99' title="bbox 1840 3677 3455 3752">
     <span class='ocr_line' id='line_1_100' title="bbox 1840 3677 3455 3752; baseline 0.001 -18"><span class='ocrx_word' id='word_1_734' title='bbox 1840 3696 2014 3735; x_wconf 91' lang='lat' dir='ltr'><strong>unum</strong></span> <span class='ocrx_word' id='word_1_735' title='bbox 2038 3694 2068 3734; x_wconf 91' lang='lat' dir='ltr'><strong>e</strong></span> <span class='ocrx_word' id='word_1_736' title='bbox 2097 3677 2289 3734; x_wconf 90' lang='lat' dir='ltr'><strong>multis</strong></span> <span class='ocrx_word' id='word_1_737' title='bbox 2311 3679 2521 3752; x_wconf 86' lang='lat' dir='ltr'><strong>loquar,</strong></span> <span class='ocrx_word' id='word_1_738' title='bbox 2541 3679 2652 3735; x_wconf 90' lang='lat' dir='ltr'><strong>duo</strong></span> <span class='ocrx_word' id='word_1_739' title='bbox 2673 3679 2740 3736; x_wconf 89' lang='lat' dir='ltr'><strong>ad</strong></span> <span class='ocrx_word' id='word_1_740' title='bbox 2757 3679 2900 3736; x_wconf 90' lang='lat' dir='ltr'><strong>hanc</strong></span> <span class='ocrx_word' id='word_1_741' title='bbox 2921 3680 3097 3736; x_wconf 90' lang='lat' dir='ltr'><strong>lucem</strong></span> <span class='ocrx_word' id='word_1_742' title='bbox 3116 3679 3333 3752; x_wconf 84' lang='lat' dir='ltr'><strong>parvuli</strong></span> <span class='ocrx_word' id='word_1_743' title='bbox 3357 3697 3378 3734; x_wconf 62' lang='grc' dir='ltr'><strong>κ</strong></span> <span class='ocrx_word' id='word_1_744' title='bbox 3393 3697 3422 3736; x_wconf 88' lang='lat' dir='ltr'><strong>e</strong></span> <span class='ocrx_word' id='word_1_745' title='bbox 3437 3703 3455 3714; x_wconf 88' lang='lat'><strong>-</strong></span> 
     </span>
    </p>
   </div>
   <div class='ocr_carea' id='block_1_100' title="bbox 1841 3766 3462 3841">
    <p class='ocr_par' dir='ltr' id='par_1_100' title="bbox 1841 3766 3462 3841">
     <span class='ocr_line' id='line_1_101' title="bbox 1841 3766 3462 3841; baseline 0.001 -18"><span class='ocrx_word' id='word_1_746' title='bbox 1841 3766 2125 3835; x_wconf 90' lang='lat' dir='ltr'><strong>niunt,sed</strong></span> <span class='ocrx_word' id='word_1_747' title='bbox 2147 3767 2245 3823; x_wconf 92' lang='lat' dir='ltr'><strong>uni</strong></span> <span class='ocrx_word' id='word_1_748' title='bbox 2262 3767 2427 3824; x_wconf 88' lang='lat' dir='ltr'><strong>datur</strong></span> <span class='ocrx_word' id='word_1_749' title='bbox 2447 3778 2508 3824; x_wconf 92' lang='lat' dir='ltr'><strong>ut</strong></span> <span class='ocrx_word' id='word_1_750' title='bbox 2525 3768 2592 3824; x_wconf 91' lang='lat' dir='ltr'><strong>ad</strong></span> <span class='ocrx_word' id='word_1_751' title='bbox 2614 3768 2835 3840; x_wconf 89' lang='lat' dir='ltr'><strong>redemp</strong></span> <span class='ocrx_word' id='word_1_752' title='bbox 2859 3769 3064 3824; x_wconf 91' lang='lat' dir='ltr'><strong>tionem</strong></span> <span class='ocrx_word' id='word_1_753' title='bbox 3081 3785 3176 3841; x_wconf 89' lang='lat' dir='ltr'><strong>per</strong></span> <span class='ocrx_word' id='word_1_754' title='bbox 3188 3767 3462 3840; x_wconf 83' lang='lat' dir='ltr'><strong>baptisma</strong></span> 
     </span>
    </p>
   </div>
   <div class='ocr_carea' id='block_1_101' title="bbox 1841 3856 3462 3930">
    <p class='ocr_par' dir='ltr' id='par_1_101' title="bbox 1841 3856 3462 3930">
     <span class='ocr_line' id='line_1_102' title="bbox 1841 3856 3462 3930; baseline 0.001 -18"><span class='ocrx_word' id='word_1_755' title='bbox 1841 3856 2046 3924; x_wconf 84' lang='lat' dir='ltr'><strong>redeat,</strong></span> <span class='ocrx_word' id='word_1_756' title='bbox 2071 3857 2209 3912; x_wconf 90' lang='lat' dir='ltr'><strong>alter</strong></span> <span class='ocrx_word' id='word_1_757' title='bbox 2254 3865 2381 3913; x_wconf 89' lang='lat' dir='ltr'><strong>ante</strong></span> <span class='ocrx_word' id='word_1_758' title='bbox 2399 3857 2753 3914; x_wconf 86' lang='lat' dir='ltr'><strong>subtrahitur</strong></span> <span class='ocrx_word' id='word_1_759' title='bbox 2768 3875 2879 3930; x_wconf 88' lang='lat' dir='ltr'><strong>qua</strong></span> <span class='ocrx_word' id='word_1_760' title='bbox 2896 3874 2948 3911; x_wconf 90' lang='lat' dir='ltr'><strong>m</strong></span> <span class='ocrx_word' id='word_1_761' title='bbox 2968 3857 3119 3914; x_wconf 90' lang='lat' dir='ltr'><strong>hunc</strong></span> <span class='ocrx_word' id='word_1_762' title='bbox 3137 3873 3462 3928; x_wconf 81' lang='lat' dir='ltr'><strong>regenerans</strong></span> 
     </span>
    </p>
   </div>
   <div class='ocr_carea' id='block_1_102' title="bbox 1842 3947 3460 4020">
    <p class='ocr_par' dir='ltr' id='par_1_102' title="bbox 1842 3947 3460 4020">
     <span class='ocr_line' id='line_1_103' title="bbox 1842 3947 3460 4020; baseline -0.002 -16"><span class='ocrx_word' id='word_1_763' title='bbox 1842 3948 1991 4004; x_wconf 90' lang='lat' dir='ltr'><strong>unda</strong></span> <span class='ocrx_word' id='word_1_764' title='bbox 2002 3947 2390 4020; x_wconf 85' lang='lat' dir='ltr'><strong>perfundat.Et</strong></span> <span class='ocrx_word' id='word_1_765' title='bbox 2403 3964 2547 4018; x_wconf 70' lang='lat' dir='ltr'><strong>saepe</strong></span> <span class='ocrx_word' id='word_1_766' title='bbox 2565 3947 2813 4004; x_wconf 88' lang='lat' dir='ltr'><strong>ﬁdelium</strong></span> <span class='ocrx_word' id='word_1_767' title='bbox 2832 3947 2984 4003; x_wconf 84' lang='lat' dir='ltr'><strong>ﬁlius</strong></span> <span class='ocrx_word' id='word_1_768' title='bbox 2999 3949 3117 4003; x_wconf 91' lang='lat' dir='ltr'><strong>sine</strong></span> <span class='ocrx_word' id='word_1_769' title='bbox 3129 3947 3460 4019; x_wconf 88' lang='lat' dir='ltr'><strong>ﬁderapitur</strong></span> 
     </span>
    </p>
   </div>
   <div class='ocr_carea' id='block_1_103' title="bbox 1842 4034 3456 4108">
    <p class='ocr_par' dir='ltr' id='par_1_103' title="bbox 1842 4034 3456 4108">
     <span class='ocr_line' id='line_1_104' title="bbox 1842 4034 3456 4108; baseline -0.001 -14"><span class='ocrx_word' id='word_1_770' title='bbox 1842 4054 1982 4108; x_wconf 83' lang='lat' dir='ltr'><strong>saepe</strong></span> <span class='ocrx_word' id='word_1_771' title='bbox 2003 4034 2316 4092; x_wconf 86' lang='lat' dir='ltr'><strong>infidelium</strong></span> <span class='ocrx_word' id='word_1_772' title='bbox 2334 4053 2600 4093; x_wconf 88' lang='lat' dir='ltr'><strong>concesso</strong></span> <span class='ocrx_word' id='word_1_773' title='bbox 2621 4036 2753 4092; x_wconf 87' lang='lat' dir='ltr'><strong>ﬁdei</strong></span> <span class='ocrx_word' id='word_1_774' title='bbox 2774 4046 3117 4094; x_wconf 88' lang='lat' dir='ltr'><strong>sacramento</strong></span> <span class='ocrx_word' id='word_1_775' title='bbox 3138 4045 3456 4092; x_wconf 79' lang='lat' dir='ltr'><strong>renovatur.</strong></span> 
     </span>
    </p>
   </div>
   <div class='ocr_carea' id='block_1_104' title="bbox 1843 4125 3457 4200">
    <p class='ocr_par' dir='ltr' id='par_1_104' title="bbox 1843 4125 3457 4200">
     <span class='ocr_line' id='line_1_105' title="bbox 1843 4125 3457 4200; baseline -0.002 -17"><span class='ocrx_word' id='word_1_776' title='bbox 1843 4126 1949 4184; x_wconf 83' lang='lat' dir='ltr'><strong>Sed</strong></span> <span class='ocrx_word' id='word_1_777' title='bbox 1979 4128 2207 4182; x_wconf 84' lang='lat' dir='ltr'><strong>fortasse</strong></span> <span class='ocrx_word' id='word_1_778' title='bbox 2235 4126 2440 4200; x_wconf 91' lang='lat' dir='ltr'><strong>aliquis</strong></span> <span class='ocrx_word' id='word_1_779' title='bbox 2471 4125 2622 4194; x_wconf 84' lang='lat' dir='ltr'><strong>dicat</strong></span> <span class='ocrx_word' id='word_1_780' title='bbox 2655 4126 2805 4199; x_wconf 89' lang='lat' dir='ltr'><strong>quod</strong></span> <span class='ocrx_word' id='word_1_781' title='bbox 2836 4125 2988 4183; x_wconf 91' lang='lat' dir='ltr'><strong>hunc</strong></span> <span class='ocrx_word' id='word_1_782' title='bbox 3015 4128 3161 4183; x_wconf 91' lang='lat' dir='ltr'><strong>Deus</strong></span> <span class='ocrx_word' id='word_1_783' title='bbox 3207 4136 3457 4183; x_wconf 86' lang='lat' dir='ltr'><strong>acturum</strong></span> 
     </span>
    </p>
   </div>
   <div class='ocr_carea' id='block_1_105' title="bbox 1845 4215 3458 4290">
    <p class='ocr_par' dir='ltr' id='par_1_105' title="bbox 1845 4215 3458 4290">
     <span class='ocr_line' id='line_1_106' title="bbox 1845 4215 3458 4290; baseline -0.001 -18"><span class='ocrx_word' id='word_1_784' title='bbox 1845 4233 2009 4290; x_wconf 85' lang='lat' dir='ltr'><strong>prave</strong></span> <span class='ocrx_word' id='word_1_785' title='bbox 2039 4216 2204 4272; x_wconf 90' lang='lat' dir='ltr'><strong>etiam</strong></span> <span class='ocrx_word' id='word_1_786' title='bbox 2236 4223 2358 4287; x_wconf 90' lang='lat' dir='ltr'><strong>post</strong></span> <span class='ocrx_word' id='word_1_787' title='bbox 2398 4215 2678 4286; x_wconf 90' lang='lat' dir='ltr'><strong>baptisma</strong></span> <span class='ocrx_word' id='word_1_788' title='bbox 2707 4224 2960 4282; x_wconf 87' lang='lat' dir='ltr'><strong>noverat,</strong></span> <span class='ocrx_word' id='word_1_789' title='bbox 2993 4225 3048 4271; x_wconf 92' lang='lat' dir='ltr'><strong>et</strong></span> <span class='ocrx_word' id='word_1_790' title='bbox 3096 4215 3304 4272; x_wconf 91' lang='lat' dir='ltr'><strong>idcirco</strong></span> <span class='ocrx_word' id='word_1_791' title='bbox 3333 4232 3458 4272; x_wconf 83' lang='lat' dir='ltr'><strong>eum</strong></span> 
     </span>
    </p>
   </div>
   <div class='ocr_carea' id='block_1_106' title="bbox 1845 4303 3463 4376">
    <p class='ocr_par' dir='ltr' id='par_1_106' title="bbox 1845 4303 3463 4376">
     <span class='ocr_line' id='line_1_107' title="bbox 1845 4303 3463 4376; baseline -0.001 -14"><span class='ocrx_word' id='word_1_792' title='bbox 1845 4305 1914 4362; x_wconf 88' lang='lat' dir='ltr'><strong>ad</strong></span> <span class='ocrx_word' id='word_1_793' title='bbox 1942 4304 2286 4376; x_wconf 89' lang='lat' dir='ltr'><strong>baptismatis</strong></span> <span class='ocrx_word' id='word_1_794' title='bbox 2314 4305 2544 4376; x_wconf 86' lang='lat' dir='ltr'><strong>gratiam</strong></span> <span class='ocrx_word' id='word_1_795' title='bbox 2576 4320 2690 4359; x_wconf 91' lang='lat' dir='ltr'><strong>non</strong></span> <span class='ocrx_word' id='word_1_796' title='bbox 2739 4303 3028 4376; x_wconf 90' lang='lat' dir='ltr'><strong>perducat.</strong></span> <span class='ocrx_word' id='word_1_797' title='bbox 3080 4305 3238 4372; x_wconf 87' lang='lat' dir='ltr'><strong>Quod</strong></span> <span class='ocrx_word' id='word_1_798' title='bbox 3290 4305 3334 4360; x_wconf 89' lang='lat' dir='ltr'><strong>si</strong></span> <span class='ocrx_word' id='word_1_799' title='bbox 3387 4304 3463 4361; x_wconf 82' lang='lat' dir='ltr'><strong>ita</strong></span> 
     </span>
    </p>
   </div>
   <div class='ocr_carea' id='block_1_107' title="bbox 1847 4384 3461 4466">
    <p class='ocr_par' dir='ltr' id='par_1_107' title="bbox 1847 4384 3461 4466">
     <span class='ocr_line' id='line_1_108' title="bbox 1847 4384 3461 4466; baseline 0.001 -18"><span class='ocrx_word' id='word_1_800' title='bbox 1847 4401 2175 4464; x_wconf 88' lang='lat' dir='ltr'><strong>est,peccata</strong></span> <span class='ocrx_word' id='word_1_801' title='bbox 2193 4391 2561 4464; x_wconf 88' lang='lat' dir='ltr'><strong>quorumdam</strong></span> <span class='ocrx_word' id='word_1_802' title='bbox 2585 4393 2777 4464; x_wconf 91' lang='lat' dir='ltr'><strong>procul</strong></span> <span class='ocrx_word' id='word_1_803' title='bbox 2799 4391 2981 4448; x_wconf 91' lang='lat' dir='ltr'><strong>dubio</strong></span> <span class='ocrx_word' id='word_1_804' title='bbox 3004 4384 3326 4466; x_wconf 82' lang='lat' dir='ltr'><strong>priusquam</strong></span> <span class='ocrx_word' id='word_1_805' title='bbox 3349 4393 3461 4449; x_wconf 84' lang='lat' dir='ltr'><strong>sint</strong></span> 
     </span>
    </p>
   </div>
   <div class='ocr_carea' id='block_1_108' title="bbox 1847 4482 3458 4555">
    <p class='ocr_par' dir='ltr' id='par_1_108' title="bbox 1847 4482 3458 4555">
     <span class='ocr_line' id='line_1_109' title="bbox 1847 4482 3458 4555; baseline 0 -17"><span class='ocrx_word' id='word_1_806' title='bbox 1847 4491 2155 4555; x_wconf 86' lang='lat' dir='ltr'><strong>perpetrata</strong></span> <span class='ocrx_word' id='word_1_807' title='bbox 2183 4482 2515 4554; x_wconf 86' lang='lat' dir='ltr'><strong>puniuntur.</strong></span> <span class='ocrx_word' id='word_1_808' title='bbox 2549 4482 2621 4537; x_wconf 86' lang='lat' dir='ltr'><strong>Et</strong></span> <span class='ocrx_word' id='word_1_809' title='bbox 2651 4482 2776 4554; x_wconf 89' lang='lat' dir='ltr'><strong>quis</strong></span> <span class='ocrx_word' id='word_1_810' title='bbox 2809 4482 2912 4538; x_wconf 88' lang='lat' dir='ltr'><strong>ista</strong></span> <span class='ocrx_word' id='word_1_811' title='bbox 2933 4493 3078 4539; x_wconf 75' lang='lat' dir='ltr'><strong>recte</strong></span> <span class='ocrx_word' id='word_1_812' title='bbox 3110 4485 3353 4538; x_wconf 73' lang='lat' dir='ltr'><strong>sentiens</strong></span> <span class='ocrx_word' id='word_1_813' title='bbox 3375 4483 3458 4538; x_wconf 86' lang='lat' dir='ltr'><strong>di-</strong></span> 
     </span>
    </p>
   </div>
   <div class='ocr_carea' id='block_1_109' title="bbox 1847 4570 3462 4644">
    <p class='ocr_par' dir='ltr' id='par_1_109' title="bbox 1847 4570 3462 4644">
     <span class='ocr_line' id='line_1_110' title="bbox 1847 4570 3462 4644; baseline 0.001 -18"><span class='ocrx_word' id='word_1_814' title='bbox 1847 4571 1994 4627; x_wconf 83' lang='lat' dir='ltr'><strong>xerit</strong></span> <span class='ocrx_word' id='word_1_815' title='bbox 2023 4571 2153 4644; x_wconf 90' lang='lat' dir='ltr'><strong>quia</strong></span> <span class='ocrx_word' id='word_1_816' title='bbox 2183 4570 2537 4641; x_wconf 76' lang='lat' dir='ltr'><strong>omnipotens</strong></span> <span class='ocrx_word' id='word_1_817' title='bbox 2566 4572 2733 4638; x_wconf 92' lang='lat' dir='ltr'><strong>Deus,</strong></span> <span class='ocrx_word' id='word_1_818' title='bbox 2769 4572 2864 4644; x_wconf 91' lang='lat' dir='ltr'><strong>qui</strong></span> <span class='ocrx_word' id='word_1_819' title='bbox 2897 4571 3039 4628; x_wconf 88' lang='lat' dir='ltr'><strong>alios</strong></span> <span class='ocrx_word' id='word_1_820' title='bbox 3070 4589 3102 4626; x_wconf 87' lang='lat' dir='ltr'><strong>a</strong></span> <span class='ocrx_word' id='word_1_821' title='bbox 3137 4571 3462 4644; x_wconf 78' lang='lat' dir='ltr'><strong>perpetratis</strong></span> 
     </span>
    </p>
   </div>
   <div class='ocr_carea' id='block_1_110' title="bbox 1845 4659 3464 4732">
    <p class='ocr_par' dir='ltr' id='par_1_110' title="bbox 1845 4659 3464 4732">
     <span class='ocr_line' id='line_1_111' title="bbox 1845 4659 3464 4732; baseline -0.001 -17"><span class='ocrx_word' id='word_1_822' title='bbox 1845 4659 2190 4717; x_wconf 82' lang='lat' dir='ltr'><strong>facinoribus</strong></span> <span class='ocrx_word' id='word_1_823' title='bbox 2219 4660 2434 4727; x_wconf 81' lang='lat' dir='ltr'><strong>liberat,</strong></span> <span class='ocrx_word' id='word_1_824' title='bbox 2469 4661 2587 4716; x_wconf 64' lang='lat' dir='ltr'><strong>haec</strong></span> <span class='ocrx_word' id='word_1_825' title='bbox 2617 4659 2674 4714; x_wconf 90' lang='lat' dir='ltr'><strong>in</strong></span> <span class='ocrx_word' id='word_1_826' title='bbox 2703 4659 2830 4716; x_wconf 90' lang='lat' dir='ltr'><strong>aliis</strong></span> <span class='ocrx_word' id='word_1_827' title='bbox 2859 4659 3025 4716; x_wconf 86' lang='lat' dir='ltr'><strong>etiam</strong></span> <span class='ocrx_word' id='word_1_828' title='bbox 3059 4677 3169 4715; x_wconf 89' lang='lat' dir='ltr'><strong>non</strong></span> <span class='ocrx_word' id='word_1_829' title='bbox 3189 4671 3464 4732; x_wconf 82' lang='lat' dir='ltr'><strong>perpetra-</strong></span> 
     </span>
    </p>
   </div>
   <div class='ocr_carea' id='block_1_111' title="bbox 1846 4747 3462 4820">
    <p class='ocr_par' dir='ltr' id='par_1_111' title="bbox 1846 4747 3462 4820">
     <span class='ocr_line' id='line_1_112' title="bbox 1846 4747 3462 4820; baseline -0.002 -15"><span class='ocrx_word' id='word_1_830' title='bbox 1846 4757 1900 4805; x_wconf 89' lang='lat' dir='ltr'><strong>ta</strong></span> <span class='ocrx_word' id='word_1_831' title='bbox 1930 4749 2308 4807; x_wconf 78' lang='lat' dir='ltr'><strong>condemnet?</strong></span> <span class='ocrx_word' id='word_1_832' title='bbox 2339 4747 2571 4805; x_wconf 84' lang='lat' dir='ltr'><strong>Occulta</strong></span> <span class='ocrx_word' id='word_1_833' title='bbox 2602 4747 2789 4820; x_wconf 88' lang='lat' dir='ltr'><strong>itaque</strong></span> <span class='ocrx_word' id='word_1_834' title='bbox 2817 4757 2951 4804; x_wconf 89' lang='lat' dir='ltr'><strong>sunt</strong></span> <span class='ocrx_word' id='word_1_835' title='bbox 2979 4747 3097 4820; x_wconf 89' lang='lat' dir='ltr'><strong>ejus</strong></span> <span class='ocrx_word' id='word_1_836' title='bbox 3121 4747 3370 4820; x_wconf 86' lang='lat' dir='ltr'><strong>judicia;</strong></span> <span class='ocrx_word' id='word_1_837' title='bbox 3405 4757 3462 4802; x_wconf 91' lang='lat' dir='ltr'><strong>et</strong></span> 
     </span>
    </p>
   </div>
   <div class='ocr_carea' id='block_1_112' title="bbox 1847 4836 3465 4912">
    <p class='ocr_par' dir='ltr' id='par_1_112' title="bbox 1847 4836 3465 4912">
     <span class='ocr_line' id='line_1_113' title="bbox 1847 4836 3465 4912; baseline -0.001 -18"><span class='ocrx_word' id='word_1_838' title='bbox 1847 4849 2052 4912; x_wconf 89' lang='lat' dir='ltr'><strong>quanta</strong></span> <span class='ocrx_word' id='word_1_839' title='bbox 2081 4839 2415 4895; x_wconf 71' lang='lat' dir='ltr'><strong>obscuritate</strong></span> <span class='ocrx_word' id='word_1_840' title='bbox 2447 4845 2729 4909; x_wconf 90' lang='lat' dir='ltr'><strong>nequeunt</strong></span> <span class='ocrx_word' id='word_1_841' title='bbox 2759 4837 3030 4908; x_wconf 90' lang='lat' dir='ltr'><strong>conspici,</strong></span> <span class='ocrx_word' id='word_1_842' title='bbox 3067 4845 3220 4892; x_wconf 88' lang='lat' dir='ltr'><strong>tanta</strong></span> <span class='ocrx_word' id='word_1_843' title='bbox 3260 4836 3465 4892; x_wconf 86' lang='lat' dir='ltr'><strong>debent</strong></span> 
     </span>
    </p>
   </div>
   <div class='ocr_carea' id='block_1_113' title="bbox 1849 4925 3464 4997">
    <p class='ocr_par' dir='ltr' id='par_1_113' title="bbox 1849 4925 3464 4997">
     <span class='ocr_line' id='line_1_114' title="bbox 1849 4925 3464 4997; baseline -0.004 -14"><span class='ocrx_word' id='word_1_844' title='bbox 1849 4927 2167 4984; x_wconf 87' lang='lat' dir='ltr'><strong>humilitate</strong></span> <span class='ocrx_word' id='word_1_845' title='bbox 2197 4927 2468 4982; x_wconf 83' lang='lat' dir='ltr'><strong>venerari.</strong></span> <span class='ocrx_word' id='word_1_846' title='bbox 2502 4927 2662 4982; x_wconf 88' lang='lat' dir='ltr'><strong>Dicat</strong></span> <span class='ocrx_word' id='word_1_847' title='bbox 2692 4942 2820 4997; x_wconf 85' lang='lat' dir='ltr'><strong>ergo</strong></span> <span class='ocrx_word' id='word_1_848' title='bbox 2845 4925 3130 4982; x_wconf 80' lang='lat' dir='ltr'><strong>:Memento</strong></span> <span class='ocrx_word' id='word_1_849' title='bbox 3150 4925 3291 4994; x_wconf 84' lang='lat' dir='ltr'><strong>quod</strong></span> <span class='ocrx_word' id='word_1_850' title='bbox 3322 4925 3464 4994; x_wconf 83' lang='lat' dir='ltr'><strong>igno-</strong></span> 
     </span>
    </p>
   </div>
   <div class='ocr_carea' id='block_1_114' title="bbox 1847 5011 3464 5087">
    <p class='ocr_par' dir='ltr' id='par_1_114' title="bbox 1847 5011 3464 5087">
     <span class='ocr_line' id='line_1_115' title="bbox 1847 5011 3464 5087; baseline -0.003 -16"><span class='ocrx_word' id='word_1_851' title='bbox 1847 5034 1932 5072; x_wconf 84' lang='lat' dir='ltr'><strong>res</strong></span> <span class='ocrx_word' id='word_1_852' title='bbox 1961 5033 2092 5087; x_wconf 86' lang='lat' dir='ltr'><strong>opus</strong></span> <span class='ocrx_word' id='word_1_853' title='bbox 2112 5015 2248 5086; x_wconf 87' lang='lat' dir='ltr'><strong>ejus,</strong></span> <span class='ocrx_word' id='word_1_854' title='bbox 2279 5016 2342 5070; x_wconf 76' lang='lat' dir='ltr'><strong>de</strong></span> <span class='ocrx_word' id='word_1_855' title='bbox 2371 5033 2472 5085; x_wconf 59' lang='lat' dir='ltr'><strong>quo</strong></span> <span class='ocrx_word' id='word_1_856' title='bbox 2502 5015 2804 5069; x_wconf 85' lang='lat' dir='ltr'><strong>cecinerunt</strong></span> <span class='ocrx_word' id='word_1_857' title='bbox 2831 5015 2962 5068; x_wconf 84' lang='lat' dir='ltr'><strong>viri.</strong></span> <span class='ocrx_word' id='word_1_858' title='bbox 2988 5015 3068 5068; x_wconf 85' lang='lat' dir='ltr'><strong>Ac</strong></span> <span class='ocrx_word' id='word_1_859' title='bbox 3099 5013 3144 5067; x_wconf 91' lang='lat' dir='ltr'><strong>si</strong></span> <span class='ocrx_word' id='word_1_860' title='bbox 3174 5020 3360 5083; x_wconf 86' lang='lat' dir='ltr'><strong>aperte</strong></span> <span class='ocrx_word' id='word_1_861' title='bbox 3381 5011 3464 5066; x_wconf 86' lang='lat' dir='ltr'><strong>di-</strong></span> 
     </span>
    </p>
   </div>
   <div class='ocr_carea' id='block_1_115' title="bbox 1851 5098 3468 5177">
    <p class='ocr_par' dir='ltr' id='par_1_115' title="bbox 1851 5098 3468 5177">
     <span class='ocr_line' id='line_1_116' title="bbox 1851 5098 3468 5177; baseline -0.002 -15"><span class='ocrx_word' id='word_1_862' title='bbox 1851 5113 2036 5162; x_wconf 86' lang='lat' dir='ltr'><strong>ceret:</strong></span> <span class='ocrx_word' id='word_1_863' title='bbox 2071 5106 2149 5160; x_wconf 93' lang='lat' dir='ltr'><strong>De</strong></span> <span class='ocrx_word' id='word_1_864' title='bbox 2182 5121 2292 5177; x_wconf 92' lang='lat' dir='ltr'><strong>quo</strong></span> <span class='ocrx_word' id='word_1_865' title='bbox 2321 5103 2491 5160; x_wconf 86' lang='lat' dir='ltr'><strong>fortes</strong></span> <span class='ocrx_word' id='word_1_866' title='bbox 2523 5104 2728 5176; x_wconf 90' lang='lat' dir='ltr'><strong>quique</strong></span> <span class='ocrx_word' id='word_1_867' title='bbox 2766 5102 2937 5158; x_wconf 92' lang='lat' dir='ltr'><strong>locuti</strong></span> <span class='ocrx_word' id='word_1_868' title='bbox 2973 5108 3122 5167; x_wconf 88' lang='lat' dir='ltr'><strong>sunt,</strong></span> <span class='ocrx_word' id='word_1_869' title='bbox 3155 5098 3273 5171; x_wconf 84' lang='lat' dir='ltr'><strong>ejus</strong></span> <span class='ocrx_word' id='word_1_870' title='bbox 3301 5116 3468 5172; x_wconf 88' lang='lat' dir='ltr'><strong>opera</strong></span> 
     </span>
    </p>
   </div>
   <div class='ocr_carea' id='block_1_116' title="bbox 1851 5190 3467 5263">
    <p class='ocr_par' dir='ltr' id='par_1_116' title="bbox 1851 5190 3467 5263">
     <span class='ocr_line' id='line_1_117' title="bbox 1851 5190 3467 5263; baseline -0.003 -13"><span class='ocrx_word' id='word_1_871' title='bbox 1851 5203 1958 5251; x_wconf 71' lang='lat' dir='ltr'><strong>tua:</strong></span> <span class='ocrx_word' id='word_1_872' title='bbox 1989 5193 2189 5249; x_wconf 87' lang='lat' dir='ltr'><strong>mentis</strong></span> <span class='ocrx_word' id='word_1_873' title='bbox 2209 5191 2385 5251; x_wconf 90' lang='lat' dir='ltr'><strong>oculis</strong></span> <span class='ocrx_word' id='word_1_874' title='bbox 2404 5191 2840 5256; x_wconf 89' lang='lat' dir='ltr'><strong>absconduntur,</strong></span> <span class='ocrx_word' id='word_1_875' title='bbox 2865 5190 2998 5263; x_wconf 89' lang='lat' dir='ltr'><strong>quia</strong></span> <span class='ocrx_word' id='word_1_876' title='bbox 3018 5205 3332 5245; x_wconf 86' lang='lat' dir='ltr'><strong>mensuram</strong></span> <span class='ocrx_word' id='word_1_877' title='bbox 3357 5197 3467 5250; x_wconf 68' lang='lat' dir='ltr'><strong>tuan</strong></span> 
     </span>
    </p>
   </div>
   <div class='ocr_carea' id='block_1_117' title="bbox 1860 5369 3468 5462">
    <p class='ocr_par' dir='ltr' id='par_1_117' title="bbox 1860 5369 3468 5462">
     <span class='ocr_line' id='line_1_118' title="bbox 1860 5369 3468 5462; baseline -0.002 -32"><span class='ocrx_word' id='word_1_878' title='bbox 1860 5391 1971 5448; x_wconf 65' lang='lat' dir='ltr'><strong>pra:</strong></span> <span class='ocrx_word' id='word_1_879' title='bbox 2000 5372 2293 5462; x_wconf 38' lang='lat' dir='ltr'><strong>osciit‘antia</strong></span> <span class='ocrx_word' id='word_1_880' title='bbox 2323 5372 2582 5462; x_wconf 54' lang='lat' dir='ltr'><strong>legentes,</strong></span> <span class='ocrx_word' id='word_1_881' title='bbox 2601 5369 2878 5462; x_wconf 44' lang='lat' dir='ltr'><strong>[apparuit</strong></span> <span class='ocrx_word' id='word_1_882' title='bbox 2892 5385 2991 5462; x_wconf 53' lang='lat' dir='ltr'><strong>plrLo</strong></span> <span class='ocrx_word' id='word_1_883' title='bbox 3019 5371 3238 5462; x_wconf 61' lang='lat' dir='ltr'><strong>aperuit</strong></span> <span class='ocrx_word' id='word_1_884' title='bbox 3265 5387 3468 5462; x_wconf 41' lang='grc' dir='ltr'><strong>θείῃ-ιι-</strong></span> 
     </span>
    </p>
   </div>
   <div class='ocr_carea' id='block_1_118' title="bbox 1861 5440 3468 5518">
    <p class='ocr_par' dir='ltr' id='par_1_118' title="bbox 1861 5440 3468 5518">
     <span class='ocr_line' id='line_1_119' title="bbox 1861 5440 3468 5518; baseline -0.002 -16"><span class='ocrx_word' id='word_1_885' title='bbox 1861 5440 2087 5518; x_wconf 57' lang='grc' dir='ltr'><strong>ᾖεξιίιιῄἒ</strong></span> <span class='ocrx_word' id='word_1_886' title='bbox 2112 5440 2406 5516; x_wconf 79' lang='lat' dir='ltr'><strong>Sequimur</strong></span> <span class='ocrx_word' id='word_1_887' title='bbox 2433 5443 2560 5498; x_wconf 78' lang='lat' dir='ltr'><strong>Mss.</strong></span> <span class='ocrx_word' id='word_1_888' title='bbox 2597 5440 2806 5508; x_wconf 81' lang='lat' dir='ltr'><strong>Baluz.,</strong></span> <span class='ocrx_word' id='word_1_889' title='bbox 2841 5440 3021 5510; x_wconf 88' lang='lat' dir='ltr'><strong>Colb.,</strong></span> <span class='ocrx_word' id='word_1_890' title='bbox 3052 5440 3288 5509; x_wconf 87' lang='lat' dir='ltr'><strong>Turon.,</strong></span> <span class='ocrx_word' id='word_1_891' title='bbox 3315 5443 3468 5498; x_wconf 85' lang='lat' dir='ltr'><strong>Vin-</strong></span> 
     </span>
    </p>
   </div>
   <div class='ocr_carea' id='block_1_119' title="bbox 1861 5516 2390 5582">
    <p class='ocr_par' dir='ltr' id='par_1_119' title="bbox 1861 5516 2390 5582">
     <span class='ocr_line' id='line_1_120' title="bbox 1861 5516 2390 5582; baseline -0.009 -8"><span class='ocrx_word' id='word_1_892' title='bbox 1861 5516 2009 5582; x_wconf 66' lang='lat' dir='ltr'><strong>doc,</strong></span> <span class='ocrx_word' id='word_1_893' title='bbox 2042 5516 2254 5582; x_wconf 84' lang='lat' dir='ltr'><strong>Norm.,</strong></span> <span class='ocrx_word' id='word_1_894' title='bbox 2286 5523 2390 5570; x_wconf 91' lang='lat' dir='ltr'><strong>etc.</strong></span> 
     </span>
    </p>
   </div>
   <div class='ocr_carea' id='block_1_120' title="bbox 1939 5585 3065 5658">
    <p class='ocr_par' dir='ltr' id='par_1_120' title="bbox 1939 5585 3065 5658">
     <span class='ocr_line' id='line_1_121' title="bbox 1939 5585 3065 5658; baseline -0.003 -16"><span class='ocrx_word' id='word_1_895' title='bbox 1939 5592 1950 5622; x_wconf 87' lang='grc'>¹</span> <span class='ocrx_word' id='word_1_896' title='bbox 1988 5587 2240 5658; x_wconf 76' lang='lat' dir='ltr'><strong>Lnngip.,</strong></span> <span class='ocrx_word' id='word_1_897' title='bbox 2264 5587 2350 5640; x_wconf 82' lang='lat' dir='ltr'><strong>sed</strong></span> <span class='ocrx_word' id='word_1_898' title='bbox 2371 5585 2541 5658; x_wconf 69' lang='lat' dir='ltr'><strong>adhuc</strong></span> <span class='ocrx_word' id='word_1_899' title='bbox 2564 5586 2830 5658; x_wconf 74' lang='lat' dir='ltr'><strong>qurerilur</strong></span> <span class='ocrx_word' id='word_1_900' title='bbox 2859 5585 3065 5656; x_wconf 59' lang='lat' dir='ltr'><strong>species.</strong></span> 
     </span>
    </p>
   </div>
   <div class='ocr_carea' id='block_1_121' title="bbox 1941 5656 3467 5728">
    <p class='ocr_par' dir='ltr' id='par_1_121' title="bbox 1941 5656 3467 5728">
     <span class='ocr_line' id='line_1_122' title="bbox 1941 5656 3467 5728; baseline -0.001 -14"><span class='ocrx_word' id='word_1_901' title='bbox 1941 5661 1960 5693; x_wconf 64' lang='grc' dir='ltr'>ε</span> <span class='ocrx_word' id='word_1_902' title='bbox 1997 5656 2254 5727; x_wconf 54' lang='lat' dir='ltr'><strong>Vimine,</strong></span> <span class='ocrx_word' id='word_1_903' title='bbox 2300 5657 2523 5713; x_wconf 81' lang='lat' dir='ltr'><strong>Ebroic.</strong></span> <span class='ocrx_word' id='word_1_904' title='bbox 2558 5665 2610 5711; x_wconf 85' lang='lat' dir='ltr'><strong>et</strong></span> <span class='ocrx_word' id='word_1_905' title='bbox 2639 5656 2735 5711; x_wconf 86' lang='lat' dir='ltr'><strong>alii</strong></span> <span class='ocrx_word' id='word_1_906' title='bbox 2767 5657 2978 5723; x_wconf 75' lang='lat' dir='ltr'><strong>Norm.,</strong></span> <span class='ocrx_word' id='word_1_907' title='bbox 3012 5657 3231 5728; x_wconf 74' lang='lat' dir='ltr'><strong>spiculis</strong></span> <span class='ocrx_word' id='word_1_908' title='bbox 3278 5657 3467 5728; x_wconf 85' lang='lat' dir='ltr'><strong>ﬁgunt.</strong></span> 
     </span>
    </p>
   </div>
   <div class='ocr_carea' id='block_1_122' title="bbox 1949 5728 3468 5801">
    <p class='ocr_par' dir='ltr' id='par_1_122' title="bbox 1949 5728 3468 5801">
     <span class='ocr_line' id='line_1_123' title="bbox 1949 5728 3468 5801; baseline -0.003 -15"><span class='ocrx_word' id='word_1_909' title='bbox 1949 5735 1968 5766; x_wconf 82' lang='grc'><strong>³</strong></span> <span class='ocrx_word' id='word_1_910' title='bbox 2001 5731 2276 5786; x_wconf 72' lang='grc' dir='ltr'><strong>Οιιιίῑὶυιιῐ</strong></span> <span class='ocrx_word' id='word_1_911' title='bbox 2306 5730 2486 5782; x_wconf 78' lang='lat' dir='ltr'><strong>anima</strong></span> <span class='ocrx_word' id='word_1_912' title='bbox 2519 5728 2668 5801; x_wconf 83' lang='lat' dir='ltr'><strong>Edit.</strong></span> <span class='ocrx_word' id='word_1_913' title='bbox 2704 5729 3246 5801; x_wconf 36' lang='lat' dir='ltr'><strong>recentioremquam</strong></span> <span class='ocrx_word' id='word_1_914' title='bbox 3279 5742 3468 5782; x_wconf 87' lang='lat' dir='ltr'><strong>vocem</strong></span> 
     </span>
    </p>
   </div>
   <div class='ocr_carea' id='block_1_123' title="bbox 1837 5800 3398 5876">
    <p class='ocr_par' dir='ltr' id='par_1_123' title="bbox 1837 5800 3398 5876">
     <span class='ocr_line' id='line_1_124' title="bbox 1837 5800 3398 5876; baseline -0.005 -16"><span class='ocrx_word' id='word_1_915' title='bbox 1837 5865 1849 5876; x_wconf 45' lang='grc' dir='ltr'><strong><em>ο</em></strong></span> <span class='ocrx_word' id='word_1_916' title='bbox 1877 5802 2260 5860; x_wconf 67' lang='lat' dir='ltr'><strong>remeavimus</strong></span> <span class='ocrx_word' id='word_1_917' title='bbox 2291 5818 2359 5855; x_wconf 76' lang='lat' dir='ltr'><strong>ex</strong></span> <span class='ocrx_word' id='word_1_918' title='bbox 2389 5802 2516 5855; x_wconf 74' lang='lat' dir='ltr'><strong>Mss.</strong></span> <span class='ocrx_word' id='word_1_919' title='bbox 2551 5800 2764 5867; x_wconf 86' lang='lat' dir='ltr'><strong>Baluz.,</strong></span> <span class='ocrx_word' id='word_1_920' title='bbox 2795 5800 2976 5868; x_wconf 45' lang='lat' dir='ltr'><strong>Collu,</strong></span> <span class='ocrx_word' id='word_1_921' title='bbox 3015 5800 3258 5866; x_wconf 63' lang='lat' dir='ltr'><strong>libroic.,</strong></span> <span class='ocrx_word' id='word_1_922' title='bbox 3291 5805 3398 5853; x_wconf 90' lang='lat' dir='ltr'><strong>etc.</strong></span> 
     </span>
    </p>
   </div>
  </div>
