3920 6374
455 414 560 473 403

1667 409 1918 468 SANCTI
1957 407 2298 464 GREGOBII
2335 405 2562 464 MAGNI

3677 401 3781 459 404

454 541 668 599 notitiae
715 556 782 598 eo
839 539 958 612 ipso
1022 555 1132 614 quo
1187 537 1533 597 humanitate
1585 535 2057 597 circumscriberis
2083 535 2136 596 Α
2163 531 2300 592 dicit
2333 549 2346 589 :
2381 535 2512 590 Ecce
2534 533 2675 589 Deus
2702 546 2944 603 magnus.
2976 527 3124 598 Quid
3155 538 3238 587 est
3267 527 3415 604 quod
3443 528 3512 587 de
3539 530 3658 588 Deo
3689 529 3784 585 lo—

453 639 761 689 transeunt.
793 630 1056 705 Sequitur
1087 647 1100 686 :

927 719 1154 778 CAPUT
1183 721 1235 778 V
1266 720 1410 796 [Rec.
1452 721 1591 794 III].

524 813 671 874 856
705 808 876 867 Vens.
926 809 1016 866 25.
1047 840 1119 853 —
1163 811 1352 868 Omnes
1396 809 1627 865 homines
1681 808 1860 864 vident
1918 822 2056 874 eum,

453 905 812 978 unusquisque
838 903 1074 960 intuetur
1095 904 1307 976 procul.

523 996 577 1052 8.
607 997 750 1053 Deus
778 993 991 1050 nonnisi
1011 994 1223 1066 procul,
1255 992 1412 1050 etiam
1439 993 1505 1049 ab
1535 993 1705 1050 electis
1730 993 1959 1050 videtur.
1989 1021 2061 1035 —

453 1086 648 1146 Omnis
673 1085 844 1143 homo
871 1101 936 1142 eo
966 1085 1086 1158 ipso
1115 1101 1225 1158 quo
1257 1083 1546 1142 rationalis
1575 1084 1949 1153 estconditus,
1969 1082 2059 1140 de-

455 1179 545 1236 bet
571 1193 643 1235 ex
672 1175 884 1233 ratione
912 1175 1172 1249 colligere
1199 1190 1325 1231 eum
1359 1175 1452 1247 qui
1495 1190 1551 1230 se
1585 1174 1836 1232 condidit
1883 1175 2059 1232 Deum

452 1284 588 1325 esse.
621 1267 795 1337 Quem
821 1265 1093 1323 nimirum
1135 1262 1252 1338 jam
1291 1261 1480 1320 videre
1523 1273 1606 1322 est
1648 1263 2058 1322 damnationem

455 1357 612 1416 illius
647 1357 665 1392 ¹
698 1355 1084 1414 ratiocinando
1127 1357 1465 1430 conspicere.
1499 1355 1636 1414 Cum
1669 1373 1801 1413 vero
1847 1353 2060 1412 dictum

455 1448 528 1506 sit
559 1465 572 1505 :
609 1449 800 1506 Omnes
827 1446 1062 1503 homines
1090 1446 1270 1502 vident
1296 1463 1432 1516 eum,
1482 1455 1627 1504 recte
1657 1443 2013 1518 subjungitur
2044 1457 2055 1494 :

461 1539 827 1612 Unusquisque
853 1537 1091 1594 intuetur
1113 1537 1326 1609 procul.
1358 1536 1559 1593 Procul
1581 1535 1784 1611 quippe
1813 1549 1938 1590 eum
1971 1533 2062 1588 in-

455 1628 599 1687 tueri
631 1636 715 1686 est
762 1643 876 1685 non
899 1625 1014 1700 jam
1045 1625 1204 1682 illum
1252 1641 1349 1698 per
1395 1624 1633 1697 speciem
1675 1637 1917 1690 cernere,
1967 1619 2064 1676 sed

455 1717 639 1776 adhuc
664 1733 736 1775 ex
763 1717 882 1774 sola
906 1731 1136 1788 operum
1165 1729 1392 1772 suorum
1413 1713 1782 1772 admiratione
1811 1726 2062 1786 pensare.

455 1809 655 1868 Procul
685 1808 846 1865 illum
875 1805 970 1865 hic
997 1805 1165 1864 etiam
1194 1805 1357 1864 electi
1385 1805 1757 1879 conspiciunt,
1788 1801 1920 1877 quia
1938 1816 2062 1856 nec-

2167 641 2340 699 quens
2367 639 2492 680 ecce
2516 623 2672 690 dicit,
2705 632 2758 680 et
2779 637 2903 679 ecce
2933 621 3152 694 repetit,
3185 620 3296 677 nisi
3344 620 3492 694 quod
3519 635 3650 678 ecce
3679 618 3784 676 di-

2166 715 2345 774 cimus
2373 713 2442 770 de
2468 729 2530 770 ea
2559 729 2616 769 re
2645 727 2808 786 quam
2842 711 2900 766 in
2945 711 3200 784 prmsenti
3245 717 3620 767 monstramus
3651 709 3682 766 ?
3727 719 3784 769 et

2167 807 2300 880 quia
2326 808 2471 863 Deus
2499 804 2707 877 ubique
2736 818 2974 876 praesens
3002 813 3102 872 est,
3137 819 3262 860 cum
3279 801 3347 860 de
3377 803 3476 859 illo
3495 817 3622 861 ecce
3643 801 3785 860 dici-

2169 906 2280 966 tur,
2311 898 2475 954 etiam
2502 911 2614 952 non
2643 894 2964 951 videntibus
2992 892 3180 952 adesse
3227 902 3587 950 memoratur.
3632 894 3786 952 Bene

2168 997 2352 1046 autem
2381 1002 2507 1043 eum
2542 985 2764 1042 vincere
2793 985 3080 1042 scientiam
3109 993 3354 1042 nostram
3383 993 3592 1053 narrat,
3615 1000 3786 1058 quem

2169 1079 2349 1138 videri
2377 1078 2446 1136 ab
2467 1077 2728 1134 omnibus
2751 1077 2990 1146 dixerat,
3019 1077 3150 1151 quia
3169 1077 3273 1134 etsi
3294 1093 3363 1133 ex
3390 1078 3606 1134 ratione
3627 1094 3787 1136 cons-

2169 1170 2392 1244 picitur,
2428 1167 2749 1240 magnitudo
2777 1177 2960 1225 tamen
3009 1168 3163 1224 illius
3191 1168 3344 1224 nulla
3373 1168 3546 1226 nostri
3587 1184 3786 1227 sensus

2170 1259 2477 1318 subtilitate
2498 1267 2838 1332 penetratur.
2872 1256 3160 1330 Quidquid
3192 1273 3428 1332 namque
3442 1257 3510 1314 de
3531 1258 3786 1315 claritate

2171 1349 2288 1422 ejus
2319 1347 2718 1422 magnitudinis
2746 1349 2971 1416 scimus,
3006 1347 3149 1404 infra
3179 1348 3358 1420 ipsum
3389 1357 3506 1415 est;
3540 1358 3595 1406 et
3628 1357 3786 1406 tanto

2170 1439 2238 1498 ab
2268 1439 2386 1512 ejus
2415 1438 2646 1496 scientia
2676 1439 2835 1510 longe
2855 1437 3202 1509 repellimur,
3227 1437 3432 1511 quanto
3449 1436 3569 1511 ejus
3590 1446 3787 1512 poten-

2171 1530 2305 1587 tiam
2335 1545 2436 1586 nos
2464 1526 2948 1599 comprehendisse
2979 1527 3348 1600 suspicamur.
3372 1527 3506 1584 Nam
3522 1528 3785 1602 quamvis

2173 1617 2231 1674 in
2259 1619 2435 1676 altum
2455 1633 2610 1674 mens
2641 1627 2830 1676 nostra
2858 1617 3126 1691 rapiatur,
3145 1616 3266 1690 ejus
3295 1626 3478 1674 tamen
3505 1619 3783 1691 magnitu-

2171 1707 2320 1766 dinis
2348 1707 2718 1765 immensitate
2749 1708 3175 1766 transcenditur.
3207 1705 3378 1780 Cujus
3407 1717 3540 1766 tunc
3568 1707 3784 1782 aliquid

2171 1799 2328 1875 quasi
2353 1813 2425 1856 ex
2453 1807 2603 1872 parte
2630 1798 3031 1872 cognoscimus,
3063 1798 3282 1874 quando
3311 1815 3438 1856 eum
3465 1813 3568 1855 nos
3620 1797 3784 1872 digne

412 1889 425 1898 ”
456 1899 590 1959 dum
621 1899 926 1959 claritatem
957 1898 1112 1957 illius
1141 1897 1164 1934 ³
1192 1913 1288 1971 per
1316 1912 1549 1954 acumen
1579 1895 1791 1952 intimas
1825 1893 2062 1950 visionis
2092 1905 2139 1966 Β
2174 1903 2502 1965 cognoscere
2529 1903 2644 1944 non
2672 1904 2834 1961 posse
2855 1889 3150 1945 sentimus.
3179 1888 3444 1962 Sequitur
3477 1905 3491 1944 :

457 1987 897 2064 apprehendunt.
931 1987 1034 2047 Cui
1063 1984 1297 2059 etsijam
1329 2003 1424 2061 per
1451 2001 1696 2043 amorem
1721 1982 1886 2056 juxta
1914 1990 2064 2049 sunt,

457 2079 640 2139 adhuc
665 2089 850 2139 tamen
877 2077 948 2138 ab
976 2079 1076 2136 illo
1106 2087 1336 2136 terrenae
1367 2073 1795 2134 inhabitationis
1827 2071 2069 2145 pondere

456 2169 868 2245 disjunguntur;
889 2179 943 2228 et
959 2168 1216 2245 quamvis
1235 2168 1287 2224 ei
1303 2166 1444 2224 bene
1472 2163 1716 2222 vivendo
1737 2162 2063 2234 inhaereant,

457 2279 491 2319 a
545 2261 1030 2335 contemplationis
1069 2259 1190 2334 ejus
1237 2257 1420 2332 specie
1466 2257 1626 2329 longe
1679 2272 1736 2313 se
1778 2271 1896 2313 esse
1950 2273 2070 2312 sus-

458 2352 663 2426 pirant.
697 2351 871 2421 Quem
901 2351 1171 2408 nimirum
1202 2346 1423 2422 reprobi
1452 2346 1621 2404 etiam
1667 2361 1796 2402 cum
1826 2344 1894 2402 ad
1919 2343 2066 2418 judi-

457 2444 606 2503 cium
630 2432 944 2500 venientem
967 2439 1229 2508 viderint,
1252 2438 1443 2512 procul
1465 2437 1771 2506 intuentur,
1802 2435 1933 2511 quia
1955 2451 2070 2494 non

459 2551 586 2592 eum
618 2534 677 2590 in
698 2531 1018 2589 divinitatis
1046 2530 1245 2599 forma,
1277 2526 1376 2586 sed
1397 2526 1456 2583 in
1485 2527 1603 2584 sola
1621 2542 1728 2600 qua
1747 2532 1800 2582 et
1819 2541 2064 2598 compre-

460 2623 632 2682 hendi
662 2621 847 2695 potuit
875 2621 1223 2678 humanitate
1251 2617 1624 2692 conspiciunt,
1642 2616 1774 2690 quia
1804 2615 2067 2673 videlicet

460 2729 650 2772 eorum
681 2713 871 2770 oculos
899 2711 1125 2770 reducta
1151 2719 1285 2768 tunc
1327 2709 1396 2768 ad
1444 2709 1766 2767 memoriam
1797 2725 1894 2766 sua
1923 2707 2065 2764 male

462 2815 612 2878 gesta
666 2803 1042 2872 reverberant,
1091 2811 1145 2860 et
1189 2801 1324 2862 dum
1374 2801 1494 2875 ejus
1541 2801 1944 2858 humanitatem
1983 2800 2062 2856 vi-

461 2895 615 2963 dent,
691 2892 849 2967 cujus
923 2891 1237 2951 divinitatis
1310 2892 1620 2949 claritatem
1677 2907 1790 2948 non
1846 2889 2060 2962 vident,

460 2983 604 3040 miro
633 2982 798 3040 modo
826 2981 894 3040 ab
923 2981 1040 3054 ejus
1069 2981 1285 3039 visione
1313 2997 1474 3057 quem
1504 2979 1858 3055 conspiciunt
1904 2981 2065 3055 longe

459 3071 620 3131 ﬁunt.
655 3071 795 3148 [Vet.
834 3071 974 3148 ΙΙΙ.]
1019 3070 1126 3130 Sed
1179 3087 1306 3130 cum
1336 3069 1544 3128 dicitur
1586 3088 1598 3127 :
1630 3070 1886 3128 Memento
1923 3071 2065 3141 quod

460 3163 666 3234 ignores
692 3177 824 3234 opus
851 3160 987 3232 ejus,
1015 3177 1080 3218 ac
1098 3159 1300 3217 deinde
1327 3158 1686 3232 subjungitur
1717 3176 1729 3215 :
1758 3158 1946 3217 Omnes
1961 3159 2067 3214 lio-

2788 1976 3017 2036 CAPUT
3047 1978 3168 2036 VII.

2249 2070 2386 2126 Iern.
2442 2100 2514 2112 —
2540 2070 2806 2128 Numerus
2852 2088 3119 2127 annorum
3163 2071 3278 2143 ejus
3309 2071 3330 2108 ‘
3371 2069 3782 2129 inaestimabilis.

2258 2165 2402 2224 857
2434 2161 2520 2218 10.
2551 2161 2692 2218 Deus
2721 2162 2832 2218 sine
2859 2162 3031 2235 spatio
3047 2162 3354 2230 immensus,
3385 2162 3496 2218 sine
3516 2161 3672 2220 initio
3691 2169 3787 2220 aut

2177 2261 2279 2333 ﬁne
2306 2265 2628 2316 wternus.—
2652 2259 2848 2317 Dicere
2875 2268 3164 2334 utcunque
3194 2261 3560 2318 mternitatem
3581 2261 3782 2328 voluit,

2176 2359 2230 2408 et
2246 2350 2418 2423 ipsam
2439 2351 2764 2407 aeternitatis
2783 2348 3188 2424 longitudinem
3210 2367 3384 2408 annos
3399 2349 3786 2409 vocavit.Cum

2175 2439 2322 2496 enim
2352 2439 2679 2498 brevitatem
2725 2440 2994 2512 temporis
3037 2439 3276 2499 dilatare
3324 2441 3605 2510 volumus,
3656 2458 3786 2498 mo—

2176 2539 2359 2587 menta
2389 2547 2483 2602 per
2512 2529 2695 2599 horas,
2727 2529 2891 2587 horas
2920 2547 3018 2603 per
3054 2530 3193 2600 dies,
3247 2531 3365 2588 dies
3413 2547 3510 2606 per
3546 2548 3782 2598 menses,

2175 2637 2390 2679 nienses
2414 2631 2598 2679 autem
2630 2637 2726 2693 per
2753 2637 2928 2680 annos
2957 2621 3479 2692 extendimus.Quia
3507 2638 3636 2696 ergo
3665 2640 3786 2696 per-

2173 2711 2418 2786 amplum
2449 2709 2716 2786 quiddam
2745 2710 2927 2769 dicere
2957 2712 3158 2780 voluit,
3189 2711 3286 2768 sed
3313 2712 3447 2786 quid
3473 2712 3680 2772 diceret
3710 2714 3784 2772 la-

2174 2803 2285 2860 tius
2313 2818 2424 2859 non
2454 2801 2691 2870 invenit,
2724 2803 2746 2837 ⁵
2805 2801 2866 2858 in
2911 2802 3026 2858 Deo
3070 2817 3242 2858 annos
3273 2802 3392 2862 sine
3421 2803 3786 2864 aestimatione

2174 2894 2391 2951 numeri
2409 2891 2824 2966 multiplicavit,
2853 2891 3046 2950 dicens
3068 2911 3079 2949 :
3103 2894 3371 2951 Numerus
3390 2911 3659 2952 annorum
3672 2893 3786 2965 ejus

2173 2982 2580 3052 intestimabilis,
2611 2992 2673 3040 ut
2701 2981 2833 3040 dum
2863 2999 2928 3041 ea
2955 2999 3077 3057 quae
3105 2983 3253 3056 apud
3287 3000 3348 3042 se
3392 2993 3522 3043 sunt
3567 2985 3788 3058 prolixa

2173 3073 2527 3147 multiplicat,
2559 3072 2885 3130 eternitatis
2937 3073 3341 3146 longitudinem
3371 3091 3429 3132 se
3458 3075 3642 3133 metiri
3670 3090 3786 3133 non

2173 3179 2329 3234 posse
2385 3162 2681 3220 infirmitas
2729 3161 2974 3220 humana
3019 3173 3332 3235 cognoscat.
3374 3164 3558 3222 Tende
3600 3165 3787 3238 itaque

459 3251 624 3307 mines
650 3251 830 3306 vident
854 3266 995 3319 eum,
1026 3264 1210 3322 quem,
1241 3249 1387 3306 sicut
1429 3247 1702 3316 diximus,
1753 3246 1943 3304 videre
1985 3256 2067 3304 est
2101 3271 2144 3332 α
2174 3252 2397 3310 oculum
2428 3251 2487 3308 in
2517 3251 2904 3322 aeternitatem,
2935 3259 2998 3308 ut
3025 3251 3215 3310 videas
3244 3253 3534 3322 Deum,vel
3564 3253 3790 3328 quando

463 3338 939 3398 transcendentem
987 3339 1176 3395 omnia
1221 3335 1340 3410 ejus
1383 3338 1679 3394 essentiam
1727 3353 1798 3394 ex
1852 3336 2067 3394 ratione

461 3429 740 3502 colligere,
770 3427 932 3486 valde
962 3425 1280 3484 mirandum
1310 3437 1392 3484 est
1423 3427 1574 3502 quod
1597 3435 1654 3486 et
1681 3428 1862 3501 ipsum
1891 3428 2068 3485 cerni-

463 3535 606 3586 mus,
629 3527 686 3576 et
729 3516 848 3591 ejus
875 3534 1014 3591 opus
1042 3517 1380 3590 ignoramus.
1412 3517 1583 3576 Dubii
1613 3518 1816 3592 quippe
1853 3515 1921 3574 de
1950 3515 2068 3589 ejus

463 3609 698 3666 essentia
724 3623 836 3664 non
865 3623 1075 3676 sumus,
1099 3615 1154 3664 et
1179 3615 1364 3664 tamen
1385 3607 1444 3664 in
1464 3604 1584 3680 ejus
1592 3605 1824 3680 judiciis
1868 3607 2065 3664 incerti

464 3713 829 3754 remanemus.
861 3697 1015 3754 Patet
1043 3695 1204 3754 nobis
1231 3695 1379 3771 quod
1407 3714 1684 3754 summum
1716 3706 1816 3766 est,
1839 3697 2067 3756 abscon-

464 3785 618 3844 ditur
645 3786 794 3861 quod
822 3786 1140 3844 minimum.
1172 3787 1359 3844 Minus
1375 3787 1577 3862 quippe
1608 3797 1738 3846 sunt
1757 3787 1875 3863 ejus
1904 3803 2070 3862 opera

465 3891 629 3948 quam
660 3875 776 3950 ipse
800 3893 814 3940 ;
847 3884 901 3932 et
928 3885 1176 3950 agentem
1206 3877 1510 3946 cernimus,
1544 3878 1638 3935 sed
1667 3878 1726 3936 in
1743 3879 1960 3936 actione
1983 3894 2069 3935 ca-

463 3964 698 4036 ligamus
739 3981 752 4020 :
785 3965 917 4039 quia
943 3965 1203 4024 videlicet
1230 3984 1332 4024 cur
1361 3967 1496 4042 quid
1525 3968 1624 4027 ﬁat
1657 3969 1934 4027 incertum
1963 3978 2066 4038 est,

463 4053 558 4110 sed
586 4053 710 4128 quis
738 4054 810 4112 sit
850 4056 946 4129 qui
977 4055 1094 4115 haec
1141 4057 1352 4116 incerta
1397 4058 1586 4128 faciat,
1633 4059 1909 4118 incertum
1957 4075 2069 4116 non

463 4152 564 4200 est.
595 4143 754 4202 Dicat
779 4161 908 4217 ergo
942 4163 954 4202 :
987 4145 1244 4204 Memento
1281 4149 1425 4219 quod
1453 4149 1663 4220 ignores
1691 4166 1824 4222 opus
1854 4148 1987 4220 ejus,
2010 4149 2072 4204 de

463 4251 565 4304 quo
579 4235 875 4291 cecinerunt
891 4236 1001 4291 viri
1020 4253 1038 4290 :
1063 4237 1506 4307 Omneshomines
1521 4238 1698 4294 vident
1724 4255 1864 4305 eum,
1895 4255 2072 4294 unus-

459 4323 681 4398 quisque
698 4325 934 4381 intuetur
941 4325 1607 4400 procul,quiaeum,cujus
1615 4323 1882 4400 judiciam
1901 4328 2074 4386 inime

463 4432 584 4472 com
592 4413 1126 4488 prehendimus,esse
1147 4433 1243 4490 per
1257 4417 1526 4474 rationem
1548 4418 1821 4486 videmus;
1857 4420 1878 4455 ³
1909 4435 2069 4494 quem

467 4514 650 4560 tamen
679 4504 862 4563 adhuc
889 4506 1078 4578 procul
1106 4507 1405 4576 cernimus,
1437 4507 1564 4581 quia
1595 4508 1661 4565 ab
1691 4507 1808 4583 ejus
1837 4510 2076 4568 fortitu-

2175 3350 2257 3400 est
2281 3359 2314 3399 a
2342 3341 2636 3414 principio,
2671 3341 2758 3398 vel
2789 3357 3094 3416 quousque;
3121 3344 3142 3379 δ
3163 3352 3218 3401 et
3245 3359 3519 3418 nusquam
3547 3342 3678 3400 ﬁnis
3697 3359 3790 3402 su-

2180 3431 2379 3504 perior,
2411 3429 2542 3504 quia
2559 3447 2674 3488 esse
2703 3447 2815 3487 non
2846 3431 3065 3504 incipit;
3091 3448 3362 3506 nusquam
3383 3432 3512 3490 ﬁnis
3532 3432 3790 3504 inferior,

2177 3521 2307 3594 quia
2325 3534 2441 3577 esse
2471 3535 2582 3576 non
2601 3519 2826 3577 desinit.
2846 3521 2998 3578 Intra
3015 3519 3200 3594 ipsum
3222 3522 3410 3580 omnia
3423 3531 3790 3595 coangustan-

2176 3619 2288 3680 tur,
2337 3611 2453 3684 ipse
2499 3627 2632 3667 vero
2675 3611 2822 3668 circa
2848 3611 3039 3670 omnia
3066 3610 3191 3669 sine
3237 3613 3414 3686 spatio
3442 3612 3788 3681 extenditur,

2177 3700 2296 3757 sine
2326 3701 2446 3758 loco
2475 3699 2756 3758 dilatatur.
2787 3701 2930 3759 Ecce
2958 3709 3157 3760 cuncta
3202 3717 3323 3776 qua
3369 3701 3514 3761 facta
3541 3711 3696 3771 sunt,
3725 3719 3792 3761 ea

2177 3790 2295 3864 ipsa
2347 3790 2858 3864 circumscriptione
2887 3807 2994 3864 qua
3023 3799 3204 3849 creata
3231 3801 3380 3862 sunt,
3411 3793 3687 3866 superiori
3738 3799 3793 3853 et

2179 3881 2431 3937 inferiori
2461 3881 2569 3936 ﬁne
2597 3880 2918 3952 cinguntur.
2941 3881 3082 3954 Lege
3101 3881 3250 3939 enim
3279 3897 3397 3950 sua,
3421 3884 3442 3918 ⁷
3473 3883 3606 3956 quia
3624 3899 3656 3940 a
3675 3899 3789 3940 non

2179 3989 2295 4029 esse
2324 3971 2621 4045 incipiunt,
2657 3970 2921 4028 festinant
2948 3987 3060 4028 non
3089 3988 3226 4029 esse.

2252 4063 2338 4120 11.
2374 4062 2830 4131 Οωωάατηωιενηα
2855 4060 3046 4131 futura
3069 4068 3215 4128 sunt,
3236 4063 3325 4120 sed
3349 4078 3457 4118 non
3473 4061 3793 4133 fuerunt.—

2181 4153 2286 4212 Sed
2316 4152 2566 4232 quaedam
2598 4151 2930 4208 mirabiliter
2957 4161 3292 4224 acceperunt
3321 4162 3382 4210 ut
3425 4154 3684 4226 quamvis
3730 4170 3795 4212 ea

2179 4243 2308 4301 ﬁnis
2336 4243 2587 4314 superior
2617 4242 2862 4310 inchoat,
2890 4243 3018 4299 ﬁnis
3049 4252 3235 4316 tamen
3259 4242 3494 4300 inferior
3507 4259 3620 4300 non
3645 4261 3792 4302 con-

2180 4333 2449 4406 stringat;
2482 4342 2536 4390 et
2564 4333 2693 4390 licet
2720 4348 2838 4390 esse
2869 4333 3162 4405 incipiant,
3196 4349 3313 4390 esse
3344 4333 3403 4390 in
3459 4341 3788 4408 perpetuum

2181 4441 2293 4481 non
2323 4423 2610 4480 desistant.
2637 4423 2844 4480 Horum
2877 4441 3008 4482 vero
3029 4425 3308 4482 aeternitas
3329 4424 3538 4484 idcirco
3557 4442 3792 4484 summa:

2181 4523 2264 4571 est
2291 4512 2588 4571 aeternitati
2615 4511 2930 4584 dissimilis,
2968 4516 3099 4589 quia
3118 4525 3323 4574 aeterna
3351 4533 3468 4572 esse
3485 4525 3794 4589 coeperunt.

467 4593 596 4650 dine
616 4593 812 4651 nubilo
831 4593 1170 4653 inﬁrmitatis
1185 4606 1384 4655 nostras
1401 4614 1736 4670 separamur.
1767 4599 2060 4674 Sequitur:
2095 4639 2145 4699 Β
2182 4604 2320 4662 Cum
2367 4603 2438 4662 ad
2473 4611 2722 4664 extrema
2767 4605 3164 4678 prospicimus,
3209 4605 3410 4664 horum
3457 4605 3652 4676 ﬁnem,
3701 4607 3794 4682 qui

921 4684 1152 4744 CAPUT
1184 4687 1258 4744 VI
1289 4684 1435 4761 [Rea
1469 4687 1598 4766 IV].

541 4775 710 4832 Vnus.
753 4774 841 4834 26.
863 4805 934 4818 —
961 4779 1094 4835 Ecce
1119 4777 1262 4834 Deus
1299 4795 1521 4851 magnus
1548 4779 1756 4835 vincens
1801 4781 2072 4836 scientiam

464 4872 726 4926 nostram.

533 4959 588 5016 9.
620 4959 700 5016 De
723 4959 834 5017 Deo
851 4965 972 5017 tunc
1001 4966 1205 5018 tantum
1218 4962 1428 5034 aliquid
1456 4963 1746 5035 intelligere
1765 4962 2070 5036 incipimus,

464 5067 581 5106 cum
607 5067 729 5109 eum
755 5068 851 5110 nos
879 5053 1033 5125 digne
1058 5069 1361 5125 cognoscere
1389 5070 1496 5108 non
1517 5071 1672 5126 posse
1698 5054 1968 5111 sentimus.
2001 5086 2072 5097 —

465 5138 726 5214 Superius
753 5141 973 5200 dixerat
1007 5160 1019 5198 :
1052 5143 1186 5200 Ecce
1211 5143 1354 5200 Deus
1381 5143 1652 5212 excelsus;
1686 5160 1834 5202 nunc
1863 5144 2068 5201 iterum

543 5335 755 5408 ‘ADeest
798 5336 1168 5394 ratiocinando
1216 5337 1274 5392 in
1305 5337 1518 5406 Baluz.,
1567 5337 1736 5408 Utic.,
1773 5338 1972 5397 Pratel.
2005 5358 2070 5396 ac

469 5405 541 5462 al.
573 5405 764 5462 Norm.

543 5477 565 5557 ξ
592 5475 816 5557 Ebroic.
847 5487 901 5535 et
921 5479 1098 5557 plu_r.,
1117 5498 1462 5557 per_acugnen
1490 5483 1639 5557 illius
1670 5483 1886 5540 intimae.

545 5550 567 5584 ³
596 5547 763 5628 Edit._
781 5557 902 5628 vet_._
921 5547 1090 5606 Paris.
1117 5547 1193 5628 'et
1215 5552 1406 5628 Basil.,
1455 5554 1686 5628 aliisque
1717 5557 2068 5628 posteriores,

471 5637 630 5701 queui
653 5625 796 5701 tanto
811 5620 981 5701 adhuc
1002 5625 1193 5701 procul
1221 5625 1504 5692 cernimus,
1525 5620 1808 5701 ᾳαὶιηιοξαὸ
1824 5628 1938 5696 ejus
1956 5620 2068 5701 for;

475 5691 714 5757 titudine,
743 5699 848 5748 etc.
877 5691 1194 5750 Lcctionem
1225 5703 1468 5752 nostram
1488 5691 1662 5757 quam
1703 5691 1976 5754 Gussanv'.
2011 5699 2068 5755 in

471 5779 642 5840 marg.
673 5765 980 5840 ann_otavi_t,
1013 5765 1436 5840 suppeditarunt
1481 5765 1610 5824 Mss.
1646 5769 1856 5839 Baluz.,
1881 5770 2062 5840 Colb.,

475 5835 734 5911 Vimine,
772 5835 1028 5911 Longip.,
1061 5835 1308 5911 Ebroi‘cq
1341 5837 1544 5911 aliique
1574 5841 1833 5898 Norman.

550 5909 566 5943 "
597 5908 824 5973 Ἰίιι·υη.,
861 5907 1283 5963 innumerabilis.

2176 4695 2405 4752 omnino
2425 4694 2597 4764 deest,
2620 4711 2732 4751 non
2778 4695 3325 4768 comprehendimus;
3372 4712 3565 4753 eorum
3610 4704 3794 4753 tamen

2180 4785 2342 4842 initia
2356 4786 2786 4854 cernimus,cum
2807 4794 3048 4842 mentem
3069 4795 3217 4843 retro
3237 4793 3646 4853 revocamus;et
3661 4784 3790 4842 dum

2182 4876 2242 4932 in
2265 4875 2345 4932 eis
2372 4875 2518 4932 infra
2541 4891 2814 4948 supraque
2835 4877 3088 4932 animum
3108 4875 3390 4945 ducimus,
3414 4891 3526 4934 non
3547 4877 3795 4949 capimus

2179 4965 2409 5022 omnino
2461 4981 2745 5040 quousque
2775 4975 2924 5034 sunt,
2963 4966 3057 5024 sed
3087 4965 3342 5024 videmus
3375 4981 3446 5024 ex
3475 4982 3606 5039 quo.
3652 4967 3794 5022 Deus

2178 5065 2362 5112 autem
2393 5055 2523 5131 quia
2553 5054 2708 5130 quasi
2757 5054 3025 5129 quiddam
3083 5055 3142 5112 in
3183 5071 3250 5113 eo
3295 5072 3391 5128 per
3431 5055 3789 5113 aeternitatem

2179 5145 2404 5217 longum
2437 5155 2537 5214 est,
2577 5144 2725 5219 quod
2754 5161 2857 5202 nec
2885 5145 3050 5203 initio
3093 5145 3292 5214 oritur,
3341 5161 3444 5203 nec
3470 5143 3582 5202 ﬁne
3611 5144 3793 5202 termi-

2251 5345 2272 5378 ⁵
2303 5343 2480 5411 Editi,
2513 5343 2628 5401 ideo
2657 5360 2845 5411 annos,
2880 5359 2981 5415 pro
3009 5343 3069 5398 in
3087 5344 3234 5415 Deo;
3268 5343 3561 5415 legendum
3593 5361 3708 5401 esse
3738 5344 3788 5397 in

2178 5417 2288 5472 Deo
2320 5416 2860 5490 persuaseruntMss.
2881 5413 3069 5490 Colb.,
3092 5413 3304 5484 Baluz.,
3324 5413 3544 5490 Anglic.
3576 5426 3630 5472 et
3658 5417 3787 5490 ﬁor-

2180 5486 2353 5562 manf,
2390 5503 2605 5562 necnon
2635 5486 2866 5562 Codices
2899 5504 2933 5562 a
2959 5487 3260 5562 Gussanv,
3287 5486 3438 5562 visi,—
3467 5503 3538 5562 ex
3590 5486 3789 5562 quibus

2179 5557 2560 5632 depromptam
2594 5559 2886 5616 lectionem
2918 5558 3064 5616 hanc
3089 5557 3655 5632 marginiinscripsi't.

2252 5631 2273 5720 ξ
2299 5631 2558 5720 ἔκγοηεξρῃ
2587 5637 2634 5685 et
2660 5648 2924 5720 nusquam
2952 5631 3225 5713 invenitur
3249 5631 3376 5713 ﬁnis
3389 5632 3658 5720 superior.

2249 5702 2268 5736 ⁷
2301 5701 2437 5774 νει(
2457 5701 2632 5768 Edit.,
2663 5703 2788 5772 quia
2815 5704 2942 5758 dum
2969 5720 3075 5758 esse
3096 5701 3374 5774 incipiunt.
3405 5701 3576 5758 Gilot.
3601 5711 3653 5774 et
3669 5701 3786 5757 alia‘

2195 5773 2521 5841 msteriores,
2553 5790 2658 5846 qua
2688 5781 2807 5829 ante
2835 5793 2938 5830 esse
2971 5773 3245 5844 incipiunt.
3270 5775 3619 5846 Corruptum
3637 5773 3782 5846 hunc

2197 5862 2356 5918 ccum
2392 5845 2710 5918 sanavimus
2730 5863 2832 5918 ope
2846 5848 2999 5914 Mss,
3020 5846 3262 5903 maxime
3284 5845 3782 5915 Vindoc.,Ebroic.

2174 5924 2228 5970 et.
2258 5916 2498 6000 aligrum
2521 5916 2784 5973 Norman;
