3920 6376
158 380 258 436 405

881 379 1256 438 MOBALIUM
1303 384 1439 441 LIB.
1485 383 1713 442 XXVII.
1757 413 1828 428 —
1865 387 1934 444 IN
1973 387 2202 444 CAPUT
2243 389 2481 446 XXXVI
2521 391 2582 447 B.
2625 392 2765 448 JOB.

3381 396 3483 454 406

158 517 342 578 natur,
372 523 480 602 nec
524 523 595 566 ex
639 523 749 582 quo
792 509 1191 602 inﬂsemetipso
1231 516 1448 589 recipit,
1500 533 1601 575 nec
1638 534 1770 593 quo-
1798 524 1848 585 Α
1877 531 2061 578 menta
2088 521 2405 579 tacuissent.
2440 522 2635 580 Stellas
2663 539 2792 598 ergo
2834 527 3036 600 pluviae
3083 529 3393 602 abscondit,
3428 543 3483 590 et

160 615 348 672 usque,
380 597 603 656 dicatur
628 615 756 672 ergo
781 615 792 654 :
825 600 1093 657 Numerus
1119 621 1385 661 annorum
1423 606 1536 676 ejus
1564 609 1774 664 inresti-

157 689 390 746 mabilis.
425 689 529 745 Per
559 689 666 746 hoc
691 706 820 762 ergo
849 691 996 764 quod
1025 708 1297 750 annorum
1332 697 1484 752 illius
1513 714 1772 755 numerus

156 777 384 847 dicitur,
417 777 705 836 diutinum
735 779 854 852 ejus
883 798 998 838 esse
1027 784 1355 842 ostenditur.
1388 786 1492 842 Per
1518 786 1623 844 hoc
1643 805 1773 845 vero

155 868 304 943 quod
334 868 750 926 inaestimabilis
778 880 1135 941 memoratur,
1169 873 1275 932 hoc
1304 875 1483 948 ipsum
1505 893 1621 933 esse
1651 877 1775 934 inﬁ-

154 961 334 1018 nitum
367 969 424 1018 et
455 961 1019 1034 incomprehensibile
1047 963 1475 1026 demonstratur.
1508 969 1612 1025 Sed
1643 969 1773 1042 quia

152 1051 418 1110 humanis
444 1051 724 1109 mentibus
741 1053 1048 1110 innotescat
1062 1055 1410 1127 agnovimus,
1433 1057 1564 1114 dum
1581 1075 1772 1116 omnes

150 1142 412 1199 homines
443 1143 636 1200 vident
657 1160 782 1200 eum
805 1162 818 1212 ;
851 1153 904 1200 et
932 1145 1064 1217 quia
1084 1145 1203 1217 ejus
1223 1147 1658 1218 magnitudinem
1680 1149 1771 1206 ad-

149 1231 420 1289 mirantes
449 1233 750 1301 cernimus,
785 1233 919 1290 dum
951 1249 1222 1292 annorum
1251 1236 1369 1309 ejus
1398 1255 1661 1296 numerus
1689 1239 1771 1294 in-

148 1324 504 1382 aestimabilis
535 1323 788 1393 habetur,
824 1333 990 1383 restat
1024 1325 1142 1400 jam
1187 1337 1249 1384 ut
1293 1329 1456 1386 etiam
1488 1330 1621 1404 quid
1651 1341 1772 1405 agat

146 1413 467 1472 audiamus.
501 1413 764 1488 Sequitur
788 1432 800 1471 :

468 1530 698 1588 CAPUT
746 1531 873 1587 VIII
907 1530 1048 1604 [νει.
1081 1533 1181 1602 IV,
1213 1533 1332 1590 Rec.
1375 1535 1462 1609 V].

219 1639 399 1697 Visus.
434 1641 524 1698 27.
557 1672 628 1682 —
660 1642 764 1709 Qui
793 1641 1171 1712 aufertstellas
1186 1644 1388 1716 pluviae
1416 1648 1454 1713 ¹,
1486 1651 1536 1700 et
1552 1645 1774 1716 effundit

147 1728 352 1784 imbres
378 1728 450 1784 ad
479 1729 656 1785 instar
681 1730 970 1801 gurgitum.

222 1816 310 1873 I2.
362 1819 550 1875 Sancti
589 1821 915 1892 patriarchae
953 1825 1004 1876 et
1035 1822 1308 1893 propheta:
1353 1823 1516 1878 stellie
1552 1821 1773 1894 fuerunt

139 1907 394 1980 pluviam
422 1915 744 1980 generantes.
779 1941 844 1951 -—-
889 1911 1012 1967 Duo
1043 1911 1099 1967 in
1133 1910 1236 1969 hac
1265 1913 1381 1968 vita
1411 1921 1541 1968 sunt
1574 1929 1770 1983 genera

137 1997 429 2070 justorum
453 2018 464 2056 :
500 2016 673 2056 unum
709 1999 968 2057 videlicet
984 1999 1123 2058 bene
1145 2001 1477 2070 viventium,
1501 2001 1595 2058 sed
1617 2003 1771 2058 nulla

143 2087 512 2156 docentium;
560 2090 714 2146 aliud
744 2107 874 2148 vero
920 2101 1066 2149 recte
1114 2091 1446 2160 viventium,
1497 2099 1550 2148 et
1579 2092 1767 2149 eadem

141 2189 295 2236 recta
326 2179 674 2249 docentium,
724 2181 866 2238 sicut
909 2189 963 2237 et
995 2183 1052 2238 in
1099 2182 1228 2238 coeli
1261 2181 1401 2238 facie
1443 2182 1564 2238 aliae
1595 2182 1766 2238 stella:

141 2269 430 2342 prodeunt
459 2285 594 2342 quas
623 2269 790 2324 nullae
813 2269 1015 2341 pluviae
1039 2270 1470 2344 subsequuntur,
1495 2271 1617 2328 aliae
1647 2288 1766 2345 pro-

141 2356 324 2414 deunt
358 2374 482 2431 quae
511 2367 755 2414 arentem
787 2368 989 2415 terram
1019 2359 1230 2431 magnis
1263 2361 1535 2417 imbribus
1568 2361 1769 2417 infun-

140 2449 308 2506 dunt.
343 2449 520 2520 Igitur
547 2450 766 2523 quoties
795 2449 853 2505 in
882 2459 1070 2507 sancta
1099 2451 1348 2508 Ecclesia
1373 2461 1518 2509 recte
1541 2451 1765 2524 quidam

145 2539 374 2606 vivunt,
414 2538 510 2596 sed
540 2547 722 2595 tamen
755 2539 1050 2612 praedicare
1083 2541 1330 2598 eamdem
1373 2542 1766 2599 rectitudinem

141 2628 429 2696 nesciunt,
479 2629 652 2685 stellae
682 2629 904 2702 quidem
935 2637 1086 2698 sunt,
1119 2630 1213 2686 sed
1252 2631 1310 2686 in
1341 2631 1590 2688 siccitate
1626 2630 1766 2687 aeris

142 2727 320 2785 natae;
357 2718 490 2791 quia
521 2734 616 2789 per
643 2718 960 2788 exemplum
983 2718 1121 2774 bene
1143 2719 1372 2776 vivendi
1401 2720 1584 2776 lucere
1609 2729 1765 2776 caete-

143 2808 220 2864 ris
251 2815 511 2880 possunt,
565 2806 661 2862 sed
709 2823 805 2879 per
850 2794 1256 2878 praedicationis
1299 2808 1528 2864 verbum
1581 2810 1767 2880 pluere

145 2904 458 2970 nequeunt.
486 2893 625 2951 Cum
648 2910 779 2950 vero
802 2895 858 2950 in
885 2911 948 2952 ea
968 2895 1191 2968 quidam
1219 2904 1273 2952 et
1295 2904 1440 2953 recte
1469 2897 1690 2965 vivunt,
1714 2906 1768 2952 et

141 2988 271 3044 aliis
297 2986 554 3044 eamdem
588 2986 980 3043 rectitudinem
1012 2987 1195 3044 verbis
1222 2988 1634 3062 praedicationis
1671 2989 1768 3044 in-

141 3077 354 3144 ﬂuunt,
385 3075 542 3149 quasi
577 3075 646 3131 ad
691 3076 1044 3147 proferendas
1086 3077 1304 3149 pluvias
1342 3078 1400 3133 in
1429 3078 1567 3133 coelo
1596 3078 1768 3134 stellae

141 3167 556 3240 producuntur,
589 3183 709 3239 quae
754 3165 834 3222 sic
867 3167 996 3224 vita:
1040 3183 1151 3222 suae
1181 3168 1397 3223 meritis
1427 3169 1664 3236 luceant,
1707 3177 1766 3225 ut

1881 611 1948 667 ad
1967 613 2139 668 instar
2158 613 2434 684 gurgitum
2453 612 2656 669 imbres
2676 613 2841 683 fudit,
2864 617 2992 689 quia
3009 617 3142 675 dum
3164 621 3482 693 praedicato-

1882 717 1968 757 res
1999 703 2134 773 legis
2164 702 2230 759 ad
2261 713 2467 760 secreta
2509 711 2562 760 et
2606 703 2802 760 intima
2831 707 3042 775 retulit,
3084 725 3180 780 per
3209 708 3357 767 dicta
3386 729 3482 769 se-

1883 792 2169 863 quentium
2201 791 2424 850 uberior
2451 793 2536 849 vis
2565 793 2973 866 praedicationis
3003 799 3298 856 emanavit.

1956 879 2094 953 [Vet.
2137 881 2221 956 V.]
2259 883 2340 939 14.
2374 885 2500 939 Post
2545 885 2835 956 apostolos,
2867 887 3035 941 sancti
3071 885 3260 944 Patres
3284 889 3482 946 doctri-

1880 987 2002 1025 nam
2031 988 2239 1027 sacram
2267 981 2554 1030 aitarerunt.
2587 1005 2658 1016 —
2678 975 2911 1031 Possunt
2939 992 3158 1050 quoque
3186 994 3282 1050 per
3300 980 3484 1038 stellas

1881 1059 2104 1131 pluviae,
2137 1061 2310 1118 sancti
2354 1061 2585 1134 apostoli
2629 1059 2924 1136 designari,
2956 1063 3024 1122 de
3054 1065 3255 1139 quibus
3283 1068 3484 1125 Judaue

1881 1149 2181 1222 reprobataa
2232 1167 2327 1223 per
2370 1153 2663 1208 Jeremiam
2716 1152 2958 1212 dicitur:
3018 1158 3310 1215 Prohibitee
3362 1169 3485 1216 sunt

1881 1241 2043 1295 stella:
2065 1241 2376 1313 pluviarum
2409 1243 2450 1310 ³,
2482 1249 2530 1297 et
2557 1244 2818 1298 serotinus
2852 1245 2873 1279 ³
2907 1245 3070 1301 imber
3110 1265 3215 1303 non
3243 1247 3351 1319 fuit
3381 1249 3488 1321 (Je-

1879 1348 2010 1387 rem.
2043 1347 2126 1400 III,
2159 1331 2238 1405 3).
2273 1333 2467 1390 Stellas
2487 1349 2614 1406 ergo
2636 1333 2837 1406 pluviae
2857 1335 3128 1393 Dominus
3149 1339 3170 1374 ⁴
3191 1337 3480 1414 abstraxit,

1880 1431 2043 1496 atque
2070 1423 2138 1479 ad
2168 1424 2342 1480 instar
2369 1425 2644 1497 gurgitum
2677 1423 2882 1483 imbres
2913 1426 3079 1497 fudit,
3111 1429 3240 1502 quia
3268 1446 3394 1486 cum
3415 1429 3484 1486 de

1880 1511 2066 1568 Iudaea
2096 1513 2454 1585 praedicantes
2471 1516 2743 1588 apostolos
2766 1516 3012 1587 abstulit,
3045 1517 3297 1574 doctrina
3323 1535 3481 1576 novae

1880 1602 2066 1674 gratiae
2098 1603 2367 1659 mundum
2411 1604 2630 1676 rigavit.
2663 1605 2821 1674 Quod
2863 1614 3158 1680 utrumque
3186 1607 3390 1664 factum
3423 1606 3482 1663 in

1879 1691 2126 1748 Ecclesia
2172 1702 2350 1764 potest
2398 1710 2511 1749 non
2561 1695 3017 1752 inconvenienter
3063 1696 3319 1769 intelligi,
3353 1697 3484 1770 quia

1879 1797 2004 1836 cum
2035 1782 2231 1837 solutis
2251 1782 2574 1854 corporibus
2596 1782 2664 1839 ad
2685 1793 2921 1840 secretos
2949 1801 3311 1856 supernorum
3327 1785 3482 1842 sinus

1803 1885 1850 1946 Β
1877 1870 2253 1943 apostolorum
2279 1871 2492 1927 animas
2523 1871 2732 1939 retulit,
2757 1874 2912 1946 quasi
2940 1890 2969 1929 a
2991 1874 3116 1930 cceli
3137 1874 3276 1930 facie
3295 1875 3482 1931 stellas

1879 1961 2081 2034 pluviae
2114 1961 2426 2018 abscondit.
2459 1961 2564 2018 Sed
2593 1961 2790 2018 ablatis
2819 1963 2994 2019 stellis
3024 1963 3250 2036 pluviae,
3282 1964 3339 2020 in
3368 1980 3480 2019 mo-

1878 2067 1992 2106 rem
2023 2050 2300 2123 gurgitum
2332 2053 2352 2086 ⁸
2387 2050 2589 2106 imbres
2619 2049 2790 2120 dedit,
2815 2051 2944 2124 quia
2964 2053 3126 2108 etiam
3153 2053 3393 2110 reductis
3413 2053 3479 2109 ad

1877 2157 2113 2213 superna
2142 2141 2423 2213 apostolis,
2456 2158 2551 2215 per
2580 2142 2957 2214 expositorum
2989 2143 3336 2216 sequentium
3361 2143 3482 2199 lin-

1877 2247 2029 2302 guas,
2059 2230 2266 2286 divinae
2297 2229 2503 2287 ﬂuenta
2529 2231 2772 2288 scientiae
2802 2231 2899 2287 diu
2920 2230 3238 2288 abscondita
3259 2233 3482 2304 largiori

1877 2321 2142 2376 effusione
2162 2321 2436 2394 patefecit.
2459 2323 2594 2378 Nam
2618 2321 2766 2397 quod
2793 2322 2876 2378 illi
2899 2321 3001 2378 sub
3021 2321 3289 2380 brevitate
3310 2323 3480 2380 locuti

1875 2423 2024 2482 sunt,
2049 2413 2154 2471 hoc
2168 2414 2494 2488 exponendo
2513 2414 2606 2470 isti
2627 2415 3012 2486 multipliciter
3026 2415 3480 2473 auxerunt.Unde

1875 2513 1928 2560 et
1958 2521 2070 2560 non
2099 2504 2378 2561 immerito
2403 2505 2522 2578 ipsa
2541 2504 2919 2577 expositorum
2951 2503 3271 2578 praedicatio
3301 2505 3478 2578 gurgi-
3575 2543 3596 2558 ο

1878 2597 2026 2655 tibus
2071 2607 2455 2670 comparatur:
2502 2599 2632 2672 quia
2659 2597 2792 2654 dum
2824 2597 3124 2672 multorum
3160 2597 3480 2669 prmceden-

1876 2687 2014 2744 tium
2037 2688 2185 2746 dicta
2205 2689 2497 2761 colligunt,
2530 2691 2634 2764 ipsi
2653 2689 2711 2746 in
2731 2705 2796 2746 eo
2815 2688 2963 2763 quod
2983 2697 3238 2746 astruunt
3255 2688 3480 2761 profun-

1875 2777 2001 2832 dius
2048 2777 2371 2836 dilatantur.
2421 2781 2558 2836 Nam
2604 2780 2738 2836 dum
2786 2778 3104 2836 testimonia
3150 2776 3480 2834 testimoniis

1870 2863 2134 2937 jungunt,
2179 2869 2335 2940 quasi
2383 2885 2452 2924 ex
2482 2869 2650 2940 guttis
2698 2869 2940 2941 gurgites
2969 2867 3202 2925 faciunt.
3233 2867 3477 2936 Quorum

1877 2953 2061 3008 verbis
2089 2953 2220 3011 dum
2253 2955 2501 3028 quotidie
2531 2956 2812 3027 gentilitas
2840 2955 3088 3024 docetur,
3122 2956 3251 3028 quia
3277 2972 3479 3028 pecca-

1877 3051 2058 3100 torum
2089 3061 2244 3101 mens
2272 3047 2546 3102 caelestem
2577 3045 2865 3102 scientiam
2896 3045 3116 3117 accipit,
3146 3045 3300 3117 quasi
3329 3055 3478 3102 stans

1877 3133 1934 3189 in
1963 3141 2111 3190 terra
2138 3151 2279 3208 aqua
2319 3135 2560 3208 gurgites
2602 3134 2862 3191 ostendit.
2913 3133 3019 3191 Sed
3049 3150 3390 3208 nequaquam
3421 3151 3478 3189 se

149 3223 350 3314 etiam,
375 3223 628 3311 sermone
659 3255 1069 3328 praedicationis
1098 3257 1310 3328 pluant.
1344 3223 1546 3312 Annon
1577 3223 1766 3316 in
1797 3255 1839 3314 C
1877 3223 2082 3280 ciSdem
2131 3226 2403 3328 apost‘flis,
2433 3225 2774 3328 θῖίρθῗῆθΐθδ
2818 3225 2877 3280 in
2905 3224 3475 3328 sffemiameerf‘m'

144 3348 290 3404 caelo
321 3353 532 3403 astrum
563 3346 766 3418 pluviae
810 3347 1024 3420 Moyses
1067 3347 1302 3417 exstitit,
1335 3351 1482 3411 858
1511 3349 1606 3420 qui
1635 3364 1761 3404 cum

144 3443 214 3501 de
237 3443 497 3516 superuis
527 3443 773 3511 emicuit,
805 3443 966 3500 corda
1011 3445 1357 3517 peccantium
1407 3446 1563 3519 quasi
1611 3463 1763 3503 aren-

145 3542 258 3592 tem
293 3532 530 3588 inferius
559 3539 760 3588 terram
808 3543 1008 3590 sancta:
1039 3533 1447 3591 exhortationis
1475 3536 1667 3607 pluvia
1694 3537 1763 3592 ad

143 3622 459 3680 ubertatem
491 3621 756 3694 germinis
794 3621 1051 3680 infudit?
1092 3624 1294 3680 Annon
1342 3623 1508 3680 Isaias
1555 3633 1761 3681 astrum

143 3711 357 3786 pluviae
386 3717 638 3768 ostensus
667 3720 768 3779 est,
801 3713 896 3785 qui
942 3712 1000 3767 in
1029 3728 1094 3768 eo
1123 3713 1273 3786 quod
1304 3714 1481 3770 lucem
1514 3713 1764 3770 veritatis

143 3802 467 3876 praevidens
497 3803 695 3872 tenuit,
728 3802 1364 3860 siccitateminﬁdelium
1387 3803 1764 3877 prophetando

145 3894 494 3951 annuntians
543 3893 793 3966 rigavit?
839 3893 1044 3949 Annon
1086 3893 1350 3950 Jeremias
1386 3903 1440 3950 et
1483 3893 1766 3966 prophetae

145 3983 362 4052 σείει-ἰ,
397 3983 554 4039 velut
574 3983 632 4038 in
653 3982 793 4040 coelo
813 3982 980 4055 positi
1000 3989 1147 4038 astra
1173 3982 1376 4054 pluviae
1397 3982 1641 4053 fuerunt,
1671 3983 1766 4057 qui

147 4073 205 4129 in
239 4071 659 4145 praedicationis
677 4071 921 4128 culmine
941 4072 1128 4141 erecti,
1151 4071 1284 4128 dum
1306 4072 1631 4146 pravitatem
1648 4089 1769 4146 peo-

142 4161 399 4219 cantium
431 4160 602 4218 libere
644 4161 928 4234 increpare
955 4162 1075 4218 ausi
1105 4169 1256 4232 sunt,
1284 4163 1440 4236 quasi
1470 4163 1764 4218 verborum

144 4251 323 4324 guttis
353 4248 743 4306 obcaecationis
772 4249 1028 4305 humanae
1052 4251 1334 4322 pulverem
1368 4250 1594 4324 rigando
1621 4267 1764 4324 pres-

144 4347 346 4397 serunt
367 4339 396 4396 ‘l
416 4340 664 4408 Quorum
686 4338 951 4396 videlicet
971 4340 1184 4396 animas
1203 4340 1271 4397 ab
1292 4339 1395 4398 hac
1414 4341 1766 4414 corruptibili

143 4447 316 4490 carne
348 4436 652 4503 susceptas,
684 4430 815 4503 quia
840 4445 908 4485 ex
939 4432 1196 4503 praesenti
1227 4432 1341 4488 vita
1361 4448 1597 4504 superna
1617 4430 1766 4504 judi-

143 4522 234 4578 cia
264 4519 550 4587 auferunt,
583 4519 739 4592 quasi
767 4535 799 4574 a
817 4519 1100 4577 ccelifacie
1130 4521 1302 4577 stellae
1331 4521 1535 4594 pluviae
1554 4522 1764 4578 subtra-

1873 3330 1998 3368 cum
2029 3313 2358 3386 exponendo
2389 3315 2553 3372 latius
2579 3315 2901 3388 loquuntur.
2933 3313 3249 3371 Meminisse
3277 3316 3478 3388 quippe

1872 3403 2208 3460 incessanter
2249 3402 2470 3474 debent,
2520 3421 2616 3476 per
2661 3421 2800 3478 quos
2841 3401 3086 3475 ejusdem
3118 3403 3361 3462 scientiae
3391 3405 3479 3460 in-

1873 3495 2158 3552 ventiones
2187 3505 2535 3569 acceperunt.
2569 3495 2723 3554 Unde
2751 3505 2806 3554 et
2833 3503 2958 3568 apte
2985 3491 3376 3568 subjungitur:

2493 3612 2722 3670 CAPUT
2751 3615 2852 3672 IX.

1943 3702 2114 3760 Vnus.
2147 3703 2235 3761 28.
2266 3733 2338 3746 —
2369 3703 2472 3772 Qui
2499 3703 2562 3759 de
2589 3703 2814 3759 nubibus
2839 3706 3032 3776 ﬂuunt.

1946 3793 2030 3861 L5.
2059 3795 2165 3850 Nec
2187 3799 2356 3848 tamen
2376 3793 2633 3865 apostolis
2662 3793 2823 3863 hujus
2855 3793 3110 3849 doctrinae
3136 3793 3332 3865 primis
3371 3798 3478 3849 tra-

1874 3881 1930 3938 di
1935 3883 2136 3938 toribus
2151 3882 2642 3954 praferendi.——Hi
2665 3882 2866 3955 quippe
2886 3882 2954 3937 de
2975 3881 3218 3938 nubibus
3239 3883 3478 3954 gurgites

1876 3971 2074 4040 ﬂuunt,
2120 3972 2252 4043 quia
2277 3971 2325 4026 si
2356 3987 2426 4026 ex
2455 3970 2660 4027 sanctis
2688 3970 2954 4042 apostolis
2982 3969 3069 4025 vis
3096 3968 3475 4041 intelligentiae

1875 4079 1985 4119 non
2016 4062 2303 4134 inciperet,
2333 4077 2678 4135 nequaquam
2708 4076 2804 4134 per
2829 4059 3117 4118 doctorum
3148 4075 3245 4116 ora
3273 4059 3476 4132 largior

1875 4159 2138 4208 manaret.
2177 4153 2238 4208 In
2267 4152 2550 4224 Scriptura
2571 4151 2719 4207 enim
2750 4167 2903 4208 sacra
2935 4149 3234 4223 aliquando
3263 4167 3358 4223 per
3377 4165 3474 4205 nu-

1874 4245 1990 4313 bes,
2023 4249 2168 4308 859
2197 4243 2429 4300 mobiles
2472 4245 2678 4318 quique
2708 4243 2982 4313 homines,
3013 4243 3312 4318 aliquando
3341 4261 3478 4317 pro-

1875 4341 2075 4414 phetae,
2112 4341 2412 4416 aliquando
2455 4350 2638 4398 autem
2687 4341 2923 4415 apostoli
2965 4341 3343 4414 designantur.
3376 4340 3478 4396 Per

1875 4431 2048 4488 nubes
2078 4433 2282 4506 quippe
2312 4431 2592 4489 mobilitas
2614 4431 2868 4490 humanae
2901 4431 3101 4487 mentis
3123 4430 3472 4502 exprimitur,

1875 4521 2020 4577 sicut
2043 4523 2301 4578 Salomon
2323 4539 2350 4576 a
2365 4530 2395 4576 .t
2419 4539 2431 4577 :
2460 4522 2562 4590 Qui
2583 4527 2792 4576 ventum
2813 4521 3073 4588 observat,
3095 4537 3199 4576 non
3221 4519 3474 4588 seminat;

144 4611 386 4679 buntur,
419 4616 473 4664 et
501 4607 571 4665 ad
602 4609 880 4666 occultum
913 4618 1060 4666 astra
1088 4609 1338 4680 redeunt,
1369 4611 1500 4667 dum
1533 4612 1767 4684 peractis
1796 4623 1844 4682 1)
1880 4617 1930 4665 et
1955 4611 2048 4682 qui
2075 4613 2369 4668 considera!
2400 4611 2579 4677 nubes,
2610 4627 2883 4682 nunquam
2906 4611 3047 4666 metit
3069 4610 3265 4682 (Eecle.
3291 4625 3369 4677 χι,
3393 4607 3472 4680 4).

142 4701 264 4759 suis
292 4699 554 4756 cursibus
585 4707 900 4756 sanctorum
935 4698 1135 4755 animae
1156 4699 1213 4754 in
1235 4698 1510 4758 thesauris
1537 4700 1768 4774 disposi-

142 4791 322 4850 tionis
351 4791 566 4866 intimae
597 4789 994 4846 reconduntur.

222 4881 313 4937 13.
345 4880 446 4936 His
485 4879 772 4948 subductis,
817 4879 966 4935 missi
995 4881 1247 4951 apostoli,
1295 4881 1388 4952 qui
1426 4882 1621 4938 imbres
1658 4889 1769 4937 tan-

142 4988 316 5045 quam
333 4971 565 5043 gurgites
593 4971 912 5042 eﬂuderunt.
942 5000 1014 5011 —
1041 4970 1148 5027 Sed
1177 4971 1307 5042 quia
1334 4977 1481 5029 terra
1507 4979 1772 5029 aresceret

141 5063 193 5118 si
227 5059 523 5118 subductis
553 5059 727 5118 stellis
772 5059 976 5132 pluviae
1005 5075 1241 5131 superna
1285 5059 1537 5118 funditus
1566 5062 1771 5121 ﬂuenta

141 5158 448 5218 cessarent,
482 5157 628 5207 recte
656 5147 863 5206 dicitur
893 5166 905 5204 :
943 5149 1047 5218 Qui
1074 5147 1256 5220 aufert
1283 5151 1462 5206 stellas
1483 5152 1702 5222 plueite,
1723 5159 1771 5208 et

141 5239 376 5312 effundit
401 5238 596 5295 imbres
625 5239 699 5294 ad
719 5239 892 5294 instar
917 5239 1206 5312 gurgitum.
1230 5239 1366 5296 Nam
1387 5256 1514 5296 cum
1536 5240 1768 5314 prophe-

139 5340 233 5389 tas
263 5330 522 5399 abstulit,
566 5347 757 5387 eorum
810 5330 931 5388 vice
973 5330 1245 5389 Dominus
1273 5333 1552 5405 apostolus
1593 5333 1766 5402 misit,

141 5424 247 5498 qui
293 5423 351 5478 in
399 5421 834 5479 similitudinem
866 5421 1140 5496 gurgitum
1175 5423 1444 5495 pluerent,
1476 5432 1762 5498 postquam

140 5510 454 5569 subductis
483 5509 733 5584 antiquis
761 5509 1018 5568 Patribus
1046 5511 1319 5569 exteriora
1347 5512 1480 5584 legis
1508 5512 1763 5586 praedica-

225 5685 236 5716 ’
275 5680 417 5736 Vide
447 5675 552 5736 col.
585 5679 691 5736 295
723 5679 888 5749 (inter
917 5695 1159 5734 numeros
1187 5681 1442 5735 crassiori
1469 5682 1766 5736 charactere

138 5753 450 5824 e.rpressos)
485 5752 542 5806 in
565 5751 730 5807 notis.

220 5823 242 5860 ³
277 5823 421 5880 Ibid.

222 5899 244 5932 ³
279 5895 519 5963 Quidam
551 5893 726 5960 Editi,
762 5893 926 5947 imber
948 5911 1056 5948 non
1081 5894 1212 5948 ruit.

1882 4700 2121 4757 Ventum
2152 4703 2343 4774 procul
2386 4699 2558 4758 dubio
2600 4700 2949 4758 immundum
2993 4700 3272 4774 spiritum,
3304 4697 3478 4754 nubes

1881 4807 2012 4848 vero
2040 4793 2316 4864 subjectos
2346 4792 2394 4848 ei
2425 4791 2678 4848 homines
2705 4789 2978 4864 appellat;
3011 4805 3150 4864 quos
3176 4787 3340 4846 toties
3368 4786 3477 4844 huc

1883 4884 2122 4956 illucque
2155 4884 2390 4956 impellit
2419 4890 2473 4937 et
2501 4897 2582 4938 rex
2599 4891 2742 4950 ocat,
2775 4881 2992 4954 quoties
3009 4879 3340 4936 tentationes
3359 4875 3476 4948 ejus

1880 4975 1935 5029 in
1979 4991 2168 5030 eorum
2199 4975 2460 5032 cordibus
2488 4973 2898 5046 suggestionum
2927 4970 3152 5028 ﬂatibus
3178 4969 3471 5024 alternant.

1879 5064 1984 5132 Qui
2014 5064 2184 5136 igitur
2222 5071 2448 5120 ventum
2479 5063 2754 5130 observat,
2802 5078 2913 5119 non
2937 5060 3192 5125 seminat,
3224 5055 3352 5130 quia
3380 5057 3474 5129 qui

1877 5155 2208 5210 tentationes
2234 5161 2495 5210 venturas
2536 5153 2754 5220 metuit,
2782 5167 2878 5208 cor
2902 5149 2968 5206 ad
2999 5149 3145 5206 bona
3171 5162 3336 5220 opera
3363 5161 3474 5201 non

1878 5243 2154 5316 proponit.
2185 5244 2258 5300 Et
2292 5243 2387 5318 qui
2417 5242 2727 5300 considerat
2767 5239 2962 5308 nubes,
2994 5253 3105 5294 non
3137 5237 3314 5306 metit,
3347 5237 3476 5307 quia

1878 5335 1924 5391 is
1952 5333 2046 5406 qui
2075 5339 2200 5389 ante
2229 5333 2484 5389 humanae
2514 5329 2899 5388 mutabilitatis
2934 5337 3194 5388 terrorem
3215 5327 3472 5402 trepidat,

1876 5425 1894 5458 ⁷
1927 5421 2193 5480 mercedis
2221 5429 2434 5480 aeternae
2465 5420 2827 5478 retributione
2857 5436 2913 5478 se
2944 5419 3143 5494 privat.
3174 5419 3278 5476 Per
3303 5415 3478 5474 nubes

1874 5511 2152 5584 prophetae
2191 5510 2520 5584 ﬁgurantur,
2553 5510 2696 5566 sicut
2723 5525 2820 5582 per
2857 5509 3200 5568 Psalmistam
3229 5507 3471 5566 dicitur:

1949 5686 1968 5716 ‘
2003 5683 2114 5750 AL,
2145 5682 2381 5737 abstulit.

1947 5756 1967 5787 ⁵
2001 5755 2220 5810 Ebroic.
2254 5763 2306 5809 et
2335 5753 2451 5819 alii,
2487 5753 2671 5808 imbres
2698 5751 2859 5822 fudit.

1947 5829 1968 5862 ‘5
2002 5826 2257 5893 Vimloc.,
2289 5825 2484 5880 Prntel.
2519 5833 2570 5880 et.
2598 5825 2693 5891 aL,
2726 5825 2781 5879 in
2806 5842 2984 5879 eorum
3015 5824 3282 5879 mentibus.

1948 5899 1965 5931 ⁷
2003 5897 2224 5965 I’ratel.,
2257 5897 2480 5951 mercede
2507 5903 2716 5950 (uternis
2745 5897 3123 5951 retrilmtiouis.
