3920 6382
491 345 597 403 407

1694 358 1945 416 SANCTI
1984 361 2325 423 GREGOllII
2361 368 2590 428 MAGNI

3708 387 3815 444 408

498 469 788 526 Tenebrosa
813 486 957 540 aqua
984 471 1040 526 in
1067 472 1292 530 nubibus
1319 478 1462 580 aeris
1490 480 1661 580 (Psal.
1695 496 1854 580 xvu,‘
1871 483 1996 556 l2);
2031 483 2090 542 id
2119 491 2168 549 A
2197 490 2452 550 sideratis
2480 497 2834 573 antiquorum
2853 511 3070 573 patrum
3096 505 3346 578 vestigiis
3355 507 3645 580 juvamur.
3665 512 3815 580 Quid

486 563 588 624 est,
620 557 837 614 occulta
866 559 1099 617 scientia
1128 561 1185 618 in
1218 563 1521 637 prophetis.
1557 565 1695 640 [Vet.
1740 569 1854 644 VL]
1876 571 1978 628 Per
1997 589 2095 629 nu-

482 645 579 701 bes
619 661 838 720 quoque
865 650 1098 719 apostoli
1147 651 1525 726 designantur,
1571 657 1714 714 sicut
1755 676 1851 731 per
1896 661 2091 718 Isaiam

482 733 728 791 dicitur:
759 737 1026 794 Mandabo
1053 742 1302 808 nubibus,
1333 761 1397 798 ne
1417 746 1614 816 pluant
1641 764 1802 819 super
1835 767 1949 805 eam
1980 752 2093 805 im-

481 823 625 880 brem
651 825 815 894 (Isai.
849 843 904 895 v,
935 829 1012 886 69.
1037 829 1148 902 Ipsi
1179 831 1351 903 igitur
1369 833 1560 902 stellae,
1586 835 1715 905 quia
1736 837 1864 894 vita:
1881 840 2092 896 meritis

480 912 702 980 lucent;
737 913 842 987 ipsi
873 915 1068 985 nubes,
1101 919 1232 991 quia
1249 929 1492 977 arentem
1515 924 1688 994 nostri
1721 928 1958 998 pectoris
1985 936 2088 985 ter-

477 1018 594 1058 ram
633 1003 872 1060 cmlestis
920 1005 1302 1079 intelligentiae
1345 1009 1570 1068 ﬂuentis
1618 1014 1816 1086 rigant.
1853 1017 1909 1073 Si
1939 1019 2086 1074 enim

475 1091 652 1148 nubes
683 1109 796 1149 non
826 1103 1029 1163 essent,
1063 1113 1409 1172 nequaquam
1443 1117 1537 1158 eos
1566 1101 1790 1160 intuens
1824 1106 2089 1179 propheta

473 1181 740 1238 dixisset:
773 1184 877 1251 Qui
911 1191 1036 1240 sunt
1056 1185 1168 1255 isti,
1189 1186 1283 1258 qui
1310 1193 1368 1242 ut
1398 1189 1557 1244 nubes
1585 1193 1769 1247 volant
1799 1193 1956 1264 (Isai.
1991 1213 2084 1265 1.x,

472 1271 538 1342 8)
560 1272 588 1328 ?
615 1271 882 1330 Imhrium
908 1272 1094 1348 itaque
1117 1275 1361 1350 gurgites
1379 1277 1448 1333 de
1467 1279 1710 1336 nubibus
1731 1280 1931 1352 ﬂuunt,
1956 1285 2087 1356 quia

472 1359 759 1432 profundae
816 1360 1234 1432 praedicationes
1290 1366 1640 1438 sequentium
1701 1368 2083 1442 intelligentia:

471 1450 740 1522 originem
789 1467 821 1506 a
869 1451 1074 1508 sanctis
1103 1454 1370 1526 apostolis
1397 1464 1745 1528 acceperunt.
1772 1459 1851 1515 De
1879 1460 2082 1533 quibus

469 1539 651 1597 adhuc
701 1538 945 1598 nubibus
973 1549 1097 1614 apte
1131 1540 1523 1622 subiungitur:

1115 1632 1345 1692 CAPUT
1374 1635 1446 1691 Χ.

538 1723 678 1779 lein.
709 1753 780 1764 —
812 1725 941 1792 Quae
962 1730 1266 1796 prietexunt
1293 1730 1478 1782 cuncta
1509 1727 1750 1799 desuper.

541 1812 626 1868 16.
653 1812 826 1869 Nubes
853 1829 950 1869 cur
975 1815 1203 1886 apostoli
1230 1815 1498 1871 dicantur.
1531 1845 1602 1858 —
1629 1816 1814 1873 Nubes
1837 1833 1966 1875 cum
1984 1817 2074 1872 de-

465 1919 630 1974 super
655 1918 835 1959 aerem
865 1909 1195 1975 praetexunt,
1229 1904 1276 1959 si
1317 1903 1376 1960 in
1404 1903 1604 1960 coelum
1638 1905 1828 1962 oculos
1857 1907 2077 1962 attolli-

465 2009 609 2061 mus,
659 2010 770 2050 non
817 1993 1040 2063 coelum,
1089 1993 1184 2050 sed
1226 1993 1374 2067 ipsas
1421 1995 1741 2061 intuemur;
1777 2009 1879 2052 nec
1925 1997 2077 2054 visus

468 2088 654 2138 noster
699 2081 964 2140 aethereas
1010 2083 1196 2156 plagas
1240 2089 1508 2154 penetrat,
1542 2081 1672 2155 quia
1700 2083 1752 2138 ei
1795 2083 1920 2140 illas
1960 2085 2078 2158 ipsa

462 2188 563 2227 sua
591 2171 887 2229 inﬁrmitas
910 2173 1152 2230 occultat
1178 2189 1192 2240 ;
1235 2177 1289 2227 et
1317 2187 1443 2227 cum
1473 2169 1541 2227 de
1569 2171 1710 2226 caelo
1738 2171 1820 2227 sol
1859 2173 2072 2244 rutilat,

461 2260 616 2333 prius
661 2262 934 2319 interfusa
974 2278 1098 2319 aere
1141 2261 1406 2335 pascitur,
1440 2269 1501 2316 ut
1531 2266 1654 2332 post
1683 2260 1741 2315 in
1772 2261 1912 2317 coelo
1941 2263 2074 2320 solis

459 2349 644 2406 radios
691 2352 1116 2425 contempletur.
1166 2348 1308 2418 Quia
1349 2363 1480 2421 ergo
1527 2349 1774 2406 carnales
1819 2349 2074 2410 homines

457 2453 670 2506 sumus,
718 2455 844 2496 cum
901 2453 1139 2512 superna
1192 2443 1446 2510 appetere
1501 2435 1754 2506 nitimur,
1805 2439 1964 2512 quasi
2011 2441 2071 2496 in

457 2528 659 2583 coelum
703 2529 894 2585 oculos
934 2528 1201 2594 levamus,
1249 2534 1304 2583 et
1350 2524 1504 2582 velut
1547 2525 1608 2582 in
1649 2527 1849 2584 coelum
1895 2529 2069 2586 aciem

461 2613 826 2681 intendimus,
900 2615 1050 2687 quia,
1138 2614 1311 2688 pressi
1388 2629 1496 2672 usu
1560 2631 1744 2672 rerum
1819 2632 2068 2690 corpora-

457 2699 620 2770 lium,
672 2703 688 2736 ³
735 2701 932 2758 docere
961 2702 1234 2774 spiritalia
1276 2719 1560 2761 conamur.
1599 2703 1704 2761 Sed
1734 2721 1864 2778 quia
1894 2713 2064 2764 trans-

454 2791 536 2847 ire
585 2790 899 2848 intellectus
943 2800 1131 2848 noster
1183 2793 1253 2850 ad
1294 2793 1486 2850 divina
1545 2810 1658 2850 non
1701 2795 1924 2865 sinitur,
1957 2797 2065 2854 nisi

456 2881 612 2953 prius
641 2897 736 2952 per
763 2888 1078 2938 sanctorum
1109 2881 1536 2954 precedentium
1569 2883 1822 2956 exempla
1848 2884 2063 2943 forme-

453 2979 564 3038 tur,
587 2969 743 3043 quasi
758 2969 873 3043 jam
898 2971 1098 3028 coelum
1125 2979 1311 3027 noster
1330 2971 1524 3027 oculus
1552 2973 1804 3045 suspicit,
1837 2973 1932 3029 sed
1962 2991 2061 3030 nu-

448 3059 544 3116 bes
592 3058 764 3128 videt,
816 3059 839 3093 ²
885 3059 1016 3133 quia
1055 3059 1521 3132 comprehendere
1563 3075 1627 3116 ea
1655 3076 1775 3135 quae
1803 3063 1904 3120 Dei
1931 3071 2064 3121 sunt

449 3149 676 3222 appetit,
725 3147 821 3205 sed
867 3148 968 3204 vix
1007 3148 1200 3206 mirari
1247 3165 1312 3206 ea
1343 3165 1464 3222 quae
1509 3148 1834 3208 hominibus
1861 3153 2061 3210 collata

447 3217 576 3295 sunt
605 3217 804 3310 potest.
837 3237 993 3295 Unde
1021 3246 1076 3293 et
1104 3237 1240 3294 alias
1259 3217 1503 3294 dicitur:
1537 3239 1863 3296 Illuminans
1886 3247 1941 3297 tu
1964 3241 2059 3298 mi-
2090 3217 2134 3277 Ο

443 3326 692 3381 rabiliter
709 3344 744 3380 a
764 3327 1028 3382 montibus
1046 3327 1255 3382 wternis
1286 3327 1462 3398 (Psal.
1487 3343 1658 3396 Lxxv,
1682 3329 1763 3402 5).
1783 3330 1890 3398 Qui
1910 3333 2059 3390 enim

443 3415 714 3471 orientem
766 3415 936 3472 solem
988 3415 1352 3489 contemplari
1399 3431 1510 3472 non
1561 3417 1726 3486 valet,
1768 3418 2060 3480 irradiatos

445 3511 662 3560 montes
688 3504 905 3578 aspicit,
937 3512 991 3561 et
1021 3505 1152 3578 quia
1173 3504 1256 3561 sol
1285 3512 1439 3561 ortus
1459 3505 1531 3561 sit
1557 3505 1938 3578 deprehendit.
1969 3511 2058 3567 Ex

447 3593 669 3650 aeternis
697 3609 824 3668 ergo
853 3594 1140 3652 montibus
1168 3611 1268 3651 nos
1297 3596 1442 3652 Deus
1471 3595 1771 3687 illuminat,
1805 3599 1935 3672 quia
1961 3615 2059 3672 per

443 3683 770 3742 admiratam
801 3685 974 3742 vitam
1018 3693 1236 3759 patrum
1267 3685 1719 3759 praecedentium,
1747 3683 1910 3747 radio
1955 3707 2056 3748 nos

441 3789 554 3829 suae
585 3773 852 3832 claritatis
881 3776 1144 3833 illustrat.
1169 3776 1313 3833 Ecce
1335 3777 1393 3832 in
1419 3777 1604 3833 studio
1625 3777 1940 3836 devotionis
1960 3779 2054 3836 do-

441 3859 663 3918 minicae
709 3871 762 3919 et
803 3863 1093 3920 charitatis
1135 3865 1511 3934 accendimur,
1542 3865 1636 3922 sed
1653 3865 1725 3940 vin
1755 3865 1860 3924 hac
1888 3867 2052 3925 devo-

443 3951 592 4007 tione
622 3959 786 4026 atque
801 3955 1072 4012 charitate
1101 3956 1301 4012 melius
1321 3955 1518 4012 harum
1541 3957 1776 4014 nubium
1810 3967 2051 4016 contem-

437 4043 681 4114 platione
708 4043 1032 4103 formamur.
1055 4045 1201 4114 Quid
1220 4046 1369 4103 enim
1391 4045 1650 4104 devotius
1668 4047 1830 4104 Petro
1850 4049 1878 4105 τ
1899 4050 2049 4117 Quid

388 4196 397 4204 ,
436 4135 658 4192 charius
675 4135 1020 4194 Joanne‘tllle
1036 4153 1132 4210 per
1147 4138 1499 4195 devotionem
1519 4137 1691 4196 ﬂuida
1705 4140 1872 4198 maris
1889 4141 2051 4199 dorsa

435 4227 644 4284 calcare
670 4243 782 4284 non
807 4229 998 4287 timuit
1016 4230 1230 4300 (Matth.
1260 4247 1380 4298 xiv,
1403 4230 1520 4302 29),
1549 4231 1653 4286 iste
1681 4247 1778 4303 per
1805 4249 2048 4292 amorem

436 4315 492 4372 in
525 4316 644 4388 ipso
673 4317 914 4374 auctoris
945 4317 1124 4372 nostri
1153 4325 1371 4390 pectore
1400 4318 1676 4390 requievit
1708 4320 1889 4391 (Ioan.
1921 4340 2044 4396 xui,

433 4403 567 4475 23);
613 4411 668 4460 et
714 4405 809 4476 qui
857 4405 925 4463 ad
956 4405 1260 4478 corporalis
1303 4423 1472 4463 coenae
1501 4407 1856 4466 refectionem
1887 4428 2044 4472 vene-

433 4503 538 4563 rat,
571 4495 819 4567 spiritale
839 4497 1104 4570 pabulum
1127 4497 1194 4554 de
1223 4499 1352 4556 sinu
1381 4499 1767 4575 Redemptoris
1785 4508 2040 4579 sumpsit.

507 4583 648 4656 [Vet.
677 4583 824 4659 VII.]
851 4586 937 4642 17.
971 4587 1086 4644 Cur
1103 4588 1374 4660 propheta:
1389 4590 1660 4661 etantiqui
1677 4593 1866 4649 Patres
1887 4597 2042 4652 nubes
2072 4579 2119 4638 D

432 4691 638 4746 quoque
682 4675 952 4733 dicantur.
997 4677 1276 4734 Abraham
1318 4679 1662 4737 obedientiam
1716 4700 1812 4738 nos
1861 4685 2042 4753 docet;

429 4765 586 4821 Isaac
607 4765 960 4836 patientiam;
983 4767 1144 4824 Iacob
1177 4769 1497 4826 laboriosam
1521 4771 1721 4838 vitam;
1747 4773 1939 4846 Ioseph
1956 4793 2039 4830 ca-

428 4854 694 4921 stitatem;
720 4857 924 4930 Moyses
949 4860 1402 4916 mansuetudinem
1424 4879 1446 4926 ;
1470 4862 1630 4916 Iosue
1655 4865 2040 4932 constantiam;

429 4944 641 5002 Samuel
668 4947 1075 5019 benignitatem;
1113 4949 1291 5005 David
1315 4950 1562 5021 pietatem
1591 4957 1639 5006 et
1664 4951 2032 5011 humilitatem.

425 5065 494 5076 —
523 5035 627 5094 Sed
657 5038 787 5111 quia
820 5037 1026 5113 signari
1057 5055 1156 5112 per
1181 5039 1357 5096 nubes
1381 5039 1544 5098 etiam
1568 5041 1865 5114 prophetas
1890 5044 2036 5102 dixi-

424 5139 566 5194 mus,
616 5143 836 5185 necesse
867 5137 950 5186 est
993 5137 1057 5186 ut
1085 5127 1268 5187 adhuc
1314 5128 1384 5186 ad
1411 5129 1656 5188 medium
1685 5134 2033 5207 superiorum

424 5221 638 5285 patrum
685 5218 940 5290 exempla
977 5216 1333 5276 deducamus.
1381 5219 1527 5276 Ecce
1569 5237 1696 5278 cum
1744 5227 2032 5298 praeceptis

423 5303 736 5360 coelestibus
751 5306 912 5362 subdi
935 5324 1031 5379 per
1051 5307 1420 5364 obedientiam
1438 5310 1712 5382 cupimus,
1739 5320 1880 5378 860
1902 5333 2028 5371 C-H‘t-

499 5505 510 5538 ¹
544 5503 741 5576 Prate].
774 5514 830 5562 et
859 5507 1024 5576 Utic.,
1057 5510 1250 5567 doceri.

495 5576 517 5679 Ξ
909 5581 1556 5708 ἅρέἔὲξῗηὲιῗοῗίηιωηην-
1575 5658 1739 5708 Seani

494 5649 514 5732 ξ’
545 5649 884 5732 AliquLMss.
909 5649 971 5706 et
981 5649 1153 5721 Editi,
1179 5654 1556 5726 informamur.
1575 5658 1872 5732 Sequimur
1889 5663 2020 5719 Mss.

421 5717 604 5775 Baluz.
637 5717 691 5778 et
721 5721 879 5780 Colb.

491 5791 512 5825 ⁴
543 5791 623 5848 Ita
651 5793 880 5863 Turon.,
905 5793 1164 5864 Vindoc.,
1199 5797 1411 5866 Baluz.,
1433 5799 1612 5868 Colb.,
1643 5801 1866 5860 Ebroic.
1899 5805 2020 5862 alii.

2204 581 2351 638 enim
2382 583 2662 644 Abraham
2695 589 3062 661 obedientius,
3093 595 3188 667 qui
3211 596 3282 652 ad
3302 613 3468 654 unam
3490 615 3690 658 vocem
3719 602 3814 660 do-

2203 671 2464 730 minicam
2511 688 2769 749 cognatos
2815 698 2878 737 ac
2923 684 3156 754 patriam
3199 685 3422 756 deserit,
3460 697 3515 746 et
3560 707 3664 764 pro
3698 693 3813 748 adi-

2201 762 2460 834 piscenda
2487 775 2692 824 aeterna
2713 770 3031 830 hereditate
3054 775 3235 848 ipsum
3253 777 3417 834 ferire
3435 797 3545 836 non
3562 762 3814 854 trepidat

2200 865 2364 922 quem
2389 871 2556 912 senex
2579 856 2692 929 jam
2721 868 2775 916 et
2803 878 2939 933 pene
2978 866 3280 924 moriturus
3307 879 3593 942 acceperat
3623 871 3813 930 haere-

2199 940 2322 1038 dem
2351 945 2558 1013 (Genes.
2591 965 2693 1018 χιι,
2712 949 2768 1024 4)
2791 953 2818 1009 ⁶Ρ
2845 953 2981 1010 Cum
3011 959 3289 1029 patientiae
3317 940 3586 1018 virtutem
3617 980 3812 1038 appre-

2199 1029 2438 1090 hendere
2457 1053 2742 1108 conamur,
2777 1045 3203 1112 praecedentium
3233 1051 3488 1122 exempla
3514 1053 3810 1124 conspici-

2197 1137 2339 1177 mus.
2372 1124 2517 1191 Quid
2541 1129 2690 1184 enim
2706 1130 2856 1187 Isaac
2884 1134 3202 1204 patientius,
3225 1137 3319 1210 qui
3335 1138 3484 1211 ligna
3511 1147 3717 1212 portat,
3740 1141 3808 1198 de

2147 1283 2152 1290 _
2196 1209 2518 1271 holocausto
2549 1217 2869 1292 interrogat,
2901 1231 3063 1296 atque
3093 1234 3215 1297 post
3248 1209 3544 1300 paululum
3577 1230 3804 1303 ligatur,

2194 1309 2249 1357 et
2278 1320 2388 1360 non
2421 1305 2701 1380 loquitur;
2734 1327 2840 1370 arae
2869 1317 3262 1388 superponitur
3290 1326 3345 1374 et
3365 1336 3474 1376 non
3496 1321 3807 1379 reluctatur

2196 1390 2404 1464 (Genes.
2437 1411 2578 1465 xxn,
2605 1397 2658 1469 7)
2680 1399 2708 1454 ?
2737 1399 2878 1468 Quid
2910 1419 3038 1475 ergo
3069 1405 3174 1462 isto
3204 1407 3327 1463 viro
3357 1408 3466 1466 dici
3500 1411 3803 1482 patientius

2192 1489 2390 1552 potest,
2421 1486 2514 1557 qui
2545 1488 2701 1558 quasi
2731 1489 2798 1545 ad
2827 1492 3083 1549 solatium
3101 1495 3344 1565 ducitur,
3363 1507 3419 1555 et
3442 1500 3708 1573 requirit;
3732 1502 3800 1558 ad

2190 1569 2498 1630 feriendum
2533 1576 2752 1649 ligatur,
2784 1588 2840 1636 et
2867 1584 3226 1650 conticescit;
3261 1594 3316 1643 et
3335 1569 3623 1646 oblatu—rus
3643 1590 3798 1648 holo-

2188 1669 2438 1719 caustum
2468 1664 2788 1739 interrogat,
2812 1671 3124 1730 oiferendus
3146 1675 3203 1730 in
3221 1675 3606 1736 holocaustum
3623 1685 3799 1739 tacet?

2187 1749 2326 1807 Cum
2356 1754 2566 1826 accingi
2585 1757 2652 1812 ad
2675 1757 2924 1816 laborum
2955 1763 3301 1822 tolerantiam
3335 1769 3592 1837 nitimur,
3612 1787 3794 1828 exem-

2111 1857 2156 1915 B
2187 1839 2295 1910 plis
2325 1843 2762 1911 praecedentibus
2791 1849 2812 1883 ³
2848 1849 3223 1910 sublevamur.
3261 1855 3406 1922 Quid
3447 1859 3596 1914 enim
3625 1859 3795 1917 Jacob

2189 1927 2539 2023 laboriosius,
2571 1935 2665 2007 qui
2687 1937 2831 2009 apud
2861 1939 3045 1997 Laban
3067 1949 3178 1998 tam
3208 1943 3372 2018 longo
3402 1955 3648 2021 tempore
3671 1967 3794 2023 pro-

2187 2016 2427 2090 pinquus
2451 2018 2577 2092 jure
2613 2027 2976 2097 cognationis,
3009 2048 3174 2103 opera
3202 2016 3453 2094 exercuit
3481 2039 3788 2109 servitutis,

2184 2113 2238 2161 et
2266 2107 2387 2165 vice
2417 2111 2712 2172 obsecutus
2734 2127 2813 2174 est
2830 2117 3047 2189 famuli,
3071 2131 3132 2178 ut
3151 2125 3527 2195 perfrueretur
3549 2131 3791 2200 praemiis

2185 2195 2418 2256 haeredis
2451 2202 2658 2272 (Genes.
2692 2222 2824 2274 xxx,
2841 2207 2971 2281 26)?
2993 2209 3130 2268 Cum
3148 2229 3326 2270 arcem
3351 2195 3707 2276 continentia:
3735 2229 3792 2276 et

2183 2288 2451 2346 castitatis
2480 2293 2771 2352 ascendere
2793 2297 3046 2368 nitimur,
3069 2303 3341 2375 exemplis
3360 2306 3784 2377 precedentium

2183 2376 2364 2433 sublet
2378 2396 2555 2437 amur.
2589 2383 2736 2450 Quid
2755 2387 2903 2442 enim
2935 2389 3136 2463 Joseph
3165 2376 3390 2462 castius,
3423 2397 3517 2469 qui
3547 2397 3617 2454 ad
3647 2398 3786 2456 desi-

2180 2464 2395 2523 derium
2427 2473 2725 2542 petulantis
2754 2476 3014 2548 dominae,
3041 2479 3176 2554 jugo
3208 2484 3444 2542 luxuriae
3477 2488 3650 2559 premi
3673 2506 3783 2545 non

2179 2557 2361 2626 potuit
2384 2559 2549 2616 etiam
2566 2564 2818 2635 captivus
2836 2566 2863 2622 ἢ
2889 2568 2961 2624 Et
2978 2569 3200 2642 quidem
3220 2557 3542 2632 hominibus
3569 2577 3784 2636 exstitit

2178 2661 2389 2717 servus,
2421 2651 2515 2707 sed
2543 2662 2736 2710 contra
2763 2655 3141 2717 dominantem
3167 2664 3471 2736 nequitiam
3507 2676 3562 2722 et
3586 2669 3644 2723 in
3674 2685 3781 2724 ser-

2177 2735 2316 2793 vitio
2334 2738 2473 2796 liber
2491 2740 2599 2797 fuit
2615 2742 2823 2814 (Genes.
2841 2763 3043 2818 xxxrx,
3074 2751 3184 2822 l2).
3201 2735 3340 2809 (lum
3356 2757 3779 2814 mansuetudine

2175 2826 2373 2896 repleri
2414 2832 2882 2905 concupiscimus,
2915 2839 3343 2908 praecedentium
3373 2845 3644 2918 exemplis
3673 2846 3778 2904 ad-

2165 2911 2450 2985 juvamur.
2473 2920 2618 2987 Quid
2629 2923 2779 2979 enim
2795 2925 2983 2999 Moyse
3000 2932 3361 3000 mansuetius,
3381 2933 3476 3006 qui
3492 2937 3773 2992 commissi

2170 3003 2277 3059 sibi
2307 3009 2497 3080 populi
2528 3011 2857 3069 seditionem
2889 3016 3105 3085 tolerat,
3150 3026 3205 3074 et
3241 3003 3420 3078 tamen
3446 3022 3771 3080 irascentem

2169 3093 2466 3154 Dominum
2487 3114 2584 3170 pro
2604 3100 2809 3157 eisdem
2827 3104 2941 3162 suis
2963 3109 3402 3178 persecutoribus
3423 3121 3596 3184 rogat,
3609 3129 3772 3188 seque

2170 3199 2268 3254 pro
2299 3185 2411 3242 illis
2438 3187 2633 3245 divino
2663 3190 2841 3249 furori
2889 3194 3104 3267 objicit,
3147 3199 3279 3270 quia
3319 3199 3378 3256 in
3424 3210 3616 3260 sancto
3657 3185 3776 3276 eius

2169 3281 2385 3344 pectore
2398 3277 2563 3332 etiam
2581 3295 2652 3335 ex
2667 3283 3049 3352 persecutione
3061 3285 3302 3346 charitas
3319 3289 3550 3362 ignescit
3568 3292 3770 3362 (Exod.

2168 3377 2351 3432 xxxii,
2385 3365 2476 3438 32)
2497 3367 2525 3424 7
2569 3367 2707 3426 Cum
2739 3379 2933 3429 contra
2961 3375 3191 3434 adversa
3236 3380 3432 3437 mundi
3463 3382 3486 3418 ⁴
3535 3381 3774 3440 formare

2169 3454 2369 3509 mentis
2399 3459 2764 3516 constantiam
2796 3462 3048 3532 nitimur,
3069 3468 3494 3538 praecedentium
3523 3473 3771 3531 conside-

2167 3543 2379 3600 ratione
2408 3545 2694 3606 fulcimur.
2732 3551 2878 3620 Quid
2908 3554 3056 3611 enim
3086 3557 3250 3614 Josue
3279 3561 3644 3630 constantius,
3676 3565 3770 3638 qui

2165 3631 2232 3688 ad
2288 3637 2683 3706 explorandam
2732 3644 2978 3715 gentium
3027 3648 3348 3722 qualitatem
3397 3652 3619 3722 missus,
3672 3671 3772 3711 nec

2164 3725 2509 3793 proceritatis
2539 3731 2998 3804 magnitudinem,
3045 3752 3146 3794 nec
3173 3741 3586 3800 numerositatis
3615 3745 3770 3800 mul-

2162 3812 2458 3874 titudinem
2501 3822 2746 3894 expavit.
2793 3825 2948 3884 Unde
3003 3834 3058 3884 et
3103 3830 3318 3888 easdem
3374 3843 3580 3906 gentes,
3635 3852 3770 3910 quas

2161 3905 2501 3976 explorando
2532 3925 2643 3966 non
2681 3912 2892 3983 timuit,
2936 3917 3101 3974 etiam
3137 3905 3440 3991 praeliando
3469 3905 3767 3998 prostravit

2162 3990 2346 4064 (Iosue
2370 4012 2429 4064 x,
2463 3997 2541 4070 7).
2575 3998 2712 4056 Cum
2734 4000 3093 4075 benignitatis
3121 3990 3342 4067 culmen
3357 3990 3767 4086 apprehendere

2159 4098 2443 4154 conamur,
2478 4089 2906 4160 praecedentium
2935 4098 3205 4170 exemplis
3235 4099 3586 4160 instruimur.
3620 4104 3768 4173 Quid

2159 4174 2307 4229 enim
2341 4175 2592 4234 Samuele
2621 4179 2938 4253 benignius,
2973 4186 3068 4258 qui
3098 4187 3166 4244 de
3194 4189 3510 4264 principatu
3539 4195 3766 4266 regendi

2157 4265 2346 4336 populi
2375 4265 2640 4338 dejectus,
2673 4287 3042 4332 successorem
3060 4276 3167 4334 sibi
3188 4277 3476 4338 humiliter
3506 4265 3762 4356 requirit.

2155 4352 2558 4432 inventumque
2586 4362 2747 4434 ungit
2772 4363 2829 4418 in
2859 4380 3062 4436 regem,
3095 4376 3324 4428 unctum
3353 4374 3524 4429 mox3
3556 4376 3766 4446 patitur

2154 4453 2555 4535 persecutorem
2605 4448 2666 4522 (Ι
2705 4451 2829 4522 Reg.
2875 4469 2932 4522 x,
2980 4455 3060 4527 1).
3105 4459 3154 4514 Α
3202 4474 3312 4532 quo
3353 4478 3423 4518 ne
3468 4465 3761 4535 moriatur,

2150 4534 2420 4606 trepidat;
2452 4545 2508 4594 et
2534 4545 2719 4596 tamen
2753 4556 2822 4597 ne
2863 4543 2915 4600 ei
2944 4546 3216 4604 Dominus
3263 4549 3549 4622 irascatur,
3582 4534 3761 4628 rogat.

2150 4622 2272 4695 Ipse
2301 4625 2503 4700 quippe
2531 4645 2657 4685 cum
2689 4631 3021 4705 mitteretur,
3045 4638 3122 4694 ait
3147 4656 3158 4694 :
3193 4638 3387 4697 Audiet
3417 4643 3573 4710 Saul,
3604 4622 3759 4701 et'in-

2154 4715 2368 4806 terﬁciet
2393 4734 2476 4806 me
2506 4719 2564 4789 (Ι
2586 4720 2710 4791 Reg.
2743 4737 2862 4791 xvr,
2895 4723 2976 4796 2).
2998 4726 3070 4782 Et
3097 4727 3146 4783 ei
3170 4745 3266 4800 per
3279 4732 3632 4806 semetipsam
3652 4734 3757 4791 Ve-

2149 4802 2282 4858 ritas
2310 4803 2478 4862 dicit:
2514 4808 2793 4879 Quousque
2823 4817 2877 4866 tu
2909 4813 3048 4884 luges
3080 4816 3313 4886 Saulem,
3343 4835 3460 4874 cum
3478 4802 3576 4892 ego
3602 4821 3758 4892 obje—

2145 4891 2307 4947 cerim
2337 4911 2454 4950 eum
2479 4897 2676 4965 (Ibid.,
2712 4899 2766 4968 1)
2793 4899 2821 4956 ?
2850 4900 2996 4968 Quid
3024 4919 3152 4976 ergo
3181 4907 3288 4962 isto
3318 4907 3440 4964 viro
3455 4891 3754 4984 benignius

2144 4979 2256 5038 dici
2285 4990 2480 5054 potest,
2513 4986 2610 5060 qui
2644 4993 2698 5042 et
2726 4986 2878 5046 hunc
2905 5007 3017 5047 non
3038 4993 3160 5049 vult
3179 4993 3469 5054 divinibus
3487 4979 3706 5071 percuti
3723 5017 3752 5056 a

2145 5085 2254 5143 quo
2282 5071 2546 5130 formidat
2572 5076 2794 5135 occidi?
2821 5078 2960 5138 Cum
2980 5081 3049 5138 ad
3077 5083 3297 5155 pietatis
3327 5094 3489 5160 atque
3518 5088 3748 5147 humili-

2142 5161 2271 5216 tatis
2301 5164 2686 5223 celsitudinem
2705 5168 3004 5240 tendimus,
3029 5175 3460 5246 prtecedentium
3475 5180 3746 5254 exemplis

2141 5252 2411 5310 levamur.
2446 5255 2593 5324 Quid
2620 5257 2769 5314 enim
2799 5259 2978 5318 David
3003 5262 3434 5335 misericordius,
3467 5269 3606 5341 quid
3637 5252 3747 5326 hu-

2140 5341 2329 5399 milius
2356 5343 2469 5401 dici
2498 5353 2695 5417 potest,
2728 5348 2822 5420 qui
2864 5366 2895 5404 a
2935 5367 3058 5422 rege
3097 5352 3330 5425 reprobo
3367 5371 3467 5427 pro
3496 5357 3744 5414 victoriis

2135 5547 2241 5604 que
2269 5535 2456 5618 Norm.
2479 5537 2602 5618 Yet.
2622 5539 2809 5618 Ed,_et
2838 5541 3006 5618 Gilot.
3027 5543 3250 5615 habent,
3278 5547 3500 5618 ﬁrmare
3531 5558 3739 5606 mentem

2129 5620 2229 5674 per
2254 5609 2621 5664 constantiam.
2655 5611 2814 5680 Aliae,
2844 5615 3068 5741 (innare
3097 5609 3668 5678 mentis'constantiam.

2205 5676 2226 5709 ⁵
2270 5677 2352 5731 Ita
2381 5679 2641 5741 Vindoc..
2682 5685 2840 5741 Prate
2869 5729 2880 5741 .
2913 5695 2968 5741 et
3007 5688 3103 5741 alii
3145 5690 3336 5741 Norm.
3379 5691 3506 5741 νει-
3543 5694 3646 5741 Ed-

2205 5676 2226 5709 ⁵
2270 5677 2352 5731 Ita
2381 5679 2641 5750 Vindoc.,
2682 5676 2880 5742 Pratel.
2913 5695 2968 5743 et
3007 5688 3103 5744 alii
3145 5690 3336 5745 Norm.
3379 5691 3506 5748 Vet.
3539 5676 3736 5749 Edret

2130 5747 2404 5805 Gussanv.
2437 5747 2662 5822 habent,
2697 5759 2886 5813 tolerat
2908 5766 3314 5832 persecutorem.
