3920 6374
170 382 263 439 409
859 385 1233 446 MORALIUM
1272 392 1404 449 LIB.
1449 394 1682 453 XXVII.
1726 427 1798 441 —
1835 400 1907 457 IN
1945 401 2174 461 CAPUT
2214 406 2458 467 XXXVI
2498 412 2562 468 B.
2602 414 2746 471 JOB.

3371 425 3477 483 410

155 504 512 607 contumeliae
526 507 756 606 recepit,
772 508 867 581 qui
896 508 964 566 de
983 527 1150 568 manu
1171 512 1739 576 hostiliIsraeliticam
1766 528 1817 589 Α
1847 527 2113 596 queritur,
2147 529 2368 587 dicens:
2403 533 2524 590 Non
2552 542 2627 589 est
2680 539 2778 607 qui
2826 545 3075 600 extendat
3100 547 3248 604 ultra
3298 554 3475 605 tento-

166 604 355 707 genteiq
378 594 559 707 fortis:
580 595 830 707 eripi/lii,"
856 608 909 654 et
955 602 1305 707 umeunipse
1353 623 1452 706 ne.
1481 609 1752 664 moriatur
1858 615 2001 670 rium
2028 634 2217 687 meum,
2248 627 2297 676 et
2324 622 2495 693 erigat
2515 594 2847 695 pellesbneas
2870 629 3087 699 (Jerem.
3113 650 3171 702 x,
3193 636 3309 707 20).
3331 638 3475 695 Hinc

169 684 303 759 quasi
319 683 514 739 debilis
534 684 677 757 fugit
709 687 767 756 (Ι
783 688 905 759 Reg.
940 706 1078 759 xvn,
1115 693 1334 766 18,19);
1361 696 1455 768 qui
1488 707 1541 752 et
1561 715 1617 753 se
1646 699 1749 755 ele-

168 782 297 828 ctum
318 771 509 828 divino
522 772 759 845 judicio,
779 784 832 831 et
852 789 1258 848 persecutorem
1274 800 1432 838 suum
1455 802 1510 840 re
1517 787 1747 857 probum

166 860 406 933 agnoscit,
437 870 491 918 et
521 869 703 919 tamen
734 864 913 921 eidem
932 873 1271 939 persecutori
1291 889 1402 929 suae
1432 873 1639 930 crebrae
1670 893 1747 932 sa-

165 950 477 1008 tisfactionis
507 950 826 1010 humilitate
882 974 938 1013 se
967 958 1214 1032 subjicit,
1260 963 1355 1035 qui
1387 966 1752 1035 persecutoris

163 1041 384 1097 lanceam
408 1043 576 1111 tollit,
608 1061 759 1101 oram
781 1046 1095 1121 chlamydis
1137 1052 1447 1123 detruncat,
1490 1064 1651 1128 atque
1682 1055 1749 1112 ad

161 1148 401 1188 cacumen
429 1134 637 1189 montis
666 1136 919 1207 protinus
950 1151 1221 1212 properat,
1248 1152 1301 1198 et
1321 1160 1432 1200 uno
1450 1146 1751 1219 eodemque

162 1234 383 1292 tempore
428 1223 558 1295 quia
587 1228 726 1286 861
775 1227 1064 1284 occidendi
1117 1241 1443 1303 potestatem
1493 1234 1750 1300 habuerit

159 1324 392 1385 ostentat,
417 1327 469 1374 et
500 1335 570 1375 ne
600 1322 888 1380 occidatur
916 1328 1114 1398 rogat?

221 1406 298 1461 18.
336 1409 485 1463 More
510 1410 733 1465 nubium
761 1420 976 1470 extensa
1007 1434 1165 1488 super
1190 1435 1287 1473 nos
1305 1419 1525 1475 illorum
1550 1426 1749 1475 sancto-

158 1510 263 1547 rum
292 1494 394 1549 vita
419 1496 664 1567 tegimur.
697 1529 769 1540 —
797 1501 939 1568 Quia
968 1520 1094 1576 ergo
1126 1506 1181 1560 in
1207 1507 1420 1563 cunctis
1443 1526 1563 1581 quae
1593 1509 1749 1580 spiri-

156 1586 321 1642 taliter
347 1588 659 1659 appetimus
705 1593 977 1664 exemplis
1006 1595 1445 1667 prmcedentibus
1476 1598 1754 1653 informa-

153 1692 284 1742 mur,
332 1676 470 1732 bene
504 1676 573 1734 de
600 1676 691 1735 his
743 1680 985 1739 nubibus
1016 1683 1256 1741 dicitur:
1296 1688 1423 1754 Quae
1447 1682 1753 1757 praetequ

123 1770 320 1819 ‘cuncta
372 1767 618 1839 desuper.
677 1769 829 1826 More
872 1771 1018 1827 enim
1052 1774 1286 1829 nubium
1335 1784 1563 1832 extensa
1590 1792 1753 1847 super

151 1871 238 1910 nos
270 1864 485 1955 patrum
540 1858 655 1916 vita
683 1860 945 1931 tegimur,
1003 1870 1065 1917 ut
1124 1862 1192 1919 ad
1249 1863 1494 1920 fructum
1526 1864 1751 1921 fecundi
1783 1898 1830 1957 B

151 1945 390 2014 germinis
447 1946 834 2006 infundamur.
883 1952 956 2007 Et
1003 1952 1161 2024 quasi
1218 1952 1495 2009 intuentes
1550 1955 1748 2009 caelum

150 2032 285 2104 prius
314 2035 493 2091 nubes
522 2036 845 2109 aspicimus,
881 2040 1012 2111 quia
1040 2049 1167 2097 ante
1195 2040 1470 2097 bonorum
1492 2042 1638 2099 facta
1658 2043 1749 2099 ad'

148 2122 379 2179 mirando
411 2126 722 2194 cernimus,
761 2136 815 2183 et
856 2137 980 2199 post
1026 2128 1124 2184 illa
1170 2146 1290 2202 quae
1335 2140 1464 2187 sunt
1510 2132 1750 2189 caelestia

146 2211 460 2283 experiendo
498 2224 868 2286 penetramus.
901 2216 1007 2273 Sed
1071 2218 1203 2291 quia
1258 2235 1605 2293 nequaquam
1638 2220 1748 2276 ha-

147 2317 250 2358 rum
279 2301 539 2371 nubium,
573 2303 629 2360 id
660 2314 742 2361 est
770 2306 1126 2379 antiquorum
1158 2316 1401 2379 patrum,
1436 2309 1553 2365 vita
1583 2309 1746 2364 nobis

147 2390 421 2464 virtusque
474 2402 799 2465 patesceret,
852 2396 961 2452 nisi
1009 2412 1127 2452 eam
1176 2398 1351 2453 nubes
1406 2398 1547 2465 aliae,
1579 2397 1636 2455 id
1666 2409 1749 2456 est

143 2482 299 2538 sancti
326 2482 569 2555 apostoli
600 2484 811 2541 lumine
839 2502 951 2542 suae
989 2486 1399 2559 praedicationis
1440 2489 1744 2560 aperirent,

143 2568 201 2623 ad
227 2568 319 2626 has
348 2571 532 2628 nubes
562 2590 685 2646 quae
715 2573 1070 2645 praedicando
1093 2576 1365 2633 mundum
1396 2576 1746 2634 circumeunt

143 2674 303 2716 sermo
332 2661 546 2729 redeat,
579 2672 632 2719 et
679 2663 815 2736 quid
843 2680 940 2735 per
970 2663 1094 2719 illas
1122 2665 1393 2721 Dominus
1443 2666 1501 2720 in
1533 2664 1743 2721 mundo

147 2749 296 2820 egerit
314 2750 596 2808 ostendat.
619 2751 910 2823 Sequitur:

603 2865 832 2923 CAPUT
863 2866 942 2922 XI
961 2865 1106 2939 [Rec.
1146 2866 1264 2940 VI].

201 2983 361 3041 Vnus.
395 2985 494 3052 29,
525 2982 614 3040 30.
642 3014 714 3026 —
741 2985 801 3041 Si
838 2985 1069 3040 [voluerit
1096 2986 1372 3041 extendere
1402 2986 1562 3042 nubes
1585 2989 1741 3059 quasi

141 3073 404 3128 tentorium
434 3088 614 3140 suum,
651 3078 699 3127 et
725 3071 1010 3143 fulgurare
1037 3074 1232 3128 lumine
1249 3090 1345 3128 suo
1364 3075 1609 3147 desuper,
1625 3094 1741 3132 car-

139 3159 269 3216 dines
296 3177 508 3234 quoque
542 3161 711 3215 maris
740 3162 956 3233 aperiet.

202 3250 281 3307 19.
321 3250 510 3309 Sancti
538 3250 639 3307 Dei
678 3252 903 3306 tentoria
956 3257 1100 3316 sunt,
1132 3251 1188 3305 in
1240 3249 1430 3321 quibus
1470 3253 1618 3324 apud
1648 3271 1743 3309 nos
1773 3245 1817 3306 Ο

138 3341 324 3398 habitat
361 3349 411 3398 et
448 3342 714 3398 ambulat.
754 3344 928 3399 Paulo
970 3345 1195 3400 Romam
1227 3349 1451 3415 petente,
1494 3345 1661 3399 latens
1692 3346 1747 3399 in

138 3430 240 3500 ejus
269 3437 483 3502 pectore
510 3433 666 3502 quasi
699 3433 792 3487 sub
842 3433 1065 3488 tentorio
1096 3432 1205 3488 ibat
1230 3433 1394 3488 Deus.
1426 3462 1497 3473 —
1524 3435 1747 3491 Exten-

139 3516 212 3574 dit
240 3519 412 3577 nubes
442 3521 743 3588 Dominus,
773 3520 907 3577 dum
956 3520 1232 3578 ministris
1288 3522 1404 3578 suis
1434 3523 1578 3579 viam
1613 3541 1745 3596 prae-

138 3604 415 3665 dicationis
444 3609 722 3681 aperiens,
757 3626 849 3665 eos
898 3609 955 3665 in
1004 3611 1198 3667 mundi
1248 3611 1599 3668 latitudinem
1642 3614 1746 3669 cir-

139 3710 474 3773 cumquaque
538 3698 822 3755 diffundit.
884 3699 1029 3754 Bene
1086 3709 1268 3756 autem
1326 3700 1536 3757 dictum
1596 3712 1678 3759 est
1732 3722 1743 3759 :

140 3785 292 3851 Quasi
318 3786 611 3842 tentorium
642 3802 815 3841 suum.
872 3787 1193 3843 Tentorium
1225 3788 1428 3862 quippe
1460 3789 1517 3844 in
1549 3790 1746 3847 itinere

140 3875 256 3944 poni
303 3876 464 3933 solet.
509 3876 581 3932 Et
610 3892 737 3933 cum
769 3876 1153 3948 praedicatores
1181 3878 1357 3933 sancti
1387 3877 1444 3932 in
1476 3878 1741 3935 mundum

142 3966 456 4036 mittuntur,
511 3965 616 4023 iter
669 3968 783 4023 Deo
826 3966 1058 4024 faciunt.
1106 3967 1262 4025 Unde
1305 3969 1572 4041 scriptum
1624 3978 1740 4025 est:

139 4056 259 4110 Ecce
282 4057 429 4114 mitto
468 4059 715 4128 angelum
744 4074 914 4112 meum
937 4065 1059 4113 ante
1084 4058 1277 4128 faciem
1306 4066 1473 4125 tuam,
1490 4060 1583 4129 qui
1606 4077 1745 4131 pra:-

136 4145 341 4213 parabit
373 4147 522 4201 viam
553 4152 698 4201 tuam
737 4153 859 4201 ante
899 4153 943 4201 te
989 4147 1209 4217 (Malae.
1266 4164 1350 4216 ιιι,
1391 4148 1468 4220 1).
1500 4149 1573 4204 Et
1602 4149 1747 4203 unde

142 4247 350 4290 rursum
383 4251 487 4308 per
513 4235 865 4291 Psalmistam
915 4236 1125 4293 dicitur
1159 4254 1171 4292 :
1232 4238 1344 4293 Iter
1398 4236 1555 4307 facite
1580 4236 1629 4291 ei
1657 4236 1750 4306 qui

137 4323 357 4378 ascendit
374 4341 541 4396 super
576 4341 723 4379 occas
739 4342 827 4379 um
864 4326 1037 4397 (Psal.
1082 4342 1260 4391 van,
1289 4327 1371 4396 5).
1393 4326 1466 4380 Et
1485 4342 1704 4380 rursum
1732 4341 1741 4379 :

137 4409 288 4478 Deus,
314 4430 435 4468 cum
479 4414 800 4486 egredereris
837 4432 1020 4471 coram
1037 4416 1239 4486 populo
1272 4421 1384 4481 tuo,
1414 4414 1541 4469 dum
1574 4419 1747 4468 trans-

137 4502 418 4566 gredereris
451 4519 554 4574 per
590 4503 871 4571 desertum,
916 4510 1060 4558 terra
1110 4510 1250 4559 mota
1302 4510 1376 4558 est
1435 4504 1624 4576 (Ibid.,
1664 4505 1747 4572 8).

140 4588 275 4645 Deus
303 4591 478 4657 enim,
511 4590 607 4662 qui
638 4607 734 4663 per
763 4591 1117 4664 semetipsum
1139 4607 1252 4646 non
1276 4591 1525 4647 localiter
1541 4592 1745 4664 ubique
1774 4607 1823 4665 ι)

139 4686 230 4745 est,
262 4696 357 4751 per
385 4680 776 4753 praedicatores
810 4698 938 4736 suos
969 4681 1026 4735 in
1058 4679 1252 4736 mundi
1285 4690 1465 4752 partes
1496 4680 1745 4737 localiter

140 4767 392 4825 ambulat.
426 4769 583 4825 Unde
614 4771 779 4825 etiam
810 4786 906 4842 per
931 4768 1254 4842 prophetam
1287 4768 1522 4825 dicitur:
1559 4772 1634 4827 Et
1664 4771 1738 4825 iu-

99 4841 408 4917 'ambulabo
441 4863 498 4917 in
521 4862 596 4917 eis
638 4841 828 4934 (Leuit.
863 4841 1025 4930 XXVI,
1064 4860 1148 4927 12;
1199 4862 1264 4916 II
1315 4862 1441 4918 Cor.
1496 4879 1575 4930 v1,
1628 4862 1739 4934 16).

142 4946 240 5001 lter
268 4951 472 5023 quippe
502 4967 598 5023 per
625 4967 719 5007 eos
747 4950 881 5022 agit,
914 4950 1044 5006 dum
1078 4948 1339 5006 humanis
1366 4949 1627 5006 cordibus
1658 4968 1743 5005 eo-

145 5049 256 5092 rum
286 5054 342 5093 se
362 5040 585 5113 eloquio
611 5039 880 5097 infundit.
913 5039 1096 5111 Atque
1139 5038 1199 5094 in
1246 5038 1353 5096 hoc
1400 5040 1598 5096 itinere
1631 5048 1742 5096 ten-

142 5128 273 5184 toria
300 5131 401 5186 Dei
430 5140 559 5188 sunt
588 5130 707 5187 haec
735 5129 925 5187 eadem
975 5127 1142 5186 corda
1171 5138 1508 5196 sanctorum,
1541 5128 1744 5201 quibus

142 5218 288 5289 quasi
319 5218 376 5275 in
407 5220 499 5277 via
540 5219 873 5294 quiescendo
917 5220 1140 5292 tegitur,
1189 5217 1321 5275 dum
1365 5234 1461 5290 per
1504 5217 1622 5275 hzec
1676 5218 1739 5275 ad

142 5316 342 5365 mentes
387 5308 679 5366 hominum
740 5310 989 5377 veniens,
1041 5308 1155 5381 agit
1198 5324 1319 5382 quae
1348 5307 1642 5379 disposuit,
1694 5316 1748 5364 et

142 5409 244 5452 non
273 5396 513 5455 videtur.
549 5397 690 5473 [Vet.
731 5397 911 5473 VIII.]
961 5396 1106 5453 Hinc
1134 5405 1215 5453 est
1250 5396 1399 5470 quod
1422 5396 1591 5453 simul
1614 5412 1746 5451 om-

142 5483 221 5538 nis
272 5501 550 5559 synagoga
594 5487 896 5544 tentorium
929 5494 1182 5553 vocatur,
1231 5501 1362 5541 cum
1421 5500 1661 5540 cessasse
1716 5501 1747 5539 a

143 5571 524 5640 praedicatione
553 5574 863 5631 sacerdotes
878 5573 1148 5630 Dominus
1177 5589 1273 5645 per
1302 5574 1597 5628 Jeremiam
1616 5588 1744 5645 que-

212 5771 310 5847 {I_n
344 5770 603 5847 Vindoc.,
631 5770 818 5847 .Colb.,
845 5770 1054 5847 Salue”
1078 5769 1357 5847 omittitur
1382 5777 1503 5847 ante
1533 5777 1599 5825 te.

207 5840 228 5874 ³
256 5841 513 5916 Longip.,
546 5842 678 5913 quia
706 5841 843 5897 enim
869 5841 928 5896 in
958 5840 1105 5895 illius
1128 5842 1318 5913 populi
1354 5844 1574 5908 cultum,
1626 5846 1746 5897 tunc

1859 722 2076 762 rursum
2119 709 2187 765 de
2217 713 2657 772 exerminatione
2704 716 2823 788 ejus
2877 720 3119 778 dicitur:
3172 726 3469 798 Dissipavit

1859 797 2017 863 quasi
2043 800 2257 855 hortum
2287 805 2573 860 tentorium
2601 822 2776 876 suum,
2803 809 3084 866 demolitus
3117 820 3191 867 est
3235 797 3476 873 taberna-

1859 887 2035 941 culum
2063 906 2217 945 suum
2238 894 2265 963 (
2278 893 2470 949 Thren.
2505 913 2568 964 ιι,
2601 896 2683 967 6).
2720 898 2741 932 ²
2772 898 2912 966 Quia
2940 900 3089 956 enim
3120 902 3179 957 in
3195 905 3363 961 unius
3382 924 3474 978 po-

1861 974 1977 1059 puli
2008 978 2161 1033 cultu
2192 989 2324 1037 tunc
2352 984 2622 1041 Dominus
2655 986 2803 1043 inter
2823 986 3079 1045 homines
3110 990 3294 1059 latuit,
3324 974 3474 1050 eum-

1860 1058 1984 1115 dem
2015 1061 2124 1118 sibi
2152 1068 2418 1137 populum
2449 1072 2749 1128 tentorium
2784 1075 3023 1131 vocavit.
3060 1075 3215 1133 Unde
3256 1058 3309 1135 et
3326 1090 3475 1138 recte

1860 1164 2011 1205 nunc
2038 1151 2211 1209 nubes
2241 1154 2359 1211 istas
2389 1157 2509 1229 ejus
2558 1162 2856 1217 tentorium
2904 1162 3190 1234 dicuntur,
3244 1168 3376 1240 quia
3404 1168 3473 1225 ad

1860 1253 1960 1292 nos
2008 1239 2151 1296 Deus
2197 1259 2293 1313 per
2322 1244 2548 1315 gratiam
2583 1250 2830 1318 veniens,
2864 1251 3012 1307 intra
3040 1239 3470 1324 praedicatorum

1861 1343 2086 1382 suorum
2116 1341 2325 1388 mentes
2354 1336 2619 1405 operitur.
2653 1340 2740 1393 An
2770 1340 2974 1395 Paulus
3003 1339 3123 1413 ejus
3166 1343 3469 1400 tentorium

1861 1431 1972 1471 non
2001 1426 2135 1486 erat,
2185 1437 2310 1475 cum
2354 1439 2386 1478 a
2413 1424 2713 1482 Jerusalem
2746 1444 2841 1498 per
2869 1428 3166 1485 circuitum
3198 1447 3371 1503 usque
3401 1431 3473 1487 ad

1860 1506 2149 1577 Illyricum
2179 1509 2247 1566 ad
2263 1513 2429 1568 corda
2446 1518 2761 1572 mortalium
2780 1519 3008 1575 veniens
3031 1518 3206 1591 (Rom.
3233 1539 3330 1586 xv,
3352 1523 3468 1593 19),

1862 1593 1921 1649 in
1950 1596 2070 1668 ejus
2102 1610 2285 1656 mente
2322 1604 2593 1663 Dominus
2635 1607 2997 1679 quiescebat?
3043 1608 3225 1665 Nubes
3266 1610 3470 1683 quippe

1860 1695 1976 1741 erat
2005 1686 2348 1759 hominibus,
2383 1695 2681 1751 tentorium
2710 1698 2844 1764 Deo,
2878 1698 3009 1769 quia
3061 1714 3224 1769 quem
3273 1699 3469 1769 praedi-

1861 1774 2037 1829 cando
2056 1775 2387 1835 infundebat
2424 1781 2801 1850 audientibus,
2837 1782 2987 1840 hunc
3016 1783 3380 1842 invisibiliter
3410 1788 3468 1842 in

1859 1873 2043 1920 mente
2072 1866 2361 1924 retinebat.
2396 1869 2545 1924 Idem
2595 1887 2783 1926 rursus
2824 1871 2959 1927 dum
3008 1873 3220 1929 catenis
3250 1874 3470 1932 vinctus

1859 1956 2088 2012 Romam
2122 1968 2328 2029 peteret
2356 1961 2557 2017 Paulus
2586 1972 2958 2033 occupaturus
3004 1964 3275 2020 mundum
3322 1966 3466 2038 (Act.

1860 2061 2064 2115 xxvm,
2101 2048 2215 2120 15),
2238 2049 2412 2106 latens
2441 2050 2497 2105 in
2520 2050 2640 2122 ejus
2656 2061 2874 2123 pectore
2903 2053 3061 2125 quasi
3090 2053 3194 2109 sub
3233 2057 3469 2112 tentorio

1861 2133 1974 2190 ibat
2019 2138 2185 2205 Deus,
2219 2139 2349 2211 quia
2395 2149 2449 2196 et
2477 2142 2727 2197 occultus
2758 2142 2936 2197 videri
2980 2159 3093 2198 non
3142 2152 3372 2215 poterat,
3416 2155 3472 2201 et

1858 2240 1955 2295 per
1984 2226 2154 2282 verba
2187 2230 2599 2299 praedicationis
2629 2231 2880 2302 proditus
2911 2232 3014 2288 iter
3042 2232 3310 2289 inchoatae
3340 2250 3473 2305 gra-

1856 2311 1948 2367 tiae
1994 2314 2113 2369 sine
2143 2318 2448 2374 cessatione
2494 2319 2808 2391 peragebat.
2859 2321 3045 2377 Nubes
3094 2320 3213 2392 ejus
3254 2322 3470 2394 Moyses

1857 2402 2093 2472 exstitit,
2127 2422 2251 2461 cum
2285 2408 2605 2481 priusquam
2638 2409 2786 2480 plebi
2841 2409 3158 2465 Israeliticae
3204 2408 3468 2465 ducatum

1855 2490 2140 2561 praeberet,
2175 2495 2538 2567 quadraginta
2565 2497 2726 2553 annis
2756 2497 2814 2552 in
2844 2496 3060 2553 deserto
3082 2501 3229 2558 862
3258 2513 3469 2569 perma-

1854 2602 2010 2655 nens,
2044 2597 2097 2644 et
2126 2589 2387 2647 sublimia
2417 2601 2701 2664 appetens,
2732 2610 2765 2649 a
2810 2594 3227 2650 conversatione
3275 2593 3467 2666 populi

1855 2675 2170 2748 segregatus
2200 2680 2364 2737 vixit.
2396 2681 2502 2737 Sed
2533 2682 2836 2739 tentorium
2871 2684 2968 2739 Dei
3003 2683 3180 2739 factus
3209 2693 3308 2751 est,
3341 2699 3468 2740 cum

1852 2763 1920 2819 ad
1944 2767 2318 2824 revocandum
2354 2772 2615 2843 populum
2663 2771 2720 2827 in
2768 2773 3073 2845 Egyptum
3121 2773 3323 2829 missus
3353 2764 3471 2829 ibal

1854 2851 2058 2922 (Exod.
2089 2873 2175 2923 ιιι,
2208 2859 2320 2929 10),
2353 2867 2580 2931 portans
2619 2861 2963 2917 invisibilem
3013 2862 3072 2917 in
3115 2861 3280 2918 corde
3327 2860 3469 2917 veri-

1851 2948 2018 2997 tatem
2044 2985 2059 3009 ,
2104 2961 2230 3000 cum
2278 2946 2628 3017 omnipotens
2670 2950 2836 3016 Deus,
2888 2950 2983 3021 qui
3032 2950 3347 3021 patescebat
3407 2950 3467 3004 in

1851 3045 2034 3102 opere,
2067 3033 2268 3090 latebat
2297 3034 2353 3090 in
2385 3035 2568 3092 corde.
2602 3037 2674 3092 Et
2732 3036 2938 3109 ubique
2987 3052 3226 3107 praesens
3282 3035 3471 3093 omnia

1850 3121 2159 3190 continens,
2192 3124 2296 3179 iter
2324 3125 2381 3179 in
2399 3141 2499 3180 suo
2529 3125 2742 3180 famulo
2791 3126 2850 3181 in
2900 3125 3207 3197 ngyptum
3240 3126 3469 3182 veniens

1855 3208 2109 3266 faciebat.
2145 3211 2299 3268 Unde
2327 3213 2596 3284 scriptum
2611 3222 2728 3269 est:
2764 3213 2872 3269 Ivit
2899 3213 3042 3269 Deus
3070 3213 3126 3268 in
3156 3214 3465 3286 Egypt‘um,

1855 3307 1913 3354 ut
1948 3302 2225 3356 redimeret
2251 3303 2353 3357 sibi
2375 3305 2638 3374 populum
2661 3303 2865 3375 (Exod.
2897 3319 2997 3371 xv,
3024 3303 3111 3371 13,
3143 3320 3239 3359 sec.
3264 3305 3465 3377 LXX).

1855 3387 1998 3444 Ecce
2027 3388 2106 3445 ire
2134 3388 2360 3458 dicitur,
2394 3408 2489 3462 per
2536 3390 2697 3464 cujus
2750 3391 3289 3463 incircumscriptam
3336 3408 3468 3464 prte-

1856 3478 2087 3534 sentiam
2112 3487 2314 3538 cuncta
2333 3482 2708 3548 continentur,
2733 3480 2914 3554 quiais
2936 3480 3030 3553 qui
3048 3480 3255 3553 ubique
3269 3497 3338 3536 ex
3357 3498 3468 3536 ma-

1850 3568 2044 3640 jestate
2059 3581 2141 3628 est
2170 3575 2324 3645 quasi
2339 3574 2397 3630 in
2417 3576 2509 3631 via
2525 3591 2741 3647 gressus
2772 3574 2929 3646 ponit
2960 3589 3028 3628 ex
3058 3572 3465 3644 praedicatione.

1927 3661 2016 3718 20.
2048 3662 2189 3718 Deus
2212 3680 2314 3734 per
2338 3669 2547 3719 sanctos
2573 3663 2844 3736 fulgurat,
2877 3678 2993 3717 cum
3024 3661 3129 3716 edit
3182 3661 3465 3735 miracula.

1855 3756 1978 3811 Haec
2022 3756 2079 3810 in
2125 3757 2568 3828 praedicatoribus
2629 3756 2943 3811 necessaria.
2992 3785 3063 3795 —
3108 3753 3214 3810 Sed
3262 3752 3464 3809 eisdem

1856 3845 2058 3900 sanctis
2079 3844 2534 3916 praedicatoribus
2564 3860 2906 3917 nequaquam
2930 3843 2999 3899 ad
3027 3842 3463 3915 persuadendum

1857 3932 2024 3987 verba
2099 3932 2385 3988 suﬂiciunt
2417 3975 2433 4000 ,
2484 3932 2590 3986 nisi
2637 3931 2802 3987 etiam
2857 3930 3124 3985 miracula
3170 3929 3465 3985 addantur.

1857 4022 2012 4077 Unde
2044 4036 2168 4076 cum
2212 4020 2423 4075 dictum
2460 4020 2563 4075 sit:
2619 4018 2677 4074 Si
2718 4018 2947 4073 voluerit
2996 4018 3270 4071 extendere
3312 4017 3468 4071 nubes

1857 4111 2013 4179 quasi
2045 4109 2325 4163 tentorium
2361 4123 2535 4173 suum,
2566 4115 2712 4163 recte
2742 4103 3134 4176 subjungitur:
3176 4106 3250 4161 Et
3292 4104 3470 4174 fulgu-

1859 4215 1983 4253 rare
2012 4199 2207 4252 lumine
2236 4215 2331 4252 suo
2359 4192 2610 4269 desuper.
2638 4194 2783 4263 Quid
2812 4195 2959 4250 enim
2991 4193 3195 4250 sentire
3224 4194 3468 4267 fulgura,

1858 4286 1966 4342 nisi
2021 4287 2287 4342 miracula
2313 4285 2578 4341 debemus
2598 4285 2626 4340 ‘I
2655 4283 2723 4341 de
2752 4284 2954 4357 quibus
2996 4299 3093 4355 per
3121 4282 3469 4339 Psalmistam

1858 4375 2097 4431 dicitur:
2150 4376 2393 4447 Fulgura
2429 4373 2832 4444 multiplicabis,
2891 4378 2939 4426 et
2992 4370 3333 4426 conturbabis
3386 4387 3469 4424 eos

1858 4467 2029 4533 (Psal.
2073 4482 2262 4533 cxuu,
2286 4465 2338 4532 6,
2369 4481 2468 4520 sec.
2500 4463 2701 4535 LXX).
2736 4462 2837 4517 Per
2867 4460 2965 4516 has
2994 4477 3121 4533 ergo
3167 4461 3341 4517 nubes
3389 4460 3467 4513 lu-

1859 4556 2010 4611 mine
2039 4573 2138 4611 suo
2174 4556 2408 4627 desuper
2449 4554 2716 4626 fulgurat,
2767 4551 2898 4626 quia
2943 4567 3040 4623 per
3083 4549 3471 4623 praedicatores

1854 4654 2069 4702 sanctos
2100 4644 2547 4701 insensibilitatis
2575 4650 2779 4697 nostrae
2809 4639 3065 4695 tenebras
3105 4638 3274 4693 etiam
3308 4638 3470 4693 mira-

1855 4736 1998 4791 culis
2029 4728 2293 4792 illustrat.

1929 4855 2015 4911 21.
2050 4856 2431 4910 Extremorum
2475 4850 2631 4905 etiam
2666 4848 3012 4903 tenninorum
3046 4845 3233 4901 mundi
3261 4860 3471 4899 conver-

1853 4947 1951 5001 sio.
1995 4946 2286 5002 Britannia
2319 4942 2442 5017 ﬁdei
2471 4942 2701 4997 subdita.
2734 4971 2804 4981 —
2834 4939 3084 5012 Cumque
3130 4936 3307 4992 nubes
3353 4935 3469 4991 istae

1856 5034 2043 5090 verbis
2072 5035 2293 5106 pluunt,
2326 5047 2563 5104 cumque
2594 5027 2880 5085 miraculis
2913 5027 3029 5083 vim
3061 5039 3301 5080 coruscas
3333 5024 3471 5080 lucis

1853 5123 2127 5197 aperiunt,
2159 5132 2434 5179 extremos
2463 5119 2630 5176 etiam
2662 5115 2856 5172 mundi
2902 5114 3166 5172 terminos
3211 5113 3269 5168 in
3327 5111 3472 5169 divi-

1855 5229 1989 5269 num
2046 5227 2289 5268 amorem
2345 5213 2697 5267 convertunt.
2754 5204 2909 5260 Unde
2967 5211 3113 5260 recte
3161 5200 3468 5259 subditur:

1860 5301 2118 5361 Cardines
2146 5317 2350 5372 quoque
2388 5298 2557 5354 maris
2594 5295 2818 5368 aperiet.
2870 5294 2892 5328 ³
2952 5291 3110 5362 Quod
3158 5288 3471 5347 faciendum

1855 5392 2080 5466 quidem
2135 5390 2264 5446 Elin
2307 5387 2539 5444 vocibus
2585 5384 2925 5452 audivimus,
2981 5381 3077 5439 sed
3127 5391 3313 5440 actore
3360 5382 3473 5438 Deo

1848 5480 1964 5555 jam
2016 5480 2223 5535 factum
2254 5478 2551 5535 cernimus.
2586 5473 2951 5546 Omnipotens
2993 5473 3140 5529 enim
3199 5470 3473 5529 Dominus

1855 5566 2302 5625 corruscantibus
2322 5565 2567 5621 nubibus
2595 5562 2848 5620 cardines
2877 5562 3045 5618 maris
3074 5561 3312 5634 operuit,
3336 5557 3469 5631 quia

1851 5768 2112 5827 Dominus
2142 5766 2278 5821 inter
2305 5764 2536 5820 homines
2565 5763 2877 5819 artubu-lavit.

1928 5842 1949 5876 ³
1980 5838 2243 5908 Vindoc.,
2274 5836 2473 5894 Pratel.
2507 5842 2561 5891 et
2590 5835 2663 5891 al.
2696 5834 2837 5906 quod
2862 5832 3110 5906 futurum
3126 5828 3355 5903 quidem.
