3920 6378
431 413 526 473 411

1650 411 1900 469 SANCTI
1939 411 2278 470 GREGORII
2314 413 2539 470 MAGNI

3671 415 3776 473 412

429 535 794 596 emicantibus
848 534 1270 608 praedicatorum
1328 537 1647 604 miraculis,
1725 537 1791 592 ad
1867 535 2028 592 ﬁdem
2059 543 2110 602 Α
2138 539 2302 598 corda
2333 549 2517 596 nostra
2547 540 2689 596 male
2738 555 2930 612 jejuna
2975 536 3296 595 satientur?
3352 538 3497 608 Quid
3548 543 3770 616 Paulus,

427 627 592 682 etiam
621 623 886 681 terminos
929 623 1123 680 mundi
1169 625 1448 697 perduxit.
1499 627 1640 682 Ecce
1705 625 1852 680 enim
1902 641 2039 696 pene

426 724 749 774 cunctarum
774 713 890 786 jam
919 714 1164 785 gentium
1195 715 1361 772 corda
1408 717 1757 788 penetravit,
1802 731 1926 771 ecce
1981 715 2040 770 in

427 821 538 861 una
561 805 670 862 ﬁde
699 803 940 860 Orientis
971 804 1202 861 limitem
1245 805 1673 879 Occidentisque
1702 804 1994 878 conjunxit
2019 823 2032 874 ;

426 895 602 950 ecce‘
649 893 839 964 lingua
893 891 1215 960 Britanniae,
1265 909 1385 966 quae
1441 893 1522 949 nil
1579 894 1729 950 aliud
1783 902 2034 962 noverat,

428 1000 593 1057 quam
654 981 949 1040 barbarum
999 981 1288 1050 frendere,
1334 981 1662 1054 jamdudum
1718 983 1774 1038 in
1830 983 2040 1040 divinis

431 1070 689 1129 laudibus
729 1070 1022 1127 Hebrzeum
1070 1070 1238 1144 coepit
1284 1071 1529 1128 Alleluia
1563 1087 1836 1129 resonare.
1897 1074 2040 1129 Ecce

429 1159 706 1234 quondam
734 1159 1003 1228 tumidus,
1030 1158 1144 1232 jam
1176 1159 1489 1218 substratus
1526 1171 1842 1219 sanctorum
1889 1161 2038 1235 pedi-

431 1251 534 1306 bus
562 1249 734 1306 servit
773 1249 1046 1317 Oceanus,
1090 1247 1316 1322 ejusque
1362 1249 1624 1307 harbaros
1669 1261 1870 1320 motus,
1905 1269 2041 1325 quos

433 1339 641 1396 terreni
695 1340 972 1412 principes
1025 1339 1282 1395 edomare
1325 1339 1470 1396 ferro
1518 1342 1899 1414 nequiverant,
1943 1341 2042 1398 hos

430 1445 531 1502 pro
583 1429 776 1486 divina
831 1427 1133 1484 formidine
1189 1427 1534 1485 sacerdotum
1565 1447 1660 1487 ora
1687 1430 2040 1503 simplicibus
2083 1449 2091 1457 ·

431 1518 616 1575 verbis
653 1519 856 1590 ligant;
906 1527 960 1575 et
1007 1518 1102 1592 qui
1131 1527 1378 1575 catervas
1407 1520 1764 1592 pugnantiam
1796 1520 2042 1578 inﬁdelis

431 1625 779 1683 nequaquam
813 1616 1100 1676 metueret,
1146 1607 1261 1681 jam
1309 1625 1458 1664 nunc
1512 1608 1693 1666 ﬁdelis
1739 1609 2038 1664 humilium

433 1699 651 1771 linguas
671 1699 847 1754 timet.
878 1697 1016 1766 Quia
1045 1697 1193 1754 enim
1223 1699 1493 1770 perceptis
1520 1699 1837 1756 ctelestibus
1858 1699 2040 1756 verbis

434 1786 864 1844 clarescentibus
892 1802 1111 1860 quoque
1158 1787 1462 1855 miraculis,
1510 1788 1689 1844 virtus
1736 1788 1785 1845 ei
1834 1788 2040 1844 divinae

433 1875 772 1949 cognitionis
802 1875 1138 1944 infunditur,
1170 1875 1414 1948 ejusdem
1464 1876 1778 1934 divinitatis
1828 1887 2040 1934 terrore

432 1965 765 2033 refrenatur,
786 1973 847 2021 ut
868 1981 1033 2038 prava
1062 1981 1218 2037 agere
1247 1975 1474 2034 metuat,
1507 1982 1570 2023 ac
1589 1967 1723 2022 totis
1751 1965 2050 2022 desideriis

432 2055 502 2112 ad
531 2056 852 2112 aeternitatis
881 2056 1108 2128 gratiam
1160 2056 1450 2128 pervenire
1486 2056 1860 2129 concupiscat.
1895 2055 2049 2112 Unde

432 2144 527 2204 hic
555 2162 774 2220 quoque
801 2146 1198 2204 convenienter
1226 2145 1582 2218 adjungitur:

1046 2270 1276 2328 CAPUT
1296 2270 1419 2326 XII.

503 2360 675 2417 Vens.
709 2359 797 2417 31.
829 2390 900 2402 -
927 2362 1034 2417 Per
1061 2361 1167 2416 huic
1204 2360 1345 2416 enim
1365 2357 1578 2430 judicat
1600 2360 1850 2432 populos,
1882 2366 1928 2414 et
1957 2360 2050 2416 dat

433 2467 572 2506 escas
606 2449 788 2506 multis
817 2449 1152 2506 mortalibus.

501 2538 592 2594 22.
621 2539 727 2594 Per
751 2538 952 2593 eosdem
989 2539 1370 2611 pradicatores
1396 2537 1622 2593 nubibus
1653 2537 1971 2610 designatos,
2003 2546 2050 2594 et

435 2633 614 2682 terror
640 2627 925 2698 inﬂigitur,
954 2634 1003 2682 et
1041 2645 1156 2683 esca
1184 2628 1366 2684 datur.
1398 2657 1470 2669 —
1497 2627 1598 2684 Per
1629 2626 1746 2682 hzec
1780 2628 2045 2686 nimirum

435 2715 603 2771 verba
630 2715 1072 2789 przedicatorum,
1106 2715 1163 2772 id
1192 2725 1273 2772 est
1299 2725 1480 2789 guttas
1509 2717 1766 2788 nubium,
1797 2734 1892 2790 per
1923 2718 2048 2777 liu-c

435 2806 662 2879 fulgura
689 2806 1085 2864 miraculorum
1116 2809 1262 2864 Deus
1292 2809 1523 2880 populos
1539 2807 1774 2880 judicat,
1811 2809 1938 2881 quia
1959 2827 2044 2865 eo-

435 2915 557 2954 rum
588 2898 752 2956 corda
782 2900 972 2956 territa
1001 2899 1070 2956 ad
1101 2901 1482 2974 ptenitentiam
1516 2909 1694 2956 vocat.
1729 2901 1863 2956 Nam
1912 2901 2046 2956 dum

433 3005 669 3062 superna
697 2989 950 3054 audiunt,
987 2989 1120 3045 dum
1169 2990 1308 3048 mira
1361 3007 1525 3064 opera
1562 2989 1879 3058 attendunt,
1914 3007 2046 3046 mox

432 3079 498 3136 ad
519 3079 683 3136 corda
711 3097 810 3136 sua
835 3079 1084 3149 redeunt,
1117 3091 1171 3137 et
1199 3097 1256 3137 se
1280 3080 1348 3138 de
1367 3081 1635 3139 anteactis
1671 3081 2046 3154 pravitatibus

432 3169 755 3243 aﬂligentes,
786 3177 989 3227 aeterna
1031 3179 1305 3228 tormenta
1350 3173 1768 3244 pertimescunt.
1803 3170 1912 3227 Sed
1951 3187 2047 3244 per

2151 631 2285 704 quid
2314 632 2508 686 Joanes
2540 648 2635 704 per
2661 631 2928 702 epistolas
2973 631 3261 702 loquentes
3303 640 3624 702 operantur,
3662 633 3774 690 nisi

2150 731 2212 777 ut
2246 731 2451 777 mentes
2484 729 2688 777 nostrre
2719 721 2966 777 coelestia
3009 720 3275 777 alimenta
3329 723 3663 794 percipiant,
3724 732 3778 780 et

2155 809 2349 867 inedia:
2377 829 2487 867 sum
2518 811 2804 866 fastidium
2834 827 2944 883 quo
2964 808 3346 866 moriebantur
3375 811 3606 868 vincant
3628 812 3656 868 ?
3675 813 3766 869 Di-

2150 910 2306 956 catur
2330 918 2456 972 ergo
2484 920 2494 956 :
2532 901 2589 958 Si
2619 902 2842 956 coluerit
2873 901 3146 956 attendere
3175 901 3335 956 nubes
3393 901 3553 972 quasi
3601 908 3778 958 tento-

2151 992 2291 1046 rium
2323 1009 2498 1058 suum,
2537 999 2585 1047 et
2611 991 2896 1064 fulgurare
2928 993 3122 1048 lumine
3142 1009 3237 1046 suo
3254 993 3502 1063 desuper,
3533 993 3781 1050 cardines

2151 1099 2353 1153 quoque
2382 1083 2548 1139 maris
2578 1085 2791 1154 aperiet.
2830 1085 2935 1140 Per
2958 1084 3062 1138 lure
3100 1084 3234 1137 enim
3261 1082 3484 1153 judieat
3524 1087 3779 1156 populos,

2152 1180 2198 1227 et
2236 1175 2330 1228 dat
2357 1192 2498 1229 escas
2523 1175 2702 1229 multis
2731 1174 3072 1229 mortalibus.
3105 1173 3185 1230 Ac
3221 1173 3262 1228 si
3299 1181 3484 1244 aperte
3524 1172 3777 1232 diceret:

2154 1264 2209 1320 Si
2241 1273 2456 1320 sanctos
2484 1281 2612 1320 suos
2645 1265 2701 1320 in
2732 1263 3104 1320 ministerium
3141 1263 3549 1336 praedicationis
3580 1275 3773 1321 exten-

2153 1352 2236 1408 dit
2267 1369 2567 1426 eorumque
2599 1354 2763 1410 verba
2796 1353 3078 1409 miraculis
3102 1351 3347 1425 adjuvat,
3373 1353 3545 1409 totius
3569 1353 3772 1410 mundi

2154 1443 2360 1498 limites
2391 1443 2459 1498 ad
2485 1443 2649 1499 ﬁdem
2690 1452 2870 1512 vocat,
2905 1460 3002 1516 per
3042 1459 3162 1516 qua».
3193 1453 3246 1499 et
3266 1443 3420 1516 prius
3451 1443 3778 1516 superbien-

2155 1544 2234 1591 tes
2249 1534 2483 1607 judicat,
2518 1536 2538 1570 ²
2569 1544 2624 1592 et
2651 1546 2771 1609 post
2803 1553 2898 1608 per
2940 1535 3170 1592 verbum
3228 1537 3630 1594 consolationis
3672 1555 3776 1594 nu~

2155 1626 2326 1681 triens
2357 1626 2414 1681 in
2445 1643 2538 1698 spe
2567 1627 2809 1682 humiles
2839 1627 3084 1683 roborat.

2227 1715 2367 1790 [νει.
2412 1716 2539 1791 ΙΧ.]
2573 1716 2660 1772 23.
2699 1717 2818 1772 Non.
2863 1717 3106 1772 omnibus
3135 1718 3264 1789 fides
3315 1717 3498 1773 datur.
3555 1746 3629 1759 —
3675 1718 3781 1774 Sed

2153 1822 2281 1863 cum
2317 1822 2466 1862 escas
2495 1805 2624 1861 dare
2654 1805 2982 1862 mortalibus
3015 1806 3251 1874 diceret,
3291 1806 3601 1862 notandum
3633 1807 3783 1880 quod

2078 1911 2124 1972 Β
2156 1912 2266 1950 non
2295 1896 2394 1963 ait,
2444 1895 2725 1964 omnibus,
2760 1895 2856 1952 sed
2887 1897 3101 1964 multis,
3148 1897 3284 1969 quia
3334 1895 3594 1952 tidelicet
3650 1897 3782 1952 scri-

2159 1994 2312 2058 ptum
2345 1995 2426 2041 est
2460 2003 2471 2041 :
2501 1987 2617 2042 Non
2647 1988 2878 2042 omnium
2911 1992 2985 2041 est
3031 1987 3158 2058 ﬁdes
3187 1986 3283 2055 (ΙΙ
3325 1987 3502 2043 Thess.
3553 2003 3642 2053 ιιι,
3697 1987 3781 2060 2).

2159 2079 2228 2133 Et
2259 2075 2589 2150 quibusdam
2620 2077 2827 2133 dicitur
2852 2096 2863 2134 :
2893 2079 3180 2148 Propterea
3195 2095 3286 2132 cos
3304 2093 3412 2131 non
3425 2077 3630 2132 auditis
3649 2078 3781 2149 quia

2159 2186 2223 2224 ex
2243 2169 2351 2224 Deo
2373 2185 2474 2222 non
2509 2169 2628 2222 estis
2660 2170 2848 2239 (Joan.
2881 2187 3006 2238 vm,
3047 2169 3166 2240 47).
3196 2169 3268 2225 Et
3302 2185 3524 2224 rursum
3556 2187 3568 2225 :
3617 2171 3783 2226 Nemo

2153 2264 2322 2330 potest
2343 2258 2521 2312 venire
2549 2257 2619 2312 ad
2649 2276 2748 2328 me,
2775 2259 2881 2312 nisi
2910 2259 3094 2325 Pater,
3124 2259 3217 2329 qui
3243 2258 3388 2313 misit
3415 2276 3516 2328 me,
3548 2261 3784 2315 traxerit

2158 2366 2274 2403 eum
2307 2349 2486 2420 (Joan.
2525 2366 2604 2414 v1,
2636 2347 2751 2421 44).
2785 2349 2856 2405 Εῑ
2886 2365 3110 2405 rursum
3139 2367 3151 2404 :
3184 2348 3344 2406 Novit
3387 2349 3653 2406 Dominus
3690 2353 3784 2422 qui

2157 2443 2282 2492 sunt
2309 2438 2422 2507 ejus
2453 2438 2536 2508 (II
2566 2437 2697 2494 Tim.
2734 2454 2794 2505 ιι,
2831 2437 2943 2508 19).
2979 2437 3133 2495 Unde
3166 2439 3223 2494 in
3255 2439 3371 2511 ipsa
3411 2456 3635 2513 quoque
3661 2457 3781 2497 san-

2156 2535 2243 2584 cta
2268 2527 2512 2584 Ecclesia
2543 2527 2769 2600 plurimi
2800 2527 2964 2584 fidem
2997 2537 3206 2596 tenent,
3225 2538 3278 2585 et
3311 2529 3484 2586 vitam
3511 2529 3646 2587 fidei
3667 2548 3779 2587 non

2159 2626 2362 2684 tenent;
2384 2616 2717 2674 humilitatis
2740 2617 3036 2675 dominicae
3063 2629 3410 2675 sacramenta
3432 2621 3778 2694 percipiunt,

2157 2706 2251 2762 sed
2307 2705 2594 2762 humiliari
2649 2706 2933 2763 dominica
2987 2707 3299 2764 imitatione
3357 2719 3770 2775 contemnunt;

2157 2795 2359 2852 blanda
2389 2795 2569 2851 divini
2599 2796 2810 2868 eloquii
2846 2795 3282 2868 praedicamenta
3337 2800 3776 2869 communicant,

2157 2887 2250 2943 sed
2277 2886 2425 2958 apud
2457 2902 2513 2942 se
2545 2887 2816 2943 immanes
2853 2887 2911 2944 in
2935 2896 3158 2944 tumore
3202 2897 3576 2959 perseverant.
3625 2891 3779 2948 Unde

2157 2979 2248 3036 hic
2273 2995 2510 3052 quoque,
2536 2989 2827 3052 postquam
2860 2996 2955 3052 per
2984 2979 3237 3036 cardines
3269 2981 3436 3036 maris
3465 2997 3702 3053 aggrega
3714 2993 3778 3039 tre

2154 3069 2412 3126 Ecclesia:
2440 3069 2674 3126 latitudo
2702 3069 2915 3142 signata
2937 3080 3039 3139 est,
3071 3080 3194 3144 apte
3224 3069 3585 3145 subjungitur
3613 3090 3626 3128 :

2588 3177 2816 3234 CAPUT
2843 3179 2969 3235 Xlll
2994 3179 3137 3254 [Rea
3185 3178 3334 3254 ΠΙ]¹

432 3257 649 3316 easdem
680 3258 856 3314 nubes
884 3275 980 3330 per
1011 3275 1144 3332 quas
1175 3268 1352 3316 terror
1381 3259 1672 3332 infligitur,
1715 3261 1880 3316 etiam
1923 3276 2045 3316 esca
2077 3275 2122 3336 ο
2226 3270 2398 3324 Vens.
2431 3269 2520 3325 32.
2552 3299 2622 3309 —
2654 3271 2674 3305 τι
2707 3271 3033 3326 [nun-auibus
3061 3271 3333 3326 abscondit
3365 3271 3551 3326 lucem.

434 3347 620 3414 datur,
651 3346 782 3419 quia
810 3362 1005 3418 magna
1035 3347 1456 3418 praedicatorum
1482 3347 1818 3419 dispensatio
1847 3357 1950 3415 est,
1983 3355 2043 3404 ut

434 3436 514 3493 sic
541 3435 718 3492 sciant
765 3433 1202 3506 superbientium
1257 3443 1466 3492 mentes
1495 3435 1757 3509 afﬂigere,
1789 3443 1851 3494 ut
1879 3437 2044 3494 etiam

434 3522 666 3581 atllictas
695 3523 954 3580 noverint
981 3522 1378 3580 consolationis
1407 3524 1628 3598 eloquio
1657 3525 1892 3592 nutrire,
1917 3541 2046 3598 qua-

436 3621 594 3670 tenus
621 3621 676 3668 et
701 3621 1004 3686 .peccantes
1032 3613 1100 3669 de
1129 3614 1348 3671 aeternis
1375 3615 1664 3688 suppliciis
1694 3623 1956 3686 terreant,
1991 3627 2044 3674 et

433 3702 764 3774 ptenitentes
791 3701 860 3760 de
890 3702 1117 3774 superni
1165 3703 1317 3776 regni
1365 3703 1578 3777 gaudiis
1609 3714 1854 3778 pascant.
1890 3705 2042 3762 Unde

433 3791 574 3849 bene
602 3791 717 3864 ipse
747 3796 892 3856 863
917 3793 1344 3866 dispensationis
1398 3795 1534 3852 ordo
1571 3805 1820 3854 servatus
1848 3805 1948 3865 est,
1982 3803 2043 3851 ut

433 3889 684 3946 ordinate
710 3891 840 3948 Elin
868 3891 1073 3951 diceret
1099 3893 1246 3968 quod
1270 3911 1363 3967 per
1393 3895 1493 3951 has
1518 3895 1693 3952 nubes
1723 3895 1878 3968 prius
1893 3893 2040 3967 judi-

433 3987 521 4036 cat
549 3983 802 4054 populos,
834 3991 887 4040 et
913 3984 1263 4056 postmodum
1294 4001 1442 4043 escas
1476 3985 1701 4059 praebet,
1728 3984 1858 4060 quia
1879 3983 2042 4040 nimi-

432 4085 555 4126 rum
584 4071 934 4143 omnipotens
964 4075 1110 4130 Deus
1141 4091 1236 4147 per
1266 4075 1652 4146 praedicatores
1697 4091 1826 4131 suos
1883 4072 2040 4146 prius

433 4176 532 4216 nos
578 4158 645 4216 de
690 4178 859 4234 prava
905 4165 1121 4222 actione
1165 4166 1470 4238 corripiens
1499 4165 1766 4234 concutit,
1798 4173 1852 4221 et
1883 4172 2042 4237 post-

433 4250 659 4308 modum
689 4269 786 4325 per
813 4269 966 4326 spem
995 4254 1287 4312 consolans
1340 4255 1537 4311 nutrit.
1571 4254 1628 4310 Si
1667 4253 1817 4309 enim
1847 4254 2038 4310 divina

433 4347 771 4422 dispensatio
808 4368 904 4423 per
933 4350 1031 4407 has
1061 4351 1235 4408 nubes
1275 4350 1552 4423 judicium
1587 4351 1752 4408 modo
1783 4368 1893 4407 non
1923 4368 2039 4424 age-

433 4447 538 4504 ret,
569 4456 914 4512 nequaquam
944 4439 1152 4496 eisdem
1198 4440 1441 4497 nubibus
1485 4440 1753 4498 dixisset:
1810 4443 2043 4514 Accipite

437 4528 699 4600 Spiritum
726 4536 965 4584 sanctum
981 4548 1003 4595 ;
1031 4547 1258 4602 quorum
1285 4531 1596 4588 remiseritis
1617 4539 1852 4604 peccata,
1870 4534 2045 4588 remit-

2226 3358 2312 3414 24.
2363 3359 2788 3430 Superbientibus
2821 3361 3056 3415 veritatis
3084 3362 3308 3432 cognitio
3357 3361 3670 3432 denegatur.
3706 3393 3774 3404 —-

2155 3448 2426 3504 Immanes
2456 3449 2660 3522 quippe
2699 3459 2846 3516 sunt,
2881 3451 2976 3523 qui
3007 3466 3064 3506 se
3117 3450 3275 3508 elatis
3333 3450 3774 3522 cogitationibus

2153 3540 2449 3596 extollunt.
2479 3540 2628 3608 Quos
2661 3551 2852 3598 contra
2881 3557 2978 3614 per
3034 3542 3231 3598 Isaiam
3277 3541 3524 3599 dicitur:
3565 3543 3652 3601 Va:
3680 3553 3778 3614 qui

2155 3636 2413 3700 sapientes
2447 3630 2566 3684 estis
2598 3630 2652 3684 in
2672 3632 2840 3686 oculis
2870 3631 3080 3697 vestris,
3109 3638 3156 3686 et
3183 3648 3365 3686 coram
3393 3631 3781 3703 nobismetipsis

2147 3714 2432 3786 prudentes
2461 3715 2624 3786 (Isai.
2664 3733 2718 3783 v,
2755 3715 2870 3788 2i).
2913 3716 3062 3783 Quos
3103 3725 3294 3772 contra
3345 3716 3510 3773 etiam
3569 3716 3782 3772 Paulus

2151 3804 2230 3859 ait
2253 3821 2264 3860 :
2299 3805 2474 3859 Nolite
2482 3805 2688 3876 pruden
2699 3812 2768 3861 tes
2787 3823 2894 3860 esse
2912 3807 3058 3876 apud
3079 3808 3433 3878 vosmetipsos.
3451 3809 3636 3876 (Rom.
3664 3823 3776 3874 xu,

2155 3893 2265 3964 16).
2300 3893 2404 3949 Sed
2438 3894 2526 3948 his
2556 3895 2893 3950 immanibus
2925 3895 3024 3950 lux
3045 3895 3426 3964 absconditur,
3450 3895 3581 3968 quia
3603 3895 3777 3952 nimi-

2151 3998 2274 4038 rum
2328 3983 2780 4054 superbientibus
2838 3985 3092 4042 veritatis
3146 3985 3392 4057 cognitio
3446 3985 3774 4057 denegatur.

2151 4070 2306 4128 Unde
2343 4088 2438 4144 per
2469 4074 2820 4145 semetipsum
2853 4075 3070 4130 Veritas
3111 4074 3284 4132 dicit:
3340 4075 3608 4148 Conﬁteor
3657 4076 3776 4140 tibi,

2151 4161 2316 4217 Pater
2344 4164 2568 4221 Domine
2597 4163 2711 4218 creti
2739 4170 2784 4218 et
2818 4170 2994 4233 terra’,
3028 4167 3049 4200 ⁴
3079 4165 3208 4236 quia
3236 4165 3557 4220 abscondisti
3605 4165 3720 4219 haec
3745 4185 3776 4218 ιι

2150 4251 2472 4321 sapientibus
2527 4259 2576 4306 et
2616 4253 2985 4324 prudentibus,
3021 4261 3070 4310 et
3118 4255 3366 4311 revelasti
3418 4272 3479 4310 ea
3520 4254 3776 4324 parvulis

2154 4338 2366 4410 (Matth.
2396 4357 2475 4409 ιιι,
2509 4342 2597 4412 25)
2625 4359 2636 4396 :
2671 4342 2946 4414 sapientes
2976 4354 3026 4401 et
3063 4345 3363 4418 prudentes
3394 4343 3663 4400 videlicet
3687 4360 3776 4398 su-

2151 4429 2463 4500 perbientes
2502 4444 2724 4485 vocans.
2761 4431 2868 4498 Qui
2899 4431 3045 4486 enim
3078 4449 3190 4488 non
3221 4431 3549 4504 subjunxit:
3598 4431 3776 4487 Reve-

2153 4519 2277 4574 lasti
2304 4536 2366 4574 ea
2403 4519 2610 4588 stultis,
2645 4519 2738 4575 sed
2769 4521 3038 4592 parvulis,
3071 4528 3345 4578 tumorem
3379 4538 3438 4578 se
3477 4522 3772 4578 damnasse

436 4624 621 4672 tuntur
645 4619 761 4685 eis;
789 4625 838 4675 et
863 4636 1092 4690 quorum
1111 4621 1459 4689 retinueritis,
1491 4629 1690 4678 retenta.
1703 4628 1828 4677 sunt
1847 4624 1874 4695 (
1877 4625 2035 4680 Joau.
2071 4647 2118 4705 Β
2155 4608 2422 4677 imminit,
2454 4626 2566 4665 ηοη
2595 4626 2848 4665 acumeﬂ-
2882 4610 3037 4668 Πηίίθ
3061 4618 3114 4666 εἴ
3145 4612 3282 4668 alia-5
3309 4611 3516 4668 dieitur
3541 4628 3553 4666 ε
3584 4611 3768 4668 σείετο·

435 4726 532 4778 xx,
567 4709 684 4782 22).
713 4711 786 4767 Et
829 4726 1070 4780 rursum,
1111 4711 1156 4768 si
1187 4729 1284 4785 per
1311 4729 1400 4770 eas
1439 4711 1630 4786 jejuna
1658 4723 1845 4770 nostra
1873 4715 2038 4770 corda

433 4815 544 4854 non
598 4809 862 4873 pasceret,
904 4817 1248 4875 nequaquam
1295 4801 1364 4868 de
1411 4802 1780 4859 esurientibus
1827 4805 2044 4876 populis

431 4889 722 4963 discipulis
749 4891 1020 4947 Dominus
1050 4891 1256 4948 diceret
1281 4909 1291 4946 :
1322 4892 1457 4947 Date
1480 4892 1588 4948 illis
1607 4910 1693 4947 vos
1724 4893 2044 4948 manducare

435 4983 644 5055 (Matth.
677 5001 797 5053 xiv,
831 4983 942 5058 16).
976 4983 1134 5052 Quod
1163 4984 1243 5041 sic
1275 4990 1411 5039 tunc
1435 4999 1626 5038 eorum
1677 4984 1934 5040 manibus
1963 4983 2037 5038 fa-

431 5079 578 5131 ctum
609 5075 910 5143 credimus,
942 5081 1004 5130 ut
1031 5073 1139 5132 hoc
1168 5089 1360 5130 eorum
1409 5072 1595 5128 verbis
1639 5073 1887 5146 quotidie
1919 5073 2038 5128 ﬁeri

431 5163 548 5219 sine
577 5166 879 5222 cessatione
911 5164 1220 5222 videamus.
1279 5163 1423 5232 Quid
1479 5162 1628 5218 enim
1685 5164 1796 5235 agit
1827 5164 2040 5230 Petrus,

431 5268 558 5308 cum
588 5270 682 5327 per
735 5254 996 5327 epistolas
1023 5254 1293 5328 loquitur,
1356 5253 1464 5310 nisi
1520 5261 1582 5309 ut
1631 5253 1786 5309 verbi
1840 5252 2042 5326 pabulo

509 5480 523 5513 ¹
557 5479 684 5536 Haec
711 5479 906 5554 addita
922 5489 1051 5554 sunt
1079 5481 1177 5536 diu
1207 5487 1329 5551 post
1359 5483 1608 5554 vulgatos
1643 5479 1934 5554 Moralium
1975 5481 2037 5536 li-

345 5589 350 5594 -
433 5550 583 5615 bros,
612 5567 738 5624 cum
769 5552 932 5623 Angli
961 5552 1030 5624 de
1063 5550 1299 5624 quorum
1329 5550 1690 5610 conversione
1723 5552 2033 5624 hicagitur,

435 5621 682 5696 nonnisi
707 5621 1000 5696 transactis
1033 5621 1287 5696 plurimis
1313 5625 1635 5695 Gregoriaui
1683 5621 2036 5696 pontiﬁcatus

433 5693 611 5768 annis,
647 5692 811 5748 ﬁdem
863 5692 1233 5768 Christianam
1279 5692 2036 5768 receperint._Ca3terum_de

435 5764 738 5839 Anglorum
767 5767 1126 5839 conversione
1147 5767 1371 5822 consule
1394 5764 1693 5839 praesertim
1711 5765 1872 5838 epist.
1897 5766 2032 5821 olim

433 5845 500 5900 30
533 5837 659 5893 libri
695 5854 794 5903 v11,
827 5838 942 5892 ind.
975 5840 1024 5892 1.

507 5908 527 5942 ⁵
554 5909 842 5965 Omittitur
867 5927 966 5980 per
994 5909 1051 5962 in
1103 5909 1374 5962 Gussanv.

2145 4699 2293 4754 diens
2302 4701 2560 4771 parvulos
2579 4700 2834 4756 Dominus
2857 4701 3030 4770 (Psal.
3051 4718 3196 4769 cxrv,
3216 4702 3486 4775 6).Atqne
3503 4709 3565 4758 ut
3586 4709 3769 4757 osten-

2153 4789 2313 4845 datur
2334 4789 2452 4846 hazc
2471 4789 2661 4844 eadem
2683 4790 2928 4861 parvitas
2959 4791 3095 4864 quid
3118 4799 3368 4860 vocatur,
3397 4789 3727 4864 adjungitur
3753 4806 3765 4842 :

2153 4879 2482 4936 Humiliatus
2510 4897 2646 4947 sum,
2669 4887 2717 4935 et
2747 4881 2991 4936 liberavit
3009 4899 3085 4937 me
3123 4882 3152 4951 (
3183 4881 3322 4937 Ibid.
3361 4881 3379 4952 )
3409 4924 3423 4948 ,
3453 4881 3596 4948 Quia
3640 4895 3767 4951 ergo

2152 4977 2282 5030 sunt
2310 4969 2472 5026 multi
2504 4969 2560 5024 in
2591 4969 2856 5038 Ecclesia,
2887 4971 2981 5044 qui
3015 4975 3163 5033 864
3190 4970 3410 5042 parvuli
3439 4985 3556 5027 esse
3586 4969 3766 5042 despi-

2153 5066 2328 5136 ciunt,
2361 5067 2528 5124 etiam
2559 5067 2616 5124 in
2639 5067 2976 5124 humilitatis
3027 5069 3149 5126 loco
3204 5068 3472 5124 immanes
3520 5064 3670 5138 apud
3711 5080 3766 5119 se

2153 5173 2268 5213 esse
2299 5157 2530 5214 minime
2559 5157 2854 5214 desistunt.
2889 5157 3002 5232 llos
3031 5159 3358 5232 plerumque
3377 5156 3566 5213 videas
3593 5155 3764 5212 hono-

2155 5248 2309 5306 ribus
2338 5249 2556 5314 extolli,
2588 5249 2968 5320 voluptatibus
2995 5249 3228 5322 perfrui,
3260 5265 3446 5305 rerum
3496 5245 3762 5320 multipli-

2222 5481 2242 5513 ³
2284 5479 2372 5535 Sic
2402 5478 2533 5549 legit
2588 5477 2904 5549 Gregorius,
2964 5495 3090 5534 cum
3149 5479 3205 5534 in
3259 5480 3414 5534 fonte
3467 5478 3756 5549 Hebraico,

2148 5550 2380 5622 Vulgata
2409 5547 2610 5606 et'aliis
2642 5547 2990 5622 versionibus
3023 5550 3230 5622 legatur
3261 5549 3314 5603 in
3347 5551 3609 5622 manibus,
3669 5547 3756 5602 vel

2147 5621 2279 5693 quid
2301 5621 2517 5676 simile:
2545 5639 2599 5676 v.
2658 5639 2732 5692 g.,
2768 5621 2820 5674 in.
2847 5621 3093 5692 palmis,’
3125 5623 3182 5676 in
3210 5623 3368 5686 votis,
3400 5621 3754 5693 scilicetgma'

2145 5689 2317 5747 riuum
2375 5702 2489 5760 aut,
2536 5709 2632 5763 per
2662 5689 3082 5763 metaphoram,
3141 5693 3412 5757 nubium;
3457 5708 3572 5747 vox
3607 5689 3752 5763 ‘Heb.

2143 5765 2441 5837 chappaim,
2473 5761 2744 5837 signiﬁcat
2773 5761 2990 5835 proprie
3021 5781 3228 5837 manus.
3284 5763 3559 5820 Vitiosam
3607 5761 3751 5817 hanc

2141 5835 2315 5893 sancti
2349 5836 2594 5907 Gregorii
2627 5837 2916 5908 lectionem
2947 5835 3195 5908 sequitur
3223 5836 3498 5906 Lyranus.

2224 5912 2239 5943 -"
2270 5908 2490 5975 l’ratel.,
2524 5909 2614 5978 qui
2645 5907 2985 5962 abscondisti.
