3920 6374
120 411 210 469 413

842 410 1214 469 MORALIUM
1254 412 1387 473 LIB.
1430 413 1660 476 XXVII.
1702 443 1772 462 -
1810 417 1880 474 IN
1919 418 2146 475 CAPUT
2184 419 2426 476 XXXVI
2465 420 2527 475 B.
2571 421 2713 478 IOB.

3330 428 3437 485 414

120 540 272 596 citate
301 536 550 594 dilatari.
582 535 653 592 Hi
681 552 823 609 saepe
841 537 920 593 nil
942 538 1214 610 praecipue
1242 540 1351 596 nisi
1372 556 1600 612 praeesse
1620 560 1717 599 cae-
1747 546 1797 607 Α
1827 543 2123 617 pascendos
2144 546 2165 580 ⁵
2216 544 2385 600 variis
2428 543 2719 600 desideriis
2758 545 3164 608 irrationabiles
3220 552 3443 608 animi—

122 630 240 686 teris
279 635 570 699 appetunt,
610 644 642 683 a
677 628 868 683 multis
902 628 1084 684 timeri
1138 631 1482 701 gratulantur
1513 653 1526 697 -,
1574 641 1717 688 recte

122 719 293 775 vivere
322 719 631 791 negligunt,
664 724 719 773 et
757 726 918 774 rectae
949 718 1077 775 vitae
1104 719 1305 776 famam
1340 721 1541 777 habere
1573 738 1720 779 con-

121 809 399 881 cupiscunt
443 825 457 872 ;
508 806 853 863 adulationes
897 818 1171 880 quaerunt,
1225 809 1510 866 favoribus
1560 810 1720 867 intu-

123 903 378 955 mescunt.
407 897 483 953 Et
510 897 641 970 quia
682 897 740 952 in
771 897 935 954 rebus
960 897 1067 954 sibi
1106 899 1326 971 copiose
1354 900 1720 972 praesentibus

124 986 346 1060 prompti
362 994 517 1054 sunt,
541 995 773 1042 ventura
789 986 988 1058 gaudia
1003 1004 1114 1043 non
1136 989 1450 1061 requirunt.
1471 988 1721 1063 Cumque

123 1094 205 1136 eos
227 1076 526 1149 multiplex
555 1076 700 1134 actio
730 1084 980 1149 occupat,
1005 1077 1169 1134 etiam
1199 1095 1231 1134 a
1260 1080 1569 1151 semetipsis
1593 1080 1721 1136 alie-

123 1184 213 1224 nos
239 1166 601 1223 demonstrat.
637 1164 776 1240 [Vet.
796 1166 893 1242 X.]
925 1169 997 1223 Et
1027 1175 1211 1225 tamen
1243 1169 1289 1224 si
1317 1186 1424 1242 qua
1452 1168 1581 1226 ﬁdei
1607 1178 1720 1225 ten-

124 1256 248 1313 tatio
273 1264 556 1328 exsurgat,
579 1256 711 1329 quia
739 1256 797 1312 in
841 1273 905 1313 ea
947 1258 1141 1313 saltem
1175 1259 1353 1330 specie
1391 1268 1548 1315 tenus
1578 1275 1723 1314 con-

128 1348 381 1415 tinentur,
417 1345 566 1404 hanc
591 1347 795 1416 verbis,
832 1347 973 1405 hanc
1002 1348 1286 1405 laboribus
1311 1348 1636 1418 defendunt,
1669 1358 1722 1405 et

125 1436 345 1509 patriam
378 1436 659 1493 caalestem
690 1435 999 1505 vindicant,
1032 1453 1133 1493 nec
1160 1445 1345 1494 tamen
1370 1448 1576 1495 amant.

188 1554 271 1610 25.
304 1552 465 1609 Multi
502 1568 608 1625 pro
638 1554 1071 1625 repromissionis
1103 1562 1245 1611 terra
1271 1562 1534 1628 pugnant,
1565 1573 1725 1627 quam

130 1644 325 1699 minime
382 1649 558 1699 tamen
614 1644 861 1716 diligunt.
920 1647 1241 1718 Exemplum
1300 1648 1621 1703 Gaditarum
1680 1652 1727 1701 et

130 1734 520 1791 Rubenitarum.
542 1764 616 1777 —
634 1735 781 1803 Quos
811 1734 951 1791 bene
978 1735 1123 1807 apud
1148 1736 1375 1809 Moysen
1404 1736 1506 1792 ﬁlii
1533 1736 1726 1793 Ruben

131 1831 179 1879 et
204 1822 339 1889 Gad,
370 1830 425 1880 et
467 1822 710 1881 dimidia
744 1824 925 1880 tribus
968 1825 1213 1883 Manasse
1257 1825 1597 1897 exprimunt,
1631 1823 1727 1897 qui

1832 645 2013 693 motus
2032 635 2338 704 elaborant,
2360 636 2491 709 quia
2520 642 2738 692 aeternae
2770 636 2910 693 lucis
2940 650 3143 711 quanta
3174 643 3245 697 sit
3273 642 3444 699 clari-

1832 734 1913 781 tas
1964 726 2217 782 nesciunt
2246 726 2341 798 qui
2392 725 2723 781 transitoriis
2769 728 3226 797 occupationibus
3252 731 3443 787 obcae-

1830 825 2051 884 cantur;
2082 825 2136 873 et
2170 816 2302 873 dum
2332 816 2399 872 de
2425 816 2658 875 terrenis
2688 815 2850 871 rebus
2879 816 3227 887 superbiunt,
3260 820 3435 875 coele-

1832 907 1932 962 stis
1960 906 2066 962 sibi
2096 906 2326 962 luminis
2340 906 2552 962 aditum
2585 911 2730 969 865
2750 905 3037 962 claudunt.

1907 1002 2044 1077 [Vet.
2080 1004 2206 1077 XL]
2247 1003 2402 1059 Unde
2446 1011 2589 1059 recte
2647 1019 2797 1059 nunc
2834 1003 3041 1060 dicitur
3074 1020 3084 1058 :
3118 1003 3446 1060 Immanibus

1833 1094 2102 1150 abscondit
2134 1095 2314 1149 lucem.
2348 1092 2453 1148 Sed
2483 1101 2666 1149 tamen
2701 1093 2998 1167 aliquando
3030 1093 3129 1149 hos
3176 1092 3446 1151 immanes

1836 1201 2069 1259 superna
2098 1184 2270 1257 gratia
2299 1185 2544 1256 respicit,
2575 1192 2737 1258 atque
2768 1185 2903 1257 ipsis
2932 1200 3114 1241 rerum
3146 1184 3446 1241 abundan-

1834 1280 1976 1335 tium
2008 1278 2460 1349 orcupationibus
2480 1276 2698 1349 aﬁligit,
2728 1294 3030 1351 eorumque
3051 1278 3446 1351 prosperitati-

1835 1372 1937 1427 bus
1964 1370 2219 1427 adversas
2248 1370 2494 1442 quidem,
2518 1370 2613 1425 sed
2639 1370 2806 1426 utiles
2844 1370 3235 1425 tribulationes
3261 1371 3447 1425 inter-

1836 1460 1989 1529 serit,
2021 1468 2083 1516 ut
2111 1458 2419 1516 contristati
2449 1458 2517 1515 ad
2548 1475 2643 1515 cor
2663 1460 2907 1527 redeant,
2926 1458 3164 1531 atquein
3185 1458 3445 1530 perituris

1837 1552 2000 1607 rebus
2041 1566 2205 1623 quam
2255 1549 2494 1605 inaniter
2535 1558 2872 1620 occupentur
2926 1555 3246 1620 agnoscant.
3281 1547 3437 1603 Unde

1839 1641 1932 1697 hic
1962 1656 2176 1713 quoque
2195 1647 2480 1713 postquam
2513 1639 2791 1696 subtracta
2807 1638 2904 1694 lux
2924 1637 3151 1706 dicitur,
3182 1644 3305 1709 apte
3320 1636 3447 1693 sub-

1833 1731 2088 1805 jungitur
2120 1748 2133 1786 :

2434 1817 2662 1875 CAPUT
2695 1816 2848 1873 XIV.

135 1913 297 1969 multa
323 1929 526 1987 pecora
547 1922 600 1971 et
622 1913 878 1987 jumenta
898 1914 1261 1988 possidentes,
1285 1913 1416 1969 dum
1440 1922 1597 1969 extra
1617 1912 1732 1968 Ior-
1761 1915 1808 1975 B
1907 1914 2047 1969 ΙΒιι).
2079 1940 2150 1952 -—
2178 1911 2251 1967 Et
2267 1908 2513 1982 pracipit
2541 1908 2588 1963 ei
2616 1913 2677 1962 ut
2702 1922 2898 1961 rursus
2933 1905 3203 1961 adveniat.

134 2000 313 2058 danem
364 2017 428 2058 ea
475 2019 601 2076 quae
647 2003 904 2061 viderant
942 2004 1271 2076 campestria
1311 2004 1731 2076 concupiscunt,

133 2092 183 2147 in
217 2091 670 2164 repromissionis
700 2100 846 2151 terra
889 2092 1268 2150 haereditatem
1300 2093 1504 2149 habere
1531 2092 1736 2148 nolue-

131 2189 262 2249 runt,
308 2180 569 2238 dicentes
605 2199 617 2238 :
656 2185 825 2238 Terra
872 2201 1033 2255 quam
1069 2183 1333 2255 percussit
1376 2182 1635 2238 Dominus
1679 2180 1737 2235 in

131 2278 380 2343 conspectu
437 2273 689 2345 filiorum
719 2273 914 2341 Israel,
948 2274 965 2307 ¹
996 2273 1229 2344 regionis
1258 2272 1539 2328 uberrimae
1566 2277 1641 2327 est
1668 2271 1737 2327 ad

129 2367 319 2433 pastum
348 2362 685 2417 animalium
715 2380 736 2428 ;
773 2368 822 2419 et
839 2379 935 2419 nos
954 2364 1095 2417 servi
1128 2363 1205 2417 tui
1233 2363 1482 2418 habemus
1496 2362 1740 2432 jumenta

129 2451 347 2523 plurima
389 2468 809 2524 precamurque,
840 2452 888 2507 si
925 2452 1218 2507 invenimus
1247 2452 1271 2488 ³
1300 2453 1532 2523 gratiam
1561 2466 1740 2505 coram

136 2545 189 2606 te,
215 2546 270 2595 ut
293 2539 381 2595 des
410 2541 574 2596 nobis
607 2540 831 2612 famulis
863 2540 967 2596 tuis
996 2557 1111 2597 eam
1139 2541 1196 2595 in
1219 2541 1619 2613 possessionem,
1650 2556 1740 2593 nec

138 2629 288 2699 facias
305 2647 401 2686 nos
424 2631 669 2687 transire
697 2631 987 2688 Iordanem
1019 2631 1202 2702 (Num.
1227 2648 1409 2699 xxxn,
1441 2630 1494 2700 li,
1520 2632 1599 2703 5).
1631 2629 1736 2697 Qui

141 2719 289 2792 igitur
309 2719 579 2793 jumenta
598 2722 840 2794 plurima
860 2721 1161 2793 possident,
1183 2721 1475 2778 Iordanem
1507 2720 1741 2777 transire

143 2810 423 2883 refugiunt,
459 2811 603 2883 quia
626 2827 764 2882 quos
790 2812 966 2867 multa
992 2810 1185 2866 mundi
1218 2811 1632 2882 implicamenta
1654 2827 1739 2866 oc-

138 2909 335 2971 cupant,
371 2899 787 2955 habitationem
817 2899 1054 2955 caelestis
1076 2899 1265 2971 patria:
1285 2916 1397 2955 non
1426 2901 1737 2972 requirunt.

142 2987 235 3045 Sed
259 2990 375 3063 ipsa
402 3006 510 3047 eos
541 3003 704 3061 quam
734 2988 913 3060 specie
955 2994 1118 3043 tenus
1143 2995 1353 3057 tenent,
1385 2987 1521 3044 ﬁdes
1552 2987 1744 3044 incre-

144 3087 241 3150 pat,
270 3095 336 3135 ne
364 3078 475 3136 otii
524 3076 889 3134 delectatione
926 3086 1260 3151 torpescent,
1294 3086 1455 3152 atque
1485 3079 1741 3149 exemplo

148 3183 233 3223 suo
261 3168 395 3223 alios
424 3185 456 3224 a
500 3165 706 3223 laboris
748 3167 1057 3234 tolerantia,
1090 3176 1144 3224 et
1173 3168 1357 3224 studio
1398 3168 1743 3240 longanimi-

1916 2003 2004 2059 26.
2049 2001 2293 2060 Veritatis
2325 2001 2515 2066 lumen,
2540 1997 2679 2069 quod
2703 1996 2855 2052 elatis
2875 1996 3241 2068 occupatisque
3267 1995 3450 2049 menti-

1847 2074 1961 2149 bus.
1984 2092 2344 2159 absconditur,
2398 2089 2604 2162 afflictis
2632 2093 2680 2142 et
2723 2086 3022 2141 humiliatis
3062 2085 3349 2140 revelatur.
3374 2095 3453 2126 '—

1846 2183 1986 2251 Quia
2019 2181 2268 2237 veritatis
2298 2181 2508 2247 lumen,
2535 2177 2682 2250 quod
2705 2176 2863 2232 elatis
2891 2174 3280 2247 occupatisque
3302 2189 3451 2228 men-

1846 2275 1997 2331 tibus
2024 2272 2403 2339 absconditur,
2454 2269 2671 2325 aﬁlictis
2700 2266 3125 2337 humiliatisque
3155 2264 3454 2319 revelatur-

1846 2366 1961 2421 Lex
1991 2363 2192 2437 quippe
2220 2361 2605 2428 advenit,cum
2623 2359 2830 2415 aﬂlicta
2859 2375 3019 2415 mens
3052 2358 3196 2431 ipsas
3225 2372 3361 2429 quas
3389 2354 3457 2411 de

1849 2453 2109 2529 perituris
2138 2452 2301 2509 rebus
2329 2450 2756 2506 tribulationum
2790 2447 3049 2504 tenebras
3077 2447 3276 2502 tolerat
3293 2460 3457 2517 agno»

1849 2545 1974 2610 scit,
2005 2542 2135 2617 quia
2150 2541 2257 2597 nisi
2289 2538 2501 2613 aliquid
2526 2554 2596 2594 ex
2618 2538 2829 2593 lumine
2861 2537 3092 2592 interno
3130 2535 3455 2608 perciperet,

1849 2652 1949 2692 nec
1967 2635 2073 2690 hoc
2102 2634 2281 2705 ipsum
2312 2630 2441 2705 quia
2472 2630 2660 2686 lumen
2691 2627 3004 2701 perdiderat
3032 2625 3266 2681 videret.
3299 2622 3458 2691 Quod

1850 2723 2086 2793 intelligi
2117 2722 2427 2794 specialiter
2455 2720 2619 2775 etiam
2657 2718 2724 2774 de
2766 2718 2969 2773 Iudaeis
2999 2721 3199 2789 potest,
3231 2713 3324 2787 qui
3366 2712 3458 2767 id-

1851 2813 1998 2869 circo
2028 2810 2381 2881 Redemptori
2411 2817 2602 2865 nostro
2632 2808 2690 2865 in
2711 2824 2875 2865 carne
2906 2805 3155 2862 venienti
3184 2801 3455 2860 contradi.

1852 2918 1972 2958 cere
2000 2900 2117 2955 ausi
2148 2906 2296 2966 sunt,
2320 2899 2451 2970 quia
2479 2897 2623 2969 apud
2654 2897 2976 2967 semetipsos
3008 2894 3276 2949 immanes
3296 2893 3461 2948 exsti-

1853 2998 2057 3048 terunt.
2086 2988 2191 3045 Sed
2218 2987 2304 3043 his
2322 2987 2659 3043 immanibus
2690 2987 2786 3041 lux
2802 2984 3073 3059 absconsa
3098 2989 3202 3050 est,
3226 2982 3357 3053 quia
3374 2997 3460 3036 su-

1854 3081 2009 3157 perbi
2041 3081 2227 3136 lumen
2247 3078 2497 3133 veritatis
2520 3078 2652 3133 dum
2674 3082 3103 3148 persequuntur,
3136 3072 3458 3128 amiserunt.

1853 3176 1956 3233 Sed
1979 3176 2107 3248 quia
2139 3174 2194 3229 in
2231 3172 2339 3228 ﬁne
2372 3170 2563 3227 mundi
2587 3170 2653 3227 ad
2675 3169 2839 3226 ﬁdem
2862 3166 3165 3240 recipiendi
3200 3172 3352 3233 sunt,
3383 3180 3462 3220 re-

147 3256 260 3313 latis
286 3256 571 3327 frangant.
613 3254 770 3312 Unde
799 3255 877 3312 eis
917 3272 1013 3328 per
1040 3256 1268 3330 Moysen
1307 3256 1513 3314 dicitur
1549 3275 1560 3313 :
1595 3257 1742 3313 Nun-

1858 3276 1943 3325 cte
1973 3264 2326 3337 subjungitur
2359 3280 2370 3318 :
2405 3263 2476 3318 Et
2501 3261 2744 3334 prtecipit
2776 3260 2824 3315 ei
2868 3266 2925 3314 ut
2972 3275 3167 3314 rursus
3196 3256 3463 3323 adveniat,

140 3346 253 3416 quid
279 3345 489 3417 fratres
519 3346 680 3400 vestri
709 3345 860 3401 ibunt
879 3347 950 3402 ad
964 3364 1220 3420 pugnam,
1252 3354 1299 3403 et
1328 3366 1417 3403 vos
1437 3348 1519 3402 hic
1557 3347 1747 3401 sedebi-

144 3435 225 3492 tis?
248 3438 355 3493 Cur
368 3436 681 3491 subvertitis
698 3437 719 3471 ³
742 3443 932 3492 mentes
947 3437 1184 3509 ﬁliorum
1204 3438 1377 3494 Israel
1396 3436 1747 3508 (Ibid.,6,7)?

144 3522 236 3580 Sed
262 3524 387 3599 quia
404 3524 754 3581 erubescunt
779 3542 891 3581 non
912 3526 1204 3583 defendere
1223 3527 1371 3601 quod
1391 3526 1744 3594 conﬁtentur,

145 3630 230 3685 pro
252 3614 437 3671 eadem
479 3613 588 3671 ﬁde
617 3631 782 3688 quam
806 3614 1039 3687 professi
1055 3623 1205 3683 sunt,
1229 3615 1299 3672 ad
1328 3624 1606 3673 certamen
1623 3631 1747 3686 prn-

149 3712 341 3775 perant,
377 3720 623 3778 eamque
652 3721 765 3760 non
808 3704 935 3773 sibi,
985 3704 1081 3761 sed
1125 3706 1396 3778 proximis
1438 3704 1745 3761 vindicant.

148 3793 284 3851 Unde
308 3803 361 3852 et
388 3795 459 3852 ad
498 3795 727 3867 Moysen
756 3793 953 3850 dicunt
983 3811 994 3849 :
1031 3794 1236 3850 Caulas
1255 3795 1433 3849 ovium
1462 3794 1750 3865 fabricabi-

150 3897 269 3951 mus,
289 3890 336 3939 et
350 3885 574 3941 stabula
593 3883 982 3953 jumentorum,
1006 3884 1355 3955 parvulisque
1381 3884 1579 3939 nostris
1600 3885 1753 3939 urbes

150 3973 363 4030 munitas
389 3992 408 4039 ;
436 3989 545 4029 nos
563 3980 737 4028 autem
756 3973 1072 4045 ipsiarmati
1091 3980 1139 4028 et
1157 3975 1374 4029 accincti
1390 3992 1663 4047 pergemus
1682 3975 1754 4029 ad

153 4064 385 4131 pretium
404 4069 530 4119 ante
544 4063 685 4134 ﬁlios
702 4064 873 4119 Israel
892 4063 1052 4133 (Ibid.
1064 4061 1293 4136 ,16,17).
1313 4064 1418 4132 Qui
1437 4081 1565 4119 mox
1588 4064 1755 4120 fortes

158 4165 247 4220 pro
270 4152 393 4208 aliis
421 4150 681 4219 veniunt,
712 4161 765 4208 et
796 4152 1240 4224 repromissionis
1272 4162 1471 4209 terram
1501 4152 1569 4209 ab
1588 4153 1755 4209 hosti-

157 4236 251 4295 bus
283 4240 541 4309 liberant,
572 4248 627 4296 et
657 4241 980 4314 relinquunt
1008 4260 1021 4309 ;
1065 4252 1228 4315 atque
1258 4242 1327 4299 ad
1357 4241 1628 4315 pascenda
1659 4259 1750 4297 ar-

166 4337 336 4387 menta
365 4319 527 4389 extra
551 4330 844 4388 Iordanem
875 4332 1125 4388 redeunt.
1150 4332 1311 4389 Multi
1342 4332 1542 4407 quippe
1570 4349 1758 4405 quam-

159 4418 235 4475 vis
252 4419 455 4489 ﬁdeles,
476 4420 629 4479 curis
650 4421 1014 4493 praesentibus
1035 4421 1308 4495 occupati,
1335 4422 1491 4496 quasi
1512 4431 1758 4479 armenta

161 4516 305 4565 extra
347 4510 642 4567 Iordanem
686 4518 937 4582 pascunt,
975 4511 995 4545 ⁴
1026 4511 1157 4584 quia
1206 4520 1397 4567 contra
1442 4512 1605 4568 ﬁdem
1652 4512 1759 4568 ba-

161 4597 421 4668 ptismatis
450 4607 570 4657 tota
600 4609 783 4658 mente
816 4601 1078 4674 omnique
1107 4601 1384 4657 desiderio
1409 4602 1575 4658 rebus
1604 4601 1759 4674 peri-

1857 3357 2011 3414 Unde
2028 3355 2192 3411 etiam
2224 3369 2319 3425 per
2378 3352 2573 3408 Isaiam
2622 3349 2874 3406 dicitur:
2912 3350 2969 3405 Si
3023 3348 3190 3417 fuerit
3218 3361 3469 3401 numerus

1858 3448 2091 3519 ﬁliorum
2116 3445 2286 3501 Israel
2314 3441 2469 3514 quasi
2496 3458 2661 3495 arena
2682 3439 2874 3504 maris,
2908 3438 3146 3509 reliquias
3160 3438 3323 3492 salva:
3344 3436 3469 3508 ﬁent

1862 3536 2017 3607 (Isai.
2052 3550 2110 3602 x,
2138 3533 2253 3605 22).
2287 3532 2441 3587 Tunc
2470 3530 2672 3603 quippe
2692 3527 2760 3584 ad
2775 3544 2867 3584 eos
2886 3527 2983 3583 lux
3006 3526 3321 3592 revertitur,
3338 3541 3466 3583 cum

1860 3626 1964 3699 ipsi
2000 3623 2067 3681 ad
2095 3621 2466 3680 conﬁtendam
2500 3618 2887 3691 Redemptoris
2943 3616 3117 3673 nostri
3161 3613 3466 3687 potentiam

1862 3718 1883 3751 ⁸
1913 3721 2289 3771 revertuntur.

1931 3803 2020 3859 27.
2057 3803 2220 3867 Deus,
2251 3806 2309 3855 ut
2328 3802 2461 3865 vult,
2487 3801 2659 3857 lumen
2689 3803 2783 3854 aut
2810 3794 3103 3862 abscondit,
3134 3800 3230 3851 aut
3249 3795 3465 3849 revelat.

1861 3893 2006 3950 —Si
2036 3902 2219 3948 autem
2266 3892 2323 3945 in
2377 3890 2641 3957 manibus,
2688 3904 3034 3961 nequaquam
3066 3903 3162 3959 per
3216 3886 3465 3942 dativum

1863 3999 2050 4039 casum
2080 3998 2254 4037 unum
2286 3995 2510 4045 nomen,
2542 3977 2636 4033 sed
2667 3977 2803 4033 duas
2822 3984 3001 4049 partes
3031 3975 3297 4031 orationis
3327 3974 3468 4030 acci-

1865 4072 2079 4145 pimus;
2114 4077 2291 4143 potest
2320 4067 2717 4140 intelligi,quia
2739 4068 2796 4121 in
2830 4065 3085 4121 manibus
3113 4064 3211 4119 lux
3240 4062 3466 4120 abscon-

1865 4161 2038 4229 ditur,
2070 4176 2195 4215 cum
2229 4157 2373 4230 apud
2422 4165 2634 4213 rectum
2660 4155 2904 4227 jndicem
2965 4154 3145 4227 iniqui
3176 4154 3380 4228 quique
3411 4153 3470 4209 in

1867 4252 1980 4308 suis
2009 4249 2267 4323 operibus
2314 4257 2607 4305 cacantur.
2642 4247 2743 4305 Cui
2798 4255 2983 4302 tamen
3029 4246 3351 4319 praecipitur
3410 4253 3472 4302 ut

1868 4357 2059 4396 rursus
2089 4339 2367 4406 adveniat,
2387 4338 2513 4412 quia
2545 4337 2677 4394 dum
2702 4344 3015 4411 peccatores
3042 4351 3098 4391 se
3120 4336 3237 4391 suis
3256 4333 3471 4392 viribus

1868 4430 2067 4487 salvari
2119 4445 2230 4485 non
2262 4445 2417 4501 posse
2464 4427 2847 4500 cognoverint,
2880 4426 3065 4499 gratim
3096 4426 3283 4482 lumen
3314 4424 3471 4482 acci-

1868 4522 2049 4595 piunt,
2081 4528 2135 4577 et
2156 4518 2511 4593 protectionis
2542 4517 2751 4574 intima:
2792 4516 2961 4573 radiis
2991 4515 3363 4582 illustrantur,
3411 4522 3473 4570 ut

1872 4611 2073 4683 majore
2090 4610 2281 4666 ardore
2303 4606 2654 4681 postmodum
2672 4607 2946 4663 caelestem
2971 4606 3200 4678 patriam
3218 4604 3472 4678 diligant,

163 4689 292 4747 turis
320 4690 653 4747 inserviunt.
688 4691 794 4758 Qui
840 4698 1044 4758 tamen,
1078 4699 1139 4746 ut
1167 4690 1433 4758 diximus,
1467 4708 1593 4748 cum
1625 4691 1742 4747 ﬁdei

1864 4717 2027 4773 quam
2059 4700 2213 4773 prius
2241 4699 2300 4756 in
2334 4706 2551 4754 terrena
2604 4695 2968 4753 delectatione
2998 4694 3323 4767 ﬂagrabant.
3368 4692 3473 4749 Sed

164 4782 383 4837 tentatio
410 4782 609 4850 oritur,
633 4780 1020 4839 defensionum
1049 4782 1218 4838 armis
1239 4782 1623 4854 accinguntur.
1650 4783 1753 4837 Ho-

166 4874 266 4924 stes
294 4868 421 4927 ﬁdei
449 4871 760 4943 superando
780 4870 1081 4938 trucidant,
1106 4879 1160 4927 et
1185 4870 1565 4927 haereditatem
1599 4878 1759 4926 terra:

168 4961 617 5029 repromissionis,
651 4961 707 5018 id
738 4971 819 5018 est
849 4960 1093 5017 fructum
1115 4960 1243 5017 ﬁdei
1264 4977 1375 5017 non
1403 4969 1624 5029 amant;
1659 4962 1759 5017 sic-

169 5060 266 5118 que
296 5065 392 5121 pro
422 5051 517 5108 illa
537 5058 802 5124 pugnant,
828 5060 889 5109 ut
909 5060 1093 5108 tamen
1123 5067 1223 5105 sua
1249 5051 1481 5123 pignora
1513 5058 1671 5107 extra
1697 5050 1759 5106 il-

168 5132 268 5192 lam
298 5136 589 5212 deponant.
622 5141 764 5210 Quia
794 5142 942 5197 enim
972 5141 1234 5215 parvulos
1262 5139 1398 5196 foris
1427 5138 1654 5208 habent,
1684 5140 1759 5197 af-

171 5223 363 5285 fectum
401 5231 460 5287 in
501 5231 621 5306 ejus
671 5231 1016 5289 habitatione
1063 5248 1178 5289 non
1233 5231 1457 5289 habent.
1510 5232 1662 5289 Unde
1692 5232 1759 5289 ad

171 5320 486 5390 campestria
517 5320 772 5391 redeunt,
800 5323 931 5394 quia
949 5322 1017 5379 ab
1046 5323 1174 5380 altis
1202 5322 1586 5379 cacuminibus
1610 5340 1760 5379 mon-

174 5402 303 5462 tium
318 5409 490 5482 ‘quasi
520 5426 553 5467 a
580 5427 672 5483 spe
700 5410 1009 5468 caelestium
1040 5410 1384 5479 dilabuntur,
1409 5419 1470 5467 ut
1496 5419 1654 5468 extra
1683 5429 1761 5467 re-

177 5499 544 5565 promissionis
561 5510 764 5559 terram
785 5502 949 5559 bruta
967 5502 1231 5560 animalia
1247 5504 1515 5570 nutriant,
1546 5504 1675 5576 quia
1695 5503 1764 5559 ad

250 5710 617 5795 ίυιιίιςιίιιγῃι.³
641 5713 852 5795 βειιιιῑη
883 5712 1039 5795 Colb.
1066 5712 1355 5795 InnP‘ratel.
1384 5719 1437 5765 et
1458 5711 1768 5777 nonnullis,

180 5782 310 5847 regio
346 5782 628 5840 uberrima.
650 5785 759 5840 Hos
789 5790 1098 5855 sequuntur
1129 5784 1300 5840 Editi.

247 5849 266 5882 ²
294 5851 519 5911 Turon..
552 5856 783 5911 aratiam
821 5862 986 5911 tuam.

249 5874 266 5882 -
302 5874 519 5922 llll‘Oll.,
550 5874 783 5926 granum
821 5874 986 5911 tuam.

249 5921 267 5953 ³
298 5922 553 5994 Vindoc.,
586 5927 786 5983 Pratel.
829 5935 882 5982 et
914 5925 1030 5993 alii,
1071 5928 1234 5981 corda
1264 5925 1520 5998 ﬁliorum.

1870 4789 1989 4846 haec
2017 4806 2141 4847 cum
2162 4789 2228 4845 de
2255 4787 2463 4845 cmlesti
2494 4786 2667 4859 patria
2697 4786 3000 4859 loquimur,
3023 4784 3112 4840 cui
3136 4783 3314 4839 inesse
3336 4780 3475 4836 mira

1870 4879 2119 4935 claritate
2147 4879 2377 4951 praedita
2405 4876 2725 4949 angelorum
2747 4875 2966 4947 agmina
2995 4872 3370 4941 audimus,cui
3394 4886 3473 4926 re-

1870 4986 1992 5024 rum
2023 4967 2273 5024 omnium
2303 4966 2559 5023 conditor
2588 4964 2869 5037 praesidet,
2900 4979 3062 5036 quam
3111 4961 3324 5016 visione
3376 4976 3473 5015 sua

1871 5058 2125 5115 reliciens
2156 5058 2347 5129 replet,
2380 5057 2469 5113 cui
2500 5072 2642 5112 verm
2675 5054 2964 5110 basi-editas
2996 5054 3094 5107 lux
3122 5058 3204 5105 est
3243 5059 3298 5106 et
3330 5049 3474 5105 defe-

1870 5157 1991 5206 ctus
2010 5147 2252 5221 ejusdem
2276 5147 2503 5204 luminis
2518 5147 2704 5203 nullus
2725 5153 2827 5211 est,
2846 5143 2915 5200 ad
2938 5141 3303 5213 nosmetipsos
3325 5156 3472 5196 men-

1870 5245 1981 5293 tem
2032 5236 2369 5305 reducimus,
2400 5245 2453 5293 et
2484 5236 2630 5309 quod
2678 5241 2892 5290 terrena
2924 5239 3199 5304 gestemus
3230 5230 3475 5287 membra

1871 5328 2196 5399 cogitamus.
2219 5343 2509 5399 pensamus
2539 5324 2707 5397 quod,
2739 5323 2855 5379 nati
2887 5324 2944 5379 in
2982 5321 3226 5379 tenebris
3254 5329 3418 5394 atque
3447 5337 3478 5375 a

1872 5417 2042 5474 radiis
2070 5416 2279 5472 intimae
2336 5416 2476 5472 lucis
2513 5414 2702 5483 alieni,
2765 5421 2920 5469 tanto
2962 5412 3199 5486 nequius
3229 5410 3480 5471 viximus

1872 5513 2098 5580 quanto,
2160 5505 2321 5560 rebus
2359 5503 2735 5577 corporalibus
2770 5502 2965 5572 dediti,
3006 5520 3037 5559 a
3092 5500 3486 5575 spiritualibus

1954 5710 1972 5741 ⁸
2004 5708 2232 5772 Turon.,
2266 5704 2358 5774 qui
2384 5722 2501 5758 cum
2530 5704 2631 5775 ﬁde
2660 5704 3009 5774 baptismatis.

2006 5778 2254 5846 Ebroic.,
2288 5778 2428 5833 Utic.
2462 5784 2515 5832 et
2544 5776 2663 5844 alii,
2695 5777 2847 5831 vanis
2881 5776 3176 5832 desideriis.

1957 5852 1978 5885 δ
2009 5850 2257 5918 Ehroiv.,
2278 5857 2332 5906 et
2354 5850 2522 5923 plur.,
2541 5854 2940 5907 convertuntur.
