3920 6372
465 415 569 472 415

1660 408 1912 467 SANCTI
1949 405 2290 464 GBEGORII
2327 405 2556 464 MAGNI

3577 425 3588 440 '
3670 405 3786 463 416

462 539 678 610 longius
705 537 1056 610 degebamus.
1104 537 1224 606 Qua
1260 536 1699 595 consideratione
1747 541 2054 608 permotum
2085 534 2140 595 Α
2171 532 2410 600 adorari,
2445 541 2568 606 post
2596 533 2664 591 ab
2693 532 2920 590 homine
2963 530 3143 604 angeli
3173 539 3450 600 recusant,
3483 531 3594 590 nisi
3627 534 3782 606 quod

459 645 554 686 cor
579 644 644 684 ac
672 627 814 684 male
868 628 975 686 sibi
1005 627 1290 686 conscium
1341 628 1598 701 trepidat,
1631 637 1684 684 et
1713 635 1880 683 tantae
1911 626 2064 682 illius

459 736 622 795 quam
667 719 823 775 audit
877 718 1068 792 patriae
1097 718 1275 775 civem
1331 735 1388 774 se
1439 717 1747 789 ﬁeriposse
1791 715 2060 788 desperat.

458 807 613 866 Unde
643 807 735 863 hic
763 823 982 880 quoque
997 815 1121 880 apte
1140 806 1514 879 subjungitur,
1534 823 1671 879 quos
1689 821 1844 861 mens
1867 805 2066 877 pavida

457 897 526 954 ad
568 896 829 953 fiduciam
873 895 1192 954 reducatur.
1217 897 1353 952 Nam
1384 895 1452 950 de
1481 894 1586 952 hac
1614 895 1734 952 luce
1765 912 1896 951 mox
1924 893 2065 951 sub-

458 985 630 1042 ditur.

890 1073 1120 1132 CAPUT
1148 1075 1256 1132 xv
1286 1073 1633 1150 [Rec.VIII].
1759 1137 1768 1150 ,

528 1165 699 1222 Vens.
731 1164 820 1222 33.
841 1195 913 1208 —-
951 1165 1257 1220 Annuntiat
1281 1165 1344 1220 de
1371 1181 1432 1220 ea
1458 1163 1627 1220 amico
1656 1179 1750 1219 suo
1771 1163 1910 1235 quod
1933 1179 2058 1236 pos-

458 1271 613 1310 sessio
641 1254 754 1326 ejus
781 1254 870 1322 sit,
901 1261 951 1310 et
975 1255 1048 1310 ad
1076 1272 1191 1310 eam
1215 1254 1384 1326 possit
1411 1253 1704 1310 ascendere.

527 1345 617 1401 28.
649 1345 961 1401 Hominibus
982 1361 1114 1417 pene
1140 1345 1539 1416 desperantibus
1565 1345 1812 1399 caelestem
1834 1342 2062 1413 gloriam

451 1433 715 1503 promittit
734 1433 896 1490 Deus.
919 1463 992 1476 —
1016 1433 1248 1491 Amicus
1274 1433 1523 1488 veritatis
1549 1439 1631 1487 est
1665 1439 1825 1487 rectae
1853 1437 2064 1485 amator

455 1521 707 1579 actionis.
745 1523 898 1580 Unde
927 1531 980 1580 et
1027 1523 1147 1596 ipsa
1175 1523 1393 1580 Veritas
1422 1521 1710 1594 discipulis
1740 1519 1879 1577 dicit
1912 1539 1923 1576 :
1965 1521 2063 1576 Vos

454 1612 612 1667 amici
663 1613 766 1668 mei
801 1613 942 1682 estis,
990 1613 1037 1668 si
1073 1613 1300 1683 fewritis
1350 1629 1468 1684 qua:
1497 1629 1585 1684 ego
1619 1610 1874 1682 praecipio
1919 1611 2062 1666 vobis

459 1699 640 1770 (Joan.
674 1718 772 1769 xv,
805 1701 919 1772 14).
953 1703 1182 1758 Amicus
1200 1701 1401 1774 quippe
1432 1703 1448 1736 ¹
1481 1700 1679 1757 animae
1705 1707 1888 1756 custos
1912 1699 2064 1756 dici-

455 1795 566 1844 tur.
599 1789 758 1844 Unde
787 1806 900 1845 non
945 1789 1226 1846 immerito
1274 1791 1370 1864 qui
1407 1789 1686 1846 custodire
1717 1790 2060 1846 voluntatem

2175 623 2328 694 prius
2360 621 2640 679 hominem
2680 621 2997 680 carnalibus
3024 621 3480 692 corruptionibus
3507 622 3784 691 deditum,

2175 728 2276 768 nec
2323 712 2392 768 ab
2439 712 2645 768 eisdem
2689 711 3006 769 carnalibus
3052 711 3506 784 corruptionibus
3557 711 3790 769 redem-

2175 809 2353 873 ptum,
2385 817 2495 874 quo
2528 801 2881 874 abjectiorem
2909 809 3202 870 noverant,
3227 799 3437 873 justius
3463 810 3788 858 contemne-

2173 889 2344 958 bant;
2376 890 2729 962 postmodum
2777 906 2910 945 vero
2954 889 3251 945 humanam
3294 899 3549 948 naturam
3580 907 3647 948 eo
3669 891 3786 964 jam

2175 979 2476 1054 subjectam
2508 981 2709 1038 habere
2739 997 2848 1038 non
2866 988 3137 1054 poterant,
3159 997 3270 1054 quo
3291 980 3438 1038 hanc
3465 982 3523 1038 in
3553 992 3788 1042 auctore

2173 1087 2274 1126 suo
2303 1071 2468 1126 etiam
2491 1087 2655 1143 super
2683 1070 3002 1143 semetipsos
3021 1069 3244 1125 ductam
3267 1070 3534 1127 videbant
3565 1071 3594 1127 ?
3628 1074 3651 1108 ⁸
3678 1074 3782 1130 Ne-

2173 1175 2279 1232 que
2308 1160 2454 1215 enim
2475 1158 2590 1232 jam
2620 1160 2851 1216 debebat
2873 1159 2934 1216 in
2965 1159 3226 1218 membris
3266 1160 3514 1232 subjecta
3541 1161 3781 1236 despici,

2173 1268 2293 1324 quae
2339 1251 2396 1306 in
2447 1251 2566 1324 ipso
2622 1251 2995 1308 membrorum
3044 1252 3224 1324 capite
3259 1252 3464 1308 meruit
3510 1254 3784 1325 praelata“

2173 1339 2444 1396 venerari.
2479 1341 2528 1396 Is
2555 1357 2684 1412 ergo
2705 1342 2796 1414 qui
2821 1349 3044 1414 propter
3064 1358 3164 1397 nos
3189 1340 3373 1398 minor
3388 1342 3600 1414 angelis
3617 1345 3788 1399 exsti-

2173 1428 2241 1484 tit
2271 1431 2508 1503 zequales
2537 1447 2649 1486 non
2679 1431 2890 1503 angelis
2909 1431 3118 1486 virtute
3147 1447 3260 1487 sua:
3290 1431 3684 1488 minorationis
3713 1431 3788 1487 fe-

2172 1519 2266 1576 cit.
2301 1521 2455 1578 Unde
2484 1529 2537 1578 et
2565 1521 2854 1578 moriendo
2873 1521 3065 1580 docuit
3090 1531 3323 1578 mortem
3354 1538 3466 1578 non
3489 1522 3686 1590 metui,
3705 1540 3787 1579 re-

2172 1609 2445 1680 surgendo
2488 1609 2555 1666 de
2602 1611 2717 1666 vita
2757 1610 2986 1679 conﬁdi,
3041 1610 3390 1668 ascendendo
3432 1610 3500 1668 de
3543 1613 3788 1670 caelestis

2173 1700 2360 1772 patriae
2388 1699 2705 1756 haereditate
2725 1700 2973 1773 gloriari,
2995 1708 3055 1755 ut
3075 1717 3186 1775 quo
3213 1708 3378 1773 caput
3400 1702 3623 1774 praeisse
3639 1718 3787 1758 con-

2171 1789 2437 1860 spiciunt,
2455 1789 2590 1845 illuc
2608 1807 2664 1845 se
2679 1789 2939 1863 subsequi
2955 1797 3008 1846 et
3027 1790 3272 1846 membra
3289 1791 3655 1860 gratulentur.
3677 1793 3786 1848 Un-

456 1875 556 1932 Dei
585 1875 644 1932 in
665 1878 950 1950 praeceptis
979 1877 1134 1934 illius
1164 1878 1384 1948 nititur,
1414 1876 1533 1950 ejus
1571 1879 1780 1937 amicus
1809 1887 2057 1937 vocatur.
2091 1896 2135 1956 Β
2170 1873 2238 1930 de
2267 1875 2404 1932 bene
2435 1876 2503 1932 ab
2533 1877 2723 1933 eodem
2754 1886 2944 1934 nostro
2973 1879 3152 1950 capite
3183 1878 3392 1934 dicitur
3427 1896 3439 1934 :
3479 1879 3788 1950 Ubicunque

457 1966 602 2025 Hinc
629 1976 712 2024 est
740 1969 889 2042 quod
917 1986 1137 2025 rursum
1169 1970 1375 2026 eisdem
1419 1970 1708 2044 discipulis
1735 1971 1956 2029 Veritas
1979 1970 2058 2026 di-

456 2056 534 2113 cit
566 2075 576 2112 :
619 2058 716 2113 Vos
739 2063 918 2113 autem
965 2059 1083 2114 diri
1110 2059 1328 2126 amicos,
1357 2060 1486 2131 quia
1541 2061 1720 2116 omnia
1741 2078 2062 2132 quacunque

455 2145 640 2201 audivi
665 2164 701 2201 a
728 2147 892 2204 Patre
945 2165 1078 2217 meo,
1117 2155 1243 2205 nota
1288 2149 1390 2220 feci
1421 2149 1563 2205 vobis
1603 2150 1800 2218 (Ibid,
1835 2151 1949 2217 15).
1981 2152 2060 2206 De

457 2232 561 2290 hac
587 2233 760 2306 igitur
788 2235 909 2293 luce
939 2246 1155 2294 aeternae
1191 2238 1380 2311 patriae
1408 2239 1588 2294 amico
1617 2255 1717 2294 suo
1748 2243 1896 2301 866
1917 2241 2060 2296 Deus

455 2331 748 2387 annuntiat
789 2332 936 2406 quod
983 2334 1252 2406 possessio
1293 2334 1412 2408 ejus
1448 2335 1570 2403 sit,’
1597 2343 1660 2391 ut
1715 2350 2058 2407 nequaquam

453 2435 510 2474 se
539 2419 881 2477 inﬁrmitatis
920 2439 1031 2478 suae
1069 2422 1365 2496 fragilitate
1413 2423 1694 2496 desperet,
1713 2439 2056 2497 nequaquam

454 2507 559 2564 hoc
572 2508 718 2581 quod
758 2511 1097 2579 creatus,sed
1127 2513 1275 2585 quod
1310 2521 1590 2569 recreatus
1615 2520 1697 2568 est
1726 2519 1937 2585 penset,
1965 2511 2059 2568 sed

455 2602 607 2651 tanto
643 2597 844 2654 certius
872 2599 1010 2656 sciat
1030 2600 1160 2673 quia
1202 2600 1358 2656 illius
1389 2601 1530 2656 lucis
1550 2601 1856 2656 claritatem
1891 2601 2059 2674 possi-

451 2683 596 2750 deat,
636 2693 839 2758 quanto
897 2704 1049 2745 nunc
1097 2687 1362 2743 vitiorum
1424 2688 1762 2759 pulsantium
1809 2689 2060 2746 tenebras

451 2771 566 2828 rius
593 2775 784 2830 calcat.
818 2777 966 2832 Bene
981 2783 1163 2831 autem
1182 2775 1241 2831 in
1261 2775 1628 2846 promissione
1657 2777 2014 2851 subjungitur
2042 2798 2053 2836 :

448 2865 523 2919 Et
548 2864 620 2918 ad
665 2883 779 2922 eam
825 2867 998 2938 possit
1048 2866 1340 2922 ascendere.
1393 2866 1538 2934 Quid
1567 2869 1716 2924 enim
1773 2869 2057 2926 dillicilius

447 2969 609 3026 quam
632 2954 848 3012 homini
878 2955 936 3010 in
965 2962 1113 3011 terra
1138 2954 1290 3012 edito
1307 2963 1526 3014 terrena
1553 2965 1609 3014 et
1637 2958 1858 3032 fragilia
1887 2977 2054 3016 mem-

445 3041 543 3098 bra
581 3042 850 3115 gestandi,
864 3043 1129 3100 caelorum
1148 3044 1198 3099 al
1208 3052 1259 3101 la
1274 3047 1664 3117 conscendere,
1686 3065 2052 3120 supernorum

445 3131 701 3202 spiritum
732 3147 934 3188 arcana
961 3141 1125 3204 penet
1154 3149 1274 3189 rare
1296 3133 1324 3190 7

2170 1982 2361 2037 corpus
2385 1965 2574 2038 fuerit,
2603 1968 2732 2024 illuc
2759 1971 3214 2041 congregabantur
3241 1975 3290 2024 et
3331 1970 3531 2041 aquin
3561 1970 3782 2042 (Matth.

2171 2071 2332 2121 xxxv,
2361 2055 2480 2127 28).
2504 2056 2657 2112 Unde
2683 2058 2876 2114 Petrus
2904 2058 2983 2115 ait
3016 2075 3028 2114 :
3062 2061 3131 2116 In
3158 2059 3516 2116 hereditatem
3535 2061 3788 2115 incorru-

2164 2144 2423 2216 ptibile-m,
2445 2152 2493 2199 et
2519 2145 3012 2216 incontaminatam,
3045 2154 3092 2203 et
3121 2147 3630 2215 immarcescibilem,
3657 2165 3780 2204 con-

2169 2239 2433 2289 servatam
2463 2234 2522 2288 in
2547 2236 2688 2290 ccelis
2728 2237 2786 2307 (Ι
2823 2238 2937 2292 Pet.
2971 2254 3012 2303 ι,
3043 2236 3124 2310 4).
3176 2236 3332 2294 Unde
3360 2238 3566 2296 Paulus
3595 2237 3737 2296 dicit
3769 2257 3783 2296 :

2171 2323 2374 2380 Scimus
2411 2325 2666 2395 quoniam
2697 2326 2746 2380 si
2775 2325 3042 2382 terrestris
3071 2326 3258 2382 domus
3287 2334 3472 2384 nostra
3510 2329 3676 2400 hujus
3690 2330 3786 2385 ha-

2170 2411 2438 2468 bitationis
2462 2413 2810 2481 dissolvatur,
2850 2415 2994 2486 quod
3030 2416 3430 2488 wdiﬁcationem
3455 2436 3522 2474 ex
3548 2419 3659 2476 Deo
3688 2421 3784 2475 ha-

2169 2501 2346 2557 bemus
2387 2503 2602 2557 domum
2640 2521 2747 2558 non
2790 2503 3178 2576 manu/"actam,
3227 2512 3477 2563 (sternam
3531 2507 3588 2564 in
3637 2508 3784 2564 catis

2167 2593 2264 2661 (II
2293 2593 2420 2648 Cor.
2451 2608 2508 2657 v,
2554 2594 2630 2663 1).

2239 2677 2328 2735 30.
2360 2682 2514 2736 Solus
2557 2681 2800 2738 Christus
2831 2683 3016 2738 calum
3061 2685 3315 2750 ascendit,
3342 2685 3485 2758 quod
3511 2687 3642 2744 solis
3665 2687 3783 2757 ejus

2167 2769 2412 2824 membris
2435 2777 2596 2842 patet.
2635 2803 2706 2814 —
2751 2771 2857 2829 Sed
2894 2772 2940 2828 si
2981 2790 3082 2829 nos
3120 2791 3360 2848 quoque,
3405 2776 3501 2849 qui
3547 2775 3685 2832 editi
3719 2777 3779 2832 in

2168 2864 2312 2911 terra
2353 2875 2566 2927 sumus,
2611 2861 2812 2916 caelum
2854 2861 3302 2931 conscendimus,
3352 2863 3448 2920 ubi
3499 2873 3583 2921 est
3625 2865 3778 2938 quod

2165 2961 2386 3004 rursum
2433 2948 2650 3005 Veritas
2678 2949 2816 3006 dicit
2847 2967 2859 3006 :
2889 2951 3051 3007 Nemo
3083 2953 3321 3007 ascendit
3349 2953 3404 3007 in
3430 2954 3639 3018 calum,
3670 2955 3781 3009 nisi

2164 3035 2258 3106 qui
2282 3036 2344 3090 de
2374 3037 2500 3091 ca’lo
2531 3038 2810 3108 descendit,
2856 3041 3032 3096 Filius
3067 3041 3295 3096 hominis
3323 3042 3418 3113 qui
3447 3049 3524 3098 est
3546 3043 3607 3098 in
3649 3046 3779 3099 calo

2163 3125 2352 3193 (Joan.
2373 3141 2458 3194 ιιι,
2479 3127 2574 3196 13)
2603 3129 2630 3184 ?
2656 3127 2760 3184 Cui
2783 3129 3051 3186 nimirum
3069 3130 3357 3188 sententiae
3374 3132 3559 3188 statim
3577 3133 3774 3190 obviat

517 3221 604 3276 29.
636 3221 880 3278 Christus
904 3237 1089 3294 pacem
1118 3221 1256 3277 inter
1281 3225 1496 3294 angelo;
1519 3229 1568 3280 ει
1595 3225 1827 3282 Wim
1849 3243 2053 3300 compa.
2085 3253 2128 3313 Ο
2163 3213 2310 3286 quod
2343 3213 2461 3270 haec
2501 3216 2692 3313 eadem
2717 3217 2940 3313 AVeritas
2969 3219 3107 3313 dicit
3145 3237 3157 3275 :
3191 3221 3376 3313 Pater,
3394 3223 3534 3313 ‘volo
3575 3228 3634 3277 ut
3686 3224 3779 3313 ubi

441 3309 566 3362 suit.
600 3310 858 3380 Equales
897 3327 994 3365 nos
1031 3311 1234 3380 angelis
1279 3310 1422 3380 fecit.
1455 3343 1528 3354 —
1569 3313 1677 3370 Sed
1728 3315 2050 3372 eorumdem

441 3396 737 3466 spirituum
787 3397 856 3454 ad
909 3414 1010 3454 nos
1051 3399 1308 3456 conditor
1335 3401 1508 3470 venit,
1553 3418 1718 3476 seque
1766 3402 2046 3460 hominem

439 3485 606 3540 etiam
629 3484 732 3540 sub
759 3485 892 3558 ipsis
921 3486 1202 3557 exhibuit,
1229 3489 1376 3546 sicut
1409 3489 1477 3547 de
1499 3491 1596 3548 illo
1617 3492 1765 3549 Patri
1799 3509 1895 3566 per
1921 3495 2048 3552 Pro-

443 3573 664 3645 phetam
693 3574 899 3632 dicitur
930 3595 942 3632 :
976 3577 1221 3635 Μίηαίεεὶ
1261 3595 1380 3634 eum
1402 3581 1570 3652 paulo
1597 3597 1772 3636 minus
1800 3583 1866 3638 ab
1895 3600 2047 3655 ange-

441 3664 506 3718 lis
533 3664 714 3731 (Psal.
737 3681 842 3722 Vlll
871 3665 954 3736 6).
985 3667 1058 3723 Et
1077 3667 1208 3740 quia
1236 3667 1380 3724 inter
1415 3685 1516 3728 nos
1543 3677 1598 3725 et
1625 3670 1842 3728 eosdem
1887 3671 2045 3744 spiri-

437 3757 528 3807 tus
556 3751 916 3812 riscordantis
961 3756 1092 3812 vitae
1133 3756 1452 3815 scandalum
1508 3759 1730 3832 reperit,
1767 3759 1906 3818 misa
1953 3778 2045 3833 po-

435 3841 631 3911 tentia,
689 3841 1019 3900 mirabiliori
1089 3845 1254 3902 etiam
1315 3847 1517 3919 pietate
1563 3865 1782 3906 summa
1831 3865 2043 3918 creans,

437 3929 458 3964 ³
485 3929 596 3985 ima
623 3931 946 4004 suscipiens,
978 3933 1090 3990 ima
1119 3951 1244 3992 cum
1273 3937 1509 3994 summis
1531 3936 1742 4010 junxit.
1793 3940 1936 3996 Hinc
1964 3948 2044 3996 est

435 4018 581 4092 quod
610 4019 803 4076 eodem
832 4023 976 4096 Rege
1005 4032 1158 4094 nato,
1189 4026 1512 4098 angelorum
1539 4027 1696 4084 chori
1725 4027 1785 4084 in
1814 4027 1933 4100 ejus
1953 4045 2042 4084 an-

433 4106 780 4166 nuntiatione
813 4112 1110 4183 prodeunt,
1159 4113 1435 4186 hymnum
1468 4115 1684 4186 dicunt,
1743 4124 1798 4174 et
1826 4117 2046 4175 devicta

432 4197 613 4268 pravae
643 4200 771 4256 vitae
799 4201 1102 4272 discordia,
1121 4201 1223 4258 hos
1251 4219 1391 4276 quos
1412 4205 1625 4262 dudum
1656 4206 2038 4282 despexeram.

431 4286 580 4344 cives
606 4299 1186 4360 agnoscunt,consono
1207 4308 1302 4348 ore
1320 4294 1684 4364 praedicantes
1717 4313 1729 4351 :
1768 4298 1957 4354 Gloria
1987 4300 2042 4354 in

431 4377 644 4432 excelsis
662 4379 795 4444 Deo,
825 4385 875 4434 et
900 4380 957 4433 in
990 4386 1135 4436 terra
1159 4397 1276 4452 pax
1303 4384 1602 4439 hominibus
1630 4387 1776 4442 bona:
1801 4389 2039 4446 volunta-

433 4465 500 4518 tis
523 4464 678 4534 (Luc.
707 4483 772 4534 ιι,
801 4466 921 4539 lib).
961 4469 1044 4525 Ac
1072 4470 1119 4525 si
1166 4479 1352 4542 aperte
1379 4472 1569 4530 dicant
1602 4492 1614 4531 :
1645 4475 1793 4543 Quos
1821 4493 1853 4533 a
1881 4479 2040 4534 nobis

433 4552 647 4608 malitia
673 4553 1042 4626 disjunxerat,
1080 4557 1196 4630 jam
1227 4576 1376 4618 nunc
1404 4561 1463 4618 in
1494 4569 1638 4620 terra
1667 4573 1794 4622 nata
1821 4566 2038 4625 bonitas

425 4639 642 4714 jungat.
675 4643 817 4702 Hinc
845 4653 928 4702 est
957 4648 1106 4720 quod
1159 4657 1285 4706 ante
1336 4651 1774 4712 incarnationem
1831 4658 1949 4730 ejus
1978 4661 2035 4716 in

431 4729 780 4788 Testamento
808 4734 993 4792 Veteri
1022 4736 1273 4796 adorasse
1319 4740 1486 4798 homo
1531 4747 1786 4817 angelum
1817 4729 2034 4820 legitur,

430 4837 532 4876 nec
559 4827 746 4878 tamen
775 4823 1001 4882 adorare
1033 4828 1362 4898 prohibetur
1394 4832 1604 4904 (Genes.
1631 4851 1795 4906 xvm,
1815 4838 1910 4909 2);
1943 4841 2038 4895 sed

429 4915 552 4978 post
568 4908 884 4968 Mediatoris
911 4912 1380 4985 adventum,cum
1397 4935 1455 4973 se
1483 4919 1724 4978 Joannes
1752 4908 2038 4980 adorando

427 5001 620 5072 angelo
638 5004 1044 5074 prostravisset,
1076 5005 1313 5062 audivit:
1333 5009 1456 5066 Vide
1470 5027 1532 5065 ne
1545 5009 2039 5081 feceris,conseri~us

429 5090 548 5140 tuus
568 5105 684 5144 sum
710 5095 760 5146 et
781 5092 1022 5161 fratrum
1048 5100 1262 5149 tuorum
1287 5096 1484 5166 (Apoc.
1505 5111 1628 5163 xxx,
1654 5100 1720 5156 10
1741 5117 1764 5166 ;
1791 5118 1936 5169 xxu,
1951 5106 2031 5175 9).

2067 4611 2114 4668 D

2161 3320 2250 3375 ego
2270 3321 2409 3372 sum,
2435 3310 2483 3358 el
2506 3304 2592 3359 illi
2621 3305 2726 3360 sint
2744 3323 2942 3362 mecum
2962 3308 3144 3379 (Joan.
3177 3326 3318 3378 xvn,
3351 3309 3468 3381 24).
3503 3312 3636 3379 Quae
3665 3312 3776 3368 sibi

2160 3389 2216 3445 in
2251 3389 2436 3447 verbis
2464 3392 2580 3448 suis
2607 3408 2718 3449 non
2739 3392 3034 3468 discrepat,
3065 3397 3164 3454 sed
3192 3396 3261 3454 ad
3292 3397 3624 3472 inquirenda
3653 3399 3779 3458 haec

2159 3480 2315 3552 quasi
2338 3479 2712 3539 discordantia
2727 3483 2975 3540 studium
2995 3493 3199 3543 nostrae
3215 3489 3417 3545 mentis
3437 3489 3773 3546 inﬂammat.

2157 3574 2362 3632 Omnes
2390 3576 2539 3633 enim
2569 3594 2670 3634 nos
2700 3579 2796 3653 qui
2831 3580 2890 3636 in
2929 3581 3047 3653 ejus
3077 3582 3184 3640 ﬁde
3236 3584 3349 3640 nati
3379 3600 3589 3654 sumus,
3622 3583 3777 3642 867

2156 3665 2274 3738 ejus
2303 3669 2494 3739 procul
2514 3669 2686 3726 dubio
2705 3687 2904 3742 corpus
2926 3673 3239 3730 existimas.
3264 3675 3406 3743 Quia
3435 3675 3607 3748 igitur
3626 3677 3776 3734 mira

2155 3755 2564 3829 dispensatione
2593 3760 2816 3832 pietatis
2837 3763 3216 3820 membrorum
3237 3781 3466 3822 suorum
3493 3767 3774 3824 Dominus

2154 3855 2318 3916 caput
2357 3847 2536 3904 factus
2581 3856 2684 3917 est,
2735 3847 2952 3922 repulsa
2981 3852 3341 3924 reproborum
3377 3855 3771 3926 multitudine,

2155 3935 2303 3990 solus
2342 3943 2425 3991 est
2470 3936 2637 3992 etiam
2688 3938 3000 3996 nobiscum.
3039 3941 3202 3998 Nemo
3247 3943 3414 4014 igitur
3442 3945 3682 4000 ascendit
3713 3947 3772 4000 in

2153 4024 2357 4092 calum,
2389 4025 2496 4079 nisi
2524 4026 2617 4096 qui
2645 4026 2910 4082 descendit
2936 4029 2998 4083 de
3025 4031 3172 4097 ccelo,
3211 4031 3386 4087 Filius
3417 4033 3646 4088 hominis
3672 4035 3771 4106 qui

2152 4117 2226 4164 est
2257 4111 2312 4166 in
2339 4115 2462 4168 cado
2493 4113 2678 4184 (Joan.
2707 4132 2798 4182 ιιι,
2828 4116 2943 4188 13),
2975 4118 3105 4190 quia
3132 4118 3267 4175 dum
3297 4138 3398 4177 nos
3428 4138 3604 4178 unum
3633 4139 3766 4180 cum

2151 4199 2250 4255 illo
2275 4199 2389 4272 jam
2425 4202 2555 4259 facti
2588 4219 2800 4272 sumus,
2826 4205 2972 4261 unde
2994 4207 3147 4263 solus
3169 4208 3324 4265 venit
3343 4211 3402 4265 in
3422 4227 3498 4278 se,
3522 4211 3658 4269 illuc
3681 4230 3768 4269 so.

2152 4289 2237 4344 lus
2267 4291 2410 4348 redit
2437 4294 2605 4348 etiam
2655 4293 2713 4350 in
2749 4294 2910 4350 nobis
2941 4314 2954 4363 ;
2993 4304 3046 4352 et
3093 4297 3138 4353 is
3167 4299 3263 4372 qui
3291 4299 3349 4355 in
3377 4301 3518 4358 cuilo
3546 4318 3768 4374 semper

2149 4388 2252 4447 est,
2283 4381 2351 4436 ad
2378 4383 2580 4438 coelum
2610 4385 2860 4456 quotidie
2879 4387 3150 4458 ascendit,
3179 4391 3310 4462 quia
3337 4393 3431 4464 qui
3460 4393 3762 4450 divinitate

2147 4487 2310 4542 super
2355 4473 2542 4529 omnia
2581 4485 2882 4546 permanet,
2927 4477 3294 4537 humanitatis
3337 4500 3450 4539 suae
3488 4501 3760 4558 compage

2147 4577 2260 4616 sese
2290 4563 2540 4634 quotidie
2568 4564 2637 4620 ad
2653 4567 2821 4623 caelos
2851 4567 3042 4625 trahit.
3079 4572 3100 4606 ⁶
3129 4572 3251 4627 Νοιι
3279 4588 3407 4646 ergo
3426 4590 3483 4630 se
3503 4575 3761 4648 desperet

2147 4648 2390 4706 humana
2427 4651 2720 4724 fragilitas,
2762 4657 3038 4729 unigeniti
3064 4661 3388 4732 sanguinem
3415 4663 3756 4731 consideret,

2149 4745 2203 4794 et
2244 4738 2302 4794 in
2349 4739 2525 4811 pretio
2569 4757 2670 4797 suo
2715 4746 3026 4817 conspiciat
3072 4764 3237 4820 quam
3277 4767 3474 4823 magna
3519 4762 3757 4826 estquae

2147 4827 2288 4882 tanti
2319 4829 2483 4886 valet.
2519 4831 2828 4903 Perpendat
2853 4835 3091 4893 sollicite
3121 4855 3231 4912 quo
3260 4849 3426 4912 caput
3453 4842 3754 4913 praecessit,

2146 4924 2200 4972 et
2226 4933 2349 4990 quae
2384 4919 2454 4974 ad
2483 4920 2788 4978 vivendum
2820 4927 3106 4998 praeceptis
3141 4930 3488 5002 astringitur,
3519 4931 3591 4988 ad
3621 4949 3757 5004 spe-

2144 5006 2380 5065 randum
2411 5012 2666 5084 exemplo
2711 5013 3006 5072 roboretur
3036 5036 3049 5086 ;
3083 5020 3326 5076 conﬁdat
3354 5023 3542 5092 cmlos,
3573 5031 3756 5096 speret

2143 5113 2434 5169 supernam
2465 5100 2720 5172 patriam,
2748 5105 3068 5176 angelorum
3099 5125 3156 5164 se
3177 5111 3383 5166 sociam
3413 5112 3572 5180 sciat,
3591 5121 3754 5186 atque

428 5171 571 5241 Quid
585 5178 990 5253 estenimquod
1010 5181 1164 5254 prius
1185 5184 1646 5256 aequanimiterse
1661 5171 2036 5250 concedebant
2142 5188 2200 5244 in
2258 5207 2358 5246 suo
2411 5191 2590 5264 capite
2631 5171 2914 5267 prmlattun
2944 5216 3002 5256 se
3046 5200 3214 5258 etiam
3258 5203 3468 5276 angelis
3499 5171 3750 5276 gaudeat.

503 5397 522 5481 ξ
553 5396 1280 5481 Βιαιθχλνίηροοη-ΕΟΙΡΊ
1299 5408 1468 5464 animi
1495 5417 1666 5468 custos
1682 5421 1919 5472 vocatur.

498 5466 522 5502 ²
551 5467 642 5551 Sic
669 5466 1130 5551 "Utic.,.Pratél.,_
1167 5466 1346 5551 Colb.,
1381 5481 1567 5538 Baluz.
1597 5466 1925 5542 ’Modiié'é‘si
1955 5489 2031 5544 lo-

429 5537 631 5616 quendi
664 5541 925 5624 Gregorio
973 5562 1084 5600 non
1105 5537 1377 5624 insolens,
1408 5537 1570 5624 paulo
1600 5537 1925 5612 eiii—minimi
1955 5537 2027 5613 ié.

428 5612 629 5692 simus,
651 5626 708 5666 ιι.
732 5612 820 5692 30,
843 5631 947 5668 non
970 5633 1090 5692 ergo
1105 5635 1210 5692 non
1237 5612 1486 5692 desperet.

498 5680 519 5767 ξ
547 5681 736 5767 lgorm:
763 5684 922 5764 plen,
945 5680 1230 5766 suscipiens
1259 5680 1387 5758 imit,
1422 5713 1539 5750 cum
1585 5699 1805 5754 summis
1815 5698 2023 5767 junxit.

498 5750 519 5843 ζ
548 5750 948 5843 Ogyge-vimus
965 5750 1107 5840 jam;
1164 5777 1287 5843 quae
1319 5750 1596 5843 particula
1621 5750 2024 5843 deest

497 5822 517 5855 ⁵
547 5822 798 5883 Sum—itur
835 5827 928 5886 hic
966 5822 1030 5887 in
1059 5822 1463 5903 signiﬁcatione
1494 5822 2024 5914 passivarquasi—di:

2138 5429 2286 5478 ceret
2329 5439 2340 5475 :
2390 5424 2580 5478 meruit
2618 5433 2814 5482 natura
2861 5429 3093 5485 humana
3139 5449 3174 5485 a
3216 5432 3428 5487 Christo
3473 5441 3747 5488 assumpta

2138 5451 2286 5478 usch
2330 5465 2340 5475 .
2392 5451 2579 5478 rlwl‘uu
2618 5451 2814 5482 natura
2861 5451 3093 5485 Humana
3139 5451 3174 5485 a
3216 5451 3428 5487 unrzsto
3473 5451 3650 5488 assum
3696 5451 3744 5487 ια

2138 5492 2258 5618 foli.
2305 5493 2610 5622 Usurgzgtur
2648 5515 2789 5568 saepe
2829 5501 3066 5571 passive,
3119 5510 3180 5557 ut
3223 5503 3259 5557 l.
3306 5519 3472 5572 xvni,
3519 5521 3576 5559 n.
3622 5451 3688 5560 lg
3730 5522 3744 5569 ;

2165 5606 2177 5617 .
2211 5580 2334 5622 χιχ.
2369 5583 2424 5620 ιι.
2540 5611 2550 5622 .

2165 5606 2177 5617 .
2211 5580 2334 5631 χιχ,
2369 5583 2424 5620 ιι.
2460 5580 2550 5622 δι).

2210 5637 2231 5669 ⁶
2261 5636 2436 5719 Εξῌῐξ,
2467 5655 2608 5719 ergo“
2628 5641 2685 5719 s_i_
2720 5641 2969 5719 desperet.
3019 5644 3272 5719 Nostram
3299 5645 3440 5719 lect.
3451 5663 3632 5719 ,_qum
3661 5653 3744 5701 est

2135 5707 2262 5786 11133.
2319 5707 2535 5786 Bal_u_z.,
2571 5709 2750 5786 Colb.,
2805 5707 3077 5786 'Vindoc.,
3139 5715 3396 5786 Longip.,
3449 5707 3735 5782 Norman.,

2136 5777 2568 5862 Gus‘s’anvillaeus
2621 5781 2691 5836 ad
2731 5777 3032 5856 marginem
3061 5777 3288 5858 'rejecit'.
3319 5777 3490 5844 .V‘ide
3548 5777 3732 5862 supra,

2146 5863 2203 5904 ιι.
2236 5848 2324 5904 28.
