3920 6372
139 305 245 362 417

850 308 1224 369 MORALIUM
1262 311 1396 369 LIB.
1440 308 1672 370 XXVII.
1713 340 1785 354 -
1824 307 1895 368 IN
1945 308 2173 369 CAPUT
2212 311 2480 374 XXXVII
2518 319 2581 374 B.
2622 317 2768 375 JOB.

3366 320 3475 379 418

141 431 381 489 Dicatur
430 431 604 503 igitur
654 440 800 489 recte
850 431 918 489 de
960 432 1063 492 hac
1104 435 1226 492 luce
1270 444 1490 494 aeternae
1534 437 1755 509 patriae:
1787 441 1838 499 A
1877 436 2084 496 divina:
2114 440 2302 511 gratiae
2332 442 2666 513 aspiratione
2697 444 2966 515 pulsetur,
3003 446 3059 501 in
3090 446 3207 503 suis
3226 447 3475 505 delecta-

142 520 453 577 Annuntiat
473 521 537 576 de
567 537 629 577 ea
653 522 823 577 amico
851 539 948 578 suo
975 525 1118 594 quod
1140 527 1401 597 possessio
1430 526 1543 596 ejus
1571 529 1660 596 sit,
1708 534 1757 583 et

140 608 211 663 ad
242 625 362 664 eam
386 610 563 681 possit
585 611 880 667 ascendere.
916 611 1055 687 [Vet.
1088 614 1247 688 XII.]
1293 615 1398 672 Sed
1427 616 1586 672 valde
1617 617 1756 673 mira

141 708 274 758 sunt
308 701 443 765 ista,
478 698 642 755 valde
673 700 971 771 terribilia,
1003 704 1150 776 quod
1179 703 1346 761 homo
1380 705 1439 761 in
1470 712 1614 761 terra
1642 704 1754 761 edi-

143 801 255 858 tus,
275 799 447 865 atque
477 808 509 846 a
538 792 751 848 cmlesti
779 793 957 864 patria
984 796 1334 868 exigentibus
1362 797 1576 853 meritis
1597 798 1754 869 longe

143 880 463 948 damnatus,
492 896 605 935 non
635 881 816 936 solum
840 882 908 938 ad
937 890 1140 940 statum
1179 884 1517 942 conditionis
1544 886 1753 943 reduci-

142 978 252 1039 tur,
275 968 376 1026 sed
401 969 570 1026 etiam
596 969 896 1042 gloriosius
913 974 1209 1042 exaltatur,
1233 982 1296 1030 ut
1324 975 1419 1048 qui
1436 975 1753 1046 paradisum

142 1059 389 1132 perdidit
417 1060 621 1116 omium
651 1060 921 1132 recipiat;
966 1070 1021 1118 et
1046 1079 1157 1119 non
1186 1065 1366 1119 solum
1396 1063 1546 1120 hunc
1582 1064 1754 1120 debiti

140 1149 225 1204 sui
257 1157 449 1205 reatus
476 1165 588 1205 non
620 1157 824 1219 teneat,
869 1151 966 1208 sed
1008 1152 1142 1209 huic
1183 1162 1307 1225 post
1344 1154 1563 1226 culpam
1607 1153 1755 1210 dona

139 1238 486 1296 cumulatius
524 1249 870 1309 excrescunt,
901 1250 963 1297 ut
992 1241 1086 1297 ille
1117 1250 1465 1316 contemptor
1491 1245 1614 1314 Dei,
1655 1245 1750 1301 ille

141 1329 394 1385 imitator
423 1327 661 1397 diaboli,
695 1330 743 1385 si
772 1330 841 1386 ad
880 1330 1126 1388 fructum
1165 1333 1504 1404 poenitentiae
1544 1334 1749 1403 redeat,

141 1434 317 1491 usque
359 1417 431 1474 ad
469 1417 859 1475 celsitudinem
898 1422 1339 1494 contemplandas
1372 1423 1584 1479 intimae
1613 1423 1754 1479 lucis

143 1508 427 1566 ascendat.
453 1507 625 1580 Cujus
654 1507 840 1583 itaque
869 1527 965 1567 cor
991 1527 1106 1568 non
1137 1511 1195 1567 in
1226 1510 1393 1585 hujus
1422 1513 1644 1585 pietatis
1661 1513 1753 1570 ad-

142 1597 442 1654 miratione
460 1598 686 1655 exsiliat
701 1599 729 1655 ?
754 1598 925 1671 Cujus
946 1609 1138 1673 torpor
1157 1619 1270 1659 non
1291 1602 1350 1658 in
1370 1602 1753 1661 sublevatione

137 1693 307 1743 tantae
329 1687 792 1746 considerationis
815 1693 1190 1762 expavescat?
1219 1691 1375 1748 Unde
1404 1700 1461 1748 et
1483 1700 1605 1766 apte
1627 1693 1752 1750 sub-

132 1776 394 1850 jungitur
412 1796 425 1835 :

575 1866 805 1925 CAPUT
840 1868 973 1927 XVI
1009 1867 1152 1943 [Rea
1190 1868 1321 1944 IX].

209 1954 346 2014 CAP.
379 1971 604 2026 xxxvn,
654 1956 827 2014 Vsus.
862 1959 913 2014 1.
962 1989 1028 2000 —-
1065 1959 1236 2031 Super
1275 1960 1369 2015 hoc
1407 1958 1622 2031 expavit
1660 1976 1751 2015 cor

136 2062 333 2113 meum,
362 2052 413 2102 et
425 2052 627 2101 motum
656 2053 731 2102 est
752 2046 816 2102 de
846 2048 957 2103 loco
986 2064 1102 2103 suo.

207 2136 296 2194 31.
328 2136 685 2194 Considerata
712 2142 920 2193 (eterna:
933 2138 1135 2209 patria:
1165 2138 1299 2203 luce,
1318 2154 1461 2194 mens
1488 2137 1547 2193 in
1572 2146 1749 2195 ecsta-

133 2229 237 2284 sim
280 2228 527 2300 rapitur.
572 2259 644 2270 —
680 2228 822 2296 Quia
850 2244 1023 2300 pavor
1048 2227 1181 2285 dum
1212 2236 1455 2285 mentem
1484 2230 1745 2301 percutit,

133 2319 279 2377 hanc
305 2336 340 2376 a
365 2320 662 2392 semetipsa
675 2320 913 2376 alienam
944 2319 1148 2387 reddit,
1178 2335 1579 2394 nonnunquam
1602 2320 1748 2376 Lati-

131 2409 196 2464 ni
223 2410 562 2481 interpretes
602 2410 856 2467 ecstasim
895 2426 1158 2483 pavorem
1197 2417 1419 2479 vocant,
1464 2410 1608 2466 sicut
1652 2425 1746 2481 per

133 2499 494 2555 Psalmistam
525 2499 766 2557 dicitur:
814 2502 930 2571 Ego
958 2501 1077 2556 dixi
1104 2501 1162 2555 in
1185 2518 1384 2572 pavore
1412 2518 1544 2569 meo,
1568 2499 1745 2572 proje-

129 2599 249 2647 ctus
278 2607 400 2646 sum
420 2609 456 2646 a
486 2592 638 2646 vultu
665 2592 940 2647 oculorum
971 2598 1186 2647 tuorum
1235 2592 1409 2665 (Psal.
1445 2609 1587 2662 xxx,
1626 2592 1742 2664 23).

131 2680 241 2737 Ubi
271 2679 542 2737 videlicet
569 2697 682 2736 non
711 2697 903 2753 pavor,
933 2681 1030 2738 sed
1057 2698 1318 2738 excessus
1344 2681 1456 2737 dici
1486 2689 1698 2754 poterat
1728 2700 1742 2749 ;

132 2770 239 2826 sed
268 2786 449 2841 pavor
479 2770 598 2826 illic
628 2786 726 2841 pro
768 2785 997 2825 excessu
1037 2771 1286 2843 ponitur,
1329 2772 1459 2843 quia
1500 2771 1644 2828 sicut
1687 2772 1746 2826 in

127 2875 394 2928 excessu,
448 2859 527 2913 ita
566 2860 624 2914 in
664 2874 865 2930 pavore
898 2860 1173 2915 alienatur
1199 2860 1438 2917 animus.
1472 2860 1627 2916 Unde
1654 2860 1748 2916 hic

124 2964 360 3022 quoque
398 2946 749 3005 considerata
775 2948 897 3005 luce
924 2956 1143 3005 aeternae
1173 2949 1384 3021 patriae,
1430 2956 1575 3005 recte
1606 2949 1747 3005 sub-

122 3039 427 3113 iungitur:
462 3038 634 3109 Super
662 3039 757 3093 hoc
784 3039 998 3110 expavit
1025 3056 1117 3094 cor
1145 3056 1337 3095 meum.
1368 3040 1450 3096 Ac
1477 3039 1525 3095 si
1557 3038 1741 3096 dicat:

1862 527 2113 584 tionibus
2141 528 2347 601 frigida
2376 530 2831 604 insensibilisque
2848 536 3136 605 torpescit,
3160 553 3376 594 necesse
3391 545 3473 594 est

1863 623 1925 672 ut
1952 619 2230 689 quomodo
2260 619 2478 675 interna
2505 620 2843 691 cogitatione
2860 628 3133 694 tangatur,
3167 627 3253 681 vel
3284 626 3475 699 quali-

1862 712 1946 762 ter
1972 707 2042 763 ad
2070 708 2345 781 spiritalia
2376 711 2397 744 ‘
2444 709 2809 778 sensiﬁcetur,
2852 711 3137 785 adjungat.
3170 715 3466 787 Sequitur:

2129 800 2359 857 CAPUT
2391 802 2548 858 XVII
2581 800 2720 875 [νει.
2745 804 2908 870 XIII,
2942 805 3063 861 Rec.
3096 803 3195 877 X].

1933 884 2108 945 Vens.
2128 889 2180 944 2.
2219 919 2279 928 -—
2303 890 2839 947 Audietauditionem
2858 893 2916 946 in
2948 900 3151 947 terrore
3171 892 3311 947 vocis
3336 894 3470 961 ejus,

1862 979 1911 1028 et
1937 991 2123 1031 sonum
2153 978 2216 1032 de
2247 996 2338 1033 ore
2366 980 2515 1034 illius
2539 981 2923 1051 procedentem.

1933 1064 2021 1120 33.
2051 1067 2195 1122 Deus
2219 1068 2377 1138 prius
2409 1070 2597 1123 timore
2615 1068 2815 1139 judicii
2862 1086 2959 1124 nos
2999 1070 3242 1141 castigat,
3290 1078 3473 1142 postea

1862 1155 2079 1209 ca’lestis
2117 1157 2409 1212 dulcedinis
2453 1159 2809 1214 consolatione
2851 1159 3037 1231 reﬁcit.
3071 1189 3138 1199 —
3168 1159 3286 1215 Mos
3332 1160 3469 1216 sacri

1863 1244 2074 1318 eloquii
2105 1253 2187 1301 est
2217 1254 2279 1302 ut
2307 1263 2435 1303 cum
2467 1247 2661 1302 audire
2691 1247 2903 1322 aliquid
2935 1263 3031 1320 per
3055 1247 3308 1304 auditum
3340 1249 3471 1305 insi-

1863 1341 2017 1401 nuat,
2051 1335 2234 1392 audiri
2264 1336 2520 1392 eumdem
2550 1336 2806 1394 auditum
2835 1336 3004 1405 dicat,
3039 1338 3185 1393 sicut
3214 1335 3473 1394 Habacuc

1862 1420 1940 1478 ait
1972 1440 1984 1477 :
2016 1423 2263 1490 Domine,
2293 1425 2480 1480 audivi
2507 1425 2754 1481 auditum
2785 1432 2956 1494 tuum,
2993 1431 3043 1481 et
3062 1426 3216 1482 timui
3244 1425 3466 1495 (Habac.

1864 1526 1948 1579 nr,
1983 1511 2061 1583 1).
2094 1512 2252 1569 Unde
2281 1512 2374 1571 hic
2404 1530 2622 1588 quoque
2653 1513 2888 1571 dicitur:
2920 1514 3118 1571 Audiet
3144 1514 3472 1571 auditionem

1860 1597 1920 1652 in
1949 1606 2151 1657 terrore
2176 1602 2315 1658 vocis
2341 1602 2472 1673 ejus.
2514 1603 2832 1660 Notandum
2861 1620 2992 1660 vero
3034 1611 3118 1660 est
3163 1602 3310 1676 quod
3356 1621 3470 1663 vox

1859 1688 1961 1745 Dei
1992 1708 2103 1747 non
2132 1692 2190 1747 in
2221 1693 2440 1764 gaudio,
2466 1693 2563 1750 sed
2591 1693 2650 1749 in
2671 1702 2882 1750 terrore
2910 1693 3092 1750 audiri
3122 1694 3466 1766 perhibetur,

1782 1804 1831 1865 Β
1861 1781 1993 1853 quia
2019 1781 2290 1837 nimirum
2324 1790 2578 1854 peccator
2597 1784 2832 1856 quisque
2858 1783 2992 1838 dum
3014 1784 3133 1839 sola
3153 1799 3274 1856 quae
3305 1791 3469 1840 terre-

1862 1885 1934 1925 na
1962 1876 2095 1924 sunt
2121 1871 2345 1941 cogitat,
2378 1869 2514 1926 dum
2543 1886 2639 1926 cor
2669 1886 2992 1943 oppressum
3025 1869 3234 1927 infimis
3264 1873 3467 1943 cogita-

1862 1959 2111 2016 tionibus
2142 1966 2337 2032 gestat,
2370 1959 2416 2015 si
2438 1966 2661 2031 repente
2689 1959 2897 2015 divinae
2918 1959 3107 2031 gratiae
3134 1958 3470 2032 aspiratione

1861 2049 2128 2120 tangitur,
2152 2047 2259 2104 hoc
2278 2055 2405 2104 ante
2430 2049 2622 2104 omnia
2637 2047 2921 2121 intelligit,
2954 2046 3101 2121 quod
3122 2055 3322 2105 cuncta
3346 2065 3467 2123 quae

1859 2139 1972 2211 agit
2002 2138 2258 2195 districta
2285 2138 2478 2195 aeterni
2501 2137 2710 2210 judicis
2731 2137 3212 2195 animadversione
3230 2138 3463 2211 punian-

1859 2236 1968 2284 tur.
1997 2228 2230 2285 Auditio
2259 2228 2430 2302 igitur
2463 2230 2616 2285 vocis
2644 2228 2743 2285 Dei
2775 2230 2930 2302 prius
2960 2229 3017 2285 in
3047 2236 3253 2284 terrore
3282 2227 3364 2297 ﬁt,
3405 2235 3467 2283 ut

1859 2325 2047 2389 postea
2075 2324 2323 2373 vertatur
2342 2318 2401 2373 in
2432 2316 2807 2386 dulcedinem,
2837 2318 2968 2390 quia
2995 2324 3122 2374 ante
3149 2333 3251 2373 nos
3280 2316 3463 2373 distri-

1857 2409 1931 2465 cti
1957 2408 2157 2480 judicii
2178 2409 2376 2466 timore
2392 2409 2641 2481 castigat,
2663 2416 2725 2464 ut
2748 2407 2864 2480 jam
2895 2408 3187 2480 castigatos
3214 2423 3463 2479 supernae

1858 2496 2169 2554 dulcedinis
2198 2498 2574 2555 consolatione
2596 2496 2826 2553 reﬁciat.
2859 2497 2996 2553 Nam
3026 2513 3153 2553 cum
3182 2513 3284 2552 nos
3324 2497 3458 2551 vio-

1857 2588 2006 2643 lenta
2063 2604 2249 2643 rerum
2297 2586 2689 2660 temporalium
2748 2585 3040 2643 delectatio
3089 2583 3354 2657 possidet,
3404 2595 3459 2641 et

1858 2678 2061 2734 mentis
2092 2685 2293 2733 nostrae
2322 2678 2514 2734 oculos
2543 2677 2601 2732 in
2621 2692 2825 2732 somno
2855 2675 3097 2747 torporis
3124 2676 3347 2748 premit,
3368 2678 3388 2710 δ
3413 2676 3460 2731 si

1858 2782 2025 2822 manu
2053 2767 2236 2823 subita
2253 2768 2479 2840 superni
2508 2777 2788 2838 respectus
2817 2767 3149 2834 excitamur,
3188 2765 3286 2821 diu
3315 2767 3460 2822 clau-

1857 2872 1946 2911 sos
1974 2872 2107 2911 mox
2135 2856 2355 2913 eosdem
2403 2858 2472 2912 ad
2519 2856 2771 2911 veritatis
2813 2856 2992 2912 lucem
3022 2855 3212 2911 oculos
3260 2854 3461 2910 mentis

1856 2946 2154 3017 aperimus,
2179 2962 2299 3018 quae
2331 2945 2543 3016 egimus
2583 2945 2729 3009 mala
2759 2944 3139 3011 meminimus,
3172 2958 3336 3015 quam
3379 2943 3461 2998 di-

1856 3037 2080 3092 strictus
2104 3035 2280 3108 judex
2308 3042 2502 3092 contra
2529 3033 2648 3090 hac
2677 3033 2863 3089 veniat
2892 3032 3146 3089 videmus
3178 3050 3189 3087 :
3225 3034 3246 3069 ⁶
3280 3047 3458 3087 versa-

122 3131 191 3187 In
215 3128 618 3186 admirationis
650 3143 879 3185 excessu
905 3146 962 3184 se
991 3129 1299 3198 transtulit,
1329 3136 1384 3185 et
1413 3130 1545 3201 quia
1586 3145 1743 3184 novas
1779 3164 1823 3224 Ο
1854 3133 1946 3181 tur
1974 3126 2032 3181 in
2063 3133 2244 3182 mente
2274 3131 2511 3198 quantus
2542 3123 2636 3179 ille
2662 3123 2735 3179 sit
2764 3122 2902 3178 tanti
2928 3120 3143 3224 judicis
3164 3120 3455 3219 adventus,

125 3219 251 3293 spei
283 3217 491 3291 spiritu
520 3234 673 3274 mens
701 3217 886 3274 aﬂlata
928 3225 1030 3285 est,
1066 3219 1419 3290 semetipsam
1462 3219 1643 3292 qualis
1685 3218 1743 3274 in

124 3316 358 3366 vetusta
381 3307 715 3380 cogitatione
744 3307 924 3363 fuerat
953 3307 1199 3381 reliquit.
1402 3298 1409 3305 ’

198 3400 296 3458 32.
327 3400 459 3464 Cor,
482 3399 703 3454 terrenis
722 3398 989 3469 despectis,
1017 3398 1089 3454 ad
1107 3400 1223 3456 sola
1242 3398 1469 3455 calestia
1487 3399 1740 3470 suspirat.

124 3489 357 3545 —Bene
374 3495 557 3544 autem
579 3486 786 3543 dicitur
804 3504 815 3543 :
834 3489 911 3544 Et
924 3494 1123 3542 motum
1137 3494 1212 3543 est
1230 3488 1292 3543 de
1309 3489 1417 3544 loco
1432 3506 1549 3544 suo.
1568 3488 1746 3544 Locus

124 3579 342 3653 quippe
371 3576 606 3634 humani
632 3575 816 3634 cordis
846 3585 928 3633 est
957 3576 1249 3635 delectatio
1279 3578 1408 3634 vitae
1430 3576 1742 3650 praesentis.

125 3667 240 3725 Sed
286 3684 419 3725 cum
466 3666 659 3723 divina
698 3666 1035 3739 aspiratione
1074 3669 1321 3740 tangitur
1367 3667 1525 3724 locus
1567 3667 1744 3725 nostri

124 3755 344 3823 cordis,
384 3755 447 3812 ﬁt
490 3772 647 3813 amor
687 3758 1031 3814 aeternitatis.
1079 3756 1531 3815 Consideratione
1577 3757 1747 3829 igitur

126 3856 357 3904 aeternae
408 3845 599 3918 patriai
639 3844 708 3902 de
747 3846 869 3902 loco
903 3862 1004 3903 suo
1041 3846 1262 3901 animus
1303 3852 1578 3913 movetur,
1618 3845 1747 3918 quia

126 3933 426 3992 derelictis
446 3932 675 4002 inﬁmis,
698 3935 756 3989 in
775 3934 1027 4007 supernis
1046 3933 1477 4006 cogitationibus
1498 3933 1742 4006 ponitur.

126 4027 303 4083 Prius
332 4025 484 4081 enim
515 4042 638 4099 quae
667 4033 848 4082 essent
873 4033 1077 4082 aeterna
1104 4024 1402 4093 nesciebat,
1431 4024 1488 4079 in
1513 4040 1745 4096 praesen-

126 4119 280 4173 tium
298 4115 668 4173 delectatione
700 4124 1000 4189 torpuerat,
1030 4112 1305 4189 simulque
1334 4115 1449 4187 ipse
1477 4114 1748 4171 transiens

127 4222 325 4263 amore
375 4206 720 4262 transeuntia
757 4206 995 4262 tenebat.
1049 4203 1155 4262 Sed
1191 4212 1478 4277 postquam
1510 4220 1635 4276 quae
1666 4220 1746 4260 es-

127 4303 257 4353 sent
286 4302 497 4351 aeterna
511 4297 793 4368 cognovit,
817 4303 1106 4368 postquam
1125 4310 1375 4366 supernae
1396 4293 1537 4349 lucis
1565 4291 1747 4348 radios

127 4386 343 4458 raptim
373 4384 804 4457 contemplando
835 4385 1091 4456 contigit,
1136 4381 1156 4421 ¹
1189 4381 1556 4440 admiratione
1586 4398 1747 4437 sum-

128 4491 360 4531 morum
385 4489 502 4530 sese
535 4473 604 4531 ab
635 4473 844 4531 inﬁmis
872 4476 1168 4533 suscitatus
1196 4474 1457 4542 elevavit,
1502 4481 1565 4529 ut
1595 4473 1748 4528 nulla

124 4563 244 4636 jam
277 4563 332 4619 ei
368 4563 477 4619 nisi
512 4580 634 4637 quae
665 4572 869 4621 aeterna
907 4572 1038 4621 sunt
1078 4564 1307 4633 libeant,
1346 4570 1422 4631 et,
1476 4561 1747 4634 despectis

129 4653 577 4724 transeuntibus,
609 4656 726 4712 sola
754 4672 874 4729 quas
897 4664 1243 4730 permanent,
1277 4655 1543 4729 requirat.
1602 4653 1746 4709 Bene

130 4760 264 4816 ergo
306 4742 548 4800 dicitur:
605 4746 777 4817 Super
805 4746 900 4801 hoc
940 4744 1156 4818 expavit
1182 4750 1327 4807 868
1354 4760 1447 4799 cor
1474 4759 1666 4807 meum,
1702 4747 1749 4797 et

129 4846 340 4895 motum
364 4848 442 4896 est
468 4841 531 4897 de
563 4842 671 4898 loco
699 4859 818 4911 suo,
851 4843 982 4915 quia
1014 4842 1231 4914 pigrum
1264 4858 1381 4911 cor,
1428 4850 1483 4897 et
1514 4839 1748 4897 terrenis

133 4928 355 4986 dudum
373 4931 808 5003 cogitationibus
830 4931 1102 5000 deditum,
1134 4949 1261 4988 cum
1288 4939 1513 5004 repente
1541 4948 1638 5004 per
1656 4947 1746 4987 ex-

133 5036 359 5077 cessum
392 5022 415 5056 ²
441 5037 499 5078 se
514 5020 584 5078 ad
603 5039 821 5079 summa
839 5020 1149 5095 suspendit,
1171 5021 1526 5094 cogitationis
1542 5021 1748 5078 inﬁmae

133 5108 326 5168 locum
356 5113 615 5169 mutavit.
641 5114 663 5149 ³
686 5112 792 5170 Sed
820 5114 948 5186 quia
974 5128 1069 5185 per
1095 5113 1445 5193 semetipsam
1475 5111 1534 5167 in
1564 5127 1748 5167 amore

133 5201 429 5269 praesentis
471 5202 665 5259 saeculi
704 5209 979 5276 prostrata
1019 5218 1177 5260 mens
1215 5200 1501 5271 dormitat,
1538 5208 1593 5258 et
1637 5200 1747 5257 nisi

210 5431 230 5467 ¹
260 5430 493 5503 Pratel.,
534 5430 680 5503 Utic.
713 5438 767 5487 et
791 5431 911 5499 alii,
940 5431 1059 5503 ipsa
1088 5429 1466 5487 admiratione.

209 5503 232 5538 ³
257 5502 529 5575 Vindoc.,
558 5502 813 5575 Ebroic.,
845 5502 976 5571 etc.,
1001 5519 1057 5558 se
1078 5503 1150 5558 ad
1170 5519 1422 5575 superna.

210 5576 232 5609 ³
254 5569 525 5643 Vindoc.,
558 5569 987 5643 Pratel.,vUtic.’,
1017 5575 1107 5629 sed
1146 5569 1272 5630 dum
1298 5590 1395 5645 per
1420 5569 1751 5645 semetipsam

140 5645 194 5718 in
217 5663 404 5702 amore
426 5646 706 5718 prementis
740 5663 929 5703 που..
965 5662 1117 5718 mens
1146 5644 1398 5715 dormiat,
1437 5651 1485 5699 et
1520 5644 1628 5699 nisi
1672 5644 1752 5697 di-

136 5715 273 5773 vinae
298 5715 494 5791 gratia:
520 5718 850 5788 aspiratione
875 5717 1120 5791 pulsetur
1147 5718 1205 5774 in
1233 5718 1342 5775 suis
1367 5718 1617 5774 delect....
1644 5721 1754 5772 tor-

136 5797 336 5860 pescat,
366 5805 573 5847 necesse
596 5794 691 5858 est,
722 5797 826 5849 etc.

1855 3234 1976 3290 quae
2006 3224 2140 3276 tunc
2158 3216 2257 3271 illa
2275 3215 2348 3271 sit
2367 3213 2659 3271 hominum
2675 3212 3103 3285 angelorumque
3117 3208 3449 3283 frequentia,

1854 3312 2059 3378 quanta
2085 3304 2143 3359 vi
2167 3310 2361 3360 contra
2388 3302 2651 3375 reprobos
2681 3308 2736 3357 et
2777 3299 3029 3356 ardentia
3056 3305 3302 3371 pugnent
3330 3298 3456 3354 ele-

1856 3402 2058 3462 menta,
2092 3410 2256 3468 quam
2286 3392 2610 3450 terribiliter
2640 3398 2843 3446 aeterna
2864 3387 3091 3461 prodeat
3117 3386 3185 3443 de
3215 3386 3457 3445 districti

1849 3481 2056 3554 judicis
2085 3496 2179 3536 ore
2207 3479 2498 3546 sententia,
2540 3494 2648 3551 qua
2679 3476 2926 3550 reprobis
2946 3477 2966 3511 ⁷
3002 3474 3244 3532 dicitur:
3279 3476 3457 3533 Disce-

1856 3574 1961 3629 dite
1986 3592 2022 3627 a
2048 3589 2147 3639 me,
2176 3570 2463 3637 maledicti,
2488 3570 2548 3625 in
2577 3570 2745 3641 ignem
2771 3573 3046 3636 aeternum,
3068 3565 3161 3638 qui
3174 3583 3454 3639 praepara-

1858 3669 1939 3717 tus
1968 3667 2043 3717 est
2069 3660 2281 3716 diabolo
2310 3666 2359 3716 et
2383 3659 2584 3730 angelis
2612 3659 2727 3729 ejus
2754 3657 2973 3730 (Matth.
3006 3672 3146 3721 xxv,
3193 3653 3311 3726 41).
3342 3656 3447 3710 Eo-

1856 3749 2106 3808 rumdem
2139 3766 2302 3823 pmna
2327 3748 2692 3823 reproborum
2721 3757 2849 3804 ante
2877 3747 3069 3804 oculos
3102 3744 3368 3813 volvitur,
3403 3752 3459 3802 et

1855 3859 1975 3917 quae
2004 3843 2117 3900 sint
2154 3840 2416 3913 gehennae
2445 3837 2704 3907 tenebras,
2738 3854 2865 3894 cum
2892 3836 3045 3910 gravi
3068 3833 3458 3892 amaritudinis

1854 3931 2188 3989 obscuritate
2218 3939 2498 4003 pensatur.
2532 3927 2672 3995 Quia
2702 3944 2830 4000 ergo
2849 3924 3150 3998 superbum
3180 3940 3276 3981 cor
3305 3922 3458 3994 prius

1853 4030 2063 4079 terrore
2091 4020 2429 4086 concutitur,
2462 4025 2525 4074 ut
2553 4033 2882 4074 concussum
2913 4016 2972 4071 in
3002 4029 3188 4069 amore
3234 4010 3451 4067 solide-

1854 4119 1964 4180 tur,
1995 4117 2142 4169 recte
2161 4123 2311 4165 nunc
2330 4106 2535 4164 dicitur
2562 4124 2574 4162 :
2597 4105 2795 4161 Audiet
2821 4103 3146 4160 auditionem
3168 4102 3227 4156 in
3257 4106 3459 4156 terrore

1854 4201 1995 4257 vocis
2023 4199 2155 4270 ejus.
2187 4196 2294 4255 Ubi
2332 4205 2386 4254 et
2424 4195 2564 4253 bene
2608 4192 2964 4267 subjungitur
2996 4211 3008 4250 :
3042 4193 3117 4249 Et
3159 4207 3341 4247 sonum
3397 4189 3459 4244 de

1856 4308 1947 4348 ore
1965 4290 2115 4347 illius
2139 4287 2523 4361 procedentem.

1928 4380 2015 4438 34.
2054 4381 2345 4449 Utrumque
2378 4381 2603 4450 prastat
2633 4372 2869 4447 Spiritus
2897 4377 3110 4428 sanctus
3138 4370 3201 4427 de
3228 4387 3319 4427 ore
3354 4369 3459 4426 Do-

1856 4472 1991 4529 mini
2013 4470 2317 4544 procedens.
2348 4498 2419 4509 —
2448 4466 2626 4523 Sonus
2654 4463 2724 4520 de
2752 4479 2846 4520 ore
2873 4460 2974 4519 Dei
3004 4468 3088 4517 est
3128 4460 3214 4515 vis
3242 4460 3461 4517 timoris

1856 4562 1923 4618 de
1980 4576 2218 4634 superna
2263 4559 2481 4615 irruens
2529 4554 2884 4627 aspiratione,
2935 4551 3067 4624 quia
3107 4566 3233 4607 cum
3264 4565 3366 4606 nos
3392 4546 3461 4606 de

1857 4651 2109 4709 venturis
2151 4649 2423 4706 Dominus
2461 4642 2757 4718 aspirando
2801 4642 2994 4714 replet,
3042 4640 3233 4713 procul
3291 4637 3461 4695 dubio

1857 4744 1925 4799 de
1963 4721 2298 4814 male‘gestis
2342 4734 2637 4809 praeteritis
2684 4741 2871 4789 terret.
2916 4731 3103 4786 Potest
3135 4737 3319 4785 autem
3365 4744 3462 4801 per

1857 4850 1919 4889 os
1945 4831 2067 4901 Dei,
2100 4828 2421 4902 unigenitus
2451 4822 2728 4897 designari
2759 4820 2958 4888 Filius,
2992 4819 3089 4892 qui
3135 4820 3281 4875 sicut
3322 4815 3461 4871 bra—

1858 4922 2051 4980 chium
2082 4920 2202 4993 ejus
2231 4919 2459 4985 dicitur,
2491 4916 2622 4989 quia
2650 4930 2746 4988 per
2774 4928 2901 4968 eum
2931 4916 3132 4967 cuncta
3159 4910 3318 4964 Pater
3337 4922 3459 4978 ope-

1858 5021 2030 5081 ratur,
2060 5012 2129 5069 de
2156 5027 2265 5085 quo
2298 5007 2565 5082 propheta
2590 5005 2668 5063 ait
2692 5022 2704 5060 :
2737 5005 2811 5060 Et
2839 5001 3112 5058 brachium
3129 4998 3347 5055 Domini
3375 4998 3460 5052 cui

1856 5105 2144 5161 revelatum
2189 5108 2263 5157 est
2303 5100 2459 5173 (Isai.
2518 5115 2640 5167 LIII,
2674 5096 2727 5169 1)
2761 5093 2789 5151 ?
2830 5092 2897 5149 de
2945 5108 3055 5164 quo
3099 5091 3335 5146 Joannes
3363 5085 3461 5143 di-

1855 5195 1934 5253 cit
1965 5213 1978 5252 :
2014 5192 2205 5251 Omnia
2227 5207 2331 5265 per
2364 5190 2541 5263 ipsum
2584 5185 2733 5259 facta
2760 5187 2886 5239 sunt
2915 5180 3096 5253 (Joan.
3147 5195 3187 5249 ι,
3220 5177 3284 5252 3)
3316 5196 3331 5246 ;
3384 5175 3462 5234 ita

1933 5425 1954 5461 ‘
1985 5424 2171 5497 Baluz.
2205 5430 2259 5478 et
2291 5417 2472 5485 Colb.,
2499 5412 2854 5497 signiﬁcetur.
2952 5480 3000 5497 μ

1932 5498 1953 5532 ⁵
1984 5495 2184 5551 Pratel.
2219 5501 2272 5549 et
2302 5480 2583 5555 nonnulli,
2616 5480 2663 5542 si
2690 5499 2855 5540 manu
2883 5480 3073 5555 θηρίῳ..

1934 5571 1955 5604 ⁸
1986 5550 2241 5637 Longip.,
2296 5550 2579 5637 versamus
2612 5560 2897 5637 iumenta.
2946 5550 3114 5621 Ibid.,
3165 5550 3354 5608 Baluz.
3407 5559 3461 5609 et

1861 5641 2041 5707 Colb.,
2074 5629 2181 5711 pro.
2202 5629 2419 5711 iudicis,
2449 5629 2890 5711 habentjudicii.

1936 5715 1954 5747 ⁷
1990 5700 2102 5780 ᾹΙΪ,
2134 5700 2282 5776 dicit,
2315 5715 2377 5764 ut
2402 5700 2611 5762 habent
2641 5701 2797 5762 Colb.
2822 5710 2876 5757 et
2906 5700 3095 5757 Baluz.
