3920 6370
171 287 258 345 421
850 293 1225 355 MORALIUM
1265 298 1397 356 LIB.
1443 300 1673 360 XXVII.
1715 333 1786 345 —
1823 303 1897 361 IN
1951 305 2182 364 CAPUT
2223 310 2490 370 XXXVII
2526 315 2587 372 B.
2630 316 2772 373 JOB.

3337 281 3479 385 ~4:22

166 427 238 474 ter
459 419 644 474 lumen
670 420 844 490 illius,
865 429 1023 478 terrae
1053 425 1321 482 terminos
1341 428 1585 500 respicit,
1609 430 1738 502 quia
1767 433 1816 492 A
1846 431 2018 503 rugiet
2059 435 2282 504 sonitus,
2324 439 2455 511 quia
2483 457 2609 496 cum
2643 451 2884 502 mentem
2958 450 3110 508 Deus
3149 455 3478 528 ingreditur,

164 509 575 584 postsublimem
593 511 766 568 vitam
783 513 1208 585 praecedentium
1223 518 1388 574 etiam
1405 527 1751 591 peccatorum

165 617 328 657 mores
338 602 792 674 actusquegratiae
804 621 913 659 suae
927 603 1298 664 illustratione
1311 611 1746 682 comprehendit.

163 691 257 759 Qui
300 690 404 747 etsi
447 691 719 748 virtutum
757 694 912 766 signa
961 713 1109 754 nunc
1153 715 1248 770 per
1293 700 1467 756 vitam
1503 701 1750 760 ﬁdelium

163 779 340 836 crebro
385 797 497 836 non
543 782 740 851 exerit,
777 783 846 839 ab
895 785 1102 842 eisdem
1137 795 1318 846 tamen
1369 790 1626 847 ﬁdelibus
1657 809 1752 863 per

164 871 410 927 virtutem
455 889 684 946 operum
731 891 1018 950 nunquam
1061 879 1285 936 recedit.
1342 882 1526 938 Potest
1579 883 1750 938 etiam

149 961 334 1042 lumen
363 961 516 1020 illius
547 981 711 1037 super
740 966 1009 1024 terminos
1030 977 1189 1026 terra)
1215 971 1296 1026 ita
1315 971 1576 1043 intelligi,
1599 971 1761 1045 quod

161 1051 467 1126 praedicatio
495 1070 744 1126 supernae
771 1057 959 1128 gratia:
989 1058 1119 1116 dum
1139 1067 1327 1132 gentes
1353 1059 1423 1116 ad
1454 1060 1617 1117 ﬁdem
1639 1063 1748 1118 col-

161 1141 292 1212 ligit,
322 1141 468 1196 intra
497 1143 848 1216 semetipsam
885 1147 1080 1204 mundi
1110 1149 1316 1206 limites
1343 1151 1562 1208 clausit.

223 1229 304 1287 38.
338 1231 549 1287 Diuina:
572 1235 762 1305 gratia:
789 1235 1106 1293 miraculum
1130 1238 1188 1293 in
1215 1243 1548 1296 conversione
1571 1259 1748 1312 pecca-

161 1327 321 1376 torum
345 1321 398 1376 in
417 1315 666 1378 extremis
684 1327 802 1396 posi
807 1333 1000 1384 torum.
1019 1359 1089 1370 —-
1107 1329 1207 1386 Vel
1232 1338 1382 1387 certe
1401 1333 1627 1388 termini
1644 1340 1748 1389 ter-

161 1429 246 1480 rae,
273 1419 400 1468 sunt
427 1411 568 1470 ﬁnes
599 1413 892 1472 hominum
925 1426 1296 1489 peccatorum.
1333 1423 1404 1478 Et
1433 1439 1575 1494 saepe
1605 1438 1748 1480 con-

161 1503 310 1574 tingit
335 1509 395 1558 ut
423 1503 675 1576 plerique
705 1507 880 1562 Deum
911 1506 1184 1578 deserant,
1217 1517 1270 1566 et
1300 1510 1432 1566 vitae
1465 1528 1578 1567 suae
1613 1519 1749 1567 tem-

159 1607 281 1665 pora
307 1590 362 1648 in
391 1591 684 1650 desideriis
712 1596 1028 1652 carnalibus
1057 1599 1402 1670 expendant;
1436 1599 1533 1656 sed
1567 1607 1746 1656 tamen

160 1697 380 1754 superna
399 1683 577 1756 gratia
597 1685 830 1756 respecti
853 1685 909 1740 in
938 1689 1201 1745 extremis
1231 1689 1346 1745 suis
1374 1687 1444 1744 ad
1472 1691 1646 1746 Deum
1666 1706 1745 1745 re-

159 1769 336 1839 deunt,
365 1787 485 1844 quae
511 1773 626 1829 sint
646 1772 860 1845 judicia
889 1784 1093 1832 aeterna
1120 1786 1477 1850 cognoscunt,
1511 1786 1750 1836 cuncta-

160 1877 254 1936 que
307 1879 422 1936 quae
467 1881 528 1920 se
582 1881 835 1938 perverse
882 1868 1054 1940 egisse
1102 1869 1479 1939 meminerint,
1529 1870 1756 1927 ﬂetibus

161 1951 406 2023 puniunt,
437 1962 608 2027 atque
637 1953 755 2013 haec
784 1973 912 2015 vere
943 1975 1000 2014 se
1038 1958 1255 2032 insequi
1299 1961 1466 2017 rectis
1495 1959 1756 2032 operibus

161 2041 459 2100 ostendunt.
500 2043 716 2113 Quibus
743 2046 1110 2122 subsequente
1129 2049 1371 2122 justitia,
1399 2051 1646 2124 profecto
1675 2058 1755 2106 to-

162 2140 264 2188 tum
291 2132 598 2190 dimittitur
629 2135 777 2210 quod
817 2146 944 2194 ante
990 2139 1364 2213 deliquerunt.
1417 2142 1564 2198 Hinc
1605 2141 1756 2196 enim

162 2238 244 2296 per
270 2223 574 2296 prophetiae
596 2225 854 2298 spiritum
881 2228 1043 2284 Anna
1061 2229 1229 2286 dicit:
1262 2230 1524 2286 Dominus
1541 2229 1753 2300 judica-

161 2315 224 2372 bit
255 2317 379 2389 ﬁnes
399 2325 560 2375 terra:
590 2319 648 2391 (Ι
671 2322 794 2392 Reg.
826 2338 890 2391 ιι,
921 2321 1037 2392 10),
1069 2324 1199 2396 quia
1227 2323 1495 2381 nimirum
1525 2332 1758 2381 anteac-

160 2413 259 2464 tam
286 2409 458 2465 vitam
488 2411 638 2467 Deus
670 2427 782 2467 non
805 2410 1042 2483 judicat,
1065 2413 1288 2487 quando
1308 2415 1613 2488 posteriora
1633 2431 1755 2487 pec-

159 2504 391 2555 catorum
433 2507 690 2572 respectu
735 2519 985 2575 supernae
1037 2503 1260 2576 pietatis
1299 2505 1561 2562 illustrat.
1612 2505 1757 2562 Hinc

159 2587 356 2660 Moyses
370 2590 468 2646 ait:
490 2591 854 2664 Primogen-ita
873 2593 1016 2649 asini
1033 2595 1263 2650 mutabis
1283 2613 1375 2651 oce
1397 2595 1583 2668 (Exod
1593 2641 1603 2651 .
1629 2611 1754 2664 xm,

166 2675 262 2750 l3).
292 2678 394 2736 Per
423 2679 649 2738 asinum
677 2681 880 2755 quippe
908 2682 1290 2754 immunditia,
1313 2702 1409 2758 per
1429 2702 1591 2741 ovem
1624 2701 1756 2741 vero

163 2768 466 2828 innocentia
496 2770 836 2843 designatur.
878 2773 1040 2829 Asini
1078 2790 1206 2846 ergo
1251 2774 1620 2848 primogenita
1647 2791 1752 2831 ove

163 2867 376 2929 mutare,
409 2869 496 2917 est
524 2861 829 2918 immundae
862 2863 992 2918 vitae
1015 2863 1318 2936 primordia
1338 2865 1394 2920 in
1417 2865 1752 2921 innocentiae

163 2947 562 3022 simplicitatem
591 2960 931 3020 convertere,
963 2959 1026 3008 ut
1054 2960 1342 3025 postquam
1375 2953 1472 3009 illa
1500 2959 1755 3025 peccator

160 3037 275 3109 egit,
323 3056 448 3114 quae
497 3047 562 3095 ut
607 3041 895 3098 immunda
935 3042 1207 3099 Dominus
1265 3043 1495 3114 respuit,
1542 3059 1606 3098 ea
1637 3041 1756 3114 jam

161 3127 354 3198 agendo
399 3129 666 3202 proferat,
699 3146 819 3203 quae
865 3131 965 3188 Dei
993 3131 1268 3190 sacriﬁcio
1311 3133 1579 3204 imponat.
1613 3131 1756 3200 Quia

161 3233 275 3290 ergo
319 3228 442 3294 post
485 3238 660 3294 prava
705 3239 869 3296 opera
916 3231 1172 3296 peccator
1199 3225 1565 3292 convertitur,
1598 3231 1654 3280 et
1685 3223 1754 3280 ab

162 3309 424 3368 actionum
469 3329 700 3370 suarum
751 3313 994 3370 tenebris
1031 3313 1198 3386 juxta
1243 3315 1412 3372 finem
1454 3314 1754 3388 aliquando

163 3409 452 3470 revocatur,
481 3409 631 3459 recte
661 3403 1071 3461 nunc‘dicitur:
1123 3409 1262 3468 871
1297 3407 1372 3461 Et
1401 3405 1576 3460 lumen
1604 3403 1755 3460 illius

163 3512 306 3570 super
333 3500 586 3556 terminos
628 3506 800 3556 term.
835 3500 940 3558 Sed
975 3501 1128 3574 gravi
1176 3501 1333 3559 luctu
1361 3501 1531 3559 aﬂicit
1563 3499 1754 3558 eadem

165 3589 342 3658 gratia,
369 3605 490 3664 qua:
524 3596 648 3663 post
675 3591 924 3648 facinora
951 3599 1194 3648 mentem
1223 3593 1415 3664 replet.
1443 3592 1581 3648 Nam
1612 3591 1756 3646 male

165 3683 297 3746 gesta
317 3677 386 3735 ad
414 3679 744 3738 memoriam
771 3679 1009 3748 reducit,
1040 3681 1258 3754 sibique
1278 3680 1562 3738 hominem
1589 3696 1754 3754 quam

166 3767 229 3824 sit
249 3767 391 3842 juste
415 3771 769 3830 damnandus
799 3771 1063 3828 ostendit.
1101 3773 1255 3830 Unde
1285 3771 1350 3827 ﬁt
1378 3778 1440 3828 ut
1471 3778 1757 3844 peccatum

167 3873 314 3918 omne
341 3860 489 3935 quod
521 3876 580 3918 se
608 3862 782 3934 egisse
811 3861 1210 3929 reminiscitur,
1249 3860 1592 3934 quotidianis
1620 3860 1759 3917 ﬂeti-

168 3945 260 4004 bus
285 3948 638 4026 insequatur;
663 3957 718 4007 et
743 3968 852 4024 quo
868 3951 1042 4024 magis
1059 3951 1207 4006 valet
1226 3948 1344 4021 jam
1369 3950 1521 4023 quod
1545 3947 1758 4021 justum

169 4045 241 4093 est
263 4057 502 4111 cernere,
551 4057 618 4098 eo
653 4041 938 4098 ardentius
971 4041 1181 4113 appetit
1211 4039 1482 4111 injustum
1511 4057 1628 4097 sese
1657 4055 1760 4112 ge-

172 4127 386 4188 mitibus
412 4131 634 4204 punire.
666 4131 824 4188 Unde
851 4139 975 4204 apte
1005 4129 1396 4202 subjungitur:

577 4221 806 4280 CAPUT
835 4221 969 4277 XIX
1001 4218 1144 4294 [Reiz
1169 4218 1327 4294 XII].

234 4304 395 4368 Vnus.
423 4309 477 4368 4.
512 4341 579 4352 -
609 4312 740 4370 Post
763 4327 881 4366 eum
907 4311 1080 4382 rugiet
1103 4310 1326 4366 sonit-us.

234 4397 317 4458 39.
347 4401 572 4476 rimante
599 4409 647 4458 et
675 4403 870 4458 lucente
893 4401 1093 4474 gratia,
1121 4401 1440 4474 pwnitentice
1469 4398 1687 4472 gemitus
1717 4406 1764 4456 et

172 4488 363 4558 rugitus
375 4493 769 4550 audiuntur.—
785 4492 958 4561 Quem
975 4492 1122 4550 enim
1139 4492 1410 4549 Dominus
1430 4489 1761 4547 illustrando

1860 530 2076 580 constat
2106 525 2296 596 procul
2327 525 2500 584 dubio
2527 528 2676 600 quod
2702 547 2834 589 mox
2867 525 3482 616 pcenitentiai—gemitus

1860 622 2140 687 sequatur,
2173 624 2236 672 ut
2265 618 2315 673 ei
2340 616 2456 690 jam
2487 619 2787 676 salubriter
2817 623 2950 682 ﬂere
2972 629 3157 700 libeat,
3186 649 3306 706 quae
3328 637 3482 708 prius

1860 704 1928 760 de
1974 707 2366 780 iniquitatibus
2397 709 2580 766 ﬂenda
2602 708 2970 782 jucunditate
3000 704 3285 790 gaudebat.
3329 704 3476 799 Ῑνει.

1861 795 2037 870 Χν[.]
2089 799 2194 856 Sed
2226 816 2335 872 quo
2363 799 2600 858 uberius
2628 803 2790 876 culpa
2821 805 3004 876 ﬂetur,
3041 811 3062 844 ³
3091 827 3156 868 eo
3185 795 3358 872 altius
3377 833 3482 872 co—

1861 884 2036 952 gnitio
2053 887 2302 945 veritatis
2316 889 2628 962 attingitur,
2644 893 2773 965 quia
2787 893 2858 950 ad
2872 895 3181 955 videndum
3200 901 3477 960 internum

1861 971 2047 1028 lumen
2082 977 2294 1047 polluta
2320 977 2532 1035 dudum
2558 982 2896 1040 conscientia
2929 986 3190 1060 lacrymis
3209 988 3481 1063 baptizata

1861 1073 2175 1154 renovatur.
2212 1067 2366 1126 Unde
2393 1078 2516 1142 post
2546 1071 2885 1144 poenitentiae
2925 1079 3170 1150 rugitum
3199 1087 3324 1154 apte
3351 1083 3476 1139 sub-

1858 1149 2123 1225 jungitur
2147 1175 2159 1212 :

2273 1249 2502 1308 CAPUT
2535 1254 2641 1310 xx
2678 1253 2820 1328 [Rec.
2855 1258 3045 1335 XIII].

1933 1333 2072 1393 ΙΒιι).
2103 1365 2175 1378 --
2212 1338 2434 1394 Tonabit
2462 1359 2580 1397 uoce
2607 1333 3144 1414 magnitudinisﬁsuw.

1930 1423 2019 1482 40.
2071 1427 2184 1484 Vox
2202 1428 2302 1484 Dei
2323 1435 2606 1502 torpentem
2624 1441 2943 1505 peccatorem
2968 1441 3228 1509 excitans,
3252 1441 3476 1498 tonitrm'

1859 1514 2070 1573 similis.
2093 1548 2164 1560 —
2193 1518 2340 1576 Voce
2369 1521 2518 1578 enim
2552 1525 2952 1595 magnitudinis
2981 1545 3092 1585 sua:
3122 1532 3268 1587 Deus
3299 1537 3470 1601 tonat,

1861 1620 1990 1660 cum
2019 1622 2077 1661 se
2108 1606 2269 1663 nobis
2299 1608 2436 1666 bene
2458 1610 2574 1682 jam
2596 1629 2691 1684 per
2709 1613 2950 1672 lamenta
2971 1619 3286 1690 praeparatis
3307 1636 3473 1692 quam

1866 1692 1940 1748 sit
1970 1710 2200 1766 magnus
2231 1695 2287 1752 in
2317 1701 2570 1770 supernis
2605 1701 2872 1758 insinuat.
2893 1704 3059 1772 Quasi
3080 1707 3228 1764 enim
3251 1707 3318 1764 de
3331 1710 3474 1766 coelo

1785 1799 1832 1859 Β
1861 1783 2106 1838 tonitrus
2150 1786 2400 1856 procedit
2442 1805 2569 1844 cum
2615 1805 2716 1844 nos
2759 1790 2978 1847 incuria
3033 1794 3475 1869 negligentiaque

1867 1874 2149 1942 torpentes
2182 1874 2202 1906 ³
2234 1881 2514 1946 respectus
2550 1877 2736 1948 gratiae
2767 1894 2970 1950 pavore
2998 1880 3184 1938 subito
3213 1885 3472 1955 percutit,

1869 1967 2034 2033 atque
2055 1960 2114 2016 in
2135 1969 2283 2018 terra
2299 1965 2466 2036 positi
2495 1983 2692 2022 sonum
2714 1966 2781 2024 de
2799 1970 3179 2042 superioribus
3193 1972 3472 2044 audimus,

1870 2053 1999 2128 quia
2030 2061 2245 2112 terrena
2272 2057 2574 2129 cogitantes
2618 2061 2841 2132 superni
2886 2063 3112 2120 terroris
3139 2065 3470 2122 sententiam

1867 2153 2093 2218 repente
2124 2147 2589 2220 pertimescimus,
2614 2158 2669 2208 et
2698 2168 2852 2210 mens
2873 2153 3010 2210 bene
3018 2153 3134 2228 jam
3153 2155 3222 2214 de
3238 2156 3474 2214 summis

1866 2235 2111 2293 sollicita
2149 2237 2408 2310 trepidat,
2455 2255 2576 2312 quae
2606 2239 2760 2313 prius
2788 2241 2846 2298 in
2876 2241 3086 2301 inﬁmis
3116 2247 3257 2302 male
3282 2261 3475 2302 secura

1867 2324 2136 2397 torpebat.
2181 2328 2201 2361 ‘
2254 2327 2362 2385 Sed
2415 2328 2577 2385 istius
2625 2331 2962 2389 visitationis
3004 2335 3234 2393 occulta:
3272 2333 3474 2408 quibus

1869 2414 2052 2470 modis
2099 2432 2157 2471 se
2201 2417 2362 2474 nobis
2414 2417 2660 2476 insinuet
2700 2428 2879 2478 terror
2924 2423 3246 2496 ignoratur;
3296 2441 3474 2498 neque

1867 2503 2040 2575 ipsius
2069 2504 2270 2561 mentis
2300 2506 2415 2563 acie
2443 2508 2952 2580 comprehenditur,
2993 2509 3152 2583 cujus
3178 2511 3248 2568 ad
3277 2513 3475 2569 melius

1869 2592 2111 2650 intentio
2141 2603 2532 2653 commutatur.
2568 2597 2720 2654 Unde
2751 2607 2875 2671 apte
2903 2598 3258 2674 subjungitur
3292 2619 3303 2656 :

2469 2687 2698 2746 CAPUT
2727 2689 2880 2747 XXI.

1937 2773 2077 2831 IBID.
2113 2805 2185 2816 —
2212 2777 2286 2832 Et
2323 2794 2428 2833 non
2466 2777 2888 2850 inuestigabitur,
2935 2797 3055 2837 cum
3093 2781 3283 2838 audita
3309 2780 3477 2852 fuerit

1868 2877 1972 2915 vox
2008 2861 2144 2932 ejus.

1935 2950 2023 3008 41.
2069 2951 2272 3020 Quibus
2300 2953 2470 3008 modis
2498 2956 2606 3011 hac
2631 2973 2736 3012 vos:
2765 2975 2817 3012 se
2845 2958 2904 3013 in
2929 2975 3088 3014 aures
3125 2961 3300 3017 cordis
3326 2960 3472 3016 insi-

1864 3046 1988 3095 nuet
2003 3041 2512 3112 ignoratur.—Vox
2525 3045 2750 3101 Domini
2763 3045 2988 3102 auditur
3002 3063 3128 3104 cum
3149 3049 3336 3119 gratiae
3355 3045 3475 3119 ejus

1791 3167 1836 3228 C
1865 3129 2129 3202 aspiratio
2161 3138 2343 3188 mente
2363 3131 2693 3205 concipitur,
2715 3151 2844 3191 cum
2866 3133 3266 3192 insensibilitas
3285 3137 3466 3193 occul-

1865 3227 1937 3276 tae
1979 3221 2270 3279 surditatis
2307 3223 2608 3294 rumpitur,
2657 3230 2713 3280 et
2755 3241 2851 3282 cor
2887 3224 2956 3282 ad
2986 3224 3231 3282 studium
3262 3227 3467 3283 summi

1865 3326 1953 3366 am
1961 3310 2074 3368 oris
2089 3313 2395 3370 excitarum
2412 3313 2636 3369 virtutis
2653 3313 2864 3370 intimae
2880 3317 3120 3373 clamore
3135 3323 3470 3388 penetratur.

1867 3399 1973 3456 Sed
2021 3401 2185 3458 istam
2225 3419 2418 3459 vocem
2468 3403 2910 3475 supervenientis
2955 3405 3214 3478 Spiritus,
3263 3423 3384 3481 quae
3415 3423 3472 3464 se

1868 3489 1924 3545 in
1957 3507 2116 3548 aures
2146 3491 2330 3550 cordis
2360 3493 2624 3562 insinuat,
2648 3510 2750 3552 nec
2771 3493 2889 3566 ipsa
2903 3512 3058 3552 mens
3078 3512 3200 3568 qum
3220 3511 3316 3568 per
3331 3495 3476 3554 hanc

1870 3581 2147 3639 illustrata
2184 3583 2354 3642 fuerit
2381 3582 2696 3655 investigat.
2748 3585 2980 3643 Pensare
3007 3585 3157 3644 enim
3188 3601 3299 3642 non
3328 3586 3478 3643 valet

1875 3671 2179 3730 invisibilis
2198 3675 2379 3730 virtus
2394 3673 2597 3746 quibus
2617 3674 2726 3730 sibi
2746 3675 3019 3733 meatibus
3035 3673 3250 3744 inﬂuat,
3273 3675 3475 3748 quibus

1869 3762 1938 3819 ad
1969 3781 2028 3820 se
2058 3763 2239 3822 modis
2268 3764 2478 3833 veniat,
2501 3765 2721 3838 ,quibus
2767 3765 3004 3824 recedat.
3053 3764 3206 3823 Unde
3247 3773 3301 3823 et
3337 3765 3476 3823 bene

1869 3868 1965 3924 per
1983 3853 2250 3910 Joannem
2278 3853 2514 3910 dicitur:
2542 3855 2563 3890 ⁵
2586 3855 2821 3926 Spiritus
2840 3855 2932 3911 ubi
2953 3856 3068 3912 vult
3079 3855 3256 3928 spirat
3275 3873 3296 3921 ;
3325 3861 3374 3912 et
3389 3873 3476 3911 υο·

1868 3959 1973 3996 cem
2001 3940 2114 4010 ejus
2140 3941 2323 4007 audis,
2369 3941 2460 3996 sed
2500 3941 2665 3996 nescis
2699 3943 2838 3999 unde
2863 3942 3060 4008 veniat,
3099 3949 3148 3998 et
3178 3959 3281 4014 quo
3314 3942 3479 3998 vadat

1869 4030 2059 4100 (Joan.
2091 4047 2175 4099 ιιι,
2207 4031 2290 4102 8).
2325 4030 2531 4088 Vocem
2571 4031 2719 4088 enim
2757 4031 2986 4104 spiritus
3031 4030 3243 4100 audire,
3285 4039 3368 4088 est
3413 4032 3471 4088 vi

1870 4120 2314 4194 compunctionis
2330 4119 2542 4178 intimae
2556 4120 2614 4178 in
2629 4136 2873 4178 amorem
2887 4119 3191 4178 invisibilis
3211 4121 3478 4180 condito-

1871 4212 1948 4268 ris
1975 4227 2277 4284 assurgere.
2310 4210 2416 4268 Sed
2447 4227 2609 4267 nemo
2637 4211 2743 4268 scit
2771 4210 2918 4268 unde
2937 4211 3144 4280 veniat,
3177 4210 3306 4284 quia
3326 4210 3478 4284 igno-

1871 4308 2026 4357 ratur
2055 4317 2151 4374 per
2179 4317 2276 4357 ora
2304 4300 2726 4374 przedicantium
2756 4299 2957 4374 quibus
2987 4317 3043 4358 se
3073 4299 3142 4358 ad
3179 4318 3280 4358 nos
3309 4316 3480 4358 occa-

1871 4391 2124 4447 sionibus
2153 4390 2372 4448 fundat.
2405 4392 2478 4448 Et
2509 4407 2673 4448 nemo
2701 4391 2809 4448 scit
2836 4407 2946 4464 quo
2976 4390 3161 4459 vadat,
3194 4388 3323 4464 quia
3351 4407 3478 4448 cum

1872 4500 2039 4540 unam
2064 4481 2512 4556 praedicationem
2543 4481 2706 4538 multi
2729 4481 2985 4552 audiunt,
3019 4481 3255 4555 intelligi
3287 4481 3479 4554 procul

175 4535 182 4538 -
205 4535 362 4558 πίνη...
375 4535 657 4550 "mum"...
679 4535 693 4549 .
787 4535 958 4561 κων...
975 4535 1122 4550 mu...
1139 4535 1410 4549 υνωιιηιυ
1430 4535 1759 4547 ιιι-υ-ιυ--ιων
1881 4535 2039 4540 -------
2064 4535 2120 4556 r-
2133 4535 2170 4538 ν-
2184 4535 2512 4539 ---“--ν--ν---
2544 4535 2597 4538 --
2609 4535 2658 4538 π-
2669 4535 2706 4538 --
2731 4535 2858 4539 ""“'
2871 4535 2985 4552 "‘“I
3019 4535 3273 4583 '—"":o‘.
3291 4535 3314 4554 1’
3329 4535 3343 4538 '
3362 4535 3380 4538 '
3397 4535 3413 4539 '
3430 4535 3477 4537 Ψ

175 4580 468 4652 repleverit,
493 4582 614 4657 ejus
632 4584 808 4641 vitam
829 4585 1021 4658 procul
1039 4582 1210 4640 dubio
1239 4583 1298 4639 in
1320 4584 1624 4640 lamentum
1643 4599 1760 4639 ver-
1795 4535 1844 4594 Β
1872 4574 2044 4632 dubio
2075 4577 2218 4637 872
2247 4589 2359 4630 non
2389 4579 2569 4647 potest
2600 4589 2764 4646 quem
2807 4571 3065 4632 deserens
3111 4571 3354 4644 abjiciat,
3386 4579 3483 4629 aut

175 4669 265 4738 tit;
295 4681 451 4748 atque
478 4676 812 4734 illuminatae
841 4677 1018 4734 menti
1048 4692 1158 4750 quo
1187 4675 1360 4748 magis
1388 4681 1593 4732 aeterna
1621 4691 1764 4747 sup-

177 4760 330 4830 plicia
354 4766 619 4836 insinuat,
650 4783 716 4824 eo
736 4766 880 4824 hanc
911 4768 928 4801 ¹
959 4766 1158 4824 durius
1185 4765 1252 4823 de
1277 4771 1554 4823 transacta
1572 4764 1764 4837 nequi-

178 4849 250 4906 tia
273 4856 563 4926 gemitibus
589 4857 818 4931 fatigat;
851 4866 906 4914 et
931 4857 1084 4914 dolet
1104 4856 1272 4914 homo
1297 4857 1448 4930 quod
1478 4856 1607 4924 fuit,
1632 4855 1765 4928 quia

179 4935 369 5000 bonum
389 4943 504 5018 jam
525 4947 726 5022 incipit
744 4947 933 5005 videre
953 4947 1100 5022 quod
1119 4963 1233 5004 non
1255 4945 1383 5014 fuit;
1406 4945 1526 5002 odit
1545 4945 1764 5018 qualem

181 5043 232 5084 se
255 5029 420 5092 fuisse
445 5037 724 5110 meminit,
753 5045 902 5096 amat
921 5038 1141 5113 qualem
1161 5053 1219 5095 se
1252 5053 1370 5095 esse
1394 5034 1651 5093 debuisse
1677 5052 1762 5092 co-

183 5124 401 5197 8noscit,
419 5135 476 5186 et
499 5130 677 5188 solam
690 5127 808 5204 jam
823 5128 1163 5204 poenitentiae
1191 5125 1618 5186 amaritudinem
1641 5124 1765 5181 dili-

1871 4670 2032 4744 cujus
2061 4670 2376 4745 ingrediens
2408 4670 2467 4727 in
2496 4669 2660 4728 corde
2681 4669 3008 4744 requiescat.
3033 4670 3152 4728 Una
3175 4669 3378 4743 quippe
3397 4685 3482 4727 res

1872 4761 2008 4820 foris
2027 4762 2228 4835 agitur,
2261 4761 2356 4820 sed
2384 4777 2498 4818 non
2529 4776 2624 4832 per
2653 4759 2798 4819 hanc
2816 4777 2929 4818 uno
2949 4759 3114 4818 modo
3143 4759 3482 4817 intuentium

1873 4851 2040 4909 corda
2055 4859 2435 4926 penetrantur,
2457 4849 2589 4924 quia
2607 4850 2704 4923 qui
2721 4849 3084 4908 invisibiliter
3103 4847 3350 4906 visibilis
3369 4865 3482 4904 mo-

1873 4941 2083 5012 diﬁcat,
2101 4941 2160 4999 in
2177 4941 2438 5000 humanis
2455 4940 2720 5000 cordibus
2733 4957 3026 4998 causarum
3042 4938 3254 4999 semina
3272 4939 3481 4996 incom-

1875 5032 2330 5107 prehensibiliter
2348 5031 2579 5105 plantat.
2609 5032 2754 5089 Hinc
2775 5039 2859 5090 est
2877 5031 3025 5105 quod
3041 5029 3366 5088 resuscitato
3381 5029 3480 5086 La-

1873 5139 2000 5180 zaro
2021 5125 2043 5160 θ
2063 5122 2292 5196 quidam
2310 5121 2686 5192 crediderunt,
2706 5121 2803 5179 sed
2821 5129 3006 5178 tamen
3025 5118 3340 5176 Judmorum
3361 5119 3482 5191 plu-

184 5205 272 5279 ἕίῑ,
288 5215 414 5287 quia
431 5227 588 5278 caute
607 5219 930 5278 considerat
952 5220 1012 5277 in
1032 5219 1256 5294 quantis
1271 5215 1651 5290 voluptatibus
1669 5233 1770 5274 sua
1875 5217 2005 5272 rimi
2033 5215 2105 5273 ad
2134 5215 2534 5288 persecutionis
2563 5215 2742 5272 zelum
2774 5231 2844 5271 ex
2869 5213 2973 5270 hac
3001 5212 3155 5286 ipsa'l
3179 5210 3482 5269 resuscita-

184 5295 530 5369 delectatione
558 5311 826 5385 peccavit.
857 5313 1004 5371 Bene
1041 5328 1169 5384 ergo
1209 5310 1446 5369 dicitur:
1496 5309 1626 5366 Post
1651 5323 1770 5364 eum
1874 5307 2027 5365 tione
2054 5306 2319 5364 commoti
2348 5313 2480 5364 sunt
2497 5305 2678 5378 (Joan.
2701 5321 2782 5377 χι,
2803 5304 2922 5378 45).
2941 5304 3126 5362 Unum
3145 5318 3272 5378 ergo
3293 5301 3481 5361 idem-

253 5495 274 5578 ξ
301 5499 548 5578 ξιφιιεὶῐι.³
579 5505 800 5565 clarius.

255 5569 274 5649 ξ
299 5569 496 5649 ξηιῐὲΙῖ
507 5569 610 5649 ,ἐο
630 5581 816 5635 altior.

187 5641 280 5763 rima,
298 5641 519 5718 Ralm".
536 5651 692 5708 COIb'
728 5655 784 5709 et
809 5651 1068 5725 ιοηείρο,
1094 5657 1354 5726 respectus
1383 5666 1627 5724 supe-rnw
1644 5666 1767 5723 θνα.

257 5753 280 5815 δ’
301 5785 557 5862 Vindoc.,
593 5794 793 5854 Pratel.
826 5802 882 5854 et
907 5795 1028 5865 alii,
1057 5797 1146 5854 sed
1174 5797 1334 5854 iste...
1369 5803 1563 5855 terror.

1949 5503 1970 5539 ⁵
2002 5496 2226 5574 Pratel.,
2258 5500 2480 5574 spiritus
2510 5499 2649 5574 enim
2677 5499 2768 5556 ubi
2797 5501 2942 5574 vult,
2961 5506 3066 5574 etc.

1950 5577 1972 5611 ⁶
2002 5571 2516 5641 νίιιάοο.,Ῥι“ειῐθΙ.,
2559 5572 2727 5641 Utic.,
2766 5580 2896 5642 etc.,
2931 5573 3008 5630 ita
3039 5572 3281 5637 habent;
3331 5571 3478 5644 quod

1879 5648 2064 5706 minus
2091 5645 2363 5720 signiﬁcat
2391 5660 2556 5720 quam
2585 5645 2762 5720 multi,
2783 5645 3096 5703 Editorum.

1951 5723 1970 5756 ⁷
2003 5718 2203 5776 Pratel.
2237 5725 2292 5775 et
2317 5718 2424 5786 aL,
2449 5718 2846 5774 resurrectione.
