  <div class='ocr_page' id='page_1' title='image "/cluster/home/n/w/nwhite01/storage/ocr_20150623/76/umn.31951002477369g/219.png"; bbox 0 0 3920 6376; ppageno 0'>
   <div class='ocr_carea' id='block_1_1' title="bbox 436 302 540 358">
    <p class='ocr_par' dir='ltr' id='par_1_1' title="bbox 436 302 540 358">
     <span class='ocr_line' id='line_1_1' title="bbox 436 302 540 358; baseline 0 -1"><span class='ocrx_word' id='word_1_1' title='bbox 436 302 540 358; x_wconf 69' lang='grc'>423</span> 
     </span>
    </p>
   </div>
   <div class='ocr_carea' id='block_1_2' title="bbox 1653 306 2542 372">
    <p class='ocr_par' dir='ltr' id='par_1_2' title="bbox 1653 306 2542 372">
     <span class='ocr_line' id='line_1_2' title="bbox 1653 306 2542 372; baseline 0.011 -10"><span class='ocrx_word' id='word_1_2' title='bbox 1653 306 1904 366; x_wconf 82' lang='lat' dir='ltr'>SANCTI</span> <span class='ocrx_word' id='word_1_3' title='bbox 1940 306 2278 369; x_wconf 81' lang='lat' dir='ltr'>GREGORII</span> <span class='ocrx_word' id='word_1_4' title='bbox 2315 314 2542 372; x_wconf 80' lang='lat' dir='ltr'>MAGNI</span> 
     </span>
    </p>
   </div>
   <div class='ocr_carea' id='block_1_3' title="bbox 3646 327 3750 390">
    <p class='ocr_par' dir='ltr' id='par_1_3' title="bbox 3646 327 3750 390">
     <span class='ocr_line' id='line_1_3' title="bbox 3646 327 3750 390; baseline 0.058 -6"><span class='ocrx_word' id='word_1_5' title='bbox 3646 327 3750 390; x_wconf 72' lang='grc'>424</span> 
     </span>
    </p>
   </div>
   <div class='ocr_carea' id='block_1_4' title="bbox 421 428 3752 522">
    <p class='ocr_par' dir='ltr' id='par_1_4' title="bbox 421 428 3752 522">
     <span class='ocr_line' id='line_1_4' title="bbox 421 428 3752 522; baseline 0.007 -36"><span class='ocrx_word' id='word_1_6' title='bbox 421 446 528 504; x_wconf 90' lang='lat' dir='ltr'>que</span> <span class='ocrx_word' id='word_1_7' title='bbox 557 429 886 487; x_wconf 83' lang='lat' dir='ltr'>miraculum</span> <span class='ocrx_word' id='word_1_8' title='bbox 917 428 1064 502; x_wconf 88' lang='lat' dir='ltr'>quod</span> <span class='ocrx_word' id='word_1_9' title='bbox 1091 431 1216 488; x_wconf 90' lang='lat' dir='ltr'>aliis</span> <span class='ocrx_word' id='word_1_10' title='bbox 1242 433 1430 490; x_wconf 84' lang='lat' dir='ltr'>lumen</span> <span class='ocrx_word' id='word_1_11' title='bbox 1454 433 1582 491; x_wconf 94' lang='lat' dir='ltr'>ﬁdei</span> <span class='ocrx_word' id='word_1_12' title='bbox 1605 435 1858 508; x_wconf 68' lang='lat' dir='ltr'>praebuit,</span> <span class='ocrx_word' id='word_1_13' title='bbox 1882 437 2020 493; x_wconf 89' lang='lat' dir='ltr'>alios</span> <span class='ocrx_word' id='word_1_14' title='bbox 2054 443 2104 502; x_wconf 79' lang='grc' dir='ltr'><strong>Α</strong></span> <span class='ocrx_word' id='word_1_15' title='bbox 2143 441 2188 495; x_wconf 87' lang='lat' dir='ltr'>si</span> <span class='ocrx_word' id='word_1_16' title='bbox 2221 444 2550 512; x_wconf 82' lang='lat' dir='ltr'>perscrutari</span> <span class='ocrx_word' id='word_1_17' title='bbox 2583 447 2907 516; x_wconf 90' lang='lat' dir='ltr'>potuissent.</span> <span class='ocrx_word' id='word_1_18' title='bbox 2931 447 3082 503; x_wconf 84' lang='lat' dir='ltr'>Facit</span> <span class='ocrx_word' id='word_1_19' title='bbox 3099 465 3219 519; x_wconf 84' lang='lat' dir='ltr'>ergo</span> <span class='ocrx_word' id='word_1_20' title='bbox 3245 467 3438 522; x_wconf 85' lang='lat' dir='ltr'>magna</span> <span class='ocrx_word' id='word_1_21' title='bbox 3457 459 3504 506; x_wconf 84' lang='lat' dir='ltr'>et</span> <span class='ocrx_word' id='word_1_22' title='bbox 3530 470 3752 510; x_wconf 78' lang='lat' dir='ltr'>mseru—</span> 
     </span>
    </p>
   </div>
   <div class='ocr_carea' id='block_1_5' title="bbox 421 517 2024 593">
    <p class='ocr_par' dir='ltr' id='par_1_5' title="bbox 421 517 2024 593">
     <span class='ocr_line' id='line_1_5' title="bbox 421 517 2024 593; baseline 0.006 -18"><span class='ocrx_word' id='word_1_23' title='bbox 421 536 518 593; x_wconf 89' lang='lat' dir='ltr'>per</span> <span class='ocrx_word' id='word_1_24' title='bbox 533 517 764 574; x_wconf 61' lang='lat' dir='ltr'>invidia</span> <span class='ocrx_word' id='word_1_25' title='bbox 786 517 1041 576; x_wconf 80' lang='lat' dir='ltr'>tenebras</span> <span class='ocrx_word' id='word_1_26' title='bbox 1059 521 1317 579; x_wconf 91' lang='lat' dir='ltr'>alumine</span> <span class='ocrx_word' id='word_1_27' title='bbox 1335 525 1536 580; x_wconf 90' lang='lat' dir='ltr'>mentis</span> <span class='ocrx_word' id='word_1_28' title='bbox 1555 527 2024 584; x_wconf 63' lang='lat' dir='ltr'>excaecavitﬂinc</span> 
     </span>
    </p>
   </div>
   <div class='ocr_carea' id='block_1_6' title="bbox 419 605 2025 680">
    <p class='ocr_par' dir='ltr' id='par_1_6' title="bbox 419 605 2025 680">
     <span class='ocr_line' id='line_1_6' title="bbox 419 605 2025 680; baseline 0.004 -16"><span class='ocrx_word' id='word_1_29' title='bbox 419 615 500 664; x_wconf 91' lang='lat' dir='ltr'>est</span> <span class='ocrx_word' id='word_1_30' title='bbox 530 605 680 678; x_wconf 91' lang='lat' dir='ltr'>quod</span> <span class='ocrx_word' id='word_1_31' title='bbox 709 614 938 680; x_wconf 89' lang='lat' dir='ltr'>uterque</span> <span class='ocrx_word' id='word_1_32' title='bbox 965 611 979 644; x_wconf 76' lang='grc' dir='ltr'><strong><em>ι</em></strong></span> <span class='ocrx_word' id='word_1_33' title='bbox 1013 608 1152 666; x_wconf 83' lang='lat' dir='ltr'>latro</span> <span class='ocrx_word' id='word_1_34' title='bbox 1181 618 1235 667; x_wconf 90' lang='lat' dir='ltr'>et</span> <span class='ocrx_word' id='word_1_35' title='bbox 1263 612 1509 668; x_wconf 87' lang='lat' dir='ltr'>eamdem</span> <span class='ocrx_word' id='word_1_36' title='bbox 1539 623 1592 670; x_wconf 90' lang='lat' dir='ltr'>et</span> <span class='ocrx_word' id='word_1_37' title='bbox 1623 631 1734 670; x_wconf 63' lang='lat' dir='ltr'>sua:</span> <span class='ocrx_word' id='word_1_38' title='bbox 1766 615 1930 670; x_wconf 81' lang='lat' dir='ltr'>morti</span> <span class='ocrx_word' id='word_1_39' title='bbox 1956 615 2025 670; x_wconf 87' lang='lat' dir='ltr'>si-</span> 
     </span>
    </p>
   </div>
   <div class='ocr_carea' id='block_1_7' title="bbox 420 695 2029 776">
    <p class='ocr_par' dir='ltr' id='par_1_7' title="bbox 420 695 2029 776">
     <span class='ocr_line' id='line_1_7' title="bbox 420 695 2029 776; baseline 0.005 -26"><span class='ocrx_word' id='word_1_40' title='bbox 420 695 609 751; x_wconf 92' lang='lat' dir='ltr'>milem</span> <span class='ocrx_word' id='word_1_41' title='bbox 641 703 873 752; x_wconf 89' lang='lat' dir='ltr'>mortem</span> <span class='ocrx_word' id='word_1_42' title='bbox 905 697 1286 772; x_wconf 82' lang='lat' dir='ltr'>Redemptoris</span> <span class='ocrx_word' id='word_1_43' title='bbox 1311 702 1456 758; x_wconf 84' lang='lat' dir='ltr'>vidit</span> <span class='ocrx_word' id='word_1_44' title='bbox 1472 703 1512 769; x_wconf 70' lang='lat' dir='ltr'>a;</span> <span class='ocrx_word' id='word_1_45' title='bbox 1555 703 1649 758; x_wconf 93' lang='lat' dir='ltr'>sed</span> <span class='ocrx_word' id='word_1_46' title='bbox 1678 719 1801 758; x_wconf 92' lang='lat' dir='ltr'>eum</span> <span class='ocrx_word' id='word_1_47' title='bbox 1827 721 2029 776; x_wconf 88' lang='lat' dir='ltr'>super-</span> 
     </span>
    </p>
   </div>
   <div class='ocr_carea' id='block_1_8' title="bbox 417 784 2025 867">
    <p class='ocr_par' dir='ltr' id='par_1_8' title="bbox 417 784 2025 867">
     <span class='ocr_line' id='line_1_8' title="bbox 417 784 2025 867; baseline 0.006 -27"><span class='ocrx_word' id='word_1_48' title='bbox 417 784 622 841; x_wconf 90' lang='lat' dir='ltr'>biendo</span> <span class='ocrx_word' id='word_1_49' title='bbox 651 786 791 841; x_wconf 81' lang='lat' dir='ltr'>alter</span> <span class='ocrx_word' id='word_1_50' title='bbox 818 788 1174 844; x_wconf 84' lang='lat' dir='ltr'>contumeliis</span> <span class='ocrx_word' id='word_1_51' title='bbox 1204 790 1465 846; x_wconf 89' lang='lat' dir='ltr'>lacessere</span> <span class='ocrx_word' id='word_1_52' title='bbox 1496 807 1606 846; x_wconf 93' lang='lat' dir='ltr'>non</span> <span class='ocrx_word' id='word_1_53' title='bbox 1633 792 1836 861; x_wconf 83' lang='lat' dir='ltr'>timuit,</span> <span class='ocrx_word' id='word_1_54' title='bbox 1862 811 2025 867; x_wconf 89' lang='lat' dir='ltr'>quem</span> 
     </span>
    </p>
   </div>
   <div class='ocr_carea' id='block_1_9' title="bbox 419 873 2025 955">
    <p class='ocr_par' dir='ltr' id='par_1_9' title="bbox 419 873 2025 955">
     <span class='ocr_line' id='line_1_9' title="bbox 419 873 2025 955; baseline 0.006 -27"><span class='ocrx_word' id='word_1_55' title='bbox 419 873 669 930; x_wconf 88' lang='lat' dir='ltr'>timendo</span> <span class='ocrx_word' id='word_1_56' title='bbox 696 875 836 930; x_wconf 85' lang='lat' dir='ltr'>alter</span> <span class='ocrx_word' id='word_1_57' title='bbox 866 874 1162 932; x_wconf 89' lang='lat' dir='ltr'>honoravit</span> <span class='ocrx_word' id='word_1_58' title='bbox 1200 879 1361 947; x_wconf 89' lang='lat' dir='ltr'>(Luc.</span> <span class='ocrx_word' id='word_1_59' title='bbox 1394 896 1469 947; x_wconf 83' lang='lat' dir='ltr'>1x,</span> <span class='ocrx_word' id='word_1_60' title='bbox 1503 879 1734 953; x_wconf 65' lang='lat'><strong>39-43);</strong></span> <span class='ocrx_word' id='word_1_61' title='bbox 1775 889 1938 955; x_wconf 90' lang='lat' dir='ltr'>atque</span> <span class='ocrx_word' id='word_1_62' title='bbox 1969 883 2025 938; x_wconf 91' lang='lat' dir='ltr'>in</span> 
     </span>
    </p>
   </div>
   <div class='ocr_carea' id='block_1_10' title="bbox 421 965 2026 1044">
    <p class='ocr_par' dir='ltr' id='par_1_10' title="bbox 421 965 2026 1044">
     <span class='ocr_line' id='line_1_10' title="bbox 421 965 2026 1044; baseline 0.006 -25"><span class='ocrx_word' id='word_1_63' title='bbox 421 980 531 1019; x_wconf 86' lang='lat' dir='ltr'>una</span> <span class='ocrx_word' id='word_1_64' title='bbox 562 981 617 1018; x_wconf 87' lang='lat' dir='ltr'>re</span> <span class='ocrx_word' id='word_1_65' title='bbox 648 979 755 1018; x_wconf 91' lang='lat' dir='ltr'>una</span> <span class='ocrx_word' id='word_1_66' title='bbox 784 965 1072 1037; x_wconf 90' lang='lat' dir='ltr'>utriusque</span> <span class='ocrx_word' id='word_1_67' title='bbox 1096 967 1360 1039; x_wconf 80' lang='lat' dir='ltr'>cogitatio</span> <span class='ocrx_word' id='word_1_68' title='bbox 1404 985 1516 1024; x_wconf 89' lang='lat' dir='ltr'>non</span> <span class='ocrx_word' id='word_1_69' title='bbox 1548 969 1675 1038; x_wconf 90' lang='lat' dir='ltr'>fuit,</span> <span class='ocrx_word' id='word_1_70' title='bbox 1712 971 1840 1044; x_wconf 90' lang='lat' dir='ltr'>quia</span> <span class='ocrx_word' id='word_1_71' title='bbox 1885 973 2026 1029; x_wconf 91' lang='lat' dir='ltr'>hanc</span> 
     </span>
    </p>
   </div>
   <div class='ocr_carea' id='block_1_11' title="bbox 421 1051 2023 1116">
    <p class='ocr_par' dir='ltr' id='par_1_11' title="bbox 421 1051 2023 1116">
     <span class='ocr_line' id='line_1_11' title="bbox 421 1051 2023 1116; baseline 0.007 -10"><span class='ocrx_word' id='word_1_72' title='bbox 421 1051 670 1108; x_wconf 89' lang='lat' dir='ltr'>internus</span> <span class='ocrx_word' id='word_1_73' title='bbox 699 1051 906 1108; x_wconf 86' lang='lat' dir='ltr'>arbiter</span> <span class='ocrx_word' id='word_1_74' title='bbox 941 1053 1306 1111; x_wconf 87' lang='lat' dir='ltr'>invisibiliter</span> <span class='ocrx_word' id='word_1_75' title='bbox 1345 1057 1716 1115; x_wconf 83' lang='lat' dir='ltr'>modiﬁcando</span> <span class='ocrx_word' id='word_1_76' title='bbox 1745 1060 2023 1116; x_wconf 78' lang='lat' dir='ltr'>distinxit.</span> 
     </span>
    </p>
   </div>
   <div class='ocr_carea' id='block_1_12' title="bbox 421 1139 2028 1221">
    <p class='ocr_par' dir='ltr' id='par_1_12' title="bbox 421 1139 2028 1221">
     <span class='ocr_line' id='line_1_12' title="bbox 421 1139 2028 1221; baseline 0.006 -26"><span class='ocrx_word' id='word_1_77' title='bbox 421 1141 526 1196; x_wconf 89' lang='lat' dir='ltr'>Sed</span> <span class='ocrx_word' id='word_1_78' title='bbox 571 1139 630 1195; x_wconf 90' lang='lat' dir='ltr'>hi</span> <span class='ocrx_word' id='word_1_79' title='bbox 673 1143 906 1197; x_wconf 74' lang='lat' dir='ltr'>occultae</span> <span class='ocrx_word' id='word_1_80' title='bbox 955 1142 1308 1214; x_wconf 88' lang='lat' dir='ltr'>aspirationis</span> <span class='ocrx_word' id='word_1_81' title='bbox 1357 1145 1528 1212; x_wconf 88' lang='lat' dir='ltr'>modi,</span> <span class='ocrx_word' id='word_1_82' title='bbox 1556 1149 1577 1183; x_wconf 89' lang='grc'>³</span> <span class='ocrx_word' id='word_1_83' title='bbox 1609 1148 1738 1220; x_wconf 84' lang='lat' dir='ltr'>quia</span> <span class='ocrx_word' id='word_1_84' title='bbox 1767 1165 2028 1221; x_wconf 90' lang='lat' dir='ltr'>compre-</span> 
     </span>
    </p>
   </div>
   <div class='ocr_carea' id='block_1_13' title="bbox 421 1229 2027 1308">
    <p class='ocr_par' dir='ltr' id='par_1_13' title="bbox 421 1229 2027 1308">
     <span class='ocr_line' id='line_1_13' title="bbox 421 1229 2027 1308; baseline 0.006 -24"><span class='ocrx_word' id='word_1_85' title='bbox 421 1229 590 1285; x_wconf 91' lang='lat' dir='ltr'>hendi</span> <span class='ocrx_word' id='word_1_86' title='bbox 622 1237 808 1286; x_wconf 91' lang='lat' dir='ltr'>nostra</span> <span class='ocrx_word' id='word_1_87' title='bbox 835 1231 1168 1303; x_wconf 80' lang='lat' dir='ltr'>cogitatione</span> <span class='ocrx_word' id='word_1_88' title='bbox 1197 1243 1498 1308; x_wconf 91' lang='lat' dir='ltr'>nequeunt,</span> <span class='ocrx_word' id='word_1_89' title='bbox 1522 1236 1790 1293; x_wconf 90' lang='lat' dir='ltr'>nimirum</span> <span class='ocrx_word' id='word_1_90' title='bbox 1822 1238 2027 1294; x_wconf 63' lang='lat' dir='ltr'>divinae</span> 
     </span>
    </p>
   </div>
   <div class='ocr_carea' id='block_1_14' title="bbox 421 1319 2029 1398">
    <p class='ocr_par' dir='ltr' id='par_1_14' title="bbox 421 1319 2029 1398">
     <span class='ocr_line' id='line_1_14' title="bbox 421 1319 2029 1398; baseline 0.006 -24"><span class='ocrx_word' id='word_1_91' title='bbox 421 1319 574 1375; x_wconf 81' lang='lat' dir='ltr'>vocis</span> <span class='ocrx_word' id='word_1_92' title='bbox 610 1319 844 1392; x_wconf 87' lang='lat' dir='ltr'>vestigia</span> <span class='ocrx_word' id='word_1_93' title='bbox 863 1321 1206 1379; x_wconf 88' lang='lat' dir='ltr'>nesciuntur.</span> <span class='ocrx_word' id='word_1_94' title='bbox 1241 1323 1387 1381; x_wconf 89' lang='lat' dir='ltr'>Bene</span> <span class='ocrx_word' id='word_1_95' title='bbox 1414 1341 1543 1398; x_wconf 86' lang='lat' dir='ltr'>ergo</span> <span class='ocrx_word' id='word_1_96' title='bbox 1562 1325 1773 1382; x_wconf 88' lang='lat' dir='ltr'>dicitur</span> <span class='ocrx_word' id='word_1_97' title='bbox 1796 1345 1806 1382; x_wconf 94' lang='lat'>:</span> <span class='ocrx_word' id='word_1_98' title='bbox 1833 1329 1907 1384; x_wconf 86' lang='lat' dir='ltr'>Et</span> <span class='ocrx_word' id='word_1_99' title='bbox 1921 1345 2029 1383; x_wconf 86' lang='lat' dir='ltr'>non</span> 
     </span>
    </p>
   </div>
   <div class='ocr_carea' id='block_1_15' title="bbox 416 1410 2030 1488">
    <p class='ocr_par' dir='ltr' id='par_1_15' title="bbox 416 1410 2030 1488">
     <span class='ocr_line' id='line_1_15' title="bbox 416 1410 2030 1488; baseline 0.006 -23"><span class='ocrx_word' id='word_1_100' title='bbox 416 1410 838 1483; x_wconf 84' lang='lat' dir='ltr'>investigabitur,</span> <span class='ocrx_word' id='word_1_101' title='bbox 883 1429 1000 1468; x_wconf 80' lang='lat' dir='ltr'>cum</span> <span class='ocrx_word' id='word_1_102' title='bbox 1040 1413 1228 1470; x_wconf 86' lang='lat' dir='ltr'>audita</span> <span class='ocrx_word' id='word_1_103' title='bbox 1267 1414 1437 1485; x_wconf 85' lang='lat' dir='ltr'>fuerit</span> <span class='ocrx_word' id='word_1_104' title='bbox 1472 1433 1576 1472; x_wconf 72' lang='lat' dir='ltr'>vos:</span> <span class='ocrx_word' id='word_1_105' title='bbox 1616 1416 1748 1488; x_wconf 87' lang='lat' dir='ltr'>ejus.</span> <span class='ocrx_word' id='word_1_106' title='bbox 1795 1417 1948 1474; x_wconf 86' lang='lat' dir='ltr'>Unde</span> <span class='ocrx_word' id='word_1_107' title='bbox 1977 1427 2030 1474; x_wconf 89' lang='lat' dir='ltr'>et</span> 
     </span>
    </p>
   </div>
   <div class='ocr_carea' id='block_1_16' title="bbox 417 1500 1027 1576">
    <p class='ocr_par' dir='ltr' id='par_1_16' title="bbox 417 1500 1027 1576">
     <span class='ocr_line' id='line_1_16' title="bbox 417 1500 1027 1576; baseline 0.007 -20"><span class='ocrx_word' id='word_1_108' title='bbox 417 1500 600 1561; x_wconf 87' lang='lat' dir='ltr'>adhuc</span> <span class='ocrx_word' id='word_1_109' title='bbox 627 1500 984 1576; x_wconf 87' lang='lat' dir='ltr'>subjungitur</span> <span class='ocrx_word' id='word_1_110' title='bbox 1015 1523 1027 1560; x_wconf 87' lang='lat'><strong>;</strong></span> 
     </span>
    </p>
   </div>
   <div class='ocr_carea' id='block_1_17' title="bbox 989 1618 1437 1680">
    <p class='ocr_par' dir='ltr' id='par_1_17' title="bbox 989 1618 1437 1680">
     <span class='ocr_line' id='line_1_17' title="bbox 989 1618 1437 1680; baseline 0.004 -2"><span class='ocrx_word' id='word_1_111' title='bbox 989 1618 1218 1678; x_wconf 82' lang='lat' dir='ltr'>CAPUT</span> <span class='ocrx_word' id='word_1_112' title='bbox 1257 1622 1437 1680; x_wconf 86' lang='lat' dir='ltr'>XXII.</span> 
     </span>
    </p>
   </div>
   <div class='ocr_carea' id='block_1_18' title="bbox 487 1705 1915 1772">
    <p class='ocr_par' dir='ltr' id='par_1_18' title="bbox 487 1705 1915 1772">
     <span class='ocr_line' id='line_1_18' title="bbox 487 1705 1915 1772; baseline 0.007 -10"><span class='ocrx_word' id='word_1_113' title='bbox 487 1705 660 1762; x_wconf 74' lang='lat' dir='ltr'>Vnus.</span> <span class='ocrx_word' id='word_1_114' title='bbox 691 1706 746 1761; x_wconf 83' lang='lat'>5.</span> <span class='ocrx_word' id='word_1_115' title='bbox 775 1734 848 1748; x_wconf 91' lang='lat'>—-</span> <span class='ocrx_word' id='word_1_116' title='bbox 883 1709 1106 1763; x_wconf 87' lang='lat' dir='ltr'>Tonabil</span> <span class='ocrx_word' id='word_1_117' title='bbox 1133 1710 1276 1764; x_wconf 89' lang='lat' dir='ltr'>Deus</span> <span class='ocrx_word' id='word_1_118' title='bbox 1305 1729 1423 1766; x_wconf 85' lang='lat' dir='ltr'>voce</span> <span class='ocrx_word' id='word_1_119' title='bbox 1445 1728 1546 1768; x_wconf 84' lang='lat' dir='ltr'>sua</span> <span class='ocrx_word' id='word_1_120' title='bbox 1571 1714 1915 1772; x_wconf 75' lang='lat' dir='ltr'>mirabiliter.</span> 
     </span>
    </p>
   </div>
   <div class='ocr_carea' id='block_1_19' title="bbox 2138 531 3750 614">
    <p class='ocr_par' dir='ltr' id='par_1_19' title="bbox 2138 531 3750 614">
     <span class='ocr_line' id='line_1_19' title="bbox 2138 531 3750 614; baseline 0.011 -30"><span class='ocrx_word' id='word_1_121' title='bbox 2138 531 2344 600; x_wconf 87' lang='lat' dir='ltr'>tabilia,</span> <span class='ocrx_word' id='word_1_122' title='bbox 2374 533 2505 604; x_wconf 89' lang='lat' dir='ltr'>quia</span> <span class='ocrx_word' id='word_1_123' title='bbox 2531 535 2775 592; x_wconf 88' lang='lat' dir='ltr'>ostendit</span> <span class='ocrx_word' id='word_1_124' title='bbox 2815 536 2952 592; x_wconf 81' lang='lat' dir='ltr'>foris</span> <span class='ocrx_word' id='word_1_125' title='bbox 2985 537 3382 608; x_wconf 88' lang='lat' dir='ltr'>perfectionem</span> <span class='ocrx_word' id='word_1_126' title='bbox 3423 543 3629 614; x_wconf 90' lang='lat' dir='ltr'>operis,</span> <span class='ocrx_word' id='word_1_127' title='bbox 3657 546 3750 601; x_wconf 91' lang='lat' dir='ltr'>sed</span> 
     </span>
    </p>
   </div>
   <div class='ocr_carea' id='block_1_20' title="bbox 2139 621 3752 698">
    <p class='ocr_par' dir='ltr' id='par_1_20' title="bbox 2139 621 3752 698">
     <span class='ocr_line' id='line_1_20' title="bbox 2139 621 3752 698; baseline 0.011 -24"><span class='ocrx_word' id='word_1_128' title='bbox 2139 621 2272 676; x_wconf 88' lang='lat' dir='ltr'>latet</span> <span class='ocrx_word' id='word_1_129' title='bbox 2294 621 2446 678; x_wconf 91' lang='lat' dir='ltr'>intus</span> <span class='ocrx_word' id='word_1_130' title='bbox 2485 624 2603 694; x_wconf 86' lang='lat' dir='ltr'>ipsa</span> <span class='ocrx_word' id='word_1_131' title='bbox 2631 625 2870 698; x_wconf 88' lang='lat' dir='ltr'>qualitas</span> <span class='ocrx_word' id='word_1_132' title='bbox 2909 628 3265 698; x_wconf 87' lang='lat' dir='ltr'>operationis.</span> <span class='ocrx_word' id='word_1_133' title='bbox 3309 630 3460 686; x_wconf 87' lang='lat' dir='ltr'>Voce</span> <span class='ocrx_word' id='word_1_134' title='bbox 3487 649 3588 687; x_wconf 89' lang='lat' dir='ltr'>sua</span> <span class='ocrx_word' id='word_1_135' title='bbox 3616 633 3752 691; x_wconf 87' lang='lat' dir='ltr'>foris</span> 
     </span>
    </p>
   </div>
   <div class='ocr_carea' id='block_1_21' title="bbox 2137 711 3750 784">
    <p class='ocr_par' dir='ltr' id='par_1_21' title="bbox 2137 711 3750 784">
     <span class='ocr_line' id='line_1_21' title="bbox 2137 711 3750 784; baseline 0.009 -21"><span class='ocrx_word' id='word_1_136' title='bbox 2137 711 2300 766; x_wconf 90' lang='lat' dir='ltr'>etiam</span> <span class='ocrx_word' id='word_1_137' title='bbox 2343 729 2437 783; x_wconf 90' lang='lat' dir='ltr'>per</span> <span class='ocrx_word' id='word_1_138' title='bbox 2467 715 2744 784; x_wconf 87' lang='lat' dir='ltr'>apostolos</span> <span class='ocrx_word' id='word_1_139' title='bbox 2784 715 3025 784; x_wconf 86' lang='lat' dir='ltr'>insonat,</span> <span class='ocrx_word' id='word_1_140' title='bbox 3064 717 3158 774; x_wconf 90' lang='lat' dir='ltr'>sed</span> <span class='ocrx_word' id='word_1_141' title='bbox 3199 719 3365 775; x_wconf 90' lang='lat' dir='ltr'>corda</span> <span class='ocrx_word' id='word_1_142' title='bbox 3397 720 3750 778; x_wconf 89' lang='lat' dir='ltr'>audientium</span> 
     </span>
    </p>
   </div>
   <div class='ocr_carea' id='block_1_22' title="bbox 2137 800 3754 876">
    <p class='ocr_par' dir='ltr' id='par_1_22' title="bbox 2137 800 3754 876">
     <span class='ocr_line' id='line_1_22' title="bbox 2137 800 3754 876; baseline 0.009 -23"><span class='ocrx_word' id='word_1_143' title='bbox 2137 816 2233 870; x_wconf 89' lang='lat' dir='ltr'>per</span> <span class='ocrx_word' id='word_1_144' title='bbox 2260 800 2501 872; x_wconf 90' lang='lat' dir='ltr'>seipsum</span> <span class='ocrx_word' id='word_1_145' title='bbox 2535 803 2770 859; x_wconf 89' lang='lat' dir='ltr'>interius</span> <span class='ocrx_word' id='word_1_146' title='bbox 2800 805 3067 876; x_wconf 89' lang='lat' dir='ltr'>illustrat,</span> <span class='ocrx_word' id='word_1_147' title='bbox 3091 812 3238 872; x_wconf 85' lang='lat'>873</span> <span class='ocrx_word' id='word_1_148' title='bbox 3268 809 3438 864; x_wconf 89' lang='lat' dir='ltr'>Paulo</span> <span class='ocrx_word' id='word_1_149' title='bbox 3458 817 3754 868; x_wconf 86' lang='lat' dir='ltr'>attestante</span> 
     </span>
    </p>
   </div>
   <div class='ocr_carea' id='block_1_23' title="bbox 2138 899 3754 978">
    <p class='ocr_par' dir='ltr' id='par_1_23' title="bbox 2138 899 3754 978">
     <span class='ocr_line' id='line_1_23' title="bbox 2138 899 3754 978; baseline 0.008 -26"><span class='ocrx_word' id='word_1_150' title='bbox 2138 899 2232 969; x_wconf 90' lang='lat' dir='ltr'>qui</span> <span class='ocrx_word' id='word_1_151' title='bbox 2259 901 2337 954; x_wconf 91' lang='lat' dir='ltr'>ait</span> <span class='ocrx_word' id='word_1_152' title='bbox 2361 919 2370 955; x_wconf 92' lang='lat'>:</span> <span class='ocrx_word' id='word_1_153' title='bbox 2405 904 2522 973; x_wconf 87' lang='lat' dir='ltr'>Ego</span> <span class='ocrx_word' id='word_1_154' title='bbox 2549 904 2820 974; x_wconf 84' lang='lat' dir='ltr'>plantavi,</span> <span class='ocrx_word' id='word_1_155' title='bbox 2852 905 3048 976; x_wconf 81' lang='lat' dir='ltr'>Apollo</span> <span class='ocrx_word' id='word_1_156' title='bbox 3070 908 3287 978; x_wconf 78' lang='lat' dir='ltr'>rigavit,</span> <span class='ocrx_word' id='word_1_157' title='bbox 3304 909 3446 965; x_wconf 82' lang='lat' dir='ltr'>Deus</span> <span class='ocrx_word' id='word_1_158' title='bbox 3475 918 3653 966; x_wconf 86' lang='lat' dir='ltr'>autem</span> <span class='ocrx_word' id='word_1_159' title='bbox 3673 912 3754 965; x_wconf 86' lang='lat' dir='ltr'>in-</span> 
     </span>
    </p>
   </div>
   <div class='ocr_carea' id='block_1_24' title="bbox 2138 993 3756 1072">
    <p class='ocr_par' dir='ltr' id='par_1_24' title="bbox 2138 993 3756 1072">
     <span class='ocr_line' id='line_1_24' title="bbox 2138 993 3756 1072; baseline 0.009 -30"><span class='ocrx_word' id='word_1_160' title='bbox 2138 996 2452 1045; x_wconf 83' lang='lat' dir='ltr'>crementum</span> <span class='ocrx_word' id='word_1_161' title='bbox 2482 993 2640 1047; x_wconf 81' lang='lat' dir='ltr'>dedit.</span> <span class='ocrx_word' id='word_1_162' title='bbox 2675 993 2852 1065; x_wconf 81' lang='lat' dir='ltr'>Neque</span> <span class='ocrx_word' id='word_1_163' title='bbox 2883 996 2977 1066; x_wconf 85' lang='lat' dir='ltr'>qui</span> <span class='ocrx_word' id='word_1_164' title='bbox 2991 998 3204 1067; x_wconf 82' lang='lat' dir='ltr'>plantat</span> <span class='ocrx_word' id='word_1_165' title='bbox 3233 1005 3308 1053; x_wconf 89' lang='lat' dir='ltr'>est</span> <span class='ocrx_word' id='word_1_166' title='bbox 3333 1001 3563 1070; x_wconf 84' lang='lat' dir='ltr'>aliquid,</span> <span class='ocrx_word' id='word_1_167' title='bbox 3589 1019 3756 1072; x_wconf 83' lang='lat' dir='ltr'>neque</span> 
     </span>
    </p>
   </div>
   <div class='ocr_carea' id='block_1_25' title="bbox 2137 1077 3751 1160">
    <p class='ocr_par' dir='ltr' id='par_1_25' title="bbox 2137 1077 3751 1160">
     <span class='ocr_line' id='line_1_25' title="bbox 2137 1077 3751 1160; baseline 0.011 -31"><span class='ocrx_word' id='word_1_168' title='bbox 2137 1077 2230 1146; x_wconf 85' lang='lat' dir='ltr'>qui</span> <span class='ocrx_word' id='word_1_169' title='bbox 2259 1078 2422 1148; x_wconf 80' lang='lat' dir='ltr'>rigat,</span> <span class='ocrx_word' id='word_1_170' title='bbox 2467 1080 2554 1134; x_wconf 89' lang='lat' dir='ltr'>sed</span> <span class='ocrx_word' id='word_1_171' title='bbox 2584 1098 2676 1150; x_wconf 79' lang='lat' dir='ltr'>qui</span> <span class='ocrx_word' id='word_1_172' title='bbox 2725 1083 3103 1138; x_wconf 81' lang='lat' dir='ltr'>incrementum</span> <span class='ocrx_word' id='word_1_173' title='bbox 3129 1086 3223 1140; x_wconf 86' lang='lat' dir='ltr'>dat</span> <span class='ocrx_word' id='word_1_174' title='bbox 3248 1088 3389 1143; x_wconf 86' lang='lat' dir='ltr'>Deus</span> <span class='ocrx_word' id='word_1_175' title='bbox 3413 1089 3472 1159; x_wconf 94' lang='grc' dir='ltr'>(Ι</span> <span class='ocrx_word' id='word_1_176' title='bbox 3500 1090 3629 1146; x_wconf 87' lang='lat' dir='ltr'>Cor.</span> <span class='ocrx_word' id='word_1_177' title='bbox 3664 1107 3751 1160; x_wconf 80' lang='lat' dir='ltr'><strong>III,</strong></span> 
     </span>
    </p>
   </div>
   <div class='ocr_carea' id='block_1_26' title="bbox 2139 1167 3754 1250">
    <p class='ocr_par' dir='ltr' id='par_1_26' title="bbox 2139 1167 3754 1250">
     <span class='ocr_line' id='line_1_26' title="bbox 2139 1167 3754 1250; baseline 0.01 -29"><span class='ocrx_word' id='word_1_178' title='bbox 2139 1167 2218 1237; x_wconf 87' lang='lat'>6).</span> <span class='ocrx_word' id='word_1_179' title='bbox 2253 1167 2517 1234; x_wconf 88' lang='lat' dir='ltr'>Quamvis</span> <span class='ocrx_word' id='word_1_180' title='bbox 2546 1187 2672 1242; x_wconf 88' lang='lat' dir='ltr'>ergo</span> <span class='ocrx_word' id='word_1_181' title='bbox 2713 1174 2918 1228; x_wconf 89' lang='lat' dir='ltr'>nostris</span> <span class='ocrx_word' id='word_1_182' title='bbox 2966 1177 3246 1232; x_wconf 89' lang='lat' dir='ltr'>mentibus</span> <span class='ocrx_word' id='word_1_183' title='bbox 3291 1195 3542 1250; x_wconf 76' lang='lat' dir='ltr'>supernae</span> <span class='ocrx_word' id='word_1_184' title='bbox 3597 1182 3754 1238; x_wconf 83' lang='lat' dir='ltr'>vocis</span> 
     </span>
    </p>
   </div>
   <div class='ocr_carea' id='block_1_27' title="bbox 2138 1257 3753 1334">
    <p class='ocr_par' dir='ltr' id='par_1_27' title="bbox 2138 1257 3753 1334">
     <span class='ocr_line' id='line_1_27' title="bbox 2138 1257 3753 1334; baseline 0.011 -24"><span class='ocrx_word' id='word_1_185' title='bbox 2138 1257 2393 1312; x_wconf 89' lang='lat' dir='ltr'>auditum</span> <span class='ocrx_word' id='word_1_186' title='bbox 2425 1275 2535 1314; x_wconf 93' lang='lat' dir='ltr'>non</span> <span class='ocrx_word' id='word_1_187' title='bbox 2569 1260 2673 1332; x_wconf 90' lang='lat' dir='ltr'>ipsi</span> <span class='ocrx_word' id='word_1_188' title='bbox 2721 1263 3022 1334; x_wconf 60' lang='lat' dir='ltr'>praebeant,</span> <span class='ocrx_word' id='word_1_189' title='bbox 3067 1265 3220 1321; x_wconf 88' lang='lat' dir='ltr'>missi</span> <span class='ocrx_word' id='word_1_190' title='bbox 3270 1275 3455 1324; x_wconf 88' lang='lat' dir='ltr'>tamen</span> <span class='ocrx_word' id='word_1_191' title='bbox 3497 1279 3650 1332; x_wconf 90' lang='lat' dir='ltr'>sunt.</span> <span class='ocrx_word' id='word_1_192' title='bbox 3689 1281 3753 1328; x_wconf 89' lang='lat' dir='ltr'>ut</span> 
     </span>
    </p>
   </div>
   <div class='ocr_carea' id='block_1_28' title="bbox 2141 1347 3754 1433">
    <p class='ocr_par' dir='ltr' id='par_1_28' title="bbox 2141 1347 3754 1433">
     <span class='ocr_line' id='line_1_28' title="bbox 2141 1347 3754 1433; baseline 0.01 -32"><span class='ocrx_word' id='word_1_193' title='bbox 2141 1347 2324 1404; x_wconf 89' lang='lat' dir='ltr'>verbis</span> <span class='ocrx_word' id='word_1_194' title='bbox 2355 1349 2512 1405; x_wconf 90' lang='lat' dir='ltr'>nobis</span> <span class='ocrx_word' id='word_1_195' title='bbox 2538 1353 2908 1410; x_wconf 77' lang='lat' dir='ltr'>exterioribus</span> <span class='ocrx_word' id='word_1_196' title='bbox 2940 1356 3405 1415; x_wconf 89' lang='lat' dir='ltr'>condescendant.</span> <span class='ocrx_word' id='word_1_197' title='bbox 3441 1359 3596 1416; x_wconf 91' lang='lat' dir='ltr'>Unde</span> <span class='ocrx_word' id='word_1_198' title='bbox 3627 1370 3754 1433; x_wconf 82' lang='lat' dir='ltr'>apte</span> 
     </span>
    </p>
   </div>
   <div class='ocr_carea' id='block_1_29' title="bbox 2140 1436 2527 1512">
    <p class='ocr_par' dir='ltr' id='par_1_29' title="bbox 2140 1436 2527 1512">
     <span class='ocr_line' id='line_1_29' title="bbox 2140 1436 2527 1512; baseline 0.008 -20"><span class='ocrx_word' id='word_1_199' title='bbox 2140 1436 2261 1509; x_wconf 92' lang='lat' dir='ltr'>subj</span> <span class='ocrx_word' id='word_1_200' title='bbox 2271 1440 2496 1512; x_wconf 86' lang='lat' dir='ltr'>ungitur</span> <span class='ocrx_word' id='word_1_201' title='bbox 2516 1457 2527 1495; x_wconf 93' lang='lat'><em>:</em></span> 
     </span>
    </p>
   </div>
   <div class='ocr_carea' id='block_1_30' title="bbox 2521 1585 3368 1668">
    <p class='ocr_par' dir='ltr' id='par_1_30' title="bbox 2521 1585 3368 1668">
     <span class='ocr_line' id='line_1_30' title="bbox 2521 1585 3368 1668; baseline 0.007 -24"><span class='ocrx_word' id='word_1_202' title='bbox 2521 1585 2750 1645; x_wconf 87' lang='lat' dir='ltr'>CAPUT</span> <span class='ocrx_word' id='word_1_203' title='bbox 2779 1589 2971 1648; x_wconf 84' lang='lat' dir='ltr'>XXIV</span> <span class='ocrx_word' id='word_1_204' title='bbox 3002 1587 3146 1664; x_wconf 84' lang='lat' dir='ltr'>[Rec.</span> <span class='ocrx_word' id='word_1_205' title='bbox 3187 1593 3368 1668; x_wconf 83' lang='lat' dir='ltr'>XIV].</span> 
     </span>
    </p>
   </div>
   <div class='ocr_carea' id='block_1_31' title="bbox 2212 1702 3751 1784">
    <p class='ocr_par' dir='ltr' id='par_1_31' title="bbox 2212 1702 3751 1784">
     <span class='ocr_line' id='line_1_31' title="bbox 2212 1702 3751 1784; baseline 0.008 -26"><span class='ocrx_word' id='word_1_206' title='bbox 2212 1702 2384 1759; x_wconf 75' lang='lat' dir='ltr'>Vsus.</span> <span class='ocrx_word' id='word_1_207' title='bbox 2405 1703 2458 1760; x_wconf 91' lang='lat'>6.</span> <span class='ocrx_word' id='word_1_208' title='bbox 2478 1735 2543 1746; x_wconf 89' lang='lat'><em>—</em></span> <span class='ocrx_word' id='word_1_209' title='bbox 2563 1707 2666 1773; x_wconf 89' lang='lat' dir='ltr'>Qui</span> <span class='ocrx_word' id='word_1_210' title='bbox 2689 1709 2932 1778; x_wconf 79' lang='lat' dir='ltr'>prwcipit</span> <span class='ocrx_word' id='word_1_211' title='bbox 2949 1710 3061 1764; x_wconf 84' lang='lat' dir='ltr'>nivi</span> <span class='ocrx_word' id='word_1_212' title='bbox 3081 1717 3141 1765; x_wconf 87' lang='lat' dir='ltr'>ut</span> <span class='ocrx_word' id='word_1_213' title='bbox 3159 1712 3432 1768; x_wconf 83' lang='lat' dir='ltr'>descendat</span> <span class='ocrx_word' id='word_1_214' title='bbox 3448 1714 3504 1768; x_wconf 85' lang='lat' dir='ltr'>in</span> <span class='ocrx_word' id='word_1_215' title='bbox 3525 1721 3751 1784; x_wconf 82' lang='lat' dir='ltr'>terram,</span> 
     </span>
    </p>
   </div>
   <div class='ocr_carea' id='block_1_32' title="bbox 485 1792 2013 1876">
    <p class='ocr_par' dir='ltr' id='par_1_32' title="bbox 485 1794 2013 1870">
     <span class='ocr_line' id='line_1_32' title="bbox 485 1794 2013 1870; baseline 0.007 -20"><span class='ocrx_word' id='word_1_216' title='bbox 485 1794 578 1850; x_wconf 76' lang='grc'>42.</span> <span class='ocrx_word' id='word_1_217' title='bbox 610 1794 939 1852; x_wconf 82' lang='lat' dir='ltr'>Mirabiliter</span> <span class='ocrx_word' id='word_1_218' title='bbox 965 1804 1119 1852; x_wconf 86' lang='lat' dir='ltr'>sonat</span> <span class='ocrx_word' id='word_1_219' title='bbox 1146 1798 1310 1868; x_wconf 88' lang='lat' dir='ltr'>Deus,</span> <span class='ocrx_word' id='word_1_220' title='bbox 1339 1801 1470 1870; x_wconf 85' lang='lat' dir='ltr'>quia</span> <span class='ocrx_word' id='word_1_221' title='bbox 1501 1803 1716 1859; x_wconf 80' lang='lat' dir='ltr'>silenter</span> <span class='ocrx_word' id='word_1_222' title='bbox 1744 1812 1792 1860; x_wconf 88' lang='lat' dir='ltr'>et</span> <span class='ocrx_word' id='word_1_223' title='bbox 1819 1807 2013 1860; x_wconf 83' lang='lat' dir='ltr'>occulta</span> 
     </span>
    </p>
   </div>
   <div class='ocr_carea' id='block_1_33' title="bbox 2129 1792 3424 1876">
    <p class='ocr_par' dir='ltr' id='par_1_33' title="bbox 2137 1792 3424 1868">
     <span class='ocr_line' id='line_1_33' title="bbox 2137 1792 3424 1868; baseline 0.009 -22"><span class='ocrx_word' id='word_1_224' title='bbox 2137 1797 2186 1846; x_wconf 87' lang='lat' dir='ltr'>et</span> <span class='ocrx_word' id='word_1_225' title='bbox 2212 1792 2397 1848; x_wconf 79' lang='lat' dir='ltr'>hiemis</span> <span class='ocrx_word' id='word_1_226' title='bbox 2421 1795 2648 1864; x_wconf 82' lang='lat' dir='ltr'>pluviis,</span> <span class='ocrx_word' id='word_1_227' title='bbox 2676 1803 2723 1850; x_wconf 90' lang='lat' dir='ltr'>et</span> <span class='ocrx_word' id='word_1_228' title='bbox 2750 1797 2912 1853; x_wconf 80' lang='lat' dir='ltr'>imbri</span> <span class='ocrx_word' id='word_1_229' title='bbox 2938 1798 3276 1868; x_wconf 83' lang='lat' dir='ltr'>fortitudinis</span> <span class='ocrx_word' id='word_1_230' title='bbox 3297 1819 3424 1858; x_wconf 69' lang='lat' dir='ltr'>sua.</span> 
     </span>
    </p>
   </div>
   <div class='ocr_carea' id='block_1_34' title="bbox 419 1883 2026 1958">
    <p class='ocr_par' dir='ltr' id='par_1_34' title="bbox 419 1883 2026 1958">
     <span class='ocr_line' id='line_1_34' title="bbox 419 1883 2026 1958; baseline 0.007 -20"><span class='ocrx_word' id='word_1_231' title='bbox 419 1883 470 1938; x_wconf 87' lang='lat' dir='ltr'>vi</span> <span class='ocrx_word' id='word_1_232' title='bbox 487 1883 678 1938; x_wconf 73' lang='lat' dir='ltr'>scelesti</span> <span class='ocrx_word' id='word_1_233' title='bbox 704 1883 867 1939; x_wconf 80' lang='lat' dir='ltr'>simul</span> <span class='ocrx_word' id='word_1_234' title='bbox 893 1884 1004 1940; x_wconf 90' lang='lat' dir='ltr'>cibo</span> <span class='ocrx_word' id='word_1_235' title='bbox 1032 1887 1218 1958; x_wconf 79' lang='lat' dir='ltr'>reﬁcit.</span> <span class='ocrx_word' id='word_1_236' title='bbox 1251 1919 1322 1930; x_wconf 96' lang='lat'><strong>—</strong></span> <span class='ocrx_word' id='word_1_237' title='bbox 1352 1889 1498 1947; x_wconf 85' lang='lat' dir='ltr'>Voce</span> <span class='ocrx_word' id='word_1_238' title='bbox 1537 1907 1635 1948; x_wconf 87' lang='lat' dir='ltr'>sua</span> <span class='ocrx_word' id='word_1_239' title='bbox 1663 1894 1810 1950; x_wconf 85' lang='lat' dir='ltr'>Deus</span> <span class='ocrx_word' id='word_1_240' title='bbox 1845 1893 2026 1949; x_wconf 89' lang='lat' dir='ltr'>mira-</span> 
     </span>
    </p>
   </div>
   <div class='ocr_carea' id='block_1_35' title="bbox 415 1971 2024 2044">
    <p class='ocr_par' dir='ltr' id='par_1_35' title="bbox 415 1971 2024 2044">
     <span class='ocr_line' id='line_1_35' title="bbox 415 1971 2024 2044; baseline 0.007 -16"><span class='ocrx_word' id='word_1_241' title='bbox 415 1971 605 2028; x_wconf 88' lang='lat' dir='ltr'>biliter</span> <span class='ocrx_word' id='word_1_242' title='bbox 645 1978 818 2040; x_wconf 89' lang='lat' dir='ltr'>tonat,</span> <span class='ocrx_word' id='word_1_243' title='bbox 863 1973 995 2044; x_wconf 88' lang='lat' dir='ltr'>quia</span> <span class='ocrx_word' id='word_1_244' title='bbox 1035 1975 1254 2032; x_wconf 88' lang='lat' dir='ltr'>occulta</span> <span class='ocrx_word' id='word_1_245' title='bbox 1295 1978 1353 2034; x_wconf 90' lang='lat' dir='ltr'>vi</span> <span class='ocrx_word' id='word_1_246' title='bbox 1392 1979 1558 2036; x_wconf 86' lang='lat' dir='ltr'>corda</span> <span class='ocrx_word' id='word_1_247' title='bbox 1586 1989 1774 2038; x_wconf 88' lang='lat' dir='ltr'>nostra</span> <span class='ocrx_word' id='word_1_248' title='bbox 1799 1983 2024 2039; x_wconf 90' lang='lat' dir='ltr'>incom-</span> 
     </span>
    </p>
   </div>
   <div class='ocr_carea' id='block_1_36' title="bbox 417 2059 2023 2134">
    <p class='ocr_par' dir='ltr' id='par_1_36' title="bbox 417 2059 2023 2134">
     <span class='ocr_line' id='line_1_36' title="bbox 417 2059 2023 2134; baseline 0.009 -21"><span class='ocrx_word' id='word_1_249' title='bbox 417 2059 864 2130; x_wconf 88' lang='lat' dir='ltr'>prehensibiliter</span> <span class='ocrx_word' id='word_1_250' title='bbox 879 2070 1146 2134; x_wconf 89' lang='lat' dir='ltr'>penetrat.</span> <span class='ocrx_word' id='word_1_251' title='bbox 1167 2064 1299 2132; x_wconf 68' lang='lat' dir='ltr'>Qua)</span> <span class='ocrx_word' id='word_1_252' title='bbox 1315 2066 1449 2123; x_wconf 92' lang='lat' dir='ltr'>dum</span> <span class='ocrx_word' id='word_1_253' title='bbox 1469 2069 1764 2126; x_wconf 86' lang='lat' dir='ltr'>latentibus</span> <span class='ocrx_word' id='word_1_254' title='bbox 1782 2071 2023 2128; x_wconf 88' lang='lat' dir='ltr'>motibus</span> 
     </span>
    </p>
   </div>
   <div class='ocr_carea' id='block_1_37' title="bbox 417 2149 2024 2232">
    <p class='ocr_par' dir='ltr' id='par_1_37' title="bbox 417 2149 2024 2232">
     <span class='ocr_line' id='line_1_37' title="bbox 417 2149 2024 2232; baseline 0.009 -29"><span class='ocrx_word' id='word_1_255' title='bbox 417 2150 618 2221; x_wconf 88' lang='lat' dir='ltr'>premit</span> <span class='ocrx_word' id='word_1_256' title='bbox 645 2151 703 2206; x_wconf 93' lang='lat' dir='ltr'>in</span> <span class='ocrx_word' id='word_1_257' title='bbox 723 2149 940 2219; x_wconf 90' lang='lat' dir='ltr'>timore,</span> <span class='ocrx_word' id='word_1_258' title='bbox 972 2159 1026 2208; x_wconf 92' lang='lat' dir='ltr'>et</span> <span class='ocrx_word' id='word_1_259' title='bbox 1046 2153 1246 2210; x_wconf 88' lang='lat' dir='ltr'>format</span> <span class='ocrx_word' id='word_1_260' title='bbox 1275 2155 1332 2210; x_wconf 90' lang='lat' dir='ltr'>in</span> <span class='ocrx_word' id='word_1_261' title='bbox 1353 2172 1560 2226; x_wconf 88' lang='lat' dir='ltr'>amore,</span> <span class='ocrx_word' id='word_1_262' title='bbox 1591 2168 1802 2232; x_wconf 90' lang='lat' dir='ltr'>quanto</span> <span class='ocrx_word' id='word_1_263' title='bbox 1831 2161 2024 2218; x_wconf 88' lang='lat' dir='ltr'>ardore</span> 
     </span>
    </p>
   </div>
   <div class='ocr_carea' id='block_1_38' title="bbox 417 2239 2016 2316">
    <p class='ocr_par' dir='ltr' id='par_1_38' title="bbox 417 2239 2016 2316">
     <span class='ocr_line' id='line_1_38' title="bbox 417 2239 2016 2316; baseline 0.008 -22"><span class='ocrx_word' id='word_1_264' title='bbox 417 2239 728 2312; x_wconf 87' lang='lat' dir='ltr'>sequendus</span> <span class='ocrx_word' id='word_1_265' title='bbox 755 2240 829 2296; x_wconf 89' lang='lat' dir='ltr'>sit</span> <span class='ocrx_word' id='word_1_266' title='bbox 853 2241 1040 2314; x_wconf 89' lang='lat' dir='ltr'>aliquo</span> <span class='ocrx_word' id='word_1_267' title='bbox 1069 2243 1236 2300; x_wconf 92' lang='lat' dir='ltr'>modo</span> <span class='ocrx_word' id='word_1_268' title='bbox 1261 2244 1488 2302; x_wconf 89' lang='lat' dir='ltr'>silenter</span> <span class='ocrx_word' id='word_1_269' title='bbox 1515 2248 1734 2316; x_wconf 90' lang='lat' dir='ltr'>clamat,</span> <span class='ocrx_word' id='word_1_270' title='bbox 1758 2257 1811 2304; x_wconf 92' lang='lat' dir='ltr'>et</span> <span class='ocrx_word' id='word_1_271' title='bbox 1841 2249 1904 2306; x_wconf 85' lang='lat' dir='ltr'>ﬁt</span> <span class='ocrx_word' id='word_1_272' title='bbox 1923 2268 2016 2306; x_wconf 86' lang='lat' dir='ltr'>cu-</span> 
     </span>
    </p>
   </div>
   <div class='ocr_carea' id='block_1_39' title="bbox 411 2326 2020 2405">
    <p class='ocr_par' dir='ltr' id='par_1_39' title="bbox 411 2326 2020 2405">
     <span class='ocr_line' id='line_1_39' title="bbox 411 2326 2020 2405; baseline 0.007 -23"><span class='ocrx_word' id='word_1_273' title='bbox 411 2326 632 2398; x_wconf 89' lang='lat' dir='ltr'>jusdam</span> <span class='ocrx_word' id='word_1_274' title='bbox 662 2328 1017 2401; x_wconf 91' lang='lat' dir='ltr'>impulsionis</span> <span class='ocrx_word' id='word_1_275' title='bbox 1057 2331 1317 2389; x_wconf 86' lang='lat' dir='ltr'>nimietas</span> <span class='ocrx_word' id='word_1_276' title='bbox 1366 2334 1422 2389; x_wconf 91' lang='lat' dir='ltr'>in</span> <span class='ocrx_word' id='word_1_277' title='bbox 1471 2345 1674 2405; x_wconf 89' lang='lat' dir='ltr'>mente,</span> <span class='ocrx_word' id='word_1_278' title='bbox 1719 2353 1845 2394; x_wconf 91' lang='lat' dir='ltr'>cum</span> <span class='ocrx_word' id='word_1_279' title='bbox 1877 2338 2020 2394; x_wconf 85' lang='lat' dir='ltr'>nihil</span> 
     </span>
    </p>
   </div>
   <div class='ocr_carea' id='block_1_40' title="bbox 416 2418 2022 2498">
    <p class='ocr_par' dir='ltr' id='par_1_40' title="bbox 416 2418 2022 2498">
     <span class='ocr_line' id='line_1_40' title="bbox 416 2418 2022 2498; baseline 0.007 -26"><span class='ocrx_word' id='word_1_280' title='bbox 416 2425 573 2474; x_wconf 89' lang='lat' dir='ltr'>sonet</span> <span class='ocrx_word' id='word_1_281' title='bbox 594 2418 652 2473; x_wconf 90' lang='lat' dir='ltr'>in</span> <span class='ocrx_word' id='word_1_282' title='bbox 684 2434 836 2475; x_wconf 90' lang='lat' dir='ltr'>voce.</span> <span class='ocrx_word' id='word_1_283' title='bbox 871 2418 1004 2486; x_wconf 62' lang='lat' dir='ltr'>Quae</span> <span class='ocrx_word' id='word_1_284' title='bbox 1025 2427 1180 2477; x_wconf 90' lang='lat' dir='ltr'>tanto</span> <span class='ocrx_word' id='word_1_285' title='bbox 1200 2421 1344 2494; x_wconf 89' lang='lat' dir='ltr'>apud</span> <span class='ocrx_word' id='word_1_286' title='bbox 1365 2439 1464 2479; x_wconf 88' lang='lat' dir='ltr'>nos</span> <span class='ocrx_word' id='word_1_287' title='bbox 1485 2425 1759 2482; x_wconf 88' lang='lat' dir='ltr'>valentius</span> <span class='ocrx_word' id='word_1_288' title='bbox 1775 2435 2022 2498; x_wconf 90' lang='lat' dir='ltr'>perstre-</span> 
     </span>
    </p>
   </div>
   <div class='ocr_carea' id='block_1_41' title="bbox 418 2507 2018 2586">
    <p class='ocr_par' dir='ltr' id='par_1_41' title="bbox 418 2507 2018 2586">
     <span class='ocr_line' id='line_1_41' title="bbox 418 2507 2018 2586; baseline 0.005 -23"><span class='ocrx_word' id='word_1_289' title='bbox 418 2507 518 2578; x_wconf 88' lang='lat' dir='ltr'>pit,</span> <span class='ocrx_word' id='word_1_290' title='bbox 551 2515 756 2580; x_wconf 90' lang='lat' dir='ltr'>quanto</span> <span class='ocrx_word' id='word_1_291' title='bbox 777 2514 832 2564; x_wconf 90' lang='lat' dir='ltr'>et</span> <span class='ocrx_word' id='word_1_292' title='bbox 859 2507 928 2563; x_wconf 88' lang='lat' dir='ltr'>ab</span> <span class='ocrx_word' id='word_1_293' title='bbox 958 2509 1110 2564; x_wconf 90' lang='lat' dir='ltr'>omni</span> <span class='ocrx_word' id='word_1_294' title='bbox 1141 2511 1407 2567; x_wconf 87' lang='lat' dir='ltr'>exteriori</span> <span class='ocrx_word' id='word_1_295' title='bbox 1435 2514 1671 2586; x_wconf 89' lang='lat' dir='ltr'>strepitu</span> <span class='ocrx_word' id='word_1_296' title='bbox 1697 2531 1887 2570; x_wconf 90' lang='lat' dir='ltr'>aurem</span> <span class='ocrx_word' id='word_1_297' title='bbox 1905 2531 2018 2570; x_wconf 89' lang='lat' dir='ltr'>no-</span> 
     </span>
    </p>
   </div>
   <div class='ocr_carea' id='block_1_42' title="bbox 413 2595 2020 2677">
    <p class='ocr_par' dir='ltr' id='par_1_42' title="bbox 413 2595 2020 2677">
     <span class='ocr_line' id='line_1_42' title="bbox 413 2595 2020 2677; baseline 0.006 -27"><span class='ocrx_word' id='word_1_298' title='bbox 413 2596 513 2656; x_wconf 86' lang='lat' dir='ltr'>stri</span> <span class='ocrx_word' id='word_1_299' title='bbox 555 2595 867 2653; x_wconf 85' lang='lat' dir='ltr'>surdescere</span> <span class='ocrx_word' id='word_1_300' title='bbox 907 2597 1089 2654; x_wconf 88' lang='lat' dir='ltr'>cordis</span> <span class='ocrx_word' id='word_1_301' title='bbox 1133 2599 1286 2656; x_wconf 90' lang='lat' dir='ltr'>facit.</span> <span class='ocrx_word' id='word_1_302' title='bbox 1344 2599 1483 2674; x_wconf 86' lang='lat' dir='ltr'>[Vet.</span> <span class='ocrx_word' id='word_1_303' title='bbox 1529 2603 1584 2658; x_wconf 84' lang='grc' dir='ltr'><em>Χ</em></span> <span class='ocrx_word' id='word_1_304' title='bbox 1592 2603 1738 2677; x_wconf 87' lang='lat' dir='ltr'>VII.]</span> <span class='ocrx_word' id='word_1_305' title='bbox 1782 2603 1936 2659; x_wconf 90' lang='lat' dir='ltr'>Unde</span> <span class='ocrx_word' id='word_1_306' title='bbox 1965 2612 2020 2660; x_wconf 89' lang='lat' dir='ltr'>et</span> 
     </span>
    </p>
   </div>
   <div class='ocr_carea' id='block_1_43' title="bbox 411 2685 2022 2759">
    <p class='ocr_par' dir='ltr' id='par_1_43' title="bbox 411 2685 2022 2759">
     <span class='ocr_line' id='line_1_43' title="bbox 411 2685 2022 2759; baseline 0.005 -17"><span class='ocrx_word' id='word_1_307' title='bbox 411 2685 596 2742; x_wconf 87' lang='lat' dir='ltr'>anima</span> <span class='ocrx_word' id='word_1_308' title='bbox 617 2685 687 2742; x_wconf 87' lang='lat' dir='ltr'>ad</span> <span class='ocrx_word' id='word_1_309' title='bbox 715 2688 1059 2759; x_wconf 89' lang='lat' dir='ltr'>semetipsam</span> <span class='ocrx_word' id='word_1_310' title='bbox 1089 2705 1220 2744; x_wconf 81' lang='lat' dir='ltr'>mox</span> <span class='ocrx_word' id='word_1_311' title='bbox 1251 2689 1358 2748; x_wconf 93' lang='lat' dir='ltr'>hoc</span> <span class='ocrx_word' id='word_1_312' title='bbox 1394 2691 1596 2747; x_wconf 91' lang='lat' dir='ltr'>intimo</span> <span class='ocrx_word' id='word_1_313' title='bbox 1625 2693 1866 2748; x_wconf 89' lang='lat' dir='ltr'>clamore</span> <span class='ocrx_word' id='word_1_314' title='bbox 1894 2695 2022 2750; x_wconf 92' lang='lat' dir='ltr'>col-</span> 
     </span>
    </p>
   </div>
   <div class='ocr_carea' id='block_1_44' title="bbox 413 2776 2018 2854">
    <p class='ocr_par' dir='ltr' id='par_1_44' title="bbox 413 2776 2018 2854">
     <span class='ocr_line' id='line_1_44' title="bbox 413 2776 2018 2854; baseline 0.005 -23"><span class='ocrx_word' id='word_1_315' title='bbox 413 2777 552 2831; x_wconf 90' lang='lat' dir='ltr'>lecta</span> <span class='ocrx_word' id='word_1_316' title='bbox 581 2776 812 2832; x_wconf 87' lang='lat' dir='ltr'>miratur</span> <span class='ocrx_word' id='word_1_317' title='bbox 851 2776 998 2848; x_wconf 90' lang='lat' dir='ltr'>quod</span> <span class='ocrx_word' id='word_1_318' title='bbox 1043 2777 1220 2846; x_wconf 89' lang='lat' dir='ltr'>audit,</span> <span class='ocrx_word' id='word_1_319' title='bbox 1271 2779 1402 2850; x_wconf 88' lang='lat' dir='ltr'>quia</span> <span class='ocrx_word' id='word_1_320' title='bbox 1423 2781 1538 2836; x_wconf 88' lang='lat' dir='ltr'>vim</span> <span class='ocrx_word' id='word_1_321' title='bbox 1568 2783 2018 2854; x_wconf 90' lang='lat' dir='ltr'>compunctionis</span> 
     </span>
    </p>
   </div>
   <div class='ocr_carea' id='block_1_45' title="bbox 411 2863 2019 2945">
    <p class='ocr_par' dir='ltr' id='par_1_45' title="bbox 411 2863 2019 2945">
     <span class='ocr_line' id='line_1_45' title="bbox 411 2863 2019 2945; baseline 0.007 -26"><span class='ocrx_word' id='word_1_322' title='bbox 411 2863 700 2936; x_wconf 68' lang='lat' dir='ltr'>incognita:</span> <span class='ocrx_word' id='word_1_323' title='bbox 731 2865 982 2938; x_wconf 89' lang='lat' dir='ltr'>percipit.</span> <span class='ocrx_word' id='word_1_324' title='bbox 1017 2865 1189 2939; x_wconf 87' lang='lat' dir='ltr'>Cujus</span> <span class='ocrx_word' id='word_1_325' title='bbox 1217 2868 1340 2939; x_wconf 89' lang='lat' dir='ltr'>ipsa</span> <span class='ocrx_word' id='word_1_326' title='bbox 1377 2868 1672 2926; x_wconf 88' lang='lat' dir='ltr'>admiratio</span> <span class='ocrx_word' id='word_1_327' title='bbox 1702 2871 1842 2928; x_wconf 90' lang='lat' dir='ltr'>bene</span> <span class='ocrx_word' id='word_1_328' title='bbox 1871 2874 2019 2945; x_wconf 91' lang='lat' dir='ltr'>apud</span> 
     </span>
    </p>
   </div>
   <div class='ocr_carea' id='block_1_46' title="bbox 407 2955 2014 3033">
    <p class='ocr_par' dir='ltr' id='par_1_46' title="bbox 407 2955 2014 3033">
     <span class='ocr_line' id='line_1_46' title="bbox 407 2955 2014 3033; baseline 0.006 -23"><span class='ocrx_word' id='word_1_329' title='bbox 407 2955 633 3027; x_wconf 85' lang='lat' dir='ltr'>Moysen</span> <span class='ocrx_word' id='word_1_330' title='bbox 655 2973 855 3012; x_wconf 88' lang='lat' dir='ltr'>manna</span> <span class='ocrx_word' id='word_1_331' title='bbox 871 2956 1106 3029; x_wconf 86' lang='lat' dir='ltr'>desuper</span> <span class='ocrx_word' id='word_1_332' title='bbox 1127 2959 1381 3014; x_wconf 90' lang='lat' dir='ltr'>veniente</span> <span class='ocrx_word' id='word_1_333' title='bbox 1397 2960 1647 3032; x_wconf 83' lang='lat' dir='ltr'>signatur</span> <span class='ocrx_word' id='word_1_334' title='bbox 1668 2964 1874 3028; x_wconf 74' lang='lat' dir='ltr'>(Exod.</span> <span class='ocrx_word' id='word_1_335' title='bbox 1895 2980 2014 3033; x_wconf 76' lang='lat' dir='ltr'>xvr,</span> 
     </span>
    </p>
   </div>
   <div class='ocr_carea' id='block_1_47' title="bbox 411 3045 2017 3124">
    <p class='ocr_par' dir='ltr' id='par_1_47' title="bbox 411 3045 2017 3124">
     <span class='ocr_line' id='line_1_47' title="bbox 411 3045 2017 3124; baseline 0.006 -23"><span class='ocrx_word' id='word_1_336' title='bbox 411 3045 522 3118; x_wconf 77' lang='grc'>15).</span> <span class='ocrx_word' id='word_1_337' title='bbox 559 3047 750 3104; x_wconf 89' lang='lat' dir='ltr'>Dulcis</span> <span class='ocrx_word' id='word_1_338' title='bbox 764 3047 912 3103; x_wconf 89' lang='lat' dir='ltr'>enim</span> <span class='ocrx_word' id='word_1_339' title='bbox 934 3046 1092 3103; x_wconf 91' lang='lat' dir='ltr'>cibus</span> <span class='ocrx_word' id='word_1_340' title='bbox 1111 3048 1206 3120; x_wconf 92' lang='lat' dir='ltr'>qui</span> <span class='ocrx_word' id='word_1_341' title='bbox 1223 3048 1290 3104; x_wconf 90' lang='lat' dir='ltr'>de</span> <span class='ocrx_word' id='word_1_342' title='bbox 1309 3050 1562 3121; x_wconf 89' lang='lat' dir='ltr'>supernis</span> <span class='ocrx_word' id='word_1_343' title='bbox 1577 3051 1848 3124; x_wconf 88' lang='lat' dir='ltr'>accipitur</span> <span class='ocrx_word' id='word_1_344' title='bbox 1864 3070 2017 3110; x_wconf 87' lang='lat' dir='ltr'>man-</span> 
     </span>
    </p>
   </div>
   <div class='ocr_carea' id='block_1_48' title="bbox 2205 1880 3756 1958">
    <p class='ocr_par' dir='ltr' id='par_1_48' title="bbox 2205 1880 3756 1958">
     <span class='ocr_line' id='line_1_48' title="bbox 2205 1880 3756 1958; baseline 0.008 -22"><span class='ocrx_word' id='word_1_345' title='bbox 2205 1880 2295 1936; x_wconf 76' lang='grc'>44.</span> <span class='ocrx_word' id='word_1_346' title='bbox 2323 1883 2507 1938; x_wconf 85' lang='lat' dir='ltr'>Sancti</span> <span class='ocrx_word' id='word_1_347' title='bbox 2520 1885 2900 1954; x_wconf 68' lang='lat' dir='ltr'>praedicatores</span> <span class='ocrx_word' id='word_1_348' title='bbox 2928 1905 3156 1958; x_wconf 90' lang='lat' dir='ltr'>quorum</span> <span class='ocrx_word' id='word_1_349' title='bbox 3175 1894 3502 1948; x_wconf 83' lang='lat' dir='ltr'>conversatio</span> <span class='ocrx_word' id='word_1_350' title='bbox 3532 1895 3588 1948; x_wconf 85' lang='lat' dir='ltr'>in</span> <span class='ocrx_word' id='word_1_351' title='bbox 3608 1896 3756 1950; x_wconf 71' lang='lat' dir='ltr'>catis</span> 
     </span>
    </p>
   </div>
   <div class='ocr_carea' id='block_1_49' title="bbox 2133 1970 3756 2051">
    <p class='ocr_par' dir='ltr' id='par_1_49' title="bbox 2133 1970 3756 2051">
     <span class='ocr_line' id='line_1_49' title="bbox 2133 1970 3756 2051; baseline 0.01 -28"><span class='ocrx_word' id='word_1_352' title='bbox 2133 1975 2226 2035; x_wconf 87' lang='lat' dir='ltr'>est,</span> <span class='ocrx_word' id='word_1_353' title='bbox 2259 1970 2488 2042; x_wconf 77' lang='lat' dir='ltr'>inﬁrmis</span> <span class='ocrx_word' id='word_1_354' title='bbox 2531 1979 2704 2028; x_wconf 86' lang='lat' dir='ltr'>tamen</span> <span class='ocrx_word' id='word_1_355' title='bbox 2731 1974 2999 2044; x_wconf 82' lang='lat' dir='ltr'>fratribus</span> <span class='ocrx_word' id='word_1_356' title='bbox 3037 1980 3472 2038; x_wconf 77' lang='lat' dir='ltr'>condescendant.</span> <span class='ocrx_word' id='word_1_357' title='bbox 3504 2013 3578 2024; x_wconf 94' lang='lat'>—</span> <span class='ocrx_word' id='word_1_358' title='bbox 3607 1983 3756 2051; x_wconf 86' lang='lat' dir='ltr'>Quia</span> 
     </span>
    </p>
   </div>
   <div class='ocr_carea' id='block_1_50' title="bbox 2133 2057 3756 2139">
    <p class='ocr_par' dir='ltr' id='par_1_50' title="bbox 2133 2057 3756 2139">
     <span class='ocr_line' id='line_1_50' title="bbox 2133 2057 3756 2139; baseline 0.009 -28"><span class='ocrx_word' id='word_1_359' title='bbox 2133 2057 2421 2114; x_wconf 89' lang='lat' dir='ltr'>Psalmista</span> <span class='ocrx_word' id='word_1_360' title='bbox 2448 2060 2561 2116; x_wconf 87' lang='lat' dir='ltr'>ait:</span> <span class='ocrx_word' id='word_1_361' title='bbox 2598 2063 2826 2118; x_wconf 88' lang='lat' dir='ltr'>Lavabis</span> <span class='ocrx_word' id='word_1_362' title='bbox 2853 2083 2951 2134; x_wconf 88' lang='lat' dir='ltr'>me,</span> <span class='ocrx_word' id='word_1_363' title='bbox 2982 2074 3030 2121; x_wconf 90' lang='lat' dir='ltr'>et</span> <span class='ocrx_word' id='word_1_364' title='bbox 3067 2085 3228 2139; x_wconf 85' lang='lat' dir='ltr'>super</span> <span class='ocrx_word' id='word_1_365' title='bbox 3256 2071 3430 2125; x_wconf 85' lang='lat' dir='ltr'>nivem</span> <span class='ocrx_word' id='word_1_366' title='bbox 3459 2072 3756 2128; x_wconf 87' lang='lat' dir='ltr'>dealbabor</span> 
     </span>
    </p>
   </div>
   <div class='ocr_carea' id='block_1_51' title="bbox 2137 2149 3753 2234">
    <p class='ocr_par' dir='ltr' id='par_1_51' title="bbox 2137 2149 3753 2234">
     <span class='ocr_line' id='line_1_51' title="bbox 2137 2149 3753 2234; baseline 0.009 -29"><span class='ocrx_word' id='word_1_367' title='bbox 2137 2149 2310 2220; x_wconf 89' lang='lat' dir='ltr'>(Psal.</span> <span class='ocrx_word' id='word_1_368' title='bbox 2337 2167 2387 2218; x_wconf 76' lang='grc' dir='ltr'>ι,</span> <span class='ocrx_word' id='word_1_369' title='bbox 2405 2151 2631 2224; x_wconf 88' lang='lat' dir='ltr'>8),quid</span> <span class='ocrx_word' id='word_1_370' title='bbox 2653 2152 2758 2210; x_wconf 91' lang='lat' dir='ltr'>hoc</span> <span class='ocrx_word' id='word_1_371' title='bbox 2779 2155 2901 2212; x_wconf 92' lang='lat' dir='ltr'>loco</span> <span class='ocrx_word' id='word_1_372' title='bbox 2918 2157 3125 2226; x_wconf 90' lang='lat' dir='ltr'>nivem,</span> <span class='ocrx_word' id='word_1_373' title='bbox 3151 2159 3257 2214; x_wconf 90' lang='lat' dir='ltr'>nisi</span> <span class='ocrx_word' id='word_1_374' title='bbox 3278 2176 3374 2232; x_wconf 90' lang='lat' dir='ltr'>per</span> <span class='ocrx_word' id='word_1_375' title='bbox 3389 2160 3572 2217; x_wconf 89' lang='lat' dir='ltr'>lucem</span> <span class='ocrx_word' id='word_1_376' title='bbox 3583 2161 3753 2234; x_wconf 85' lang='lat' dir='ltr'>justi-</span> 
     </span>
    </p>
   </div>
   <div class='ocr_carea' id='block_1_52' title="bbox 2131 2238 3753 2324">
    <p class='ocr_par' dir='ltr' id='par_1_52' title="bbox 2131 2238 3753 2324">
     <span class='ocr_line' id='line_1_52' title="bbox 2131 2238 3753 2324; baseline 0.01 -30"><span class='ocrx_word' id='word_1_377' title='bbox 2131 2239 2223 2294; x_wconf 85' lang='lat' dir='ltr'>tiae</span> <span class='ocrx_word' id='word_1_378' title='bbox 2239 2238 2474 2296; x_wconf 89' lang='lat' dir='ltr'>candida</span> <span class='ocrx_word' id='word_1_379' title='bbox 2490 2243 2794 2314; x_wconf 87' lang='lat' dir='ltr'>accipimus</span> <span class='ocrx_word' id='word_1_380' title='bbox 2814 2245 2981 2302; x_wconf 91' lang='lat' dir='ltr'>corda</span> <span class='ocrx_word' id='word_1_381' title='bbox 3001 2251 3350 2307; x_wconf 80' lang='lat' dir='ltr'>sanctorum?</span> <span class='ocrx_word' id='word_1_382' title='bbox 3370 2251 3544 2324; x_wconf 76' lang='lat' dir='ltr'>Aquae</span> <span class='ocrx_word' id='word_1_383' title='bbox 3559 2261 3753 2310; x_wconf 89' lang='lat' dir='ltr'>autem</span> 
     </span>
    </p>
   </div>
   <div class='ocr_carea' id='block_1_53' title="bbox 2131 2327 3752 2408">
    <p class='ocr_par' dir='ltr' id='par_1_53' title="bbox 2131 2327 3752 2408">
     <span class='ocr_line' id='line_1_53' title="bbox 2131 2327 3752 2408; baseline 0.01 -24"><span class='ocrx_word' id='word_1_384' title='bbox 2131 2327 2310 2384; x_wconf 65' lang='lat' dir='ltr'>ductas</span> <span class='ocrx_word' id='word_1_385' title='bbox 2330 2328 2385 2384; x_wconf 92' lang='lat' dir='ltr'>in</span> <span class='ocrx_word' id='word_1_386' title='bbox 2402 2332 2780 2401; x_wconf 90' lang='lat' dir='ltr'>superioribus</span> <span class='ocrx_word' id='word_1_387' title='bbox 2796 2337 3199 2408; x_wconf 87' lang='lat' dir='ltr'>constipantur,</span> <span class='ocrx_word' id='word_1_388' title='bbox 3216 2347 3276 2394; x_wconf 89' lang='lat' dir='ltr'>ut</span> <span class='ocrx_word' id='word_1_389' title='bbox 3292 2339 3450 2397; x_wconf 84' lang='lat' dir='ltr'>nives</span> <span class='ocrx_word' id='word_1_390' title='bbox 3469 2341 3625 2398; x_wconf 87' lang='lat' dir='ltr'>ﬁant.</span> <span class='ocrx_word' id='word_1_391' title='bbox 3643 2344 3752 2400; x_wconf 86' lang='lat' dir='ltr'>Sed</span> 
     </span>
    </p>
   </div>
   <div class='ocr_carea' id='block_1_54' title="bbox 2130 2417 3751 2505">
    <p class='ocr_par' dir='ltr' id='par_1_54' title="bbox 2130 2417 3751 2505">
     <span class='ocr_line' id='line_1_54' title="bbox 2130 2417 3751 2505; baseline 0.01 -33"><span class='ocrx_word' id='word_1_392' title='bbox 2130 2434 2258 2473; x_wconf 92' lang='lat' dir='ltr'>cum</span> <span class='ocrx_word' id='word_1_393' title='bbox 2283 2417 2367 2475; x_wconf 71' lang='lat' dir='ltr'>hae</span> <span class='ocrx_word' id='word_1_394' title='bbox 2397 2420 2528 2491; x_wconf 64' lang='lat' dir='ltr'>ipsa:</span> <span class='ocrx_word' id='word_1_395' title='bbox 2573 2421 2728 2478; x_wconf 84' lang='lat' dir='ltr'>nives</span> <span class='ocrx_word' id='word_1_396' title='bbox 2766 2423 2833 2479; x_wconf 91' lang='lat' dir='ltr'>ad</span> <span class='ocrx_word' id='word_1_397' title='bbox 2863 2431 3066 2481; x_wconf 89' lang='lat' dir='ltr'>terram</span> <span class='ocrx_word' id='word_1_398' title='bbox 3093 2429 3347 2497; x_wconf 77' lang='lat' dir='ltr'>veniunt,</span> <span class='ocrx_word' id='word_1_399' title='bbox 3383 2431 3441 2486; x_wconf 94' lang='lat' dir='ltr'>in</span> <span class='ocrx_word' id='word_1_400' title='bbox 3469 2447 3751 2505; x_wconf 89' lang='lat' dir='ltr'>aquarum</span> 
     </span>
    </p>
   </div>
   <div class='ocr_carea' id='block_1_55' title="bbox 2131 2506 3752 2594">
    <p class='ocr_par' dir='ltr' id='par_1_55' title="bbox 2131 2506 3752 2594">
     <span class='ocr_line' id='line_1_55' title="bbox 2131 2506 3752 2594; baseline 0.009 -34"><span class='ocrx_word' id='word_1_401' title='bbox 2131 2506 2330 2562; x_wconf 89' lang='lat' dir='ltr'>iterum</span> <span class='ocrx_word' id='word_1_402' title='bbox 2377 2508 2652 2582; x_wconf 89' lang='lat' dir='ltr'>liquorem</span> <span class='ocrx_word' id='word_1_403' title='bbox 2683 2520 2995 2570; x_wconf 88' lang='lat' dir='ltr'>vertuntur.</span> <span class='ocrx_word' id='word_1_404' title='bbox 3030 2516 3201 2588; x_wconf 67' lang='lat' dir='ltr'>Aquas</span> <span class='ocrx_word' id='word_1_405' title='bbox 3234 2518 3405 2590; x_wconf 83' lang='lat' dir='ltr'>igitur</span> <span class='ocrx_word' id='word_1_406' title='bbox 3452 2528 3582 2576; x_wconf 91' lang='lat' dir='ltr'>sunt</span> <span class='ocrx_word' id='word_1_407' title='bbox 3614 2539 3752 2594; x_wconf 63' lang='lat' dir='ltr'>prae.</span> 
     </span>
    </p>
   </div>
   <div class='ocr_carea' id='block_1_56' title="bbox 2130 2597 3750 2685">
    <p class='ocr_par' dir='ltr' id='par_1_56' title="bbox 2130 2597 3750 2685">
     <span class='ocr_line' id='line_1_56' title="bbox 2130 2597 3750 2685; baseline 0.013 -33"><span class='ocrx_word' id='word_1_408' title='bbox 2130 2597 2440 2656; x_wconf 89' lang='lat' dir='ltr'>dicatorum</span> <span class='ocrx_word' id='word_1_409' title='bbox 2473 2609 2684 2659; x_wconf 91' lang='lat' dir='ltr'>mentes</span> <span class='ocrx_word' id='word_1_410' title='bbox 2709 2621 2720 2658; x_wconf 87' lang='lat'><strong>:</strong></span> <span class='ocrx_word' id='word_1_411' title='bbox 2768 2621 2888 2678; x_wconf 67' lang='lat' dir='ltr'>qua:</span> <span class='ocrx_word' id='word_1_412' title='bbox 2917 2605 3051 2663; x_wconf 91' lang='lat' dir='ltr'>dum</span> <span class='ocrx_word' id='word_1_413' title='bbox 3079 2608 3147 2664; x_wconf 91' lang='lat' dir='ltr'>ad</span> <span class='ocrx_word' id='word_1_414' title='bbox 3178 2613 3606 2685; x_wconf 86' lang='lat' dir='ltr'>contemplanda</span> <span class='ocrx_word' id='word_1_415' title='bbox 3638 2633 3750 2672; x_wconf 88' lang='lat' dir='ltr'>su-</span> 
     </span>
    </p>
   </div>
   <div class='ocr_carea' id='block_1_57' title="bbox 2130 2692 3750 2762">
    <p class='ocr_par' dir='ltr' id='par_1_57' title="bbox 2130 2692 3750 2762">
     <span class='ocr_line' id='line_1_57' title="bbox 2130 2692 3750 2762; baseline 0.013 -20"><span class='ocrx_word' id='word_1_416' title='bbox 2130 2704 2296 2759; x_wconf 91' lang='lat' dir='ltr'>perna</span> <span class='ocrx_word' id='word_1_417' title='bbox 2325 2707 2381 2746; x_wconf 91' lang='lat' dir='ltr'>se</span> <span class='ocrx_word' id='word_1_418' title='bbox 2410 2692 2652 2762; x_wconf 89' lang='lat' dir='ltr'>erigunt,</span> <span class='ocrx_word' id='word_1_419' title='bbox 2675 2694 2864 2750; x_wconf 90' lang='lat' dir='ltr'>altiori</span> <span class='ocrx_word' id='word_1_420' title='bbox 2895 2695 3181 2756; x_wconf 88' lang='lat' dir='ltr'>intellectu</span> <span class='ocrx_word' id='word_1_421' title='bbox 3211 2701 3547 2759; x_wconf 89' lang='lat' dir='ltr'>solidantur.</span> <span class='ocrx_word' id='word_1_422' title='bbox 3578 2704 3750 2762; x_wconf 87' lang='lat' dir='ltr'>Cum-</span> 
     </span>
    </p>
   </div>
   <div class='ocr_carea' id='block_1_58' title="bbox 2128 2781 3750 2863">
    <p class='ocr_par' dir='ltr' id='par_1_58' title="bbox 2128 2781 3750 2863">
     <span class='ocr_line' id='line_1_58' title="bbox 2128 2781 3750 2863; baseline 0.012 -30"><span class='ocrx_word' id='word_1_423' title='bbox 2128 2794 2233 2850; x_wconf 89' lang='lat' dir='ltr'>que</span> <span class='ocrx_word' id='word_1_424' title='bbox 2263 2781 2318 2834; x_wconf 91' lang='lat' dir='ltr'>in</span> <span class='ocrx_word' id='word_1_425' title='bbox 2349 2798 2564 2838; x_wconf 89' lang='lat' dir='ltr'>summa</span> <span class='ocrx_word' id='word_1_426' title='bbox 2593 2785 3035 2846; x_wconf 88' lang='lat' dir='ltr'>consideratione</span> <span class='ocrx_word' id='word_1_427' title='bbox 3067 2792 3381 2863; x_wconf 90' lang='lat' dir='ltr'>rapiuntur,</span> <span class='ocrx_word' id='word_1_428' title='bbox 3421 2795 3442 2830; x_wconf 82' lang='grc'>⁵</span> <span class='ocrx_word' id='word_1_429' title='bbox 3473 2795 3750 2853; x_wconf 86' lang='lat' dir='ltr'>virtutem</span> 
     </span>
    </p>
   </div>
   <div class='ocr_carea' id='block_1_59' title="bbox 2128 2868 3748 2954">
    <p class='ocr_par' dir='ltr' id='par_1_59' title="bbox 2128 2868 3748 2954">
     <span class='ocr_line' id='line_1_59' title="bbox 2128 2868 3748 2954; baseline 0.015 -33"><span class='ocrx_word' id='word_1_430' title='bbox 2128 2868 2568 2928; x_wconf 86' lang='lat' dir='ltr'>conﬁrmationis</span> <span class='ocrx_word' id='word_1_431' title='bbox 2613 2875 2919 2946; x_wconf 89' lang='lat' dir='ltr'>accipiunt.</span> <span class='ocrx_word' id='word_1_432' title='bbox 2961 2878 3066 2934; x_wconf 90' lang='lat' dir='ltr'>Sed</span> <span class='ocrx_word' id='word_1_433' title='bbox 3095 2882 3226 2954; x_wconf 91' lang='lat' dir='ltr'>quia</span> <span class='ocrx_word' id='word_1_434' title='bbox 3255 2883 3438 2942; x_wconf 90' lang='lat' dir='ltr'>adhuc</span> <span class='ocrx_word' id='word_1_435' title='bbox 3477 2887 3537 2942; x_wconf 92' lang='lat' dir='ltr'>in</span> <span class='ocrx_word' id='word_1_436' title='bbox 3573 2890 3748 2946; x_wconf 87' lang='lat' dir='ltr'>terris</span> 
     </span>
    </p>
   </div>
   <div class='ocr_carea' id='block_1_60' title="bbox 2127 2957 3749 3047">
    <p class='ocr_par' dir='ltr' id='par_1_60' title="bbox 2127 2957 3749 3047">
     <span class='ocr_line' id='line_1_60' title="bbox 2127 2957 3749 3047; baseline 0.015 -35"><span class='ocrx_word' id='word_1_437' title='bbox 2127 2957 2370 3016; x_wconf 86' lang='lat' dir='ltr'>fraterna</span> <span class='ocrx_word' id='word_1_438' title='bbox 2404 2961 2702 3018; x_wconf 90' lang='lat' dir='ltr'>dilectione</span> <span class='ocrx_word' id='word_1_439' title='bbox 2749 2967 3079 3038; x_wconf 89' lang='lat' dir='ltr'>retinentur,</span> <span class='ocrx_word' id='word_1_440' title='bbox 3135 2975 3459 3047; x_wconf 90' lang='lat' dir='ltr'>semetipsas</span> <span class='ocrx_word' id='word_1_441' title='bbox 3507 2978 3577 3034; x_wconf 88' lang='lat' dir='ltr'>ab</span> <span class='ocrx_word' id='word_1_442' title='bbox 3625 2981 3749 3036; x_wconf 85' lang='lat' dir='ltr'>alto</span> 
     </span>
    </p>
   </div>
   <div class='ocr_carea' id='block_1_61' title="bbox 2126 3047 3748 3138">
    <p class='ocr_par' dir='ltr' id='par_1_61' title="bbox 2126 3047 3748 3138">
     <span class='ocr_line' id='line_1_61' title="bbox 2126 3047 3748 3138; baseline 0.015 -35"><span class='ocrx_word' id='word_1_443' title='bbox 2126 3047 2411 3106; x_wconf 90' lang='lat' dir='ltr'>intellectu</span> <span class='ocrx_word' id='word_1_444' title='bbox 2429 3053 2771 3122; x_wconf 83' lang='lat' dir='ltr'>modiﬁcant,</span> <span class='ocrx_word' id='word_1_445' title='bbox 2791 3064 2844 3112; x_wconf 93' lang='lat' dir='ltr'>et</span> <span class='ocrx_word' id='word_1_446' title='bbox 2867 3057 3104 3115; x_wconf 88' lang='lat' dir='ltr'>inﬁrmis</span> <span class='ocrx_word' id='word_1_447' title='bbox 3125 3060 3417 3120; x_wconf 90' lang='lat' dir='ltr'>humiliter</span> <span class='ocrx_word' id='word_1_448' title='bbox 3438 3069 3748 3138; x_wconf 58' lang='lat' dir='ltr'>praedican-</span> 
     </span>
    </p>
   </div>
   <div class='ocr_carea' id='block_1_62' title="bbox 407 3133 3746 3236">
    <p class='ocr_par' dir='ltr' id='par_1_62' title="bbox 407 3133 3746 3236">
     <span class='ocr_line' id='line_1_62' title="bbox 407 3133 3746 3236; baseline 0.008 -46"><span class='ocrx_word' id='word_1_449' title='bbox 407 3133 484 3191; x_wconf 90' lang='lat' dir='ltr'>hu</span> <span class='ocrx_word' id='word_1_450' title='bbox 513 3145 762 3193; x_wconf 80' lang='lat' dir='ltr'>vocatur.</span> <span class='ocrx_word' id='word_1_451' title='bbox 811 3136 1022 3193; x_wconf 87' lang='lat' dir='ltr'>Manhu</span> <span class='ocrx_word' id='word_1_452' title='bbox 1062 3138 1213 3192; x_wconf 91' lang='lat' dir='ltr'>enim</span> <span class='ocrx_word' id='word_1_453' title='bbox 1243 3137 1452 3194; x_wconf 89' lang='lat' dir='ltr'>dicitur</span> <span class='ocrx_word' id='word_1_454' title='bbox 1481 3139 1623 3206; x_wconf 86' lang='lat' dir='ltr'>Quid</span> <span class='ocrx_word' id='word_1_455' title='bbox 1648 3147 1724 3195; x_wconf 87' lang='lat' dir='ltr'>est</span> <span class='ocrx_word' id='word_1_456' title='bbox 1758 3143 1853 3197; x_wconf 86' lang='lat' dir='ltr'>hoc</span> <span class='ocrx_word' id='word_1_457' title='bbox 1873 3145 1900 3200; x_wconf 73' lang='grc'><em>9</em></span> <span class='ocrx_word' id='word_1_458' title='bbox 1944 3145 2016 3199; x_wconf 90' lang='lat' dir='ltr'>Et</span> <span class='ocrx_word' id='word_1_459' title='bbox 2044 3175 2088 3236; x_wconf 67' lang='grc' dir='ltr'><strong>Ο</strong></span> <span class='ocrx_word' id='word_1_460' title='bbox 2123 3143 2206 3192; x_wconf 87' lang='lat' dir='ltr'>tes</span> <span class='ocrx_word' id='word_1_461' title='bbox 2227 3154 2378 3236; x_wconf 77' lang='lat' dir='ltr'>more</span> <span class='ocrx_word' id='word_1_462' title='bbox 2398 3141 2616 3199; x_wconf 90' lang='lat' dir='ltr'>nivium</span> <span class='ocrx_word' id='word_1_463' title='bbox 2639 3145 2842 3236; x_wconf 17' lang='lat' dir='ltr'>6icorda</span> <span class='ocrx_word' id='word_1_464' title='bbox 2863 3149 3076 3204; x_wconf 88' lang='lat' dir='ltr'>arentia</span> <span class='ocrx_word' id='word_1_465' title='bbox 3097 3150 3319 3223; x_wconf 67' lang='lat' dir='ltr'>liquata:</span> <span class='ocrx_word' id='word_1_466' title='bbox 3341 3133 3542 3226; x_wconf 80' lang='lat' dir='ltr'>rigant.</span> <span class='ocrx_word' id='word_1_467' title='bbox 3567 3158 3746 3216; x_wconf 88' lang='lat' dir='ltr'>Nives</span> 
     </span>
    </p>
   </div>
   <div class='ocr_carea' id='block_1_63' title="bbox 406 3224 2005 3300">
    <p class='ocr_par' dir='ltr' id='par_1_63' title="bbox 406 3224 2005 3300">
     <span class='ocr_line' id='line_1_63' title="bbox 406 3224 2005 3300; baseline 0.007 -22"><span class='ocrx_word' id='word_1_468' title='bbox 406 3224 541 3297; x_wconf 88' lang='lat' dir='ltr'>quid</span> <span class='ocrx_word' id='word_1_469' title='bbox 569 3233 651 3280; x_wconf 91' lang='lat' dir='ltr'>est</span> <span class='ocrx_word' id='word_1_470' title='bbox 681 3225 788 3280; x_wconf 91' lang='lat' dir='ltr'>hoc</span> <span class='ocrx_word' id='word_1_471' title='bbox 813 3224 1054 3280; x_wconf 88' lang='lat' dir='ltr'>dicimus</span> <span class='ocrx_word' id='word_1_472' title='bbox 1080 3224 1304 3296; x_wconf 89' lang='lat' dir='ltr'>quando</span> <span class='ocrx_word' id='word_1_473' title='bbox 1325 3224 1432 3282; x_wconf 91' lang='lat' dir='ltr'>hoc</span> <span class='ocrx_word' id='word_1_474' title='bbox 1450 3224 1596 3300; x_wconf 90' lang='lat' dir='ltr'>quod</span> <span class='ocrx_word' id='word_1_475' title='bbox 1617 3229 1895 3288; x_wconf 87' lang='lat' dir='ltr'>cernimus</span> <span class='ocrx_word' id='word_1_476' title='bbox 1915 3249 2005 3289; x_wconf 87' lang='lat' dir='ltr'>ne-</span> 
     </span>
    </p>
   </div>
   <div class='ocr_carea' id='block_1_64' title="bbox 406 3312 2011 3386">
    <p class='ocr_par' dir='ltr' id='par_1_64' title="bbox 406 3312 2011 3386">
     <span class='ocr_line' id='line_1_64' title="bbox 406 3312 2011 3386; baseline 0.006 -19"><span class='ocrx_word' id='word_1_477' title='bbox 406 3313 641 3369; x_wconf 86' lang='lat' dir='ltr'>scientes</span> <span class='ocrx_word' id='word_1_478' title='bbox 673 3312 1034 3368; x_wconf 88' lang='lat' dir='ltr'>admiramur.</span> <span class='ocrx_word' id='word_1_479' title='bbox 1067 3312 1377 3382; x_wconf 89' lang='lat' dir='ltr'>Supernum</span> <span class='ocrx_word' id='word_1_480' title='bbox 1408 3313 1578 3386; x_wconf 81' lang='lat' dir='ltr'>igitur</span> <span class='ocrx_word' id='word_1_481' title='bbox 1608 3335 1807 3375; x_wconf 89' lang='lat' dir='ltr'>manna</span> <span class='ocrx_word' id='word_1_482' title='bbox 1826 3321 2011 3377; x_wconf 89' lang='lat' dir='ltr'>anima</span> 
     </span>
    </p>
   </div>
   <div class='ocr_carea' id='block_1_65' title="bbox 413 3401 2014 3473">
    <p class='ocr_par' dir='ltr' id='par_1_65' title="bbox 413 3401 2014 3473">
     <span class='ocr_line' id='line_1_65' title="bbox 413 3401 2014 3473; baseline 0.007 -19"><span class='ocrx_word' id='word_1_483' title='bbox 413 3401 666 3473; x_wconf 87' lang='lat' dir='ltr'>percipit,</span> <span class='ocrx_word' id='word_1_484' title='bbox 698 3415 823 3455; x_wconf 90' lang='lat' dir='ltr'>cum</span> <span class='ocrx_word' id='word_1_485' title='bbox 853 3414 950 3471; x_wconf 88' lang='lat' dir='ltr'>per</span> <span class='ocrx_word' id='word_1_486' title='bbox 974 3414 1163 3455; x_wconf 89' lang='lat' dir='ltr'>vocem</span> <span class='ocrx_word' id='word_1_487' title='bbox 1204 3405 1644 3473; x_wconf 91' lang='lat' dir='ltr'>compunctionis</span> <span class='ocrx_word' id='word_1_488' title='bbox 1673 3409 1885 3465; x_wconf 89' lang='lat' dir='ltr'>elevata</span> <span class='ocrx_word' id='word_1_489' title='bbox 1913 3427 2014 3466; x_wconf 89' lang='lat' dir='ltr'>no-</span> 
     </span>
    </p>
   </div>
   <div class='ocr_carea' id='block_1_66' title="bbox 408 3487 2012 3569">
    <p class='ocr_par' dir='ltr' id='par_1_66' title="bbox 408 3487 2012 3569">
     <span class='ocr_line' id='line_1_66' title="bbox 408 3487 2012 3569; baseline 0.007 -25"><span class='ocrx_word' id='word_1_490' title='bbox 408 3505 534 3544; x_wconf 90' lang='lat' dir='ltr'>vam</span> <span class='ocrx_word' id='word_1_491' title='bbox 565 3487 802 3560; x_wconf 86' lang='lat' dir='ltr'>speciem</span> <span class='ocrx_word' id='word_1_492' title='bbox 828 3489 1059 3544; x_wconf 74' lang='lat' dir='ltr'>internae</span> <span class='ocrx_word' id='word_1_493' title='bbox 1087 3489 1403 3548; x_wconf 88' lang='lat' dir='ltr'>refectionis</span> <span class='ocrx_word' id='word_1_494' title='bbox 1434 3493 1792 3569; x_wconf 87' lang='lat' dir='ltr'>obstupescit,</span> <span class='ocrx_word' id='word_1_495' title='bbox 1826 3507 1888 3554; x_wconf 94' lang='lat' dir='ltr'>ut</span> <span class='ocrx_word' id='word_1_496' title='bbox 1914 3499 2012 3555; x_wconf 89' lang='lat' dir='ltr'>di-</span> 
     </span>
    </p>
   </div>
   <div class='ocr_carea' id='block_1_67' title="bbox 406 3577 2012 3655">
    <p class='ocr_par' dir='ltr' id='par_1_67' title="bbox 406 3577 2012 3655">
     <span class='ocr_line' id='line_1_67' title="bbox 406 3577 2012 3655; baseline 0.008 -23"><span class='ocrx_word' id='word_1_497' title='bbox 406 3579 539 3634; x_wconf 87' lang='lat' dir='ltr'>vina</span> <span class='ocrx_word' id='word_1_498' title='bbox 565 3577 858 3634; x_wconf 89' lang='lat' dir='ltr'>dulcedine</span> <span class='ocrx_word' id='word_1_499' title='bbox 881 3579 1088 3650; x_wconf 92' lang='lat' dir='ltr'>repleta</span> <span class='ocrx_word' id='word_1_500' title='bbox 1110 3577 1237 3651; x_wconf 87' lang='lat' dir='ltr'>jure</span> <span class='ocrx_word' id='word_1_501' title='bbox 1265 3584 1614 3655; x_wconf 88' lang='lat' dir='ltr'>respondeat,</span> <span class='ocrx_word' id='word_1_502' title='bbox 1637 3587 1780 3654; x_wconf 85' lang='lat' dir='ltr'>Quid</span> <span class='ocrx_word' id='word_1_503' title='bbox 1797 3590 2012 3646; x_wconf 74' lang='lat' dir='ltr'>esthoc?</span> 
     </span>
    </p>
   </div>
   <div class='ocr_carea' id='block_1_68' title="bbox 405 3665 2009 3750">
    <p class='ocr_par' dir='ltr' id='par_1_68' title="bbox 405 3665 2009 3750">
     <span class='ocr_line' id='line_1_68' title="bbox 405 3665 2009 3750; baseline 0.007 -28"><span class='ocrx_word' id='word_1_504' title='bbox 405 3668 538 3740; x_wconf 87' lang='lat' dir='ltr'>quia</span> <span class='ocrx_word' id='word_1_505' title='bbox 564 3666 696 3723; x_wconf 91' lang='lat' dir='ltr'>dum</span> <span class='ocrx_word' id='word_1_506' title='bbox 717 3666 785 3723; x_wconf 89' lang='lat' dir='ltr'>ab</span> <span class='ocrx_word' id='word_1_507' title='bbox 819 3665 1010 3724; x_wconf 87' lang='lat' dir='ltr'>inﬁma</span> <span class='ocrx_word' id='word_1_508' title='bbox 1045 3669 1376 3742; x_wconf 79' lang='lat' dir='ltr'>cogitatione</span> <span class='ocrx_word' id='word_1_509' title='bbox 1403 3674 1780 3746; x_wconf 84' lang='lat' dir='ltr'>suspenditur,</span> <span class='ocrx_word' id='word_1_510' title='bbox 1807 3691 1870 3731; x_wconf 90' lang='lat' dir='ltr'>ea</span> <span class='ocrx_word' id='word_1_511' title='bbox 1888 3692 2009 3750; x_wconf 84' lang='lat' dir='ltr'>quae</span> 
     </span>
    </p>
   </div>
   <div class='ocr_carea' id='block_1_69' title="bbox 409 3757 2006 3839">
    <p class='ocr_par' dir='ltr' id='par_1_69' title="bbox 409 3757 2006 3839">
     <span class='ocr_line' id='line_1_69' title="bbox 409 3757 2006 3839; baseline 0.007 -25"><span class='ocrx_word' id='word_1_512' title='bbox 409 3757 477 3814; x_wconf 91' lang='lat' dir='ltr'>de</span> <span class='ocrx_word' id='word_1_513' title='bbox 503 3759 755 3830; x_wconf 88' lang='lat' dir='ltr'>supernis</span> <span class='ocrx_word' id='word_1_514' title='bbox 786 3758 1056 3831; x_wconf 88' lang='lat' dir='ltr'>conspicit</span> <span class='ocrx_word' id='word_1_515' title='bbox 1085 3760 1306 3818; x_wconf 90' lang='lat' dir='ltr'>insolite</span> <span class='ocrx_word' id='word_1_516' title='bbox 1337 3763 1589 3821; x_wconf 86' lang='lat' dir='ltr'>miratur.</span> <span class='ocrx_word' id='word_1_517' title='bbox 1622 3766 1695 3820; x_wconf 91' lang='lat' dir='ltr'>Et</span> <span class='ocrx_word' id='word_1_518' title='bbox 1720 3765 1852 3839; x_wconf 87' lang='lat' dir='ltr'>quia</span> <span class='ocrx_word' id='word_1_519' title='bbox 1880 3783 2006 3825; x_wconf 91' lang='lat' dir='ltr'>cum</span> 
     </span>
    </p>
   </div>
   <div class='ocr_carea' id='block_1_70' title="bbox 404 3847 2007 3926">
    <p class='ocr_par' dir='ltr' id='par_1_70' title="bbox 404 3847 2007 3926">
     <span class='ocr_line' id='line_1_70' title="bbox 404 3847 2007 3926; baseline 0.006 -22"><span class='ocrx_word' id='word_1_520' title='bbox 404 3847 509 3907; x_wconf 91' lang='lat' dir='ltr'>hac</span> <span class='ocrx_word' id='word_1_521' title='bbox 526 3863 660 3904; x_wconf 91' lang='lat' dir='ltr'>voce</span> <span class='ocrx_word' id='word_1_522' title='bbox 691 3847 924 3921; x_wconf 91' lang='lat' dir='ltr'>torporis</span> <span class='ocrx_word' id='word_1_523' title='bbox 947 3851 1124 3906; x_wconf 91' lang='lat' dir='ltr'>nostri</span> <span class='ocrx_word' id='word_1_524' title='bbox 1149 3851 1391 3908; x_wconf 87' lang='lat' dir='ltr'>surditas</span> <span class='ocrx_word' id='word_1_525' title='bbox 1411 3854 1711 3926; x_wconf 90' lang='lat' dir='ltr'>rumpitur,</span> <span class='ocrx_word' id='word_1_526' title='bbox 1736 3857 1759 3890; x_wconf 74' lang='lat'><strong>‘</strong></span> <span class='ocrx_word' id='word_1_527' title='bbox 1777 3863 2007 3914; x_wconf 69' lang='lat' dir='ltr'>vetustae</span> 
     </span>
    </p>
   </div>
   <div class='ocr_carea' id='block_1_71' title="bbox 404 3939 2007 4020">
    <p class='ocr_par' dir='ltr' id='par_1_71' title="bbox 404 3939 2007 4020">
     <span class='ocr_line' id='line_1_71' title="bbox 404 3939 2007 4020; baseline 0.007 -28"><span class='ocrx_word' id='word_1_528' title='bbox 404 3939 530 3995; x_wconf 67' lang='lat' dir='ltr'>vitae</span> <span class='ocrx_word' id='word_1_529' title='bbox 559 3939 812 4012; x_wconf 88' lang='lat' dir='ltr'>protinus</span> <span class='ocrx_word' id='word_1_530' title='bbox 844 3955 976 3995; x_wconf 88' lang='lat' dir='ltr'>usus</span> <span class='ocrx_word' id='word_1_531' title='bbox 1016 3948 1285 4011; x_wconf 87' lang='lat' dir='ltr'>mutatur,</span> <span class='ocrx_word' id='word_1_532' title='bbox 1315 3949 1380 3998; x_wconf 92' lang='lat' dir='ltr'>ut</span> <span class='ocrx_word' id='word_1_533' title='bbox 1407 3944 1594 4000; x_wconf 87' lang='lat' dir='ltr'>anima</span> <span class='ocrx_word' id='word_1_534' title='bbox 1629 3962 1870 4018; x_wconf 90' lang='lat' dir='ltr'>superno</span> <span class='ocrx_word' id='word_1_535' title='bbox 1899 3949 2007 4020; x_wconf 89' lang='lat' dir='ltr'>spi-</span> 
     </span>
    </p>
   </div>
   <div class='ocr_carea' id='block_1_72' title="bbox 399 4027 2005 4110">
    <p class='ocr_par' dir='ltr' id='par_1_72' title="bbox 399 4027 2005 4110">
     <span class='ocr_line' id='line_1_72' title="bbox 399 4027 2005 4110; baseline 0.006 -26"><span class='ocrx_word' id='word_1_536' title='bbox 399 4027 511 4084; x_wconf 89' lang='lat' dir='ltr'>ritu</span> <span class='ocrx_word' id='word_1_537' title='bbox 535 4028 740 4100; x_wconf 80' lang='lat' dir='ltr'>afﬂata,</span> <span class='ocrx_word' id='word_1_538' title='bbox 783 4037 838 4086; x_wconf 91' lang='lat' dir='ltr'>et</span> <span class='ocrx_word' id='word_1_539' title='bbox 877 4029 935 4085; x_wconf 89' lang='lat' dir='ltr'>in</span> <span class='ocrx_word' id='word_1_540' title='bbox 976 4031 1210 4088; x_wconf 88' lang='lat' dir='ltr'>summis</span> <span class='ocrx_word' id='word_1_541' title='bbox 1249 4040 1468 4105; x_wconf 86' lang='lat' dir='ltr'>appetat</span> <span class='ocrx_word' id='word_1_542' title='bbox 1498 4051 1619 4109; x_wconf 71' lang='lat' dir='ltr'>quae</span> <span class='ocrx_word' id='word_1_543' title='bbox 1659 4044 2005 4110; x_wconf 86' lang='lat' dir='ltr'>contempse-</span> 
     </span>
    </p>
   </div>
   <div class='ocr_carea' id='block_1_73' title="bbox 399 4118 2008 4198">
    <p class='ocr_par' dir='ltr' id='par_1_73' title="bbox 399 4118 2008 4198">
     <span class='ocr_line' id='line_1_73' title="bbox 399 4118 2008 4198; baseline 0.006 -23"><span class='ocrx_word' id='word_1_544' title='bbox 399 4125 501 4187; x_wconf 86' lang='lat' dir='ltr'>rat,</span> <span class='ocrx_word' id='word_1_545' title='bbox 539 4127 595 4176; x_wconf 88' lang='lat' dir='ltr'>et</span> <span class='ocrx_word' id='word_1_546' title='bbox 619 4127 937 4176; x_wconf 89' lang='lat' dir='ltr'>contemnat</span> <span class='ocrx_word' id='word_1_547' title='bbox 983 4118 1043 4176; x_wconf 88' lang='lat' dir='ltr'>in</span> <span class='ocrx_word' id='word_1_548' title='bbox 1084 4120 1295 4180; x_wconf 89' lang='lat' dir='ltr'>inﬁmis</span> <span class='ocrx_word' id='word_1_549' title='bbox 1331 4139 1454 4196; x_wconf 64' lang='lat' dir='ltr'>qua</span> <span class='ocrx_word' id='word_1_550' title='bbox 1501 4125 1811 4198; x_wconf 87' lang='lat' dir='ltr'>appetebat,</span> <span class='ocrx_word' id='word_1_551' title='bbox 1861 4135 2008 4187; x_wconf 88' lang='lat' dir='ltr'>recte</span> 
     </span>
    </p>
   </div>
   <div class='ocr_carea' id='block_1_74' title="bbox 399 4207 808 4280">
    <p class='ocr_par' dir='ltr' id='par_1_74' title="bbox 399 4207 808 4280">
     <span class='ocr_line' id='line_1_74' title="bbox 399 4207 808 4280; baseline 0.005 -18"><span class='ocrx_word' id='word_1_552' title='bbox 399 4207 756 4280; x_wconf 86' lang='lat' dir='ltr'>subjungitur</span> <span class='ocrx_word' id='word_1_553' title='bbox 795 4226 808 4264; x_wconf 74' lang='grc' dir='ltr'><strong><em>ι</em></strong></span> 
     </span>
    </p>
   </div>
   <div class='ocr_carea' id='block_1_75' title="bbox 971 4298 1436 4358">
    <p class='ocr_par' dir='ltr' id='par_1_75' title="bbox 971 4298 1436 4358">
     <span class='ocr_line' id='line_1_75' title="bbox 971 4298 1436 4358; baseline 0.004 -2"><span class='ocrx_word' id='word_1_554' title='bbox 971 4298 1200 4356; x_wconf 85' lang='lat' dir='ltr'>CAPUT</span> <span class='ocrx_word' id='word_1_555' title='bbox 1228 4300 1436 4358; x_wconf 86' lang='lat' dir='ltr'>XXIII.</span> 
     </span>
    </p>
   </div>
   <div class='ocr_carea' id='block_1_76' title="bbox 468 4386 1696 4458">
    <p class='ocr_par' dir='ltr' id='par_1_76' title="bbox 468 4386 1696 4458">
     <span class='ocr_line' id='line_1_76' title="bbox 468 4386 1696 4458; baseline 0.007 -16"><span class='ocrx_word' id='word_1_556' title='bbox 468 4388 606 4443; x_wconf 81' lang='lat' dir='ltr'>IBID.</span> <span class='ocrx_word' id='word_1_557' title='bbox 623 4415 694 4428; x_wconf 91' lang='lat'><em>—</em></span> <span class='ocrx_word' id='word_1_558' title='bbox 713 4387 818 4454; x_wconf 88' lang='lat' dir='ltr'>Qui</span> <span class='ocrx_word' id='word_1_559' title='bbox 843 4386 977 4456; x_wconf 83' lang='lat' dir='ltr'>facit</span> <span class='ocrx_word' id='word_1_560' title='bbox 1001 4405 1196 4458; x_wconf 86' lang='lat' dir='ltr'>magna</span> <span class='ocrx_word' id='word_1_561' title='bbox 1225 4397 1275 4445; x_wconf 87' lang='lat' dir='ltr'>et</span> <span class='ocrx_word' id='word_1_562' title='bbox 1301 4391 1696 4450; x_wconf 83' lang='lat' dir='ltr'>inscrutabilia.</span> 
     </span>
    </p>
   </div>
   <div class='ocr_carea' id='block_1_77' title="bbox 465 4475 2000 4550">
    <p class='ocr_par' dir='ltr' id='par_1_77' title="bbox 465 4475 2000 4550">
     <span class='ocr_line' id='line_1_77' title="bbox 465 4475 2000 4550; baseline 0.008 -20"><span class='ocrx_word' id='word_1_563' title='bbox 465 4475 558 4533; x_wconf 76' lang='grc'>43.</span> <span class='ocrx_word' id='word_1_564' title='bbox 591 4476 738 4535; x_wconf 78' lang='lat' dir='ltr'>Mira</span> <span class='ocrx_word' id='word_1_565' title='bbox 755 4481 804 4531; x_wconf 85' lang='lat' dir='ltr'>et</span> <span class='ocrx_word' id='word_1_566' title='bbox 829 4478 1087 4548; x_wconf 86' lang='lat' dir='ltr'>stupenda</span> <span class='ocrx_word' id='word_1_567' title='bbox 1115 4479 1174 4533; x_wconf 88' lang='lat' dir='ltr'>in</span> <span class='ocrx_word' id='word_1_568' title='bbox 1195 4481 1489 4550; x_wconf 82' lang='lat' dir='ltr'>peccatoris</span> <span class='ocrx_word' id='word_1_569' title='bbox 1507 4484 1841 4540; x_wconf 84' lang='lat' dir='ltr'>conversione</span> <span class='ocrx_word' id='word_1_570' title='bbox 1861 4487 2000 4543; x_wconf 87' lang='lat' dir='ltr'>Deus</span> 
     </span>
    </p>
   </div>
   <div class='ocr_carea' id='block_1_78' title="bbox 396 4568 1988 4650">
    <p class='ocr_par' dir='ltr' id='par_1_78' title="bbox 396 4568 1988 4650">
     <span class='ocr_line' id='line_1_78' title="bbox 396 4568 1988 4650; baseline 0.01 -29"><span class='ocrx_word' id='word_1_571' title='bbox 396 4573 668 4638; x_wconf 82' lang='lat' dir='ltr'>operatur.</span> <span class='ocrx_word' id='word_1_572' title='bbox 703 4598 764 4610; x_wconf 93' lang='lat'><strong><em>—</em></strong></span> <span class='ocrx_word' id='word_1_573' title='bbox 797 4569 868 4626; x_wconf 92' lang='lat' dir='ltr'>Ut</span> <span class='ocrx_word' id='word_1_574' title='bbox 895 4569 1043 4624; x_wconf 91' lang='lat' dir='ltr'>enim</span> <span class='ocrx_word' id='word_1_575' title='bbox 1074 4568 1243 4627; x_wconf 92' lang='lat' dir='ltr'>homo</span> <span class='ocrx_word' id='word_1_576' title='bbox 1273 4575 1504 4631; x_wconf 90' lang='lat' dir='ltr'>terrenis</span> <span class='ocrx_word' id='word_1_577' title='bbox 1533 4576 1724 4634; x_wconf 91' lang='lat' dir='ltr'>usibus</span> <span class='ocrx_word' id='word_1_578' title='bbox 1750 4577 1988 4650; x_wconf 91' lang='lat' dir='ltr'>deditus,</span> 
     </span>
    </p>
   </div>
   <div class='ocr_carea' id='block_1_79' title="bbox 396 4657 1993 4739">
    <p class='ocr_par' dir='ltr' id='par_1_79' title="bbox 396 4657 1993 4739">
     <span class='ocr_line' id='line_1_79' title="bbox 396 4657 1993 4739; baseline 0.009 -27"><span class='ocrx_word' id='word_1_579' title='bbox 396 4657 603 4730; x_wconf 90' lang='lat' dir='ltr'>iniquis</span> <span class='ocrx_word' id='word_1_580' title='bbox 627 4657 915 4717; x_wconf 90' lang='lat' dir='ltr'>desideriis</span> <span class='ocrx_word' id='word_1_581' title='bbox 946 4677 1183 4732; x_wconf 90' lang='lat' dir='ltr'>pressus,</span> <span class='ocrx_word' id='word_1_582' title='bbox 1215 4663 1403 4720; x_wconf 87' lang='lat' dir='ltr'>subito</span> <span class='ocrx_word' id='word_1_583' title='bbox 1437 4664 1505 4721; x_wconf 88' lang='lat' dir='ltr'>ad</span> <span class='ocrx_word' id='word_1_584' title='bbox 1538 4683 1682 4724; x_wconf 91' lang='lat' dir='ltr'>nova</span> <span class='ocrx_word' id='word_1_585' title='bbox 1713 4669 1993 4739; x_wconf 82' lang='lat' dir='ltr'>eﬂ‘erveat,</span> 
     </span>
    </p>
   </div>
   <div class='ocr_carea' id='block_1_80' title="bbox 393 4749 1997 4823">
    <p class='ocr_par' dir='ltr' id='par_1_80' title="bbox 393 4749 1997 4823">
     <span class='ocr_line' id='line_1_80' title="bbox 393 4749 1997 4823; baseline 0.009 -20"><span class='ocrx_word' id='word_1_586' title='bbox 393 4757 558 4820; x_wconf 89' lang='lat' dir='ltr'>atque</span> <span class='ocrx_word' id='word_1_587' title='bbox 577 4749 645 4806; x_wconf 92' lang='lat' dir='ltr'>ad</span> <span class='ocrx_word' id='word_1_588' title='bbox 663 4757 923 4807; x_wconf 89' lang='lat' dir='ltr'>consueta</span> <span class='ocrx_word' id='word_1_589' title='bbox 943 4750 1216 4823; x_wconf 86' lang='lat' dir='ltr'>frigescat,</span> <span class='ocrx_word' id='word_1_590' title='bbox 1241 4755 1611 4813; x_wconf 84' lang='lat' dir='ltr'>exterioribus</span> <span class='ocrx_word' id='word_1_591' title='bbox 1631 4759 1778 4816; x_wconf 89' lang='lat' dir='ltr'>curis</span> <span class='ocrx_word' id='word_1_592' title='bbox 1799 4777 1997 4816; x_wconf 90' lang='lat' dir='ltr'>renun-</span> 
     </span>
    </p>
   </div>
   <div class='ocr_carea' id='block_1_81' title="bbox 391 4839 1998 4922">
    <p class='ocr_par' dir='ltr' id='par_1_81' title="bbox 391 4839 1998 4922">
     <span class='ocr_line' id='line_1_81' title="bbox 391 4839 1998 4922; baseline 0.009 -27"><span class='ocrx_word' id='word_1_593' title='bbox 391 4839 510 4908; x_wconf 89' lang='lat' dir='ltr'>tiet,</span> <span class='ocrx_word' id='word_1_594' title='bbox 531 4840 588 4895; x_wconf 93' lang='lat' dir='ltr'>in</span> <span class='ocrx_word' id='word_1_595' title='bbox 611 4841 844 4898; x_wconf 90' lang='lat' dir='ltr'>internis</span> <span class='ocrx_word' id='word_1_596' title='bbox 861 4850 1078 4898; x_wconf 91' lang='lat' dir='ltr'>contem</span> <span class='ocrx_word' id='word_1_597' title='bbox 1087 4843 1421 4916; x_wconf 87' lang='lat' dir='ltr'>plationibus</span> <span class='ocrx_word' id='word_1_598' title='bbox 1442 4847 1685 4916; x_wconf 91' lang='lat' dir='ltr'>anhelet,</span> <span class='ocrx_word' id='word_1_599' title='bbox 1711 4849 1836 4922; x_wconf 90' lang='lat' dir='ltr'>quis</span> <span class='ocrx_word' id='word_1_600' title='bbox 1856 4851 1998 4909; x_wconf 89' lang='lat' dir='ltr'>hanc</span> 
     </span>
    </p>
   </div>
   <div class='ocr_carea' id='block_1_82' title="bbox 391 4929 1996 5014">
    <p class='ocr_par' dir='ltr' id='par_1_82' title="bbox 391 4929 1996 5014">
     <span class='ocr_line' id='line_1_82' title="bbox 391 4929 1996 5014; baseline 0.008 -30"><span class='ocrx_word' id='word_1_601' title='bbox 391 4929 652 4986; x_wconf 87' lang='lat' dir='ltr'>virtutem</span> <span class='ocrx_word' id='word_1_602' title='bbox 698 4947 948 5004; x_wconf 62' lang='lat' dir='ltr'>supernae</span> <span class='ocrx_word' id='word_1_603' title='bbox 982 4933 1137 4990; x_wconf 90' lang='lat' dir='ltr'>vocis</span> <span class='ocrx_word' id='word_1_604' title='bbox 1179 4935 1526 4992; x_wconf 90' lang='lat' dir='ltr'>considerare</span> <span class='ocrx_word' id='word_1_605' title='bbox 1560 4937 1842 4995; x_wconf 76' lang='lat' dir='ltr'>sufﬁciat?</span> <span class='ocrx_word' id='word_1_606' title='bbox 1871 4937 1996 5014; x_wconf 88' lang='lat' dir='ltr'>quis</span> 
     </span>
    </p>
   </div>
   <div class='ocr_carea' id='block_1_83' title="bbox 389 5019 1996 5102">
    <p class='ocr_par' dir='ltr' id='par_1_83' title="bbox 389 5019 1996 5102">
     <span class='ocr_line' id='line_1_83' title="bbox 389 5019 1996 5102; baseline 0.008 -29"><span class='ocrx_word' id='word_1_607' title='bbox 389 5019 786 5078; x_wconf 90' lang='lat' dir='ltr'>considerando</span> <span class='ocrx_word' id='word_1_608' title='bbox 823 5022 1297 5095; x_wconf 77' lang='lat' dir='ltr'>comprehendat?</span> <span class='ocrx_word' id='word_1_609' title='bbox 1335 5025 1531 5097; x_wconf 85' lang='lat' dir='ltr'>Magna</span> <span class='ocrx_word' id='word_1_610' title='bbox 1569 5036 1701 5084; x_wconf 91' lang='lat' dir='ltr'>sunt</span> <span class='ocrx_word' id='word_1_611' title='bbox 1747 5043 1866 5101; x_wconf 71' lang='lat' dir='ltr'>quae</span> <span class='ocrx_word' id='word_1_612' title='bbox 1899 5045 1996 5102; x_wconf 90' lang='lat' dir='ltr'>per</span> 
     </span>
    </p>
   </div>
   <div class='ocr_carea' id='block_1_84' title="bbox 389 5112 1994 5190">
    <p class='ocr_par' dir='ltr' id='par_1_84' title="bbox 389 5112 1994 5190">
     <span class='ocr_line' id='line_1_84' title="bbox 389 5112 1994 5190; baseline 0.008 -28"><span class='ocrx_word' id='word_1_613' title='bbox 389 5123 580 5168; x_wconf 88' lang='lat' dir='ltr'>vocem</span> <span class='ocrx_word' id='word_1_614' title='bbox 605 5127 762 5170; x_wconf 89' lang='lat' dir='ltr'>suam</span> <span class='ocrx_word' id='word_1_615' title='bbox 789 5113 1060 5170; x_wconf 90' lang='lat' dir='ltr'>Dominus</span> <span class='ocrx_word' id='word_1_616' title='bbox 1079 5112 1234 5183; x_wconf 86' lang='lat' dir='ltr'>facit,</span> <span class='ocrx_word' id='word_1_617' title='bbox 1263 5113 1361 5171; x_wconf 86' lang='lat' dir='ltr'>sed</span> <span class='ocrx_word' id='word_1_618' title='bbox 1380 5115 1567 5172; x_wconf 88' lang='lat' dir='ltr'>minus</span> <span class='ocrx_word' id='word_1_619' title='bbox 1585 5133 1783 5190; x_wconf 87' lang='lat' dir='ltr'>magna</span> <span class='ocrx_word' id='word_1_620' title='bbox 1809 5125 1994 5176; x_wconf 86' lang='lat' dir='ltr'>essent</span> 
     </span>
    </p>
   </div>
   <div class='ocr_carea' id='block_1_85' title="bbox 461 5339 1993 5425">
    <p class='ocr_par' dir='ltr' id='par_1_85' title="bbox 461 5339 1993 5425">
     <span class='ocr_line' id='line_1_85' title="bbox 461 5339 1993 5425; baseline 0.011 -28"><span class='ocrx_word' id='word_1_621' title='bbox 461 5339 478 5378; x_wconf 72' lang='grc' dir='ltr'>ί</span> <span class='ocrx_word' id='word_1_622' title='bbox 509 5343 861 5425; x_wconf 82' lang='lat' dir='ltr'>Longipont.,</span> <span class='ocrx_word' id='word_1_623' title='bbox 887 5347 1025 5425; x_wconf 71' lang='lat' dir='ltr'>latro</span> <span class='ocrx_word' id='word_1_624' title='bbox 1042 5348 1154 5404; x_wconf 87' lang='lat' dir='ltr'>suis</span> <span class='ocrx_word' id='word_1_625' title='bbox 1163 5348 1426 5425; x_wconf 76' lang='lat' dir='ltr'>mortibus</span> <span class='ocrx_word' id='word_1_626' title='bbox 1443 5350 1689 5408; x_wconf 84' lang='lat' dir='ltr'>similem.</span> <span class='ocrx_word' id='word_1_627' title='bbox 1725 5353 1804 5410; x_wconf 88' lang='lat' dir='ltr'>Ita</span> <span class='ocrx_word' id='word_1_628' title='bbox 1827 5354 1993 5414; x_wconf 89' lang='lat' dir='ltr'>etiam</span> 
     </span>
    </p>
   </div>
   <div class='ocr_carea' id='block_1_86' title="bbox 388 5407 1996 5500">
    <p class='ocr_par' dir='ltr' id='par_1_86' title="bbox 388 5407 1996 5500">
     <span class='ocr_line' id='line_1_86' title="bbox 388 5407 1996 5500; baseline 0.012 -34"><span class='ocrx_word' id='word_1_629' title='bbox 388 5407 753 5500; x_wconf 42' lang='lat' dir='ltr'>Turon.,&#39;.n&#39;isi</span> <span class='ocrx_word' id='word_1_630' title='bbox 773 5407 940 5488; x_wconf 82' lang='lat' dir='ltr'>quod,</span> <span class='ocrx_word' id='word_1_631' title='bbox 961 5436 1058 5490; x_wconf 90' lang='lat' dir='ltr'>pro</span> <span class='ocrx_word' id='word_1_632' title='bbox 1087 5421 1201 5475; x_wconf 87' lang='lat' dir='ltr'>suis</span> <span class='ocrx_word' id='word_1_633' title='bbox 1219 5422 1496 5492; x_wconf 86' lang='lat' dir='ltr'>mortibus,</span> <span class='ocrx_word' id='word_1_634' title='bbox 1516 5407 1773 5482; x_wconf 87' lang='lat' dir='ltr'>mendose</span> <span class='ocrx_word' id='word_1_635' title='bbox 1795 5428 1996 5500; x_wconf 83' lang='lat' dir='ltr'>legitur</span> 
     </span>
    </p>
   </div>
   <div class='ocr_carea' id='block_1_87' title="bbox 387 5485 779 5541">
    <p class='ocr_par' dir='ltr' id='par_1_87' title="bbox 387 5485 779 5541">
     <span class='ocr_line' id='line_1_87' title="bbox 387 5485 779 5541; baseline 0.008 -4"><span class='ocrx_word' id='word_1_636' title='bbox 387 5485 500 5538; x_wconf 85' lang='lat' dir='ltr'>suis</span> <span class='ocrx_word' id='word_1_637' title='bbox 523 5485 779 5541; x_wconf 86' lang='lat' dir='ltr'>moribus.</span> 
     </span>
    </p>
   </div>
   <div class='ocr_carea' id='block_1_88' title="bbox 461 5555 1993 5642">
    <p class='ocr_par' dir='ltr' id='par_1_88' title="bbox 461 5555 1993 5642">
     <span class='ocr_line' id='line_1_88' title="bbox 461 5555 1993 5642; baseline 0.011 -31"><span class='ocrx_word' id='word_1_638' title='bbox 461 5555 484 5589; x_wconf 83' lang='grc'>²</span> <span class='ocrx_word' id='word_1_639' title='bbox 513 5555 736 5642; x_wconf 59' lang='lat' dir='ltr'>Pratel.,</span> <span class='ocrx_word' id='word_1_640' title='bbox 783 5558 874 5613; x_wconf 88' lang='lat' dir='ltr'>sed</span> <span class='ocrx_word' id='word_1_641' title='bbox 914 5577 1026 5615; x_wconf 89' lang='lat' dir='ltr'>eam</span> <span class='ocrx_word' id='word_1_642' title='bbox 1066 5561 1347 5637; x_wconf 89' lang='lat' dir='ltr'>(mortem)</span> <span class='ocrx_word' id='word_1_643' title='bbox 1380 5567 1793 5638; x_wconf 82' lang='lat' dir='ltr'>superbiendo...</span> <span class='ocrx_word' id='word_1_644' title='bbox 1829 5588 1993 5642; x_wconf 87' lang='lat' dir='ltr'>quam</span> 
     </span>
    </p>
   </div>
   <div class='ocr_carea' id='block_1_89' title="bbox 391 5626 772 5696">
    <p class='ocr_par' dir='ltr' id='par_1_89' title="bbox 391 5626 772 5696">
     <span class='ocr_line' id='line_1_89' title="bbox 391 5626 772 5696; baseline 0.01 -16"><span class='ocrx_word' id='word_1_645' title='bbox 391 5626 636 5696; x_wconf 84' lang='lat' dir='ltr'>timendo,</span> <span class='ocrx_word' id='word_1_646' title='bbox 668 5635 772 5684; x_wconf 89' lang='lat' dir='ltr'>etc.</span> 
     </span>
    </p>
   </div>
   <div class='ocr_carea' id='block_1_90' title="bbox 458 5697 1704 5774">
    <p class='ocr_par' dir='ltr' id='par_1_90' title="bbox 458 5697 1704 5774">
     <span class='ocr_line' id='line_1_90' title="bbox 458 5697 1704 5774; baseline 0.013 -22"><span class='ocrx_word' id='word_1_647' title='bbox 458 5699 481 5774; x_wconf 57' lang='grc' dir='ltr'>εξ</span> <span class='ocrx_word' id='word_1_648' title='bbox 511 5697 804 5774; x_wconf 76' lang='lat' dir='ltr'>Qmittitur</span> <span class='ocrx_word' id='word_1_649' title='bbox 821 5701 950 5774; x_wconf 83' lang='lat' dir='ltr'>quia</span> <span class='ocrx_word' id='word_1_650' title='bbox 976 5703 1033 5759; x_wconf 91' lang='lat' dir='ltr'>in</span> <span class='ocrx_word' id='word_1_651' title='bbox 1061 5704 1284 5774; x_wconf 89' lang='lat' dir='ltr'>Pratel.,</span> <span class='ocrx_word' id='word_1_652' title='bbox 1305 5707 1446 5766; x_wconf 91' lang='lat' dir='ltr'>Utic.</span> <span class='ocrx_word' id='word_1_653' title='bbox 1479 5719 1533 5765; x_wconf 93' lang='lat' dir='ltr'>et</span> <span class='ocrx_word' id='word_1_654' title='bbox 1560 5709 1704 5768; x_wconf 90' lang='lat' dir='ltr'>aliis.</span> 
     </span>
    </p>
   </div>
   <div class='ocr_carea' id='block_1_91' title="bbox 460 5769 1649 5849">
    <p class='ocr_par' dir='ltr' id='par_1_91' title="bbox 460 5769 1649 5849">
     <span class='ocr_line' id='line_1_91' title="bbox 460 5769 1649 5849; baseline 0.01 -25"><span class='ocrx_word' id='word_1_655' title='bbox 460 5770 480 5804; x_wconf 76' lang='grc' dir='ltr'><strong><em>ὀ</em></strong></span> <span class='ocrx_word' id='word_1_656' title='bbox 512 5769 711 5827; x_wconf 85' lang='lat' dir='ltr'>Pratel.</span> <span class='ocrx_word' id='word_1_657' title='bbox 743 5779 798 5828; x_wconf 87' lang='lat' dir='ltr'>et</span> <span class='ocrx_word' id='word_1_658' title='bbox 824 5769 919 5841; x_wconf 59' lang='lat'>51.,</span> <span class='ocrx_word' id='word_1_659' title='bbox 955 5781 1206 5831; x_wconf 83' lang='lat' dir='ltr'>vetustate</span> <span class='ocrx_word' id='word_1_660' title='bbox 1231 5769 1352 5834; x_wconf 67' lang='lat' dir='ltr'>vitae</span> <span class='ocrx_word' id='word_1_661' title='bbox 1380 5781 1649 5849; x_wconf 84' lang='lat' dir='ltr'>protinus.</span> 
     </span>
    </p>
   </div>
   <div class='ocr_carea' id='block_1_92' title="bbox 2124 3229 3744 3312">
    <p class='ocr_par' dir='ltr' id='par_1_92' title="bbox 2124 3229 3744 3312">
     <span class='ocr_line' id='line_1_92' title="bbox 2124 3229 3744 3312; baseline 0.015 -30"><span class='ocrx_word' id='word_1_662' title='bbox 2124 3244 2252 3299; x_wconf 89' lang='lat' dir='ltr'>ergo</span> <span class='ocrx_word' id='word_1_663' title='bbox 2279 3229 2347 3286; x_wconf 90' lang='lat' dir='ltr'>ad</span> <span class='ocrx_word' id='word_1_664' title='bbox 2385 3239 2589 3289; x_wconf 91' lang='lat' dir='ltr'>terram</span> <span class='ocrx_word' id='word_1_665' title='bbox 2635 3235 2702 3290; x_wconf 91' lang='lat' dir='ltr'>de</span> <span class='ocrx_word' id='word_1_666' title='bbox 2751 3237 3064 3295; x_wconf 69' lang='lat' dir='ltr'>coelestibus</span> <span class='ocrx_word' id='word_1_667' title='bbox 3112 3243 3367 3312; x_wconf 88' lang='lat' dir='ltr'>veniunt,</span> <span class='ocrx_word' id='word_1_668' title='bbox 3397 3263 3525 3302; x_wconf 92' lang='lat' dir='ltr'>cum</span> <span class='ocrx_word' id='word_1_669' title='bbox 3564 3249 3744 3306; x_wconf 87' lang='lat' dir='ltr'>subli-</span> 
     </span>
    </p>
   </div>
   <div class='ocr_carea' id='block_1_93' title="bbox 2125 3318 3744 3410">
    <p class='ocr_par' dir='ltr' id='par_1_93' title="bbox 2125 3318 3744 3410">
     <span class='ocr_line' id='line_1_93' title="bbox 2125 3318 3744 3410; baseline 0.015 -39"><span class='ocrx_word' id='word_1_670' title='bbox 2125 3318 2236 3372; x_wconf 90' lang='lat' dir='ltr'>mia</span> <span class='ocrx_word' id='word_1_671' title='bbox 2273 3319 2440 3376; x_wconf 85' lang='lat' dir='ltr'>corda</span> <span class='ocrx_word' id='word_1_672' title='bbox 2489 3331 2806 3381; x_wconf 88' lang='lat' dir='ltr'>sanctorum</span> <span class='ocrx_word' id='word_1_673' title='bbox 2851 3343 2973 3399; x_wconf 73' lang='lat' dir='ltr'>quas</span> <span class='ocrx_word' id='word_1_674' title='bbox 3015 3327 3132 3400; x_wconf 89' lang='lat' dir='ltr'>jam</span> <span class='ocrx_word' id='word_1_675' title='bbox 3177 3333 3355 3390; x_wconf 91' lang='lat' dir='ltr'>solida</span> <span class='ocrx_word' id='word_1_676' title='bbox 3384 3339 3744 3410; x_wconf 85' lang='lat' dir='ltr'>contempla-</span> 
     </span>
    </p>
   </div>
   <div class='ocr_carea' id='block_1_94' title="bbox 2123 3407 3742 3486">
    <p class='ocr_par' dir='ltr' id='par_1_94' title="bbox 2123 3407 3742 3486">
     <span class='ocr_line' id='line_1_94' title="bbox 2123 3407 3742 3486; baseline 0.015 -25"><span class='ocrx_word' id='word_1_677' title='bbox 2123 3407 2274 3464; x_wconf 91' lang='lat' dir='ltr'>tione</span> <span class='ocrx_word' id='word_1_678' title='bbox 2301 3419 2604 3480; x_wconf 88' lang='lat' dir='ltr'>pascuntur</span> <span class='ocrx_word' id='word_1_679' title='bbox 2648 3431 2746 3486; x_wconf 91' lang='lat' dir='ltr'>pro</span> <span class='ocrx_word' id='word_1_680' title='bbox 2773 3416 3014 3474; x_wconf 87' lang='lat' dir='ltr'>fraterna</span> <span class='ocrx_word' id='word_1_681' title='bbox 3045 3419 3316 3479; x_wconf 90' lang='lat' dir='ltr'>charitate</span> <span class='ocrx_word' id='word_1_682' title='bbox 3346 3425 3366 3460; x_wconf 88' lang='grc'>⁷</span> <span class='ocrx_word' id='word_1_683' title='bbox 3398 3425 3467 3481; x_wconf 89' lang='lat' dir='ltr'>ad</span> <span class='ocrx_word' id='word_1_684' title='bbox 3497 3407 3742 3486; x_wconf 78' lang='lat' dir='ltr'>humilia</span> 
     </span>
    </p>
   </div>
   <div class='ocr_carea' id='block_1_95' title="bbox 2123 3497 3742 3590">
    <p class='ocr_par' dir='ltr' id='par_1_95' title="bbox 2123 3497 3742 3590">
     <span class='ocr_line' id='line_1_95' title="bbox 2123 3497 3742 3590; baseline 0.014 -38"><span class='ocrx_word' id='word_1_685' title='bbox 2123 3497 2532 3590; x_wconf 59' lang='lat' dir='ltr'>praedicationis</span> <span class='ocrx_word' id='word_1_686' title='bbox 2562 3504 2728 3560; x_wconf 87' lang='lat' dir='ltr'>verba</span> <span class='ocrx_word' id='word_1_687' title='bbox 2756 3505 3119 3566; x_wconf 90' lang='lat' dir='ltr'>descendunt.</span> <span class='ocrx_word' id='word_1_688' title='bbox 3149 3511 3286 3584; x_wconf 86' lang='lat' dir='ltr'>[Vet.</span> <span class='ocrx_word' id='word_1_689' title='bbox 3311 3515 3555 3590; x_wconf 80' lang='lat' dir='ltr'>XVIII.]</span> <span class='ocrx_word' id='word_1_690' title='bbox 3580 3519 3742 3575; x_wconf 88' lang='lat' dir='ltr'>Sicut</span> 
     </span>
    </p>
   </div>
   <div class='ocr_carea' id='block_1_96' title="bbox 2121 3588 3742 3673">
    <p class='ocr_par' dir='ltr' id='par_1_96' title="bbox 2121 3588 3742 3673">
     <span class='ocr_line' id='line_1_96' title="bbox 2121 3588 3742 3673; baseline 0.015 -31"><span class='ocrx_word' id='word_1_691' title='bbox 2121 3588 2268 3644; x_wconf 91' lang='lat' dir='ltr'>enim</span> <span class='ocrx_word' id='word_1_692' title='bbox 2318 3589 2418 3646; x_wconf 83' lang='lat' dir='ltr'>nix</span> <span class='ocrx_word' id='word_1_693' title='bbox 2463 3599 2668 3650; x_wconf 89' lang='lat' dir='ltr'>terram</span> <span class='ocrx_word' id='word_1_694' title='bbox 2712 3612 2838 3652; x_wconf 86' lang='lat' dir='ltr'>cum</span> <span class='ocrx_word' id='word_1_695' title='bbox 2881 3596 3030 3669; x_wconf 90' lang='lat' dir='ltr'>jacet</span> <span class='ocrx_word' id='word_1_696' title='bbox 3070 3603 3270 3673; x_wconf 90' lang='lat' dir='ltr'>operit,</span> <span class='ocrx_word' id='word_1_697' title='bbox 3320 3621 3444 3662; x_wconf 91' lang='lat' dir='ltr'>cum</span> <span class='ocrx_word' id='word_1_698' title='bbox 3483 3588 3617 3665; x_wconf 77' lang='lat' dir='ltr'>vero</span> <span class='ocrx_word' id='word_1_699' title='bbox 3659 3611 3742 3666; x_wconf 89' lang='lat' dir='ltr'>li-</span> 
     </span>
    </p>
   </div>
   <div class='ocr_carea' id='block_1_97' title="bbox 2121 3681 3736 3764">
    <p class='ocr_par' dir='ltr' id='par_1_97' title="bbox 2121 3681 3736 3764">
     <span class='ocr_line' id='line_1_97' title="bbox 2121 3681 3736 3764; baseline 0.015 -32"><span class='ocrx_word' id='word_1_700' title='bbox 2121 3685 2321 3749; x_wconf 88' lang='lat' dir='ltr'>quatur</span> <span class='ocrx_word' id='word_1_701' title='bbox 2347 3681 2508 3752; x_wconf 90' lang='lat' dir='ltr'>rigat,</span> <span class='ocrx_word' id='word_1_702' title='bbox 2543 3683 2619 3738; x_wconf 92' lang='lat' dir='ltr'>ita</span> <span class='ocrx_word' id='word_1_703' title='bbox 2647 3693 2961 3743; x_wconf 91' lang='lat' dir='ltr'>sanctorum</span> <span class='ocrx_word' id='word_1_704' title='bbox 2993 3689 3172 3746; x_wconf 91' lang='lat' dir='ltr'>virtus</span> <span class='ocrx_word' id='word_1_705' title='bbox 3204 3700 3258 3747; x_wconf 93' lang='lat' dir='ltr'>et</span> <span class='ocrx_word' id='word_1_706' title='bbox 3287 3710 3382 3764; x_wconf 93' lang='lat' dir='ltr'>per</span> <span class='ocrx_word' id='word_1_707' title='bbox 3410 3696 3736 3757; x_wconf 88' lang='lat' dir='ltr'>ﬁrmitatem</span> 
     </span>
    </p>
   </div>
   <div class='ocr_carea' id='block_1_98' title="bbox 2119 3772 3740 3863">
    <p class='ocr_par' dir='ltr' id='par_1_98' title="bbox 2119 3772 3740 3863">
     <span class='ocr_line' id='line_1_98' title="bbox 2119 3772 3740 3863; baseline 0.015 -40"><span class='ocrx_word' id='word_1_708' title='bbox 2119 3785 2274 3825; x_wconf 91' lang='lat' dir='ltr'>suam</span> <span class='ocrx_word' id='word_1_709' title='bbox 2304 3772 2450 3843; x_wconf 92' lang='lat' dir='ltr'>apud</span> <span class='ocrx_word' id='word_1_710' title='bbox 2477 3775 2652 3832; x_wconf 90' lang='lat' dir='ltr'>Deum</span> <span class='ocrx_word' id='word_1_711' title='bbox 2677 3777 2852 3834; x_wconf 86' lang='lat' dir='ltr'>vitam</span> <span class='ocrx_word' id='word_1_712' title='bbox 2881 3787 3231 3850; x_wconf 89' lang='lat' dir='ltr'>peccatorum</span> <span class='ocrx_word' id='word_1_713' title='bbox 3263 3787 3520 3858; x_wconf 85' lang='lat' dir='ltr'>protegit,</span> <span class='ocrx_word' id='word_1_714' title='bbox 3552 3797 3608 3845; x_wconf 89' lang='lat' dir='ltr'>et</span> <span class='ocrx_word' id='word_1_715' title='bbox 3639 3808 3740 3863; x_wconf 89' lang='lat' dir='ltr'>per</span> 
     </span>
    </p>
   </div>
   <div class='ocr_carea' id='block_1_99' title="bbox 2118 3861 3736 3945">
    <p class='ocr_par' dir='ltr' id='par_1_99' title="bbox 2118 3861 3736 3945">
     <span class='ocr_line' id='line_1_99' title="bbox 2118 3861 3736 3945; baseline 0.014 -29"><span class='ocrx_word' id='word_1_716' title='bbox 2118 3861 2638 3922; x_wconf 90' lang='lat' dir='ltr'>condescensionem</span> <span class='ocrx_word' id='word_1_717' title='bbox 2667 3885 2824 3924; x_wconf 89' lang='lat' dir='ltr'>suam</span> <span class='ocrx_word' id='word_1_718' title='bbox 2851 3871 3007 3942; x_wconf 90' lang='lat' dir='ltr'>quasi</span> <span class='ocrx_word' id='word_1_719' title='bbox 3034 3872 3333 3945; x_wconf 88' lang='lat' dir='ltr'>liquefacta</span> <span class='ocrx_word' id='word_1_720' title='bbox 3350 3885 3602 3936; x_wconf 88' lang='lat' dir='ltr'>arentem</span> <span class='ocrx_word' id='word_1_721' title='bbox 3625 3861 3736 3938; x_wconf 80' lang='lat' dir='ltr'>ter-</span> 
     </span>
    </p>
   </div>
   <div class='ocr_carea' id='block_1_100' title="bbox 2115 3954 3735 4044">
    <p class='ocr_par' dir='ltr' id='par_1_100' title="bbox 2115 3954 3735 4044">
     <span class='ocr_line' id='line_1_100' title="bbox 2115 3954 3735 4044; baseline 0.015 -38"><span class='ocrx_word' id='word_1_722' title='bbox 2115 3967 2234 4008; x_wconf 90' lang='lat' dir='ltr'>ram</span> <span class='ocrx_word' id='word_1_723' title='bbox 2265 3961 2326 4010; x_wconf 90' lang='lat' dir='ltr'>ut</span> <span class='ocrx_word' id='word_1_724' title='bbox 2355 3954 2568 4012; x_wconf 88' lang='lat' dir='ltr'>fructus</span> <span class='ocrx_word' id='word_1_725' title='bbox 2588 3958 2830 4028; x_wconf 88' lang='lat' dir='ltr'>proferat</span> <span class='ocrx_word' id='word_1_726' title='bbox 2852 3959 3116 4020; x_wconf 89' lang='lat' dir='ltr'>infundit.</span> <span class='ocrx_word' id='word_1_727' title='bbox 3149 3966 3228 4021; x_wconf 93' lang='lat' dir='ltr'>Et</span> <span class='ocrx_word' id='word_1_728' title='bbox 3253 3967 3382 4039; x_wconf 89' lang='lat' dir='ltr'>quia</span> <span class='ocrx_word' id='word_1_729' title='bbox 3410 3985 3553 4042; x_wconf 83' lang='lat' dir='ltr'>aqua</span> <span class='ocrx_word' id='word_1_730' title='bbox 3574 3973 3735 4044; x_wconf 87' lang='lat' dir='ltr'>prius</span> 
     </span>
    </p>
   </div>
   <div class='ocr_carea' id='block_1_101' title="bbox 2116 4041 3735 4134">
    <p class='ocr_par' dir='ltr' id='par_1_101' title="bbox 2116 4041 3735 4134">
     <span class='ocr_line' id='line_1_101' title="bbox 2116 4041 3735 4134; baseline 0.015 -37"><span class='ocrx_word' id='word_1_731' title='bbox 2116 4041 2184 4098; x_wconf 89' lang='lat' dir='ltr'>ab</span> <span class='ocrx_word' id='word_1_732' title='bbox 2215 4043 2422 4101; x_wconf 87' lang='lat' dir='ltr'>inﬁmis</span> <span class='ocrx_word' id='word_1_733' title='bbox 2470 4046 2734 4118; x_wconf 86' lang='lat' dir='ltr'>trahitur,</span> <span class='ocrx_word' id='word_1_734' title='bbox 2783 4057 2842 4105; x_wconf 90' lang='lat' dir='ltr'>ut</span> <span class='ocrx_word' id='word_1_735' title='bbox 2885 4059 3008 4124; x_wconf 92' lang='lat' dir='ltr'>post</span> <span class='ocrx_word' id='word_1_736' title='bbox 3048 4069 3080 4108; x_wconf 91' lang='lat' dir='ltr'>a</span> <span class='ocrx_word' id='word_1_737' title='bbox 3109 4041 3492 4127; x_wconf 83' lang='lat' dir='ltr'>superioribus</span> <span class='ocrx_word' id='word_1_738' title='bbox 3539 4041 3735 4134; x_wconf 81' lang='lat' dir='ltr'>sparsa</span> 
     </span>
    </p>
   </div>
   <div class='ocr_carea' id='block_1_102' title="bbox 2118 4131 3733 4212">
    <p class='ocr_par' dir='ltr' id='par_1_102' title="bbox 2118 4131 3733 4212">
     <span class='ocr_line' id='line_1_102' title="bbox 2118 4131 3733 4212; baseline 0.016 -26"><span class='ocrx_word' id='word_1_739' title='bbox 2118 4131 2400 4203; x_wconf 86' lang='lat' dir='ltr'>reddatur,</span> <span class='ocrx_word' id='word_1_740' title='bbox 2431 4137 2606 4192; x_wconf 88' lang='lat' dir='ltr'>sancti</span> <span class='ocrx_word' id='word_1_741' title='bbox 2636 4138 2842 4212; x_wconf 89' lang='lat' dir='ltr'>quique</span> <span class='ocrx_word' id='word_1_742' title='bbox 2873 4142 3041 4198; x_wconf 91' lang='lat' dir='ltr'>etiam</span> <span class='ocrx_word' id='word_1_743' title='bbox 3069 4161 3198 4201; x_wconf 93' lang='lat' dir='ltr'>cum</span> <span class='ocrx_word' id='word_1_744' title='bbox 3217 4147 3275 4204; x_wconf 91' lang='lat' dir='ltr'>in</span> <span class='ocrx_word' id='word_1_745' title='bbox 3295 4131 3586 4208; x_wconf 76' lang='lat' dir='ltr'>virtutum</span> <span class='ocrx_word' id='word_1_746' title='bbox 3603 4166 3733 4212; x_wconf 85' lang='lat' dir='ltr'>arce</span> 
     </span>
    </p>
   </div>
   <div class='ocr_carea' id='block_1_103' title="bbox 2116 4224 3732 4308">
    <p class='ocr_par' dir='ltr' id='par_1_103' title="bbox 2116 4224 3732 4308">
     <span class='ocr_line' id='line_1_103' title="bbox 2116 4224 3732 4308; baseline 0.015 -31"><span class='ocrx_word' id='word_1_747' title='bbox 2116 4224 2447 4293; x_wconf 91' lang='lat' dir='ltr'>consistunt,</span> <span class='ocrx_word' id='word_1_748' title='bbox 2469 4227 2613 4283; x_wconf 89' lang='lat' dir='ltr'>unde</span> <span class='ocrx_word' id='word_1_749' title='bbox 2637 4228 2837 4286; x_wconf 87' lang='lat' dir='ltr'>elevati</span> <span class='ocrx_word' id='word_1_750' title='bbox 2869 4239 2998 4287; x_wconf 91' lang='lat' dir='ltr'>sunt</span> <span class='ocrx_word' id='word_1_751' title='bbox 3028 4235 3404 4308; x_wconf 88' lang='lat' dir='ltr'>considerant,</span> <span class='ocrx_word' id='word_1_752' title='bbox 3436 4255 3506 4296; x_wconf 91' lang='lat' dir='ltr'>ne</span> <span class='ocrx_word' id='word_1_753' title='bbox 3530 4243 3732 4301; x_wconf 66' lang='lat' dir='ltr'>alienae</span> 
     </span>
    </p>
   </div>
   <div class='ocr_carea' id='block_1_104' title="bbox 2114 4312 3732 4402">
    <p class='ocr_par' dir='ltr' id='par_1_104' title="bbox 2114 4312 3732 4402">
     <span class='ocr_line' id='line_1_104' title="bbox 2114 4312 3732 4402; baseline 0.014 -35"><span class='ocrx_word' id='word_1_754' title='bbox 2114 4312 2454 4371; x_wconf 86' lang='lat' dir='ltr'>inﬁrmitatis</span> <span class='ocrx_word' id='word_1_755' title='bbox 2482 4315 2695 4387; x_wconf 88' lang='lat' dir='ltr'>abjecta</span> <span class='ocrx_word' id='word_1_756' title='bbox 2722 4327 3098 4380; x_wconf 89' lang='lat' dir='ltr'>contemnant.</span> <span class='ocrx_word' id='word_1_757' title='bbox 3131 4323 3300 4392; x_wconf 90' lang='lat' dir='ltr'>Quasi</span> <span class='ocrx_word' id='word_1_758' title='bbox 3320 4343 3450 4400; x_wconf 87' lang='lat' dir='ltr'>ergo</span> <span class='ocrx_word' id='word_1_759' title='bbox 3477 4345 3636 4402; x_wconf 68' lang='lat' dir='ltr'>aquae</span> <span class='ocrx_word' id='word_1_760' title='bbox 3659 4333 3732 4390; x_wconf 88' lang='lat' dir='ltr'>ad</span> 
     </span>
    </p>
   </div>
   <div class='ocr_carea' id='block_1_105' title="bbox 2110 4403 3730 4486">
    <p class='ocr_par' dir='ltr' id='par_1_105' title="bbox 2110 4403 3730 4486">
     <span class='ocr_line' id='line_1_105' title="bbox 2110 4403 3730 4486; baseline 0.013 -28"><span class='ocrx_word' id='word_1_761' title='bbox 2110 4409 2284 4460; x_wconf 89' lang='lat' dir='ltr'>terras</span> <span class='ocrx_word' id='word_1_762' title='bbox 2313 4403 2380 4459; x_wconf 91' lang='lat' dir='ltr'>de</span> <span class='ocrx_word' id='word_1_763' title='bbox 2411 4403 2612 4478; x_wconf 89' lang='lat' dir='ltr'>quibus</span> <span class='ocrx_word' id='word_1_764' title='bbox 2639 4407 2940 4466; x_wconf 74' lang='lat' dir='ltr'>sublevatze</span> <span class='ocrx_word' id='word_1_765' title='bbox 2971 4419 3102 4468; x_wconf 90' lang='lat' dir='ltr'>sunt</span> <span class='ocrx_word' id='word_1_766' title='bbox 3129 4413 3387 4486; x_wconf 91' lang='lat' dir='ltr'>redeunt,</span> <span class='ocrx_word' id='word_1_767' title='bbox 3423 4417 3558 4474; x_wconf 90' lang='lat' dir='ltr'>dum</span> <span class='ocrx_word' id='word_1_768' title='bbox 3590 4438 3730 4479; x_wconf 84' lang='lat' dir='ltr'>eon-</span> 
     </span>
    </p>
   </div>
   <div class='ocr_carea' id='block_1_106' title="bbox 2116 4494 3730 4572">
    <p class='ocr_par' dir='ltr' id='par_1_106' title="bbox 2116 4494 3730 4572">
     <span class='ocr_line' id='line_1_106' title="bbox 2116 4494 3730 4572; baseline 0.012 -21"><span class='ocrx_word' id='word_1_769' title='bbox 2116 4494 2508 4552; x_wconf 88' lang='lat' dir='ltr'>descendentes</span> <span class='ocrx_word' id='word_1_770' title='bbox 2531 4495 2670 4568; x_wconf 89' lang='lat' dir='ltr'>justi</span> <span class='ocrx_word' id='word_1_771' title='bbox 2700 4501 3083 4572; x_wconf 88' lang='lat' dir='ltr'>peccatoribus</span> <span class='ocrx_word' id='word_1_772' title='bbox 3117 4506 3403 4564; x_wconf 89' lang='lat' dir='ltr'>reminisci</span> <span class='ocrx_word' id='word_1_773' title='bbox 3439 4525 3550 4566; x_wconf 90' lang='lat' dir='ltr'>non</span> <span class='ocrx_word' id='word_1_774' title='bbox 3583 4512 3730 4570; x_wconf 83' lang='lat' dir='ltr'>desi-</span> 
     </span>
    </p>
   </div>
   <div class='ocr_carea' id='block_1_107' title="bbox 2115 4585 3729 4667">
    <p class='ocr_par' dir='ltr' id='par_1_107' title="bbox 2115 4585 3729 4667">
     <span class='ocr_line' id='line_1_107' title="bbox 2115 4585 3729 4667; baseline 0.013 -29"><span class='ocrx_word' id='word_1_775' title='bbox 2115 4593 2258 4640; x_wconf 90' lang='lat' dir='ltr'>nunt</span> <span class='ocrx_word' id='word_1_776' title='bbox 2305 4585 2450 4658; x_wconf 89' lang='lat' dir='ltr'>quod</span> <span class='ocrx_word' id='word_1_777' title='bbox 2492 4587 2736 4646; x_wconf 83' lang='lat' dir='ltr'>fuerunt.</span> <span class='ocrx_word' id='word_1_778' title='bbox 2784 4590 2942 4648; x_wconf 90' lang='lat' dir='ltr'>Certe</span> <span class='ocrx_word' id='word_1_779' title='bbox 2974 4593 2995 4628; x_wconf 81' lang='grc'><strong><em>⁸</em></strong></span> <span class='ocrx_word' id='word_1_780' title='bbox 3043 4609 3184 4667; x_wconf 89' lang='lat' dir='ltr'>aqua</span> <span class='ocrx_word' id='word_1_781' title='bbox 3221 4596 3279 4653; x_wconf 91' lang='lat' dir='ltr'>in</span> <span class='ocrx_word' id='word_1_782' title='bbox 3327 4599 3494 4656; x_wconf 89' lang='lat' dir='ltr'>terris</span> <span class='ocrx_word' id='word_1_783' title='bbox 3538 4600 3729 4660; x_wconf 89' lang='lat' dir='ltr'>adhuc</span> 
     </span>
    </p>
   </div>
   <div class='ocr_carea' id='block_1_108' title="bbox 2110 4676 3727 4762">
    <p class='ocr_par' dir='ltr' id='par_1_108' title="bbox 2110 4676 3727 4762">
     <span class='ocr_line' id='line_1_108' title="bbox 2110 4676 3727 4762; baseline 0.012 -30"><span class='ocrx_word' id='word_1_784' title='bbox 2110 4676 2314 4732; x_wconf 89' lang='lat' dir='ltr'>Paulus</span> <span class='ocrx_word' id='word_1_785' title='bbox 2342 4676 2540 4746; x_wconf 82' lang='lat' dir='ltr'>fuerat,</span> <span class='ocrx_word' id='word_1_786' title='bbox 2573 4697 2700 4736; x_wconf 91' lang='lat' dir='ltr'>cum</span> <span class='ocrx_word' id='word_1_787' title='bbox 2733 4682 2908 4754; x_wconf 84' lang='lat' dir='ltr'>legem</span> <span class='ocrx_word' id='word_1_788' title='bbox 2955 4686 3252 4743; x_wconf 90' lang='lat' dir='ltr'>carnaliter</span> <span class='ocrx_word' id='word_1_789' title='bbox 3295 4690 3583 4762; x_wconf 88' lang='lat' dir='ltr'>sapiebat;</span> <span class='ocrx_word' id='word_1_790' title='bbox 3626 4695 3727 4751; x_wconf 88' lang='lat' dir='ltr'>sed</span> 
     </span>
    </p>
   </div>
   <div class='ocr_carea' id='block_1_109' title="bbox 2109 4764 3724 4856">
    <p class='ocr_par' dir='ltr' id='par_1_109' title="bbox 2109 4764 3724 4856">
     <span class='ocr_line' id='line_1_109' title="bbox 2109 4764 3724 4856; baseline 0.012 -36"><span class='ocrx_word' id='word_1_791' title='bbox 2109 4764 2308 4822; x_wconf 87' lang='lat' dir='ltr'>ductus</span> <span class='ocrx_word' id='word_1_792' title='bbox 2339 4767 2408 4822; x_wconf 91' lang='lat' dir='ltr'>ad</span> <span class='ocrx_word' id='word_1_793' title='bbox 2439 4769 2703 4839; x_wconf 71' lang='lat' dir='ltr'>cmlestia,</span> <span class='ocrx_word' id='word_1_794' title='bbox 2737 4773 2793 4827; x_wconf 94' lang='lat' dir='ltr'>in</span> <span class='ocrx_word' id='word_1_795' title='bbox 2827 4773 3011 4830; x_wconf 87' lang='lat' dir='ltr'>nivem</span> <span class='ocrx_word' id='word_1_796' title='bbox 3045 4792 3236 4834; x_wconf 88' lang='lat' dir='ltr'>versus</span> <span class='ocrx_word' id='word_1_797' title='bbox 3265 4785 3384 4848; x_wconf 91' lang='lat' dir='ltr'>est;</span> <span class='ocrx_word' id='word_1_798' title='bbox 3419 4783 3552 4854; x_wconf 87' lang='lat' dir='ltr'>quia</span> <span class='ocrx_word' id='word_1_799' title='bbox 3571 4784 3724 4856; x_wconf 88' lang='lat' dir='ltr'>quod</span> 
     </span>
    </p>
   </div>
   <div class='ocr_carea' id='block_1_110' title="bbox 2109 4855 3724 4934">
    <p class='ocr_par' dir='ltr' id='par_1_110' title="bbox 2109 4855 3724 4934">
     <span class='ocr_line' id='line_1_110' title="bbox 2109 4855 3724 4934; baseline 0.013 -26"><span class='ocrx_word' id='word_1_800' title='bbox 2109 4855 2262 4926; x_wconf 90' lang='lat' dir='ltr'>prius</span> <span class='ocrx_word' id='word_1_801' title='bbox 2293 4855 2580 4914; x_wconf 86' lang='lat' dir='ltr'>inﬁrmum</span> <span class='ocrx_word' id='word_1_802' title='bbox 2613 4862 2796 4934; x_wconf 86' lang='lat' dir='ltr'>sapuit</span> <span class='ocrx_word' id='word_1_803' title='bbox 2822 4862 2892 4918; x_wconf 91' lang='lat' dir='ltr'>ad</span> <span class='ocrx_word' id='word_1_804' title='bbox 2935 4864 3274 4924; x_wconf 89' lang='lat' dir='ltr'>soliditatem</span> <span class='ocrx_word' id='word_1_805' title='bbox 3318 4886 3463 4927; x_wconf 66' lang='lat' dir='ltr'>verae</span> <span class='ocrx_word' id='word_1_806' title='bbox 3495 4855 3724 4928; x_wconf 80' lang='lat' dir='ltr'>intelli-</span> 
     </span>
    </p>
   </div>
   <div class='ocr_carea' id='block_1_111' title="bbox 2107 4948 3718 5022">
    <p class='ocr_par' dir='ltr' id='par_1_111' title="bbox 2107 4948 3718 5022">
     <span class='ocr_line' id='line_1_111' title="bbox 2107 4948 3718 5022; baseline 0.013 -21"><span class='ocrx_word' id='word_1_807' title='bbox 2107 4948 2304 5018; x_wconf 85' lang='lat' dir='ltr'>gentiae</span> <span class='ocrx_word' id='word_1_808' title='bbox 2335 4955 2738 5022; x_wconf 81' lang='lat' dir='ltr'>commutavit;</span> <span class='ocrx_word' id='word_1_809' title='bbox 2771 4963 2823 5010; x_wconf 90' lang='lat' dir='ltr'>et</span> <span class='ocrx_word' id='word_1_810' title='bbox 2853 4964 3037 5012; x_wconf 90' lang='lat' dir='ltr'>tamen</span> <span class='ocrx_word' id='word_1_811' title='bbox 3069 4960 3520 5020; x_wconf 90' lang='lat' dir='ltr'>condescendens</span> <span class='ocrx_word' id='word_1_812' title='bbox 3533 4965 3718 5021; x_wconf 87' lang='lat' dir='ltr'>fratri-</span> 
     </span>
    </p>
   </div>
   <div class='ocr_carea' id='block_1_112' title="bbox 2104 5036 3715 5124">
    <p class='ocr_par' dir='ltr' id='par_1_112' title="bbox 2104 5036 3715 5124">
     <span class='ocr_line' id='line_1_112' title="bbox 2104 5036 3715 5124; baseline 0.012 -32"><span class='ocrx_word' id='word_1_813' title='bbox 2104 5036 2207 5094; x_wconf 84' lang='lat' dir='ltr'>bus</span> <span class='ocrx_word' id='word_1_814' title='bbox 2237 5041 2391 5112; x_wconf 90' lang='lat' dir='ltr'>quasi</span> <span class='ocrx_word' id='word_1_815' title='bbox 2441 5043 2540 5098; x_wconf 79' lang='lat' dir='ltr'>nix</span> <span class='ocrx_word' id='word_1_816' title='bbox 2579 5043 2690 5100; x_wconf 90' lang='lat' dir='ltr'>ima</span> <span class='ocrx_word' id='word_1_817' title='bbox 2719 5049 2958 5118; x_wconf 87' lang='lat' dir='ltr'>repetiit,</span> <span class='ocrx_word' id='word_1_818' title='bbox 3009 5050 3144 5122; x_wconf 89' lang='lat' dir='ltr'>quia</span> <span class='ocrx_word' id='word_1_819' title='bbox 3177 5059 3232 5107; x_wconf 92' lang='lat' dir='ltr'>et</span> <span class='ocrx_word' id='word_1_820' title='bbox 3272 5061 3394 5124; x_wconf 90' lang='lat' dir='ltr'>post</span> <span class='ocrx_word' id='word_1_821' title='bbox 3438 5055 3715 5111; x_wconf 87' lang='lat' dir='ltr'>virtutum</span> 
     </span>
    </p>
   </div>
   <div class='ocr_carea' id='block_1_113' title="bbox 2103 5128 3718 5214">
    <p class='ocr_par' dir='ltr' id='par_1_113' title="bbox 2103 5128 3718 5214">
     <span class='ocr_line' id='line_1_113' title="bbox 2103 5128 3718 5214; baseline 0.014 -31"><span class='ocrx_word' id='word_1_822' title='bbox 2103 5128 2355 5186; x_wconf 89' lang='lat' dir='ltr'>culmina</span> <span class='ocrx_word' id='word_1_823' title='bbox 2381 5147 2546 5204; x_wconf 89' lang='lat' dir='ltr'>quam</span> <span class='ocrx_word' id='word_1_824' title='bbox 2576 5133 2746 5192; x_wconf 89' lang='lat' dir='ltr'>fuerit</span> <span class='ocrx_word' id='word_1_825' title='bbox 2775 5136 3042 5210; x_wconf 88' lang='lat' dir='ltr'>indignus</span> <span class='ocrx_word' id='word_1_826' title='bbox 3067 5141 3336 5212; x_wconf 89' lang='lat' dir='ltr'>agnoscit,</span> <span class='ocrx_word' id='word_1_827' title='bbox 3354 5142 3580 5202; x_wconf 87' lang='lat' dir='ltr'>dicens:</span> <span class='ocrx_word' id='word_1_828' title='bbox 3613 5146 3718 5214; x_wconf 73' lang='lat' dir='ltr'>Qui</span> 
     </span>
    </p>
   </div>
   <div class='ocr_carea' id='block_1_114' title="bbox 2176 5355 3712 5446">
    <p class='ocr_par' dir='ltr' id='par_1_114' title="bbox 2176 5355 3712 5446">
     <span class='ocr_line' id='line_1_114' title="bbox 2176 5355 3712 5446; baseline 0.01 -34"><span class='ocrx_word' id='word_1_829' title='bbox 2176 5355 2490 5446; x_wconf 40' lang='lat' dir='ltr'>3-.Vindoc.,</span> <span class='ocrx_word' id='word_1_830' title='bbox 2521 5359 2743 5420; x_wconf 89' lang='lat' dir='ltr'>Ebroic.</span> <span class='ocrx_word' id='word_1_831' title='bbox 2767 5359 2973 5439; x_wconf 89' lang='lat' dir='ltr'>aliique</span> <span class='ocrx_word' id='word_1_832' title='bbox 2991 5362 3206 5436; x_wconf 91' lang='lat' dir='ltr'>Norm.,</span> <span class='ocrx_word' id='word_1_833' title='bbox 3239 5367 3500 5423; x_wconf 80' lang='lat' dir='ltr'>virtutum</span> <span class='ocrx_word' id='word_1_834' title='bbox 3523 5367 3712 5446; x_wconf 74' lang='lat' dir='ltr'>conﬁr-</span> 
     </span>
    </p>
   </div>
   <div class='ocr_carea' id='block_1_115' title="bbox 2104 5437 2379 5487">
    <p class='ocr_par' dir='ltr' id='par_1_115' title="bbox 2104 5437 2379 5487">
     <span class='ocr_line' id='line_1_115' title="bbox 2104 5437 2379 5487; baseline 0.015 -5"><span class='ocrx_word' id='word_1_835' title='bbox 2104 5437 2379 5487; x_wconf 77' lang='lat' dir='ltr'>motiones.</span> 
     </span>
    </p>
   </div>
   <div class='ocr_carea' id='block_1_116' title="bbox 2105 5503 3709 5626">
    <p class='ocr_par' dir='ltr' id='par_1_116' title="bbox 2105 5503 3709 5626">
     <span class='ocr_line' id='line_1_116' title="bbox 2105 5503 3709 5626; baseline 0.006 -67"><span class='ocrx_word' id='word_1_836' title='bbox 2105 5571 2147 5626; x_wconf 36' lang='grc' dir='ltr'>τ’</span> <span class='ocrx_word' id='word_1_837' title='bbox 2180 5504 2200 5536; x_wconf 80' lang='grc'>⁶</span> <span class='ocrx_word' id='word_1_838' title='bbox 2233 5503 2481 5574; x_wconf 83' lang='lat' dir='ltr'>Ebroic.,</span> <span class='ocrx_word' id='word_1_839' title='bbox 2527 5506 2727 5566; x_wconf 87' lang='lat' dir='ltr'>Pratel.</span> <span class='ocrx_word' id='word_1_840' title='bbox 2772 5517 2828 5566; x_wconf 90' lang='lat' dir='ltr'>et</span> <span class='ocrx_word' id='word_1_841' title='bbox 2872 5509 3130 5566; x_wconf 89' lang='lat' dir='ltr'>nonnulli</span> <span class='ocrx_word' id='word_1_842' title='bbox 3172 5511 3293 5580; x_wconf 91' lang='lat' dir='ltr'>alii,</span> <span class='ocrx_word' id='word_1_843' title='bbox 3339 5514 3505 5569; x_wconf 85' lang='lat' dir='ltr'>corda</span> <span class='ocrx_word' id='word_1_844' title='bbox 3545 5532 3709 5570; x_wconf 79' lang='lat' dir='ltr'>ares-</span> 
     </span>
     <span class='ocr_line' id='line_1_117' title="bbox 2129 5589 2261 5626; baseline 0 0"><span class='ocrx_word' id='word_1_845' title='bbox 2129 5589 2261 5626; x_wconf 81' lang='lat' dir='ltr'>tum.</span> 
     </span>
    </p>
   </div>
   <div class='ocr_carea' id='block_1_117' title="bbox 2129 5589 2261 5630">
    <p class='ocr_par' dir='ltr' id='par_1_117' title="bbox 2129 5589 2261 5630">
     <span class='ocr_line' id='line_1_118' title="bbox 2129 5589 2261 5630; baseline 0.03 -4"><span class='ocrx_word' id='word_1_846' title='bbox 2129 5589 2261 5630; x_wconf 80' lang='lat' dir='ltr'>tum.</span> 
     </span>
    </p>
   </div>
   <div class='ocr_carea' id='block_1_118' title="bbox 2177 5646 3707 5773">
    <p class='ocr_par' dir='ltr' id='par_1_118' title="bbox 2177 5646 3707 5773">
     <span class='ocr_line' id='line_1_119' title="bbox 2177 5646 3707 5773; baseline 0.008 -71"><span class='ocrx_word' id='word_1_847' title='bbox 2177 5646 2463 5773; x_wconf 50' lang='lat' dir='ltr'>71Tutron.,</span> <span class='ocrx_word' id='word_1_848' title='bbox 2494 5653 2568 5706; x_wconf 85' lang='lat' dir='ltr'>ad</span> <span class='ocrx_word' id='word_1_849' title='bbox 2593 5651 2941 5711; x_wconf 79' lang='lat' dir='ltr'>humilitatem</span> <span class='ocrx_word' id='word_1_850' title='bbox 2973 5656 3374 5728; x_wconf 78' lang='lat' dir='ltr'>praedicationis</span> <span class='ocrx_word' id='word_1_851' title='bbox 3403 5659 3563 5714; x_wconf 82' lang='lat' dir='ltr'>verba</span> <span class='ocrx_word' id='word_1_852' title='bbox 3599 5657 3707 5713; x_wconf 83' lang='lat' dir='ltr'>des-</span> 
     </span>
     <span class='ocr_line' id='line_1_120' title="bbox 2177 5735 3151 5773; baseline 0.009 -2"><span class='ocrx_word' id='word_1_853' title='bbox 2177 5735 2303 5773; x_wconf 62' lang='lat' dir='ltr'>ltrll’n</span> <span class='ocrx_word' id='word_1_854' title='bbox 2333 5762 2345 5773; x_wconf 91' lang='lat'>.</span> <span class='ocrx_word' id='word_1_855' title='bbox 3143 5739 3151 5748; x_wconf 78' lang='grc'><em>“</em></span> 
     </span>
    </p>
   </div>
   <div class='ocr_carea' id='block_1_119' title="bbox 2102 5733 3151 5774">
    <p class='ocr_par' dir='ltr' id='par_1_119' title="bbox 2102 5733 3151 5774">
     <span class='ocr_line' id='line_1_121' title="bbox 2102 5733 3151 5774; baseline 0.01 -4"><span class='ocrx_word' id='word_1_856' title='bbox 2102 5733 2345 5774; x_wconf 78' lang='lat' dir='ltr'>cena-unt.</span> <span class='ocrx_word' id='word_1_857' title='bbox 3143 5739 3151 5748; x_wconf 75' lang='grc'><em>“</em></span> 
     </span>
    </p>
   </div>
   <div class='ocr_carea' id='block_1_120' title="bbox 2177 5790 2893 5864">
    <p class='ocr_par' dir='ltr' id='par_1_120' title="bbox 2177 5790 2893 5864">
     <span class='ocr_line' id='line_1_122' title="bbox 2177 5790 2893 5864; baseline 0.015 -18"><span class='ocrx_word' id='word_1_858' title='bbox 2177 5790 2197 5824; x_wconf 81' lang='grc'><strong>⁸</strong></span> <span class='ocrx_word' id='word_1_859' title='bbox 2228 5791 2392 5848; x_wconf 89' lang='lat' dir='ltr'>Deest</span> <span class='ocrx_word' id='word_1_860' title='bbox 2411 5809 2555 5864; x_wconf 86' lang='lat' dir='ltr'>aqua</span> <span class='ocrx_word' id='word_1_861' title='bbox 2584 5793 2642 5851; x_wconf 89' lang='lat' dir='ltr'>in</span> <span class='ocrx_word' id='word_1_862' title='bbox 2672 5796 2893 5857; x_wconf 88' lang='lat' dir='ltr'>Pratell.</span> 
     </span>
    </p>
   </div>
  </div>
