3920 6372
138 343 224 399 425
792 343 1173 401 MORALIUM
1227 346 1360 402 LIB.
1405 346 1638 404 XXVII.
1684 379 1747 390 --
1792 350 1863 406 IN
1904 352 2133 409 CAPUT
2173 355 2445 413 XXXVII
2490 360 2550 413 ll.
2590 360 2732 415 JOB.

3336 365 3440 422 426

134 468 270 541 prius
291 465 374 535 fui
401 465 807 557 blasphemus'et
828 475 1131 538 persecutor
1156 471 1221 541 (Ι
1245 471 1378 527 Tim.
1403 472 1563 545 ι,13),
1610 482 1715 531 etc.
1747 475 1799 538 A
1831 492 2069 547 praesens
2099 481 2399 551 peragitur,
2450 481 2508 535 in
2566 498 2673 554 qua
2718 500 2819 539 nos
2874 487 3197 557 ignorantiae
3246 488 3441 545 nubilo

137 559 259 616 Ecce
272 571 431 629 quam
451 555 751 611 clementer
764 572 875 612 suae
896 557 1300 617 imbecillitatis
1315 562 1717 635 reminiscitur,

139 654 191 702 ut
209 645 431 702 aliorum
451 643 834 717 aequanimiter
857 645 1079 704 inﬁrma
1098 649 1357 721 patiatur.
1383 652 1549 719 Quasi
1570 653 1719 709 enim

136 736 193 793 ad
236 744 429 792 terram
469 732 536 790 de
565 749 671 808 qua
716 746 938 808 sumpta
966 736 1144 819 fuerat
1172 748 1296 812 post
1323 741 1525 797 ccelum
1581 758 1722 815 aqua

137 824 299 892 rediit,
328 823 459 879 dum
491 830 615 896 post
646 830 797 880 tanta
843 842 956 882 suae
999 829 1489 901 contemplationis
1524 846 1722 888 arcana

134 923 447 989 peccatorem
479 930 536 970 se
564 915 768 971 Paulus
798 917 1073 987 meminit,
1107 928 1169 974 ut
1197 918 1456 991 prodesse
1480 918 1724 976 humili-

136 1016 205 1063 ter
233 1005 607 1080 peccatoribus
638 1007 828 1079 possit.
864 1008 1168 1065 Videamus
1210 1009 1397 1083 itaque
1445 1027 1585 1084 aqua
1606 1010 1724 1066 hac

132 1098 181 1153 in
207 1096 348 1152 nivis
389 1094 727 1152 soliditatem
776 1097 1042 1155 vertenda
1085 1100 1323 1172 qualiter
1351 1099 1607 1157 trahatur
1653 1099 1721 1156 ad

130 1201 345 1243 summa.
378 1184 473 1241 Ait
506 1202 518 1241 :
557 1185 676 1242 Sive
704 1193 869 1242 mente
896 1188 1216 1256 accedimus,
1247 1189 1357 1246 Deo
1385 1190 1481 1259 (II
1511 1190 1637 1247 Cor.
1661 1206 1717 1259 v,

129 1276 230 1345 l3).
262 1273 563 1333 Videamus
592 1275 831 1347 qualiter
855 1278 921 1333 ad
955 1279 1066 1335 ima
1093 1279 1195 1335 nix
1238 1279 1444 1348 redeat,
1478 1288 1542 1337 ut
1586 1278 1719 1336 dum

128 1366 349 1439 liquatur
367 1362 647 1421 infundat.
671 1366 785 1421 Ait:
812 1367 931 1423 Sive
951 1369 1119 1424 sobrii
1138 1369 1662 1440 sumus,vobis(1bid.
1671 1368 1717 1440 ).

127 1452 406 1512 Videamus
448 1468 562 1526 qua
611 1470 779 1511 manu
809 1454 1055 1527 ducitur,
1084 1467 1147 1515 ut
1199 1468 1255 1516 et
1276 1458 1467 1531 jacens
1514 1457 1721 1525 elevari

128 1544 309 1611 valeat,
365 1551 419 1599 et
462 1541 757 1602 sublevata
786 1547 1053 1603 revocari.
1085 1548 1183 1603 Ait
1233 1566 1245 1605 :
1285 1548 1537 1604 Charitas
1584 1548 1724 1603 enim

127 1632 312 1690 Christi
342 1639 489 1705 urget
518 1651 617 1689 nos
657 1635 855 1706 (Ibid.,
908 1635 1024 1708 14).
1076 1636 1217 1705 Quia
1261 1637 1431 1710 igitur
1477 1637 1721 1695 Charitas

124 1721 337 1791 Christi,
367 1738 491 1795 quas
534 1731 852 1781 sanctorum
898 1733 1108 1782 mentes
1159 1725 1228 1781 ad
1257 1722 1509 1798 superna
1542 1725 1721 1781 suble-

1829 567 2010 623 carnis
2041 569 2422 641 corruptibilis
2451 577 2644 643 torpor
2672 575 3027 645 astrinxerat,
3058 594 3222 634 omne
3256 580 3441 635 mini-

1828 661 2059 716 sterium
2084 660 2494 733 praedicationis
2525 669 2719 717 cessat.
2755 662 2970 720 Clarius
3001 667 3202 738 quippe
3225 685 3318 740 per
3338 685 3438 724 nos

1828 755 1962 805 tunc
1990 750 2303 807 videbimus
2333 750 2441 808 hoc
2476 749 2623 823 quod
2654 759 2972 808 sanctorum
3019 754 3250 810 vocibus
3294 772 3443 813 nunc

1830 841 2117 897 obscurius
2147 840 2423 895 audimus.
2453 840 2713 912 Praecipit
2734 839 2904 912 igitur
2924 843 3196 898 Dominus
3214 845 3354 911 nivi,
3388 853 3442 900 et

1831 928 2031 984 hiemis
2052 929 2278 1001 pluviis,
2313 937 2375 985 ut
2408 929 2463 984 in
2498 938 2695 985 terram
2728 929 3087 1000 descendant,
3121 931 3253 988 dum
3286 934 3444 1005 aspi-

1831 1020 2043 1075 ratione
2072 1019 2246 1074 sancti
2276 1020 2514 1091 Spiritus
2549 1036 2647 1093 pro
2677 1022 3019 1093 corrigendis
3050 1024 3441 1094 peccatoribus

1830 1109 1995 1165 corda
2016 1116 2331 1166 sanctorum
2371 1108 2440 1165 ad
2481 1110 2853 1166 ministerium
2891 1110 3302 1183 prmdicationis
3330 1111 3445 1168 hu-

1830 1198 2028 1255 miliat.
2094 1199 2199 1255 Ubi
2258 1208 2403 1256 recte
2459 1198 2684 1255 additur
2733 1216 2744 1255 :
2808 1200 2883 1255 Et
2938 1198 3099 1256 imbri
3151 1200 3445 1272 fortudinis

1830 1306 1960 1344 sum.
2614 1332 2618 1347 ι

1904 1376 2048 1451 [Rea
2101 1377 2243 1452 XV.]
2293 1378 2379 1435 46.
2423 1409 2494 1420 -
2546 1378 2722 1434 Imber
2739 1379 3101 1451 fortitudinis,
3129 1380 3441 1453 prcedicatio

1831 1469 2165 1534 divinitatis;
2193 1470 2357 1524 imber
2377 1470 2725 1542 inﬁrmitatis,
2754 1471 3067 1542 prcedicatio
3096 1471 3443 1526 humanitatis

1836 1559 2053 1616 Christi.
2086 1589 2157 1601 —
2185 1558 2368 1615 Imber
2400 1559 2602 1632 quippe
2633 1559 2984 1617 forttiudinis
3013 1562 3111 1617 Dei
3144 1568 3225 1617 est
3248 1560 3443 1633 praedi-

1830 1648 2326 1725 catio.divinitatis.
2361 1651 2499 1706 Nam
2531 1649 2709 1706 imber
2740 1650 3084 1708 inﬁrmitatis
3134 1659 3219 1707 est
3246 1651 3441 1723 praedi-

1830 1736 1976 1794 catid
2006 1737 2126 1808 ejus
2160 1738 2579 1805 incarnationis,
2604 1738 2670 1793 de
2688 1755 2797 1810 qua
2824 1756 2921 1810 per
2950 1740 3183 1794 Paulum
3205 1738 3438 1796 dieitur:

126 1818 229 1879 vat,
258 1828 343 1869 eas
387 1813 481 1886 pio
541 1813 916 1871 moderamine
972 1831 1072 1887 pro
1128 1815 1369 1872 fraterna
1425 1816 1721 1873 dilectione
1752 1838 1800 1899 Β
1833 1828 1984 1894 Quod
2014 1828 2288 1898 inﬁrmum.
2315 1833 2389 1881 est
2418 1827 2537 1895 Dei,
2555 1826 2754 1895 fortius
2769 1828 3158 1882 esthominibus
3177 1827 3235 1898 (Ι
3254 1830 3378 1886 Cor.
3400 1848 3440 1899 ι,

124 1904 273 1959 etiam
299 1901 367 1959 ad
396 1902 777 1961 humilitatem
809 1903 1291 1961 condescensionis
1324 1905 1547 1974 format,
1580 1915 1726 1963 recte

125 1992 311 2049 dicitur
341 2009 356 2050 :
390 1994 498 2062 Qui
525 1994 772 2067 pracipit
814 1995 928 2051 nivi
976 2002 1035 2051 ut
1080 1996 1357 2053 descendat
1398 1996 1453 2051 in
1503 2002 1721 2053 terram.

128 2082 216 2140 Ubi
242 2091 293 2140 et
319 2093 444 2158 apte
473 2083 841 2157 subjungitur
875 2102 886 2143 :
921 2086 996 2143 Et
1026 2086 1212 2143 hiemis
1236 2087 1442 2160 pluviis
1473 2090 1621 2149 874
1680 2093 1727 2143 et

126 2178 268 2236 imbri
293 2180 637 2252 fortitudinis
666 2199 794 2240 sure.

184 2332 264 2392 45.
297 2335 477 2393 Hiems
510 2342 589 2391 est
613 2337 725 2394 vita
749 2354 1008 2410 praesens,
1032 2338 1091 2394 in
1118 2356 1225 2411 qua
1254 2344 1561 2395 sanctorum
1569 2356 1727 2413 pra:—

125 2422 401 2482 dicaturum
430 2426 712 2483 abundant
736 2428 953 2499 pluvite.
976 2458 1048 2470 —
1069 2428 1259 2485 Hiems
1279 2430 1483 2503 quippe
1513 2439 1596 2487 est
1610 2430 1727 2487 vita

125 2530 360 2585 praesens,
392 2515 454 2571 in
485 2532 597 2589 qua
620 2533 721 2572 nos
750 2518 852 2573 etsi
877 2516 992 2589 jam
1024 2535 1145 2591 spes
1175 2518 1245 2575 ad
1274 2535 1511 2592 superna
1541 2520 1722 2592 erigit,

125 2604 286 2662 adhuc
332 2614 523 2665 tamen
577 2607 935 2664 mortalitatis
992 2616 1194 2664 nostrae
1242 2609 1481 2681 frigidus
1536 2616 1727 2681 torpor

126 2693 378 2765 astringit,
410 2695 548 2768 quia
575 2693 843 2767 scriptum
873 2706 954 2753 est
986 2717 998 2755 :
1028 2698 1238 2769 Corpus
1263 2699 1404 2769 quod
1432 2698 1728 2770 corrumpi-

129 2788 204 2836 tur
246 2790 513 2856 aggravat
559 2785 819 2852 animam,
849 2791 896 2839 et
924 2787 1173 2857 deprimit
1231 2792 1441 2842 terrena
1471 2788 1727 2843 habitatio

126 2889 309 2930 sensum
341 2874 523 2929 multa
551 2874 861 2945 cogitantem
894 2876 1160 2946 (Sap.1x,
1188 2875 1303 2947 15).
1338 2875 1517 2933 Habet
1543 2885 1728 2932 autem

126 2960 228 3020 haec
254 2962 439 3021 hiems
469 2962 710 3035 pluvias,
744 2972 1020 3020 rectorum
1045 2965 1237 3036 procul
1266 2964 1439 3021 dubio
1465 2965 1727 3038 praedica-

126 3052 303 3111 tioues.
328 3056 409 3110 De
441 3051 646 3127 quibus
674 3053 937 3110 videlicet
968 3054 1177 3125 pluviis
1207 3070 1302 3126 per
1335 3055 1562 3126 Moysen
1594 3054 1731 3111 dici-

124 3147 203 3197 tur
260 3162 271 3199 :
331 3146 691 3216 Exspectatur
720 3143 854 3197 sicut
902 3143 1093 3215 pluvia
1149 3144 1415 3214 eloquium
1456 3162 1648 3211 meum,
1679 3153 1726 3201 et

125 3232 417 3291 descendant
445 3207 586 3289 sicut
608 3250 698 3288 ros
742 3207 1042 3289 verba-mea
1078 3207 1265 3303 (Deut.
1300 3251 1481 3303 χχχιι,
1516 3234 1598 3306 2).
1628 3207 1723 3292 Hae
1759 3207 1804 3269 Ο

126 3326 374 3384 nimirum
408 3326 619 3400 pluviae
648 3324 804 3381 hieni
834 3334 1168 3399 congruunt,
1196 3335 1381 3383 aestate
1410 3327 1723 3396 cessabunt,

125 3416 242 3489 quia
266 3434 393 3474 cum
446 3431 602 3473 nunc
631 3416 939 3473 carnalium
988 3417 1166 3473 oculis
1196 3417 1313 3472 vita
1340 3417 1578 3473 caelestis
1606 3417 1724 3474 abs-

125 3508 384 3576 conditur,
442 3522 668 3564 necesse
713 3516 797 3564 est
823 3514 885 3563 ut
913 3516 1229 3563 sanctorum
1278 3506 1440 3565 nobis
1466 3507 1723 3580 praedica-

127 3595 354 3654 tionibus
380 3598 401 3632 ³
448 3597 741 3653 irroretur.
775 3596 914 3655 Cum
960 3613 1090 3652 vero
1118 3597 1309 3652 aeterni
1332 3595 1534 3669 judicii
1563 3606 1726 3655 aestus

125 3683 480 3757 incanduerit,
531 3687 721 3744 nullus
749 3687 919 3751 verba
948 3687 1371 3760 praedicantium
1422 3688 1726 3745 necessaria

126 3784 248 3835 tunc
290 3777 542 3846 habebit,
592 3776 745 3850 quia,
777 3777 1033 3834 veniente
1072 3776 1285 3850 judice,
1316 3776 1385 3833 ad
1415 3794 1511 3835 cor
1560 3794 1722 3835 suum

126 3867 341 3940 quisque
368 3865 687 3936 reducitur,
720 3875 785 3923 ut
811 3873 1001 3924 sancta
1022 3864 1135 3937 jam
1167 3882 1294 3922 cum
1314 3882 1474 3938 agere
1491 3882 1604 3922 non
1634 3883 1726 3923 va-

128 3954 195 4012 let
219 3957 435 4028 sentiat,
469 3963 528 4013 et
556 3966 771 4015 rectum
801 3956 950 4031 quod
989 3955 1145 4031 sequi
1175 3956 1370 4013 debuit
1400 3973 1470 4013 ex
1503 3957 1724 4015 tortitu-

126 4046 264 4105 diuis
289 4066 399 4107 suae
426 4064 595 4123 paena
617 4057 932 4122 cognoscat.
949 4047 1104 4106 Unde
1127 4048 1268 4105 bene
1283 4065 1381 4121 per
1399 4049 1725 4122 prophetam

126 4135 315 4196 dicitur
346 4157 359 4196 :
395 4141 671 4213 Congrega
699 4157 783 4195 eos
821 4139 978 4211 quasi
1030 4157 1233 4213 gregem
1261 4141 1334 4196 ad
1360 4141 1649 4206 victimam,
1679 4147 1728 4196 et

125 4230 380 4303 sancti/ica
402 4248 491 4287 eos
522 4230 578 4285 in
613 4230 697 4285 die
724 4229 1002 4286 occisionis
1035 4229 1251 4301 (Jerem.
1284 4246 1387 4299 χιι,
1421 4230 1500 4303 3).
1545 4231 1607 4286 In
1635 4229 1724 4287 die

127 4317 263 4376 enim
316 4319 619 4379 occisionis
655 4318 1073 4377 sanctiﬁcantur
1125 4318 1365 4391 reprobi,
1417 4319 1547 4393 quia
1591 4325 1725 4375 tunc

129 4419 306 4467 sancta
351 4426 474 4485 qum
523 4408 837 4467 debuerunt
882 4425 1041 4483 agere
1097 4409 1368 4479 sentiunt,
1401 4425 1527 4467 cum
1559 4407 1725 4482 digna

131 4502 406 4569 pravitatis
433 4518 549 4561 suae
579 4501 853 4574 supplicia
876 4499 990 4573 jam
1022 4500 1301 4559 declinare
1329 4517 1442 4557 non
1470 4508 1719 4573 possunt.

1836 1916 1951 1987 25).
1984 1916 2057 1970 Et
2096 1931 2314 1971 rursum
2342 1933 2353 1971 :
2390 1916 2449 1971 Si
2477 1916 2767 1988 cruciﬁxus
2796 1922 2871 1971 est
2899 1934 2963 1972 ex
2994 1918 3322 1988 inﬁrmitate,
3354 1921 3441 1975 sed

1835 2006 1967 2062 vivit
1994 2022 2059 2061 ex
2087 2006 2283 2061 virtute
2309 2005 2410 2062 Dei
2436 2006 2532 2076 (II
2549 2004 2672 2061 Cor.
2693 2021 2820 2074 XIII,
2844 2005 2926 2079 4).
2946 2006 3038 2063 Sic
3052 2016 3235 2064 autem
3266 2010 3440 2066 sancti

1837 2096 1946 2152 viri
1998 2095 2363 2152 humanitatis
2392 2095 2511 2169 ejus
2542 2097 2762 2153 inﬁrma
2788 2097 3110 2170 praedicant,
3141 2107 3203 2155 ut
3232 2099 3442 2156 audito-

1835 2204 1957 2243 rum
1976 2202 2203 2244 suorum
2237 2185 2499 2243 cordibus
2529 2188 2694 2243 etiam
2726 2186 3039 2244 divinitatis
3066 2187 3231 2244 fortia
3258 2186 3443 2244 infun-

1835 2276 1988 2335 dant.
2013 2276 2322 2335 Audiamus
2368 2294 2464 2351 per
2481 2278 2792 2335 tonitruum
2821 2276 3008 2346 nubis,
3034 2277 3268 2335 imbrem
3288 2278 3444 2335 forti-

1834 2367 2050 2425 tudinis
2083 2386 2094 2425 :
2129 2369 2196 2426 In
2220 2368 2491 2442 principio
2520 2374 2637 2424 erat
2680 2369 2923 2438 Verbum,
2954 2375 3003 2425 et
3046 2369 3269 2428 Verbum
3329 2375 3447 2426 erat

1835 2458 1981 2530 apud
2040 2458 2229 2527 Deum,
2259 2464 2306 2513 et
2333 2459 2475 2515 Deus
2502 2465 2621 2515 erat
2655 2458 2880 2517 Verbum
2906 2458 3095 2529 (Joan.
3130 2475 3170 2527 ι,
3221 2460 3299 2530 1).
3332 2462 3442 2516 Au-

1836 2549 2052 2606 diamus
2082 2548 2248 2604 etiam
2280 2547 2513 2604 imbrem
2537 2546 2909 2604 infirmitatis:
2954 2547 3173 2607 Verbum
3204 2564 3328 2603 caro
3354 2547 3443 2619 fa-

1836 2644 1973 2693 ctum
1994 2644 2087 2707 est,
2112 2644 2159 2693 et
2188 2638 2446 2694 habitavit
2472 2638 2532 2694 in
2554 2638 2702 2694 nobis
2730 2637 2926 2709 (Ibid.,
2961 2637 3075 2709 14).
3132 2637 3445 2696 Audiamus

1837 2729 2068 2785 imbrem
2110 2730 2487 2787 fortitudinis:
2524 2730 2716 2787 Omnia
2742 2745 2841 2801 per
2869 2729 3042 2801 ipsum
3070 2728 3215 2799 facta
3243 2735 3387 2795 sunt,
3399 2736 3447 2786 et

1837 2818 1948 2873 sine
1974 2819 2088 2889 ipso
2114 2818 2315 2889 factum
2329 2826 2405 2874 est
2431 2819 2586 2875 nihil.
2610 2818 2761 2885 Quod
2778 2818 2981 2889 factum
2999 2824 3090 2886 est,
3123 2818 3180 2873 in
3205 2818 3321 2891 ipso
3336 2820 3446 2876 vita

1839 2912 1953 2962 erat
1972 2907 2158 2977 (Ibid,
2178 2907 2257 2977 3).
2282 2906 2590 2963 Audiamus
2617 2907 2785 2963 etiam
2806 2906 3040 2962 imbrem
3063 2907 3404 2965 inﬁrmitatis
3430 2926 3443 2965 :

1839 3001 1903 3056 In
1918 3000 2143 3072 propria
2171 3000 2330 3065 venit,
2348 3004 2395 3054 et
2414 3000 2497 3053 sui
2517 3015 2633 3054 eum
2650 3014 2758 3053 non
2775 3004 3082 3069 receperunt
3104 2999 3301 3070 (Ibid.,
3325 3000 3441 3071 11).

1839 3090 2008 3146 Imhri
2037 3106 2164 3161 ergo
2195 3088 2541 3145 fortitudinis
2570 3105 2681 3144 sua:
2708 3086 2957 3159 prmcipit
3015 3093 3076 3141 ut
3124 3086 3179 3141 in
3238 3096 3442 3144 terram

1839 3180 2152 3248 descendat,
2176 3180 2306 3253 quia
2340 3188 2653 3235 sanctorum
2679 3193 2905 3234 suorum
2937 3176 3166 3232 vocibus
3187 3177 3267 3234 sic
3287 3177 3445 3234 nobis

1840 3271 2201 3328 humanitatis
2250 3286 2362 3325 suae
2411 3268 2632 3323 infirma
2687 3266 2968 3340 praedicat,
3001 3275 3064 3322 ut
3091 3266 3253 3322 nobis
3280 3268 3443 3323 etiam

1836 3362 1978 3418 mira
2006 3370 2059 3417 et
2088 3360 2253 3416 fortia
2282 3377 2393 3415 sum
2431 3358 2746 3414 divinitatis
2792 3356 3124 3411 innotescat.
3180 3356 3287 3413 Sed
3316 3373 3442 3414 cum

1836 3453 2100 3509 virtutem
2132 3452 2306 3508 nostri
2339 3448 2644 3507 conditoris
2665 3446 2943 3515 audimus,
2963 3447 3154 3504 statim
3185 3447 3253 3504 ad
3282 3448 3449 3505 corda

1835 3550 2023 3599 nostra
2043 3544 2065 3577 ‘
2090 3541 2392 3598 formidine
2408 3540 2774 3613 compellente
2792 3537 3133 3608 reducimur,
3157 3549 3210 3596 et
3230 3547 3444 3597 tantum

1834 3650 1998 3705 super
2026 3650 2125 3689 nos
2148 3631 2394 3704 judicem
2426 3631 2844 3705 perpendentes,
2880 3632 3026 3690 875
3062 3627 3084 3662 ⁵
3115 3645 3236 3703 quae
3257 3630 3445 3702 digne,

1835 3740 2025 3797 quaeve
2074 3723 2286 3797 egimus
2320 3721 2565 3795 indigne,
2621 3739 2932 3796 pensamus.
2995 3722 3153 3784 Unde
3210 3729 3266 3778 et
3307 3719 3447 3776 bene

1835 3813 2200 3889 subjungitur
2232 3831 2243 3871 :

2214 3931 2443 3990 CAPUT
2498 3931 2661 3992 xxv
2691 3932 2834 4008 [Rea
2884 3932 3060 4010 XVI].

1905 4020 2075 4081 Vens.
2111 4021 2161 4077 7.
2191 4051 2264 4064 —
2296 4022 2400 4090 Qui
2417 4022 2471 4077 in
2494 4040 2653 4079 manu
2681 4025 2917 4080 omnium
2944 4026 3216 4081 hominum
3246 4020 3445 4097 signat,

1835 4118 1893 4168 ut
1919 4112 2163 4166 noverint
2188 4110 2387 4183 singuli
2423 4128 2585 4183 opera
2616 4128 2733 4170 sua.

1904 4200 1991 4257 47.
2033 4201 2394 4273 Cognoscendo
2426 4201 2594 4256 Deum
2620 4209 2819 4259 nosmet
2874 4204 3230 4277 agnoscimus,
3281 4208 3329 4259 et
3356 4220 3446 4260 se-

1833 4291 2013 4347 verius
2039 4290 2589 4361 judica~mus.—Mala
2617 4292 2764 4348 enim
2818 4310 2943 4368 quae
2974 4304 3142 4368 agunt
3170 4294 3444 4362 homines,

1832 4399 2060 4455 pensare
2113 4390 2499 4440 contemnunt.
2550 4382 2658 4440 Sed
2695 4401 2822 4442 cum
2871 4385 3135 4444 virtutem
3199 4402 3447 4458 supernas

1832 4472 2199 4531 districtionis
2229 4473 2488 4543 audiunt,
2514 4490 2814 4548 pravorum
2848 4492 3074 4550 operum
3096 4475 3204 4533 hoc
3224 4474 3370 4551 quod
3391 4490 3449 4530 se

130 4560 260 4655 Quia
285 4560 468 4648 autem
493 4560 915 4663 prmdidationes
940 4598 1141 4647 sancta:
1162 4606 1289 4647 cum
1316 4589 1432 4645 vita
1452 4560 1727 4662 praesenti,
1759 4585 1808 4644 D
1838 4560 2101 4663 ἀθητξωίί
2128 4655 2141 4663 ,
2158 4562 2375 4663 Ρίξῖηἰιίῗ
2407 4572 2731 4663 ᾒὲηφδθηηίο
2780 4564 2824 4621 Ρ
2827 4564 3200 4663 Γωάίίξδῖίοηίδ
3247 4564 3449 4663 (ΙΠῘΡΡΘ

132 4675 184 4733 id
210 4689 288 4737 est
313 4683 521 4755 pluvias
564 4697 693 4738 cum
741 4681 925 4737 hieme
968 4681 1285 4751 cessabunt,
1319 4689 1466 4738 recte
1500 4681 1726 4737 exeunti

131 4768 337 4841 animm,
368 4773 389 4808 ³
425 4781 592 4846 atque
619 4770 689 4829 ad
718 4779 935 4829 aeternas
981 4770 1268 4828 felicitatis
1314 4771 1507 4829 aestiva
1535 4785 1727 4844 prope-

133 4860 286 4929 ranti,
311 4862 502 4934 sponsi
515 4878 652 4919 voce
672 4861 957 4919 suadentis
982 4860 1194 4917 dicitur
1217 4879 1229 4917 :
1265 4862 1454 4934 Surge,
1465 4877 1725 4935 propera,

131 4950 291 5008 amica
318 4968 450 5021 mea,
479 4952 721 5025 formosa
748 4970 886 5020 utea,
935 4958 985 5007 et
1036 4951 1186 5019 veni;
1222 4949 1343 5020 jam
1375 4952 1514 5007 enim
1567 4951 1729 5006 hiems

137 5041 358 5109 transiit,
380 5043 547 5100 imber
573 5043 707 5101 abiit
719 5049 768 5101 et
794 5041 1010 5100 recessit
1030 5040 1216 5113 (Cant.
1248 5039 1728 5114 n,iO,II).Tran&

135 5138 289 5187 eunte
314 5134 514 5207 quippe
560 5132 763 5205 hieme,
811 5132 992 5191 imber
1020 5128 1251 5199 recedit,
1281 5127 1413 5203 quia
1440 5145 1566 5188 cum
1614 5128 1732 5188 vita

204 5331 511 5407 ‘_Vindoc.,
542 5339 590 5390 et
612 5339 940 5407 persecutor,
980 5338 1029 5389 et
1059 5329 1465 5407 contumeliosus
1487 5348 1506 5398 ;
1526 5326 1615 5407 sed
1641 5326 1738 5407 mi-

139 5402 469 5530 κωηέοἳςὲἓιηι
486 5402 787 5463 consecutus
817 5402 956 5472 sum,
987 5406 1118 5477 quia
1147 5406 1402 5477 ignorans
1427 5403 1533 5477 feci
1561 5408 1617 5461 in
1644 5405 1739 5460 in-

140 5488 219 5527 cre
256 5492 291 5529 u
318 5494 338 5530 ι
400 5483 464 5530 te.

140 5476 464 5534 credulitate.

206 5544 228 5621 ξ
254 5544 507 5621 Ιέφῐιεὶρη
528 5549 918 5621 manifestetur.

207 5614 634 5698 iEhrdiéehses,
678 5614 894 5698 aliique
940 5619 1203 5677 Norman.
1255 5630 1310 5678 et
1354 5614 1618 5688 Vindoc.,
1669 5618 1741 5675 ad

140 5693 313 5767 (rstica
333 5697 527 5767 aeterna
522 5693 879 5767 properanti.

209 5711 313 5745 ηυα
333 5711 527 5749 ieierna
584 5711 879 5767 roperanu.

206 5761 227 5793 ⁴
254 5760 473 5837 Becent.
493 5711 683 5837 νῧιεη
715 5765 1041 5837 fortitudine
1068 5764 1510 5837 compellente._ln
1539 5762 1737 5837 veteri-

139 5826 236 5886 bus
265 5831 436 5891 Paris.
468 5844 523 5893 et
550 5826 726 5893 Ba'si'l:
747 5826 947 5909 legitur
976 5846 1038 5895 ut
1073 5839 1131 5895 in
1144 5826 1274 5897 Mss.
1300 5834 1563 5904 Vindoc.,
1597 5835 1737 5891 Lon-
1839 5858 1844 5862 ·

400 5929 651 5991 ΡΑτιιοι..
687 5934 941 5992 LXXVI.

1835 4653 2019 4710 verbis
2048 4654 2251 4726 pulsati
2273 4654 2564 4726 evigilant,
2583 4666 2644 4712 ut
2664 4666 2897 4729 pensent
2925 4656 2995 4713 ad
3024 4672 3148 4729 quae
3176 4655 3448 4728 supplicia

1836 4761 1952 4801 sese
1998 4744 2241 4817 antiquas
2295 4744 2533 4801 actionis
2580 4745 2840 4800 meritum
2888 4744 3090 4802 trahat.
3144 4743 3286 4800 Dum
3320 4757 3447 4814 ergo

1837 4834 2015 4890 imber
2044 4833 2393 4892 fortitudinis
2432 4835 2490 4891 in
2548 4842 2749 4891 terram
2813 4833 3133 4902 descendit,
3167 4833 3225 4889 in
3281 4847 3451 4887 manu

1837 4923 2277 4999 uniuscujusque
2323 4926 2593 4997 signatur,
2647 4935 2709 4981 ut
2755 4942 2854 4983 sua
2908 4940 3072 4997 opera
3121 4924 3276 4991 sciat,
3320 4921 3451 4995 quia

1838 5017 1972 5075 dum
1988 5018 2167 5074 virtus
2184 5018 2769 5093 incomprehensibilis
2788 5015 3092 5090 majestatis
3111 5014 3447 5088 agnoscitur,

1838 5107 1906 5166 ab
1935 5122 2269 5181 unoquoque
2311 5107 2578 5166 subtilius
2608 5125 2707 5166 sua
2736 5108 2851 5164 vita
2879 5113 3158 5180 pensatur.

1847 5328 2081 5461 giplonti,
2116 5323 2338 5390 Ebroic.
2359 5334 2412 5390 et
2436 5328 2562 5389 aliis
2590 5326 2967 5400 Normannize,
2997 5324 3290 5402 formidine
3316 5346 3451 5386 com-

1847 5423 1909 5461 ne
1946 5422 2015 5461 .en
2042 5424 2085 5460 e.

1884 5411 2085 5461 cliente.

1841 5423 2169 5533 mimici-ite].
2221 5485 2275 5532 et
2322 5473 2417 5548 alii
2465 5473 2753 5543 Νοτωθιηο,
2805 5490 2937 5548 qua?
2969 5476 3164 5548 egimus
3190 5474 3450 5546 ’ίηάίθηθν

1848 5549 2052 5605 omisso
2072 5554 2129 5609 τό
2173 5564 2291 5619 quae
2338 5544 2528 5615 digne;
2573 5562 2673 5603 nec
2723 5544 3023 5616 immerito,
3068 5563 3195 5603 nam
3228 5544 3454 5619 urgente

1847 5625 2045 5710 timore
2075 5628 2310 5709 extremi
2324 5625 2527 5699 judicii
2556 5628 2700 5683 mala
2720 5639 2895 5710 opera
2919 5627 3104 5710 potius
3124 5642 3287 5699 quam
3308 5634 3453 5710 recte

1848 5694 1994 5769 facta
2024 5699 2199 5755 menti
2241 5694 2560 5769 occurrunt,
2582 5708 2686 5756 etc.
2719 5694 3071 5757 Retinuimus
3092 5694 3276 5753 tamen
3308 5696 3452 5751 hanc

1849 5766 1975 5829 lect.
2009 5787 2131 5845 quae
2154 5779 2236 5829 est
2255 5766 2604 5828 Excusoru'm
2638 5772 2908 5828 omnium.

3134 5946 3199 6001 14
