3920 6370
469 319 570 381 427

1704 317 1954 376 SANCTI
1993 319 2328 375 (iliEGOltll
2366 317 2590 375 MAGNI

3687 315 3791 372 428

540 450 629 506 48.
663 449 924 506 Naturali
956 447 1174 513 lumine,
1206 454 1458 520 tanquam
1487 449 1590 520 lege
1616 447 1824 514 mentis,
1848 462 2079 518 pravum
2108 450 2157 509 Α
2188 445 2303 500 rius
2343 445 2529 516 (Num.
2578 446 2728 516 xix),
2747 446 2768 480 ⁴
2797 443 3029 499 nubium
3071 441 3172 498 Dei
3219 443 3452 500 virtutes
3500 443 3790 512 intulerat,

466 546 511 595 et
533 543 730 594 rectum
751 536 1336 605 innotescunt—Quod
1365 547 1550 594 tamen
1571 535 1808 606 intelligi
1836 543 1889 590 et
1905 534 2066 590 aliter

465 635 662 702 potest.
694 626 922 686 Creator
965 644 1204 702 namque
1239 627 1593 699 omnipotens
1637 642 1668 680 a
1709 623 1923 682 cunctis
1969 624 2068 680 in—

463 717 820 775 sensibilibus
876 716 1457 789 irrationabilibusque
1488 718 1503 750 ¹
1533 714 1856 770 distinctum
1887 714 2064 770 ratio-

463 807 703 864 nabilem
755 815 1062 863 creaturam
1118 807 1399 862 hominem
1467 803 1736 871 condidit,
1797 813 2065 876 quatenus

464 896 612 972 quod
641 896 812 969 egerit
841 895 1094 968 ignorare
1131 911 1244 951 non
1290 894 1482 966 possit.
1515 881 1734 950 Natura
1763 893 1912 948 enim
1951 894 2064 965 lege

463 988 604 1044 scire
633 985 1006 1058 compellitur,
1049 1001 1146 1041 seu
1175 1000 1409 1058 pravum
1437 983 1555 1040 sive
1576 992 1787 1040 rectum
1817 983 1892 1039 sit
1919 981 2066 1056 quod

462 1084 738 1150 operatur,
769 1076 905 1132 Nam
934 1073 1003 1131 ad
1025 1072 1303 1146 judicium
1325 1089 1424 1146 pro
1443 1074 1659 1130 actione
1688 1090 1787 1130 cur
1816 1072 1990 1140 venit,
2019 1072 2065 1127 si

463 1165 643 1238 potuit
667 1165 878 1222 nescire
910 1162 1058 1237 quod
1087 1163 1242 1236 egit?
1269 1164 1341 1219 Et
1370 1162 1475 1236 ipsi
1503 1179 1633 1234 ergo
1663 1163 1755 1236 qui
1781 1161 2066 1234 praeceptis

461 1255 758 1313 dominicis
787 1253 995 1310 erudiri
1025 1262 1408 1321 contemnunt,
1440 1259 1624 1308 utrum
1655 1253 1798 1309 bona
1822 1268 1892 1308 an
1923 1251 2066 1306 mala

461 1347 574 1404 sint
601 1361 723 1420 qua
766 1343 979 1400 faciunt
1015 1342 1221 1399 sciunt.
1253 1342 1389 1398 Nam
1419 1341 1466 1398 si
1497 1341 1642 1398 bona
1671 1357 1727 1397 se
1757 1341 1934 1398 facere
1961 1356 2067 1396 ne-

461 1436 664 1504 sciunt,
693 1451 792 1492 cur
831 1433 900 1490 de
927 1431 1206 1505 aliquibus
1257 1429 1416 1488 factis
1447 1431 1505 1486 in
1535 1429 1906 1486 ostentatione
1939 1429 2066 1501 glo-

459 1526 676 1582 riantur
696 1525 724 1581 ?
751 1524 989 1581 Rursum
1019 1521 1069 1578 si
1097 1521 1242 1578 mala
1279 1537 1336 1576 se
1381 1537 1540 1592 agere
1571 1521 1847 1591 ignorant,
1877 1536 1976 1576 cur
2006 1518 2064 1573 in

461 1615 667 1671 eisdem
689 1612 851 1670 factis
869 1611 1080 1667 alienos
1109 1611 1301 1668 oculos
1316 1609 1632 1667 declinant?
1655 1609 1762 1681 lpsi
1793 1609 1942 1664 enim
1960 1607 2065 1663 sibi

462 1712 626 1761 testes
653 1709 801 1769 sunt,
833 1701 964 1774 quia
989 1701 1176 1757 sciunt
1229 1701 1436 1756 malum
1496 1716 1612 1757 esse
1668 1698 1818 1772 quod
1873 1705 2062 1770 agunt,

2173 535 2286 607 agit
2309 552 2458 592 nunc
2487 543 2549 590 ut
2576 543 2768 592 contra
2796 533 3072 589 bonorum
3101 532 3274 586 vitam
3297 532 3463 588 etiam
3483 532 3788 590 adversarii

2175 625 2620 699 impugnationes
2647 626 2974 681 innotescat.
3009 623 3145 679 Nam
3185 622 3435 695 sequitur
3464 639 3476 676 :

2379 715 2608 772 CAPUT
2645 715 2829 770 XXVI
2864 713 3003 786 [Vet.
3036 714 3185 780 XIX,
3221 714 3341 770 Rec.
3375 710 3583 784 XVII].

2248 805 2421 862 Vnus.
2454 805 2506 860 8.
2541 835 2612 846 —
2641 804 2984 874 Ingredietur
3018 802 3180 856 bestia
3225 801 3506 857 latibulum
3535 817 3720 868 suum,
3751 808 3795 854 et

2177 895 2232 949 in
2265 901 2424 948 antro
2453 912 2550 948 suo
2581 893 2900 948 morabitur.

2245 983 2332 1040 49.
2365 983 2584 1038 Diaboli
2611 988 2830 1037 antrum
2859 979 3245 1045 Antichristus,
3276 985 3323 1034 et
3351 978 3567 1049 reprobi
3590 995 3792 1033 omnes.

2175 1105 2246 1116 —
2271 1074 2406 1142 Quis
2445 1075 2588 1129 alius
2619 1072 2844 1127 nomine
2888 1069 3103 1137 bestia,
3155 1069 3264 1124 nisi
3305 1071 3568 1142 antiquus
3619 1067 3799 1123 hostis

2176 1168 2463 1240 accipitur,
2489 1167 2584 1241 qui
2604 1166 2927 1237 deceptione
2940 1181 2992 1219 m
3019 1162 3186 1235 primi
3208 1162 3456 1218 hominis
3484 1178 3669 1217 savus
3695 1161 3797 1216 im-

2179 1257 2368 1328 petiit,
2414 1265 2468 1312 et
2525 1255 2899 1326 integritatem
2953 1253 3079 1307 vita
3125 1252 3282 1307 illius
3326 1253 3465 1307 male
3509 1251 3798 1308 suadendo

2177 1347 2450 1404 laniavit?
2480 1345 2683 1402 Contra
2713 1361 2877 1416 quem
2917 1341 3196 1414 propheta
3237 1342 3469 1397 vocibus
3499 1342 3566 1397 de
3596 1351 3794 1398 sancta

2177 1438 2477 1492 electorum
2511 1435 2757 1491 Ecclesia
2778 1435 2836 1489 in
2871 1431 3162 1504 antiquum
3194 1439 3398 1486 statum
3429 1431 3798 1487 restauranda

2177 1527 2525 1599 promittitur
2558 1543 2568 1580 :
2603 1527 2676 1580 Et
2717 1525 2862 1578 mala
2911 1522 3074 1576 bestia
3123 1539 3226 1575 non
3258 1521 3507 1575 transibit
3533 1538 3634 1592 per
3681 1538 3796 1576 eam

2175 1617 2338 1686 (Isai.
2376 1633 2554 1682 xxxv,
2603 1615 2685 1685 9).
2737 1612 2840 1669 Sed
2885 1611 3004 1667 hac
3049 1611 3225 1667 bestia
3267 1627 3392 1666 cum
3428 1613 3448 1645 ⁵
3508 1619 3632 1682 post
3682 1611 3802 1667 Be-

2176 1706 2483 1780 demptoris
2498 1705 2820 1772 adventum,
2845 1713 2968 1777 post
2989 1703 3414 1776 pradicatorum
3432 1720 3614 1772 voces,
3634 1705 3798 1776 quasi

461 1793 611 1868 quod
640 1791 818 1848 videri
843 1789 912 1846 ab
941 1791 1068 1846 aliis
1093 1797 1372 1846 verentur.
1390 1791 1446 1846 Si
1476 1791 1628 1847 enim
1650 1790 1926 1846 veraciter
1956 1804 2066 1842 ma-
2099 1821 2144 1880 B
2177 1805 2298 1871 post
2327 1797 2639 1853 tonitruum
2670 1795 2906 1851 nubium
2938 1795 2994 1850 in
3028 1793 3138 1850 ﬁne
3169 1794 3358 1850 mundi
3387 1795 3546 1850 illum
3566 1795 3800 1850 damna-

464 1884 580 1939 lum
609 1897 726 1938 esse
771 1897 883 1936 non
925 1880 1247 1948 crederent,
1317 1895 1663 1954 nequaquam
1694 1879 1800 1936 hoc
1843 1877 1912 1932 ab
1941 1876 2066 1932 aliis

463 1971 644 2027 videri
674 1968 1055 2026 formidarent.
1091 1969 1248 2026 Unde
1275 1977 1330 2026 et
1355 1969 1496 2026 bene
1538 1986 1634 2042 per
1663 1965 1956 2040 quemdam
1988 1981 2065 2020 sa-

463 2061 700 2134 pientem
723 2059 930 2118 dicitur
952 2077 964 2116 :
994 2060 1128 2117 Cum
1147 2060 1218 2115 sit
1247 2059 1434 2116 timida
1449 2059 1708 2130 nequitia,
1735 2057 1828 2112 dat
1845 2055 2066 2110 testimo-

461 2152 611 2206 nium
651 2150 1073 2206 condemnationi
1117 2151 1279 2222 (Sap.
1326 2166 1469 2216 xvu,
1522 2148 1638 2218 10).
1675 2146 1816 2214 Quia
1836 2145 1971 2200 dum
1999 2142 2068 2200 de

463 2239 610 2298 facto
641 2255 743 2296 suo
773 2239 796 2274 ²
825 2237 1221 2296 conscientiam
1266 2239 1493 2312 pulsans
1538 2237 1710 2292 timor
1767 2235 2064 2306 redarguit,

468 2339 585 2412 ipsa
614 2337 722 2395 sibi
750 2339 1135 2395 testimonium
1157 2335 1411 2410 perhibet
1431 2335 1750 2392 damnabile
1776 2350 1892 2390 esse
1921 2331 2069 2406 quod

459 2432 592 2504 agit.
625 2430 746 2498 Quo
767 2437 958 2488 contra
977 2446 1074 2503 per
1087 2429 1354 2486 Joannem
1371 2427 1580 2485 dicitur
1601 2445 1614 2483 :
1641 2427 1700 2484 Si
1715 2443 1806 2480 cor
1820 2431 2067 2480 nostrum

460 2539 568 2576 non
590 2521 986 2592 reprehenderit
1019 2536 1133 2586 nos,
1163 2518 1417 2590 ﬁduciam
1443 2517 1690 2572 habemus
1723 2517 1870 2587 apud
1898 2517 2067 2571 Deum

461 2611 526 2682 (Ι
537 2611 787 2678 Joan.m,
810 2608 927 2681 21).
947 2608 1184 2680 Fugiant
1202 2623 1331 2680 ergo
1351 2605 1530 2679 iniqui
1559 2605 1832 2662 humanos
1855 2605 2065 2671 oculos,

463 2700 787 2772 semetipsos
799 2705 944 2755 certe
963 2697 1151 2769 fugere
1163 2712 1276 2752 non
1291 2703 1540 2768 possunt.
1549 2695 1690 2764 Quia
1702 2695 1792 2750 eni
1801 2712 1852 2749 m
1859 2695 2064 2749 malum

464 2789 613 2863 quod
641 2789 854 2846 faciunt
873 2795 1170 2856 noverunt,
1192 2785 1397 2843 habent
1419 2794 1613 2843 testem
1645 2785 2065 2852 conscientiam,

465 2879 671 2936 habent
679 2877 924 2951 judicem
941 2877 1211 2934 rationem
1226 2893 1380 2933 suam
1391 2877 1470 2933 .ln
1493 2885 1716 2948 peccato
1733 2875 1904 2948 igitur
1918 2873 2066 2947 quod

463 2968 821 3025 committunt
849 2967 1004 3040 prius
1031 2975 1223 3024 contra
1265 2982 1322 3022 se
1345 2964 1621 3038 judicium
1671 2982 1785 3022 sua
1828 2963 2064 3020 rationis

463 3057 777 3126 inveniunt,
807 3064 862 3112 et
889 3063 1012 3130 post
1030 3055 1100 3112 ad
1127 3055 1534 3113 districtionem
1565 3053 1758 3111 aterni
1789 3051 2066 3109 examinis

461 3149 857 3222 perducuntur.
899 3149 970 3202 Et
1025 3145 1132 3202 hoc
1173 3153 1256 3201 est
1301 3145 1532 3202 fortasse
1575 3143 1727 3218 quod
1765 3159 1861 3215 per
1902 3141 2066 3196 l’sal-

461 3240 680 3295 mistam
729 3237 976 3293 dicitur:
1025 3235 1262 3304 Abyssus
1307 3235 1555 3305 abyssum
1595 3235 1809 3288 invocat
1850 3231 1908 3285 in
1950 3247 2067 3284 voce

461 3333 856 3383 cataractarum
886 3330 1102 3377 tuarum
1133 3323 1307 3392 (Psal.
1340 3339 1456 3390 xm,
1486 3323 1568 3394 8).
1591 3320 1733 3388 Quia
1761 3319 1895 3374 dum
1925 3317 2065 3373 miro

463 3415 658 3470 ordine
685 3409 1068 3484 dispositionis
1093 3410 1323 3466 occulta
1357 3410 1566 3465 malum
1589 3425 1700 3464 non
1723 3405 2068 3480 permittitur

465 3503 664 3561 nesciri
685 3501 833 3577 quod
860 3500 1063 3572 agitur,
1092 3506 1148 3554 et
1174 3515 1275 3555 suo
1313 3515 1370 3555 se
1413 3499 1529 3572 jam
1556 3497 1773 3570 judicio
1815 3502 2068 3568 peccator

461 3596 519 3652 in
548 3593 889 3653 conscientia
915 3589 1267 3658 condemnat,
1307 3597 1362 3645 et
1391 3596 1514 3662 post
1542 3586 2064 3645 condemnationem

463 3685 740 3759 propriam
791 3681 860 3738 ad
906 3679 1097 3737 aterni
1133 3677 1342 3750 judicis
1406 3678 1738 3735 sententiam
1786 3683 2061 3750 properat.

465 3778 488 3809 ³
516 3773 795 3846 Abyssum
858 3785 987 3842 ergo
1038 3767 1301 3841 abyssum
1333 3768 1596 3824 invocare
1631 3775 1714 3822 est
1758 3766 1826 3822 de
1846 3765 2066 3838 judicio

464 3863 533 3919 ad
559 3860 836 3936 judicium
868 3859 1178 3934 pervenire.
1209 3859 1354 3915 Eant
1382 3874 1512 3932 ergo
1527 3857 1917 3930 pradicatores
1945 3873 2065 3912 san-

465 3955 562 4023 cti,
593 3953 922 4028 redarguant
963 3950 1109 4009 facta
1135 3950 1510 4023 peccantium,
1543 3947 1826 4005 auditores
1881 3956 2063 4004 autem

462 4045 619 4117 pravi
641 4047 1000 4101 contemnant
1031 4040 1196 4097 verba
1229 4038 1533 4112 justorum,
1565 4037 1868 4094 defendant
1894 4053 2064 4111 quan-

463 4141 583 4188 tum
638 4126 917 4189 voluerint
965 4131 1264 4204 pravitates
1304 4146 1450 4198 suas,
1508 4136 1670 4201 atque
1717 4127 2068 4200 impudenter

465 4229 640 4294 gestas
684 4220 1064 4294 impudentius
1089 4217 1435 4275 defendendo
1467 4218 1884 4290 multiplicent:
1919 4225 2065 4274 certe

467 4310 572 4382 ipsi
599 4307 706 4364 sibi
733 4308 794 4363 in
822 4307 1158 4365 conscientia
1186 4315 1351 4362 testes
1396 4314 1526 4363 sunt
1549 4307 1680 4381 quia
1715 4307 2066 4364 excusabiles

465 4414 577 4454 non
602 4404 751 4454 sunt.
779 4397 862 4452 Eo
899 4396 1047 4451 enim
1078 4396 1196 4468 ipso
1211 4412 1322 4469 quo
1349 4396 1733 4454 rationabilem
1757 4403 2064 4454 creaturam

464 4489 612 4545 Deus
626 4485 908 4543 hominem
928 4483 1199 4554 condidit,
1222 4485 1280 4540 in
1307 4501 1475 4542 manu
1489 4485 1747 4542 omnium
1765 4483 2062 4544 hominum

465 4576 665 4650 signat,
685 4583 748 4632 ut
770 4575 1029 4632 noverint
1055 4574 1261 4646 singuli
1290 4591 1455 4647 opera
1485 4591 1604 4631 sua.

547 4673 692 4733 876
721 4665 827 4724 Sed
849 4667 980 4741 quia
1007 4665 1135 4722 Elin
1162 4665 1229 4722 de
1258 4665 1528 4738 pravitate
1549 4665 1897 4738 singulorum
1928 4683 2063 4723 sen-

467 4768 694 4824 tentiam
715 4765 966 4840 protulit,
990 4765 1142 4824 illico
1161 4763 1231 4820 ad
1247 4764 1428 4838 ipsum
1444 4763 1734 4836 pravitatis
1759 4771 2060 4836 auctorem,

464 4873 562 4932 per
602 4872 766 4930 quem
811 4851 1245 4928 unumquodque
1284 4853 1492 4908 malum
1537 4850 1808 4922 oboritur,
1861 4853 2062 4910 mentis

464 4948 656 5007 oculos
680 4945 946 5014 deflectit,
971 4951 1034 5000 ut
1061 4943 1193 5018 quia
1221 4958 1333 4998 uno
1363 4941 1470 4998 hoc
1497 4957 1661 4998 versu
1681 4943 1836 5016 pravi
1866 4944 2062 5017 capitis

468 5038 713 5096 membra
733 5035 1150 5112 perstrinxerat,
1169 5033 1335 5088 etiam
1351 5030 1458 5092 hoc
1481 5032 1662 5105 ipsum
1679 5032 2059 5090 membrorum

465 5137 630 5204 caput
653 5128 759 5187 sub
775 5126 1047 5186 brevitate
1074 5121 1368 5181 describat.
1417 5121 1520 5179 Vel
1549 5129 1698 5178 certe
1728 5123 1860 5196 quia
1887 5139 2062 5197 supe-

542 5295 558 5328 ¹
591 5293 674 5348 Ita
699 5307 827 5348 cum
851 5291 1062 5346 Turon.
1081 5292 1168 5360 _et
1199 5285 1342 5360 plur.
1377 5300 1530 5360 mss._
1553 5285 1920 5360 antiquiorib.
1953 5287 2064 5360 Ex-

467 5363 632 5423 cusis.
666 5363 740 5419 At
767 5367 974 5418 recent.
1005 5355 1230 5426 habent,
1275 5372 1403 5416 cum
1446 5355 1613 5426 Utic.,
1635 5355 1923 5416 et‘Pratel.
1956 5359 2064 5414 dis-

469 5437 704 5493 tinctam.

541 5509 563 5543 ²
583 5507 815 5574 Turon.,
845 5502 1160 5559 conscientia
1186 5503 1409 5575 pulsans
1435 5499 1614 5556 timor.

539 5581 561 5616 ³
591 5571 815 5634 ΕΙ)ῐοὶοζ
849 5583 904 5632 et
932 5575 1028 5630 alii
1057 5571 1269 5642 Nouit...
1299 5575 1502 5644 Abysso
1533 5589 1655 5644 ergo
1687 5573 1864 5644 abyss.
1900 5571 2066 5629 invo-

465 5665 606 5720 οπο,
646 5647 964 5720 estdejud.,
992 5655 1097 5720 etc.

540 5726 561 5759 ⁴
587 5715 842 5795 Ῑλοῐιείρξ,
871 5715 1041 5795 niuem
1069 5718 1169 5775 Dei
1196 5718 1444 5795 virtutes,
1463 5717 1698 5774 fortasse
1728 5732 1828 5788 pro
1853 5715 2064 5795 nivium

466 5785 1119 5890 Dei,sec,'apostolorum,
1151 5805 1286 5865 quos
1305 5789 1534 5848 nivibus
1547 5785 1893 5861 comparavit
1913 5787 2066 5848 hunc

2093 4554 2142 4612 D

2178 1895 2298 1944 tum
2341 1877 2626 1943 hominem
2657 1883 2750 1958 qui
2792 1884 3173 1942 Antichristus
3219 1894 3450 1941 vocatur
3497 1884 3795 1952 invaserit,

2180 1977 2314 2050 quid
2343 1977 2495 2033 aliud
2527 1992 2690 2050 quam
2719 1973 3012 2030 latibulum
3041 1991 3201 2030 suum
3236 1974 3564 2045 ingreditur,
3585 1977 3607 2010 ⁶
3639 1982 3702 2029 ut
3737 1975 3798 2029 in

2180 2077 2339 2124 antro
2367 2069 2590 2140 proprio
2619 2066 2980 2122 demoretur?
3019 2067 3130 2121 Vas
3172 2065 3374 2138 quippe
3411 2064 3550 2120 illud
3582 2065 3800 2121 diaboli

2180 2167 2398 2214 antrum
2433 2175 2496 2214 ac
2534 2157 2824 2212 latibulum
2843 2155 3031 2212 bestiae
3049 2164 3150 2222 est,
3183 2163 3247 2210 ut
3267 2155 3538 2212 insidians
3552 2155 3803 2211 homini-

2180 2255 2284 2312 bus
2313 2257 2458 2312 viam
2489 2254 2662 2327 hujus
2693 2254 2821 2310 vita
2849 2253 3224 2326 carpentibus,
3256 2254 3313 2309 in
3336 2254 3434 2309 illo
3453 2262 3508 2310 et
3524 2271 3621 2326 per
3636 2256 3798 2328 signa

2181 2347 2364 2414 lateat,
2397 2355 2451 2402 et
2482 2363 2577 2418 per
2609 2345 2878 2400 malitiam
2909 2343 3144 2400 occidat.
3177 2343 3286 2412 Qui
3313 2352 3498 2400 tamen
3533 2345 3794 2400 omnium

2181 2435 2542 2506 reproborum
2591 2433 2756 2490 corda
2789 2434 2955 2490 etiam
3000 2449 3149 2488 nunc
3195 2433 3516 2504 priusquam
3568 2442 3800 2504 apertus

2179 2533 2437 2597 appareat
2459 2525 2718 2598 possidet,
2744 2541 2914 2597 eaque
2937 2541 3030 2596 per
3049 2523 3324 2579 occultam
3343 2521 3613 2577 malitiam
3634 2524 3798 2596 quasi

2181 2616 2465 2687 proprium
2511 2623 2729 2670 antrum
2775 2620 2941 2681 tenet,
2978 2621 3142 2687 atque
3173 2611 3241 2668 ad
3276 2628 3439 2668 omne
3461 2614 3482 2646 ⁷
3513 2610 3662 2685 quod
3699 2629 3800 2668 no-

2181 2721 2300 2762 cere
2328 2705 2490 2760 bonis
2528 2704 2735 2777 appetit
2780 2703 2837 2758 in
2889 2719 3080 2758 eorum
3128 2719 3184 2758 se
3223 2701 3474 2758 obscuris
3505 2701 3800 2758 mentibus

2178 2794 2487 2852 abscondit.
2534 2795 2621 2850 An
2661 2793 2976 2850 Judaorum
3011 2793 3459 2866 persequentium
3490 2792 3656 2848 corda
3685 2810 3805 2848 an-

2176 2892 2326 2940 trum
2382 2883 2553 2957 hujus
2610 2883 2798 2940 bestia
2845 2899 2954 2938 non
2999 2882 3258 2948 fuerunt,
3308 2882 3366 2937 in
3407 2898 3644 2956 quorum
3690 2881 3798 2940 diu

2177 2976 2428 3035 consiliis
2459 2975 2644 3041 latuit,
2677 2973 2772 3029 sed
2802 2981 3023 3044 repente
3054 2972 3284 3027 vocibus
3313 2973 3494 3044 erupit
3545 2973 3797 3029 claman-

2176 3066 2315 3122 tium
2353 3083 2364 3120 :
2403 3064 2684 3134 Cruciﬁge,
2715 3062 2958 3132 cruciﬁge
2993 3062 3174 3132 (Joan.
3195 3077 3317 3126 χιχ,
3339 3061 3434 3132 6)?
3463 3062 3534 3116 Et
3562 3061 3695 3133 quia
3726 3062 3799 3118 ad

2176 3152 2570 3210 lacerationem
2609 3150 2811 3206 mentis
2842 3149 3152 3221 pertingere
3182 3149 3446 3206 tentando
3475 3167 3584 3206 non
3611 3153 3800 3223 potuit

2177 3243 2233 3298 iu
2282 3241 2647 3311 Redemptore
2694 3248 2882 3295 nostro
2929 3240 3142 3311 (Matth.
3181 3257 3260 3308 1v,
3305 3239 3389 3312 3),
3435 3239 3503 3295 ad
3556 3249 3799 3297 mortem

2175 3329 2358 3388 carnis
2417 3327 2722 3384 anhelavit.
2793 3329 2920 3384 Hac
2983 3329 3251 3384 nimirum
3319 3328 3495 3385 bestia
3545 3329 3566 3363 ⁸
3617 3331 3800 3387 multa

2175 3422 2477 3476 electorum
2523 3417 2690 3475 corda
2719 3419 2920 3487 tenuit,
2960 3419 3053 3475 sed
3093 3418 3234 3474 hanc
3281 3418 3348 3473 ab
3389 3419 3502 3474 illis
3546 3420 3799 3476 moriens

2176 3513 2366 3582 Agnus
2409 3508 2674 3564 excussit.
2724 3507 2878 3564 Unde
2906 3517 2959 3564 et
2989 3508 3047 3563 iu
3081 3508 3386 3579 Evangelio
3414 3508 3553 3564 dicit
3585 3526 3598 3564 :
3633 3509 3798 3565 Nunc

2169 3599 2416 3671 princeps
2449 3597 2608 3669 hujus
2651 3598 2835 3652 numdi
2868 3597 3108 3666 ejicietur
3139 3597 3294 3667 foras
3327 3598 3508 3669 (Joan.
3545 3614 3649 3665 ΧΠ,
3676 3598 3798 3670 31).

2175 3687 2281 3756 Qui
2295 3688 2436 3744 miro
2447 3695 2702 3760 rectoque
2711 3686 2930 3759 judicio
2946 3686 3077 3741 dum
3096 3685 3469 3744 confessiones
3482 3686 3800 3744 humilium

2175 3779 2498 3835 illuminans
2543 3779 2805 3850 suscepit,
2867 3777 3229 3850 superborum
3289 3778 3478 3834 oculos
3534 3777 3802 3837 deserens

2173 3868 2390 3926 clausit.
2437 3867 2593 3923 Unde
2641 3867 2691 3923 ei
2735 3883 2831 3938 per
2879 3868 3229 3923 Psalmistam
3269 3865 3477 3924 dicitur
3507 3884 3518 3922 :
3554 3868 3801 3925 Posuisti

2175 3961 2430 4027 tenebras,
2469 3963 2516 4012 et
2528 3957 2674 4027 facta
2693 3964 2768 4012 est
2785 3974 2918 4023 ηοω,
2955 3957 3012 4011 in
3043 3958 3157 4029 ipsa
3181 3957 3588 4028 pertransibunt
3613 3975 3802 4016 omnes

2175 4049 2346 4104 bestia:
2366 4049 2666 4114 silvarum;
2695 4049 2860 4104 catuli
2883 4049 3089 4103 leonum
3111 4049 3372 4120 rugientes
3397 4054 3457 4103 ut
3472 4049 3715 4120 rapiant,
3750 4059 3804 4108 et

2174 4144 2417 4210 quierant
2442 4157 2477 4194 a
2506 4139 2615 4195 Deo
2642 4156 2809 4193 escam
2839 4138 2941 4192 sibi
2971 4139 3153 4206 (Psal.
3187 4154 3310 4203 cm,
3341 4136 3432 4205 20,
3469 4137 3586 4210 21).
3619 4139 3798 4196 Tene-

2173 4227 2300 4284 bras
2339 4229 2540 4301 quippe
2587 4229 2858 4284 Dominus
2901 4229 3079 4300 ponit,
3125 4244 3253 4284 cum
3303 4227 3538 4299 peccatis
3574 4226 3800 4299 judicia

2175 4318 2497 4390 rependens,
2544 4319 2731 4375 lumen
2779 4335 2892 4374 sua
2933 4317 3316 4390 intelligentia
3364 4317 3665 4375 subtrahit.
3717 4321 3798 4377 Et

2175 4425 2287 4466 nox
2319 4409 2577 4477 efﬁcitur,
2625 4410 2754 4482 quia
2785 4425 3084 4482 pravorum
3117 4424 3271 4463 mens
3316 4407 3646 4479 ignorantia
3679 4426 3801 4466 sua

2173 4499 2452 4556 erroribus
2496 4508 2756 4556 cacatur.
2804 4498 2862 4554 in
2894 4515 3002 4572 qua
3031 4514 3226 4554 omnes
3257 4497 3446 4554 bestia
3478 4497 3636 4554 silva
3672 4515 3797 4571 per-

2172 4597 2476 4658 transeunt,
2508 4587 2638 4644 dum
2673 4589 2900 4660 maligni
2931 4588 3161 4659 spiritus
3189 4587 3292 4643 sub
3322 4587 3596 4658 opacitate
3641 4587 3796 4644 frau-

2173 4676 2259 4732 dis
2307 4678 2534 4734 latentes
2574 4678 2630 4732 in
2681 4679 3043 4749 reproborum
3091 4675 3260 4734 corda
3311 4677 3617 4748 pravitates
3663 4693 3794 4734 suas

2172 4769 2444 4844 explendo
2477 4779 2826 4842 percurrunt.
2863 4772 2924 4828 In
2968 4787 3076 4845 qua
3123 4778 3178 4826 et
3223 4772 3394 4828 catuli
3429 4771 3654 4828 leonum
3687 4789 3796 4828 ru-

2172 4860 2348 4931 giunt,
2386 4859 2516 4932 quia
2543 4860 3011 4933 nequissimarum
3055 4860 3149 4916 sed
3193 4867 3377 4915 tamen
3417 4860 3788 4916 eminentium

2170 4956 2500 5020 potestatum
2517 4949 2757 5006 ministri
2774 4949 3004 5022 spiritus
3021 4949 3358 5022 importunis
3376 4949 3789 5006 tentationibus

2171 5038 2483 5112 insurgunt.
2525 5039 2631 5108 Qui
2679 5049 2862 5096 tamen
2892 5057 2924 5096 a
2952 5041 3068 5095 Deo
3101 5055 3284 5096 escam
3332 5046 3621 5111 expetunt,
3659 5039 3790 5112 quia

2167 5129 2436 5187 nimirum
2460 5146 2652 5202 capere
2678 5130 2890 5186 animas
2919 5139 3219 5204 nequeunt,
3263 5129 3374 5186 nisi
3399 5128 3554 5202 justo
3568 5128 3788 5200 judicio

2173 5289 2357 5372 locum
2383 5289 2485 5346 Job
2513 5290 2812 5362 explanans
2845 5307 2856 5346 :
2886 5291 2979 5362 qui
3000 5291 3256 5364 praecepit
3282 5291 3396 5347 nivi
3427 5297 3487 5346 ut
3513 5291 3793 5347 descendat

2175 5379 2233 5417 ἠ
2246 5369 2600 5491 ξεῖὄιῗιῗῖιάίωι·
2623 5441 2741 5506 Post
2768 5435 3128 5506 Redemptoris
3155 5435 3278 5492 adv'
3311 5435 3368 5490 in
3401 5433 3642 5492 vmdoc'

2247 5506 2268 5543 ⁶
2295 5505 2542 5576 Ebroic.,
2587 5505 2845 5577 Vindoc.,
2894 5505 3022 5576 etc.,
3077 5514 3124 5563 et
3162 5509 3219 5563 in
3264 5513 3423 5565 antro
3472 5523 3570 5562 suo
3609 5507 3783 5562 demo-

2173 5582 2355 5632 ratur.

2246 5649 2267 5720 7
2301 5646 2562 5720 Yindoc.,
2591 5667 2695 5720 quo
2715 5667 2918 5707 nocere.

2247 5719 2519 5800 ’.Ρι-ιιιεει.ξ
2552 5719 2718 5800 Ut_ic._,
2751 5722 2994 5800 Ebroic.,
3027 5723 3196 5800 multa
3223 5727 3271 5800 et
3296 5721 3601 5800 electorum,
3627 5720 3782 5794 quod

2172 5791 2434 5865 majorem
2466 5792 2582 5854 vim
2612 5792 2813 5863 habet;
2859 5793 2934 5852 ibi
2966 5793 3114 5851 enim
3142 5800 3191 5850 et
3218 5791 3492 5867 signiﬁcat
3521 5791 3712 5855 etiam.
