3920 6396
161 373 250 432 429

168 594 301 667 gitur
324 613 336 650 :
372 597 546 653 Ortus
574 606 651 655 est
675 603 777 667 sol,
807 610 857 659 et
871 610 1168 680 congregati
1196 620 1340 680 sunt,
1360 622 1406 670 et
1423 594 1480 672 in
1506 594 1766 678 cubilibus

169 685 271 739 suis
297 701 350 739 se
377 687 771 746 collocaverunt
820 692 992 763 (Psal.
1027 714 1142 768 cur,
1184 701 1299 774 20).
1334 705 1475 772 Quia
1515 711 1764 769 veritatis

168 775 368 830 lumine
398 792 499 848 per
532 796 749 836 carnem
784 795 1098 856 apparente,
1132 806 1164 844 a
1192 790 1441 851 fidelium
1482 802 1763 859 mentibus

164 865 390 932 excussi,
424 868 582 938 quasi
613 868 681 925 ad
705 870 914 929 cubilia
943 891 1040 930 sua
1070 880 1275 936 reversi
1305 893 1453 953 sunt,
1485 886 1617 943 dum
1637 892 1755 947 sola

165 953 465 1011 inﬁdelium
505 957 675 1014 corda
721 966 1035 1021 tenuerunt.
1069 971 1215 1032 877
1245 970 1403 1038 Quod
1442 975 1615 1049 igitur
1642 978 1762 1039 illic

163 1051 371 1108 leonum
405 1053 614 1123 cubile,
639 1055 734 1114 hic
761 1067 983 1117 antrum
1009 1063 1196 1122 bestiae
1225 1067 1449 1126 dicitur.

219 1222 304 1280 50.
346 1224 627 1282 Bonorum
647 1236 837 1297 mentes
858 1232 1101 1290 diabolus
1121 1238 1415 1307 aliquando
1438 1242 1753 1313 ingreditur,

156 1314 235 1367 sed
261 1313 318 1367 in
346 1315 424 1369 eis
452 1332 564 1371 non
583 1324 1245 1382 moratur.—Notandum
1270 1344 1400 1385 vero
1430 1348 1756 1405 magnopere

154 1402 352 1459 aestimo
397 1406 552 1478 quod
596 1408 771 1465 bestia
814 1410 931 1469 haec
971 1431 1082 1470 non
1125 1417 1303 1472 solum
1343 1428 1561 1477 antrum
1592 1439 1753 1478 suum

154 1494 379 1566 ingredi,
399 1497 501 1553 sed
520 1499 577 1554 iu
595 1516 660 1555 eo
672 1502 837 1557 etiam
855 1506 1057 1561 morari
1074 1507 1416 1578 perhibetur.
1437 1513 1754 1587 Aliquando

151 1601 373 1657 namque
398 1588 413 1621 ί
458 1589 631 1647 etiam
653 1589 927 1649 bonorum
960 1604 1172 1653 mentes
1202 1598 1532 1671 ingreditur,
1557 1604 1754 1663 illicita

149 1675 397 1745 suggerit,
432 1679 843 1737 tentationibus
872 1681 1086 1756 fatigat,
1112 1689 1502 1746 rectitudinem
1525 1693 1752 1765 spiritus

147 1762 208 1817 ad
236 1762 665 1823 delectationem
695 1772 878 1828 carnis
907 1772 1195 1832 deﬂectere
1223 1786 1473 1849 conatur,
1503 1762 1751 1841 delecta-

148 1851 337 1909 tionem
372 1872 603 1931 quoque
632 1861 701 1917 ad
720 1878 1051 1920 consensum
1086 1852 1383 1938 perducere
1412 1871 1631 1942 nititur,
1655 1875 1749 1931 sed

147 1948 309 1998 tamen
339 1945 642 2004 resistente
683 1966 921 2023 superno
961 1952 1238 2025 adjutorio
1284 1960 1580 2029 praevalere
1610 1979 1747 2033 pro-

145 2032 367 2092 hibetur.
401 2037 624 2096 Intrare
654 2058 782 2113 ergo
813 2042 871 2099 in
900 2056 1110 2103 mentes
1140 2047 1411 2106 bonorum
1436 2032 1633 2124 potest,
1651 2053 1744 2110 sed

143 2122 191 2179 in
210 2125 283 2181 eis
311 2128 528 2184 morari
558 2145 669 2187 non
701 2138 898 2204 potest,
933 2137 1063 2208 quia
1090 2153 1186 2193 cor
1206 2137 1344 2210 justi
1361 2122 1527 2213 hujus
1555 2142 1743 2200 bestiae

142 2221 342 2271 antrum
372 2233 493 2274 non
531 2229 631 2277 est.
655 2220 803 2289 Quos
833 2224 981 2280 enim
1013 2228 1168 2299 quasi
1198 2231 1484 2302 proprium
1521 2238 1741 2287 antrum

139 2305 382 2376 possidet,
417 2325 619 2367 eorum
655 2320 865 2369 mentes
889 2317 1079 2387 procul
1119 2317 1290 2375 dubio
1320 2320 1621 2380 immorans
1650 2332 1744 2379 te-

140 2403 238 2464 net,
268 2399 401 2471 quia
427 2408 486 2457 et
522 2400 678 2472 prius
717 2401 773 2457 in
806 2404 885 2460 eis
922 2405 1283 2477 cogitationes
1322 2428 1495 2485 usque
1525 2415 1593 2470 ad
1626 2415 1744 2470 ini-

138 2500 232 2557 qua
256 2486 539 2544 desideria
581 2497 636 2545 et
664 2500 786 2563 post
814 2493 1006 2566 iniqua
1035 2495 1307 2555 desideria
1336 2517 1508 2574 usque
1538 2502 1606 2559 ad
1636 2520 1743 2558 ue-

139 2574 393 2646 quissima
423 2593 599 2650 opera
614 2580 886 2651 perducit.
905 2584 1092 2656 Neque
1113 2587 1261 2642 enim
1283 2589 1506 2647 student
1520 2592 1741 2664 reprobi

143 2664 513 2735 suggestiones
543 2665 660 2738 ejus
692 2677 836 2725 recta
862 2670 1062 2742 judicii
1088 2691 1257 2733 manu
1286 2680 1568 2750 repellere,
1596 2682 1617 2715 ²
1646 2699 1739 2739 cu-

134 2748 213 2821 jus
240 2753 637 2813 voluntatibus
678 2768 943 2831 appetunt
980 2763 1202 2821 subdita
1230 2748 1593 2824 delectatione
1620 2787 1738 2825 ser-

139 2840 258 2898 vire.
281 2842 418 2899 Cum
427 2860 544 2916 que
564 2846 623 2901 in
641 2863 833 2904 eorum
849 2850 1110 2909 cordibus
1132 2871 1364 2926 pravum
1382 2859 1517 2930 quid
1539 2859 1736 2928 oritur,

139 2946 249 2987 mox
276 2949 371 3005 per
385 2934 647 2991 studium
670 2936 1052 2999 delectationis
1068 2946 1377 3015 enutritur;
1411 2957 1463 3004 et
1483 2966 1609 3005 cum
1631 2950 1737 3007 sibi

138 3019 344 3078 minime
374 3023 685 3095 resistitur,
717 3029 972 3098 protinus
1013 3048 1082 3087 ex
1124 3050 1394 3091 consensu
1423 3038 1732 3109 roboratur,

136 3112 417 3185 statimque
448 3130 758 3172 consensus
788 3119 855 3174 ad
886 3136 1023 3193 Opus
1054 3123 1398 3194 perducitur,
1438 3144 1573 3200 opus
1603 3146 1735 3186 vero

134 3200 275 3256 etiam
308 3204 720 3263 consuetudine
769 3218 1046 3280 gravatur.
1097 3213 1263 3271 Recte
1309 3231 1436 3287 ergo
1471 3217 1527 3273 in
1575 3227 1733 3273 antro

855 385 1224 449 MOIIALIUM
1270 395 1403 454 LIB.
1442 398 1675 461 XXVII.
1717 436 1787 449 —
1824 406 1896 466 IN
1933 412 2161 473 CAPUT
2200 422 2468 483 XXXVII
2510 430 2569 485 Β.
2613 433 2761 491 JOB.

158 504 445 575 praevalere
465 503 754 566 divinitus
778 515 1182 583 permittantur.
1200 520 1305 577 Ubi
1327 531 1382 578 et
1401 534 1523 597 apte
1543 529 1771 601 subjun-

3373 451 3477 527 ise

1798 537 1851 597 Α
1883 535 2211 614 insanirent,
2236 556 2371 619 quot
2389 553 2610 622 explere
2629 565 2822 614 contra
2836 560 2995 619 illum
3017 583 3185 638 prava
3199 573 3474 632 desideria

1876 633 2131 692 ardenter
2146 638 2371 705 vellent,
2389 641 2483 697 sed
2514 649 2695 701 tamen
2716 653 2979 722 populum
3000 633 3259 719 timerent
3278 666 3465 736 (Joan.

1876 738 1955 791 χι,
1986 723 2077 792 liii,
2107 725 2199 797 49)
2223 744 2235 793 ;
2258 736 2391 800 quot
2417 733 2731 791 occasiones
2758 739 3046 799 occidendi
3067 723 3398 821 quaererent,
3416 723 3473 811 et

1876 813 2128 871 invenire
2170 834 2284 873 non
2326 830 2547 892 possent
2582 824 2794 896 (Matth.
2824 846 2984 901 xxvr,
3031 813 3204 908 3L5);
3238 813 3472 913 quot'ad

1874 910 2065 959 votum
2087 923 2198 963 suae
2218 910 2444 966 saevitiae
2464 913 2897 987 alienigenarum
2928 925 3183 983 manibus
3215 910 3299 986 usi
3319 945 3468 1003 sunt,

1873 994 2003 1065 quia
2049 1010 2175 1051 eum
2207 1013 2371 1069 quem
2402 998 2649 1068 legaliter
2677 1005 2995 1067 interimere
3036 1013 3141 1085 ipsi
3178 1033 3292 1073 non
3324 1029 3471 1091 pote-

1871 1091 1996 1139 rant
2014 1083 2324 1144 ferieudum
2351 1091 2606 1161 gentibus
2636 1096 3003 1170 tradiderunt,
3038 1083 3097 1159 ut
3125 1122 3195 1162 ex
3232 1083 3349 1164 sola
3379 1127 3472 1182 pc-

1870 1180 2065 1230 testate
2094 1176 2373 1234 Romanus
2402 1196 2601 1251 praeses
2630 1195 2812 1258 ageret
2841 1190 2989 1262 quod
3017 1208 3087 1249 ex
3116 1196 3232 1251 sola
3256 1176 3469 1255 malitia

1869 1270 1932 1318 ut
1959 1264 2046 1335 agi
2092 1264 2373 1360 debuisset
2404 1270 2509 1343 ipsi
2548 1274 2871 1335 anhelarent
2902 1278 3084 1352 (Joan.
3142 1301 3305 1355 xvm,
3347 1289 3465 1360 28).

1868 1352 2024 1411 Unde
2053 1363 2107 1411 et
2139 1365 2263 1429 apte
2293 1358 2649 1434 subjungitur
2680 1384 2693 1423 :

2203 1474 2432 1531 CAPUT
2462 1479 2673 1538 XXVII
2705 1483 2847 1558 [Rea
2885 1488 3124 1566 XVIII].

1937 1560 2107 1617 Vens.
2152 1563 2205 1619 9.
2238 1594 2309 1606 —
2338 1566 2420 1621 Ab
2466 1568 2810 1629 interioribus
2837 1560 3133 1647 egredietur
3165 1588 3459 1657 tempestas,

1862 1655 1910 1703 et
1935 1650 2000 1705 ab
2029 1651 2260 1707 Arcturo
2289 1654 2481 1727 [νίψω.

1930 1740 1993 1795 51
2009 1743 2277 1799 .Christus
2296 1763 2331 1800 a
2350 1746 2551 1803 Judceis
2570 1757 2617 1804 et
2634 1755 2913 1821 gentilibus
2916 1762 3329 1828 persecutionem
3336 1781 3457 1836 pas-

1861 1853 1968 1892 sus.
2009 1869 2080 1880 —
2109 1840 2391 1914 Scriptura
2421 1860 2572 1901 sacra
2615 1864 2743 1904 cum
2773 1861 2963 1909 contra
2996 1857 3291 1915 Arcturum
3323 1861 3460 1917 inte-

1780 1932 1826 1993 Β
1862 1925 2009 1983 riora
2038 1940 2325 2000 memorat,
2358 1932 2632 1991 diversam
2664 1938 2957 2010 Aquilonis
2986 1945 3235 2015 partibus
3268 1949 3457 2005 Austri

1856 2016 2069 2089 plagam
2100 2019 2368 2091 designat.
2399 2021 2553 2079 Unde
2574 2024 2632 2079 in
2655 2024 2759 2083 hoc
2782 2028 2971 2086 eodem
2997 2032 3138 2089 libro
3154 2036 3416 2094 scribitur
3440 2056 3451 2093 :

1857 2106 1961 2174 Qui
2002 2106 2135 2177 facit
2181 2109 2496 2181 Arcturum,
2545 2120 2595 2169 et
2646 2115 2895 2187 Orionas,
2931 2125 2978 2175 et
3017 2122 3281 2181 interiora
3311 2130 3455 2191 878

1852 2203 2045 2260 Austri
2070 2207 2197 2277 (Job
2227 2224 2310 2275 rx,
2340 2210 2420 2281 9).
2453 2212 2593 2280 Quia
2638 2214 2808 2286 igitur
2836 2217 3096 2275 interiora
3142 2223 3330 2279 Austri
3372 2225 3452 2280 sol

1852 2291 2155 2351 ferventior
2185 2304 2353 2366 teuet,
2394 2300 2417 2334 ⁴
2452 2298 2510 2355 in
2557 2301 2797 2361 Arcturo
2825 2321 2957 2363 vero
3011 2324 3232 2366 cursum
3262 2313 3455 2369 omni—

1852 2382 2018 2438 modo
2046 2400 2157 2440 non
2189 2385 2375 2455 habet,
2406 2387 2733 2447 interiorum
2765 2395 2991 2450 nomine
3016 2397 3173 2468 plebs
3200 2399 3448 2470 Iudaica,

1852 2472 2075 2530 Arcturi
2106 2483 2287 2532 autem
2318 2477 2591 2535 vocabulo
2618 2479 2724 2538 hoc
2750 2482 2809 2538 in
2836 2483 2958 2541 loco
2974 2488 3212 2558 populus
3230 2492 3453 2561 gentilis

1849 2562 2200 2634 exprimitur.
2260 2566 2331 2621 Hi
2375 2568 2525 2623 enim
2571 2570 2665 2642 qui
2702 2587 2874 2628 unum
2916 2582 3080 2647 atque
3110 2575 3449 2637 invisibilem

1849 2651 2024 2707 Deum
2068 2663 2358 2725 noverant,
2401 2655 2755 2734 ejusdemque
2783 2662 2887 2735 legi
2921 2667 3113 2721 saltem
3157 2670 3452 2727 carnaliter

1851 2742 2184 2812 serviebant,
2231 2746 2386 2818 quasi
2436 2747 2539 2803 sub
2570 2751 2879 2809 meridiano
2925 2755 3039 2811 sole
3078 2756 3355 2815 ferventes
3389 2762 3447 2817 in

1849 2827 1979 2884 ﬁdei
2008 2832 2189 2887 calore
2216 2833 2562 2892 tenebantur.
2596 2838 2841 2897 Gentiles
2869 2850 3053 2899 autem
3075 2846 3205 2918 quia
3235 2849 3446 2906 nullam

1848 2919 2136 2975 scientiam
2167 2937 2417 2993 superna;
2447 2927 2786 2996 cognitionis
2811 2932 3123 3003 attigerant,
3146 2936 3299 2992 velut
3328 2939 3447 2995 sine

1846 3010 1959 3065 sole
1997 3008 2185 3081 frigidi
2232 3010 2334 3066 sub
2382 3015 2658 3085 Aquilone
2708 3020 3084 3078 remanebant.
3135 3024 3273 3091 Quia
3316 3042 3446 3084 vero

1844 3106 2138 3171 tempestas
2164 3099 2421 3173 impellit,
2469 3103 2642 3175 frigus
2688 3113 2871 3163 autem
2901 3117 3123 3182 torpore
3150 3117 3441 3188 opprimit,

1842 3196 1987 3243 recte
2058 3203 2208 3246 nunc
2279 3190 2484 3247 dicitur
2542 3209 2554 3247 :
2614 3194 2695 3250 Ab
2744 3196 3088 3255 interioribus
3152 3207 3446 3275 egredietur

133 3305 218 3345 suo
231 3294 431 3349 morari
450 3294 580 3351 haec
599 3294 777 3353 bestia
792 3298 1145 3374 dicitur,qua3
1158 3303 1352 3360 tandiu
1372 3281 1731 3378 cogitationes
1761 3296 1804 3356 Ο
1845 3283 2138 3378 ίθΨΡθδίαδτ
2178 3285 2227 3378 cf
2269 3281 2335 3378 (ξὸ
2357 3282 2613 3378 4mm"?
2641 3284 2835 3356 [νίψω
2866 3289 2949 3345 Ac
2976 3290 3023 3345 Si
3069 3302 3252 3364 aperte
3284 3296 3443 3353 dice-

134 3381 477 3450 reproborum
504 3392 675 3453 tenet,
709 3403 992 3463 quousque
1011 3408 1201 3447 eorum
1225 3395 1395 3450 vitam
1419 3398 1584 3452 etiam
1605 3414 1729 3453 acu-

132 3466 205 3522 leo
243 3472 394 3541 pravi
445 3473 637 3546 operis
683 3477 942 3547 perforet.
992 3480 1147 3537 Unde
1192 3482 1331 3539 bene
1373 3484 1440 3540 ad
1485 3486 1727 3543 Iudaeam

130 3555 379 3617 Dominus
408 3577 516 3634 per
546 3563 872 3636 prophetam
903 3568 1042 3625 dicit
1075 3588 1087 3626 :
1124 3573 1403 3645 Quousque
1429 3577 1729 3632 morabun-

132 3649 208 3699 tur
231 3647 285 3701 in
313 3655 357 3705 te
408 3652 760 3722 cogitationes
793 3658 971 3712 noxia:
1014 3659 1238 3727 (Jerem.
1272 3680 1349 3731 1v,
1387 3665 1512 3736 14)?
1540 3667 1726 3739 Neque

129 3735 259 3793 enim
287 3740 653 3812 reprehendit
680 3761 780 3801 cur
810 3748 1059 3817 veniant,
1097 3750 1192 3806 sed
1213 3769 1312 3808 cur
1331 3763 1634 3811 morentur.
1654 3758 1727 3812 Et

128 3822 177 3880 in
202 3826 339 3885 bona
366 3834 524 3890 enim
554 3835 721 3892 corda
740 3838 1101 3909 cogitationes
1123 3841 1333 3900 illicita
1354 3845 1605 3915 veniunt,
1629 3848 1723 3903 sed

128 3920 293 3973 tamen
312 3923 523 3978 morari
542 3923 928 3997 prohibentur,
949 3929 1080 4001 quia
1095 3931 1229 3987 recti
1246 3933 1450 4005 quique
1469 3950 1537 3989 ne
1554 3936 1722 4007 capti-

127 4004 343 4064 vandam
373 4010 610 4068 domum
650 4016 1003 4072 conscientiae
1024 4004 1320 4090 praebeant,
1359 4004 1427 4077 ab
1458 4022 1576 4094 ipso
1605 4041 1721 4080 cor-

126 4090 199 4149 dis
215 4096 400 4157 limine
416 4102 639 4160 hostem
670 4105 883 4178 fugant.
909 4108 1015 4175 Qui
1036 4118 1091 4165 et
1110 4111 1154 4165 si
1177 4112 1396 4184 quando
1419 4090 1720 4186 repentinis

127 4189 560 4256 suggestionibus
596 4209 771 4267 usque
803 4195 872 4251 ad
902 4197 1143 4269 primum
1175 4200 1512 4258 vestibulum
1542 4204 1717 4261 subri-

128 4277 309 4346 puerit,
352 4282 419 4338 ad
468 4299 776 4341 consensus
812 4293 999 4342 tamen
1030 4287 1259 4360 januam
1291 4307 1403 4347 non
1431 4293 1713 4367 pertingit.

127 4360 253 4421 Huic
296 4369 569 4427 nimirum
617 4372 827 4444 bestiae,
877 4376 1123 4449 impulsu
1160 4378 1356 4436 subita:
1399 4380 1715 4439 formidinis

126 4451 310 4525 victus,
349 4457 580 4529 januam
629 4463 812 4519 cordis
842 4465 1034 4523 Petrus
1062 4469 1311 4539 negando
1353 4471 1585 4542 aperuit,
1618 4473 1713 4529 sed

122 4540 273 4601 citius
319 4551 702 4620 cognoscendo
750 4556 976 4624 restitit,
1016 4555 1199 4612 ﬂendo
1246 4540 1445 4615 clausit
1494 4560 1707 4632 (Matth.

1842 3376 1995 3425 retur
2048 3386 2060 3424 :
2107 3374 2155 3426 A
2196 3372 2399 3428 Iudaeis
2440 3375 2615 3446 surgit
2662 3378 2875 3434 malitia
2903 3396 3253 3456 persequens,
3312 3394 3366 3444 et
3412 3406 3444 3445 a

1842 3458 2139 3530 gentilibus
2173 3469 2412 3532 potestas
2441 3481 2713 3536 premens.
2745 3469 2931 3542 Neque
2978 3474 3124 3530 enim
3177 3477 3442 3535 miracula

1840 3547 1959 3603 ﬁeri
1992 3549 2126 3621 legis
2154 3561 2422 3625 praecepta
2451 3562 2761 3627 vetuerant,
2792 3566 2845 3614 et
2888 3567 3070 3618 tamen
3118 3565 3293 3623 Judaei
3340 3583 3439 3639 pro

1838 3639 2044 3696 eisdem
2098 3642 2381 3701 miraculis
2437 3646 2751 3705 interimere
2789 3648 3020 3708 humani
3064 3659 3278 3727 generis
3324 3660 3438 3716 Re-

1838 3730 2179 3803 demptorem
2211 3734 2528 3807 quaerebant
2559 3736 2740 3809 (Joan.
2771 3755 2853 3809 x1,
2884 3741 3002 3815 48).
3036 3744 3191 3802 Unde
3214 3750 3436 3820 explere

1836 3820 1942 3877 hoc
1957 3823 2105 3895 quod
2125 3826 2402 3896 coeperant
2428 3842 2541 3883 non
2561 3829 2827 3901 valentes,
2848 3832 2917 3888 ad
2937 3834 3101 3893 Pilati
3115 3839 3433 3909 praetorium

1835 3921 2251 3981 concurrerunt,
2286 3923 2348 3970 ut
2375 3916 2490 3987 ipse
2538 3916 2689 3973 hunc
2717 3920 3011 3990 perimeret
3038 3942 3201 3997 quem
3230 3927 3433 3999 injuste

1834 4003 1856 4037 ⁸
1886 4002 2255 4073 perimentum
2284 4004 2376 4060 lex
2405 4007 2560 4062 nulla
2581 4007 2865 4065 cohiberet
2896 4011 3077 4082 (Joan.
3106 4032 3271 4085 xvm,
3311 4019 3426 4090 28).

1832 4093 1919 4149 Ab
1940 4095 2432 4169 interioribusergo
2461 4104 2754 4171 tempestas
2781 4108 2943 4174 atque
2979 4103 3048 4160 ab
3077 4108 3428 4183 Arcturo‘fri-

1832 4198 1931 4254 gus
1950 4184 2178 4255 prodiit,
2208 4184 2340 4240 dum
2372 4186 2520 4259 quod
2547 4187 2735 4244 Judzea
2767 4205 2836 4246 ex
2865 4191 3083 4250 invidia
3110 4197 3291 4268 petiit,
3324 4199 3430 4258 hoc

1830 4275 2049 4346 gentilis
2070 4273 2245 4346 judex
2290 4292 2359 4331 ex
2407 4277 2651 4335 Romana
2691 4282 3014 4340 auctoritate
3070 4290 3424 4359 perpetravit.

1828 4364 1984 4421 Unde
2023 4364 2162 4421 bene
2203 4371 2397 4423 contra
2426 4365 2570 4424 hanc
2624 4369 2873 4427 eamdem
2920 4360 3194 4433 invidiam
3245 4380 3427 4436 adhuc

1824 4454 2082 4511 subditur
2128 4472 2139 4509 :

2181 4562 2409 4621 CAPUT
2437 4563 2675 4624 xxvm
2706 4566 2846 4641 [νει.
2889 4570 3066 4647 XXI].

121 4643 262 4701 xxvr,
284 4635 396 4709 70).
426 4637 568 4713 [Vet.
592 4640 741 4715 XX]
766 4642 907 4709 Quia
934 4661 1063 4699 vero
1093 4646 1359 4719 antiquus
1388 4646 1567 4705 hostis
1587 4665 1704 4720 per-
1733 4665 1783 4726 D
1884 4653 2055 4713 Vsus.
2096 4653 2179 4710 10.
2214 4685 2284 4696 -
2313 4655 2503 4710 Flaute
2532 4656 2641 4711 Deo
2669 4635 2953 4715 concrescit
2977 4635 3114 4733 gelu.

119 4731 411 4782 secutorum
449 4729 619 4786 corda
661 4747 773 4787 non
820 4733 1000 4789 solum
1047 4734 1310 4790 intrando
1356 4737 1558 4806 tenuit,
1607 4739 1701 4795 sed

119 4810 266 4868 etiam
313 4817 550 4875 tenendo
580 4820 843 4893 possedit,
875 4823 1091 4881 dicatur
1133 4835 1278 4883 recte
1312 4846 1324 4884 :
1370 4828 1705 4900 Ingredietu-r

121 4897 264 4957 bestia
285 4905 565 4965 latibulum
584 4920 813 4979 suum,et
832 4915 888 4969 in
907 4921 1066 4971 antro
1084 4897 1700 4987 suo'morabiturQuau-

118 4993 221 5047 tum
250 5009 480 5071 namque
500 5001 522 5035 ³
554 5000 611 5056 iu
641 5002 957 5061 Iudaeorum
1001 5005 1280 5063 mentibus
1319 5006 1601 5065 demorata
1626 5010 1701 5068 sit

116 5078 383 5158 discimus,
413 5109 539 5149 cum
573 5093 799 5153 illorum
828 5098 1063 5155 consilia
1091 5101 1442 5158 attestatioue
1471 5118 1699 5176 evange-

116 5169 223 5229 licae
241 5182 566 5242 narrationis
585 5186 863 5247 audimus.
891 5192 952 5247 In
975 5191 1072 5247 illa
1090 5208 1328 5265 namque
1344 5192 1693 5263 describitur,

114 5274 225 5318 cum
253 5265 667 5345 Redemptorem
698 5288 950 5337 nostrum
987 5281 1272 5339 viviﬁcare
1302 5270 1551 5340 mortuos
1579 5301 1692 5341 cer-

1883 4743 1972 4799 52.
2032 4743 2342 4798 Iudaeorum
2395 4744 2559 4800 corda
2602 4745 2821 4804 invidiae
2861 4750 2979 4820 gelu
3030 4753 3415 4814 obduruerant.

1812 4863 1883 4875 —
1912 4832 2052 4900 Quia
2077 4849 2185 4906 quo
2214 4832 2464 4890 ﬁdelium
2484 4834 2743 4892 cordibus
2762 4836 3001 4909 Spiritus
3022 4851 3245 4901 sanctus
3272 4848 3414 4917 aspi-

1811 4923 1974 4991 ravit,
2009 4939 2118 4996 quo
2152 4922 2359 4994 majora
2386 4923 2660 4980 virtutum
2707 4925 2974 4984 miracula
3010 4932 3265 5001 contulit,
3299 4935 3321 4969 ⁸
3350 4949 3414 4990 eo

1812 5011 1870 5067 in
1901 5010 2212 5069 inﬁdelium
2260 5013 2542 5071 mentibus
2572 5015 2925 5087 gravioribus
2965 5017 3193 5076 invidiae
3221 5028 3413 5095 torpor

1809 5101 2077 5167 excrevit,
2108 5108 2270 5174 atque
2315 5102 2442 5158 inde
2497 5112 2691 5161 contra
2746 5107 2920 5161 Deum
2972 5107 3126 5178 plebs
3165 5107 3409 5166 inﬁdelis

1808 5190 2091 5260 obduruit,
2114 5191 2262 5248 unde
2282 5191 2511 5250 humilis
2528 5195 2763 5266 populus
2791 5202 3095 5252 anteactam
3118 5196 3403 5269 duritiam,

1806 5298 1913 5355 qua
1940 5300 1997 5340 se
2024 5284 2355 5340 astrinxerat
2374 5286 2665 5343 emollivit.
2697 5286 2811 5342 Deo
2824 5285 2973 5342 enim
3000 5285 3168 5346 ﬂante
3191 5290 3250 5347 iu
3281 5293 3405 5364 gelu

114 5363 306 5424 "mm,
335 5358 391 5415 in
424 5374 655 5424 mortem
686 5365 804 5441 ejus
826 5378 1032 5444 quanta
1050 5370 1329 5429 anxietate
1349 5372 1691 5431 crudelitatis
1798 5373 1944 5430 versi
1973 5373 2213 5445 fuerant,
2245 5374 2339 5447 qui
2371 5375 2506 5433 visis
2545 5375 2827 5433 miraculis
2872 5375 3190 5438 invidentes
3238 5381 3401 5439 dice-

176 5610 469 5695 :Xiudoc._,
500 5621 722 5695 Ebroic.
756 5632 812 5680 et
837 5626 954 5695 alii,
985 5628 1143 5685 etiam
1172 5630 1468 5686 electorum.

176 5681 306 5775 "ASic
344 5681 858 5775 laudati_qodic‘es;_
904 5681 965 5775 et
1501 5718 1682 5775 sensu.

221 5715 306 5742 mc
346 5715 551 5749 iauuau
594 5715 853 5763 uouices;
904 5715 959 5755 et
1073 5715 1216 5756 luem
1251 5715 1461 5775 optimo
1501 5718 1682 5760 sensu.

114 5747 908 5843 Yfﬁr8§ntgmep__Edit:_P_aris.
944 5715 1102 5843 @318,
1133 5772 1291 5841 1495,
1325 5773 1484 5843 1518,
1516 5772 1682 5831 Basil.

114 5819 252 5915 1593,
285 5830 439 5915 ista,
470 5819 657 5915 una?
673 5819 928 5895 187⁷1.ᾟί
946 5819 1683 5915 "(illisa-ni;’eiELViiiiﬁii;

112 5906 243 5950 cuius
258 5902 628 5974 voluptatibus.

1868 5634 1889 5667 ³
1920 5629 2180 5698 Vindoc.,
2210 5629 2269 5685 in
2295 5644 2493 5697 eorum,
2522 5644 2597 5687 sc.
2629 5636 3060 5702 persecutorum.

1867 5705 1889 5739 ‘
1918 5703 2141 5770 Pratel.,
2171 5702 2227 5756 in
2255 5708 2550 5757 arcturum.

1865 5774 1885 5809 δ
1919 5776 2121 5831 Recent
2148 5816 2163 5840 ,
2187 5773 2464 5845 perimere,
2495 5774 2953 5831 mutatalectione
2978 5784 3095 5832 tum
3118 5778 3247 5835 Mss.
3268 5786 3385 5835 tum

1795 5853 2041 5902 veterum
2073 5861 2423 5902 excusorum.

1868 5920 1890 5953 ⁸
1918 5917 2192 5973 Particula
2220 5917 2277 5971 in
2306 5916 2456 5971 deest
2478 5917 2531 5972 in
2557 5917 2811 5986 Exeusis,
2831 5934 2941 5974 non
2975 5926 3154 5974 autem
3175 5918 3227 5973 in
3250 5919 3377 5973 Mss.
