3920 6374
473 373 573 431 431

1690 366 1770 420 SA
1780 363 1944 420 NCTI
1987 361 2327 419 GREGORII
2364 360 2593 417 MAGNI

3702 350 3805 408 132

473 501 608 557 bant
639 499 808 556 :Ecce
836 501 974 554 totus
1002 493 1233 550 mundus
1265 494 1422 566 ‘post
1449 509 1566 549 eum
1592 492 1723 548 abiit
1747 493 1928 565 (Joan.
1959 507 2064 558 xu,
2094 495 2143 553 Α
2171 507 2320 545 reum
2350 507 2524 557 suum,
2552 489 2738 560 paleas
2776 491 2953 541 autem
2992 483 3258 538 comburet
3287 482 3395 552 igni
3433 480 3809 550 iuerstingui-

477 589 589 664 19).
623 585 1050 661 Couspiciebant
1095 584 1270 658 signa,
1323 583 1622 642 cernebant
1654 599 1748 656 per
1793 580 2078 638 ministros

475 677 594 752 ejus
621 677 908 744 miracula,
943 682 1122 734 totum
1149 673 1265 746 jam
1306 673 1574 730 mundum
1605 679 1923 730 secuturum
1950 669 2077 726 ﬁdei

474 766 899 842 praedicamenta
926 763 1339 838 prmvidebant;
1387 769 1441 819 et
1478 770 1660 818 tamen
1709 778 1821 834 quo
1861 769 2081 818 sanctus

475 857 717 931 Spiritus
762 855 1034 914 mundum
1076 855 1384 927 repleverat
1427 852 1666 924 (Sapnr,
1715 853 1793 924 7),
1825 868 1890 908 eo
1945 851 2082 908 illo-

477 963 601 1004 rum
631 953 842 1004 mentes
881 945 1092 1002 arctius
1144 942 1376 1000 invidiai
1424 940 1641 997 malitia
1668 939 1890 1013 ligabat.
1924 945 2084 1014 Aqua

475 1053 605 1109 ergo
655 1035 715 1092 in
749 1035 875 1108 gelu
924 1049 1084 1091 versa
1126 1033 1308 1090 fuerat
1333 1029 1488 1099 dum,
1521 1037 1686 1088 eunte
1743 1037 1867 1104 post
1906 1031 2082 1088 Deum

477 1123 706 1193 mundo,
747 1123 937 1182 Judaa
987 1124 1047 1180 in
1105 1119 1320 1179 invidia
1374 1120 1530 1192 pigra
1585 1121 1922 1178 remanebat.
1977 1119 2084 1177 Sed

477 1215 607 1288 quia
634 1231 884 1288 supernae
932 1212 1187 1288 potestati
1228 1210 1498 1286 suppetiit
1528 1211 1694 1268 etiam
1742 1219 1907 1268 tantae
1948 1227 2086 1268 cru-

477 1303 721 1361 delitatis
756 1302 1024 1360 duritiam
1079 1303 1292 1358 solvere
1348 1307 1512 1375 atque
1559 1299 1630 1358 ad
1682 1301 1981 1358 amandum
2029 1316 2086 1357 se

476 1395 643 1544 conslia
669 1395 982 1454 inﬁdelium
1021 1396 1252 1470 liquare,
1295 1403 1419 1470 post
1451 1395 1558 1455 hoc
1602 1396 1727 1472 gelu
1775 1413 1905 1454 mox
1945 1395 2085 1454 bene

479 1503 540 1542 su
623 1487 782 1544 itur:

479 1487 740 1544 subditur
769 1503 782 1542 :

1037 1588 1266 1647 CAPUT
1297 1587 1509 1646 XXIX.

548 1679 688 1738 lem.
712 1709 778 1722 -
807 1679 884 1736 Et
909 1694 1131 1735 rursum
1162 1679 1434 1736 latissima:
1450 1677 1755 1749 funduntur
1773 1694 1948 1750 aqua.

549 1770 639 1827 53.
675 1769 1037 1838 Quorumdam
1059 1776 1239 1841 postea
1267 1770 1522 1838 emollita,
1555 1777 1602 1826 et
1651 1769 1709 1825 in
1734 1769 1976 1842 pluviam
2021 1765 2081 1821 li-

2187 580 2284 636 bili
2306 579 2519 652 (Matth.
2543 597 2630 647 ιιι,
2660 579 2774 652 12).
2807 577 2912 636 Sed
2932 577 3040 633 hoc
3060 575 3402 632 frumentum
3425 589 3722 649 quousque
3739 571 3810 629 ad

2187 670 2580 744 perfectionem
2612 671 2894 728 fructuum
2925 668 3138 737 veniat,
3178 666 3411 723 nubium
3441 665 3664 738 pluvias
3692 680 3810 720 ex-

2189 769 2398 835 spectat
2425 769 2488 818 ut
2523 768 2750 829 crescat,
2795 759 2926 834 quia
2970 757 3244 814 bonorum
3292 772 3447 812 mens
3485 753 3812 828 praedican-

2188 851 2333 906 tium
2364 850 2548 907 verbis
2577 848 2912 916 infunditur,
2941 863 3009 903 ne
3034 845 3103 902 ab
3133 845 3366 901 humore
3395 843 3686 902 charitatis
3715 842 3812 899 de-

2191 941 2522 998 sideriorum
2551 938 2858 996 carnalium
2893 937 3006 993 sole
3035 937 3289 993 siccetur.
3314 935 3431 991 Hoc
3460 933 3812 990 frumentum

2193 1050 2461 1106 supernus
2493 1032 2732 1104 agricola
2766 1031 2824 1086 in
2863 1027 3074 1086 mundo
3105 1043 3326 1100 surgere
3352 1042 3417 1083 ac
3443 1024 3623 1082 nubes
3651 1023 3817 1081 desi-

2193 1124 2382 1180 derare
2425 1128 2806 1195 conspexerat,
2858 1137 2984 1177 cum
3029 1117 3246 1175 dicebat
3295 1134 3306 1172 :
3366 1115 3553 1174 Messis
3594 1114 3814 1186 quidem

2193 1214 2384 1278 multa,
2415 1212 2652 1284 operarii
2677 1218 2854 1267 autem
2877 1208 3058 1282 pauci.
3091 1210 3286 1279 Rogata
3314 1210 3489 1261 autem
3515 1203 3816 1260 Dominum

2195 1302 2396 1368 messis,
2439 1309 2500 1357 ut
2539 1301 2716 1357 mittat
2747 1299 3023 1373 operarios
3067 1297 3126 1353 in
3166 1312 3381 1351 messem
3409 1311 3563 1348 suam
3587 1293 3813 1364 (Matth.

2195 1408 2277 1458 Ix,
2300 1393 2388 1460 37,
2413 1391 2528 1464 38).
2548 1391 2653 1460 Qui
2669 1390 2838 1463 igitur
2853 1388 2945 1445 hic
2962 1387 3325 1452 frumentum,
3341 1383 3458 1440 illic
3480 1381 3700 1450 messis,
3715 1381 3812 1454 qui

2194 1498 2328 1537 vero
2358 1481 2450 1538 hic
2478 1481 2673 1551 nubes,
2704 1480 2821 1536 illic
2849 1477 3085 1550 operarii
3115 1481 3406 1542 vocantur,
3440 1474 3570 1546 quia
3600 1470 3816 1544 praedi-

2193 1580 2404 1630 catores
2437 1571 2611 1629 sancti
2643 1579 2696 1627 et
2725 1570 2899 1626 nubes
2927 1574 3078 1636 sunt,
3106 1575 3160 1622 et
3192 1564 3427 1637 operarii
3451 1581 3465 1631 ;
3506 1563 3686 1619 nubes
3715 1561 3818 1617 vi-

2193 1663 2393 1719 delicet
2437 1679 2534 1736 per
2577 1660 2911 1727 doctrinam,
2965 1655 3200 1730 operarii
3237 1671 3332 1728 per
3374 1655 3588 1720 vitam;
3632 1651 3816 1708 nubes

2196 1755 2326 1830 quia
2363 1752 2548 1810 verbis
2595 1751 2862 1818 inﬂuunt,
2912 1745 3147 1820 operarii
3201 1746 3335 1820 quia
3372 1761 3486 1802 non
3541 1743 3813 1801 desinunt

479 1865 664 1934 quala.
690 1835 768 1902 ξ-
792 1859 926 1917 Post
939 1835 1076 1932 gen;
1090 1858 1293 1934 quippe
1313 1835 1586 1918 Dominus
1601 1835 1900 1916 latissimas
1915 1873 2085 1930 aquas
2117 1855 2165 1918 B
2192 1860 2352 1918 agere
2380 1842 2530 1917 quod
2563 1843 2890 1914 loquuntur.
2923 1837 3078 1895 Unde
3106 1843 3162 1893 et
3186 1835 3448 1893 subditur
3479 1853 3491 1892 :

476 1949 644 2019 fudit,
674 1949 805 2024 quia
831 1956 1124 2024 postquam
1153 1949 1469 2008 Iudaeorum
1518 1949 1789 2008 saevitiam
1806 1963 1988 2022 usque
2017 1945 2086 2004 ad

479 2052 712 2104 mortem
751 2045 1002 2120 pertulit,
1033 2063 1226 2105 eorum
1255 2047 1422 2107 corda
1449 2045 1704 2122 protinus
1732 2045 1801 2102 ab
1831 2043 2088 2101 inﬁdeli-

477 2137 608 2194 tatis
653 2133 862 2195 duritia
906 2137 1111 2195 amoris
1161 2138 1249 2195 sui
1295 2138 1628 2211 aspiratione
1667 2134 1986 2208 liquefecit;
2027 2141 2090 2191 ut

478 2235 636 2286 tanto
661 2236 786 2303 post
814 2229 1236 2288 desiderabilius
1263 2230 1333 2290 ad
1383 2228 1754 2288 obediendum
1784 2235 2088 2297 currerent,

482 2331 689 2397 quanto
708 2323 996 2397 praeceptis
1022 2323 1178 2382 illius
1209 2323 1365 2397 prius
1385 2321 1720 2380 obstinatius
1737 2320 2086 2378 restitissent.

485 2410 642 2472 Unde
654 2412 794 2472 bene
805 2429 901 2488 per
925 2413 1222 2490 quemdam
1238 2413 1540 2488 sapientem
1555 2411 1762 2470 dicitur
1780 2430 1792 2469 :
1815 2411 1964 2470 Sicut
1981 2411 2091 2484 gla-

483 2504 584 2560 cies
596 2504 652 2560 in
671 2505 956 2571 sereno,sic
968 2505 1298 2561 resolvantur
1307 2509 1520 2576 peccata
1533 2507 1626 2558 tua
1651 2502 1840 2575 (Eccli.
1865 2518 1952 2570 III,
1972 2500 2088 2572 17).

485 2593 574 2649 Ab
625 2591 732 2650 hoc
760 2592 953 2664 frigidi
983 2594 1222 2665 torporis
1254 2594 1379 2665 gelu
1407 2592 1550 2649 solvi
1579 2591 1851 2665 Propheta
1883 2589 2092 2648 deside-

487 2693 724 2762 raverat,
743 2699 870 2740 cum
887 2682 1138 2741 dicebat:
1167 2683 1444 2751 Converte,
1464 2683 1710 2752 Domine,
1739 2681 2092 2754 captivitatem

487 2780 751 2842 nostram,
766 2775 902 2831 sicut
921 2780 1128 2832 torrens
1138 2777 1196 2832 in
1213 2776 1418 2833 Austro
1436 2777 1611 2849 (Psal.
1635 2792 1806 2844 cxxv,
1823 2775 1882 2848 4)
1893 2775 1989 2831 .De
2005 2771 2093 2828 his

489 2863 668 2937 aquis,
701 2861 760 2919 id
787 2870 870 2922 est
897 2863 966 2921 ad
995 2866 1170 2922 Deum
1215 2865 1675 2924 concurrentibus
1704 2863 1943 2937 populis,
1974 2879 2091 2919 rur-

490 2967 612 3008 sum
651 2952 858 3010 dicitur
889 2971 900 3010 :
932 2955 1106 3014 Mittet
1149 2955 1362 3011 verbum
1399 2973 1573 3024 suum,
1604 2961 1653 3011 et
1682 2953 1982 3026 liquefaciet
2008 2970 2090 3019 ea,

490 3046 513 3080 ²
541 3042 692 3114 ﬂabit
718 3043 946 3115 spiritus
973 3043 1161 3114 ejus,et
1176 3047 1344 3117 ﬂuent
1359 3063 1513 3116 aqua
1540 3035 1714 3118 (Psal.
1731 3059 1940 3112 CXLVII,
1975 3042 2087 3116 18).

492 3143 662 3213 Aquae
689 3135 756 3192 de
785 3135 913 3208 gelu
940 3143 1196 3203 currunt,
1219 3137 1350 3209 quia
1365 3136 1614 3209 plerique
1643 3151 1712 3190 ex
1741 3134 1898 3192 duris
1917 3149 2092 3206 perse-

2759 1955 2986 2014 CAPUT
3017 1953 3226 2011 XXXI.

2269 2071 2432 2140 1311).,
2463 2069 2516 2128 6.
2549 2099 2620 2112 -—
2647 2069 2721 2126 Et
2747 2069 2905 2124 nubes
2934 2071 3192 2140 spargunt
3223 2065 3397 2120 lumen
3425 2078 3601 2117 suum.

2269 2161 2360 2218 55.
2399 2160 2576 2218 Nubes
2633 2166 2757 2215 sunt
2811 2157 2977 2214 sancti
3016 2155 3415 2230 praedicatores.
3456 2184 3528 2195 —
3574 2153 3598 2186 ‘
3629 2149 3816 2208 Nubes

2200 2252 2350 2310 enim
2380 2253 2567 2308 lumen
2596 2264 2846 2322 spargere
2873 2254 2956 2304 est
2977 2245 3360 2320 praedicatores
3379 2249 3600 2300 sanctos
3615 2257 3816 2296 exem-

2200 2347 2292 2420 pla
2319 2345 2447 2401 vitae
2477 2351 2531 2399 et
2557 2339 2836 2414 loquendo
2855 2345 2908 2395 et
2927 2335 3137 2410 agendo
3158 2335 3409 2392 dilatare.
3433 2331 3540 2391 Sed
3560 2329 3816 2420 quamvis

2201 2419 2645 2494 annuntiationis
2668 2431 2880 2487 intimae
2898 2428 3086 2485 lumen
3109 2431 3389 2499 spargant,
3410 2439 3523 2482 non
3541 2429 3727 2478 tamen
3747 2419 3816 2476 ad

2201 2522 2573 2586 convertenda
2619 2521 2869 2578 omnium
2921 2535 3042 2592 quae
3087 2521 3354 2590 appetunt
3399 2510 3566 2571 corda
3610 2527 3816 2585 perve-

2202 2617 2383 2674 niunt.
2416 2615 2553 2672 Nam
2585 2610 2836 2685 sequitur
2869 2627 2882 2666 :

2753 2727 2982 2786 CAPUT
3013 2723 3248 2782 XXXII.

2271 2851 2443 2911 Vnus.
2481 2850 2569 2908 I2.
2599 2880 2670 2892 —
2701 2849 2830 2916 Qua:
2879 2848 3109 2903 lustrant
3155 2847 3338 2899 cuncta
3372 2856 3471 2912 per
3515 2835 3824 2902 circuitum,

2200 2958 2506 3015 quocunque
2533 2956 2620 2994 eas
2640 2937 2884 2993 voluntas
2913 2932 3254 3006 gubernantis
3283 2927 3520 2985 duxerit.

2271 3033 2363 3090 56.
2414 3031 2670 3088 Universa
2714 3029 2968 3091 lustrant,
3017 3025 3126 3080 Deo
3156 3038 3337 3078 eorum
3393 3035 3584 3074 cursus
3619 3015 3825 3088 guber-

2199 3127 2378 3177 nante.
2409 3151 2482 3162 —
2517 3118 2668 3190 Saepe
2712 3116 2860 3172 enim
2892 3113 3278 3187 praedicatores
3322 3109 3500 3166 sancti
3535 3105 3826 3164 exhortari

491 3195 992 3300 suamsuam
1023 3195 1408 3297 praedicatores
1437 3195 1598 3282 ﬁunt.
1657 3225 1797 3282 Gelu
1826 3195 1997 3296 igitur
2049 3221 2107 3279 in
2139 3233 2181 3292 ί]
2217 3210 2482 3285 quosdam
2517 3207 2735 3274 volunt,
2771 3204 3204 3300 sed_nequeunt_.
3239 3202 3390 3272 Saepe
3419 3197 3690 3300 quosdam.
3714 3195 3830 3294 de-

495 3335 636 3392 aqua
663 3318 932 3390 liquatur,
954 3331 1080 3371 cum
1111 3321 1301 3388 torpor
1329 3315 1534 3371 interni
1553 3314 1774 3388 frigoris
1802 3313 1872 3370 ad
1901 3313 2092 3384 irriga-

495 3409 705 3464 tionem
727 3410 873 3470 8'79
905 3405 1141 3462 vertitur
1171 3405 1598 3478 praedicationis.
1637 3405 1724 3462 An
1745 3403 1948 3460 Paulus
1979 3403 2102 3474 gelu

499 3522 611 3563 non
639 3512 778 3575 erat,
809 3505 906 3580 qui
937 3503 1176 3578 acceptis
1220 3505 1470 3576 epistolis
1515 3507 1844 3563 Damascum
1873 3517 2103 3574 pergens

503 3598 644 3670 (Act.
677 3613 757 3666 ιιι,
793 3595 874 3670 2),
907 3595 967 3652 in
993 3593 1157 3652 corde
1187 3593 1438 3652 ﬁdelium
1469 3593 1625 3668 quasi
1652 3593 1713 3650 in
1739 3600 1889 3649 terra
1897 3589 2106 3662 iactata

500 3686 657 3744 verbi
681 3685 782 3744 Dei
809 3685 1044 3755 semina,
1089 3701 1158 3742 ne
1185 3684 1256 3748 ad
1287 3685 1679 3758 perfectionem
1722 3697 1950 3754 operum
1987 3696 2105 3737 sur-

503 3783 711 3850 gerent,
741 3773 1071 3848 restringere
1091 3773 1370 3848 quaerebat
1390 3773 1418 3831 ?
1439 3771 1544 3831 Sed
1562 3771 1686 3844 gelu
1707 3768 1814 3828 hoc
1829 3768 1888 3825 in
1907 3784 2103 3842 aquam

502 3867 688 3936 rediit,
712 3865 844 3940 quia
872 3881 1009 3938 quos
1037 3863 1416 3938 persequendo
1428 3863 1583 3936 prius
1598 3876 1844 3934 premere
1869 3859 2103 3928 studuit,

503 3959 605 4016 hos
652 3955 1005 4031 postmodum
1043 3955 1270 4014 ﬂuentis
1324 3963 1525 4012 sanctae
1575 3950 1980 4009 exhortationis
2024 3949 2106 4005 in-

503 4049 668 4118 fudit;
693 4054 755 4104 ut
783 4054 936 4104 tanto
965 4046 1192 4106 uberior
1219 4046 1522 4104 electorum
1544 4043 1739 4102 messis
1767 4045 2103 4113 exsurgeret,

505 4147 712 4212 quanto
741 4137 888 4196 hanc
935 4136 1114 4194 imber
1161 4135 1262 4194 Dei
1305 4135 1473 4192 etiam
1521 4134 1590 4192 ab
1619 4149 1714 4191 ore
1742 4128 2110 4206 persecutoris

508 4227 780 4302 irrigaret.
819 4225 976 4285 Unde
1003 4235 1060 4284 et
1085 4225 1227 4286 bene
1257 4225 1515 4282 subditur
1547 4241 1559 4280 :

719 4317 950 4376 CAPUT
978 4315 1144 4374 XXX
1177 4314 1318 4390 [νει.
1352 4315 1536 4382 XXII,
1566 4314 1686 4372 Rec.
1719 4309 1901 4384 XIX].

579 4408 748 4466 Vsus.
783 4408 869 4464 11.
899 4437 971 4449 -
999 4408 1348 4464 Frumentum
1379 4403 1645 4460 desiderat
1673 4403 1854 4459 nubes.

579 4499 668 4556 54.
700 4498 871 4556 Electi
898 4497 1226 4570 frumentum
1251 4501 1396 4562 sunt,
1444 4493 1532 4550 cui
1570 4492 1724 4552 Verbi
1753 4491 1924 4549 divini
1949 4490 2116 4546 imber

2210 3301 2417 3360 clinare
2469 3303 2756 3371 appetunt,
2805 3293 2898 3350 sed
2945 3301 3132 3349 tamen
3174 3291 3407 3347 internae
3449 3286 3831 3358 instigationis

2211 3390 2456 3464 impulsu
2485 3385 2767 3444 exhortari
2809 3401 2901 3441 eos
2946 3381 3344 3440 instantissime
3386 3378 3826 3451 compelluntur.

2213 3479 2514 3537 Videamus
2543 3475 2748 3532 nubem
2786 3473 2887 3531 Dei
2916 3470 3194 3547 quomodo
3238 3466 3596 3541 gubernantis
3629 3481 3823 3534 manu,

2213 3579 2268 3628 et
2295 3569 2365 3627 ad
2393 3585 2457 3626 ea
2485 3584 2611 3642 quae
2646 3582 2762 3622 non
2783 3563 3013 3638 appetit,
3037 3561 3281 3630 ducitur,
3302 3568 3464 3634 atque
3491 3558 3560 3614 ab
3580 3556 3832 3630 impulsu

2213 3678 2314 3718 suo
2345 3660 2546 3716 iterum
2570 3654 2928 3731 gubernantis
2947 3667 3118 3709 manu
3138 3650 3426 3706 retinetur.
3447 3646 3604 3705 Certe
3625 3645 3834 3701 Paulus

2214 3769 2341 3809 cum
2370 3749 2701 3806 vestimenta
2729 3761 2827 3802 sua
2855 3742 3145 3800 excutiens
3173 3757 3204 3796 a
3223 3737 3531 3797 Corinthiis
3545 3734 3834 3793 discedere

2215 3843 2402 3911 vellet,
2435 3837 2687 3896 audivit:
2727 3835 2857 3894 Noli
2901 3841 3078 3898 tmere,
3119 3833 3207 3887 sed
3248 3833 3482 3902 loquere,
3529 3833 3578 3884 et
3622 3844 3688 3882 ne
3726 3833 3824 3882 ta-

2216 3949 2352 3997 ceas,
2387 3932 2408 3966 5
2425 3935 2647 4002 propter
2683 3925 2824 3998 quod
2857 3941 2944 3996 ego
2977 3931 3138 3978 tecum
3168 3939 3306 3991 sum,
3336 3927 3385 3976 et
3409 3936 3557 3976 nemo
3586 3934 3834 3991 oppone-

2219 4025 2308 4077 tur
2340 4021 2434 4076 tibi
2459 4025 2516 4074 ut
2544 4023 2726 4074 noceat
2757 4023 2821 4082 te,
2842 4013 3097 4086 quoniam
3117 4014 3316 4068 multus
3335 4017 3412 4068 est
3443 4009 3576 4065 mihi
3593 4007 3837 4080 populus

2217 4115 2274 4170 in
2291 4116 2386 4170 hac
2399 4111 2608 4168 civitate
2621 4109 2770 4182 (Act.
2785 4123 2950 4176 xvm,
2971 4104 3025 4174 9,
3045 4105 3161 4177 10).
3183 4105 3422 4162 Rursum
3438 4117 3567 4159 cum
3578 4097 3646 4156 ad
3662 4099 3837 4156 Thes-

2219 4204 2584 4262 salonicenses
2606 4199 2873 4257 voluisset
2897 4196 2999 4266 ire,
3023 4201 3268 4252 retentus
3289 4201 3391 4262 est,
3419 4191 3607 4249 dicens
3631 4209 3643 4246 :
3669 4191 3692 4226 °
3722 4191 3837 4250 Vo-

2223 4296 2300 4354 lui
2323 4294 2499 4351 venire
2530 4293 2602 4348 ad.
2630 4309 2717 4346 vos
2747 4307 2834 4361 ego
2867 4287 3078 4360 quidem
3114 4287 3342 4350 Paulus,
3379 4289 3426 4338 et
3454 4283 3608 4338 semel
3655 4286 3701 4336 et
3731 4279 3834 4334 ite-

2220 4403 2364 4451 rum,
2405 4384 2493 4439 sed
2524 4380 2796 4454 impedivit
2820 4396 2901 4434 me
2931 4379 3158 4435 Satanas
3187 4377 3251 4446 (Ι
3276 4375 3451 4432 Thess.
3475 4389 3537 4441 ιι,
3568 4370 3682 4443 18.)
3715 4371 3838 4428 Ne-

2222 4491 2327 4549 que
2372 4473 2520 4530 enim
2566 4487 2663 4546 per
2709 4469 3064 4542 semetipsum
3108 4465 3273 4522 Satan
3333 4460 3638 4536 praepedire
3684 4461 3834 4518 tanti

512 4587 852 4646 ηεωεεανίω,
885 4551 957 4630 '_
984 4585 1132 4656 Quid
1159 4551 1312 4644 enim
1359 4551 1521 4641 έιθοιί
1559 4583 1766 4658 quique
1806 4587 1956 4650 sunt,
2004 4577 2115 4636 nisi
2145 4603 2195 4663 D
2231 4563 2465 4639 apostoli
2502 4563 2622 4619 vias
2648 4561 2852 4635 potuit,
2883 4559 2978 4616 sed
3005 4557 3232 4614 occultae
3268 4553 3696 4627 dispensationis
3723 4551 3837 4608 usi-

512 4683 790 4739 frumenta
816 4679 916 4738 Dei
940 4675 1254 4738 cmlestibus
1304 4673 1517 4732 horreis
1567 4671 1912 4731 recondenda
1931 4671 1960 4727 ?
1987 4669 2119 4739 Quae

513 4788 662 4830 nunc
692 4771 752 4828 in
792 4771 1002 4828 tritura
1028 4781 1166 4824 areae
1197 4764 1380 4840 paleas
1407 4764 1667 4834 tolerant,
1719 4763 1851 4838 quia
1899 4761 1959 4818 in
2011 4759 2116 4816 hac

513 4861 838 4937 purgatione
863 4865 1065 4918 sanctae
1091 4855 1357 4914 Ecclesiae
1388 4869 1567 4911 mores
1596 4852 1905 4912 contrarios
1932 4865 2114 4922 repro-

513 4951 712 5009 borum
757 4954 1004 5024 portant,
1049 4947 1070 4982 ³
1101 4961 1389 5019 quousque
1418 4943 1536 5004 haec
1582 4945 1833 5001 internus
1878 4941 2117 5016 agricola

517 5038 830 5098 ventilabro
855 5035 1059 5110 judicii
1089 5035 1337 5105 dirimat,
1366 5043 1420 5093 et
1453 5035 1514 5092 in
1541 5051 1778 5108 superna
1804 5031 2117 5091 habitacula

519 5131 720 5191 electos
738 5146 890 5199 suos,
911 5126 1069 5202 quasi
1089 5124 1295 5184 munda
1308 5125 1423 5200 jam
1445 5143 1613 5201 grana
1627 5126 1954 5200 suscipiens,
1967 5131 2116 5181 aeter-

520 5224 609 5284 nis
635 5223 818 5297 paleas
846 5217 1068 5293 ignibus
1096 5215 1297 5274 tradat.
1329 5216 1484 5276 Unde
1530 5217 1668 5276 bene
1710 5233 1808 5292 per
1851 5217 2118 5273 Joannem

522 5312 728 5371 dicitur
759 5327 773 5368 :
809 5309 979 5383 Cujus
1007 5309 1358 5366 oentilabrum
1384 5308 1442 5365 in
1469 5326 1633 5366 manu
1659 5325 1780 5379 sua,
1801 5313 1852 5364 et
1869 5322 2119 5382 permun-

523 5403 672 5460 dabit
717 5418 902 5460 aream
951 5418 1126 5470 suam,
1153 5406 1202 5458 et
1251 5400 1582 5476 congregabit
1609 5399 1844 5458 triticum
1888 5397 1948 5454 in
2001 5397 2121 5452 hor-

603 5576 620 5610 ¹
654 5575 883 5648 Pratel.,
911 5575 1054 5648 Utic.
1087 5582 1141 5631 et
1164 5575 1334 5648 plu_r.,
1355 5579 1479 5647 post
1504 5589 1625 5628 eum
1649 5570 1816 5627 vadit.

598 5649 623 5686 ³
652 5647 824 5706 Iidem
859 5645 1304 5776 Codices,
1356 5645 1375 5647 ⁷
1821 5645 1828 5650 ’

600 5721 622 5756 ³
653 5720 846 5776 Gilot..
878 5721 1084 5776 Vatic..
1164 5735 1414 5776 ussanv..
1444 5732 1716 5776 quousque
1735 5714 1828 5769 han

600 5721 622 5756 ³
653 5720 846 5792 Gilot.,
878 5711 1414 5792 Vatic.,’Gussanv.,
1444 5732 1716 5792 quousque
1735 5714 1888 5780 hanc,
1915 5727 1992 5768 sc.
2024 5711 2126 5792 Ec-

527 5792 772 5852 clesiam.
829 5782 1171 5851 Vetustiores
1223 5782 1408 5854 Edit.,'
1446 5782 1589 5860 post.
1625 5782 1794 5854 _Mss.,
1823 5782 2128 5860 praesertim

529 5864 760 5935 Turon.,
794 5865 1058 5933 Vindoc.,
1082 5862 1308 5931 Pratel.,
1330 5853 1499 5928 Utic.,
1531 5853 1804 5930 quousque
1819 5853 1946 5924 hac,
1967 5853 2132 5910 nimi-

2231 4654 2356 4724 bus,
2406 4658 2550 4717 880
2588 4650 2722 4708 dum
2754 4649 3096 4716 adversatur,
3124 4645 3373 4702 nesciens
3401 4641 3741 4710 deservivit;
3774 4648 3837 4697 ut

2223 4753 2492 4811 nimirum
2521 4751 2726 4807 Paulus
2755 4749 2888 4805 dum
2927 4747 2995 4804 ad
3033 4746 3171 4804 alios
3205 4745 3375 4802 vellet
3418 4741 3702 4812 accedere,
3734 4757 3837 4797 nec

2224 4844 2453 4909 valeret,
2497 4840 2576 4897 eis
2621 4857 2654 4896 a
2695 4839 2898 4913 quibus
2939 4837 3192 4894 recedere
3240 4851 3352 4891 non
3395 4840 3609 4907 poterat
3655 4831 3838 4904 aptius

2225 4933 2522 5008 prodesset.
2573 4931 2756 4989 Nubes
2802 4929 2972 5002 igitur
3017 4926 3116 4984 Dei
3163 4933 3362 4984 cuncta
3402 4940 3502 4996 per
3536 4921 3836 4980 circuitum

2225 5029 2486 5092 lustrant,
2525 5025 2654 5099 quia
2683 5018 3091 5096 praedicationis
3133 5019 3254 5076 luce
3283 5014 3478 5072 mundi
3514 5013 3656 5070 ﬁnes
3695 5012 3838 5068 illu—

2227 5116 2463 5174 minant.
2495 5113 2598 5172 Sed
2621 5112 2749 5188 quia
2767 5111 2976 5168 divinis
3004 5107 3231 5167 nutibus
3273 5105 3508 5163 subditae
3555 5108 3841 5176 nequeunt

2228 5209 2449 5282 explere
2478 5205 2625 5280 quod
2653 5204 2870 5273 volunt,
2909 5201 2989 5258 ire
3018 5217 3131 5258 non
3171 5205 3425 5274 possunt,
3465 5195 3573 5253 nisi
3607 5210 3720 5269 quo
3749 5207 3838 5248 eas

2228 5279 2872 5371 voluntasigubernantis
2899 5290 3146 5349 duxerit.
3180 5288 3337 5348 Unde
3365 5295 3420 5344 et
3457 5285 3642 5343 adhuc
3696 5279 3840 5340 sub-

2225 5388 2480 5464 jungitur
2512 5404 2524 5445 :

2234 5578 2355 5620 rum
2387 5559 2688 5615 frumenta.

2300 5630 2564 5716 fEadem
2601 5631 2714 5686 fere
2740 5627 2995 5716 leguntur
3023 5625 3186 5716 infra,
3217 5623 3560 5716 ad‘verstlnrrn,
3593 5615 3842 5693 nunquid

2235 5703 2337 5812 sci:
2595 5695 3066 5828 ρξιωοερὲνὶειέὶειέηε
3088 5699 3240 5770 pluo.
3273 5699 3436 5757 Num.
3460 5695 3552 5752 60.

2549 5816 2586 5844 .,
2616 5791 2647 5845 q
2689 5789 2868 5828 omam
2947 5789 3059 5845 cum
3090 5787 3226 5845 sum.
3413 5840 3425 5845 _
3475 5839 3485 5845 _

2312 5851 2334 5884 θ
2362 5813 2644 5915 ξ’
2657 5813 2855 5903 Ρι-αιθιί
2887 5813 2943 5901 et
2968 5813 3063 5900 alii
3090 5813 3309 5911 l‘l'ormq
3339 5839 3622 5896 voluimus.
